4092 6494
316 307 411 363 129

314 431 400 484 sed
430 428 532 483 hoc
561 443 777 499 quoque
809 427 1035 499 impedit
1082 428 1477 482 inniiodeiatio.
1536 425 1674 480 Audi
1724 436 1905 478 autem

314 525 451 580 hunc
479 538 693 595 quoque
725 522 942 578 beatum
989 521 1314 577 scribentem
1344 532 1396 577 et
1423 521 1695 576 dicentem
1728 518 1909 572 Timo-

315 619 466 673 theo:
493 616 701 671 Modico
724 617 841 671 vino
867 627 1005 672 utere
1035 626 1242 687 propter
1269 616 1587 671 stomachum
1609 625 1655 669 et
1678 616 1912 685 frequen-

304 727 377 765 tes
402 721 517 765 tuas
547 710 877 776 inﬁrmitates
904 710 980 781 (1.
1002 708 1134 763 Tim.
1158 710 1212 764 5.
1243 708 1361 775 2'5).

372 803 426 857 2.
472 802 768 870 Pr0pterea
800 802 945 856 enim
976 801 1120 855 Deus
1148 800 1272 855 fecit
1304 808 1486 853 nostra
1512 811 1736 867 corpora
1765 795 1905 865 justa

306 894 613 964 symmetria
639 891 885 961 praidita,
904 901 957 945 et
982 892 1165 961 paucis
1183 891 1388 955 satiari;
1410 888 1532 943 inde
1551 888 1767 957 uosjaui
1786 902 1909 938 eru-

305 986 456 1039 diens
484 1025 499 1049 ,
526 983 671 1054 quod
702 999 801 1037 nos
832 994 987 1053 aptos
1018 983 1204 1037 fecerit
1250 982 1315 1037 ad
1348 982 1573 1036 alteram
1614 980 1798 1033 vitam.
1841 977 1907 1031 Et

304 1078 517 1132 volebat
543 1077 761 1146 quidem
792 1076 937 1131 illam
962 1076 1091 1131 dare
1113 1077 1178 1131 ab
1206 1075 1381 1143 initio,
1405 1075 1498 1130 sed
1528 1075 1782 1145 quoniam
1818 1073 1905 1126 illa

305 1187 400 1226 nos
433 1170 771 1227 reddidimus
797 1169 1068 1241 indignos,
1088 1170 1297 1224 distulit
1328 1188 1341 1222 :
1371 1179 1425 1225 et
1447 1184 1513 1223 eo
1534 1179 1778 1237 tempore
1799 1181 1905 1235 quo

302 1266 527 1330 distulit,
556 1280 662 1318 non
697 1278 797 1317 nos
837 1262 966 1316 sinit
993 1261 1096 1316 frui
1130 1261 1417 1317 immodice
1447 1279 1459 1316 :
1492 1261 1599 1314 vini
1627 1259 1769 1315 enim
1804 1258 1902 1313 lie-

304 1357 443 1410 iniua
477 1364 530 1410 et
558 1370 698 1409 unus
724 1356 877 1424 panis
908 1352 1188 1408 sufﬁciunt
1214 1353 1279 1407 ad
1305 1352 1633 1423 implendum
1661 1361 1902 1405 ventrem

301 1449 553 1504 hominis.
590 1448 658 1501 Et
690 1462 836 1515 eum,
866 1447 957 1517 qui
1006 1448 1057 1501 iu
1086 1447 1262 1501 omnia
1296 1447 1449 1501 bruta
1495 1445 1703 1500 obtinet
1724 1443 1902 1498 domi-

300 1553 479 1595 natum
509 1583 523 1605 ,
561 1538 689 1594 fecit
722 1538 1065 1608 paucioribus
1094 1538 1338 1610 indigere
1367 1554 1526 1607 quam
1564 1538 1649 1591 illa
1672 1580 1687 1603 ,
1723 1537 1902 1591 lialiita

299 1634 669 1702 proportione,
721 1641 773 1686 et
805 1645 1005 1701 corpus
1032 1630 1218 1697 breve,
1263 1632 1397 1685 nihil
1424 1631 1565 1685 aliud
1594 1630 1902 1700 significans

297 1742 454 1793 quam
482 1724 624 1794 quod
658 1723 723 1777 ad
755 1723 918 1778 aliam
951 1722 1114 1776 vitam
1148 1736 1522 1793 properantius.
1555 1721 1767 1785 Nolite,
1818 1721 1898 1775 in.

297 1820 426 1888 quit,
459 1818 705 1871 inebriari
733 1817 870 1878 vina,
898 1816 950 1869 in
982 1832 1081 1885 qua
1106 1826 1178 1870 est
1198 1816 1423 1870 luxuria.
1448 1815 1565 1870 Non
1601 1816 1743 1869 enim
1772 1829 1902 1867 cou-

296 1920 489 1972 servat.
512 1909 607 1963 sed
639 1908 836 1979 perdit,
871 1924 975 1962 non
1010 1909 1183 1962 solum
1212 1923 1429 1977 corpus,
1465 1906 1557 1961 sed
1587 1908 1748 1961 etiam
1785 1907 1903 1959 ani-

297 2018 456 2055 mam.
492 2002 599 2055 Sed
630 2000 919 2071 implemiui
950 1999 1173 2068 Spiritu,
1209 1999 1294 2054 19.
1329 1999 1586 2068 loquentes
1631 1998 1900 2052 vobismet-

302 2094 416 2161 ipsis
442 2095 495 2146 in
539 2093 751 2162 psalmis
780 2101 827 2145 et
854 2091 1069 2145 canticis
1095 2090 1449 2161 spiritualibus
1469 2132 1483 2155 ,
1532 2091 1803 2159 psallentes
1853 2101 1900 2145 et

298 2194 549 2237 cantantes
572 2183 625 2237 in
658 2172 895 2237 cordibus
929 2182 1103 2235 vestris
1132 2180 1375 2247 Domino,
1407 2180 1498 2235 20.
1526 2182 1720 2253 gratias
1744 2198 1900 2254 agen-

294 2286 359 2329 tes
385 2293 584 2347 semper
604 2292 697 2345 pro
736 2276 991 2340 omnibus,
1034 2275 1088 2327 in
1110 2274 1317 2328 nomine
1354 2274 1560 2327 Domini
1585 2276 1746 2328 nostri
1770 2273 1897 2329 Jesu

290 2370 504 2436 Christi,
540 2369 648 2423 Deo
675 2378 720 2423 et
755 2366 899 2422 Patri
926 2385 944 2423 :
972 2367 1061 2422 2t.
1121 2368 1334 2438 subjecti
1376 2368 1588 2422 invicem
1635 2370 1686 2422 in
1718 2370 1898 2422 timore

288 2460 493 2514 Christi.
552 2460 647 2515 Vis
671 2502 684 2525 ,
722 2460 928 2530 inquit,
977 2459 1197 2514 laetari?
1242 2460 1322 2514 vis
1352 2460 1494 2515 diem
1526 2461 1895 2516 consumere?

289 2553 395 2622 Ego
422 2553 494 2606 do
528 2553 622 2607 tibi
665 2561 849 2622 potum
882 2552 1221 2622 spiritualein
1268 2569 1283 2605 :
1315 2552 1553 2607 ebrietas
1582 2554 1726 2607 enim
1756 2553 1894 2608 bene

281 2642 679 2713 signiﬁcantem
710 2644 905 2713 lingua:
925 2653 1126 2697 nostra:
1154 2644 1431 2698 exscindit
1458 2658 1668 2709 vocem,
1694 2654 1751 2698 ut
1783 2646 1895 2699 bal-

279 2733 555 2787 butiamus
586 2734 853 2798 efﬁciens,
885 2734 1183 2804 oculosque
1210 2743 1265 2789 et
1295 2736 1497 2799 omnia,
1524 2746 1580 2789 ut
1619 2737 1783 2790 semel
1806 2736 1890 2791 di-

276 2839 423 2889 cam,
461 2835 807 2895 pervertens.
864 2825 1025 2880 Disce
1056 2826 1289 2895 psallere
1310 2866 1325 2892 ,
1359 2835 1413 2879 et
1452 2826 1660 2880 videbis
1692 2826 1769 2881 rei
1800 2843 1891 2880 vo-

275 2917 541 2987 luptatem
577 2936 589 2969 :
622 2935 742 2973 nam
774 2920 864 2989 qui
916 2919 1175 2989 psallunt,
1210 2920 1505 2988 implentur
1537 2920 1738 2989 Spiritu
1768 2935 1892 2975 san-

272 3019 378 3074 cto,
410 3008 557 3063 sicut
584 3010 673 3079 qui
702 3009 942 3065 sataiiica
963 3018 1166 3064 canunt
1190 3011 1419 3074 cantica,
1440 3011 1630 3081 Spiritu
1655 3012 1892 3065 iinmuu«

272 3101 362 3155 tlo.
392 3101 542 3169 Quid
572 3112 655 3155 est
678 3145 693 3168 ,
746 3103 805 3155 ln
850 3101 1089 3157 cordibus
1118 3108 1297 3158 vestris
1347 3102 1611 3159 Domino?
1641 3103 1753 3159 Iloc
1783 3115 1888 3171 est,

272 3194 557 3262 sapienter
577 3198 816 3249 animum
840 3195 1162 3251 adhibentes
1196 3213 1208 3247 :
1245 3211 1365 3249 nam
1391 3196 1477 3265 qui
1509 3197 1747 3250 animum
1782 3211 1889 3252 non

270 3287 556 3353 adhibent,
592 3298 797 3344 temere
824 3298 1026 3343 canunt
1056 3289 1217 3345 verba
1251 3289 1552 3359 loquentes,
1574 3290 1737 3345 corde
1762 3291 1890 3345 alibi

271 3391 526 3451 vagante.
579 3380 803 3444 Gratias,
842 3382 1036 3451 inquit,
1068 3398 1269 3453 semper
1304 3392 1505 3453 agentes
1541 3400 1632 3451 pro
1659 3383 1891 3439 omnibus

271 3474 321 3524 in
353 3472 571 3525 nomine
610 3472 822 3525 Domini
851 3474 1014 3526 nostri
1056 3472 1184 3527 Jcsu
1226 3472 1435 3539 Christi,
1466 3472 1575 3527 Deo
1621 3485 1669 3527 et
1716 3473 1885 3540 Patri,

269 3565 493 3633 subjecti
545 3564 759 3617 invicem
799 3564 851 3617 in
880 3565 1061 3618 timore
1090 3564 1302 3619 Christi.
1334 3564 1387 3619 Id
1434 3574 1554 3633 est,
1603 3564 1889 3634 petitiones

270 3663 465 3709 vesti-te
486 3669 616 3709 cum
635 3656 925 3725 gratiarum
944 3655 1156 3711 actione
1179 3656 1519 3711 innotescunt
1537 3658 1675 3725 apud
1698 3657 1886 3712 Deum:

270 3743 400 3798 nihil
428 3746 585 3799 enim
615 3760 769 3815 atque
790 3746 954 3799 Deum
986 3747 1167 3802 laetitia
1200 3746 1389 3813 afﬁcit,
1419 3756 1475 3800 ut
1505 3747 1721 3817 quando
1744 3750 1891 3819 quis-

270 3836 411 3905 piam
479 3846 569 3892 est
621 3848 830 3907 gratus.
864 3839 1095 3893 Maxime
1140 3850 1320 3895 autem
1376 3855 1662 3911 possumus
1692 3843 1891 3912 gratias

269 3943 452 3998 agere,
485 3929 829 3985 abducentes
856 3933 1095 3986 animum
1128 3944 1371 3988 nostrum
1400 3935 1468 3987 ab
1496 3934 1559 3987 iis
1587 3951 1707 4004 quae
1739 3937 1890 4005 prius

267 4022 408 4079 dicta
466 4034 626 4090 sunt,
682 4032 740 4079 et
785 4039 908 4080 eum
940 4038 1303 4098 expurgantes
1352 4027 1417 4081 iis
1443 4042 1563 4099 quae
1591 4027 1746 4083 dixit.
1782 4029 1891 4084 Sed

267 4118 591 4188 implemini,
624 4118 818 4188 inquit,
850 4119 1073 4189 Spiritu.
1100 4120 1268 4175 Estne
1295 4120 1396 4174 hoc
1422 4121 1474 4175 in
1504 4131 1686 4177 nostra
1734 4132 1890 4192 pote-

267 4210 458 4265 state?
489 4209 595 4264 Est
624 4220 795 4265 ccrte.
844 4210 1075 4278 Quando
1106 4213 1250 4269 enim
1281 4212 1641 4280 mendacium,
1674 4215 1891 4286 quando

266 4302 635 4358 acerbitatem
666 4311 719 4357 et
751 4304 1164 4360 amarulentiam
1189 4346 1203 4370 ,
1234 4305 1450 4375 quando
1480 4308 1888 4375 scortationem,

270 4397 501 4465 quando
532 4396 950 4465 immunditiam,
974 4398 1193 4468 quando
1221 4399 1501 4454 avaritiam
1521 4414 1551 4452 a
1572 4409 1753 4454 nostra
1775 4401 1892 4455 aui-

271 4504 357 4542 ma
396 4489 779 4559 abegerimiis,
805 4490 1019 4559 quando
1049 4490 1311 4547 fuerimus
1332 4491 1568 4562 benigni,
1589 4492 1895 4548 misericor-

269 4580 390 4645 des,
440 4581 610 4636 nobis
658 4581 787 4653 ipsis
816 4583 1204 4653 gratiﬁcantes,
1239 4584 1456 4654 quando
1504 4600 1610 4640 non
1663 4585 1895 4642 adfuerit

270 4673 613 4738 scurrilitas,
642 4673 861 4745 quando
905 4688 1004 4729 nos
1033 4674 1436 4731 reddiderimus
1480 4676 1709 4747 dignos,
1766 4677 1893 4748 quid

272 4775 358 4821 est
399 4765 553 4837 quod
586 4765 873 4836 prohibeat
913 4782 982 4822 ne
1015 4767 1239 4825 accedat
1290 4777 1346 4824 et
1396 4768 1612 4825 advolet
1660 4768 1897 4839 Spiritus

273 4856 550 4913 sanctus?
580 4856 767 4928 Neque
801 4858 979 4914 solum
1027 4859 1271 4927 accedet,
1304 4860 1401 4916 sed
1444 4862 1606 4916 etiam
1655 4861 1898 4933 implebit

271 4966 369 5004 eor
409 4959 691 5005 nostrum.
725 4950 862 5005 Dum
912 4959 997 5005 est
1024 4960 1206 5007 autem
1237 4952 1568 5008 intrinsecus
1601 4952 1692 5008 tux
1726 4961 1893 5022 tanta,

273 5057 384 5097 non
429 5040 545 5097 crit
565 5041 634 5096 de
660 5051 859 5097 caetero
884 5040 1105 5099 difﬁcile
1120 5058 1180 5099 se
1198 5058 1265 5100 ex
1289 5044 1485 5100 virtute
1502 5054 1647 5100 recte
1674 5060 1865 5116 gerere
1881 5087 1897 5113 ,

276 5136 373 5190 sed
408 5135 579 5191 facile
622 5144 677 5189 et
720 5135 1059 5207 expeditum.
1082 5135 1311 5205 Gratias,
1346 5138 1541 5208 inquit,
1571 5149 1778 5210 agentes
1806 5156 1899 5209 pro

277 5230 544 5283 omnibus.
581 5227 723 5299 Quid
778 5228 950 5300 ergo?
999 5245 1098 5300 pro
1126 5230 1400 5296 omnibus,
1454 5246 1576 5299 qua:
1630 5231 1899 5300 accidunt,

280 5331 510 5393 oportet
558 5322 758 5390 gratias
797 5322 1006 5392 agere?
1062 5322 1223 5377 Certe
1256 5338 1271 5375 :
1304 5323 1512 5378 etiamsi
1558 5323 1628 5378 sit
1659 5324 1899 5390 morbus,

284 5415 505 5468 rtiainsi
543 5422 851 5482 paupertas.
901 5412 958 5471 Si
989 5415 1134 5469 enim
1168 5415 1219 5469 iii
1250 5414 1431 5470 Veteri
1462 5414 1724 5470 suadebat
1750 5417 1900 5485 quis-

286 5505 431 5574 piam
462 5504 696 5574 Sapiens
721 5504 947 5560 dicens:
979 5506 1141 5559 Omne
1170 5505 1305 5576 quod
1333 5505 1420 5561 tibi
1438 5506 1698 5558 inductum
1729 5509 1901 5576 fuerit,

287 5596 530 5656 lubenter
570 5596 745 5665 accipe
778 5611 796 5649 :
825 5605 870 5649 et
900 5596 952 5649 in
985 5596 1346 5651 mutationibus
1390 5597 1758 5649 humiliationis
1807 5606 1909 5650 tute

288 5700 395 5744 esto
414 5691 732 5761 longanimis
752 5689 1089 5761 (Eccli.2.4);
1106 5690 1277 5745 multo
1301 5694 1470 5761 magis
1495 5690 1544 5744 id
1566 5691 1676 5745 fieri
1697 5701 1910 5760 oportet

287 5783 343 5838 in
366 5782 549 5835 Novo.
578 5782 686 5836 Etsi
720 5796 851 5852 ergo
878 5783 1145 5838 rationem
1169 5783 1400 5850 nescias,
1429 5797 1527 5851 age
1546 5783 1742 5852 gratias
1772 5781 1909 5839 :lioc

1204 306 1267 362 IN
1309 306 1523 364 EPiST.
1562 307 1649 361 Al)
1692 305 1929 361 El‘llES.
1970 305 2125 363 CAP.
2162 310 2222 366 ξ’.
2268 312 2497 369 1103111..
2542 316 2682 373 XIX.

3515 327 3620 383 1πο

2020 426 2165 480 enim
2192 440 2274 483 est
2304 446 2489 485 revera
2520 436 2813 501 gratiarum
2842 438 3005 492 actio.
3036 438 3130 493 Siti
3172 448 3353 496 autem
3380 457 3501 497 cum
3543 448 3619 501 sis

2017 517 2296 573 beneﬁciis
2327 522 2552 578 allectus
2575 566 2587 587 ,
2628 527 3023 599 Opiilculusque
3048 540 3100 584 et
3131 532 3391 604 locuples,
3422 550 3621 606 resque

2019 618 2137 663 tuas
2166 611 2302 667 bene
2332 628 2488 683 geras
2508 657 2523 682 ,
2554 628 2607 670 ct
2649 620 2827 673 omnia
2863 621 2956 674 tibi
3010 638 3270 693 prospere
3299 629 3615 698 succedant,

2016 717 2143 771 agas
2168 706 2388 772 gratias,
2410 722 2517 761 nou
2546 718 2628 763 est
2660 727 2911 779 magnum
2944 730 3043 769 nec
3070 716 3447 775 admirandum
3474 739 3487 775 :
3520 738 3609 778 ve-

2016 808 2133 846 rum
2162 796 2303 863 quod
2333 800 2596 865 quatritur
2614 812 2719 865 est,
2757 815 2811 855 ut
2842 805 3045 870 gratias
3073 817 3195 877 agat
3225 811 3315 877 qui
3346 814 3503 868 estin
3539 816 3617 870 af-

2016 884 2345 943 ﬂictionibus
2377 899 2429 942 et
2463 889 2512 943 in
2540 894 2815 946 intestina.
2850 895 2990 949 Nihil
3022 900 3169 953 dicas
3197 913 3322 957 ante
3367 904 3468 959 hoc
3495 923 3616 963 ver-

2016 977 2167 1045 bum,
2200 978 2411 1033 Gratias
2442 996 2543 1051 ago
2575 983 2667 1035 tibi
2688 1026 2703 1049 ,
2747 984 2990 1041 Domine.
3035 990 3096 1043 Et
3123 991 3251 1059 quid
3278 994 3401 1049 dico
3430 1013 3526 1065 pro
3553 1001 3617 1055 iis

2015 1086 2136 1139 qua:
2169 1070 2255 1125 hic
2280 1082 2405 1126 sunt
2429 1074 2850 1130 afflictionibus?
2878 1096 2973 1147 pro
3001 1080 3113 1150 ipsa
3138 1087 3381 1152 gelicuna
3403 1102 3618 1159 oportet

2017 1164 2127 1217 Deo
2155 1179 2313 1233 agere
2334 1170 2558 1235 gratias,
2611 1184 2707 1238 pro
2739 1173 2911 1239 pomis
2946 1183 3000 1227 et
3028 1180 3305 1245 suppliciis
3336 1197 3456 1251 qua:
3486 1196 3615 1240 sunt

2015 1255 2124 1311 illic
2165 1272 2266 1312 :ca
2293 1260 2436 1313 enim
2468 1275 2558 1315 res
2603 1277 2700 1315 nos
2730 1263 2886 1318 valde
2915 1264 3063 1333 juvat
3100 1270 3188 1337 qui
3237 1272 3621 1331 aniuiadvcrti-
3641 1300 3653 1311 -

2014 1366 2133 1405 mus
2166 1367 2179 1404 :
2214 1367 2310 1421 pro
2334 1352 2486 1407 freno
2525 1365 2701 1408 luctus
2725 1358 2988 1424 gelieunzli
3022 1360 3326 1429 iiiipnnatur
3362 1367 3616 1424 cordibus

2013 1443 2237 1499 nostris.
2261 1442 2338 1497 Ne
2358 1460 2487 1515 ergo
2517 1455 2719 1499 tantum
2749 1464 2844 1517 pro
2869 1450 3170 1506 manifestis
3192 1455 3487 1523 beneﬁciis,
3517 1462 3612 1515 sed

2012 1534 2171 1588 etiam
2204 1550 2300 1603 pro
2345 1536 2409 1589 iis
2441 1553 2559 1607 qua:
2590 1556 2693 1593 non
2725 1552 2846 1594 sunt
2881 1544 3197 1611 iuauifeSta,
3229 1558 3283 1601 et
3310 1549 3506 1617 quibus
3530 1554 3614 1607 vel

2011 1628 2161 1682 inviti
2186 1628 2472 1695 at'ﬁcimur,
2494 1646 2718 1700 agamus
2737 1636 2937 1702 gratias
2964 1655 2976 1688 :
3008 1637 3190 1691 multis
3214 1640 3357 1693 ciiiui
3386 1656 3484 1697 nos
3516 1660 3615 1697 nu-

2011 1720 2184 1775 leiites
2206 1730 2260 1775 et
2290 1723 2597 1777 nescientes
2630 1724 2907 1780 beneﬁciis
2937 1726 3122 1782 afficit.
3176 1730 3232 1783 Si
3278 1744 3456 1787 autem
3506 1753 3611 1792 non

2009 1813 2252 1879 creditis,
2278 1814 2389 1883 jam
2415 1815 2565 1869 vobis
2597 1831 2709 1870 rem
2740 1818 2916 1886 palam
2949 1820 3161 1875 faciam.
3208 1822 3391 1894 Cogita
3415 1828 3558 1882 enim
3595 1847 3610 1883 :

2009 1906 2253 1961 scelerati
2277 1916 2331 1961 et
2360 1906 2622 1962 increduli
2658 1908 2855 1974 Grazci,
2882 1926 3062 1967 nonne
3087 1914 3187 1968 Soli
3208 1917 3388 1972 omnia
3412 1921 3613 1975 adscri-

2010 1998 2139 2053 liuut
2165 2009 2219 2053 et
2267 2001 2379 2055 suis
2408 2000 2610 2055 idolis?
2641 2003 2779 2068 Quid
2827 2006 2995 2058 vero?
3046 2023 3225 2063 annon
3259 2026 3355 2066 eos
3400 2028 3612 2085 quoque

2008 2090 2273 2145 beneﬁcio
2304 2092 2512 2147 afﬁcit?
2538 2109 2718 2148 annon
2747 2106 2831 2150 est
2881 2097 3027 2151 illius
3068 2102 3423 2168 providentur:
3464 2111 3609 2178 quod

2008 2183 2109 2253 ipsi
2142 2184 2321 2238 vivant
2353 2194 2408 2239 et
2440 2185 2545 2239 sint
2574 2187 2715 2252 sani,
2762 2199 2812 2242 et
2848 2188 3051 2245 liberos
3080 2207 3386 2263 procreent,
3414 2210 3468 2253 et
3494 2217 3612 2271 qua:

2006 2287 2134 2329 sunt
2165 2275 2502 2344 hujusuiodi?
2534 2278 2671 2343 Quid
2702 2295 2830 2334 vero
2858 2281 3258 2340 Marciuuistze?
3288 2290 3416 2358 quid
3444 2292 3611 2347 Mani-

2004 2366 2181 2422 elia'i?
2208 2383 2388 2423 nonne
2412 2369 2561 2424 illum
2587 2370 2934 2441 hlasplieiniis
2961 2380 3258 2446 appetunt?
3285 2382 3423 2449 Quid
3451 2389 3608 2456 ergo?

2004 2477 2187 2516 nonne
2208 2477 2302 2517 eos
2324 2463 2564 2533 quotidie
2595 2464 2860 2520 beneﬁcio
2892 2468 3099 2523 afﬁcit?
3128 2472 3280 2539 Quod
3317 2476 3361 2530 si
3394 2480 3609 2534 nescius

2003 2553 2248 2623 quotidie
2275 2554 2545 2608 beneficio
2569 2556 2758 2623 afficit,
2794 2558 2963 2612 multo
2994 2563 3164 2631 magis
3198 2580 3318 2619 nos.
3350 2568 3502 2634 Quod
3523 2584 3609 2625 est

2003 2648 2147 2702 enim
2179 2647 2324 2700 aliud
2362 2647 2453 2702 Dei
2482 2664 2615 2717 Opus
2639 2665 2798 2718 quam
2831 2650 2957 2717 hoc,
2992 2670 3186 2722 nempe
3215 2657 3490 2715 hominum
3519 2681 3613 2732 εει.

2004 2754 2106 2791 nus
2131 2736 2353 2792 afﬁcere
2376 2738 2639 2793 beneﬁcio
2660 2779 2676 2805 ,
2707 2749 2761 2795 et
2782 2756 2879 2811 per
2902 2745 3164 2813 supplicia
3192 2759 3242 2803 et
3276 2767 3371 2819 per
3396 2769 3578 2809 recrea
3595 2790 3609 2799 -

2001 2828 2243 2883 tionem?

2074 2918 2268 2973 Gratia:
2288 2918 2397 2974 Deo
2419 2921 2629 2990 agenda:
2654 2922 2805 2976 etiam
2833 2924 2884 2978 in
2912 2927 3157 2982 adversis.
3184 2962 3255 2971 —-
3275 2932 3391 2988 Non
3424 2939 3598 2995 solum

2001 3028 2131 3084 ergo
2158 3028 2380 3083 agamus
2407 3016 2630 3084 gratias,
2664 3015 2790 3070 dum
2836 3029 2963 3072 sunt
2996 3021 3153 3076 nobis
3190 3040 3278 3079 res
3307 3032 3559 3084 secundm
3592 3054 3603 3087 :

2000 3120 2107 3160 non
2134 3115 2217 3161 est
2246 3107 2389 3160 enini
2421 3107 2521 3161 hoc
2550 3124 2822 3179 magnum.
2859 3111 2923 3165 Et
2974 3112 3077 3168 hoc
3125 3121 3272 3172 novit
3316 3120 3562 3178 diabolus
3590 3140 3625 3189 ξ·

2000 3197 2232 3266 ideoque
2266 3198 2473 3254 dicebat
2510 3216 2524 3252 :
2558 3199 2701 3253 Num
2724 3200 2825 3254 Job
2866 3205 3026 3273 gratis
3048 3206 3169 3259 colit
3196 3207 3359 3263 Deum
3382 3214 3407 3265 ?
3441 3232 3609 3271 uouue

1998 3290 2399 3344 circumvallasti
2420 3308 2535 3360 qua:
2558 3302 2678 3345 sunt
2706 3295 2817 3364 ejus
2844 3296 2999 3360 intus,
3031 3308 3078 3351 et
3103 3316 3217 3369 qua:
3243 3303 3371 3369 [oris
3394 3306 3420 3359 Ρ
3447 3309 3607 3378 Aufer

1999 3397 2173 3434 omnes
2200 3383 2313 3451 ejus
2353 3384 2663 3451 facultates,
2717 3398 2850 3439 certe
2897 3388 2948 3441 in
2994 3390 3176 3458 [aciem
3230 3394 3319 3447 tibi
3350 3395 3605 3453 benediret

2000 3470 2147 3541 (Job
2182 3473 2232 3526 I.
2267 3473 2316 3527 9.
2353 3475 2465 3541 10).
2499 3474 2603 3529 Sed
2647 3476 2913 3531 set-lerato
2944 3480 3015 3532 illi
3070 3482 3201 3536 nihil
3247 3499 3311 3539 ex
3360 3501 3426 3541 eo
3468 3488 3603 3546 lucri

1998 3563 2247 3628 accessit,
2277 3573 2331 3617 et
2360 3564 2497 3618 absit
2528 3574 2582 3618 ut
2611 3565 2679 3620 de
2702 3568 2854 3620 nobis
2884 3570 2931 3621 ei
2968 3570 3098 3625 lucri
3128 3573 3329 3649 aliquid
3352 3580 3596 3635 accedat.

2000 3655 2107 3710 Sed
2136 3665 2188 3710 et
2226 3657 2445 3725 quando
2487 3657 2746 3713 fuerimus
2788 3659 2839 3715 in
2889 3674 3237 3732 paupertate,
3290 3672 3506 3737 quando
3550 3676 3602 3729 in

2001 3748 2204 3803 morbis
2225 3760 2278 3803 et
2310 3750 2359 3803 iii
2391 3751 2675 3812 molestiis,
2711 3763 2837 3806 tunc
2869 3754 3126 3822 majorem
3151 3774 3373 3827 agamus
3400 3766 3603 3833 gratia-

2002 3855 2123 3893 rum
2157 3840 2428 3894 actionem
2466 3859 2476 3892 :
2511 3842 2828 3909 gratiarum,
2864 3843 3120 3913 inquam,
3168 3850 3456 3917 actionem,
3499 3871 3607 3910 nou

2001 3931 2203 3996 verbis,
2247 3947 2422 4001 neque
2452 3932 2652 4001 lingua,
2688 3933 2781 3988 sed
2816 3935 2977 3991 rebus
3002 3948 3054 3990 et
3086 3938 3263 4007 factis,
3305 3953 3360 3997 et
3406 3947 3610 4015 cogita-

2002 4022 2149 4078 tione
2177 4030 2235 4077 et
2258 4024 2443 4078 corde.
2475 4024 2605 4078 Tota
2634 4026 2812 4079 anima
2844 4027 2894 4081 ei
2922 4042 3144 4097 agamus
3169 4034 3388 4103 gratias.
3440 4037 3606 4109 Magis

2000 4114 2145 4169 enim
2177 4129 2275 4168 nos
2305 4115 2480 4185 diligit
2507 4131 2666 4186 quam
2699 4118 2791 4187 qui
2825 4134 2924 4173 nos
2954 4135 3296 4189 genuerunt;
3345 4136 3401 4181 et
3440 4146 3608 4200 quan.

2003 4214 2113 4261 tum
2149 4207 2374 4261 interest
2402 4208 2547 4261 inter
2577 4210 2895 4277 pravitatem
2923 4222 2977 4265 et
3007 4212 3321 4284 bonitatem,
3352 4227 3495 4274 tanta
3525 4235 3604 4279 cst

2000 4298 2301 4353 differentia
2329 4300 2638 4356 dilectionis
2668 4301 2765 4357 Dei
2793 4317 2824 4356 a
2844 4301 3136 4361 dilectione
3159 4318 3368 4377 patrum
3393 4325 3608 4370 nostro.

2001 4405 2144 4444 rum.

2075 4485 2127 4539 5.
2169 4482 2354 4554 Neque
2380 4483 2495 4539 hzrc
2520 4484 2688 4540 verba
2716 4495 2841 4541 sunt
2867 4502 3007 4549 mea,
3038 4490 3130 4544 sed
3172 4490 3338 4561 ipsius
3366 4494 3564 4553 Christi
3593 4542 3607 4565 ,

2001 4577 2213 4646 quinos
2234 4576 2405 4645 diligit
2430 4594 2445 4632 :
2474 4576 2599 4632 audi
2622 4594 2744 4633 cuin
2770 4578 3063 4648 dicentem,
3095 4582 3223 4648 Quis
3252 4600 3314 4638 ea:
3344 4588 3482 4642 vobis
3511 4590 3605 4643 ho—

2003 4684 2109 4735 mo,
2135 4669 2222 4737 qui
2251 4670 2296 4722 si
2320 4670 2460 4738 ﬁlius
2490 4668 2553 4722 ab
2575 4686 2633 4724 eo
2660 4671 2860 4741 petierit
2891 4688 3095 4743 panem,
3120 4690 3241 4727 num
3271 4674 3494 4745 lapidem
3518 4682 3612 4733 da.

2005 4761 2074 4814 bit
2100 4762 2191 4813 ei?
2218 4761 2279 4815 Si
2305 4773 2474 4814 autent
2498 4778 2585 4815 vos
2611 4778 2726 4815 cum
2768 4763 2878 4817 sitis
2925 4765 3049 4817 moli
3074 4806 3087 4823 ,
3131 4766 3270 4820 scitis
3318 4768 3448 4821 bona
3486 4772 3610 4825 data

2005 4855 2129 4907 dare
2157 4854 2279 4922 ﬁliis
2304 4854 2478 4908 vestris
2509 4868 2527 4909 .'
2552 4862 2740 4921 quanto
2771 4855 2933 4923 magis
2956 4853 3114 4908 Pater
3152 4865 3317 4910 vester
3340 4859 3428 4928 qui
3455 4870 3529 4913 est
3554 4862 3608 4915 in

2006 4945 2145 5000 cwlis
2188 4944 2321 4998 bona
2376 4944 2514 4998 dabit
2556 4944 2619 4997 iis
2666 4946 2752 5014 qui
2798 4946 2862 4997 ab
2906 4945 3017 5009 ipso
3048 4954 3221 5012 petunt
3275 4946 3499 5019 (Matth.
3554 4952 3609 5009 7.

2010 5037 2096 5092 10.
2130 5037 2263 5106 It)?
2321 5046 2377 5091 et
2434 5051 2624 5090 rursus
2671 5036 2834 5101 alibi,
2890 5034 3029 5088 Num
3073 5034 3392 5091 obliviscetur
3429 5043 3614 5098 mulier

2008 5128 2237 5182 misereri
2256 5127 2486 5197 ﬁliorum
2518 5127 2647 5179 uteri
2674 5128 2753 5179 sui
2776 5124 2802 5178 ?
2833 5124 2896 5180 Si
2939 5137 3110 5180 autent
3146 5143 3321 5181 eorum
3349 5129 3615 5187 oblivisca-

2014 5232 2098 5276 tur
2129 5222 2330 5284 mulicr,
2382 5237 2476 5290 ego
2516 5230 2682 5272 tamen
2713 5220 2788 5272 tui
2834 5235 2934 5272 non
2986 5220 3276 5287 obliviscar,
3332 5223 3454 5276 dicit
3506 5223 3617 5278 Do-

2011 5318 2179 5370 minus
2209 5314 2362 5387 (Isai.
2396 5315 2487 5369 t9.
2524 5315 2633 5384 15).
2662 5313 2795 5370 Nam
2824 5314 2867 5368 si
2899 5330 3007 5367 non
3054 5316 3254 5383 diiigit,
3283 5332 3380 5370 cur
3404 5331 3505 5372 nos
3542 5320 3620 5373 fe-

2012 5409 2122 5462 cit?
2152 5424 2277 5462 num
2302 5407 2399 5461 fuit
2424 5408 2470 5460 ei
2500 5405 2764 5463 necesse?
2794 5422 2920 5459 num
2949 5406 3150 5476 aliquid
3178 5407 3403 5463 facimus
3428 5425 3534 5479 quo
3564 5412 3620 5466 ei

2014 5503 2086 5558 sit
2112 5518 2270 5573 opus,
2301 5512 2353 5556 et
2383 5502 2430 5557 ei
2462 5500 2736 5570 fungimur
2760 5500 3105 5554 ministerio?
3137 5516 3265 5555 num
3294 5501 3475 5570 aliquo
3500 5514 3621 5574 eget

2016 5611 2082 5650 ex
2111 5595 2352 5650 nostris?
2383 5593 2517 5649 Audi
2552 5593 2866 5663 prophetam
2889 5591 3160 5646 dicentem
3185 5610 3198 5647 :
3224 5592 3348 5647 Dixi
3376 5595 3621 5669 Domino,

2018 5685 2159 5739 Deus
2180 5702 2320 5739 meus
2345 5702 2396 5739 es
2436 5695 2510 5751 tu,
2553 5686 2795 5756 quoniam
2846 5684 3092 5738 bonorum
3120 5702 3349 5740 meorum
3380 5703 3480 5741 non
3508 5706 3622 5757 rges

2018 5780 2194 5851 (Psal.
2232 5780 2320 5836 15.
2348 5779 2426 5850 ‘2).
2457 5780 2561 5835 Sed
2588 5780 2773 5836 dicunt
2802 5779 2994 5850 ingrati
3023 5788 3077 5836 et
3106 5781 3253 5837 nullo
3277 5797 3441 5839 sensu
3485 5800 3621 5851 pino-
