4092 6506
458 323 546 376 151
1224 327 1283 383 S.
1324 325 1601 383 JOANNIS
1635 320 2103 380 CHRYSOSTOMI
2141 322 2458 383 ARCHIEP.
2498 330 3030 392 (IONSTANTINOP.

457 438 581 505 diti,
608 436 804 495 “mene
830 451 961 497 sunt
989 440 1396 507 Deibonitatis,
1429 451 1485 494 ιιι
1527 441 1597 494 sit
1626 438 1877 493 omnibus
1908 438 2048 507 pari-

461 536 541 579 tas
570 526 831 581 honoris?
862 529 953 584 Dic
983 529 1135 595 mihi,
1167 530 1328 585 homo
1367 531 1596 599 ingrate,
1632 543 1877 600 quamam
1916 528 2050 583 dicis

464 633 569 672 non
600 634 723 674 esse
771 621 861 676 Dei
906 622 1179 689 bonitatis,
1226 632 1280 678 et
1316 637 1603 693 quatnnam
1653 623 1789 678 dicis
1832 622 2050 678 honoris

464 710 826 778 aequalitatem
845 712 871 766 ἲ
897 710 993 766 llic
1018 725 1048 765 a
1073 727 1240 782 puero
1270 714 1490 768 mutilus
1517 723 1620 779 est,
1649 715 1787 769 alios
1830 713 2047 780 insanit,

463 811 517 852 et
546 810 767 854 vexatur
791 813 821 855 a
849 801 1131 867 daemone;
1163 803 1299 857 alios
1338 804 1426 874 qui
1473 804 1539 857 ad
1572 813 1865 859 extremam
1905 804 2052 858 venit

463 898 832 957 senectutem,
890 901 1055 946 totam
1104 894 1265 947 vitam
1315 895 1575 965 transegit
1623 895 1674 948 in
1715 902 2046 964 paupertate,

459 980 598 1034 alius
625 981 678 1036 in
710 982 914 1036 morbis
938 983 1272 1052 gravissimis
1306 1002 1320 1041 :
1351 984 1537 1041 hazcne
1563 991 1688 1040 sunt
1732 999 1895 1054 opera
1927 998 2050 1053 pro-

461 1072 710 1126 videmiae
733 1075 759 1127 .’
787 1074 883 1128 llic
909 1074 1124 1144 quidem
1151 1084 1234 1130 est
1262 1076 1459 1130 surdus
1486 1117 1503 1144 ,
1545 1076 1635 1131 ille
1678 1090 1805 1130 vero
1832 1081 2047 1142 mutus;

461 1160 548 1215 hic
574 1172 658 1217 est
687 1178 907 1233 pauper,
933 1166 1073 1220 alius
1112 1180 1241 1220 vero
1267 1167 1561 1221 sceleratus
1610 1175 1771 1236 atque
1814 1167 2049 1220 scelera—

457 1252 701 1306 tissimus
724 1264 778 1306 et
809 1254 993 1322 plenus
1024 1256 1177 1310 malis
1205 1257 1530 1335 innumeris,
1570 1255 1768 1311 fruitur
1810 1256 2050 1326 pecuniis

458 1354 512 1398 et
543 1346 638 1398 alit
672 1348 982 1401 meretrices
1008 1360 1062 1401 et
1093 1348 1375 1416 parasitos,
1420 1349 1814 1420 praeclarasque
1842 1352 1898 1402 et
1936 1363 2049 1401 ma-

457 1438 681 1505 gniﬁcas
708 1438 852 1493 mdes
874 1441 1136 1510 possidet,
1167 1453 1218 1496 et
1244 1443 1405 1496 vitam
1429 1442 1536 1511 agit
1562 1442 1795 1511 quietam
1822 1451 1876 1495 et
1900 1442 2047 1496 omni

460 1529 674 1598 negotio
706 1545 943 1585 vacuam.
979 1530 1248 1602 Multaque
1297 1533 1562 1601 ejusmodi
1592 1532 1882 1602 colligunt,
1933 1534 2049 1586 Ion.

457 1633 575 1687 gam
606 1630 958 1675 contexentes
984 1623 1287 1677 orationem
1334 1623 1593 1676 adversus
1637 1622 1730 1678 Dei
1765 1621 2049 1692 providam

460 1710 608 1766 tiam.
640 1710 776 1779 Quid
803 1711 972 1783 ergo?
1003 1713 1217 1769 nullane
1238 1723 1322 1768 est
1352 1712 1730 1783 providentia?
1759 1712 1883 1784 quid
1919 1727 2047 1783 ergo

456 1800 700 1856 dicemus
730 1802 796 1857 ad
824 1802 982 1858 illos?
1015 1800 1072 1860 Si
1096 1812 1282 1860 essent
1319 1804 1537 1875 quidem
1564 1802 1759 1870 Graeci,
1811 1812 1867 1858 et
1903 1803 2048 1858 dice-

458 1905 578 1947 reut
609 1894 764 1948 nobis
802 1896 1058 1950 mundum
1103 1896 1172 1951 ab
1199 1897 1380 1965 aliquo
1421 1896 1784 1952 administrari
1814 1913 1826 1949 :
1861 1912 2046 1952 rursus

458 1998 557 2038 nos
584 2000 796 2055 quoque
821 1984 1015 2042 eadem
1052 1975 1133 2042 eis
1159 1986 1465 2044 diceremus
1491 2005 1507 2043 :
1551 1987 1691 2055 Quid
1719 2002 1871 2059 ergo,
1905 1990 2045 2043 nulla

456 2086 541 2130 est
570 2077 951 2145 providentia?
975 2079 1248 2150 quomodo
1275 2094 1406 2152 ergo
1431 2096 1529 2136 vos
1556 2081 1687 2138 deos
1713 2082 1907 2149 colitis,
1937 2082 2046 2137 dae-

458 2181 647 2222 mones
669 2177 723 2221 et
752 2167 949 2223 heroas
974 2170 1212 2227 adoratis
1228 2170 1254 2224 ι
1284 2186 1404 2225 nam
1432 2172 1477 2226 si
1499 2180 1583 2227 est
1601 2173 1958 2242 providentia,
1982 2188 2045 2235 ea

456 2258 697 2310 omnium
717 2272 901 2312 curam
928 2259 1086 2329 gerit.
1117 2260 1174 2315 Si
1213 2261 1321 2316 sint
1358 2256 1521 2333 aliqui
1550 2264 1638 2333 qui
1678 2278 1821 2334 a‘gre
1871 2258 2047 2319 ferant

456 2346 743 2402 Christiani
774 2351 857 2403 vel
883 2351 1044 2405 etiam
1070 2351 1265 2420 διεροῦ,
1289 2362 1345 2410 et
1371 2354 1461 2424 qui
1489 2353 1782 2421 labascunt,
1814 2355 1940 2426 quid
1966 2355 2047 2411 eis

458 2436 737 2492 dicemus?
768 2438 1510 2512 Tammultane,dic,qumso,
1535 2459 1662 2499 casu
1684 2445 1819 2504 facta
1845 2444 2047 2503 fuerint

458 2525 635 2581 bona?
659 2528 746 2583 lux
772 2530 1104 2597 quotidiana,
1131 2531 1268 2594 bene
1293 2533 1587 2613 dispositus
1618 2535 1753 2590 ordo
1780 2536 1832 2590 in
1860 2537 2042 2604 rebus,

456 2625 721 2672 astrorum
745 2617 969 2687 chorea,
998 2620 1209 2681 dierum
1241 2633 1295 2676 et
1321 2625 1557 2679 noctium
1588 2640 1780 2683 cursus
1801 2642 1866 2681 ex
1889 2642 2045 2697 aequo

455 2707 779 2772 consistens,
806 2719 1010 2765 natura:
1025 2714 1408 2783 consequentia
1429 2716 1552 2770 etin
1577 2716 1769 2784 plantis
1782 2726 1838 2771 et
1854 2718 1906 2774 in
1927 2718 2045 2772 ani-

459 2797 685 2853 malibus
714 2809 771 2853 et
810 2800 860 2853 in
893 2802 1241 2857 hominibus?
1285 2805 1414 2870 Quis
1441 2815 1547 2871 est,
1576 2807 1875 2877 dic,qu:eso
1894 2849 1909 2873 ,
1950 2809 2041 2879 qui

459 2887 573 2942 haec
614 2889 995 2953 administrat?
1025 2894 1080 2947 Si
1115 2895 1292 2950 nullus
1315 2905 1395 2951 est
1427 2897 1515 2966 qui
1547 2899 1748 2966 praesit,
1778 2899 1886 2961 sed
1913 2914 2042 2953 casu

454 2988 704 3033 constant
734 2983 910 3035 omnia
936 2998 952 3047 ;
983 2987 1101 3052 quis
1129 2985 1270 3040 hunc
1298 2995 1404 3040 tam
1452 2988 1756 3057 pulchrum,
1791 3000 1899 3044 tam
1929 3004 2042 3045 ma-

454 3086 616 3142 guum
646 3072 920 3141 fornicem,
946 3091 1136 3146 nempe
1160 3078 1371 3146 cadum,
1414 3082 1839 3143 circumductum
1879 3098 2043 3154 super

455 3172 672 3226 terram,
687 3166 953 3236 etiamque
967 3183 1127 3237 super
1140 3184 1305 3239 aquas
1319 3172 1546 3226 statuit?
1561 3174 1679 3242 quis
1690 3174 1781 3227 dat
1799 3186 1902 3229 tem
1911 3190 2038 3244 pora

453 3253 655 3317 ferendi
686 3255 1063 3328 fructusiquis
1090 3268 1286 3317 tantam
1313 3261 1417 3315 vim
1448 3264 1626 3331 posuit
1651 3268 1702 3317 in
1745 3267 2041 3323 seminibus

453 3355 506 3402 et
529 3347 753 3413 plantis?
769 3346 901 3401 Nam
924 3348 1068 3418 quod
1090 3347 1149 3403 ﬁt
1169 3366 1317 3415 casu,
1346 3360 1432 3407 est
1459 3354 1614 3422 plane
1640 3355 1994 3414 inordinatum
2020 3376 2035 3414 :

453 3438 594 3505 quod
626 3448 802 3492 autent
830 3448 914 3494 est
935 3440 1073 3497 bene
1098 3442 1425 3515 ordinatum,
1450 3446 1509 3508 lit
1540 3457 1675 3501 arte.
1710 3450 1843 3514 Quid
1870 3453 2035 3520 enim,

449 3529 784 3598 dit-,qua-so?
810 3547 872 3585 ea
901 3548 1021 3600 quae
1047 3534 1188 3603 apud
1220 3551 1318 3599 nos
1338 3551 1467 3593 casu
1496 3540 1647 3605 fiunt,
1671 3555 1847 3600 nonne
1873 3545 2035 3599 multa

452 3619 607 3687 plena
638 3631 766 3674 sunt
786 3623 1118 3690 confusione,
1149 3628 1426 3709 multoque
1465 3631 1692 3695 tumultu
1722 3640 1778 3687 et
1823 3645 2036 3704 pertur-

450 3710 707 3769 batione?
733 3711 843 3768 Nec
868 3712 989 3769 dico
1018 3717 1189 3773 solum
1215 3733 1362 3784 casu,
1386 3719 1480 3781 sed
1503 3722 1665 3777 etiam
1688 3723 1914 3780 faciente
1936 3726 2036 3781 ali-

447 3817 577 3880 quo,
610 3817 795 3856 verum
838 3804 1065 3861 faciente
1093 3808 1213 3863 sine
1233 3819 1370 3865 arte.
1413 3811 1655 3884 Exempli
1679 3828 1840 3869 causa
1870 3833 1884 3868 :
1930 3817 2040 3875 sint

448 3893 587 3960 ligna
615 3904 668 3947 et
693 3895 917 3963 lapides,
944 3906 997 3951 et
1023 3900 1095 3953 sit
1115 3901 1255 3965 calx,
1281 3913 1340 3957 et
1373 3903 1439 3962 iis
1462 3908 1695 3975 acceptis
1724 3906 1886 3963 homo
1905 3909 2033 3963 :L‘tli-

449 3984 639 4039 licandi
654 3984 932 4055 imperitus
941 3991 1165 4048 aediﬁcet
1178 4002 1234 4047 et
1244 4004 1519 4064 operetur:
1536 4012 1713 4060 annon
1726 4000 1902 4054 omnia
1919 4016 2039 4069 per.-

446 4073 526 4134 dit
540 4085 593 4129 et
613 4079 928 4151 corrumpit?
944 4080 1170 4147 Rursus,
1186 4085 1255 4138 sit
1272 4087 1423 4142 navis
1437 4088 2034 4169 absquedgubernatore,

446 4181 564 4232 qua:
598 4169 773 4221 omnia
794 4168 987 4225 habeat
1025 4186 1143 4242 qua:
1160 4185 1369 4244 Oportet
1394 4177 1592 4236 habere
1620 4168 1813 4235 navem
1841 4192 2038 4253 prteter

442 4254 876 4330 gubernatorem.
896 4277 999 4317 non
1021 4264 1141 4319 dico
1160 4281 1264 4320 non
1284 4268 1560 4337 instructa,
1578 4272 1671 4326 sed
1694 4289 1762 4329 nc
1779 4275 2033 4333 instructa

445 4346 660 4416 quidem
683 4351 877 4419 poterit
905 4355 1189 4425 navigare?
1214 4355 1283 4411 Et
1299 4367 1439 4418 terra
1459 4375 1579 4430 qute
1600 4371 1683 4418 est
1700 4373 1863 4431 tanta,
1887 4379 2037 4425 stans

445 4453 607 4508 super
632 4454 847 4510 aquam,
869 4442 1072 4513 absque
1098 4445 1276 4515 aliqua
1304 4462 1429 4517 quae
1450 4456 1721 4509 contineat
1748 4465 2030 4525 potestate,

445 4536 595 4591 tanto
619 4541 858 4607 tempore
872 4545 978 4589 stat
1000 4535 1187 4591 firma?
1210 4538 1445 4595 haeccine
1464 4542 1624 4605 ullam
1655 4546 1852 4603 habent
1870 4551 2036 4606 ratio-

445 4620 603 4683 nem?
618 4629 667 4675 et
687 4622 801 4677 luet:
823 4625 1058 4694 cogitare
1084 4642 1261 4687 nonne
1283 4639 1365 4684 est
1384 4633 1604 4693 omnino
1629 4638 1944 4696 ridiculum?
1967 4642 2034 4698 Et

443 4710 487 4766 si
508 4726 641 4780 aqua
660 4713 819 4769 etiam
839 4715 941 4772 fert
960 4718 1172 4785 cadum,
1184 4733 1312 4776 ecce
1331 4722 1475 4779 aliud
1491 4742 1628 4787 onus
1648 4746 1661 4785 :
1681 4732 1724 4785 si
1745 4743 1922 4789 autem
1934 4750 2034 4791 caa-

447 4802 556 4856 lum
583 4818 796 4875 quoque
823 4804 1026 4863 feratur
1050 4809 1102 4862 in
1133 4825 1291 4883 aqua,
1322 4827 1508 4871 rursus
1534 4819 1636 4874 alia
1667 4826 1907 4890 quaestio.
1924 4824 2029 4885 Sed

445 4901 611 4948 totum
634 4911 767 4965 Opus
795 4910 874 4955 est
907 4901 1274 4969 providentiam
1305 4901 1434 4961 Nam
1462 4925 1580 4980 qua-
1608 4912 1847 4971 feruntur
1869 4934 2031 4991 super

444 4999 638 5054 aquas,
667 5002 775 5042 non
797 5000 1008 5058 Oportet
1023 5007 1142 5047 esse
1163 4994 1402 5061 incurva,
1427 5000 1519 5057 sed
1540 5017 1795 5061 concava.
1820 5008 2028 5077 Quare?

440 5073 699 5139 Quoniam
732 5093 928 5147 corpus
965 5081 1182 5150 quidem
1215 5091 1440 5143 concavi
1488 5100 1654 5147 totum
1697 5073 2028 5172 immergitur

444 5165 498 5217 in
528 5169 681 5235 aquis
705 5179 971 5237 antiquam
992 5170 1047 5226 in
1069 5188 1240 5231 nave:
1271 5176 1470 5236 incurvi
1498 5194 1672 5239 autem
1695 5204 1888 5258 corpus
1903 5195 2023 5263 qui-

438 5255 562 5310 dem
601 5267 771 5312 totum
816 5270 900 5314 est
932 5276 1184 5333 superne,
1213 5280 1456 5326 extrema
1485 5287 1664 5331 autem
1705 5280 1878 5336 solum
1918 5285 2020 5338 im-

439 5345 674 5412 pendent
705 5357 760 5400 et
784 5352 1072 5420 attingunt.
1100 5356 1161 5409 Ei
1190 5371 1317 5429 ergo
1341 5376 1475 5431 opus
1506 5377 1586 5420 est
1614 5383 1840 5439 corpore
1863 5374 2018 5441 duro,

441 5434 743 5498 resistente,
772 5443 999 5507 etquod
1056 5447 1222 5513 possit
1258 5455 1555 5521 Continere,
1608 5468 1667 5512 ut
1708 5434 1844 5516 ferat
1884 5478 2020 5520 unus

439 5524 772 5590 impositum.
813 5531 882 5583 At
907 5548 1000 5588 aer
1019 5535 1119 5591 fert
1142 5541 1370 5595 cadum?
1392 5545 1498 5600 Sed
1528 5549 1573 5603 is
1592 5561 1675 5605 est
1694 5567 1830 5623 aqua
1852 5559 2021 5611 ntulto

445 5612 656 5670 mollior
684 5628 738 5670 et
765 5619 954 5688 laxior,
980 5635 1034 5682 et
1068 5644 1136 5683 ne
1181 5633 1583 5694 subtilissimum
1627 5612 1838 5712 quid-em
1862 5652 2020 5720 quid-

433 5720 592 5777 quam
634 5719 812 5789 potest
834 5715 1132 5791 continere,
1164 5726 1357 5791 nedum
1400 5740 1598 5790 tantum
1644 5740 1857 5796 molem.
1880 5715 2017 5801 Om-

3650 350 3750 407 t3‘3

2157 439 2287 493 nino
2307 442 2350 495 si
2377 443 2599 499 velimus
2626 462 2747 516 qua:
2793 460 2919 505 sunt
2945 453 3296 521 providentia:
3340 467 3392 512 et
3423 461 3669 519 universe
3694 478 3749 522 et

2155 530 2421 599 sigillatim
2470 550 2532 589 ac
2581 538 2883 595 minutatim
2915 545 3193 613 persequi,
3229 552 3398 601 totum
3426 565 3601 607 terum
3646 570 3747 611 nos

2154 619 2389 676 deficiet.
2421 623 2765 697 lnlerrogabo
2793 631 2937 684 enim
2958 646 3080 685 eum
3110 636 3198 703 qui
3223 635 3311 690 illa
3334 654 3474 692 nunc
3504 644 3695 710 quaerit
3729 664 3744 701 :

2159 710 2412 768 Ha’ccine
2442 725 2569 769 sunt
2618 718 2968 788 providentia
3016 736 3085 779 an
3115 725 3230 779 sine
3270 728 3645 797 providentia?
3689 733 3746 790 Si

2154 800 2372 870 dixerit,
2403 804 2516 859 Non
2558 816 2684 862 sunt
2728 810 3078 879 providentiae
3106 830 3122 869 :
3153 831 3341 874 rursus
3367 836 3489 876 eum
3521 826 3745 893 rogabo,

2158 892 2441 961 Quomodo
2468 913 2598 970 ergo
2627 900 2763 957 facta
2791 906 2958 961 sunt?
3003 908 3110 964 Sed
3156 925 3259 966 non
3293 916 3487 983 poterit
3512 918 3745 988 aliquam

2154 985 2338 1043 dicere
2363 991 2647 1047 rationem.
2684 992 2847 1051 Multo
2882 1000 3053 1070 magis
3087 1015 3215 1072 ergo
3257 1018 3364 1059 non
3406 1006 3572 1063 debes
3599 985 3747 1079 qua-—

2153 1092 2274 1133 rere
2301 1096 2400 1136 nec
2429 1085 2640 1140 curiose
2665 1086 2918 1157 indagare
2945 1089 3011 1146 de
3038 1093 3199 1149 rebus
3225 1095 3492 1153 humanis.
3528 1101 3745 1169 Quare?

2152 1169 2416 1237 Quoniam
2458 1173 2618 1231 homo
2647 1188 2730 1235 est
2776 1180 2860 1237 bis
2888 1184 3139 1241 omnibus
3183 1192 3523 1258 praestantior
3563 1205 3617 1250 et
3643 1195 3745 1260 lto-

2152 1262 2463 1331 norabilior,
2492 1276 2547 1321 et
2575 1267 2689 1324 haec
2716 1279 2935 1342 propter
2961 1271 3110 1331 illum
3154 1274 3293 1335 facta
3322 1290 3464 1349 sunt,
3515 1297 3621 1341 non
3653 1285 3745 1342 ille

2154 1365 2372 1423 propter
2401 1356 2536 1413 huic.

2226 1445 2281 1501 4.
2321 1446 2513 1502 Rerum
2549 1454 2862 1510 naturalium
2890 1472 3071 1512 causas
3116 1459 3427 1531 ignoramus.
3468 1465 3743 1533 Peccatum

2150 1537 2315 1590 solum
2348 1539 2560 1597 malum.
2582 1572 2655 1584 —
2674 1544 2729 1600 Si
2761 1561 2890 1617 ergo
2917 1550 3035 1618 ejus
3060 1565 3179 1621 quae
3218 1553 3286 1610 de
3325 1556 3442 1627 ipso
3483 1568 3567 1614 est
3599 1575 3744 1618 cura:

2150 1637 2205 1683 ct
2225 1631 2575 1698 providentia:
2598 1638 2774 1695 nescis
2795 1641 3110 1710 sapientiam
3133 1655 3187 1700 et
3203 1646 3738 1722 administrationem,

2149 1721 2418 1789 quomodo
2442 1725 2581 1781 scire
2608 1729 2806 1797 poteris
2823 1746 2943 1801 quae
2968 1734 3077 1789 sint
3102 1735 3171 1791 de
3194 1736 3308 1811 ipso
3337 1744 3615 1798 rationes?
3649 1746 3742 1806 llic

2150 1811 2304 1881 mihi,
2338 1830 2436 1871 cur
2463 1818 2534 1872 ita
2564 1835 2783 1887 parvum
2814 1822 2963 1879 illum
2992 1824 3114 1882 fecit
3138 1868 3153 1895 ,
3191 1842 3245 1885 et
3268 1831 3337 1895 ita
3363 1833 3645 1892 distantem
3673 1840 3742 1895 ab

2149 1903 2429 1962 altitudine
2456 1908 2594 1977 cteli,
2620 1918 2674 1965 ut
2700 1911 2769 1968 de
2795 1914 2860 1968 iis
2888 1930 3008 1985 qua:
3032 1932 3265 1988 superne
3300 1937 3561 1994 apparent
3586 1928 3743 1987 dubie

2151 1996 2264 2051 tet?
2290 2013 2386 2052 cur
2412 1998 2657 2058 boreales
2681 2014 2737 2059 et
2764 2008 3032 2066 australes
3057 2012 3305 2082 regiones
3335 2027 3461 2077 sunt
3482 2019 3740 2078 inhabita-

2149 2084 2325 2141 biles?
2348 2087 2439 2143 Dic
2458 2092 2606 2158 mihi,
2635 2108 2730 2148 cur
2750 2094 2887 2152 facta
2919 2107 3002 2154 est
3029 2116 3132 2156 nox
3174 2102 3349 2163 hieme
3373 2109 3586 2181 quidem
3624 2112 3739 2168 lon-

2146 2176 2284 2244 gior,
2313 2186 2501 2234 aestate
2538 2192 2718 2238 autem
2761 2186 3013 2243 brevior?
3039 2204 3138 2245 cur
3164 2202 3368 2250 tantum
3391 2176 3489 2253 Vest
3530 2201 3738 2273 frigus?

2147 2280 2246 2321 cur
2271 2271 2473 2324 aestus?
2499 2288 2597 2328 cur
2626 2288 2820 2348 corpus
2847 2282 3113 2338 mortale?
3146 2284 3211 2339 Et
3257 2301 3285 2341 a
3335 2299 3386 2343 te
3424 2271 3737 2352 sciscitabar

2148 2362 2253 2416 alia
2279 2362 2685 2422 innumerabilia
2713 2386 2729 2434 ;
2755 2380 2806 2425 et
2838 2371 2885 2426 si
2909 2375 3070 2440 velis,
3105 2391 3209 2432 non
3238 2380 3461 2438 cessabo
3491 2393 3543 2440 te
3571 2385 3737 2443 inter-

2146 2468 2357 2522 rogare,
2401 2465 2456 2511 et
2484 2458 2612 2513 mihi
2639 2460 2910 2520 dubitabis
2954 2467 3006 2520 in
3056 2472 3325 2529 omnibus.
3375 2473 3733 2547 Quamobrem

2148 2543 2251 2600 hoc
2278 2548 2519 2604 maxime
2545 2559 2627 2607 est
2656 2555 3007 2621 providentiae
3028 2601 3042 2624 ,
3076 2562 3219 2629 quod
3246 2580 3458 2622 arcanae
3494 2570 3601 2625 sint
3636 2588 3734 2628 no-

2149 2633 2229 2693 bis
2272 2639 2510 2695 rationes
2541 2649 2597 2695 et
2643 2643 2956 2709 inell'abiles.
3002 2650 3145 2707 Alias
3182 2655 3326 2709 enim
3376 2658 3736 2720 existimasset

2144 2731 2407 2800 quispiam
2435 2775 2449 2801 ,
2498 2735 2767 2794 hominem
2797 2757 2919 2798 esse
2943 2758 3157 2800 causam
3188 2749 3549 2812 universitatis
3570 2796 3586 2821 ,
3628 2757 3734 2825 nisi

2147 2817 2250 2874 hoc
2271 2836 2508 2881 noSIram
2539 2832 2945 2899 compressisset
2974 2834 3397 2907 intelligentiam.
3425 2845 3515 2912 At,
3539 2817 3729 2922 inquit,

2144 2911 2235 2969 ille
2261 2923 2342 2967 est
2371 2930 2587 2987 pauper,
2628 2922 2911 2985 etmalum
2950 2935 3033 2981 cst
3076 2942 3380 3000 paupertas.
3411 2911 3547 3002 Quid
3601 2911 3732 3007 vero

2142 3005 2396 3063 morbus?
2443 3010 2570 3079 quid
2605 3011 2861 3069 czecitas?
2890 3015 3032 3075 Nihil
3076 3018 3192 3084 haec
3244 3035 3402 3094 sunt,
3439 3044 3472 3083 ο
3519 3030 3681 3091 homo

2144 3111 2307 3150 unum
2339 3100 2512 3154 solum
2545 3103 2744 3159 malum
2771 3114 2872 3171 est,
2903 3122 3146 3178 peccare,
3180 3124 3234 3169 et
3259 3114 3361 3177 hoc
3390 3127 3592 3177 tantum
3633 3124 3730 3184 det-

2142 3187 2330 3244 bemus
2356 3192 2680 3257 examinare.
2712 3194 2817 3252 Sed
2851 3213 3038 3255 eorum
3087 3219 3206 3274 qua:
3251 3223 3378 3263 vere
3424 3225 3549 3277 sunt
3586 3215 3730 3284 mala

2140 3293 2331 3335 causas
2374 3285 2603 3343 scrutari
2652 3288 2948 3356 mittentes,
2995 3294 3097 3348 alia
3135 3299 3347 3361 curiose
3388 3304 3725 3374 inquirimus.

2141 3371 2249 3428 Cur
2275 3389 2434 3429 nemo
2462 3388 2702 3436 nostrum
2750 3398 3000 3455 umquam
3029 3391 3296 3447 examinat
3328 3410 3425 3451 cur
3452 3403 3729 3469 peccavit?

2139 3473 2292 3519 estne
2317 3464 2368 3519 in
2392 3482 2508 3522 mea
2541 3481 2807 3538 potestate
2831 3489 3069 3544 peccare,
3093 3485 3310 3541 annon?
3342 3486 3405 3541 Et
3436 3464 3561 3557 quid
3592 3508 3729 3562 opus

2139 3567 2221 3612 εει
2249 3573 2440 3629 magna
2468 3563 2754 3621 verborum
2788 3568 2862 3624 uti
2893 3571 3247 3631 circuitione?
3281 3594 3392 3634 rem
3437 3583 3489 3637 in
3522 3588 3727 3655 meipso

2138 3662 2416 3717 quaeram:
2458 3654 2714 3724 numquid
2751 3659 3040 3731 aliquando
3063 3665 3165 3721 vici
3196 3669 3471 3735 animum?
3511 3691 3578 3731 an
3623 3681 3725 3734 ali-

2141 3738 2357 3805 quando
2386 3739 2487 3796 vici
2513 3742 2667 3812 iram,
2695 3758 2787 3802 aut
2807 3762 3027 3820 propter
3056 3755 3332 3837 pudorem,
3371 3774 3464 3823 aut
3508 3780 3723 3841 propter

2140 3823 2430 3883 humauunt
2471 3838 2711 3890 metum?
2753 3838 2953 3896 Deinde
2981 3823 3258 3917 postquam
3286 3823 3389 3911 hoc
3412 3823 3724 3917 factum‘in:

2137 3929 2359 3982 venero,
2381 3919 2777 3990 deprehendam
2808 3945 2929 3988 esse
2955 3936 3006 3989 in
3030 3953 3145 3993 mea
3178 3952 3438 4010 potestate
3478 3965 3719 4019 peccare.

2137 4006 2310 4063 Nemo
2341 4011 2455 4068 hazc
2482 4017 2792 4088 examinat,
2836 4039 2996 4082 nemo
3020 4029 3087 4084 de
3134 4028 3216 4088 his
3245 4036 3453 4093 curiose
3480 4043 3720 4121 inquirit,

2136 4102 2232 4156 sed
2263 4104 2674 4178 inconsiderate,
2708 4126 2768 4168 ut
2806 4127 2890 4172 est
2920 4122 3058 4189 apud
3084 4122 3276 4184 Jobum
3298 4171 3314 4195 ,
3346 4130 3513 4195 Homo
3540 4102 3723 4198 tenter;

2136 4203 2277 4247 notat
2314 4199 2475 4253 verbis
2505 4198 2623 4273 (Job
2669 4205 2754 4261 ll.
2790 4206 2876 4263 12.
2928 4212 2980 4266 in
3024 4214 3246 4290 Graeco).
3284 4220 3419 4289 Quid
3450 4238 3530 4282 est
3575 4234 3719 4289 enim

2138 4283 2231 4339 tibi
2256 4301 2400 4343 cura:
2424 4305 2490 4345 an
2540 4293 2626 4348 hic
2671 4298 2739 4351 sit
2783 4311 2981 4367 caecus,
3007 4316 3060 4360 et
3088 4308 3180 4363 ille
3206 4283 3475 4386 pauper?
3518 4320 3634 4376 Non
3668 4334 3720 4385 te

2130 4374 2290 4443 jussit
2318 4379 2462 4438 Deus
2489 4383 2590 4439 hoc
2615 4390 2974 4460 considerare,
3008 4398 3102 4451 sed
3133 4374 3385 4469 quidnam
3415 4419 3466 4462 tu
3515 4427 3642 4483 agas
3670 4382 3715 4470 ’⁸.

2134 4465 2267 4522 Nam
2295 4471 2339 4523 si
2370 4478 2427 4525 tu
2452 4472 2667 4531 dubitas
2704 4483 2977 4539 mundone
3008 4465 3188 4556 przesit
3234 4494 3408 4566 aliqua
3453 4465 3714 4577 patesn'ts,

2132 4571 2192 4612 es
2217 4561 2456 4617 omnium
2482 4568 2879 4629 amentissimus
2911 4593 2927 4631 :
2954 4577 3037 4639 sin
3067 4587 3245 4643 autem
3276 4561 3377 4653 hoc
3400 4561 3566 4652 babes

2132 4665 2373 4720 suasum,
2403 4658 2528 4726 quid
2579 4660 2790 4721 dubitas
2840 4667 2982 4738 quod
3021 4669 3133 4726 Deo
3180 4673 3392 4742 placere
3430 4658 3716 4750 Oporteal?

2132 4740 2358 4812 Gratias,
2394 4747 2583 4818 inquit,
2606 4768 2801 4824 semper
2819 4769 3021 4828 agentes
3043 4759 3150 4817 Deo
3179 4740 3270 4835 pro
3296 4740 3545 4828 omnibus.

2129 4832 2197 4888 ad
2225 4834 2495 4898 ofﬁcinam
2528 4842 2742 4912 medici,
2768 4854 2821 4902 et
2846 4848 3055 4907 videbis
3086 4832 3254 4927 illum,
3285 4862 3499 4929 quando
3530 4832 3717 4924 inven;

2132 4931 2217 4978 tus
2246 4924 2404 4991 fuerit
2427 4930 2616 5001 aliquis
2642 4932 2840 5001 habens
2868 4942 3078 5015 vulnus,
3106 4924 3385 5011 secare-et
3413 4968 3591 5011 urer.-.
3641 4960 3715 5016 De

2129 5026 2182 5072 te
2205 5026 2383 5074 autem
2414 5021 2515 5079 hoc
2557 5039 2661 5080 non
2688 5028 2827 5096 dico,
2862 5034 2956 5088 Sed
2984 5038 3069 5090 abi
3100 5039 3165 5094 ad
3210 5041 3478 5102 ofﬁcinam
3526 5049 3661 5111 fabri
3695 5071 3709 5117 ;

2127 5123 2226 5163 nec
2254 5111 2324 5167 ibi
2367 5113 2590 5185 inquiris
2617 5122 2899 5190 rationem,
2934 5129 3034 5185 etsi
3063 5132 3194 5196 nihil
3222 5138 3326 5195 scis
3357 5155 3542 5196 eorum
3589 5160 3710 5216 qua:

2127 5198 2261 5261 fiunt
2288 5219 2302 5257 :
2330 5212 2384 5258 et
2415 5207 2579 5262 multa
2609 5210 2703 5266 tibi
2735 5211 2982 5273 videntur
3009 5234 3131 5282 esse
3162 5223 3319 5279 dubia
3356 5246 3369 5282 :
3409 5239 3466 5284 ut
3492 5198 3710 5302 quando

2125 5289 2328 5360 lignum
2359 5302 2558 5364 tornat,
2577 5302 2793 5368 quando
2820 5307 3160 5365 transformat
3181 5324 3237 5368 et
3265 5316 3315 5368 iu
3347 5289 3710 5382 aliam-mutat

2124 5377 2372 5450 ﬁguram.
2416 5385 2511 5441 Vel
2544 5390 2722 5457 potius
2752 5400 2804 5448 te
2843 5396 2910 5449 ad
2935 5397 3094 5453 aliam
3124 5401 3262 5465 duco
3299 5418 3468 5468 artem
3496 5377 3705 5475 facilia:

2123 5487 2258 5538 rem,
2292 5485 2348 5529 ut
2384 5476 2436 5532 in
2469 5480 2671 5547 pictura
2703 5493 2788 5540 :et
2816 5486 2924 5544 illic
2946 5492 3219 5561 caligabis.
3251 5498 3345 5553 Dic
3373 5506 3515 5557 enim
3546 5508 3697 5582 mihi,

2121 5578 2299 5619 annon
2349 5569 2441 5623 tibi
2488 5571 2883 5643 inconsiderate
2922 5580 3126 5642 videtur
3163 5584 3340 5645 facere
3376 5609 3495 5661 quae
3530 5569 3705 5655 faciti

2187 5702 2411 5800 2-2,Ἳὲ
2427 5707 3022 5800 ςὲθὲἕξξὲἓὲτξῖλίξρθ
3043 5724 3375 5800 Ρφίάεφνθν
3392 5746 3566 5800 ﬂevit!
3600 5753 3631 5786 α
3654 5748 3702 5800 ιι

2119 5773 2301 5824 qureret
2324 5779 2411 5819 cur
2433 5769 2550 5821 talia
2570 5786 2661 5824 non
2676 5769 3013 5841 Exquisivm'a.
3033 5769 3564 5856 seH'EJF'hEE’réZéiiZ
