4092 6492
324 323 417 379 151
1228 315 1292 371 IN
1333 314 1552 372 EPIST.
1585 315 1676 370 Al)
1715 316 1907 371 Ειηιηε

2015 317 2152 374 ΞΛΡ.
2202 320 2266 376 γ.
2312 321 2543 379 ΙΙΟΜΙΙ..
2587 326 2726 382 XIX.

320 439 498 509 φασὶν,
540 435 881 508 ἀγαθὸτητος
942 437 1100 501 Θεοῦ,
1152 436 1214 489 :6
1263 436 1532 507 ἰσοτιμίαν
1575 433 1715 490 εἶναι
1757 436 1910 508 παρά

320 526 517 586 πᾶσινς
549 520 689 574 Εἰπέ
743 537 871 590 μοι,
920 520 1176 591 ἀγνῶμον
1210 520 1492 590 ἄνθρωπε,
1548 523 1678 574 ποῖα
1731 523 1911 588 λέγεις

325 608 396 679 μὴ
445 600 584 658 εἶναι
629 602 972 675 ἀγαθότητος
1005 603 1166 664 θεοῦ,
1211 604 1305 656 καὶ
1354 603 1477 656 τίνα
1518 604 1700 672 λέγεις
1745 607 1912 657 ἰσοτι-

325 691 484 762 μίαν;
521 690 580 741 Ὀ
609 688 781 750 δεῖνα,
825 689 982 758 φησί,
1018 690 1349 759 πεπήρωται
1383 691 1446 741 ἐκ
1471 689 1696 752 παίδων,
1726 689 1914 760 ἕτερος

324 775 571 845 μαίνεται
598 773 696 824 καὶ
732 771 986 842 δαιμονᾷ,
1016 772 1175 836 ἄλλος
1209 773 1290 835 εἰς
1326 771 1556 842 ἔσχατον
1589 774 1767 843 γῆρας
1791 773 1914 827 ἐλά-

321 876 415 922 σας
448 859 506 910 ὲν
548 856 716 927 πενίᾳ
747 857 840 908 τὸν
874 855 1092 910 ἃπαντα
1145 856 1260 926 βίον
1307 857 1592 928 διήγαγεν,
1639 858 1801 920 ἀλλος
1851 858 1910 910 ἐν

318 943 490 1005 νόσοις
522 940 945 1012 χαλεπωτάταις
968 957 980 972 ’
1023 941 1200 995 ταῦτα
1235 941 1494 1011 προνοίας
1537 942 1689 994 ἐστὶν
1734 941 1909 1012 ἔργα;

329 1027 385 1080 ’0
415 1027 514 1094 μέν
544 1027 663 1078 ἐστι
698 1021 910 1092 κωφὸς,
942 1025 970 1075 6
1009 1022 1068 1077 δὲ
1102 1022 1321 1086 άλαλος,
1351 1025 1380 1076 6
1407 1022 1463 1076 δὲ
1495 1024 1690 1094 πένης,
1723 1025 1912 1095 ἕτερος

320 1114 512 1186 μιαρὸς
551 1112 650 1168 καὶ
682 1112 1031 1182 παμμίαρος.
1074 1111 1170 1163 καὶ
1219 1110 1429 1180 μυρίων
1476 1109 1667 1180 γέμων
1699 1109 1908 1173 κακῶν,

315 1199 620 1272 χρημάτων
651 1194 943 1261 ἀπολαύει,
975 1198 1072 1249 καὶ
1099 1195 1305 1266 πόρνας
1331 1194 1522 1266 τρέφει
1554 1195 1648 1247 καὶ
1674 1193 1912 1265 παρασί-

317 1300 457 1348 τους,
494 1282 593 1336 καὶ
627 1279 892 1351 λαμπρὰν
913 1279 1094 1334 οίκίαν
1123 1279 1416 1351 κέκτηται,
1446 1277 1542 1331 καὶ
1576 1277 1692 1348 βίον
1730 1277 1910 1347 ἀπράο

315 1383 491 1436 γμονα
540 1365 632 1436 ζῇ.
681 1363 792 1417 K01
834 1362 1010 1416 πολλά
1054 1361 1284 1416 τοιαῦτα
1319 1363 1653 1434 συνείρουσι,
1699 1361 1910 1432 μακρὸν

316 1451 632 1520 ὑφαίνοντες
683 1447 1025 1520 κατηγορίας
1081 1447 1242 1508 λόγον
1289 1447 1433 1501 κατά
1474 1447 1575 1516 τῆς
1622 1445 1716 1498 τοῦ
1772 1445 1938 1498 Geo-3'

316 1536 592 1608 προνοίας.
630 1535 696 1587 Τί
725 1530 850 1601 οὖν;
881 1531 1202 1605 ἀπρονόητά
1236 1534 1392 1594 ἐστι;
1430 1531 1484 1583 τί
1515 1526 1610 1584 οὖν
1641 1529 1706 1584 ἂν
1738 1530 1911 1583 εἴποι-

317 1638 411 1691 μεν
438 1619 578 1690 προς
613 1617 846 1680 αύτούς;
889 1617 951 1670 Εἰ
989 1615 1087 1686 μὲν
1119 1615 1385 1685 Ἕλληνες
1412 1611 1544 1678 εἶεν,
1573 1615 1670 1667 καὶ
1698 1614 1910 1682 λέγοιεν

315 1707 442 1774 ἡμῖν
473 1705 584 1757 ὑπό
619 1721 771 1765 τινος
816 1701 909 1755 τὸν
962 1702 1169 1772 κόσμον
1221 1701 1571 1762 διοικεῖσθαι,
1621 1700 1783 1754 πάλιν
1813 1699 1909 1753 καὶ

312 1793 466 1861 ἡμεῖς
497 1790 570 1842 τὰ
599 1789 738 1842 αὑτά
769 1785 1005 1858 ἐροῦμεν
1038 1788 1175 1857 πρὸς
1198 1786 1397 1849 αύτούς
1424 1802 1438 1815 ⁸
1469 1785 1533 1836 Τί
1563 1779 1679 1846 οὑν,
1716 1783 1891 1855 ἀπρο-

311 1875 471 1945 véntc’z
511 1875 668 1926 ἐστιν
693 1890 708 1937 ;
738 1872 938 1924 οὑκοῦν
977 1870 1094 1932 πῶς
1122 1871 1282 1940 ὑμεῖς
1324 1867 1554 1921 σέὸεσθε
1583 1867 1762 1931 θεοὺς,
1816 1866 1908 1920 καὶ

313 1959 670 2029 προσκυνεῖτε
694 1956 959 2025 δαίμονας
988 1955 1084 2007 καὶ
1117 1951 1270 2025 [153]
1307 1953 1495 2024 ἥρωας
1516 1969 1529 2015 ;
1550 1953 1598 2004 εἰ
1629 1951 1738 2020 γάρ
1768 1949 1906 2022 πρό-

311 2042 422 2096 νοιά
460 2045 638 2103 ἐστιν,
701 2037 976 2109 ἐφέστηκέ
1021 2055 1107 2102 τις
1166 2039 1281 2100 τοῖς
1318 2038 1506 2090 πᾶσιν.
1551 2035 1614 2087 Εἰ
1653 2035 1709 2087 δέ
1761 2051 1908 2098 τινες

311 2123 413 2182 εἷεν
442 2122 982 2188 άποδυσπετοῦντες,
1015 2124 1048 2192 ἢ
1071 2123 1391 2193 Χριστιανοὶ
1418 2121 1450 2192 ἦ
1489 2122 1582 2174 καὶ
1620 2120 1903 2190 Ἕλληνες,

315 2212 402 2265 καὶ
427 2209 975 2280 παρασαλευόμενοι,
1009 2206 1062 2258 τί
1093 2205 1230 2275 πρὸς
1264 2205 1463 2267 αὑτοὺς
1498 2203 1769 2275 ἐροῦμενς
1807 2204 1908 2256 Το-

312 2294 478 2347 σαῦτα
495 2294 582 2355 δὲ,
615 2292 737 2345 εἰπέ
763 2309 872 2360 μοι,
903 2289 1010 2343 ἀπὸ
1023 2289 1370 2358 ταυτομάτου
1389 2289 1600 2356 γένοιτο
1618 2288 1681 2340 ἂν
1703 2285 1902 2355 ἀγαθά;

309 2378 364 2430 :6
393 2377 507 2446 φῶς
534 2377 600 2429 τι
635 2374 1028 2446 καθημερινὸν,
1054 2375 1088 2446 ἡ
1113 2372 1339 2438 εὐταξία
1358 2374 1391 2442 ἡ
1417 2373 1602 2434 ἐντοῖς
1627 2367 1770 2433 οὖσι,
1796 2370 1907 2422 τῶν

309 2463 520 2532 ἄστρων
627 2459 841 2528 χορεία,
877 2459 906 2511 6
946 2457 1260 2519 ἰσοστάσιος
1301 2454 1516 2507 νυκτῶν
1552 2457 1644 2509 καὶ
1682 2453 1907 2525 ἡμερῶν

307 2545 520 2614 δρόμος,
561 2546 597 2613 ἡ
634 2544 733 2611 τῆς
768 2541 986 2610 φύσεως
1034 2538 1332 2594 ἀκολουθία
1378 2540 1473 2593 καὶ
1501 2540 1558 2592 ὲν
1598 2541 1786 2606 φυτοῖς
1811 2537 1908 2590 καὶ

307 2632 362 2682 ἐν
399 2628 560 2691 ζώοις
599 2628 691 2679 καὶ
722 2628 778 2679 ἐν
813 2623 1156 2694 ἀνθρώποι;;
1197 2623 1316 2686 Τίς,
1353 2624 1474 2674 εἰπέ
1516 2639 1629 2691 μοι,
1675 2624 1702 2674 6
1731 2619 1907 2674 ταῦτα

305 2712 556 2773 δ;οικῶν;
605 2713 666 2763 Εἰ
703 2710 895 2780 μηδεὶς
928 2706 1176 2777 ἐφεστὼς
1205 2702 1294 2776 ἦν,
1334 2706 1449 2759 ἀλλ’
1481 2706 1591 2759 ἀπὸ
1629 2706 1907 2774 ταυτομά-

306 2815 393 2852 του
422 2797 608 2849 πάντα
644 2794 1015 2862 συνειστήκει,
1035 2790 1122 2854 τίς
1155 2790 1252 2859 τὴν
1282 2790 1546 2858 καμάραν
1578 2788 1782 2855 ταύτην
1807 2788 1906 2858 τὴν

309 2880 449 2933 οὑτω
483 2879 690 2948 καλὴν,
730 2876 828 2946 τὴν
861 2873 1016 2928 οὑτω
1061 2874 1329 2945 μεγάλην,
1357 2873 1448 2925 τὸν
1472 2872 1702 2943 οὑρανὺν
1737 2871 1902 2938 λέγω,

305 2965 662 3035 περιδινήσας
697 2963 792 3016 ἐπὶ
845 2962 942 3031 τῆς
992 2962 1098 3031 γῆς
1146 2960 1398 3030 ἔστησεν.
1442 2958 1474 3028 ἦ
1512 2959 1606 3011 καὶ
1654 2955 1906 3010 £01666:-

303 3067 440 3115 των;
470 3049 560 3112 τίς
593 3051 621 3101 6
650 3049 773 3110 τοὺς
809 3048 1040 3115 καιροὺς
1081 3043 1210 3106 τοὺς
1254 3043 1649 3113 καρποφόρους
1683 3039 1902 3103 ὂιδοὺς;

302 3134 381 3196 τίς
409 3131 690 3202 τοσαύτην
718 3130 872 3182 ἔθετο
904 3131 962 3181 ἐν
990 3128 1272 3198 σπέρμασι
1305 3127 1398 3179 καὶ
1422 3127 1608 3193 φυτοῖς
1634 3124 1902 3192 δύναμιν;

301 3218 359 3269 :6
384 3217 493 3288 γὰρ
512 3214 628 3268 άπὸ
655 3214 1006 3284 ταυτομάτου
1031 3211 1270 3265 ἄτακτον
1296 3211 1516 3270 πάντως
1539 3225 1552 3238 ·
1577 3207 1636 3259 :6
1663 3206 1719 3260 δέ
1747 3204 1906 3258 εὑτα-

302 3319 428 3356 κτον
473 3303 624 3372 μετὰ
667 3301 868 3369 τέχνης
908 3298 1142 3367 γίνεται.
1188 3295 1253 3348 Τί
1287 3294 1419 3365 γὰρ,
1464 3292 1585 3345 εἰπέ
1633 3308 1759 3362 μοι,
1795 3291 1906 3344 τῶν

304 3387 434 3458 παρ’
467 3389 611 3457 ἡμῖν
644 3385 755 3437 τῶν
781 3385 890 3438 ἀπὸ
915 3380 1263 3452 ταυτομάτου
1292 3380 1352 3432 οὑ
1387 3378 1588 3448 πολλῆς
1615 3377 1776 3446 γέμει
1805 3378 1906 3447 τῆς

302 3473 525 3539 ἀταξίας
566 3471 666 3523 καὶ
709 3467 909 3521 πολλοῦ
939 3466 1036 3520 τοῦ
1083 3459 1320 3536 θορύϐου
1355 3462 1450 3518 καὶ
1490 3462 1594 3532 τῆς
1623 3460 1903 3531 ταραχῆς;

305 3558 410 3610 K01
447 3557 511 3609 οὑ
563 3555 713 3622 λέγω
772 3554 881 3608 ἀπὸ
935 3549 1309 3620 ταυτομάτου,
1367 3546 1506 3602 ἀλλὰ
1560 3545 1701 3616 μετά
1761 3560 1905 3607 τινος

305 3641 614 3703 ποιοῦντος,
652 3639 896 3708 ἀτέχνως
935 3638 993 3690 δὲ
1033 3634 1343 3696 ποιοῦντος.
1395 3627 1542 3692 Οίον,
1589 3631 1732 3684 ἔστω
1772 3628 1905 3694 ξύλα

303 3728 396 3779 x01
425 3725 600 3786 λίθοι,
637 3723 779 3776 ἔστω
805 3722 862 3775 δὲ
895 3723 991 3776 καὶ
1031 3720 1328 3781 ἄσϐεστοςο
1353 3716 1447 3768 καὶ
1472 3713 1654 3768 λαϐὼν
1689 3713 1906 3784 ἄνθρω-

304 3827 400 3873 πος
431 3807 756 3877 οἰκοδομίας
786 3805 1016 3874 ἄπειρος
1054 3801 1412 3871 οίκοδομείτω
1442 3799 1536 3851 x01
1577 3799 1900 3870 ἐνεργείτωο

304 3889 409 3962 ἆρα
443 3893 504 3946 οὑ
568 3893 751 3945 πάντα
789 3889 856 3943 ἂν
908 3889 1157 3944 ἀπώλεσε
1200 3885 1296 3940 καὶ
1342 3883 1653 3954 διέφθειρε;
1712 3882 1903 3942 Πάλιν,

305 3977 442 4030 ἔστω
477 3977 673 4028 πλοῖον
728 3973 1070 4046 κυϐερνήτου
1133 3970 1326 4041 χωρὶς,
1379 3969 1558 4021 πάντα
1602 3967 1724 4036 ἔχον
1760 3966 1904 4034 ἅπερ

305 4061 446 4130 ἔχειν
473 4061 558 4116 δεῖ
585 4058 770 4112 πλοῖον
800 4058 929 4111 ἀνευ
958 4055 1230 4126 τεχνίτου,
1258 4054 1319 4105 οὑ
1355 4051 1498 4118 λέγω
1528 4049 1906 4108 ἀκατασκεύα-

307 4161 449 4210 στον,
489 4142 633 4196 ἀλλὰ
677 4139 1095 4194 κατακευασθέν
1126 4154 1138 4168 ·
1170 4137 1246 4207 μὴ
1296 4134 1529 4193 πλεῦσαι
1575 4134 1902 4204 δυνήσεταις

307 4229 398 4280 καὶ
433 4226 680 4296 τοσαύτη
711 4227 782 4294 γῆ
817 4225 907 4277 ἐπὶ
931 4223 1124 4285 ὓδατος
1159 4219 1395 4280 ἑστῶσα,
1425 4219 1552 4272 ἄνευ
1591 4217 1737 4279 τινος
1776 4234 1906 4284 συγ-

305 4315 623 4386 κρατούσης
671 4326 694 4353 ⁸
746 4313 1032 4382 δυνάμεως
1092 4309 1345 4380 ἠδύνατο,
1403 4307 1523 4359 εἰπέ
1585 4323 1696 4376 μοι,
1763 4304 1907 4358 οὑτω

307 4401 522 4468 παγίως
555 4399 652 4451 ἐπὶ
680 4398 871 4468 χρόνον
896 4396 1091 4464 στῆναι
1118 4393 1402 4459 τοσοῦτον;
1429 4391 1524 4444 καὶ
1555 4389 1726 4442 ταῦτα
1750 4388 1906 4457 λόγον

306 4483 371 4536 ἀν
401 4483 554 4553 ἔχοις
594 4481 689 4534 καὶ
731 4481 793 4532 οὑ
839 4479 1106 4550 μυριάκις
1155 4476 1396 4546 γέλωτος
1442 4475 1591 4540 ἄξιον
1625 4474 1687 4525 :6
1733 4473 1906 4526 ταῦτα

305 4566 543 4632 ἐννοεῖνς
583 4566 693 4616 K01
729 4566 778 4616 εἰ
813 4564 911 4634 μὲν
950 4562 1211 4632 βαστάζοι
1250 4559 1347 4613 καὶ
1387 4559 1478 4610 τὸν
1509 4557 1759 4628 ούρανδν,
1797 4558 1906 4610 ἰδοὺ

305 4652 396 4704 καὶ
444 4651 642 4722 ἓτερον
677 4650 868 4717 ἄχθος’
903 4651 952 4700 εἰ
998 4647 1054 4700 δὲ
1103 4647 1198 4699 καὶ
1253 4642 1481 4713 οὑρανὸς
1526 4643 1584 4694 ἐν
1616 4641 1768 4698 ὕδατι
1809 4641 1906 4709 φές.

307 4753 473 4807 ροιτο,
505 4734 674 4788 πάλιν
705 4735 896 4803 ἕτερον
943 4731 1186 4804 ζήτημα.
1249 4728 1414 4781 Ἀλλά
1471 4727 1579 4780 πᾶν
1630 4725 1731 4794 τῆς
1774 4743 1907 4796 προ-

304 4820 451 4882 νοίας
483 4821 672 4890 ἔργον.
710 4819 792 4870 Τά
834 4817 944 4886 γὰρ
984 4816 1078 4872 ἐπὶ
1108 4813 1218 4866 τῶν
1272 4811 1482 4870 ὑδάτων
1531 4809 1814 4880 φερόμενα
1843 4811 1905 4862 οὑ

305 4904 646 4973 κ’)ρτοὺσθαι
675 4903 776 4966 δεῖ,
812 4901 950 4954 ἀλλὰ
990 4894 1385 4955 κοιλαίνεσθαι.
1420 4894 1486 4956 Τί
1513 4894 1746 4962 δήποτες
1783 4894 1907 4946 Ὅτι

306 4986 396 5039 τοῦ
440 4988 542 5058 μὲν
586 4985 771 5039 κοίλου
806 4985 868 5038 :6
920 4982 1080 5054 σῶμα
1119 4981 1240 5035 ὅλον
1299 4977 1620 5050 βαπτίζεται
1678 4977 1908 5031 ἐπὶτῶν

308 5070 540 5132 ὑδάτων,
570 5069 830 5140 καθάπερ
874 5068 966 5120 ἐπὶ
998 5065 1092 5125 τοῦ
1126 5063 1316 5120 πλοίου
1344 5077 1357 5090 ·
1397 5060 1492 5118 τοὺ
1533 5060 1590 5114 δὲ
1630 5078 1909 5134 κεκυρτω-

310 5155 470 5222 μένου
506 5154 567 5206 τι)
600 5154 701 5224 μὲν
732 5153 892 5223 σῶμα
927 5152 1046 5205 ὅλον
1080 5149 1230 5202 ἐστὶν
1276 5146 1510 5208 ἄνωθεν,
1559 5147 1628 5198 τά
1667 5145 1724 5198 δὲ
1760 5145 1907 5216 ἄκρα

306 5237 584 5291 ἐπίκειται
617 5239 801 5308 μόνον,
843 5235 1054 5288 Οὑκοῦν
1092 5232 1242 5304 αὑτῷ
1273 5231 1354 5284 δεῖ
1389 5231 1646 5298 σώματος
1688 5229 1906 5284 ἀντιτύ-

309 5338 410 5374 που
442 5323 541 5382 καὶ
581 5319 824 5395 σκληροῦ
856 5320 952 5372 καὶ
992 5319 1206 5389 στέγειν
1257 5314 1584 5385 δυναμένου,
1625 5313 1766 5367 ὥστε
1813 5315 1907 5383 φέ-

313 5421 425 5476 ρειν
457 5407 518 5457 ιο
551 5405 907 5476 ἐπικείμενον
953 5402 1139 5473 ἄχθος.
1182 5398 1323 5451 Ἀλλ’
1356 5397 1465 5468 ἀὴρ
1501 5397 1658 5467 φέρει
1700 5396 1794 5449 τὸν
1825 5397 1907 5449 ού-

314 5488 513 5557 ρανόν;
560 5489 698 5541 Ἀλλ’
731 5481 890 5548 οὗτος
930 5477 1112 5553 πολλῷ
1147 5481 1241 5536 τοῦ
1290 5481 1483 5542 ὓδατος
1520 5477 1906 5550 μαλακώτερος

310 5571 404 5624 καί
444 5571 775 5642 χαυνότερος
824 5569 923 5625 καὶ
965 5567 1118 5622 οὐδὲν
1165 5566 1384 5634 στέγειν
1423 5563 1742 5634 δυνάμενος,
1781 5561 1904 5617 οὑδέ

373 5791 399 5823 ι
438 5780 591 5844 Μαι-ε.
627 5778 801 5845 Savil.,
827 5778 1202 5845 συγ-κρατούσης.

3516 341 3616 398 159

2027 439 2136 491 τῶν
2171 440 2536 510 λεπτοτάτων,
2580 448 2709 517 μήτι
2737 465 2797 515 γε
2829 448 2992 517 ὄγκον
3028 453 3304 509 τοσοῦτον.
3343 456 3522 524 Ὀλως
3561 461 3620 514 δὲ

2036 524 2083 574 εἰ
2108 523 2434 607 βουλοίμεθα
2459 531 2554 598 τῆς
2585 531 2842 601 προνοίας
2879 533 2970 586 τὸν
3004 534 3160 604 λόγον
3195 537 3490 607 ἐπεξιέναι,
3524 544 3618 600 γει

2028 605 2368 672 καθολικῶς,
2421 613 2517 662 καὶ
2573 616 3178 685 κατακερματίζοντες,
3225 605 3348 684 ὅλος
3399 626 3427 677 6
3479 605 3615 677 αἰὼν

2027 691 2176 778 ἡμᾶς
2207 692 2462 778 ἐλλείψει.
2512 696 2813 768 Ἑρήσομαι
2851 699 2960 770 γὰρ
2995 701 3085 754 τὸν
3123 705 3310 760 ἐκεῖνα
3342 705 3614 778 ζητοῦντα

2031 775 2161 828 νῦν·
2211 777 2396 831 Ταῦτα
2447 782 2704 849 προνοίας
2751 785 2920 848 ἐστὶν,
2963 786 2994 854 ἢ
3043 775 3449 860 ἀπρονοησίας;
3493 793 3611 846 Κᾶν

2021 861 2306 946 εἴποι,-ὂτι
2328 863 2452 946 ,Οὑκ
2483 863 2598 916 ἔστι
2631 868 2912 936 προνοίας,
2953 871 3048 922 καὶ
3088 872 3251 926 πάλιν
3294 875 3568 946 ἐρήσομαι
3595 893 3610 906 ο

2019 945 2143 1008 Πῶς
2159 941 2254 999 οὖν
2275 945 2498 1014 γέγονεν
2519 965 2532 1013 ;
2565 947 2706 999 Ἀλλ’
2735 951 2834 1003 οὑκ
2855 950 2921 1004 ἂν
2948 951 3061 1021 ἔχοι
3091 953 3250 1024 λόγον
3267 941 3393 1010 τινά
3411 941 3608 1014 εἰπεῖν.

2019 1027 2231 1112 Οὑκοῦν
2266 1028 2447 1112 πολλῴ
2482 1030 2686 1100 μᾶλλον
2728 1035 2857 1105 περὶ
2902 1035 3010 1086 τῶν
3059 1037 3422 1109 ἀνθρωπίνων
3464 1058 3610 1112 πρα-

2021 1111 2254 1178 γμάτων
2290 1109 2479 1182 ζητεῖν
2521 1115 2622 1167 οὑκ
2661 1115 2920 1184 ὀφείλεις,
2953 1119 3074 1173 ούδέ
3121 1109 3604 1193 περιεργάζεσθαι.

2017 1193 2083 1249 Τί
2120 1193 2359 1264 δήποτε;
2404 1196 2531 1250 Ὀτι
2570 1198 2778 1251 τούτων
2819 1201 3040 1254 πάντων
3085 1203 3372 1275 ἄνθρωπος
3412 1207 3608 1277 τιμιώ-

2016 1294 2193 1346 τερος,
2231 1281 2326 1332 καί
2377 1281 2551 1338 ταῦτα
2599 1282 2666 1336 δι’
2703 1284 2910 1340 ἐκεῖνον
2957 1287 3202 1356 γέγονεν,
3249 1289 3348 1342 οὑκ
3401 1291 3609 1354 ἐκεῖνος

2015 1359 2106 1418 διὰ
2140 1361 2334 1420 ταῦτα.

2085 1549 2147 1603 6'.
2176 1550 2236 1602 Εἰ
2271 1551 2450 1603 τοίνυν
2485 1551 2583 1624 τὴν
2612 1553 2704 1607 ἐπὶ
2729 1555 2826 1625 τῆς
2854 1556 3110 1623 προνοίας
3135 1557 3299 1610 αὑτοῦ
3335 1559 3494 1628 μόνον
3519 1577 3607 1612 σο-

2014 1634 2143 1703 φίαν
2181 1634 2334 1709 [159]
2381 1639 2476 1691 καὶ
2513 1639 2613 1708 τὴν
2643 1641 2957 1712 οἰκονομίαν
2986 1642 3088 1695 οὑκ
3125 1638 3424 1707 οἳδας,πῶς
3453 1643 3609 1714 δυνή-

2016 1737 2082 1792 σῃ
2107 1721 2235 1784 τοὺς
2291 1721 2486 1790 λόγους
2531 1723 2732 1777 εἰδέναι
2791 1727 2918 1789 τοὺς
2967 1726 3089 1780 κατ’
3139 1728 3339 1793 αὑτόνς
3371 1729 3504 1782 Εἰπὲ
3539 1731 3604 1801 δή

2017 1821 2129 1873 μοι,
2155 1805 2206 1858 τί
2238 1805 2438 1876 δήποτε
2464 1807 2605 1860 οὑτω
2663 1811 2863 1878 μικρὸν
2927 1811 3092 1864 αὑτὸν
3142 1813 3440 1882 εἰργάσατο
3463 1856 3476 1873 ,
3511 1817 3606 1865 καὶ

2012 1888 2268 1942 τοσοῦτον
2296 1891 2571 1960 ἀπέχοντα
2601 1891 2696 1944 τοὺ
2735 1892 2905 1962 ὕψους
2932 1892 3026 1946 τοῦ
3073 1895 3326 1964 ούρανοῦ,
3383 1896 3459 1960 ὼς
3511 1898 3608 1950 καὶ

2013 1972 2376 2043 ἀμφιϐάλλειν
2421 1977 2548 2046 περὶ
2599 1975 2706 2028 τῶν
2752 1975 2866 2030 ἀνω
2920 1978 3294 2048 φαινομένων;
3353 1981 3497 2043 τίνος
3542 1983 3599 2034 δὲ

2011 2058 2197 2111 ἕνεκεν
2231 2058 2301 2112 τὰ
2337 2059 2525 2130 βόρεια
2558 2059 2793 2132 ἀοίκητά
2823 2062 2964 2124 ἐστι,
3018 2063 3113 2115 καὶ
3142 2062 3212 2116 τὰ
3251 2065 3436 2132 νότια;
3470 2065 3605 2118 Εἰπὲ

2024 2143 2090 2214 δή
2128 2161 2239 2214 μοι,
2273 2143 2359 2197 διὰ
2392 2143 2445 2197 τί
2491 2144 2716 2213 γέγονεν
2749 2147 2782 2216 ἠ
2818 2145 2914 2212 νὺξ
2948 2145 3219 2216 χειμῶνος
3255 2148 3354 2217 μὲν
3392 2166 3602 2220 μακρο-

2011 2228 2167 2299 τέρα,
2201 2229 2392 2298 θέρους
2409 2228 2464 2282 δὲ
2496 2227 2766 2294 ὲλάττων;
2801 2228 2890 2281 διά
2912 2230 2962 2282 τί
2994 2228 3168 2299 ψῦχος
3204 2230 3485 2296 τοσοῦτον,
3511 2231 3598 2285 διὰ

2009 2312 2062 2364 τί
2103 2310 2316 2383 καῦμα,
2346 2311 2432 2366 διὰ
2456 2311 2508 2364 τί
2535 2312 2694 2382 σῶμα
2733 2312 2928 2383 θνητόν
2955 2329 2968 2377 ;
3001 2314 3114 2365 K01
3151 2313 3320 2384 μυρία
3349 2331 3408 2366 σε
3439 2315 3606 2385 ἓτερι

2012 2395 2224 2466 ἐρωτῶ,
2257 2395 2353 2448 καὶ
2377 2395 2474 2448 ἐὰν
2506 2395 2688 2468 θέλῃς,
2725 2395 2786 2448 οὑ
2811 2395 3095 2466 παύσομαί
3133 2412 3192 2447 σε
3233 2397 3476 2466 ἐρωτῶν,
3509 2402 3606 2450 καὶ

2012 2479 2068 2532 ἐν
2095 2477 2267 2531 ἀπασί
2301 2497 2390 2549 μοι
2424 2479 2798 2551 διαπορήσεις.
2830 2481 2994 2539 Ὥστε
3021 2479 3180 2533 τοῦτο
3199 2480 3434 2550 μάλιστα
3468 2498 3604 2550 προ-

2011 2562 2158 2624 νοίας
2186 2563 2322 2626 ἐστὶ,
2349 2563 2409 2616 :6
2447 2565 2574 2626 τοὺς
2623 2565 2817 2632 λόγους
2864 2566 2996 2634 ἡμῖν
3056 2564 3405 2638 ἀπορρήτους
3439 2559 3600 2617 εἶναι.

2009 2639 2087 2697 Ἦ
2118 2645 2226 2716 γάρ
2252 2645 2318 2700 ἂν
2351 2647 2446 2699 καὶ
2474 2646 2762 2718 ἄνθρωπον
2791 2647 2962 2700 αἴτιόν
2996 2664 3078 2710 τις
3101 2647 3325 2716 ἐνόμισε
3345 2646 3440 2699 τοῦ
3473 2665 3604 2700 παν-

2011 2729 2122 2793 τὸς,
2175 2731 2224 2782 εἰ
2275 2731 2350 2800 μὴ
2401 2729 2558 2784 τοῦτο
2592 2731 2750 2800 ἡμῶν
2807 2730 3132 2785 κατέστελλε
3183 2730 3284 2800 τὴν
3339 2729 3599 2786 διάνοιαν.

2023 2813 2164 2866 Ἀλλ’
2191 2815 2220 2866 6
2244 2813 2414 2877 δεῖνα,
2451 2814 2585 2882 φησί
2613 2854 2627 2876 ,
2667 2813 2859 2882 πένης,
2887 2815 2984 2867 καὶ
3021 2812 3192 2867 κακὸν
3233 2814 3266 2884 ἡ
3319 2815 3502 2866 πενία.
3537 2814 3602 2864 Τί

2010 2894 2066 2948 δὲ
2104 2897 2338 2966 ἡνόσος,
2380 2897 2433 2948 τί
2489 2897 2547 2948 δὲ
2588 2899 2619 2966 ἠ
2671 2899 2964 2966 πήρωσις;
3023 2897 3194 2950 Οὐδέν
3255 2887 3370 2950 ἐστι
3405 2897 3600 2960 ταῦτα,

2011 2981 2290 3052 ἄνθρωπεο
2323 2981 2381 3036 ἓν
2416 2983 2577 3052 μόνον
2613 2983 2729 3034 ἐστὶ
2763 2982 2956 3048 κακὸν,
3008 2981 3067 3034 :6
3100 2981 3462 3052 ἁμαρτάνειν,
3505 2983 3602 3035 καὶ

2009 3065 2167 3118 τοῦτο
2205 3068 2365 3136 μόνον
2389 3065 2666 3130 ἐξετάζειν
2700 3066 3011 3136 ὀφείλομεν.
3057 3065 3200 3117 Ἀλλ’
3225 3065 3460 3133 ἀφέντες
3489 3065 3600 3117 τῶν

2010 3149 2180 3214 δντως
2214 3150 2399 3203 κακῶν
2423 3151 2521 3214 τάς
2577 3151 2760 3212 αἰτίας
2795 3151 3043 3220 ἑρευνᾷν.
3085 3149 3250 3220 ἕτερα
3280 3149 3601 3219 πολυπραγο

2014 3233 2431 3305 μονοὺμεν.Διὰ
2478 3235 2531 3288 τί
2576 3235 2763 3304 μηδεὶς
2806 3233 2962 3302 ἡμῶν
3008 3232 3280 3304 μηδέποτε
3335 3231 3600 3297 ἐξετάζει,

2008 3318 2098 3371 διὰ
2122 3317 2175 3371 τί
2207 3318 2492 3388 ἧμαρτενς
2531 3314 2640 3389 ἆρα
2670 3320 2729 3369 ἐν
2775 3317 2899 3385 ἐμοὶ
2953 3318 3012 3369 :6
3061 3315 3443 3385 ἀμαρτάνειν;
3493 3311 3603 3383 ἆρα

2009 3401 2110 3456 οὑκ
2133 3403 2189 3452 ἐν
2227 3401 2349 3470 ἐμοί
2372 3419 2386 3467 ;
2420 3402 2528 3453 K01
2551 3401 2602 3453 τί
2631 3417 2700 3470 με
2716 3401 2797 3453 δεῖ
2814 3399 3047 3462 πολλοὺς
3077 3397 3559 3468 περιιέναιλόγους
3584 3414 3599 3462 ;

2012 3482 2071 3535 ἐν
2097 3483 2320 3554 ἐμαυτῷ
2358 3483 2418 3536 :6
2449 3487 2682 3554 πρᾶγμα
2709 3483 2951 3553 ζητήσω
2995 3477 3106 3552 ἆρα
3146 3480 3432 3552 ἐκράτησά
3472 3497 3602 3532 ποτε

2013 3566 2186 3637 θυμοῦ
2215 3584 2228 3632 ;
2262 3563 2372 3637 ἄρα
2397 3567 2682 3637 ἐκράτησά
2709 3581 2839 3619 ποτε
2861 3563 3056 3634 ὀργῆς,
3087 3565 3120 3636 ἦ
3151 3565 3217 3617 δι’
3250 3562 3536 3634 αἰσχύνην,
3568 3563 3599 3632 ἣ

2011 3649 2097 3704 διὰ
2129 3651 2292 3720 φόϐον
2317 3649 2658 3721 ἀνθρώπινον
2684 3669 2698 3715 ;
2727 3646 2859 3703 Εἶτα
2897 3649 3122 3706 ἐπειδὰν
3149 3647 3296 3720 εὕρω
3325 3647 3483 3701 τοῦτο
3525 3665 3604 3715 γι-

2012 3735 2258 3805 νόμενον,
2295 3736 2516 3804 εὑρήσω
2545 3735 2625 3788 ὅτι
2662 3735 2720 3787 ἐν
2755 3735 2880 3803 ἐμοὶ
2904 3733 2965 3786 :6
2989 3731 3351 3803 ἁμαρτάνειν.
3409 3731 3602 3796 Οὐδεὶς

2011 3818 2186 3872 ταῦτα
2218 3816 2483 3883 ἐξετάζει,
2517 3817 2692 3880 οὐδεὶς
2739 3815 2911 3870 ταῦτα
2942 3815 3413 3886 πολυπραγμονεῖ,
3468 3814 3604 3878 ἀλλα

2013 3902 2223 3966 ἁπλῶς,
2254 3900 2398 3954 κατά
2429 3900 2518 3955 τὸν
2573 3899 2710 3965 Ἰὼό,
2741 3899 2966 3967 Βροτὸς
2999 3897 3068 3952 δὲ
3102 3897 3307 3965 ἄλλως
3348 3897 3600 3967 νήχεται

2011 3987 2238 4055 λόγοις.
2275 3986 2342 4038 Τί
2375 3986 2485 4054 γάρ
2520 4003 2601 4040 σοι
2629 3984 2787 4040 τοῦτο
2826 3984 3002 4055 μέλει,
3026 3985 3074 4038 εἰ
3104 3984 3132 4036 6
3180 3983 3330 4044 δεῖνα
3377 3982 3602 4051 τυφ).>.ς,

2014 4071 2108 4124 καὶ
2138 4070 2165 4121 6
2192 4069 2341 4121 δεῖνα
2368 4068 2570 4137 πένης;
2603 4068 2678 4120 Οὑ
2708 4067 2870 4125 τοῦτο
2893 4064 3123 4130 ἐπέταξε
3154 4083 3235 4119 σοι
3260 4067 3288 4118 6
3321 4065 3454 4128 Θεὸς
3477 4081 3603 4117 σκτιπ

2017 4155 2159 4211 πεῖν,
2189 4152 2326 4204 ἀλλὰ
2351 4153 2402 4204 τί
2437 4153 2638 4222 δήποτε
2664 4152 2727 4211 σὺ
2753 4149 3094 4225 πράττειςδ;
3135 4149 3200 4202 Εἰ
3233 4150 3332 4225 μὲν
3360 4147 3469 4219 γὰρ
3495 4148 3606 4218 ἀμε

2015 4235 2314 4304 φιϐάλλεις,
2341 4235 2421 4287 ὅτι
2452 4234 2718 4304 ἐφέστηκέ
2750 4251 2832 4296 τις
2857 4232 2936 4303 τῷ
2966 4235 3162 4303 κόσμῳ
3185 4230 3436 4300 δύναμις,
3465 4232 3604 4287 πάν-

2013 4336 2121 4374 των
2147 4319 2500 4389 ἀνοητότερος
2529 4315 2596 4370 εἷ’
2635 4318 2683 4369 εἰ
2733 4316 2788 4379 δὲ
2847 4316 3104 4369 πέπεισαι
3143 4315 3272 4386 περὶ
3309 4313 3525 4379 τούτου,
3552 4315 3605 4378 τί

2014 4400 2404 4471 ἀμφιϐάλλεις,
2441 4400 2525 4452 ὅτι
2592 4399 2794 4470 ἀρέσαι
2850 4399 2934 4452 δεῖ
2979 4397 3058 4469 τῷ
3106 4396 3254 4468 Θεῷς
3313 4397 3602 4456 Πάντοτε.

2015 4486 2171 4557 φησὶ.
2218 4484 2370 4552 ὑπὲρ
2420 4483 2705 4540 ἁπάντων
2762 4480 3273 4552 εὐχαριστοῦντες
3322 4481 3404 4548 τῷ
3458 4480 3599 4546 Θεῷ,

2018 4569 2258 4628 Ἀπελοε
2315 4568 2393 4632 εἰς
2438 4570 2696 4639 ἰατρεῖον,
2757 4568 2854 4621 καὶ
2888 4566 3030 4634 ὑψει,
3085 4565 3215 4627 ὅταν
3278 4563 3479 4636 εὑρεθῇ
3522 4582 3604 4628 τις

2013 4653 2236 4724 τραῦμα
2266 4651 2424 4722 ἔχων,
2453 4653 2664 4704 ἐκεῖνον
2714 4651 2878 4706 αὑτὸν
2934 4650 3205 4720 τέμνοντα
3233 4649 3330 4702 καὶ
3361 4647 3602 4711 καίοντα,

2029 4738 2152 4790 Ἐπὶ
2177 4735 2235 4799 δὲ
2263 4737 2356 4790 σοῦ
2393 4737 2456 4792 οὑ
2487 4736 2644 4788 τοῦτο
2692 4735 2858 4803 λέγω,
2899 4733 3034 4788 ἀλλά
3066 4732 3270 4786 ἄπελθε
3305 4731 3386 4794 εἰς
3420 4745 3606 4782 τεκτο-

2015 4822 2178 4878 νεῖον·
2217 4821 2310 4872 καὶ
2341 4820 2442 4882 οὑκ
2476 4818 2753 4884 ἐξετάζεις
2786 4817 2876 4872 τὸν
2910 4816 3092 4884 λόγον,
3129 4813 3308 4868 καίτοι
3353 4829 3414 4881 γε
3451 4811 3606 4867 οὐδὲν

2016 4899 2164 4967 οἶδας
2191 4903 2300 4956 τῶν
2331 4904 2634 4974 γινομένων
2664 4903 2798 4956 ἐκεῖ·
2833 4901 2928 4954 καὶ
2946 4898 3116 4952 πολλά
3143 4899 3324 4966 ἄπορα
3349 4892 3489 4949 εἷναί
3523 4913 3606 4958 σοι

2015 4987 2183 5041 δοκεῖ·
2216 4981 2350 5050 οἷον,
2390 4988 2519 5040 ὅταν
2566 4985 2794 5056 τορνεύῃ
2837 4985 2898 5036 :6
2948 4982 3125 5049 ξύλον,
3150 4982 3277 5035 ὅταν
3327 4997 3603 5051 μετασχη·

2021 5071 2240 5144 ματίζῃ.
2267 5071 2483 5125 Μᾶλλον
2525 5071 2580 5123 δὲ
2635 5071 2715 5132 εἰς
2770 5067 3160 5138 εὐπορωτέραν
3212 5082 3272 5119 σε
3313 5065 3511 5136 τέχνην
3540 5063 3606 5117 ἂν

2015 5157 2232 5225 ἀγάγω,
2260 5150 2371 5208 οἷον
2397 5154 2495 5223 τὴν
2515 5153 2624 5206 τῶν
2644 5151 2974 5220 ζωγράφων,
2997 5151 3094 5204 καὶ
3119 5152 3238 5210 ἐκεῖ
3260 5148 3604 5217 ἱλιγγιάσεις.

2018 5239 2153 5294 Είπὲ
2183 5238 2291 5310 γάρ
2315 5254 2427 5307 μοι,
2459 5236 2582 5306 οὑχὶ
2620 5234 2807 5294 ἁπλῶς
2837 5251 2915 5287 σοι
2953 5234 3103 5297 δοκεῖ
3137 5235 3337 5297 ποιεῖν,
3362 5230 3398 5284 ἀ
3426 5233 3604 5297 ποιεῖς

2015 5325 2068 5378 τί
2104 5323 2215 5395 γὰρ
2255 5322 2405 5392 αὑτῲ
2451 5320 2733 5390 βούλονται
2773 5320 2830 5372 αἰ
2865 5319 3152 5390 γραμμαὶ,
3204 5317 3298 5370 καὶ
3344 5318 3400 5370 αἱ
3451 5332 3608 5385 περι-

2016 5409 2234 5478 αγωγαί
2261 5406 2372 5466 τῶν
2404 5403 2714 5479 γρᾳμμῶνς
2755 5403 2897 5459 Ἀλλ’
2921 5404 2988 5457 ἂν
3017 5401 3181 5473 ἐπιθῇ
3207 5400 3274 5454 τὰ
3309 5398 3606 5470 χρώματα,

2082 5655 2106 5693 b
2140 5654 2278 5704 Unus
2309 5653 2465 5703 codex
2497 5659 2548 5701 el
2573 5663 2729 5708 marg.
2768 5647 2944 5707 εει-ιι..
2986 5648 3200 5697 σκοπεῖν·
3228 5646 3337 5695 οὑδὲ
3384 5644 3464 5708 διὰ
3484 5645 3528 5692 τί
3550 5645 3610 5708 τᾷ

2013 5715 2215 5766 τοιαῦτα
2238 5716 2326 5764 οὐκ
2355 5715 2574 5769 ἐσκόπεις
2598 5704 2842 5770 ζητήσειεν
2869 5704 2955 5775 (al.
2981 5712 3173 5768 ζητήσει
3199 5709 3298 5772 σε),
3323 5707 3446 5757 ἀλλὰ
3465 5708 3542 5754 διὰ
3564 5704 3610 5765 τί

2017 5777 2169 5830 ταῦτα
2187 5779 2424 5837 ἔπραττες.
