4092 6512
336 398 440 454 133

325 513 459 586 quid
491 511 592 566 sibi
635 508 825 565 volunt
851 509 956 564 illa:
992 507 1183 571 lineae,
1225 514 1280 560 et
1305 505 1491 559 earum
1519 500 1936 557 circumductioo

327 607 472 663 nes?
499 603 607 660 Sed
641 603 686 658 si
725 600 1047 670 imposuerit
1074 598 1313 664 colores,
1340 608 1466 651 tunc
1497 595 1588 648 tibi
1623 593 1831 649 videtur
1852 607 1941 647 ars

329 699 564 770 pulchra
595 714 610 751 :
654 705 712 750 et
756 710 827 749 ne
869 694 951 749 sic
983 692 1202 762 quidem
1237 689 1438 758 poteris
1472 696 1660 741 exacte
1704 685 1936 740 discere.

323 792 471 858 Quid
503 799 686 844 autem
717 785 842 841 dico
870 785 938 838 de
962 783 1152 848 fabris,
1179 782 1249 836 de
1280 780 1596 849 pictoribus,
1628 789 1684 832 et
1711 791 1939 831 conser-

323 882 452 936 vis?
474 881 606 951 Apis
626 877 899 950 quomodo
932 876 1055 930 facit
1082 874 1259 940 favos,
1277 871 1386 938 dic,
1405 879 1768 940 rogo,ettunc
1793 867 1940 924 dices

322 977 398 1033 de
430 977 562 1030 Deo.
591 972 974 1028 Formicarum
1005 968 1153 1021 disce
1189 965 1597 1034 operationem,
1628 977 1843 1016 aranea:
1887 969 1941 1015 et

326 1068 662 1129 hirundinis,
708 1075 762 1120 et
792 1073 922 1118 tunc
944 1063 1094 1116 dices
1121 1061 1192 1114 de
1217 1060 1347 1114 Deo.
1379 1058 1436 1114 Si
1459 1058 1674 1127 sapiens
1695 1057 1793 1122 sis,
1825 1055 1941 1109 inec

325 1157 462 1210 mihi
491 1155 643 1210 dicas
667 1171 682 1217 ;
709 1153 806 1207 sed
835 1166 942 1206 non
969 1159 1146 1222 potes.
1177 1148 1294 1203 Non
1317 1147 1556 1202 cessabis
1583 1161 1730 1216 ergo,
1766 1162 1798 1197 ο
1839 1144 1938 1198 ho-

325 1266 439 1314 mo,
471 1261 722 1320 quaerere
743 1242 1187 1315 supervacanea?
1218 1233 1342 1296 sunt
1366 1241 1510 1295 enim
1538 1254 1726 1294 revera
1747 1253 1940 1307 super-

325 1357 565 1396 vat-anea
599 1358 615 1394 :
646 1354 752 1392 non
803 1335 1047 1392 cessabis
1095 1338 1310 1388 curiose
1341 1331 1619 1391 scrutari?
1662 1330 1807 1385 Nihil
1857 1340 1942 1385 est

327 1440 431 1490 hac
457 1433 803 1505 ignoratione
834 1441 889 1485 et
919 1429 1192 1500 imperitia
1236 1426 1572 1496 sapientius,
1618 1426 1671 1479 in
1715 1439 1818 1494 qua
1851 1423 1940 1492 qui

327 1527 654 1598 profitentur
687 1524 909 1594 quidem
941 1537 1001 1577 se
1043 1520 1179 1575 nihil
1211 1520 1352 1575 scire
1375 1557 1393 1585 ,
1425 1527 1552 1572 sunt
1577 1518 1817 1571 omnium
1848 1532 1937 1571 sa-

328 1618 690 1690 pientissimi;
719 1617 811 1686 qui
842 1624 1024 1670 autem
1058 1613 1272 1668 curiose
1297 1618 1630 1674 scrutantur,
1672 1617 1800 1664 sunt
1825 1623 1942 1662 om-

329 1716 483 1768 nium
522 1710 908 1766 amentissimi.
941 1708 1120 1776 Quare
1172 1707 1411 1776 proﬁteri
1449 1720 1509 1760 se
1537 1705 1679 1759 scire
1712 1719 1816 1758 non
1857 1711 1941 1758 est

327 1823 547 1876 semper
567 1805 868 1875 sapientiie,
894 1802 988 1858 sed
1017 1811 1103 1856 est
1124 1801 1286 1855 etiam
1307 1798 1502 1854 alicubi
1523 1797 1783 1851 stultitiae.
1807 1795 1962 1862 Nam,

327 1898 422 1954 dic
451 1898 617 1963 mihi,
657 1896 704 1950 si
733 1911 800 1950 ex
842 1895 1054 1949 duobus
1091 1892 1400 1948 hominibus
1437 1892 1574 1946 alter
1603 1890 1941 1958 proﬁteretur

335 2009 398 2045 se
419 2005 725 2045 mensarum
759 2003 969 2052 aerem,
1002 1987 1092 2058 qui
1125 2001 1156 2040 a
1187 1995 1328 2040 terra
1361 1984 1606 2055 pervadit
1632 1983 1696 2036 ad
1725 1983 1936 2049 caelum,

342 2085 582 2138 extensis
623 2082 874 2146 funibus,
935 2081 1073 2136 alter
1117 2089 1297 2134 autem
1347 2077 1576 2133 irridens
1629 2077 1833 2131 diceret
1881 2093 1940 2131 se

344 2175 580 2242 nescire,
613 2173 1351 2246 quem,qu:esii,ridebimus?
1375 2188 1572 2226 eumne
1603 2172 1690 2242 qui
1723 2171 1852 2226 dicit
1881 2186 1941 2226 se

337 2269 511 2336 scire,
542 2284 608 2323 an
647 2284 774 2323 eum
819 2267 912 2337 qui
961 2267 1210 2337 ignorat?
1261 2265 1357 2321 Est
1409 2267 1748 2336 perspicuum
1794 2265 1938 2335 quod

333 2382 457 2419 eum
481 2365 570 2434 qui
592 2364 725 2418 dicit
748 2377 809 2417 sc
831 2365 991 2417 scire.
1012 2361 1110 2429 Qui
1130 2375 1260 2430 ergo
1285 2361 1514 2430 ignorat,
1541 2369 1625 2415 est
1645 2359 1940 2428 sapientior

329 2473 401 2512 eo
425 2458 513 2526 qui
538 2457 816 2525 professus
832 2463 916 2509 est
936 2468 996 2509 se
1023 2453 1183 2507 scire.
1207 2453 1344 2520 Quid
1373 2468 1577 2517 rursus,
1609 2452 1651 2506 si
1673 2451 1937 2522 quispiam

331 2548 685 2620 proﬁteretur
715 2561 776 2602 se
802 2545 944 2600 scire
966 2554 1099 2616 quot
1124 2545 1351 2617 cyathos
1381 2545 1573 2600 habeat
1603 2558 1773 2606 mare,
1802 2542 1940 2597 alius

328 2651 510 2694 autem
537 2655 598 2693 se
626 2639 897 2707 ignorare,
935 2653 1041 2691 non
1075 2652 1260 2692 rursus
1308 2637 1570 2707 ignoratio
1600 2645 1682 2690 est
1722 2638 1938 2707 sapien-

329 2734 436 2786 tior
493 2731 842 2800 cognitione?
884 2729 1115 2785 Maxime
1165 2745 1181 2786 :
1225 2729 1433 2800 quare?
1486 2729 1935 2800 Quandoquidem

325 2827 420 2881 illa
450 2840 669 2898 quoque
697 2825 968 2895 ignoratio
995 2833 1079 2880 est
1106 2823 1341 2879 iutensa.
1375 2823 1510 2878 Nam
1541 2824 1630 2893 qui
1660 2823 1791 2880 dicit
1814 2824 1936 2895 qui-

325 2920 453 2973 dem
503 2935 563 2973 se
615 2918 851 2986 nescire,
905 2917 1009 2972 scit
1049 2925 1255 2988 partem
1303 2916 1557 2987 aliquam.
1607 2915 1937 2982 Quamnam?

326 3011 483 3079 Quod
507 3011 715 3066 homini
756 3011 827 3065 sit
864 3009 1419 3079 incomprehensibile
1451 3025 1464 3061 :
1505 3024 1613 3063 non
1662 3009 1805 3062 enim
1836 3007 1939 3062 hoc

330 3119 584 3174 parvum.
613 3103 716 3169 Qui
739 3111 920 3156 autem
949 3115 1011 3156 se
1033 3101 1166 3156 dicit
1195 3102 1356 3165 seire,
1393 3101 1480 3156 ille
1503 3101 1736 3156 maxime
1767 3101 1937 3156 nescit

326 3194 473 3264 quod
499 3209 560 3249 se
580 3194 712 3248 dicit
739 3194 912 3258 scire;
943 3201 994 3248 et
1027 3201 1248 3264 propter
1281 3193 1380 3248 hoc
1406 3193 1582 3263 ipsum
1621 3202 1707 3248 est
1733 3193 1933 3248 ridicu-

326 3286 432 3342 lus.
463 3286 561 3340 Hei
585 3287 715 3340 mihi
740 3291 754 3340 ι
785 3301 946 3357 quam
980 3285 1165 3342 multis
1195 3285 1476 3341 erudimur
1502 3287 1936 3356 intempestivam

327 3378 610 3435 refrenare
648 3379 1023 3434 curiositatem
1055 3389 1109 3434 et
1134 3393 1595 3449 supervacaneam
1639 3379 1938 3450 indagatio-

327 3486 476 3537 nem,
528 3484 630 3525 nec
680 3470 1050 3536 sustinemus;
1097 3469 1193 3525 sed
1238 3471 1404 3526 vitam
1448 3470 1678 3526 aliorum
1725 3471 1939 3525 curiose

329 3563 682 3634 indagamus,
722 3577 822 3618 cur
864 3562 954 3617 hic
1003 3577 1202 3630 caecus,
1242 3562 1336 3618 ille
1383 3577 1513 3617 vero
1561 3577 1784 3632 panper.
1827 3562 1938 3617 llac

328 3656 489 3726 igitur
509 3656 723 3711 ratione
745 3656 800 3710 in
828 3655 963 3710 alias
983 3657 1149 3711 etiam
1171 3669 1342 3725 nugas
1362 3654 1680 3718 incidemus,
1703 3669 1802 3710 cur
1825 3653 1940 3710 lucc

329 3752 398 3803 sit
421 3749 652 3816 femina,
691 3758 748 3804 et
777 3765 884 3804 non
916 3765 1107 3805 omnes
1137 3749 1261 3818 viri,
1291 3765 1388 3805 cur
1418 3750 1621 3814 asinus,
1665 3765 1764 3804 cur
1801 3749 1899 3804 hos
1920 3793 1934 3816 ,

327 3858 428 3897 cur
455 3843 628 3908 canis,
652 3857 750 3897 cur
777 3843 955 3913 lupus,
979 3857 1076 3898 cur
1096 3841 1252 3913 lapis.
1282 3859 1379 3897 cur
1400 3843 1565 3913 ligna,
1589 3852 1644 3896 et
1665 3844 1730 3898 ad
1761 3844 1940 3898 inlini-

329 3945 438 3991 tam
471 3935 836 4005 prolixitatem
865 3934 1078 3990 decidet
1105 3937 1302 3990 oratio.
1337 3936 1627 4007 PrOpterea
1662 3937 1804 3991 Deus
1835 3952 1936 3992 no-

326 4029 414 4083 his
445 4029 707 4084 terminos
739 4027 1066 4098 cognitionis
1095 4028 1401 4092 constituit,
1436 4039 1489 4082 et
1519 4029 1572 4083 iu
1604 4039 1791 4083 natura
1818 4029 1940 4083 fun-

325 4121 494 4176 davit.
513 4120 900 4191 Conteniplare
923 4129 1104 4175 autem
1129 4120 1258 4174 mihi
1291 4122 1514 4176 multam
1544 4119 1935 4186 curiositatem,

323 4215 472 4283 quod
509 4216 758 4271 videntes
785 4224 988 4270 tantam
1016 4230 1047 4270 a
1077 4224 1217 4270 terra
1246 4214 1311 4270 ad
1340 4215 1532 4270 cielum
1578 4213 1936 4281 altitudinem,

327 4311 554 4365 minime
569 4310 835 4366 afﬁeimur
851 4325 950 4365 nec
963 4325 1245 4366 movemur
1270 4322 1283 4364 :
1301 4308 1518 4380 quando
1543 4307 1648 4363 alta
1670 4309 1801 4364 turri
1819 4323 1938 4363 con.

322 4419 520 4461 scensn
551 4405 880 4460 voluerimus
895 4404 1151 4459 deorsum
1166 4404 1432 4474 aspicere,
1454 4403 1496 4457 si
1524 4417 1707 4472 parum
1740 4417 1836 4456 nos
1858 4401 1940 4456 iu-

321 4497 730 4563 clinaverimus,
745 4497 923 4568 gravis
943 4511 1040 4550 nos
1057 4496 1260 4551 invadit
1277 4497 1483 4567 vertigo
1497 4507 1552 4550 et
1573 4496 1826 4551 ICIICbI'lB.
1847 4495 1939 4551 Dic

323 4588 464 4643 mihi
483 4589 644 4659 hujus
659 4590 736 4644 rei
752 4604 992 4654 causam,
1011 4589 1106 4643 sed
1123 4605 1228 4644 non
1247 4589 1536 4654 inveneris,
1565 4605 1663 4644 cur
1681 4590 1938 4659 majorem

323 4679 438 4734 vim
449 4678 834 4746 habetoculus,
848 4691 897 4736 et
909 4680 1180 4736 detinetur
1190 4681 1260 4736 ab
1280 4681 1474 4752 iisquaa
1485 4689 1609 4735 sunt
1625 4679 1935 4736 remotiora.

399 4774 457 4826 5.
490 4772 557 4826 Et
581 4772 634 4828 id
660 4773 913 4829 similiter
943 4773 1144 4830 videris
1185 4775 1235 4829 in
1277 4775 1486 4830 auditu.
1535 4774 1650 4832 Non
1703 4775 1940 4846 potuerit

321 4866 474 4920 enim
495 4865 766 4935 quispiam
801 4875 1008 4921 tantum
1058 4867 1297 4922 clamare
1343 4877 1403 4920 ut
1452 4866 1674 4938 impleat
1717 4882 1934 4930 aerem,

321 4969 589 5026 quantum
618 4954 817 5025 poterit
843 4957 1318 5024 comprehendere
1343 4957 1532 5012 oculus
1556 4999 1571 5023 ,
1624 4973 1799 5027 neque
1838 4972 1937 5011 au-

319 5050 445 5103 dire
485 5063 552 5102 ex
600 5058 750 5104 tanto
795 5049 1105 5104 intervallo.
1159 5047 1268 5103 Cur
1309 5066 1414 5106 non
1467 5050 1645 5104 omnia
1695 5052 1936 5106 membra

317 5151 456 5197 sunt
487 5142 697 5197 honore
727 5143 916 5210 paria?
946 5158 1043 5196 cur
1067 5157 1172 5197 non
1206 5159 1370 5197 unum
1402 5154 1728 5213 acceperunt
1754 5160 1933 5208 usum,

317 5249 428 5289 nec
474 5233 698 5289 locum?
727 5234 925 5290 Paulus
973 5250 1187 5304 quoque
1220 5236 1322 5291 hoc
1356 5245 1440 5290 est
1483 5246 1790 5302 scrutatus,
1827 5237 1935 5293 imo

317 5340 460 5379 vero
489 5341 596 5380 non
623 5333 710 5380 est
737 5335 1045 5392 scrutatus,
1080 5336 1198 5381 erat
1226 5329 1373 5383 enim
1401 5328 1619 5398 sapiens
1644 5371 1659 5396 ,
1689 5329 1785 5383 sed
1813 5344 1936 5384 cum

320 5418 379 5473 in
427 5417 574 5472 hunc
614 5417 790 5472 locum
824 5416 1134 5484 incidisset,
1171 5419 1342 5474 dicit:
1379 5419 1818 5490 Unumquodque,
1860 5422 1939 5474 in-

317 5509 473 5579 quit,
505 5524 682 5563 eorum
714 5510 886 5578 posuit
912 5510 1044 5563 sicut
1069 5510 1228 5564 voluit
1260 5511 1352 5583 (l.
1377 5511 1498 5565 Cor.
1534 5511 1622 5567 l2.
1659 5514 1765 5584 18)
1797 5531 1811 5567 :
1838 5529 1931 5565 γυο

317 5599 520 5654 lunlati
547 5599 667 5670 ejus
698 5609 869 5656 totum
903 5601 1195 5656 commisit.
1239 5601 1332 5658 llis
1363 5618 1494 5673 ergo
1525 5604 1705 5659 missis
1734 5605 1935 5674 gratias

318 5696 503 5752 solum
530 5711 758 5769 agamus
783 5713 882 5766 pro
930 5697 1186 5754 Omnibus
1220 5716 1233 5753 :
1266 5698 1390 5753 Ideo
1411 5741 1424 5765 ,
1480 5699 1683 5770 inquit,
1732 5701 1933 5771 gratias

318 5789 468 5859 agite
500 5804 599 5858 pro
623 5788 898 5844 omnibus.
936 5789 1049 5844 Hoc
1075 5799 1157 5844 est
1178 5791 1314 5858 grati
1347 5789 1552 5858 famuli,
1587 5790 1691 5846 hoc
1718 5790 1935 5861 sapien-

319 5885 416 5949 tis,
452 5880 556 5936 hoc
589 5881 970 5950 intelligentis;
1021 5882 1152 5938 illud
1200 5883 1476 5952 loquacis,
1524 5883 1680 5941 otiosi
1733 5893 1786 5940 et
1835 5900 1930 5940 cu-

668 6000 942 6064 PATROL.
993 6005 1108 6063 (in.
1165 6003 1353 6065 LXII.

1197 390 1263 447 IN
1302 391 1518 448 EPIST.
1563 392 1654 446 AD
1691 386 1935 446 El’llES.

2045 385 2133 440 ll’.
2183 385 2240 439 ιτ.
2283 384 2515 440 llOlllL.
2561 385 2702 441 ιιικ.
3545 389 3644 444 εει

2053 499 2201 552 riosi.
2251 497 2366 554 Non
2399 499 2549 555 vides
2577 503 2717 555 inter
2743 501 2974 557 famulos
3001 545 3014 568 ,
3045 504 3188 572 quod
3218 502 3309 574 qui
3359 514 3481 558 sunt
3524 507 3643 574 qui-

2056 589 2179 642 dem
2205 589 2402 660 abjecli
2425 602 2478 645 et
2502 593 2662 662 plane
2691 593 2985 665 despuendi
3012 635 3027 661 ,
3059 604 3114 650 et
3155 595 3224 650 ad
3275 596 3406 650 nihil
3460 597 3646 662 utiles,

2048 695 2175 738 sunt
2205 684 2457 755 loquaces
2481 694 2535 740 et
2559 697 2868 756 uugatores,
2893 699 2946 743 et
2989 691 3204 745 curiose
3241 690 3518 760 inquirunt
3564 709 3646 747 res

2047 776 2390 830 dominorum
2415 819 2429 842 ,
2470 794 2602 847 quas
2647 779 2721 833 illi
2753 780 2934 834 volunt
2963 781 3147 838 celare
3181 799 3194 835 :
3232 783 3505 853 sapientes
3549 800 3645 838 au-

2050 876 2176 932 tem,
2208 869 2345 938 grati
2373 878 2430 922 et
2457 867 2731 936 benevoli,
2759 887 2923 925 unum
2949 873 3124 927 solum
3145 883 3397 943 spectant
3424 883 3647 929 utsuum

2049 960 2406 1017 ministerium
2440 962 2739 1032 impleant?
2767 963 2868 1031 Qui
2913 968 3139 1022 multum
3186 968 3455 1038 loquitur,
3514 970 3647 1024 nihil

2046 1065 2305 1126 operatur
2338 1077 2351 1112 :
2381 1058 2523 1112 sicut
2553 1059 2645 1127 qui
2675 1061 2902 1114 multum
2930 1072 3205 1131 operatur,
3239 1063 3374 1118 nihil
3409 1065 3646 1134 loquitur

2050 1145 2509 1217 intempestivum.
2550 1149 2838 1220 Propterea
2866 1151 3078 1207 dicebat
3110 1153 3308 1209 l’aulus
3333 1156 3561 1226 loquens
3587 1158 3654 1209 de

2047 1242 2221 1296 viduis
2254 1261 2266 1296 :
2301 1242 2423 1299 Non
2453 1245 2619 1299 solum
2639 1249 2814 1302 otiosa:
2843 1249 3043 1303 discunt
3078 1248 3096 1323 [
3121 1251 3309 1307 domos
3335 1253 3642 1326 circuire];

2046 1335 2138 1388 sed
2161 1337 2314 1390 etiam
2344 1337 2566 1393 verbosa:
2589 1349 2637 1394 et
2672 1356 2891 1412 nugaces
2918 1341 2995 1415 (l.
3022 1341 3158 1396 Tim.
3186 1344 3240 1399 5.
3275 1346 3341 1400 l5
3365 1344 3404 1416 ).

2122 1427 2307 1482 Divina
2337 1445 2438 1483 non
2481 1430 2607 1485 adeo
2633 1432 2886 1487 incuriose
2919 1435 3239 1506 indaganda.
3272 1466 3342 1475 —-
3376 1437 3468 1490 Dic
3497 1437 3646 1491 mihi.

2047 1520 2174 1588 quid
2206 1521 2326 1589 plus
2361 1523 2583 1577 interest
2612 1525 2752 1579 inter
2783 1536 3024 1581 nostram
3067 1537 3281 1583 a-tatem
3338 1539 3395 1583 et
3436 1538 3650 1584 aetatem

2049 1629 2362 1684 puerorum,
2397 1633 2463 1670 an
2495 1619 2636 1673 inter
2664 1620 2830 1675 Deum
2867 1630 2923 1675 et
2952 1619 3240 1676 homines?
3268 1621 3412 1676 inter
3462 1638 3561 1677 nos
3599 1634 3651 1676 ct

2045 1706 2269 1771 culices,
2295 1722 2363 1761 an
2393 1708 2533 1763 inter
2565 1710 2732 1764 Deum
2762 1720 2817 1766 et
2847 1712 2986 1766 nos?
3019 1711 3243 1768 Planum
3270 1723 3373 1779 est,
3408 1714 3528 1784 plus
3565 1716 3649 1768 iu-

2047 1811 2252 1854 teresse
2292 1799 2433 1854 inter
2462 1802 2628 1856 Deum
2656 1811 2712 1857 ct
2738 1818 2861 1862 nos.
2891 1804 2997 1858 Cur
3027 1819 3156 1874 ergo
3186 1814 3239 1859 tu
3281 1820 3340 1859 es
3379 1807 3517 1860 adeo
3552 1823 3652 1861 eu-

2046 1893 2259 1948 riosus?
2285 1893 2499 1951 Gratias
2519 1912 2618 1966 age
2645 1911 2742 1966 pro
2773 1897 3045 1953 omnibus.
3071 1899 3210 1967 Quid
3244 1915 3372 1954 vero
3391 1940 3408 1966 ,
3441 1901 3647 1970 inquit,

2046 1982 2090 2036 si
2117 1999 2205 2039 me
2226 1983 2524 2056 interroget
2544 1986 2799 2048 Graecus.
2825 1988 2951 2058 quid
2985 1988 3367 2057 respondebo?
3416 1993 3526 2044 vult
3581 2006 3646 2044 ex

2045 2091 2132 2130 me
2157 2076 2298 2132 seire
2320 2093 2386 2131 an
2418 2082 2488 2133 sit
2512 2079 2852 2150 providentia
2879 2098 2894 2136 :
2933 2081 3045 2150 ipse
3091 2081 3236 2136 enim
3277 2081 3408 2136 dicit
3441 2083 3644 2137 nullum

2043 2185 2164 2224 esse
2192 2171 2282 2242 qui
2311 2170 2612 2240 provideat.
2641 2171 2722 2227 Tu
2745 2188 2876 2242 ergo
2896 2190 3021 2228 eum
3050 2182 3236 2230 contra
3263 2175 3555 2247 interroga.
3579 2179 3650 2231 At

2043 2262 2303 2319 dicituon
2326 2279 2447 2319 esse
2469 2265 2884 2335 providentiam.
2913 2267 3066 2336 Quod
3106 2269 3176 2323 sit
3223 2269 3438 2340 quidem
3473 2272 3650 2341 provi-

2043 2355 2248 2418 dentia,
2272 2371 2338 2411 ex
2375 2358 2439 2411 iis
2464 2374 2584 2428 qua:
2613 2358 2796 2414 dixisti
2824 2369 2908 2415 est
2937 2362 3280 2431 perspicuum
3309 2377 3325 2427 ;
3359 2363 3505 2434 quod
3549 2379 3648 2418 au-

2046 2455 2152 2501 tem
2183 2462 2288 2500 non
2325 2450 2495 2517 possit
2529 2449 2954 2520 comprehendi,
2987 2469 3054 2506 ex
3081 2468 3147 2508 eo
3171 2453 3314 2525 quod
3352 2471 3459 2511 non
3501 2456 3649 2511 iuve-

2046 2539 2255 2592 niamns
2285 2542 2571 2595 rationem.
2619 2541 2752 2596 Nam
2794 2544 2838 2598 si
2884 2544 2934 2598 in
2986 2543 3054 2599 iis
3105 2560 3227 2616 qua:
3270 2547 3652 2605 administrant

2045 2630 2329 2700 homines,
2379 2633 2649 2689 nescimus
2681 2649 2828 2705 stepe
2872 2637 3094 2708 modum
3141 2637 3647 2708 administrationis,

2043 2738 2369 2791 quamquam
2404 2725 2572 2778 multa
2603 2739 2670 2779 ex
2701 2725 2768 2780 iis
2789 2727 2948 2781 nobis
2974 2728 3225 2783 videntur
3249 2744 3371 2786 esse
3391 2731 3645 2800 absurda,

2042 2824 2099 2869 et
2127 2815 2370 2872 cedimus
2399 2835 2412 2870 :
2455 2827 2659 2886 quanto
2692 2820 2864 2889 magis
2896 2820 2946 2874 in
2981 2821 3257 2877 Deo?Sed
3287 2823 3338 2877 in
3375 2824 3486 2878 Deo
3512 2825 3646 2880 nihil

2041 2920 2127 2964 est
2152 2909 2444 2965 absurdum
2467 2955 2481 2974 ,
2506 2927 2682 2982 neque
2716 2913 2928 2968 videtur
2967 2930 3091 2970 esse
3135 2916 3400 2972 ﬁdelibus.
3432 2918 3499 2973 Et
3526 2919 3646 2975 ideo

2046 3019 2143 3072 pro
2165 3005 2418 3060 Omnibus
2446 3007 2648 3075 gratias
2672 3021 2895 3076 agamus
2916 3050 2929 3073 ,
2971 3023 3064 3077 pro
3093 3011 3343 3065 omnibus
3371 3027 3495 3066 cum
3528 3013 3648 3084 glo-

2044 3095 2336 3152 riﬁcemus.
2363 3098 2615 3169 Subjecli,
2651 3100 2844 3171 inquit,
2878 3102 3087 3156 invicem
3110 3105 3162 3157 in
3206 3105 3388 3159 timore
3432 3103 3550 3161 Dei.
3589 3108 3646 3163 Si

2041 3190 2185 3245 enim
2212 3200 2431 3260 propter
2457 3193 2824 3263 magistratum
2855 3194 3172 3264 subjiceris,
3218 3208 3442 3269 propter
3484 3216 3648 3270 pecu—

2042 3284 2183 3351 nias,
2209 3296 2297 3340 aut
2323 3296 2541 3357 propter
2565 3287 2823 3356 pudorem
2851 3331 2866 3352 ,
2907 3290 3077 3344 multo
3107 3293 3276 3362 magis
3306 3302 3527 3363 pr0pter
3550 3294 3646 3350 Dei

2045 3388 2268 3433 metum.
2299 3378 2381 3434 Sit
2406 3381 2682 3434 servitutis
2707 3388 2762 3436 et
2794 3383 3148 3453 subjectionis
3181 3395 3366 3440 mutua
3399 3402 3650 3443 remune-

2045 3469 2180 3522 ratio
2204 3486 2218 3534 ;
2252 3471 2329 3524 sic
2349 3471 2493 3524 enim
2517 3487 2622 3526 non
2641 3473 2746 3526 erit
2766 3475 3021 3530 servitus.
3046 3474 3162 3530 Non
3199 3476 3386 3532 sedeat
3422 3478 3640 3549 quidem

2045 3560 2137 3616 ille
2164 3560 2217 3614 in
2245 3561 2435 3618 ordine
2459 3570 2515 3617 et
2535 3563 2656 3619 loco
2680 3565 2832 3620 liberi
2857 3608 2870 3632 ,
2905 3567 2993 3620 hic
3022 3583 3153 3622 vero
3199 3569 3250 3624 in
3298 3570 3419 3624 loco
3461 3573 3640 3637 servi;

2044 3652 2139 3708 sed
2171 3653 2363 3709 melius
2389 3664 2472 3709 est
2501 3664 2561 3710 ut
2586 3664 2641 3710 et
2668 3655 2872 3712 domini
2899 3668 2954 3711 ct
2978 3661 3117 3713 servi
3155 3660 3292 3715 alter
3331 3661 3486 3716 alteri
3526 3678 3644 3718 ser-

2046 3746 2192 3800 viant
2216 3764 2228 3799 :
2263 3745 2434 3801 multo
2458 3747 2652 3803 melius
2672 3757 2756 3802 est
2784 3750 2863 3803 sic
2885 3765 3007 3805 esse
3029 3766 3267 3819 servum,
3299 3769 3458 3824 quam
3493 3755 3650 3811 aliter

2046 3839 2294 3894 liberum.
2323 3838 2486 3909 idque
2517 3840 2641 3896 inde
2662 3851 2744 3897 est
2769 3841 2993 3898 evidens
3018 3862 3031 3897 :
3063 3845 3133 3899 sit
3153 3846 3418 3917 quiSpiam
3443 3847 3647 3904 habens

2043 3943 2257 3988 centum
2305 3933 2574 4003 famulos,
2617 3947 2672 3990 et
2719 3936 2896 3992 nullus
2939 3938 3037 4008 ipsi
3071 3940 3378 4007 ministret;
3412 3942 3640 3997 sint-alii

2044 4035 2261 4081 centum
2293 4027 2449 4082 amici
2475 4043 2534 4082 se
2566 4027 2794 4082 invicem
2824 4028 3122 4085 servientes
3151 4049 3164 4084 :
3197 4032 3414 4101 quinam
3453 4033 3648 4089 melius

2045 4120 2268 4172 vivent?
2295 4119 2512 4190 quinam
2537 4134 2658 4174 cum
2679 4120 2865 4189 majori
2897 4121 3171 4192 voluptate
3198 4132 3252 4177 et
3279 4123 3462 4178 laetitia
3484 4125 3507 4177 ?
3527 4123 3643 4182 Non

2044 4219 2129 4264 est
2155 4210 2263 4264 illic
2299 4210 2374 4264 ira
2405 4225 2580 4280 neque
2608 4210 2902 4280 indignatio
2929 4227 3104 4284 neque
3137 4212 3283 4267 furor
3329 4230 3503 4284 neque
3543 4217 3646 4272 ali-

2044 4301 2174 4372 quid
2199 4302 2342 4356 aliud
2375 4302 2641 4371 ejusmodi
2673 4319 2689 4368 ;
2723 4303 2810 4357 hic
2834 4313 3015 4359 autem
3041 4314 3125 4359 est
3154 4306 3316 4362 timor
3338 4317 3392 4362 et
3424 4321 3597 4363 metus
3626 4327 3642 4363 :

2045 4403 2102 4448 et
2126 4393 2233 4448 illic
2258 4391 2473 4464 quidem
2506 4393 2878 4460 necessitatis,
2936 4395 3022 4449 hic
3062 4409 3245 4454 autem
3292 4408 3421 4454 sunt
3465 4401 3647 4456 omnia

2046 4490 2273 4546 instituti
2303 4498 2358 4544 et
2386 4489 2537 4544 liberi
2565 4489 2772 4546 arbitrii
2806 4507 2821 4543 :
2853 4501 2909 4546 et
2939 4492 3051 4546 illic
3097 4493 3313 4563 quidem
3362 4494 3414 4551 vi
3457 4497 3600 4552 illata
3631 4514 3647 4558 ;

2047 4582 2136 4638 hic
2162 4593 2340 4638 autem
2373 4582 2635 4638 habentes
2665 4583 2935 4654 gratiam,
2990 4584 3127 4641 alter
3169 4586 3330 4642 alteri
3377 4590 3642 4645 serviunt.

2043 4673 2134 4729 Sic
2161 4674 2273 4729 vult
2303 4674 2442 4728 Dens
2474 4692 2489 4728 :
2521 4683 2803 4746 propterea
2850 4674 2978 4729 lavit
3027 4675 3191 4746 pedes
3240 4675 3646 4750 discipulorum.

2045 4764 2160 4820 lmo
2183 4779 2334 4830 vero,
2364 4767 2408 4820 si
2439 4766 2573 4820 velis
2599 4781 2712 4821 rem
2741 4776 2990 4822 accurate
3017 4766 3330 4822 examinare
3351 4806 3370 4835 ,
3401 4770 3562 4825 etiam
3592 4771 3650 4825 in

2045 4857 2276 4915 dominis
2302 4866 2386 4912 est
2410 4858 2683 4912 servitutis
2701 4866 2887 4913 mutua
2917 4860 3300 4914 remuneratio.
3321 4858 3461 4927 Quid
3474 4863 3646 4930 enim,

2045 4951 2089 5005 si
2119 4947 2290 5006 fastus
2318 4965 2423 5006 non
2452 4950 2580 5004 sinit
2608 4958 2666 5004 ut
2689 4958 2945 5021 appareat
2973 4949 3379 5006 remuneratio?
3415 4951 3643 5020 Quando

2045 5041 2188 5098 enim
2218 5041 2310 5098 hic
2327 5040 2543 5113 quidem
2572 5041 2793 5096 exhibet
2815 5041 3098 5111 corporale
3141 5042 3497 5099 ministerium
3518 5086 3533 5108 ,
3584 5057 3640 5101 tu

2043 5143 2224 5190 autem
2249 5148 2446 5205 corpus
2477 5133 2649 5187 nutris
2672 5141 2727 5187 et
2754 5149 2911 5188 curas
2933 5133 3204 5191 alimentis
3227 5141 3284 5190 et
3314 5134 3644 5192 indumentis

2046 5241 2101 5284 et
2129 5228 2326 5284 calceis
2345 5269 2358 5294 ,
2391 5228 2514 5280 huic
2540 5226 3068 5302 quoqueexhibetur
3095 5227 3340 5297 quazdam
3387 5230 3643 5285 servitus.

2046 5322 2178 5376 Nam
2207 5321 2308 5376 nisi
2339 5331 2393 5375 tu
2427 5319 2502 5374 illi
2532 5329 2680 5373 tuum
2711 5320 2968 5374 exhibeas
2993 5321 3387 5388 ministerium,
3423 5337 3522 5379 nec
3553 5325 3642 5378 ille

2045 5428 2224 5479 suum,
2257 5411 2351 5467 sed
2380 5411 2482 5466 erit
2507 5410 2664 5478 liber,
2696 5424 2796 5465 nec
2823 5410 2930 5466 ulla
2961 5412 3045 5466 lex
3072 5427 3194 5466 eum
3223 5421 3379 5483 coget
3421 5413 3524 5470 hoc
3564 5414 3642 5469 fa-

2044 5525 2172 5564 cere
2199 5506 2301 5563 nisi
2327 5507 2524 5562 alatur.
2553 5505 2609 5559 Si
2641 5521 2770 5576 ergo
2802 5508 2904 5560 hoc
2933 5508 3024 5560 ﬁat
3049 5507 3100 5560 iu
3133 5507 3325 5574 servis,
3368 5509 3497 5579 quid
3549 5511 3644 5564 ab-

2045 5601 2290 5666 surdum,
2323 5599 2367 5656 si
2393 5601 2494 5655 hoc
2516 5600 2674 5654 etiam
2715 5599 2804 5653 ﬁat
2833 5601 2885 5654 in
2917 5599 3142 5655 liberis?
3168 5601 3424 5674 Subjecti,
3449 5606 3634 5680 inquit.

2045 5697 2098 5752 in
2128 5697 2308 5750 timore
2340 5693 2547 5749 Christi.
2577 5695 2786 5759 Quanta
2812 5703 2895 5749 est
2921 5694 3090 5765 gratia
3113 5737 3126 5759 ,
3160 5696 3301 5768 quod
3348 5702 3508 5756 etiam
3550 5704 3641 5760 ha-

2045 5790 2268 5846 beamus
2295 5787 2642 5844 mercedem?
2677 5789 2747 5843 At
2785 5802 2890 5842 non
2917 5788 3040 5866 ‘vult
3069 5790 3160 5846 tibi
3190 5790 3426 5863 subjici?
3451 5792 3557 5850 Sed
3578 5809 3632 5852 ta

2047 5885 2314 5954 subjicere
2344 5900 2357 5938 :
2396 5899 2502 5940 non
2529 5882 2704 5938 solum
2730 5882 2972 5945 obedias.
3005 5883 3100 5940 sed
3127 5887 3288 5942 etiam
3321 5887 3639 5959 subjiciat'is.

3278 5993 3317 6054 9
