4092 6490
491 349 592 402 135

490 462 562 517 lta
589 465 663 519 sis
691 463 909 521 allectus
937 481 1060 536 erga
1084 481 1271 521 onmes
1299 477 1355 520 ut
1375 481 1500 536 erga
1522 465 1802 521 dominos:
1836 466 1907 521 ita
1932 465 2074 520 enim

489 559 594 612 cito
625 559 844 615 habebis
873 576 1058 614 servos
1090 561 1141 614 in
1187 561 1499 616 servitutem
1542 559 1790 615 redactos
1841 559 2073 613 maxime

489 653 764 721 tyrannica
791 653 1064 707 servitutis
1092 652 1350 720 potentia.
1385 651 1546 721 Magis
1569 652 1712 706 enim
1757 665 1850 706 eos
1892 651 2072 720 capies

487 752 540 796 et
569 745 915 814 expugnabis,
939 744 1149 812 quando
1175 745 1307 797 nihil
1348 743 1416 796 ab
1464 744 1544 797 eis
1586 757 1912 812 assequens,
1958 743 2072 809 ipse

487 851 606 900 qua!
639 846 723 889 tua
751 847 874 890 sunt
909 837 988 889 eis
1032 836 1317 906 praebebis.
1365 837 1477 890 lloc
1523 845 1604 890 est
1634 835 1760 889 illutl
1794 854 1806 887 :
1841 834 2068 899 Subiecti

1206 349 1261 405 S.
1303 351 1578 406 JOA‘NNIS
1615 348 2090 404 CllRYSOSTOMl
2129 349 2444 406 ARClllEP.
2484 351 3013 408 CONSTANTINOP.

3666 363 3764 418 136

2185 466 2394 519 invicem
2424 467 2477 520 in
2507 468 2687 520 timore
2715 467 2901 521 Christi
2932 484 2951 522 :
2983 475 3039 522 ut
3069 467 3342 526 vincamus
3367 487 3557 530 omnes
3597 477 3762 532 animi

2183 558 2610 628 perturbationes
2635 569 2690 613 et
2716 561 2862 623 vitia,
2892 569 2950 614 ut
2975 561 3085 616 Deo
3114 564 3407 620 serviamus
3429 606 3445 630 ,
3480 575 3537 620 ut
3565 569 3762 623 carita-

2183 662 2287 704 tem
2321 650 2459 704 inter
2488 665 2585 704 nos
2608 665 2989 706 conservemus
3023 671 3036 707 :
3067 666 3120 708 et
3149 663 3273 710 tunc
3303 659 3594 725 poterimus
3621 660 3765 732 digni

2183 741 2369 796 haberi
2397 741 2484 810 qui
2515 756 2868 810 assequamur
2896 744 2992 798 Dei
3036 744 3420 815 benignitatem
3447 789 3464 814 ,
3511 751 3680 820 gratia
3711 762 3768 807 et

2179 832 2606 888 miserationibus
2622 867 2640 894 ,
2672 843 2775 891 etc.

581 930 3760 954 ww

1863 971 2202 1032 HOMILIA
2253 972 2401 1032 XX.

487 1095 614 1151 Car.
643 1100 694 1152 5.
723 1115 773 1152 v.
791 1099 881 1152 22.
920 1099 1182 1162 Mulieres,
1200 1098 1320 1151 viris
1340 1097 1514 1151 uestris
1531 1096 1742 1150 subdita
1759 1104 1933 1160 estote,
1951 1093 2079 1146 sicut

566 1190 781 1244 Domino
811 1208 829 1245 :
853 1192 942 1245 25.
975 1199 1213 1260 quoniam
1240 1191 1316 1243 vir
1341 1199 1491 1256 caput
1520 1196 1591 1241 est
1636 1187 1863 1240 mulieris
1886 1226 1901 1250 ,
1949 1185 2078 1238 sicut

561 1286 793 1339 Christus
823 1296 972 1356 caput
1003 1295 1074 1338 est
1102 1284 1348 1337 Ecclesia?
1376 1299 1393 1336 :
1423 1291 1466 1334 et
1495 1281 1605 1349 ipse
1631 1279 1853 1332 salvator
1889 1292 2075 1345 corpo-

559 1377 631 1428 ris
657 1378 785 1447 ejus.
818 1375 909 1430 24.
939 1375 1045 1434 Sed
1070 1377 1199 1428 sicut
1231 1373 1462 1427 Ecclesia
1488 1372 1712 1440 subjecta
1739 1379 1810 1423 est
1835 1368 2033 1423 Christo
2057 1382 2077 1420 :

559 1471 630 1522 ita
657 1480 700 1521 et
731 1470 964 1521 mulieres
988 1468 1105 1520 viris
1129 1468 1234 1520 suis
1260 1466 1312 1518 in
1337 1463 1588 1518 omnibus.

561 1563 614 1616 1.
645 1560 787 1614 Beati
815 1562 1056 1631 conjuges
1081 1560 1176 1612 sibi
1199 1559 1407 1611 invicem
1438 1556 1820 1610 consentientes.
1873 1552 2076 1607 Amoris

490 1655 669 1706 υἷι-η
689 1652 780 1706 Vir
807 1651 1020 1720 quidam
1043 1651 1257 1719 sapiens
1285 1663 1407 1703 cum
1437 1648 1487 1700 in
1539 1645 1924 1700 beatitudinum
1977 1659 2076 1697 nu-

491 1759 694 1798 merum
721 1743 883 1795 multa
907 1742 1196 1802 retulisset,
1233 1740 1334 1792 hoc
1364 1753 1527 1792 unum
1553 1752 1767 1807 quoque
1798 1736 1973 1804 posuit
2004 1734 2079 1788 in-

492 1845 574 1889 ter
599 1833 994 1888 beatitudines:
1037 1830 1097 1883 Et
1136 1831 1350 1894 mulier,
1396 1827 1608 1898 inquit,
1658 1840 1771 1896 quae
1812 1842 1926 1879 cum
1971 1825 2078 1878 viro

489 1927 716 1979 convenit
741 1935 784 1977 et
807 1923 1052 1978 consentit
1098 1921 1301 1992 (Eccli.
1346 1920 1436 1974 25.
1480 1919 1581 1985 2).
1630 1917 1698 1971 Et
1737 1931 1922 1972 rursus
1951 1916 2077 1969 alibi

491 2019 640 2087 ponit
663 2032 783 2070 cum
815 2014 1252 2075 beatitudiuibus,
1285 2011 1428 2081 quod
1464 2026 1596 2064 uxor
1620 2009 1778 2064 simul
1817 2024 1936 2062 cum
1969 2024 2082 2062 ma-

488 2110 592 2162 rito
619 2106 820 2160 habitet
847 2121 966 2158 cum
989 2104 1294 2159 concordia.
1325 2101 1627 2170 Quinetiam
1655 2101 1720 2154 ab
1749 2100 1900 2152 initio
1940 2099 2080 2152 Deus

490 2199 704 2254 videtur
728 2213 972 2267 magnam
995 2212 1176 2250 curam
1208 2194 1440 2263 gessisse
1468 2193 1626 2262 hujus
1651 2191 2077 2260 conjunctionis;

493 2300 549 2346 et
574 2291 642 2346 de
669 2289 927 2343 amholms
954 2299 1222 2357 tamquam
1250 2286 1316 2340 de
1335 2299 1441 2339 uno
1458 2286 1700 2355 loquens,
1728 2284 1805 2336 sic
1829 2282 2077 2336 diccbat:

493 2380 786 2436 Masculum
807 2391 861 2434 et
882 2381 1123 2452 feminam
1156 2379 1272 2449 fecit
1303 2394 1385 2432 eos
1415 2377 1434 2448 (
1463 2375 1591 2432 Gen.
1625 2376 1676 2429 1.
1706 2373 1814 2443 27)
1836 2390 1850 2437 ;
1874 2387 1930 2428 et
1959 2389 2078 2426 rur-

490 2491 607 2540 sus,
643 2470 763 2526 Non
789 2480 860 2526 est
886 2473 1158 2534 masculus,
1192 2485 1282 2522 nec
1312 2469 1500 2536 femina
1528 2467 1546 2537 (
1575 2466 1693 2520 Cal.
1723 2466 1775 2520 5.
1805 2465 1935 2533 28).
1963 2464 2079 2518 Non

491 2576 574 2622 est
603 2566 747 2622 enim
784 2575 926 2618 tanta
954 2563 1050 2617 viri
1076 2577 1196 2616 cum
1230 2562 1344 2614 viro
1372 2556 1711 2614 necessitudo
1755 2565 1809 2611 et
1853 2556 2078 2626 conjun-

491 2660 617 2724 ctio,
640 2668 835 2727 quanta
859 2653 1096 2708 mulieris
1121 2667 1243 2706 cum
1262 2651 1398 2717 viro,
1421 2650 1466 2703 si
1493 2652 1563 2703 sit
1581 2659 1725 2703 recte
1745 2648 2077 2717 conjugatus.

490 2751 784 2819 Propterea
811 2748 890 2800 vir
915 2744 1128 2815 quidam
1161 2743 1348 2796 beatus
1373 2755 1636 2794 suamnam
1666 2740 1971 2808 signilicans
1995 2737 2080 2790 di-

493 2841 798 2900 lectionem,
835 2845 888 2890 et
919 2836 1106 2904 lugens
1135 2831 1418 2901 quemdam
1449 2846 1513 2884 ex
1539 2828 1650 2883 suis
1679 2829 1886 2894 amicis,
1916 2829 2078 2897 etqui

493 2940 646 2986 erant
664 2931 946 2986 unanimes
965 2969 982 2995 ,
1017 2943 1121 2981 non
1148 2925 1282 2979 dixit
1307 2935 1538 2992 patrem,
1565 2937 1670 2975 non
1699 2929 1948 2987 matrem,
1973 2935 2078 2973 non

495 3026 684 3089 lilium,
713 3038 816 3077 non
847 3019 1088 3083 fratrem,
1117 3033 1224 3071 non
1255 3015 1519 3077 amicum;
1551 3012 1646 3066 sed
1674 3011 1840 3080 quid?
1891 3010 2080 3063 Cecidit

493 3117 695 3170 dilectio
723 3124 808 3167 tua
831 3128 981 3183 super
1002 3127 1098 3175 me,
1133 3110 1340 3178 inquit,
1371 3117 1628 3172 tamquam
1671 3103 1872 3155 dilectio
1910 3102 2080 3154 mulie-

491 3225 605 3262 rum
636 3207 653 3278 (
681 3208 729 3261 l.
759 3205 888 3274 Reg.
919 3205 964 3256 l.
994 3201 1121 3271 26).
1159 3199 1362 3253 Revera
1390 3197 1532 3250 enim
1560 3235 1574 3259 ,
1616 3209 1805 3248 revera
1856 3193 1970 3245 haec
1998 3191 2080 3245 di-

489 3301 649 3355 lectio
674 3306 758 3352 est
785 3296 954 3365 magis
995 3293 1304 3364 tyrannica,
1353 3304 1512 3360 quam
1565 3288 1769 3357 qumvis
1815 3287 2075 3357 tyrannis.

489 3391 620 3446 Nam
652 3390 770 3443 alia:
797 3387 1009 3456 quidem
1039 3393 1161 3438 sunt
1186 3382 1571 3446 vehementes;
1606 3378 1720 3433 haec
1764 3389 1940 3433 autem
1981 3393 2077 3432 cu-

493 3483 687 3553 piditas
719 3480 879 3536 habet
906 3489 959 3532 et
986 3476 1375 3532 vehementiam
1402 3515 1417 3541 ,
1469 3481 1523 3527 et
1572 3473 1714 3542 quod
1763 3487 1868 3526 non
1910 3471 2080 3541 possit

492 3587 826 3628 marcescere
859 3588 872 3624 :
903 3568 1044 3623 inest
1069 3570 1212 3622 enim
1239 3565 1455 3636 quidam
1479 3579 1632 3618 amor
1660 3564 1711 3616 in
1749 3573 1934 3617 natura
1984 3562 2079 3616 de-

491 3668 739 3720 litescens
757 3705 772 3728 ,
797 3671 852 3717 et
895 3677 991 3716 nos
1022 3661 1193 3714 latens
1219 3657 1493 3712 connectit
1533 3657 1647 3711 haec
1675 3671 1919 3725 corpora.
1945 3656 2076 3708 Pro-

491 3769 676 3829 pterea
702 3769 758 3811 et
786 3755 852 3810 ab
878 3755 1028 3808 initio
1054 3769 1116 3808 ex
1138 3753 1251 3806 viro
1275 3750 1484 3813 mulier,
1500 3758 1553 3804 et
1577 3761 1761 3818 postea
1791 3765 1854 3803 ex
1883 3749 1997 3801 viro
2025 3755 2080 3800 et

495 3850 720 3904 muliere
748 3847 828 3900 vir
843 3855 897 3900 et
922 3846 1130 3900 mulier.
1162 3843 1321 3898 Vides
1341 3842 1769 3912 conjunctionem
1795 3852 1848 3895 et
1875 3854 2077 3893 conne-

493 3944 728 4005 xionem,
755 3949 809 3992 et
847 3936 1116 4007 quomodo
1149 3951 1252 3987 non
1299 3935 1486 3986 siverit
1533 3933 1690 3985 aliam
1737 3930 2078 3984 extrinsecus

492 4033 695 4102 ingredi
722 4027 1050 4085 essentiam?
1083 4026 1212 4079 Vide
1240 4035 1416 4078 autem
1457 4038 1614 4092 quam
1648 4021 1813 4074 multa
1854 4019 2078 4072 admini-

495 4125 681 4178 strarit
725 4132 779 4176 et
821 4118 1168 4188 dispensarit.
1213 4115 1408 4170 Passus
1442 4125 1526 4168 est
1565 4114 1737 4182 ipsum
1787 4125 1937 4165 suam
1985 4125 2077 4163 so-

491 4231 670 4270 rorem
719 4213 918 4266 duccre
977 4222 1242 4272 uxorem,
1288 4205 1373 4259 vel
1420 4204 1598 4273 potius
1638 4217 1743 4256 non
1789 4215 2030 4256 sororem
2057 4240 2074 4265 ,

495 4307 590 4361 sed
649 4307 846 4370 tiliam,
896 4302 978 4356 vel
1026 4301 1201 4370 potius
1246 4313 1354 4352 non
1386 4297 1572 4359 tiliam,
1614 4295 1710 4351 sed
1750 4295 1871 4366 plus
1916 4309 2076 4364 quam

487 4400 696 4462 tiliam,
749 4408 942 4464 nempe
1003 4406 1153 4445 suam
1209 4404 1473 4444 carnem:
1508 4397 1678 4444 totum
1723 4398 1900 4442 autem
1951 4385 2078 4441 fecit

493 4494 561 4548 ab
600 4494 710 4546 alto
759 4490 921 4561 petita
953 4486 1195 4556 origine,
1228 4486 1366 4539 sicut
1412 4483 1466 4538 in
1510 4483 1773 4554 lapidibus
1800 4525 1814 4548 ,
1862 4497 1957 4538 eos
1986 4478 2078 4536 co-

489 4598 622 4655 gens
641 4570 698 4636 in
731 4597 916 4636 unum.
953 4578 1067 4634 Non
1094 4578 1236 4633 enim
1261 4591 1381 4632 eam
1418 4575 1546 4632 fecit
1588 4576 1925 4632 extrinsecus
1950 4617 1965 4641 ,
2000 4571 2076 4629 ne

490 4689 760 4748 tamquam
784 4675 971 4729 alienae
1001 4675 1048 4728 ei
1075 4671 1354 4726 adhiberet
1380 4670 1656 4737 animum;
1687 4685 1861 4740 neque
1887 4685 2074 4725 rursus

489 4769 557 4824 ad
609 4769 782 4837 ipsum
831 4780 1000 4835 usque
1043 4765 1192 4819 stetit
1229 4763 1628 4817 matrimonium
1655 4803 1670 4827 ,
1724 4776 1794 4816 ne
1839 4763 2073 4832 seipsum

491 4874 747 4914 coercens
781 4869 835 4914 et
861 4872 1058 4928 cogens
1083 4863 1421 4925 separaretnr
1448 4869 1478 4908 a
1507 4855 1735 4909 steteris.
1774 4853 1843 4909 Et
1868 4856 2072 4910 sicutin

487 4949 688 5021 plantis
717 4949 820 5003 illae
858 4957 984 5002 sunt
1027 4948 1181 5016 longe
1224 4944 1440 5015 optima:
1471 4953 1534 5000 et
1575 4945 2070 5015 priestautissimat,

487 5057 610 5111 qua:
641 5041 837 5094 habent
860 5053 1024 5092 unum
1056 5038 1290 5105 stipitem
1317 5045 1372 5090 et
1407 5035 1766 5091 extenduntur
1793 5037 1858 5091 ad
1893 5053 2072 5093 ramos

483 5135 727 5199 multos;
760 5148 866 5200 quo
897 5130 952 5184 lit
984 5139 1039 5184 ttt
1066 5130 1112 5184 si
1136 5131 1312 5183 omnia
1340 5137 1542 5184 temere
1579 5131 1750 5183 solum
1794 5141 2072 5186 vertantur

485 5224 630 5280 circa
659 5221 893 5276 radicem
911 5262 925 5287 ,
967 5230 1022 5275 et
1049 5219 1244 5274 multas
1266 5220 1423 5274 etiam
1452 5219 1679 5274 habeant
1707 5221 1930 5288 radices,
1964 5238 2068 5277 non

482 5330 573 5374 est
600 5319 781 5388 utique
804 5315 967 5370 arbor
987 5314 1145 5384 digna
1169 5313 1520 5370 admiratione
1551 5333 1562 5368 :
1592 5315 1660 5368 ita
1701 5315 1785 5369 hic
1819 5331 2032 5386 quoque
2052 5357 2066 5382 ,

487 5427 556 5465 ex
591 5427 696 5463 uno
714 5408 921 5461 Adamo
949 5406 1076 5462 fecit
1100 5418 1157 5461 ut
1183 5406 1512 5476 plantaretur
1537 5408 1844 5461 universum
1877 5422 2065 5476 genus,

491 5503 548 5556 id
571 5503 635 5555 ad
663 5515 906 5570 magnam
949 5497 1196 5568 redigens
1220 5497 1597 5555 necessitatem
1627 5511 1684 5552 ut
1714 5515 1817 5552 non
1848 5499 2069 5552 divelle-

487 5603 635 5646 retur
665 5606 764 5646 ncc
792 5600 1152 5660 scpararctur.
1179 5591 1244 5644 Et
1265 5589 1436 5660 magis
1455 5589 1807 5654 contrahens,
1860 5589 1985 5644 fecit
2012 5601 2069 5662 ut

492 5696 709 5738 sorores
734 5693 786 5737 et
817 5683 935 5737 filia:
960 5699 1067 5738 non
1099 5683 1325 5753 amplius
1361 5681 1686 5737 ducerentur
1721 5695 1916 5736 uxores
1939 5723 1955 5751 ,
1997 5697 2066 5736 ne

487 5786 673 5831 rursus
697 5777 1037 5835 dilectionem
1067 5776 1118 5829 in
1149 5790 1311 5830 unum
1341 5773 1805 5838 contraheremus,
1827 5783 1880 5830 et
1908 5774 2062 5831 aliter

2181 1109 2560 1163 separaremur
2607 1109 2639 1149 a
2679 1096 2834 1151 nobis
2877 1096 3026 1166 ipsis.
3054 1097 3345 1169 Propterea
3373 1101 3584 1158 dicebat
3616 1123 3629 1159 :
3666 1107 3768 1171 Qui

2183 1185 2301 1253 fecit
2327 1184 2388 1237 ab
2419 1186 2582 1249 initio,
2615 1187 2895 1241 masculum
2917 1199 2964 1242 et
2991 1191 3232 1260 feminam
3256 1193 3374 1261 fecit
3414 1209 3499 1249 eos
3539 1196 3765 1265 (Matth.

2183 1276 2272 1332 l9.
2301 1278 2334 1332 4
2353 1275 2394 1348 ).
2439 1277 2624 1346 Magna
2649 1277 2792 1333 enim
2819 1293 2885 1333 ex
2908 1278 2992 1334 his
3013 1292 3305 1337 nascuntur
3335 1285 3472 1339 mala
3498 1296 3553 1341 et
3575 1303 3766 1357 magna

2185 1367 2320 1421 bona
2347 1379 2400 1423 et
2427 1369 2674 1424 domibus
2703 1382 2759 1424 et
2785 1370 3115 1428 civitatibus.
3146 1373 3290 1430 Nihil
3339 1378 3482 1432 enim
3526 1390 3765 1436 nostram

2181 1459 2345 1514 vitam
2370 1477 2522 1531 aeque
2550 1463 2868 1530 concinnat,
2903 1474 2962 1519 ut
2985 1481 3137 1521 amor
3164 1468 3264 1522 viri
3282 1477 3338 1524 et
3362 1471 3603 1529 mulieris
3631 1493 3644 1528 :
3671 1493 3769 1546 pm

2183 1567 2248 1608 eo
2276 1553 2424 1606 multi
2456 1569 2603 1608 arma
2632 1563 2875 1623 sumunt,
2906 1573 3003 1626 pro
3027 1573 3094 1613 eo
3124 1561 3284 1614 etiam
3313 1563 3601 1632 projiciunt
3645 1569 3769 1621 ani~

2183 1659 2344 1698 mam.
2369 1644 2482 1699 Non
2505 1647 2645 1700 enim
2672 1656 2873 1702 temere
2904 1647 3059 1719 hujus
3088 1649 3168 1704 rei
3194 1653 3414 1707 multant
3439 1670 3622 1710 curam
3642 1673 3769 1728 ges-

2183 1736 2254 1790 sit
2276 1736 2500 1803 Paulus,
2533 1747 2588 1792 et
2619 1738 2672 1793 in
2701 1755 2767 1793 eo
2798 1740 2975 1809 posuit
3003 1741 3236 1796 studium
3258 1783 3274 1810 ,
3306 1744 3493 1800 dicens
3530 1765 3542 1800 :
3576 1748 3768 1804 Mulie-

2182 1844 2264 1881 res
2293 1829 2411 1881 viris
2440 1829 2546 1882 suis
2573 1830 2786 1885 subdita:
2814 1832 2915 1885 sint
2942 1832 3070 1885 sicut
3097 1833 3335 1889 Domino.
3365 1836 3586 1906 Quare?
3621 1841 3770 1906 Quo-

2183 1921 2326 1974 niam
2349 1923 2392 1975 si
2417 1921 2467 1974 hi
2490 1920 2599 1976 sint
2638 1923 2691 1976 in
2735 1924 3054 1990 concordia,
3101 1936 3155 1980 et
3199 1937 3343 1984 recte
3377 1931 3591 1986 aluntur
3636 1933 3766 1998 lilii,

2184 2022 2330 2066 ret-te
2371 2013 2596 2066 ordinati
2643 2025 2768 2068 sunt
2822 2016 3040 2080 famuli,
3089 2027 3144 2073 et
3187 2019 3328 2074 bono
3375 2037 3558 2077 eorum
3603 2024 3770 2078 odore

2185 2101 2432 2159 fruuntur
2456 2106 2636 2171 vicini,
2665 2107 2930 2178 amicique
2960 2120 3013 2163 et
3033 2111 3247 2181 cognati
3279 2130 3292 2165 :
3321 2113 3403 2167 sin
3430 2127 3608 2170 autem
3633 2132 3767 2171 con-

2184 2204 2286 2259 tra,
2311 2207 2622 2252 evertuntur
2650 2209 2704 2254 et
2728 2200 3130 2257 confunduntur
3154 2210 3352 2260 omnia.
3384 2207 3450 2261 Et
3478 2209 3615 2263 sicut
3643 2226 3766 2265 cum

2184 2288 2347 2344 duces
2374 2293 2640 2346 exercitus
2675 2293 2812 2348 inter
2841 2309 2902 2349 se
2936 2310 3118 2364 pacem
3160 2307 3357 2366 agunt,
3398 2302 3575 2356 omnia
3615 2319 3766 2358 suam

2183 2385 2902 2452 serVantconsequentiam;
2935 2386 3054 2439 etsi
3098 2402 3283 2441 rursus
3333 2388 3409 2443 illi
3451 2395 3766 2456 turbentur,

2185 2486 2398 2526 sursum
2421 2483 2476 2528 et
2497 2473 2748 2528 deorsum
2771 2486 3001 2545 aguntur
3023 2478 3203 2531 omnia
3229 2495 3238 2529 :
3267 2478 3337 2532 ita
3367 2495 3506 2534 nunc
3531 2498 3764 2551 quoque.

2186 2562 2309 2617 Ideo
2339 2564 2409 2616 ait
2428 2605 2443 2629 ,
2477 2563 2722 2619 Mulieres
2743 2567 2864 2620 viris
2894 2571 3001 2620 suis
3025 2567 3241 2622 subditte
3261 2569 3359 2622 sint
3379 2611 3394 2636 ,
3437 2575 3564 2625 sicut
3590 2571 3772 2628 Domi-

2185 2673 2249 2708 uo
2279 2658 2296 2724 (
2323 2655 2435 2710 Col.
2467 2658 2520 2712 '5.
2555 2657 2621 2712 l8
2645 2659 2685 2727 ).
2729 2659 2885 2728 Papa:
2911 2662 2924 2713 !
2954 2661 3224 2729 quomodo
3263 2677 3390 2732 ergo
3415 2662 3550 2719 dicis
3587 2667 3710 2722 alibi
3749 2685 3764 2721 :

2183 2747 2294 2802 Nisi
2323 2749 2444 2818 quis
2474 2751 2862 2806 renuntiaverit
2887 2752 3040 2806 uxori
3065 2761 3120 2806 et
3146 2755 3260 2808 viro
3287 2794 3303 2819 ,
3333 2770 3438 2810 non
3468 2767 3640 2826 potest
3679 2775 3768 2814 me

2185 2844 2332 2912 sequi
2362 2842 2527 2912 (Luc.
2553 2845 2641 2898 14.
2694 2845 2845 2915 35)?
2885 2844 2938 2901 Si
2979 2847 3122 2900 enim
3164 2848 3354 2918 subjici
3386 2859 3594 2920 oportet
3636 2863 3771 2907 tam-

2192 2949 2347 3004 quam
2366 2935 2618 3004 Domino,
2640 2938 2908 3008 quomodo
2935 2938 3066 2993 dicit
3087 2941 3225 3010 quod
3245 2953 3466 3012 propter
3490 2945 3768 3001 Dominum

2189 3039 2435 3098 oporteat
2470 3031 2788 3086 discedere?
2810 3032 2879 3086 Et
2903 3049 3028 3087 vere
3047 3035 3268 3090 omnino
3288 3048 3498 3106 oportet
3523 3055 3536 3091 :
3564 3041 3656 3094 sed
3703 3043 3768 3094 il-

2185 3119 2271 3172 lttd
2297 3161 2313 3186 ,
2359 3121 2524 3186 sicut,
2573 3136 2678 3175 non
2713 3133 2793 3176 est
2821 3139 3032 3193 semper
3052 3127 3271 3180 omnino
3291 3131 3626 3198 aequalitatis.
3661 3137 3770 3188 Aut

2185 3212 2287 3267 hoc
2315 3213 2442 3267 dicit
2470 3231 2481 3265 :
2518 3214 2670 3269 Sicut
2691 3230 2811 3285 quae
2851 3217 3032 3272 sciatis
3060 3218 3201 3288 quod
3241 3220 3468 3277 Domino
3512 3227 3720 3280 servitis
3753 3245 3768 3282 :

2182 3305 2321 3374 quod
2346 3306 2505 3359 ctiam
2543 3305 2671 3360 dicit
2703 3307 2850 3371 alibi,
2879 3309 3018 3378 quod
3041 3309 3085 3364 si
3114 3326 3218 3365 non
3245 3322 3462 3384 propter
3490 3317 3763 3383 maritum,

2181 3395 2274 3447 sed
2309 3395 2359 3448 in
2387 3396 2570 3464 primis
2595 3406 2812 3465 propter
2846 3398 3128 3454 Dominum
3163 3418 3175 3454 :
3208 3411 3336 3469 aut,
3367 3404 3590 3469 Quando
3620 3408 3771 3462 cedis

2182 3486 2397 3551 marito,
2431 3496 2486 3540 ut
2518 3486 2740 3542 Domino
2769 3489 3034 3555 serviens,
3063 3498 3116 3546 te
3143 3491 3362 3564 obsequi
3393 3505 3538 3566 puta.
3569 3497 3700 3553 Nam
3725 3501 3767 3552 si

2181 3577 2260 3639 1s,
2279 3579 2366 3645 qui
2395 3579 2474 3631 his
2504 3580 2723 3633 externis
2752 3581 2983 3635 civilibus
3010 3583 3200 3638 resistit
3229 3587 3605 3657 magistratibus
3624 3631 3639 3653 ,
3675 3591 3769 3643 Dei

2184 3671 2365 3723 resistit
2394 3671 2706 3724 ordinationi
2735 3671 2920 3742 (Rom.
2957 3675 3045 3729 i5.
3072 3674 3182 3747 2),
3213 3679 3382 3732 multo
3431 3682 3597 3750 magis
3649 3699 3768 3752 qum

2185 3764 2375 3818 marito
2407 3780 2510 3816 non
2541 3765 2842 3834 subjicitur.
2878 3767 2967 3822 Sic
2999 3769 3139 3823 Detts
3167 3769 3335 3826 voluit
3357 3775 3426 3826 ab
3450 3774 3620 3830 initio.
3662 3776 3768 3830 Po-

2185 3869 2375 3908 namus
2401 3868 2528 3924 ergo
2557 3856 2725 3909 virum
2755 3857 2971 3925 quidem
2999 3858 3240 3914 ordinem
3268 3870 3324 3916 et
3367 3863 3542 3918 locum
3587 3876 3769 3920 tenere

2183 3948 2394 4016 capitis,
2427 3947 2707 4003 mulierem
2755 3960 2932 4004 autem
2978 3953 3242 4021 corporis.
3300 3954 3504 4010 Deinde
3540 3959 3700 4012 etiam
3737 3975 3766 4011 a

2184 4038 2481 4091 rationibus
2511 4040 2762 4104 ostendit,
2808 4041 2948 4111 quod
2981 4043 3060 4096 vir
3089 4044 3158 4096 sit
3192 4055 3352 4113 caput
3376 4048 3650 4114 mulieris,
3687 4050 3770 4102 in-

2183 4129 2316 4197 quit,
2342 4129 2487 4182 Sicut
2517 4130 2747 4185 Christus
2772 4142 2927 4200 caput
2949 4145 3028 4186 est
3055 4132 3319 4200 Ecclesia,
3348 4146 3392 4189 et
3418 4137 3526 4206 ipse
3554 4150 3628 4193 est
3657 4143 3766 4194 sal-

2183 4231 2326 4274 vator
2349 4224 2593 4291 corporis.
2627 4222 2733 4278 Sed
2759 4225 2887 4278 sicut
2913 4224 3142 4280 Ecclesia
3166 4229 3390 4296 subjecta
3428 4242 3500 4285 est
3528 4233 3728 4287 Christo
3745 4273 3766 4297 .

2183 4313 2254 4365 ita
2281 4322 2326 4366 et
2356 4313 2588 4368 mulieres
2618 4315 2737 4368 viris
2765 4318 2871 4369 suis
2897 4319 2949 4370 in
2975 4319 3226 4374 omnibus.
3253 4320 3454 4376 Deinde
3482 4334 3762 4393 postquam

2183 4402 2334 4468 dixit,
2373 4403 2462 4456 Vir
2485 4415 2635 4474 caput
2659 4415 2732 4460 est
2750 4407 2994 4472 mulieris,
3013 4409 3143 4463 sicut
3169 4419 3216 4463 et
3241 4409 3467 4466 Christus
3489 4412 3732 4470 Ecclesia:
3745 4433 3767 4482 ;

2182 4495 2352 4559 addit,
2387 4493 2454 4548 Et
2495 4497 2602 4568 ipse
2636 4509 2707 4557 est
2747 4499 2968 4554 salvator
3005 4503 3235 4571 corporis
3258 4522 3276 4558 :
3300 4515 3460 4575 caput
3501 4507 3641 4561 cnim
3681 4521 3766 4563 est

2182 4590 2327 4643 salus
2367 4592 2626 4659 corporis.
2661 4591 2776 4647 lam
2809 4595 3002 4648 marito
3025 4603 3084 4650 et
3127 4597 3283 4650 uxori
3330 4599 3458 4668 jecit
3490 4609 3764 4670 tamquam

2181 4678 2586 4736 fundamentum
2611 4684 2884 4739 caritatem
2924 4694 2979 4738 et
3003 4686 3386 4754 providentiam
3412 4729 3428 4755 ,
3475 4691 3766 4761 unicuique

2182 4767 2357 4824 locum
2386 4771 2624 4826 tribuens
2653 4774 3100 4838 convenientem,
3141 4779 3332 4833 marito
3366 4779 3580 4847 quidem
3612 4784 3766 4851 prino

2179 4861 2388 4931 cipatus
2411 4870 2465 4915 et
2493 4863 2840 4932 providentiae
2860 4905 2874 4928 ,
2907 4865 3056 4919 uxori
3080 4881 3206 4921 vero
3235 4868 3600 4936 subjectionis.

2249 4952 2302 5005 2.
2333 4953 2477 5006 Sicut
2504 4969 2622 5025 ergo
2655 4952 2887 5009 Ecclesia
2931 4957 3159 5025 subjecta
3189 4969 3259 5010 est
3289 4959 3528 5024 Christo;
3561 4961 3612 5016 id
3641 4974 3727 5018 est
3749 5006 3766 5030 ,

2182 5044 2278 5098 viri
2306 5053 2360 5098 et
2387 5045 2636 5101 mulieres
2663 5063 2675 5100 :
2707 5049 2779 5100 ita
2807 5049 2958 5102 etiam
2989 5052 3223 5104 mulieres
3250 5054 3446 5107 maritis
3471 5057 3600 5108 sicut
3627 5055 3762 5112 Deo.

2180 5135 2269 5190 25.
2317 5135 2452 5201 Viri,
2479 5136 2675 5206 diligite
2714 5154 2894 5192 uxores
2926 5149 3113 5193 vestras
3133 5183 3147 5202 ,
3179 5143 3304 5195 sicut
3330 5153 3377 5195 et
3427 5143 3655 5201 Christus
3685 5150 3766 5200 di-

2189 5227 2310 5280 lexit
2373 5226 2678 5283 Ecclesium.
2737 5229 3000 5284 Audivisti
3063 5247 3324 5286 summam
3376 5235 3761 5302 dilectionem;

2181 5316 2407 5370 laudasti
2453 5327 2508 5372 et
2537 5317 2829 5374 admiratus
2854 5335 2914 5375 es
2959 5321 3176 5376 Paulum
3201 5363 3214 5387 ,
3244 5333 3304 5378 ut
3347 5326 3439 5394 qui
3486 5337 3762 5398 tamquam

2177 5409 2258 5462 vir
2299 5408 2626 5464 admirabilis
2653 5421 2706 5464 et
2754 5413 3051 5483 Spiritualis
3097 5425 3333 5471 nostram
3364 5419 3524 5473 vitam
3555 5423 3761 5476 euasti--

2179 5510 2370 5556 lueret.
2405 5501 2588 5557 Recte.
2622 5502 2729 5558 Sed
2770 5505 2896 5559 audi
2967 5522 3086 5575 quae
3131 5523 3161 5561 a
3210 5518 3260 5562 te
3307 5512 3521 5580 exigit:
3571 5528 3760 5567 rursus

2174 5593 2316 5647 enim
2350 5593 2537 5648 eodem
2566 5597 2733 5650 utitur
2775 5598 3064 5669 exemplo:
3101 5596 3240 5653 "i'iri.
3301 5601 3510 5671 Inquit,
3564 5605 3758 5676 iitigite

2173 5699 2357 5738 uxores
2402 5694 2624 5750 uestras,
2668 5687 2798 5741 sicut
2844 5699 2891 5742 et
2937 5688 3168 5745 Christus
3212 5692 3390 5746 dilexit
3441 5693 3753 5758 Ecclesicim.

2171 5773 2368 5833 Vidisti
2393 5765 2698 5834 mensuram
2723 5781 3080 5841 olicdientite?
3104 5782 3240 5840 Audi
3263 5786 3421 5842 etiam
3447 5801 3759 5846 mensuram
