4092 6502
480 330 584 386 137

474 441 765 513 ἀγαπᾶτε,
803 460 875 513 φη
886 441 959 505 σν,
998 439 1105 508 τὰς
1133 440 1426 512 γυναῖκας
1455 440 1707 503 ἑαυτῶν,
1738 442 1937 508 καθὼς
1962 443 2063 496 καί

474 531 511 581 ό
532 525 789 595 Χριστὸς
810 524 1092 595 ἠγάπησε
1114 524 1229 593 τὴν
1268 524 1656 591 Ἐκκλησίαν.
1684 520 1839 588 Εἶδες
1867 526 2068 597 μέτρον

474 611 756 680 ὑπακοῆς;
791 609 1059 661 Ἄκουσον
1090 610 1182 659 καὶ
1216 607 1413 677 μέτρον
1458 607 1704 675 ἀγάπης.
1751 607 1941 661 Βούλει
1984 625 2066 660 σοι

474 693 574 765 τὴν
596 695 833 761 γυναῖκα
866 689 1190 753 ὑπακούειν,
1219 691 1295 753 ὡς
1330 690 1406 761 τῷ
1438 692 1660 762 Χριστῷ
1688 691 1789 762 τὴν
1834 692 2067 761 Ἐκκλη-

475 778 598 830 σίαν
619 793 633 840 ;
662 777 886 848 Προνόει
904 775 997 827 καὶ
1014 774 1177 835 αὑτὸς
1200 774 1396 843 αὑτῆς,
1413 774 1489 837 ὡς
1516 776 1548 827 6
1567 776 1802 845 Χριστὸς
1817 774 1917 844 τῆς
1946 775 2069 828 Ἐκ-

473 858 705 929 κλησίας
725 875 739 889 ·
768 858 870 911 κᾶν
903 859 1002 929 τὴν
1029 857 1207 928 ψυχὴν
1239 858 1382 928 ὑπὲρ
1421 859 1593 928 αὐτῆς
1622 858 1808 911 δοῦναι
1835 859 1936 920 δεῖ,
1965 858 2068 912 κᾶν

472 941 859 1011 κατακοπῆναι
888 943 1170 1012 μυριάκις,
1196 942 1299 995 κᾶν
1319 940 1499 995 ὁτιοῦν
1525 942 1818 1011 ὑπομεῖναι
1846 944 1940 995 καὶ
1960 958 2068 994 πα-

472 1027 608 1087 θεῖν,
634 1025 708 1096 μὴ
741 1027 1059 1097 παραιτήσῃ
1084 1041 1097 1055 ·
1126 1023 1230 1079 κᾶν
1252 1024 1427 1078 ταῦτα
1452 1025 1652 1097 πάθῃς,
1677 1025 1829 1078 οὐδὲν
1854 1024 2067 1077 οὐδέπω

470 1112 804 1181 πεποίηκας,
828 1103 941 1163 οἷον
962 1111 989 1161 6
1005 1108 1262 1180 Χριστός,
1291 1108 1363 1161 Σὺ
1392 1109 1490 1179 μὲν
1512 1109 1621 1181 γάρ
1644 1110 1746 1180 ἤδη
1772 1108 2065 1177 συναφθεὶς

469 1195 645 1248 ταῦτα
686 1195 885 1258 ποιεῖς,
921 1195 1130 1256 ἐκεῖνος
1167 1192 1224 1244 δὲ
1259 1192 1402 1264 ὑπὲρ
1436 1192 1924 1263 ἀποστρεφομένης
1966 1191 2066 1243 αὑ-

468 1280 561 1334 τὸν
592 1280 685 1333 καὶ
721 1277 1007 1348 μισούσης.
1041 1278 1254 1347 Ὥσπερ
1286 1272 1380 1329 οὑν
1407 1276 1573 1339 αὐτὸς
1598 1275 1697 1348 τὴν
1726 1278 2067 1344 ἀποστρεφο-

474 1363 645 1434 μένην
664 1360 828 1415 αὑτὸν
851 1362 944 1414 καὶ
977 1360 1135 1432 μισοῦ
1145 1376 1242 1412 σαν
1264 1361 1360 1413 καὶ
1382 1358 1751 1412 διαπτύουσαν
1795 1359 1889 1412 καὶ
1937 1358 2067 1430 θρυ-

471 1446 751 1517 πτομένην
779 1445 907 1517 περὶ
936 1445 1063 1508 τοὺς
1094 1444 1265 1505 πόδας
1295 1441 1460 1495 αὑτοῦ
1483 1445 1549 1511 τῇ
1572 1441 1738 1512 πολλῇ
1767 1443 1941 1513 ήγαγε
1965 1459 2068 1511 κη-

468 1529 695 1600 δεμονία
712 1567 728 1592 ,
750 1529 853 1581 οὑκ
879 1527 1153 1589 ἀπειλαῖς,
1178 1525 1299 1579 οὐδὲ
1323 1525 1567 1597 ὕϐρεσιν,
1590 1524 1713 1577 οὐδὲ
1746 1525 1918 1596 φόϐῳ,
1942 1525 2066 1579 οὑδὲ

471 1613 645 1683 ἑτέρῳ
685 1612 794 1665 τινί
820 1609 1050 1680 τοιούτῳ
1070 1626 1082 1639 ·
1126 1608 1270 1662 οὑτω
1302 1610 1397 1661 καὶ
1431 1609 1496 1661 σὺ
1530 1608 1667 1678 πρὸς
1695 1606 1794 1678 τὴν
1828 1611 2066 1676 γυναῖκα

469 1696 561 1767 ἔχε
601 1695 699 1768 τὴν
748 1697 881 1766 σήν’
926 1693 1030 1748 κᾶν
1063 1690 1462 1763 ὑπερορῶσαν,
1508 1691 1615 1743 κᾶν
1658 1691 2063 1762 θρυπτομένην,

469 1778 924 1849 καταφρονοῦσαν
967 1776 1105 1848 ίδης,
1137 1777 1340 1847 δυνήσῃ
1372 1775 1543 1845 αὐτὴν
1582 1774 1689 1827 ὑπὸ
1720 1776 1849 1837 τοὺς
1896 1775 2066 1837 πόδας

468 1866 696 1933 ἀγαγεῖν
726 1863 852 1925 τοὺς
890 1863 1015 1925 σοὺς
1042 1863 1106 1931 τῇ
1143 1860 1312 1931 πολλῇ
1350 1861 1479 1930 περὶ
1508 1860 1680 1927 αὑτὴν
1712 1859 1958 1930 προνοίᾳ,
1994 1861 2073 1931 τῇ

467 1948 680 2018 ἀγάπῃ,
712 1949 779 2017 τῇ
817 1944 991 2015 φιλίᾳ.
1022 1943 1190 1997 Οὐδὲν
1222 1943 1332 2015 γὰρ
1365 1942 1570 1996 τούτων
1597 1941 2066 2014 τυραννικώτερον

465 2033 575 2085 τῶν
599 2029 956 2102 δεσμῶνηκαὶ
986 2026 1224 2094 μάλιστα
1249 2025 1405 2097 ἀνδρὶ
1435 2027 1532 2079 καὶ
1559 2026 1803 2095 γυναικί.
1830 2027 2067 2099 Οίκέτην

469 2116 572 2186 μὲν
607 2115 719 2185 γάρ
752 2113 905 2184 φόϐῳ
939 2129 1024 2176 τις
1052 2111 1126 2166 ἂν
1160 2112 1467 2182 καταδῆσαι
1503 2111 1819 2181 δυνήσεται,
1862 2111 2066 2183 μᾶλλον

465 2201 523 2254 δὲ
555 2197 678 2253 οὑδὲ
703 2200 912 2251 ἐκεῖνον
932 2212 945 2226 ·
976 2195 1189 2266 ταχέως
1211 2194 1321 2266 γάρ
1349 2194 1715 2266 ἀποπηδήσας
1741 2195 2027 2266 οίχήσεται
2046 2212 2061 2226 ο

465 2285 564 2356 τὴν
595 2283 653 2337 δὲ
694 2282 790 2336 τοῦ
824 2281 940 2352 βίου
967 2279 1248 2341 κοινωνὸν,
1295 2281 1397 2350 τὴν
1442 2279 1649 2333 παίδων
1685 2283 1924 2351 μητέρα,
1965 2279 2067 2351 τὴν

466 2371 652 2437 πάσης
692 2363 1037 2438 εὐφροσύνης
1072 2362 1353 2428 ὑπόθεσιν,
1387 2363 1449 2417 ού
1486 2363 1637 2433 φόϐῳ
1680 2365 1776 2416 καὶ
1814 2362 2067 2427 ἀπειλαῖς

466 2453 549 2505 δεῖ
578 2449 969 2519 καταδεσμείν,
1003 2446 1118 2499 ἀλλ’
1148 2446 1340 2517 ἀγάπῃ
1365 2447 1461 2499 καὶ
1491 2445 1753 2500 διαθέσει.
1790 2446 1929 2500 Ποία
1957 2445 2067 2517 γὰρ

470 2533 728 2603 συζυγία,
765 2535 898 2586 ὅταν
943 2533 976 2602 ή
1013 2531 1150 2600 γυνὴ
1197 2530 1288 2583 τὸν
1322 2529 1493 2601 ἄνδρα
1535 2528 1754 2600 τρέμῃ;
1803 2529 1963 2591 ποίας
2008 2530 2065 2582 δὲ

466 2619 630 2681 αὑτὸς
659 2620 688 2670 ὁ
726 2617 870 2686 ἀνὴρ
912 2612 1286 2669 ἀπολαύσεται
1314 2610 1532 2682 ἡδονῆς,
1569 2612 1645 2674 ὠς
1690 2612 1853 2683 δούλῃ
1884 2628 2065 2666 συνοιι

465 2702 580 2756 κῶν
620 2704 687 2771 τῇ
718 2700 962 2769 γυναικὶ,
1010 2699 1107 2752 καὶ
1134 2698 1233 2767 οὑχ
1268 2697 1345 2759 ὼς
1384 2696 1687 2766 ἐλευθέρας
1731 2696 1851 2749 Κᾶν
1886 2694 2067 2766 πάθῃς

464 2804 517 2840 τι
547 2786 689 2855 ὑπὲρ
738 2784 936 2853 αὑτῆς,
988 2782 1063 2853 μή
1095 2779 1365 2854 ὀνειδίσῃς
1389 2797 1403 2811 ⁸
1450 2780 1572 2832 οὑδὲ
1608 2779 1718 2846 γάρ
1764 2781 1794 2832 6
1829 2779 2066 2851 Χριστὸς

462 2869 623 2923 τοῦτο
650 2869 876 2933 εποίησε
896 2884 912 2898 ο
939 2865 1051 2921 Καὶ
1079 2864 1323 2929 ἑαυτὸν,
1354 2862 1510 2933 φησὶ,
1534 2861 1883 2930 παρέδωκεν
1915 2861 2065 2929 ὑπὲρ

463 2951 679 3020 αὐτῆς,
710 2952 816 3005 ἵνα
867 2948 1066 3017 αὐτὴν
1103 2948 1440 3017 καθαρίσας
1466 2945 1711 3015 ἁγιάσῃ.
1750 2948 1895 3015 ’Δρα
1922 2946 2063 2999 ἀκά-

467 3037 669 3109 θαρτος
704 3031 794 3106 ἦν,
826 3036 933 3106 ἀρα
972 3033 1161 3103 μῶμον
1201 3028 1368 3102 εἶχεν,
1404 3031 1513 3099 ἄρα
1560 3032 1809 3100 ἄμορφος
1835 3025 1926 3100 ἦν,
1954 3028 2065 3101 ἄρα

465 3121 716 3191 εὐτελής.
753 3119 888 3173 Οἷσιν
924 3117 993 3171 ἂν
1020 3116 1194 3188 λάϐῃς
1233 3117 1493 3184 γυναῖκα,
1525 3112 1681 3184 [145]
1715 3114 1775 3166 οὑ
1804 3113 2064 3182 τοιαύτην

464 3204 614 3278 λήψῃ
647 3201 891 3273 νύμφην,
918 3201 1037 3255 οἵαν
1076 3202 1106 3253 6
1136 3198 1371 3270 Χριστὸς
1403 3198 1503 3260 τὴν
1557 3196 1907 3268 Ἐκκλησίαν,
1939 3196 2064 3250 οὐδὲ

463 3288 724 3343 τοσοῦτόν
755 3304 849 3339 σου
878 3285 1213 3355 ἀπέχουσαν,
1240 3284 1366 3336 ὅσον
1396 3284 1428 3353 ή
1467 3280 1767 3350 Ἐκκλησία
1807 3280 1903 3333 τοῦ
1932 3282 2065 3352 Χριο

467 3375 619 3429 οτοῦο
642 3372 758 3428 ἀλλ’
785 3373 936 3442 ὅμως
960 3370 1060 3423 οὑκ
1076 3366 1420 3432 ὲϐδελύξατο,
1444 3365 1566 3419 οὐδὲ
1598 3366 1828 3435 ἐμίσησε
1849 3364 1935 3419 διὰ
1963 3366 2062 3437 τὴν

466 3457 775 3529 ὑπερϐολὴν
811 3454 912 3525 τῆς
948 3453 1248 3524 ἀμορφίας.
1282 3449 1473 3503 Βούλει
1502 3448 1736 3529 ἀκοῦσαι
1760 3449 1932 3519 αὑτῆς
1964 3454 2061 3519 τὴν

463 3528 774 3613 ἀμορφίαν;
802 3541 969 3593 ἄκουε
1003 3536 1217 3591 Παύλου
1260 3534 1549 3602 λέγοντος·
1583 3528 1733 3587 τΗτε
1770 3531 1881 3602 γάρ
1916 3548 2062 3586 ποτε

463 3627 710 3690 σκότος.
745 3623 901 3685 Εἶδες
935 3620 1105 3691 αὐτῆς
1135 3620 1196 3672 τὸ
1219 3617 1424 3690 μέλαν;
1460 3616 1513 3670 τί
1558 3616 1783 3680 σκότους
1818 3616 2063 3687 μελανώ-

460 3725 657 3780 τερον;
688 3707 804 3763 ἀλλ’
850 3708 954 3776 ὃρα
993 3706 1089 3759 καὶ
1135 3704 1198 3759 τὸ
1248 3701 1460 3775 θρασύο
1516 3702 1621 3757 Ἐν
1666 3702 1868 3769 κακίᾳ,
1901 3701 2059 3771 φησι,

468 3792 566 3849 καὶ
614 3792 819 3861 φθόνῳ
871 3788 1203 3858 διάγοντες.
1258 3787 1403 3857 Ὅρα
1452 3786 1548 3839 καὶ
1601 3784 1664 3837 τὸ
1707 3785 2057 3854 ἀκάθαρτον*

475 3874 791 3938 Ἀπειθεῖς,
824 3874 1090 3936 ἀνόητοι.
1136 3871 1203 3925 Τί
1222 3870 1280 3924 δὲ
1331 3870 1508 3938 λέγω;
1539 3868 1635 3923 καὶ
1665 3868 1825 3939 μωρά
1846 3864 1934 3938 ἦν,
1966 3867 2062 3920 καὶ

467 3958 792 4030 βλάσφημος
817 3973 831 3986 ο
872 3956 987 4010 ἀλλ’
1037 3957 1187 4027 ὅμως
1223 3954 1498 4009 τοσούτων
1546 3952 1738 4017 ὄντων,
1792 3952 1873 4015 ὡς
1917 3953 2061 4023 ὑπὲρ

459 4047 699 4117 ὡραίας,
724 4044 802 4107 ὡς
831 4043 970 4114 ὑπὲρ
1005 4041 1399 4112 ἀγαπωμένης.
1430 4037 1507 4102 ὡς
1541 4036 1683 4108 ὑπὲρ
1713 4037 2056 4107 θαυμαστῆς,

463 4127 637 4192 οὑτως
662 4127 856 4182 ἑαυτὸν
883 4125 1145 4190 ἐξέδωκεν
1173 4123 1315 4195 ὑπὲρ
1335 4123 1438 4191 τῆς
1472 4121 1745 4191 ἀμόρφου.
1770 4122 1881 4174 Καὶ
1901 4120 2062 4175 τοῦτο

465 4210 762 4281 θαυμάζων
783 4214 813 4263 6
836 4208 1048 4271 Παῦλος
1073 4208 1226 4275 ἔλεγε
1250 4223 1264 4237 ·
1296 4207 1489 4270 Μόλις
1514 4203 1625 4273 τὰρ
1645 4203 1798 4271 ὑπὲρ
1821 4203 2059 4258 δικαίου

462 4312 555 4361 τις
592 4293 979 4349 ἀποθανεῖται
1004 4307 1019 4322 ·
1063 4293 1160 4344 καὶ
1201 4289 1387 4352 πάλιν,
1454 4290 1525 4343 Ei
1568 4287 1657 4341 ἔτι
1693 4286 2061 4356 ἁμαρτωλῶν

464 4378 637 4449 ἡμῶν
671 4379 863 4433 ὄντων
891 4381 923 4431 ό
958 4375 1214 4445 Χριστὸς
1243 4374 1400 4441 ὑπὲρ
1431 4370 1601 4441 ἡμῶν
1626 4372 1912 4428 ἀπέθανε.
1948 4373 2059 4426 Καὶ

463 4462 724 4534 τοιαύτην
770 4460 973 4524 λαϐὼν,
1013 4457 1346 4521 καλλωπίζει
1397 4456 1568 4525 αὑτὴν
1607 4456 1704 4509 καὶ
1740 4456 1910 4521 λούει,
1960 4459 2058 4510 καὶ

460 4546 592 4600 οὑδὲ
629 4545 787 4599 τοῦτο
817 4546 1188 4616 παραιτεῖται.
1218 4540 1355 4594 Ἵνα
1392 4539 1592 4607 αὐτὴν
1617 4538 1861 4607 ἁγιάσῃ,
1898 4539 2055 4610 φησὶ,

465 4631 801 4699 καθαρίσας
826 4625 907 4693 τῷ
932 4623 1167 4695 λουτρῷ
1193 4622 1301 4676 τοῦ
1323 4620 1543 4686 ὕδατος
1561 4622 1632 4675 ἐν
1653 4621 1891 4691 ῥήματι.
1922 4624 2058 4678 Ἵνα

465 4713 835 4782 παραστήσῃ
867 4709 1063 4776 αὐτὴν
1099 4705 1290 4771 ἐαυτῷ
1336 4704 1596 4768 ἔνδοξον
1640 4703 1757 4773 τὴν
1807 4707 2058 4775 Ἐκκλη-

461 4802 629 4861 alar,
674 4796 759 4865 μὴ
801 4796 1073 4864 ἔχουσαν
1108 4790 1357 4855 σπῖλον,
1420 4789 1460 4857 ἢ
1487 4789 1729 4858 ῥυτίδα,
1762 4791 1801 4860 ἦ
1842 4808 1897 4844 τι
1936 4790 2057 4846 τῶν

459 4882 768 4945 τοιούτων,
800 4878 940 4932 ἀλλ’
961 4878 1063 4931 ἵνα
1083 4870 1123 4947 ᾗ
1152 4875 1291 4944 ἁγία
1316 4873 1415 4927 καί
1441 4871 1700 4942 ἄμωμος.
1727 4874 1817 4945 Τῷ
1843 4875 2056 4949 λουτρῷ

460 4962 825 5034 λούειηαὺτῆς
878 4961 979 5032 τὴν
1036 4958 1401 5027 ἀκαθαρσίαν.
1463 4959 1562 5010 Ἐν
1601 4957 1846 5026 ῥήματι,
1891 4962 2048 5030 φησί.

460 5047 649 5119 Ποίῳ;
692 5048 781 5100 Ἐν
809 5046 1036 5114 ὀνόματι
1059 5042 1153 5095 τοῦ
1190 5040 1403 5111 Πατρδς
1428 5041 1527 5093 καὶ
1555 5039 1649 5094 τοῦ
1681 5041 1810 5095 Υίοὺ
1840 5046 1935 5098 καὶ
1959 5045 2053 5100 τοῦ

462 5131 622 5200 ἁγίου
656 5129 999 5200 Πνεύματος.
1037 5127 1148 5179 Καὶ
1177 5127 1277 5195 οὑχ
1305 5124 1491 5189 ἁπλῶς
1525 5124 1695 5197 αὐτὴν
1721 5128 2051 5200 ἐκόσμησεν,

460 5213 580 5268 ’ἀλλ’
598 5213 808 5278 ἔνδοξον
834 5210 1187 5280 ὲποίησε,Μὴ
1211 5210 1485 5276 ἔχουσαν
1498 5207 1799 5278 axi/Iord)
1809 5213 2050 5280 ῥυτίδα,

461 5297 504 5366 ἡ
547 5313 605 5351 τι
633 5298 752 5350 τῶν
783 5295 1084 5349 τοιούτων.
1126 5288 1233 5345 Καὶ
1266 5294 1427 5363 ἡμεῖς
1456 5291 1637 5345 τοίνυν
1671 5292 1833 5348 τοῦτο
1866 5296 2054 5367 ἐπιζη-

463 5381 648 5452 τῶμεν
700 5380 762 5433 τδ
800 5377 1019 5442 κάλλος,
1068 5377 1159 5429 καὶ
1200 5374 1545 5446 δυνησόμεθα
1580 5376 1747 5431 αὑτοῦ
1794 5380 2051 5447 γενέσθαι

461 5461 808 5533 δημιουργοί.
860 5461 953 5529 Μη
985 5461 1138 5531 ζήτει
1175 5460 1240 5512 σὺ
1273 5458 1426 5529 παρὰ
1453 5458 1556 5528 τῆς
1584 5460 1867 5526 γυναικὸς,
1892 5463 1929 5517 ἃ
1975 5468 2049 5535 μή

464 5547 614 5600 ἐστιν
654 5546 845 5614 αὐτῆς.
889 5545 1053 5617 Ὁρᾷς
1088 5545 1171 5598 ὅτι
1226 5543 1407 5597 πάντα
1445 5545 1598 5614 παρά
1636 5544 1732 5597 τοῦ
1776 5548 2048 5602 Δεσπότου

1178 5628 1190 5645 '
1223 5625 1386 5654 -n'.-AQ~.
1414 5626 1477 5654 ’,λ

463 5711 629 5766 αὑτοῦ
671 5713 921 5783 ἄμωμος.
969 5713 1061 5782 Μὴ
1109 5714 1471 5783 ἀποστραφῇς
1516 5711 1583 5764 δι’
1612 5712 1897 5784 ἀμορφίαν
1949 5718 2049 5790 τὴν

463 5798 714 5863 γυναῖκα.
749 5796 947 5851 Ἄκουε
991 5800 1091 5869 τῆς
1133 5797 1357 5869 Γραφῆς
1398 5795 1699 5867 λεγούσης·
1744 5801 1937 5869 Μικρὰ
1979 5803 2049 5856 ἐν·

1244 327 1305 382 S.
1342 326 1630 384 JOANNIS
1669 323 2163 384 CllllYSOSTOMl
2206 330 2533 389 ARCHIEP.
2575 332 3134 394 CONSTANTINOP.

3655 339 3757 399 I38

2170 448 2467 516 πετεινοῖς
2502 451 2541 518 ἡ
2574 451 2867 519 μέλισσα,
2908 453 3009 508 καί
3045 452 3202 523 ἀρχὴ
3243 456 3687 527 γλυκασμὰτων
3723 463 3759 514 δ

2168 532 2397 599 καρπὸς
2435 532 2646 602 αὐτῆς.
2690 536 2825 590 Θεοῦ
2883 537 3106 608 πλάσμα
3152 539 3335 592 ἐστίν·
3393 542 3493 595 οὑκ
3539 543 3758 614 ἐκείνην

2170 614 2433 684 ὑϐρίζεις,
2463 616 2600 671 ἀλλά
2622 618 2715 672 τὸν
2744 621 3141 693 ἐργασάμενον.
3170 619 3233 675 Τί
3266 623 3415 697 πάθῃ
3447 627 3481 697 ή
3511 628 3684 698 γυνής

2239 764 2331 835 Μὴ
2368 765 2663 840 ἐπαινέσῃς
2708 768 2878 840 αὐτὴν
2924 768 2992 824 δι’
3049 773 3354 842 εὐμορφίαν
3375 792 3389 805 ·
3439 775 3760 829 ἀκολάστων

2166 847 2358 918 ψυχῶν
2383 850 2478 903 καὶ
2505 852 2533 904 6
2570 851 2814 918 ἔπαινος,
2848 856 2944 909 καὶ
2976 856 3036 910 τὸ
3075 858 3233 927 μῖσος
3262 860 3463 920 ἐκεῖνο,
3494 861 3588 912 καὶ
3620 861 3758 931 αὑτὴ

2166 934 2201 1002 ή
2236 933 2447 1003 ἀγάπη.
2494 935 2691 1007 Ψυχῆς
2730 939 2980 1007 ἐπιζήτει
3011 940 3239 1004 κάλλος
3266 941 3357 994 τὸν
3389 943 3623 1013 νυμφίον
3658 944 3760 1013 τῆς

2180 1015 2510 1087 Ἐκκλησίας
2546 1018 2741 1089 μιμοῦ.
2771 1021 2845 1074 Τὸ
2867 1021 3067 1086 ἔξωθεν
3092 1024 3285 1088 κάλλος
3312 1024 3635 1090 ἀλαζονείας
3661 1027 3760 1080 καὶ

2168 1099 2427 1163 ἀπονοίας
2458 1102 2622 1170 γέμει
2658 1103 2884 1175 πολλῆς,
2933 1105 3032 1159 καὶ
3060 1108 3143 1171 εις
3187 1106 3520 1179 ζηλοτυπίαν
3559 1109 3761 1178 ἐμϐάλ-

2167 1181 2271 1250 λει,
2318 1185 2413 1238 καὶ
2455 1185 2786 1241 ὑποπτεύειν
2834 1204 2894 1242 σε
2934 1189 3198 1253 πολλάκις
3231 1192 3379 1244 ποιεῖ
3419 1192 3480 1244 τὸ
3519 1194 3760 1264 πρᾶγμα

2166 1266 2364 1321 ἄτοπα.
2412 1267 2574 1322 Ἀλλά
2603 1269 2796 1341 ήδονὴν
2823 1269 2967 1342 ἔχει;
2999 1273 3180 1344 Μέχρι
3206 1274 3303 1328 τοῦ
3326 1275 3546 1346 πρώτου
3582 1276 3762 1347 μηνὸς

2166 1353 2262 1405 καὶ
2306 1352 2400 1407 τοῦ
2435 1353 2714 1427 δευτέρου,
2745 1355 2778 1427 ἢ
2809 1357 2871 1411 τὸ
2918 1357 3079 1420 πολὺ,
3123 1358 3219 1412 τοῦ
3253 1359 3527 1426 ἐνιαυτοῦ,
3568 1361 3760 1416 λοιπὸν

2164 1434 2223 1489 δὲ
2254 1435 2439 1491 οὐκέτι
2458 1476 2473 1503 ,
2506 1437 2625 1491 ἀλλ’
2657 1438 2763 1492 ὑπὸ
2790 1440 2892 1511 τῆς
2922 1440 3216 1512 συνηθείας
3245 1442 3307 1496 τὸ
3338 1442 3525 1513 θαῦμα
3555 1445 3761 1516 μαραί-

2165 1534 2315 1571 νεται
2335 1537 2348 1550 ·
2379 1520 2452 1573 τά
2478 1521 2661 1592 μέντοι
2689 1523 2779 1576 διὰ
2806 1525 2868 1576 τὸ
2933 1524 3130 1588 κάλλος
3169 1527 3579 1597 προσγενόμενα
3611 1528 3760 1582 κακά

2167 1603 2516 1674 ὲναπομένει,
2540 1607 2569 1658 6
2594 1604 2782 1674 τῦφος,
2807 1608 2841 1678 ή
2865 1608 3091 1661 ἀπόνοια
3114 1610 3208 1662 καὶ
3239 1611 3273 1682 ή
3301 1610 3595 1681 ὑπεροψία.
3636 1613 3761 1665 Ἐπὶ⁵

2164 1687 2223 1741 δὲ
2255 1688 2358 1759 τῆς
2407 1689 2481 1761 μὴ
2531 1690 2815 1764 τοιαύτης,
2866 1692 3019 1745 οὐδὲν
3060 1693 3325 1748 τοιοῦτον
3375 1693 3494 1749 ἀλλ’
3531 1696 3760 1762 είκότως

2166 1772 2471 1843 ἀρχόμενος
2516 1776 2545 1827 6
2586 1773 2728 1845 ἔρως
2762 1775 3071 1846 παραμένει
3108 1778 3358 1851 σφοδρὸς,
3390 1780 3581 1851 ἐπειδὴ
3626 1780 3761 1836 κάλ-

2166 1854 2292 1919 λους
2321 1858 2440 1910 ἐστὶ
2466 1857 2667 1929 ψυχῆς,
2700 1860 2795 1913 καὶ
2823 1861 2884 1913 οὑ
2918 1860 3193 1933 σώματος.

2237 2013 2308 2077 γ’.
2328 2007 2397 2062 Τί
2420 2007 2629 2080 βέλτιον
2653 2010 2750 2064 τοῦ
2769 2007 3025 2084 ούρανοῦ,
3045 2014 3168 2068 είπέ
3196 2030 3309 2086 μοι,
3333 2016 3386 2070 τί
3408 2014 3616 2087 βέλτιον
3638 2016 3749 2071 τῶν

2167 2097 2387 2168 ἄστρων
2416 2115 2430 2165 ;
2465 2093 2592 2153 Οἷον
2640 2100 2707 2154 ἂν
2740 2101 2918 2165 εῐποις
2945 2101 3128 2173 σῶμα,
3157 2105 3259 2158 οὑκ
3282 2106 3431 2159 ἔστιν
3459 2104 3603 2160 οὑτω
3628 2106 3758 2160 λευ-

2170 2185 2286 2239 κόν·
2314 2183 2463 2250 οἵους
2492 2186 2560 2240 ἂν
2581 2186 2760 2251 εἴποις
2779 2188 3117 2260 ὀφθαλμοὺς,
3139 2192 3241 2246 οὐκ
3280 2193 3423 2247 είσὶν
3458 2194 3602 2248 οὕτω
3632 2212 3762 2263 φαι-

2166 2271 2312 2345 δροί.
2353 2271 2505 2346 [146]
2539 2272 2759 2328 Τούτων
2808 2274 2867 2329 δὲ
2910 2277 3220 2349 γενομένων
3277 2281 3370 2333 καὶ
3428 2282 3477 2335 οί
3529 2281 3759 2351 ἄγγελοι

2167 2358 2513 2431 ἐθαύμασαν,
2570 2362 2667 2416 καὶ
2718 2364 2882 2435 ήμεῖς
2932 2365 3028 2419 νῦν
3080 2365 3460 2438 θαυμάζομεν,
3511 2369 3629 2423 ἀλλ’
3658 2371 3758 2442 οὑχ

2166 2449 2388 2520 ὁμοίως,
2405 2449 2481 2514 ὡς
2505 2451 2657 2521 παρά
2671 2452 2770 2523 τὴν
2789 2453 2987 2524 ἀρχήν.
3005 2453 3258 2508 Τοιοῦτον
3280 2456 3439 2527 γάρή
3475 2457 3754 2529 συνήθεια·

2176 2539 2276 2610 οὐχ
2310 2538 2512 2610 ὁμοίως
2547 2540 2844 2612 ἐκπλήττει
2881 2557 2894 2571 ⁸
2925 2541 3078 2614 πόσῳ
3112 2543 3314 2615 μᾶλλον
3342 2544 3434 2598 ἐπὶ
3463 2550 3754 2616 γυναικόςς

2172 2626 2272 2679 “Av
2336 2627 2410 2682 δὲ·
2453 2630 2549 2685 καὶ
2590 2629 2745 2695 νόσος
2792 2631 3118 2703 ἐπιγένηται
3146 2674 3162 2699 ,
3199 2634 3405 2700 εὐθέως
3441 2635 3661 2707 ἀπέπτη
3691 2638 3757 2691 τὸ

2168 2718 2307 2771 πᾶν.
2353 2716 2584 2771 Εὑνοιαν
2635 2718 2894 2790 ζητῶμεν
2924 2719 3077 2791 παρὰ
3102 2720 3362 2789 γυναικὸς
3381 2765 3397 2788 ,
3422 2741 3762 2796 μετριοφρο-

2168 2802 2359 2872 σύνην,
2406 2802 2709 2857 ἐπιείκειαν
2744 2820 2758 2834 ’
2791 2803 2965 2859 ταῦτα
3018 2805 3115 2859 τοῦ
3162 2806 3392 2872 κάλλους
3451 2811 3521 2863 τά
3555 2812 3762 2881 γνωρί-

2168 2904 2352 2959 σματα
2383 2906 2397 2920 ο
2429 2889 2684 2961 σώματος
2743 2893 2928 2963 μέντοι
2970 2893 3119 2965 ὥραν
3169 2894 3246 2967 μή
3287 2895 3575 2968 ζητῶμεν,
3619 2901 3761 2970 μηδὲ

2165 2976 2495 3048 ἐγκαλῶμεν
2553 2979 2692 3050 αὐτῇ
2731 2980 2861 3050 περὶ
2906 2980 3138 3047 τούτων,
3171 2976 3248 3037 ὧν
3276 2984 3377 3039 οὑκ
3411 2984 3527 3039 ἔστι
3561 2988 3755 3059 κυρία,

2167 3063 2372 3133 μᾶλλον
2399 3064 2457 3117 δὲ
2521 3066 2656 3137 μηδὲ
2687 3066 2828 3130 ὅλως
2869 3068 3199 3140 ἐγκαλῶμεν
3239 3072 3554 3143 (τολμηρῶν
3586 3075 3751 3146 γάρ),

2168 3151 2303 3221 μηδὲ
2326 3153 2818 3224 άποδυσπετῶμεν,
2871 3155 3009 3227 μηδὲ
3048 3157 3515 3231 δυσχεραίνωμεν.
3557 3163 3625 3215 Ἣ
3652 3165 3757 3236 οὐχ

2162 3240 2326 3309 δρᾶτε
2358 3241 2515 3294 πόσοι
2552 3240 2801 3309 γυναιξὶν
2838 3242 3072 3313 ὡραίαις
3098 3249 3545 3317 συνοικήσαντες,
3579 3249 3754 3305 ἐλεει-

2162 3328 2272 3392 νῶς
2305 3328 2397 3383 τὸν
2440 3329 2556 3400 βίον
2583 3330 2968 3403 κατέστρεψαν
3000 3350 3016 3399 ;
3055 3333 3214 3387 πόσοι
3240 3335 3297 3389 δὲ
3321 3337 3381 3389 οὐ
3415 3339 3624 3409 σφόδρα
3658 3340 3755 3394 £6-

2165 3418 2418 3488 μόρφοις,
2449 3418 2590 3488 μετά
2616 3418 2823 3488 πολλῆς
2844 3419 3041 3490 ἡδονῆς
3058 3424 3137 3485 εἰς
3163 3423 3392 3492 ἔσχατον
3426 3428 3601 3497 γῆρας
3626 3427 3757 3497 ῆλα-

2165 3522 2301 3570 σανς
2328 3508 2434 3560 Τὸν
2474 3508 2663 3562 σπῖλον
2682 3508 2776 3562 τὸν
2811 3508 3015 3562 ἔσωθεν
3039 3511 3455 3584 ἀποσμήχωμεν
3477 3555 3491 3579 ,
3518 3515 3625 3580 τάς
3660 3519 3755 3587 60-

2162 3596 2311 3658 τίδας
2354 3594 2455 3657 τὰς
2487 3595 2636 3649 ἔνδον
2678 3595 3051 3667 ἑκτίλλωμεν,
3085 3599 3213 3660 τοὺς
3250 3599 3475 3671 μώμους
3495 3605 3622 3667 τοὺς
3654 3606 3756 3658 ἐπὶ

2165 3684 2267 3753 τῆς
2293 3682 2475 3753 ψυχῆς
2497 3683 2796 3755 ἀνέλωμεν.
2819 3685 3074 3738 Τοιοῦτον
3095 3688 3124 3740 6
3165 3687 3300 3751 Θεὸς
3333 3689 3585 3762 ἐπιζητεῖ
3613 3693 3751 3747 κάλ-

2161 3769 2252 3834 λος
2276 3788 2288 3799 ·
2325 3771 2403 3840 τῷ
2440 3770 2580 3842 Θεῷ,
2612 3772 2686 3842 μὴ
2721 3774 2879 3843 ήμῖν,
2910 3773 3085 3845 καλὴν
3114 3774 3286 3847 αὑτὴν
3316 3780 3749 3845 κατασκευάζω-

2165 3876 2286 3930 μεν.
2316 3858 2408 3930 Ιίὴ
2433 3860 2694 3931 χρήματα
2721 3860 2999 3933 ζητῶμεν,
3030 3862 3164 3934 μηδὲ
3182 3864 3469 3934 εὐγένειαν
3492 3868 3594 3939 τὴν
3615 3868 3753 3935 ἔξω·-

2162 3947 2275 4010 θεν,
2303 3946 2419 3999 ἀλλ’
2444 3948 2723 4016 εὐγένειαν
2755 3948 2855 4019 τὴν
2897 3951 2956 4001 ἐν
2977 3951 3145 4022 ψυχῇ.
3179 3952 3389 4025 Μηδεὶς
3409 3954 3517 4008 ἀπὸ
3553 3972 3750 4023 γύναι-

2161 4035 2254 4099 κὸς
2302 4035 2622 4106 άναμενέτω
2674 4037 2930 4092 πλουτεῖν
2959 4056 2973 4069 ”
2999 4039 3225 4110 αἰσχρὸς
3256 4041 3368 4112 γάρ
3394 4046 3490 4096 καὶ
3522 4044 3742 4098 ἐπονεί-

2158 4124 2337 4190 διστος
2385 4117 2543 4189 οὗτος
2575 4126 2606 4179 6
2640 4125 2874 4191 πλοῦτος
2897 4144 2911 4160 ο
2951 4128 3090 4200 μηδὲ
3116 4129 3252 4194 ὅλως
3276 4130 3514 4203 ζητείτω
3537 4149 3624 4197 τις
3651 4138 3747 4189 ιν-

2158 4212 2351 4268 τεῦθεν
2408 4212 2681 4268 πλουτεῖν.
2717 4217 2783 4269 01
2842 4215 2957 4285 γὰρ
3010 4217 3385 4287 ,βουλόμενοι
3429 4221 3746 4288 πλουτεῖν,

2161 4302 2348 4372 φησιν,
2378 4301 2786 4371 ἐμπίπτουσιν
2834 4305 2923 4370 εἰς
2987 4306 3326 4374 πειρασμὸν
3348 4346 3364 4372 ,
3405 4309 3505 4363 καὶ
3538 4309 3746 4365 ἐπιθυ-

2153 4393 2301 4461 μίας
2341 4388 2643 4456 ἀνοήτους
2692 4390 2794 4445 καὶ
2838 4392 3169 4459 βλαϐερὰς,
3207 4394 3307 4447 καὶ
3354 4397 3444 4461 εὶς
3477 4397 3744 4467 παγίδας

2158 4481 2255 4534 καὶ
2290 4479 2547 4547 ὄλεθρον
2575 4478 2677 4533 καί
2713 4480 3042 4538 ἀπώλειαν.
3084 4482 3221 4535 ’Δπὸ
3260 4485 3517 4551 γυναικὸς
3558 4485 3745 4539 τοίνυν

2162 4568 2238 4636 μὴ
2274 4566 2429 4637 ζήτει
2455 4567 2761 4638 χρημάτων
2782 4567 3125 4639 περιουσίαν,
3162 4570 3258 4623 καὶ
3278 4571 3456 4625 πάντα
3484 4573 3746 4643 εὑρήσεις

2158 4655 2227 4708 τά
2292 4654 2429 4709 ἄλλα
2474 4654 2736 4717 εὐκόλως.
2797 4655 3082 4720 Τίς,ειπέ
3133 4675 3247 4726 μοι,
3296 4660 3367 4713 τά
3426 4660 3744 4732 κυριώτερα

2156 4744 2338 4813 ἀφεὶς,
2381 4742 2490 4797 τῶν
2515 4742 2816 4797 ἐλαττόνων
2855 4743 3249 4815 ἐπιμελήσεται
3283 4765 3299 4813 ;
3346 4748 3509 4812 ⁹Αλλ’,
3547 4750 3743 4821 οῖμοιί

2156 4830 2435 4903 πανταχοῦ
2466 4831 2624 4885 τοῦτο
2651 4832 2935 4903 πάσχομεν
2965 4848 2979 4861 ο
3024 4833 3129 4887 κᾶν
3168 4834 3337 4903 παῖδα
3376 4834 3740 4908 κτησώμεθα,

2154 4921 2217 4974 ού
2272 4917 2648 4989 σπουδάζομεν
2701 4920 2851 4985 ὅπως
2896 4921 3123 4991 γένηται
3158 4922 3398 4992 ἀγαθὸς,
3429 4924 3545 4978 ἀλλ’
3578 4925 3732 4991 ὅπως

2155 5008 2418 5063 πλουσίαν
2454 5008 2606 5079 αὑτῷ
2648 5013 2884 5077 γυναῖκα
2908 5009 3165 5082 λάϐωμεν
3192 5027 3208 5043 ⁶
3239 5014 3338 5084 οὑχ
3365 5013 3511 5077 ὅπως
3544 5013 3743 5085 εὔτρο-

2156 5114 2276 5161 πος,
2308 5096 2424 5150 ἀλλ’
2445 5097 2590 5160 ὅπως
2648 5097 2879 5169 εὔπορος
2904 5114 2919 5129 ο
2956 5098 3062 5152 κᾶν
3121 5101 3463 5171 ἐπιτήδευμα
3532 5102 3741 5171 μετίω-

2158 5202 2277 5256 μεν,
2298 5186 2397 5256 ούχ
2420 5186 2569 5248 ὅπως
2616 5185 3030 5257 ἁμαρτημάτων
3059 5186 3478 5258 ἀπηλλαγμένον
3510 5183 3544 5263 ᾖ
3568 5229 3585 5254 ,
3624 5188 3743 5244 ἀλλ’

2154 5277 2303 5340 ὅπως
2330 5277 2463 5347 ἡμῖν
2486 5274 2677 5346 κέρδος
2698 5276 2964 5349 προσοίσῃ
2996 5276 3139 5346 μέγα
3163 5294 3179 5310 σ
3216 5278 3309 5333 καὶ
3342 5278 3522 5332 πάντα
3547 5280 3741 5347 γέγονε

2153 5366 2435 5437 χρήματα.
2465 5362 2567 5417 Διά
2620 5363 2782 5417 τοῦτο
2827 5365 3007 5419 πάντα
3039 5365 3382 5437 διέφθαρται,
3408 5366 3491 5420 δτι
3527 5369 3738 5433 ἐκεῖνος

2153 5454 2301 5523 ἡμᾶς
2336 5451 2556 5523 κατέχει
2585 5452 2614 5504 6
2661 5450 2821 5522 ἔρως.
2878 5453 3080 5519 Οὕτως
3130 5454 3473 5523 ὀφείλουσι,
3529 5457 3736 5526 φησιν,

2152 5543 2209 5595 οἱ
2236 5540 2457 5609 ἄνδρες
2502 5538 2748 5610 ἀγαπᾷν
2777 5541 2886 5607 τὰς
2924 5543 3157 5596 ἑαυτῶν
3194 5544 3486 5613 γυναῖκας
3513 5586 3527 5609 ,
3555 5545 3637 5612 ὡς
3665 5546 3739 5600 τὰ

2151 5627 2383 5683 ἑαυτῶν
2420 5627 2684 5696 σώματα.
2739 5628 2806 5681 Τί
2864 5628 2929 5700 δὴ
2969 5628 3127 5682 τοῦτό
3152 5631 3345 5696 ὲστιν;
3388 5631 3478 5695 Ὠς
3501 5634 3580 5695 εὶς
3611 5632 3729 5702 μεί-

2153 5716 2284 5782 ζονα
2323 5716 2530 5777 είκόνα,
2570 5717 2664 5770 καὶ
2700 5715 3068 5789 σφοδρότερον
3089 5713 3252 5787 ἦλθεν
3284 5718 3589 5790 ὑπόδειγμα
3626 5738 3639 5751 ·
3671 5719 3733 5772 ιύ

2152 5801 2309 5857 τοῦτο
2354 5800 2411 5855 δὲ
2465 5800 2647 5872 μόνον,
2678 5800 2815 5856 ἀλλά
2859 5801 2952 5856 καὶ
2979 5801 3057 5865 ὡς
3088 5802 3407 5875 ἐγγύτερον,
3438 5806 3533 5862 καὶ
3574 5803 3735 5875 σαφέο
