4092 6488
380 435 487 492 157

369 544 703 601 dilectionis.
730 543 822 599 Vis
842 544 936 599 tibi
962 542 1181 599 obedire
1204 559 1455 611 uxorem,
1475 545 1842 601 sicutChristo
1870 546 1974 601 Ec-

369 637 634 692 elesiam?
661 637 774 706 ipse
800 651 1014 706 quoque
1037 638 1155 705 ejus
1186 652 1369 692 curam
1399 653 1527 707 gere
1570 640 1709 693 sicut
1732 638 1979 694 Christus

370 731 666 786 Ecclesiae:
701 731 912 786 etiamsi
964 731 1200 786 animam
1250 747 1345 801 pro
1382 731 1497 802 ipsa
1542 732 1673 788 dare
1706 743 1974 803 oporteat,

366 823 582 879 etiamsi
617 823 816 877 millies
846 824 1123 878 conscindi
1149 863 1166 888 ,
1206 823 1419 879 etiamsi
1450 826 1678 894 quodvis
1707 827 1977 881 sustinere

367 927 427 971 et
456 916 605 987 pati,
638 930 747 968 non
782 915 1094 979 recusabis;
1125 925 1179 969 et
1210 917 1255 970 si
1290 915 1405 969 lucc
1438 930 1627 985 passus
1657 915 1823 972 fueris
1846 960 1863 984 ,
1892 917 1975 971 ni-

368 1010 449 1065 hil
477 1011 657 1064 adhuc
684 1008 793 1063 tale
813 1006 986 1063 fecisti
1014 1008 1177 1078 quale
1207 1008 1480 1063 Christus.
1508 1008 1644 1063 Nam
1673 1018 1724 1064 tu
1754 1011 1972 1081 quidem

364 1106 478 1177 jam
529 1106 856 1173 conjunctus
885 1102 1001 1158 lucc
1030 1102 1202 1158 facis:
1236 1104 1326 1159 ille
1370 1116 1550 1159 autem
1602 1121 1701 1176 pro
1741 1123 1806 1162 ea
1851 1124 1970 1179 quae

365 1200 547 1269 ipsum
577 1209 861 1252 aversatur
886 1208 942 1253 et
981 1196 1108 1252 odio
1139 1198 1318 1253 habet.
1349 1200 1809 1267 Quemadmodum
1841 1218 1971 1273 ergo

362 1294 482 1361 ipse
512 1307 634 1345 eam
667 1306 788 1359 qua:
839 1292 1016 1359 ipsum
1063 1292 1439 1358 aversabatur,
1468 1294 1762 1364 oderatque
1787 1306 1842 1351 et
1867 1297 1967 1352 de-

359 1382 592 1452 epicatui
628 1382 863 1436 habebat
902 1398 965 1437 ac
990 1385 1362 1452 conspuebat,
1391 1396 1445 1441 et
1474 1401 1568 1455 per
1609 1387 1884 1444 lasciviam
1915 1392 1966 1445 ei

357 1476 675 1538 insultabat,
712 1490 903 1543 magna
948 1490 1044 1530 sua
1097 1490 1224 1531 cura
1273 1478 1387 1533 suis
1427 1480 1659 1549 subjecit
1704 1482 1962 1550 pedibus,

355 1582 465 1622 non
521 1566 684 1621 minis
718 1581 818 1621 nec
866 1568 1211 1622 contumeliis
1256 1584 1431 1639 neque
1471 1583 1615 1626 metu
1647 1588 1821 1641 neque
1854 1574 1962 1629 ullo

353 1661 464 1715 alio
485 1657 754 1729 ejusmodi
782 1676 796 1712 :
834 1659 905 1712 ita
938 1668 991 1713 ιιι
1020 1675 1232 1730 quoque
1262 1669 1313 1715 te
1341 1677 1468 1731 gere
1499 1678 1623 1733 erga
1657 1675 1799 1718 tuam
1826 1682 1959 1721 uxo-

354 1768 470 1808 rem
497 1770 510 1802 :
542 1751 754 1806 etiamsi
779 1766 900 1804 eam
932 1751 1131 1805 videris
1156 1752 1545 1822 despicientem
1568 1797 1583 1823 ,
1618 1756 1833 1811 etiamsi
1863 1773 1959 1826 per

353 1845 628 1900 lasciviam
659 1844 1048 1908 insultantem,
1094 1846 1305 1899 etiamsi
1353 1856 1823 1916 contemnentem,
1864 1866 1957 1921 po-

353 1937 487 1992 teris
533 1936 701 1991 multa
745 1934 865 2006 ejus
895 1950 1022 1990 cura
1055 1944 1109 1990 et
1154 1938 1531 2006 providentia,
1579 1940 1872 1996 dilectione
1901 1951 1955 1997 et

360 2028 590 2083 amicitia
638 2043 758 2082 eam
813 2026 919 2081 tuis
968 2028 1193 2096 pedibus
1243 2029 1531 2100 subjicere.
1579 2031 1723 2086 Nihil
1755 2041 1840 2087 est
1868 2033 1952 2088 his

359 2123 575 2176 vinculis
622 2121 793 2191 magis
845 2122 1221 2191 tyrannicum,
1272 2131 1328 2177 et
1375 2125 1609 2179 maxime
1657 2127 1853 2180 marito
1898 2137 1953 2181 et

353 2216 521 2268 uxori.
555 2214 688 2269 Nam
729 2212 988 2268 famulum
1018 2215 1233 2284 quidem
1271 2216 1466 2285 poterit
1492 2218 1754 2287 quispiam
1805 2230 1950 2274 metu

342 2307 579 2376 alligare,
614 2306 727 2360 imo
773 2322 900 2361 vero
942 2322 1008 2360 ne
1054 2307 1202 2361 illum
1247 2307 1497 2378 quidem;
1532 2307 1761 2364 fortasse
1804 2311 1948 2365 enim

341 2404 546 2457 resiliet
588 2412 647 2458 et
696 2402 912 2455 abibit:
955 2403 1075 2456 vitze
1122 2411 1303 2457 autem
1362 2402 1602 2469 sociam,
1652 2403 1944 2459 liberorum

336 2507 565 2550 matrem
585 2536 600 2557 ,
634 2505 688 2548 et
714 2511 835 2565 qua:
862 2506 944 2549 est
971 2509 1130 2548 causa
1161 2504 1216 2549 et
1248 2494 1461 2549 occasio
1492 2496 1670 2549 omnis
1700 2495 1901 2551 laetitiae
1922 2537 1939 2563 ,

336 2604 446 2642 non
473 2596 689 2656 oportet
722 2598 867 2640 metu
899 2597 951 2641 et
998 2586 1158 2641 minis
1190 2586 1360 2657 ligare
1380 2629 1396 2653 ,
1432 2587 1527 2643 sed
1573 2588 1862 2645 dilectione
1889 2600 1946 2644 ct

332 2681 643 2735 affectione.
672 2681 930 2748 Quaenam
954 2681 1097 2734 enim
1122 2689 1206 2735 est
1227 2680 1557 2750 conjunctio,
1575 2682 1787 2751 quando
1809 2698 1945 2738 uxor

331 2774 675 2828 exhorrescit
702 2772 990 2825 maritum?
1012 2773 1253 2839 Quanam
1281 2782 1460 2827 autem
1488 2773 1762 2844 voluptate
1793 2774 1941 2830 frue-

331 2876 420 2921 tur
453 2868 568 2937 ipse
599 2866 827 2920 maritus
846 2908 861 2930 ,
891 2881 1011 2920 cum
1044 2882 1211 2920 uxore
1239 2866 1489 2922 habitans
1522 2876 1791 2939 tamquam
1816 2886 1937 2925 cum

327 2957 525 3011 ancilla
549 2996 563 3020 ,
594 2966 650 3011 et
680 2972 786 3011 non
820 2969 1095 3028 tamquam
1126 2972 1247 3011 cum
1276 2958 1490 3014 libera?
1518 2960 1583 3014 Et
1611 2960 1655 3014 si
1685 2961 1811 3030 quid
1839 2977 1938 3031 pro

326 3065 391 3104 ea
437 3064 629 3118 passus
676 3047 844 3103 fueris
871 3092 885 3115 ,
920 3065 987 3103 ne
1032 3050 1328 3119 exprobres
1356 3068 1368 3101 :
1404 3067 1578 3119 neque
1609 3054 1753 3108 enim
1780 3054 1938 3109 Chri-

326 3150 447 3196 stus
491 3139 596 3195 hoc
642 3141 808 3195 fecit:
862 3140 929 3194 Et
974 3142 1197 3208 seipsum
1247 3144 1459 3196 tradidit
1510 3162 1603 3214 pro
1632 3163 1711 3201 ea.
1742 3146 1835 3202 96.
1868 3146 1935 3202 Ut

324 3233 472 3286 illaut
502 3232 870 3300 sanctiﬁcaret.
918 3232 1050 3287 Erat
1094 3250 1223 3303 ergo
1254 3235 1530 3290 immunda
1553 3278 1568 3302 ,
1602 3247 1756 3291 erant
1786 3238 1837 3292 in
1869 3255 1931 3295 ea

326 3325 519 3380 sordes
546 3335 602 3381 et
632 3324 882 3389 maculae,
911 3334 1028 3380 erat
1058 3328 1233 3397 turpis
1257 3342 1321 3381 ac
1349 3327 1609 3384 deformis
1627 3371 1641 3393 ,
1675 3331 1795 3384 vilis
1817 3340 1935 3387 erat

322 3426 383 3472 et
428 3416 660 3487 abjecta.
708 3416 1116 3488 Quamcumque
1165 3434 1297 3490 ergo
1347 3422 1622 3491 acceperis
1671 3439 1928 3491 uxorem,

322 3526 433 3564 non
480 3510 641 3565 talem
689 3510 923 3580 accipies
966 3525 1260 3580 sponsam,
1302 3514 1521 3583 qualem
1547 3514 1795 3570 Christus
1827 3517 1930 3571 Ec—

322 3601 578 3669 clesiam,
604 3617 779 3672 neque
806 3618 927 3672 quae
952 3619 981 3657 a
1008 3611 1061 3658 te
1092 3611 1298 3657 tantum
1330 3604 1509 3673 absit,
1541 3616 1799 3675 quantum
1825 3607 1931 3664 Ec-

322 3694 489 3749 clesia
520 3709 552 3748 a
589 3694 852 3749 Christo:
900 3694 998 3749 sed
1052 3702 1230 3751 tamen
1280 3712 1387 3750 non
1429 3707 1510 3752 est
1550 3698 1925 3770 abominatus,

322 3803 424 3843 nec
449 3803 569 3842 eam
592 3787 720 3841 odio
744 3787 930 3842 habuit
962 3798 1185 3857 prepter
1203 3803 1471 3845 summam
1500 3790 1922 3850 deformitatem.

322 3879 417 3933 Vis
433 3879 622 3949 audire
639 3880 756 3950 ejus
774 3879 1212 3935 deformitatem?
1230 3883 1351 3936 audi
1376 3883 1598 3939 Paulum
1618 3885 1886 3942 dicentem
1911 3906 1924 3943 :

320 3973 501 4028 Eratis
523 3974 660 4027 enim
685 3974 961 4040 aliquando
988 3975 1206 4029 tenebrae
1244 3973 1461 4045 (Ep/tes.
1486 3978 1540 4032 5.
1567 3978 1647 4049 8).
1679 3978 1925 4036 Vidistin’

317 4066 441 4135 ejus
494 4065 772 4119 atrnrem?
824 4065 949 4134 quid
995 4074 1079 4120 est
1129 4066 1299 4121 atrius
1359 4070 1634 4124 tenebris?
1683 4071 1927 4127 Vidistin'

317 4156 636 4211 audaciam?
670 4154 740 4211 In
785 4157 1070 4225 pravitate,
1124 4158 1330 4229 inquit,
1360 4169 1407 4214 et
1455 4162 1647 4215 invidia
1694 4165 1926 4235 degentes

317 4250 339 4318 (
373 4248 477 4303 Tit.
510 4251 563 4304 5.
595 4251 677 4320 5)
751 4249 886 4304 Vide
939 4250 1333 4306 immunditiam
1361 4272 1374 4308 :
1408 4251 1796 4320 lnobetlientes,
1846 4259 1925 4310 in-

315 4341 581 4407 sipientes.
628 4338 768 4408 Quid
810 4350 989 4396 autem
1038 4341 1199 4397 dico?
1241 4354 1297 4398 et
1341 4344 1503 4398 stulta
1544 4355 1661 4399 erat
1707 4356 1761 4403 et
1804 4364 1923 4404 ma-

317 4432 495 4487 ledica
531 4450 545 4486 :
576 4440 629 4487 et
663 4442 840 4488 tamen
872 4450 993 4488 cum
1045 4446 1149 4487 tam
1179 4436 1346 4489 multa
1379 4436 1429 4490 in
1460 4452 1522 4492 ea
1550 4448 1751 4504 essent,
1784 4448 1923 4493 tam-

312 4540 481 4595 quam
514 4540 611 4593 pro
640 4526 883 4594 speciosa
902 4567 916 4589 ,
948 4536 1218 4597 tamquam
1251 4544 1349 4599 pro
1375 4529 1570 4585 dilecta
1595 4574 1610 4598 ,
1645 4541 1919 4602 tamquam

316 4635 421 4688 pro
466 4618 781 4672 admiranda
807 4660 822 4681 ,
870 4619 941 4672 ita
974 4620 1213 4689 seipsum
1265 4621 1486 4678 tradidit
1528 4639 1626 4694 pro
1670 4624 1919 4681 deformi.

312 4714 434 4772 llnc
466 4713 666 4766 mirans
703 4712 917 4767 dicebat
953 4713 1184 4779 Paulus,
1227 4713 1327 4769 Vix
1356 4716 1491 4770 enim
1523 4734 1615 4786 pro
1636 4718 1783 4788 justo
1809 4721 1923 4789 quis

311 4805 565 4858 morietur
593 4802 611 4869 (
635 4803 787 4857 Rom.
820 4804 874 4858 5.
907 4804 940 4858 7
968 4804 987 4876 )
1011 4819 1029 4869 ;
1069 4814 1123 4860 et
1153 4821 1370 4872 rursus,
1407 4807 1468 4861 Si
1494 4824 1608 4861 cum
1635 4825 1726 4863 nos
1751 4810 1923 4864 adhuc

312 4904 606 4966 peccatores
652 4911 911 4961 essemus,
962 4895 1198 4952 Christus
1251 4915 1343 4967 pro
1390 4899 1533 4954 nobis
1576 4910 1649 4954 est
1693 4913 1923 4958 mortuus

312 4987 497 5058 (Ibid.
537 5002 586 5040 υ.
615 4989 667 5043 8.
702 4988 794 5056 9).
828 4988 895 5042 Ει
925 5004 1047 5043 cum
1083 4991 1246 5045 talem
1299 4994 1631 5062 accepisset,
1673 5010 1791 5050 eam
1834 5012 1925 5051 or-

308 5089 411 5135 nat
450 5091 506 5133 et
539 5081 709 5147 lavat,
744 5088 800 5135 et
847 5096 914 5136 ne
968 5081 1069 5137 hoc
1114 5082 1331 5153 quidem
1384 5095 1619 5140 recusat.
1657 5086 1726 5141 Ut
1770 5087 1914 5141 illam

304 5172 662 5239 sancti/itaret
686 5213 703 5238 ,
746 5173 1001 5226 mandans
1028 5173 1232 5228 lavacro
1262 5192 1409 5247 aqua
1444 5178 1495 5231 in
1526 5178 1705 5238 verba.
1737 5180 1828 5234 27.
1861 5190 1917 5235 ut

308 5264 571 5319 exhiberet
596 5266 705 5335 ipse
730 5264 828 5319 sibi
855 5266 1139 5333 gloriosam
1169 5267 1453 5323 Ecclesium
1474 5311 1488 5334 ,
1521 5288 1621 5325 non
1652 5273 1920 5329 habentem

308 5356 574 5411 maculam
596 5399 607 5420 ,
636 5367 725 5410 aut
750 5375 931 5428 rugam
956 5400 972 5425 ,
1000 5369 1089 5412 aut
1114 5359 1311 5430 aliquid
1342 5363 1626 5433 ejusmodi,
1655 5366 1745 5418 sed
1770 5376 1824 5419 ut
1849 5367 1915 5421 sit

306 5456 494 5501 sancta
537 5457 585 5500 et
616 5449 969 5506 immaculata.
1017 5449 1258 5504 Lavacro
1303 5453 1444 5506 lavat
1483 5458 1599 5521 ejus
1631 5455 1918 5511 immundi-

309 5539 467 5593 tiam.
496 5538 563 5593 ln
592 5540 779 5605 verba,
837 5541 1030 5610 inquit.
1077 5542 1364 5610 Quonam?
1407 5544 1462 5598 In
1496 5548 1716 5602 nomine
1745 5548 1920 5605 Patris

304 5640 365 5686 et
414 5629 537 5686 Filii
568 5642 621 5687 et
668 5632 906 5702 Spiritus
947 5635 1145 5689 sancti.
1175 5636 1286 5691 Nec
1314 5639 1488 5692 solum
1517 5655 1636 5693 eam
1667 5645 1917 5711 ornavit,

307 5723 408 5778 sed
456 5723 583 5779 fecit
620 5725 953 5795 gloriosam,
1008 5725 1132 5781 Non
1182 5728 1450 5783 habentem
1494 5733 1782 5800 maculam,
1834 5746 1921 5789 aut

302 5832 492 5886 rugam
512 5860 526 5880 ,
558 5826 649 5870 aut
676 5817 876 5887 aliquid
920 5819 1192 5889 ejusmodi.
1228 5820 1293 5874 Et
1324 5838 1424 5877 nos
1452 5838 1581 5894 ergo
1609 5841 1917 5895 quaeramus

298 5912 448 5967 hanc
474 5911 960 5983 pulchritudinem,
987 5923 1041 5968 et
1070 5915 1365 5984 poterimus
1388 5931 1510 5972 esse
1533 5900 1649 5989 ejus
1670 5921 1909 5992 opiﬁces.

1313 433 1375 487 LV
1418 434 1636 489 EPIS’I’.
1680 434 1771 488 Al)
1812 435 2053 490 EPHES.
2097 436 2248 494 CAP.
2296 442 2357 496 ν.
2404 443 2629 502 llOMlL.
2673 450 2792 505 XX.

3589 471 3689 527 ηδ

2091 547 2168 603 Ne
2194 568 2403 621 quzeras
2429 557 2498 612 ab
2528 576 2696 618 uxore
2725 582 2846 634 quae
2875 584 2981 624 non
3023 582 3151 629 sunt
3177 575 3314 645 ejus.
3344 577 3505 637 Vides
3539 588 3684 655 quod

2086 657 2116 696 a
2164 644 2392 701 Domino
2440 655 2619 708 omnia
2652 654 2903 715 habuerit
2947 663 3189 723 Ecclesia
3209 644 3229 725 7:
3263 673 3331 728 ab
3378 675 3494 743 ipso
3543 644 3682 737 facta

2085 741 2170 787 est
2196 735 2426 802 gloriosa
2454 782 2469 807 ,
2497 743 2565 798 ab
2594 746 2710 816 ipso
2736 748 2873 806 facta
2902 764 2981 808 est
3012 758 3128 813 sine
3157 764 3387 819 macula.
3414 766 3492 821 Ne
3518 786 3679 826 aver-

2084 826 2221 880 seris
2246 845 2475 935 uxoreni
2525 849 2745 935 prppter
2792 843 3217 908 deformitatem.
3247 856 3386 913 Audi
3426 862 3677 935 Scriptu-

2082 930 2197 970 ratn
2226 919 2534 980 dicentem:
2568 926 2741 984 Parva
2788 935 2840 987 in
2870 939 3159 996 volucribus
3202 947 3350 1017 apis,
3385 961 3432 1003 et
3472 919 3677 1011 inilium

2080 1008 2405 1111 dulcedinum
2435 1028 2510 1071 est
2552 1020 2751 1089 fructus
2794 1028 2905 1096 ejus
2951 1028 3139 1103 (Eccli.
3190 1008 3278 1093 li.
3453 1045 3543 1100 Dei
3592 1008 3678 1104 est

2078 1099 2387 1170 figmentum
2415 1125 2429 1159 :
2463 1126 2571 1166 non
2626 1114 2773 1170 illam
2807 1126 3134 1179 contumelia
3186 1099 3397 1202 aflicisl,
3425 1137 3519 1192 sed
3548 1154 3672 1195 eum

2076 1192 2167 1260 qui
2191 1193 2361 1263 ipsam
2394 1199 2540 1255 fecit.
2575 1204 2712 1271 Quid
2745 1221 2866 1278 agat
2895 1214 3133 1269 mulier?

2146 1285 2214 1341 In
2242 1306 2401 1346 uxore
2429 1297 2553 1364 quid
2577 1304 2931 1368 qutcrcndum.
2954 1339 3028 1348 —-
3046 1309 3124 1367 Ne
3156 1312 3299 1370 illam
3332 1319 3519 1379 laudes
3546 1341 3673 1395 pro-

2074 1386 2191 1446 pter
2217 1379 2404 1437 formaa
2431 1387 2753 1457 elegantiam
2783 1411 2797 1447 :
2829 1396 3225 1468 impudicarum
3255 1379 3563 1469 animaruni
3584 1428 3669 1473 est

2069 1478 2123 1585 elt
2154 1470 2354 1585 lausret
2383 1476 2510 1531 illud
2543 1481 2722 1537 odium
2746 1526 2760 1550 ,
2793 1495 2847 1541 et
2896 1490 3010 1558 ipsa
3043 1493 3281 1553 dilectio.
3316 1501 3508 1570 Qumre

2068 1564 2429 1625 chritudinem
2494 1574 2737 1631 anima}:
2797 1580 3007 1638 imitare
3071 1564 3358 1657 sponsum-
3384 1564 3663 1659 Ecclesia;

2067 1654 2303 1714 Externa
2336 1663 2677 1731 pulchritudo
2700 1670 2855 1740 plena
2886 1684 2969 1729 est
2997 1654 3321 1750 arrogantia:
3349 1697 3403 1742 et
3430 1690 3666 1749 insolen-

2067 1748 2187 1853 ti.e.,
2217 1761 2273 1805 et
2303 1753 2471 1823 injicit
2504 1759 2555 1812 in
2588 1762 2943 1834 zelotypiam,
2979 1779 3032 1824 et
3064 1748 3207 1843 saipe
3240 1785 3296 1833 te
3330 1778 3455 1835 facit
3486 1788 3664 1856 suSpi-

2062 1843 2170 1946 cari
2201 1860 2315 1900 rem
2344 1849 2631 1907 absurdam
2658 1865 2713 1909 et
2745 1868 2979 1928 turpem.
3005 1865 3071 1919 At
3098 1866 3260 1925 habet
3286 1843 3613 1946 voluptatem
3634 1884 3669 1936 ἲν
3750 1898 3751 1901 ‘

2064 1932 2241 2004 Usque
2270 1938 2335 1993 ad
2370 1941 2600 2009 primum
2632 1957 2687 2001 et
2716 1953 3014 2010 secundum
3044 1973 3288 2017 mensem
3314 2006 3330 2031 ,
3363 1932 3459 2022 aut
3485 1932 3657 2041 piari;

2060 2041 2204 2081 mum
2235 2045 2404 2101 usque
2432 2035 2498 2089 ad
2531 2051 2730 2094 annum
2753 2084 2768 2107 ,
2814 2043 3011 2103 deinde
3056 2065 3169 2106 non
3196 2058 3431 2126 amplius
3455 2035 3595 2127 ,-sed
3623 2085 3657 2123 a

2057 2122 2447 2179 consuetudine
2489 2133 2774 2186 marcescit
2803 2137 3120 2196 miraculum
3155 2162 3169 2198 :
3210 2122 3329 2216 qua:
3372 2122 3500 2207 vero
3531 2173 3656 2226 pro.-

2054 2218 2174 2279 pter
2199 2213 2655 2282 pulchritudinem
2686 2225 2826 2279 mala
2854 2213 3545 2311 advenertint,_remanent:
3575 2249 3653 2302 fa-

2053 2309 2205 2370 stus,
2257 2311 2563 2378 arrogantia
2610 2323 2665 2368 et
2711 2327 3073 2390 contemptus.
3108 2326 3165 2381 in
3214 2346 3275 2384 ea
3309 2347 3486 2390 autem
3532 2309 3654 2409 quia

2053 2411 2161 2452 non
2214 2409 2298 2454 est
2338 2403 2637 2472 ejusmodi,
2672 2410 2803 2465 nihil
2838 2415 2977 2482 tale;
3010 2419 3105 2473 sed
3153 2426 3347 2481 merito
3377 2444 3529 2485 amor
3552 2403 3649 2489 in-

2051 2488 2255 2558 cipiens
2284 2494 2437 2549 valde
2468 2510 2786 2569 permanet,
2820 2509 3077 2575 quoniam
3116 2521 3203 2569 est
3229 2518 3648 2586 pulchritudinis

2049 2594 2242 2636 anima:
2260 2624 2273 2647 ,
2309 2599 2414 2638 non
2456 2592 2729 2659 corporis.

2119 2672 2173 2727 5.
2208 2673 2396 2730 Uxoris
2426 2681 2631 2748 optinue
2658 2682 2818 2739 dotes.
2850 2718 2924 2727 --
2954 2689 3048 2747 Dic
3094 2696 3224 2751 mihi
3250 2742 3266 2765 ,
3316 2703 3451 2770 quid
3474 2715 3557 2761 est
3586 2709 3638 2765 in

2046 2763 2179 2818 melo
2198 2766 2386 2821 melius
2408 2779 2461 2823 et
2478 2775 2855 2840 pr:estantius?
2885 2780 3020 2847 Quid
3048 2787 3237 2841 melius
3253 2763 3449 2849 astris?
3471 2763 3649 2865 Quod-

2044 2870 2276 2927 cumque
2314 2859 2516 2916 dixeris
2558 2881 2792 2936 corpus,
2824 2886 2931 2927 non
2958 2885 3039 2930 est
3066 2878 3201 2933 adeo
3226 2882 3441 2953 album;
3481 2859 3645 2961 quos-

2042 2963 2273 3020 cumque
2297 2952 2497 3009 dixeris
2525 2960 2735 3027 oculos,
2763 2979 2868 3019 non
2893 2978 3015 3023 sunt
3037 2971 3174 3027 adeo
3200 2975 3307 3030 laeti
3332 2987 3387 3032 et
3412 2952 3653 3043 hilares-

2043 3040 2139 3095 His
2171 3054 2352 3098 autem
2376 3051 2574 3103 creatis
2600 3052 2761 3107 etiam
2785 3060 2962 3127 angeli
2991 3072 3117 3117 sunt
3143 3065 3427 3136 admirati;
3460 3085 3514 3128 et
3542 3092 3641 3134 nos

2040 3150 2254 3206 quoque
2284 3155 2426 3195 nunc
2458 3144 2753 3215 miramur,
2799 3151 2893 3204 sed
2926 3167 3033 3206 non
3066 3157 3207 3211 sicut
3234 3160 3303 3214 ab
3334 3162 3505 3219 initio.
3536 3168 3641 3223 Ta-

2039 3227 2106 3281 lis
2127 3230 2270 3285 enim
2296 3249 2380 3287 res
2401 3244 2485 3289 est
2506 3242 2845 3296 consuetudo
2873 3263 2887 3298 :
2916 3261 3020 3300 non
3044 3248 3295 3307 similiter
3315 3257 3632 3329 stupefacit;

2037 3333 2238 3389 quanto
2264 3327 2430 3396 magis
2462 3330 2514 3382 in
2548 3333 2813 3389 muliere?
2842 3334 2935 3391 Sin
2963 3349 3147 3397 autem
3184 3347 3405 3404 morbus
3431 3327 3625 3422 super;

2038 3416 2281 3482 venerit,
2318 3428 2485 3474 totum
2518 3424 2700 3477 statim
2733 3429 2936 3484 evolat.
2979 3431 3298 3499 Quaeramus
3330 3457 3358 3494 a
3406 3416 3636 3506 muliere

2037 3502 2504 3577 benevolentiam,
2562 3517 2926 3587 modestiam,
2976 3526 3440 3602 moderationem,
3495 3537 3632 3593 leni—

2041 3604 2202 3699 tatem
2235 3610 2289 3654 et
2317 3600 2703 3673 benignitatem
2734 3627 2747 3663 :
2779 3611 2895 3667 haec
2923 3626 3048 3670 sunt
3074 3618 3222 3689 signa
3254 3635 3307 3678 et
3337 3600 3477 3681 notae
3510 3632 3632 3699 pul-

2036 3687 2381 3747 chritudinis.
2404 3694 2520 3749 Non
2538 3714 2841 3767 quaeramus
2854 3714 3032 3760 autem
3051 3687 3293 3781 corporis
3310 3687 3630 3786 elegantiam

2035 3798 2097 3838 ac
2146 3795 2507 3855 venustatem,
2566 3808 2667 3848 nec
2721 3812 2839 3851 eam
2886 3800 3251 3869 vituperemus
3281 3824 3501 3882 propter
3530 3833 3627 3882 08,

2034 3890 2155 3945 qua:
2201 3894 2305 3932 non
2341 3879 2504 3937 habet
2534 3883 2585 3937 in
2634 3896 2938 3957 potestate;
2972 3892 3080 3947 imo
3107 3912 3242 3954 vero
3267 3879 3632 3967 nec'omnino

2032 3970 2435 4040 vituperemus;
2478 3977 2762 4034 audacium
2809 3985 2955 4037 enim
3005 3985 3058 4040 id
3105 4000 3220 4057 est;
3269 4009 3443 4066 neque
3485 4016 3628 4071 aegre

2033 4061 2289 4118 feramus.
2322 4068 2517 4123 Annon
2565 4070 2763 4127 videtis
2807 4090 2968 4143 quam
2996 4080 3192 4149 multi,
3225 4087 3313 4154 qui
3346 4061 3467 4145 cum
3515 4061 3630 4149 lbr-

2033 4153 2198 4208 mosis
2242 4157 2562 4213 mulieribus
2608 4160 2953 4232 habitarent,
3006 4153 3391 4232 miserabiliter
3418 4196 3449 4235 e
3489 4184 3624 4241 vivis

2031 4249 2413 4300 excesserunt?
2437 4265 2594 4319 quam
2625 4255 2778 4310 multi
2824 4267 3001 4314 autem
3035 4277 3156 4318 cum
3188 4282 3295 4322 non
3328 4272 3479 4327 valde
3513 4275 3621 4330 for-
3694 4284 3697 4285 ⁷

2030 4336 2235 4403 mosis,
2269 4355 2389 4393 cum
2439 4343 2605 4397 multa
2659 4346 2933 4416 voluptate
2980 4353 3051 4407 ad
3096 4366 3397 4416 extremam
3450 4381 3621 4435 usque

2029 4440 2358 4486 senecwtem
2392 4440 2796 4502 pervenerunt?
2829 4442 3029 4497 Sordes
3072 4447 3308 4505 internas
3356 4469 3624 4530 expurge-

2030 4536 2170 4585 mus,
2201 4539 2357 4593 rugas
2388 4542 2507 4595 qua:
2538 4539 2664 4582 sunt
2700 4530 2843 4586 intus
2870 4536 3189 4605 evellamus,
3226 4543 3476 4600 tollamus
3505 4566 3629 4605 ma-

2029 4615 2177 4669 culas
2203 4632 2323 4685 qua:
2350 4628 2475 4671 sunt
2508 4621 2561 4673 in
2602 4623 2802 4677 anima.
2837 4625 3021 4683 Talem
3073 4630 3214 4687 Deus
3243 4640 3465 4709 requirit
3501 4646 3623 4712 pul-

2029 4707 2427 4764 chritudinem:
2467 4713 2610 4781 Deo,
2662 4731 2768 4771 non
2818 4721 2972 4774 nobis
3014 4738 3134 4778 eam
3177 4707 3467 4786 reddamus
3495 4707 3621 4805 pul-

2029 4799 2236 4853 chram.
2270 4800 2384 4856 Non
2415 4819 2719 4872 qureramus
2751 4812 3026 4879 pecunias,
3060 4830 3167 4869 non
3194 4799 3619 4891 externam—scd

2029 4908 2149 4961 quae
2178 4903 2261 4947 est
2308 4895 2362 4949 in
2407 4898 2623 4965 anima,
2671 4900 3033 4958 nobilitatem.
3065 4906 3240 4963 Nemo
3290 4916 3524 4981 patiatur
3568 4929 3625 4975 ut

2030 4984 2231 5040 ditetur
2259 5004 2289 5041 a
2317 4989 2545 5045 muliere
2570 5008 2583 5044 :
2619 4999 2803 5061 turpes
2832 4996 2974 5049 enim
3000 5007 3055 5051 et
3084 5002 3359 5068 probrosae
3385 5018 3508 5063 sunt
3540 5010 3626 5066 hac

2030 5078 2267 5135 divitize:
2302 5097 2476 5151 neque
2505 5087 2727 5139 omnino
2771 5098 2975 5155 qumrat
3022 5091 3286 5163 quispiam
3334 5098 3457 5155 hinc
3486 5100 3635 5158 dite-

2031 5187 2203 5226 scere.
2241 5170 2294 5225 Ν
2297 5190 2380 5225 am
2405 5174 2491 5243 qui
2518 5175 2689 5228 uolunt
2715 5192 2822 5230 esse
2845 5178 3044 5249 divites,
3065 5182 3294 5241 incidunt
3314 5189 3366 5243 in
3389 5195 3632 5248 tentatio-

2031 5281 2181 5330 nent,
2203 5273 2249 5317 et
2276 5266 2329 5318 in
2378 5265 2629 5320 desideria
2672 5268 2876 5323 inutilia
2905 5281 2951 5325 et
3003 5277 3188 5341 noxia,
3217 5289 3263 5330 et
3303 5285 3354 5333 in
3385 5280 3630 5351 laqueos.

2031 5371 2076 5413 et
2114 5361 2168 5413 in
2196 5360 2403 5414 exitium
2434 5361 2559 5414 etin
2587 5362 2843 5416 interitum
2873 5366 2948 5435 (l.
2981 5366 3111 5423 Tim.
3144 5373 3198 5425 6.
3229 5372 3305 5443 9).
3336 5376 3417 5429 Ab
3461 5393 3634 5436 uxore

2030 5470 2160 5525 ergo
2182 5470 2249 5509 ne
2274 5471 2483 5525 quaeras
2512 5456 2722 5525 coiiiam
2756 5459 3018 5528 pecuniae,
3051 5473 3107 5516 et
3136 5464 3237 5517 alia
3268 5456 3447 5523 omnia
3477 5471 3630 5527 facile

2031 5547 2293 5601 invenies.
2322 5546 2475 5616 Quis,
2494 5548 2823 5617 dic,uua°.so,
2852 5550 3087 5608 dimissis
3114 5553 3180 5609 iis
3212 5573 3332 5628 quae
3357 5572 3480 5617 sunt
3503 5580 3632 5634 pra:-

2032 5640 2211 5711 cipua,
2243 5641 2516 5695 minorum
2554 5655 2737 5695 curam
2777 5644 2961 5712 geret?
3001 5646 3106 5700 Sed
3133 5688 3149 5713 ,
3184 5648 3272 5704 liei
3311 5654 3473 5709 mihi!
3515 5655 3634 5713 haec

2034 5735 2190 5790 nobis
2220 5748 2435 5803 semper
2459 5733 2788 5788 usuveniunt
2809 5776 2825 5801 ,
2856 5744 2910 5789 et
2950 5738 3019 5790 ita
3050 5737 3323 5798 aflicimur
3352 5762 3365 5799 :
3409 5758 3463 5801 et
3493 5748 3536 5802 si
3566 5749 3633 5803 ti-

2032 5826 2164 5881 lium
2203 5824 2519 5891 habeamus,
2551 5840 2656 5879 non
2688 5826 2925 5882 studium
2952 5831 3202 5900 ponimus
3228 5845 3283 5889 ut
3308 5837 3503 5895 evadat
3530 5839 3629 5894 bo-

2038 5934 2137 5977 nus
2164 5960 2179 5989 ,
2222 5918 2317 5977 scd
2344 5927 2397 5974 ut
2428 5920 2475 5975 ei
2508 5919 2727 5975 divitem
2769 5922 3094 5994 accipiamus
3134 5944 3389 5997 uxorem;
3424 5948 3530 5987 non
3574 5943 3630 5988 ut
