4092 6530
465 477 568 536 159

466 596 620 649 ιιυιιὶε
642 595 710 648 sit
733 595 988 659 moribus,
1021 593 1113 648 sed
1153 605 1208 646 ιιι
1247 591 1484 646 abundet
1509 589 1701 660 opibus
1736 608 1749 644 :
1779 598 1833 644 et
1857 589 1901 643 si
1931 589 2052 642 vita:

485 688 763 740 ustitututn
797 700 1197 755 persequamur,
1229 699 1333 738 non
1361 683 1649 752 qumrimtts
1679 691 1738 735 ιιι
1767 682 1835 735 sit
1860 696 1888 733 a
1931 695 2028 749 per.

463 776 598 829 catis
627 777 877 841 liberum,
904 776 998 829 sed
1032 784 1086 828 ut
1117 791 1366 843 magnum
1398 774 1554 828 nobis
1584 772 1771 827 aderat
1801 773 2004 826 lucrum
2034 815 2049 825 .

462 877 518 923 et
546 867 722 921 omnia
752 868 806 921 in
839 867 1118 934 pecuniam
1142 883 1295 921 versa
1324 876 1466 920 sunt.
1497 865 1622 919 Ideo
1647 875 1898 932 corrupta
1925 873 2051 917 sunt

461 961 638 1016 oninia
665 1002 681 1028 ,
725 959 976 1030 quoniam
1009 970 1254 1015 tenemur
1284 961 1375 1014 illo
1403 975 1606 1014 amore.
1627 959 1718 1014 28.
1755 957 1838 1012 Ita
1863 968 1906 1011 et
1933 958 2044 1018 viri,

461 1053 673 1123 inquit,
719 1053 896 1107 debent
939 1053 1152 1122 diligere
1197 1068 1382 1106 uxores
1423 1068 1579 1117 suas,
1613 1059 1667 1103 ut
1691 1065 1906 1118 corpora
1932 1064 2046 1100 sua.

458 1143 597 1209 Quid
629 1146 729 1197 hoc
758 1143 872 1198 est?
901 1141 1196 1211 Tamquam
1241 1141 1305 1194 ad
1337 1140 1594 1209 majorem
1629 1139 1910 1208 imaginem
1953 1153 2046 1190 ve-

460 1239 539 1291 nit
576 1247 631 1292 et
662 1237 1032 1291 vehementius
1074 1237 1378 1305 exemplum
1419 1255 1432 1290 :
1483 1250 1657 1303 neque
1702 1235 1802 1289 hoc
1849 1233 2044 1296 solum,

458 1329 554 1384 sed
583 1339 852 1398 tamquam
885 1329 951 1382 ad
977 1328 1326 1398 propinquius
1354 1339 1406 1381 et
1439 1327 1793 1387 manifestius,
1826 1336 1877 1379 et
1904 1325 2044 1394 quod

459 1421 617 1476 aliam
645 1421 837 1474 habeat
875 1420 1012 1490 juris
1043 1420 1326 1475 rationem.
1367 1420 1498 1474 Nam
1539 1419 1664 1474 illud
1695 1419 1910 1488 quidem
1939 1434 2044 1472 non

459 1521 576 1564 erat
613 1511 900 1566 admodum
932 1513 1318 1565 necessarimn.
1350 1509 1427 1566 Ne
1456 1512 1575 1580 quis
1601 1511 1742 1565 enim
1771 1511 1928 1574 dicat,
1953 1510 2046 1564 ille

458 1603 702 1658 Christus
722 1613 858 1667 erat,
889 1613 942 1658 et
971 1603 1110 1657 Deus
1137 1614 1252 1658 erat
1274 1644 1289 1667 ,
1317 1613 1372 1657 et
1401 1602 1636 1670 seipsum
1665 1601 1914 1667 tradidit;
1940 1601 2043 1654 alia

452 1697 563 1764 jam
582 1695 790 1749 ratione
807 1705 861 1749 et
879 1694 1132 1749 methodo
1156 1694 1204 1748 id
1229 1695 1438 1764 probat,
1462 1693 1645 1747 dicens
1675 1711 1686 1745 :
1713 1693 1802 1746 Sic
1822 1693 2043 1746 debent:

458 1802 563 1841 non
598 1788 740 1842 cnim
772 1803 855 1842 res
882 1797 1030 1857 grata
1053 1828 1066 1852 ,
1095 1786 1188 1841 sed
1228 1786 1488 1840 debitum.
1530 1783 1660 1839 Cum
1701 1785 1942 1847 disicet,
1975 1782 2044 1838 Ut

454 1897 547 1934 sua
571 1897 804 1952 corpora,
847 1881 1064 1950 adjecit,
1092 1881 1181 1935 29.
1214 1878 1380 1933 Nemo
1411 1881 1545 1934 enim
1571 1897 1811 1952 umquam
1840 1897 2044 1934 carnem

453 1990 599 2026 suam
647 1973 764 2026 odio
805 1972 1020 2036 habuit,
1063 1973 1152 2026 sed
1175 1972 1332 2024 nutrit
1380 1982 1425 2025 et
1465 1976 1598 2042 fovet
1633 1989 1765 2026 eaut.
1801 1973 1911 2026 Hoc
1935 1981 2040 2039 est,

454 2078 648 2132 magno
687 2063 864 2117 studio
889 2072 943 2117 et
968 2062 1243 2131 diligentia
1273 2077 1393 2117 eam
1439 2072 1610 2118 curat.
1654 2063 1934 2130 Quomodo
1962 2072 2045 2117 est

453 2171 581 2209 caro
610 2155 766 2225 ejus?
797 2155 929 2208 Antii
963 2174 976 2208 :
1009 2153 1120 2207 Hoc
1142 2171 1276 2207 nunc
1297 2171 1353 2208 os
1375 2171 1438 2208 ea:
1457 2156 1652 2209 ossibus
1677 2157 1820 2219 meis,
1850 2155 2040 2225 inquit,

453 2257 500 2300 et
525 2264 645 2300 caro
671 2263 733 2301 ea:
757 2263 909 2299 cru-ue
931 2263 1042 2300 mea
1068 2243 1222 2315 (Gen.
1248 2245 1301 2298 2.
1321 2245 1437 2317 ⁴25).
1464 2246 1574 2301 Nec
1603 2247 1701 2301 hoc
1727 2247 1918 2312 solum,
1947 2247 2042 2302 sed

453 2338 615 2392 etiam
647 2358 660 2394 :
691 2337 894 2398 Erunt,
940 2338 1111 2407 inquit
1132 2379 1146 2401 ,
1178 2339 1230 2391 iu
1275 2353 1429 2392 carne
1467 2354 1570 2391 una
1601 2335 1817 2409 (Ephes.
1849 2341 1902 2394 5.
1927 2339 2039 2410 51).

456 2433 601 2485 Sicut
631 2441 674 2485 et
704 2431 934 2485 Christus
961 2429 1139 2484 dilexit
1180 2428 1478 2483 Ecclesium.
1512 2430 1668 2484 Venit
1703 2430 1769 2484 ad
1809 2430 2040 2501 primum

453 2524 780 2593 exemplum.
813 2523 902 2577 50.
939 2522 1072 2588 Quia
1099 2524 1322 2575 membra
1342 2538 1515 2575 sumus
1542 2523 1769 2592 corporis
1799 2525 1937 2592 ejus,
1980 2523 2043 2576 de

452 2640 466 2668 ι
483 2633 606 2670 arne
629 2618 738 2686 ejus
767 2625 812 2668 et
837 2615 1032 2668 ossibus
1059 2615 1190 2684 eius.
1220 2614 1540 2680 Quomodo?
1563 2613 1642 2668 Ex
1666 2626 1844 2668 nostra
1871 2614 2040 2670 factus

449 2718 533 2761 est
559 2706 784 2761 materia
812 2747 826 2768 ,
860 2706 999 2762 sicut
1028 2714 1083 2760 et
1105 2705 1211 2759 Eva
1242 2720 1368 2759 caro
1402 2716 1516 2758 erat
1544 2721 1608 2760 ex
1637 2721 1799 2760 carne
1823 2705 2036 2760 Adami.

451 2799 618 2853 Recte
659 2809 837 2851 autem
867 2812 988 2852 US$11
1025 2805 1080 2851 (fl
1104 2812 1318 2851 carnem
1356 2799 1675 2851 memoravit
1708 2815 1720 2850 ζ
1757 2797 1871 2852 iure
1895 2797 2038 2852 enim

450 2898 577 2944 sunt
622 2905 744 2960 quae
787 2888 842 2942 in
889 2887 1044 2942 nobis
1087 2889 1438 2958 principatum
1486 2897 1707 2953 tenent,
1750 2905 1942 2944 carnes
1985 2898 2041 2944 et

451 2998 572 3036 ossa
604 3000 618 3036 :
650 2982 764 3035 hare
793 2980 1008 3051 quidem
1048 2981 1286 3049 subjecta
1339 2991 1606 3051 tamquam
1653 2982 1894 3052 qumdam
1944 2999 2039 3037 ca-

452 3073 589 3139 rina,
618 3073 703 3127 illa
749 3080 927 3126 autem
969 3081 1240 3142 tamquam
1271 3071 1581 3126 mdilieium.
1615 3073 1722 3127 Sed
1759 3072 1887 3126 illud
1919 3073 2036 3142 qni-

450 3168 572 3217 item
623 3175 704 3218 est
756 3163 1135 3232 perspicuum;
1189 3163 1291 3217 hoc
1329 3172 1506 3217 autem
1551 3163 2040 3234 quomodo?Sicut

450 3260 556 3313 illic
581 3268 724 3310 tanta
755 3266 836 3310 est
864 3256 1230 3324 propinquitas
1252 3296 1266 3320 ,
1302 3255 1368 3308 ita
1391 3295 1406 3320 ,
1440 3257 1646 3324 inquit,
1687 3255 1773 3310 hic
1802 3273 2033 3328 quoque.

448 3353 584 3421 Quid
605 3361 707 3413 est.
738 3351 820 3406 Ea:
842 3369 992 3406 carne
1017 3354 1124 3422 ejus
1150 3352 1174 3405 ?
1200 3353 1310 3406 lloc
1340 3362 1442 3415 est,
1467 3367 1592 3406 vere
1613 3363 1665 3407 et
1690 3367 1942 3421 germane
1969 3368 2036 3406 ex

447 3449 584 3514 ipso.
616 3445 678 3497 Et
709 3443 980 3513 quomodo
1011 3445 1089 3497 sic
1115 3442 1315 3497 Christi
1361 3443 1598 3497 membra
1631 3459 1813 3497 smnus
1837 3445 1859 3496 ?
1887 3444 2032 3511 Quo-

447 3537 588 3589 niam
623 3534 750 3587 facti
772 3547 957 3587 sumus
987 3532 1126 3587 sicut
1166 3534 1299 3603 ipse.
1351 3533 1412 3586 Et
1441 3533 1710 3602 quomodo
1736 3550 1800 3588 ex
1831 3533 2034 3589 carne?

444 3626 608 3682 Scitis
653 3628 974 3696 quicumque
1019 3623 1149 3679 estis
1193 3624 1481 3693 participes
1511 3626 1928 3695 mysteriorum:
1961 3640 2030 3679 ex

448 3719 550 3773 hoc
576 3717 721 3773 enim
763 3719 942 3771 statim
968 3717 1354 3772 ell'ormamur?
1403 3717 1468 3771 Et
1493 3719 1804 3786 quomodo?
1832 3717 2034 3772 Rursus

445 3813 568 3866 audi
617 3811 760 3865 hunc
812 3812 1027 3865 beatum
1074 3808 1346 3864 dicentem
1373 3827 1385 3862 :
1433 3811 1685 3876 Quoniam
1731 3826 1849 3880 ergo
1889 3809 2033 3878 pueri

443 3906 878 3960 communicatum
904 3903 1046 3955 carni
1074 3912 1119 3956 et
1158 3903 1416 3970 sanguini,
1441 3903 1673 3956 similiter
1699 3904 1805 3972 ipse
1837 3917 2033 3972 quoque

445 4013 620 4051 eorum
663 3995 761 4066 fuit
808 3995 1079 4065 particeps.
1109 3995 1212 4049 Sed
1252 3993 1338 4048 hic
1381 3995 1496 4065 ipse
1536 3995 1688 4048 nobis
1730 3995 2032 4048 communi-

446 4089 627 4149 cavit.
657 4106 761 4143 non
791 4104 887 4143 nos
918 4088 1018 4156 ipsi
1048 4105 1061 4140 :
1092 4089 1362 4156 quomodo
1406 4103 1533 4157 ergo
1559 4103 1743 4142 sumus
1773 4104 1834 4141 ex
1867 4103 2031 4143 carne

444 4182 562 4252 ejus
584 4190 637 4236 ct
661 4195 727 4234 ex
757 4180 969 4234 ossibus
996 4179 1145 4249 ejus?
1172 4179 1396 4246 Quidam
1428 4179 1610 4234 dicunt
1638 4181 1948 4250 sanguinem
1977 4190 2032 4237 et

442 4288 656 4342 aquam,
690 4271 783 4326 sed
806 4285 912 4325 non
936 4280 1018 4324 est
1042 4288 1056 4336 ;
1084 4271 1175 4324 sed
1204 4272 1334 4324 sicut
1370 4270 1457 4325 ille
1487 4272 1828 4326 manifestare
1849 4271 2031 4326 volue-

445 4367 532 4428 rit,
555 4366 654 4420 hoc
676 4375 779 4430 est,
797 4361 1243 4431 quemadmodum
1263 4363 1462 4432 absque
1476 4365 1616 4418 coitu
1641 4364 1730 4416 ille
1753 4365 1921 4418 factus
1948 4374 2030 4418 est

441 4473 504 4513 ex
537 4458 737 4527 Spiritu
761 4465 948 4511 sancto
971 4499 984 4519 .
1018 4457 1087 4510 ita
1130 4471 1227 4510 nos
1252 4473 1462 4526 quoque
1501 4457 1603 4511 hoc
1626 4474 1949 4527 genueramur
1975 4459 2026 4512 in

444 4551 677 4604 lavacro.
710 4548 840 4602 Vide
870 4557 998 4617 quot
1021 4549 1262 4614 exempla
1288 4587 1303 4609 ,
1335 4557 1390 4598 ut
1415 4548 1664 4600 credatur
1690 4549 1774 4602 illa
1805 4565 2029 4618 genera-

441 4644 535 4696 tio.
566 4642 611 4696 Ο
639 4642 928 4696 amentiam
972 4640 1346 4694 hzrrcticorum
1375 4639 1389 4694 !
1433 4639 1571 4708 quod
1599 4641 1710 4705 jam
1738 4652 1918 4694 natum
1947 4650 2028 4696 est

438 4752 504 4789 ex
531 4751 689 4805 aqua,
717 4733 858 4804 quod
893 4733 1147 4796 nascitur,
1180 4733 1416 4801 genitum
1450 4748 1632 4786 verum
1659 4735 2023 4801 cozilitentur;

440 4829 578 4890 quod
602 4837 778 4879 autem
810 4825 928 4893 ejus
948 4839 1144 4891 corpus
1165 4822 1482 4884 efﬁciamur,
1513 4821 1564 4876 id
1589 4838 1692 4877 non
1715 4823 2024 4879 admittunt.

437 4915 491 4972 Si
522 4933 652 4987 ergo
682 4932 781 4970 nos
812 4917 880 4968 ita
906 4914 1074 4968 factos
1101 4928 1221 4967 esse
1245 4913 1463 4966 minime
1486 4913 1728 4973 credunt.
1758 4917 2028 4984 quomodo

436 5024 602 5073 ergo,
635 5006 717 5061 Ea:
762 5023 916 5060 carne
963 5007 1092 5070 eius,
1121 5014 1168 5058 et
1212 5021 1276 5058 ea:
1316 5004 1507 5058 ossibus
1550 5007 1707 5076 eius?
1741 5006 1871 5062 Illud
1901 5025 2028 5064 vero

431 5098 569 5154 mihi
600 5099 881 5154 considera
913 5096 1208 5151 :formatus
1243 5107 1327 5151 est
1365 5097 1554 5163 Adam,
1581 5109 1736 5154 natus
1761 5111 1842 5155 est
1869 5101 2026 5156 Chri-

435 5201 585 5245 stus:
612 5191 678 5245 de
703 5191 870 5244 latere
893 5189 1079 5242 Adami
1106 5205 1320 5259 egressa
1345 5200 1426 5244 est
1451 5193 1744 5260 corruptio,
1769 5195 1835 5248 de
1860 5195 2026 5250 latere

437 5281 636 5336 Christi
681 5292 795 5334 orta
826 5290 910 5334 est
933 5279 1040 5332 vita
1075 5299 1088 5332 :
1123 5281 1180 5334 in
1225 5283 1472 5350 paradiso
1510 5283 1830 5352 germinavit
1858 5301 2024 5354 mors,

443 5376 495 5429 in
524 5389 686 5428 cruce
713 5389 859 5427 mors
889 5373 1094 5426 sublata
1123 5383 1224 5426 est.

511 5467 567 5519 4.
589 5465 723 5520 Unio
740 5467 1014 5535 conjugum
1035 5467 1232 5519 unionis
1261 5478 1447 5522 nostra:
1462 5485 1576 5523 cum
1601 5469 1800 5525 Christo
1818 5472 2025 5543 symbo-

440 5559 566 5608 lum.
600 5554 664 5608 In
702 5571 862 5609 uxore
887 5557 1117 5625 quaedam
1147 5558 1266 5610 vitia
1307 5560 1534 5631 ferenda.
1561 5591 1632 5602 —
1663 5563 2026 5628 Quemadmo-

443 5649 572 5702 dum
601 5663 730 5717 ergo
762 5647 852 5703 Dei
886 5646 1050 5703 Filius
1089 5663 1296 5705 natura:
1327 5662 1524 5708 nostrae
1578 5654 1750 5711 factus
1787 5668 1908 5720 est.
1952 5659 2024 5713 ita

444 5754 542 5793 nos
570 5738 684 5808 ejus
712 5738 1056 5806 substantia;
1083 5750 1138 5795 et
1163 5747 1301 5796 sicut
1321 5733 1410 5798 ille
1435 5759 1534 5799 nos
1564 5745 1614 5798 in
1637 5748 1814 5816 seipso
1844 5748 2024 5814 habet,

442 5831 512 5884 ita
552 5841 605 5886 et
632 5847 770 5886 eum
795 5847 892 5887 nos
941 5832 1201 5889 habemus
1235 5835 1290 5890 in
1342 5837 1518 5890 nobis.
1548 5837 1637 5893 51.
1673 5837 1890 5906 Propter
1934 5840 2028 5894 hoc

441 5922 681 5996 relinquet
713 5925 859 5982 Immo
887 5936 1079 5999 patrem
1121 5937 1167 5982 et
1209 5937 1418 5984 matrem
1445 5946 1628 6002 suam,
1664 5939 1714 5986 et
1753 5933 2028 5989 adhazrebit

1229 479 1285 534 S.
1317 473 1589 532 .IOANNIS
1626 469 2102 531 CllRYSOSTOill
2143 471 2458 531 ARCIIIEP.
2498 471 3028 535 CONSTANTI‘NUP.

3643 479 3742 537 HO

2156 590 2304 642 uxori
2331 606 2435 643 sua:
2459 633 2473 654 ,
2522 603 2567 645 et
2596 601 2741 644 erunt
2769 593 2871 646 duo
2911 594 2962 646 in
2999 609 3152 647 carne
3196 609 3318 648 una.
3365 592 3503 649 Ecce
3531 597 3741 650 tertiam

2155 695 2370 734 causam
2403 699 2417 734 :
2455 681 2690 736 ostendit
2717 683 2859 737 enim
2881 725 2896 747 ,
2925 683 3065 751 quod
3090 684 3266 754 quivis
3316 684 3516 740 relictis
3544 702 3740 755 paren-

2158 769 2296 824 tibus
2321 786 2386 825 cx
2409 773 2602 842 quibus
2622 783 2705 828 est
2733 783 2908 836 natus,
2938 790 3058 829 cum
3083 777 3169 829 illa
3198 775 3569 846 conjungitur;
3597 789 3647 831 et
3672 777 3744 833 de

2154 871 2350 915 cmtero
2375 877 2502 916 caro
2527 875 2609 918 est
2640 875 2792 934 pater
2825 875 2878 919 et
2917 875 3089 921 mater
3118 877 3170 921 et
3198 867 3338 922 filius
3366 884 3434 923 ex
3465 870 3742 938 utriusque

2154 952 2295 1004 coitu
2325 971 2339 1004 :
2372 955 2572 1008 etenim
2610 956 2791 1010 mixtis
2829 957 3123 1012 seminibus
3155 961 3394 1013 nascitur
3419 960 3560 1014 lilius
3589 977 3603 1012 :
3635 961 3737 1013 ita-

2154 1057 2258 1109 que
2283 1053 2392 1098 tres
2417 1055 2540 1098 sunt
2568 1062 2670 1100 una
2693 1062 2839 1102 caro.
2867 1047 2956 1102 Sic
2977 1063 3106 1118 ergo
3129 1065 3226 1104 nos
3254 1065 3374 1103 cum
3399 1051 3612 1106 Christo
3635 1067 3740 1106 una

2153 1150 2280 1190 caro
2309 1137 2576 1192 ellicimur
2605 1155 2700 1208 per
2729 1141 3225 1210 participationem;
3258 1153 3312 1197 et
3343 1144 3517 1198 multo
3568 1145 3741 1214 magis

2154 1241 2252 1282 nos
2273 1271 2286 1293 ,
2319 1245 2477 1300 quam
2511 1246 2643 1300 puer
2671 1242 2844 1286 natus.
2876 1232 3091 1301 Quare?
3118 1234 3382 1302 Quoniam
3426 1238 3504 1290 sic
3535 1235 3633 1289 fuit
3670 1237 3742 1290 ab

2153 1319 2327 1373 initio.
2357 1320 2436 1376 Ne
2463 1323 2592 1376 mihi
2619 1323 2768 1378 dicas
2809 1339 2929 1378 eam
2974 1339 3095 1380 esse
3125 1325 3282 1380 talem
3312 1336 3367 1381 et
3394 1329 3572 1382 talem.
3620 1327 3740 1382 Non

2151 1413 2300 1468 vides
2329 1416 2472 1484 quod
2498 1419 2659 1471 etiam
2688 1419 2739 1472 in
2763 1433 2925 1473 carne
2948 1419 3146 1474 multos
3172 1420 3428 1474 habemus
3450 1419 3693 1475 defectus
3714 1421 3740 1475 ἲ

2152 1506 2238 1562 hic
2265 1507 2408 1561 enim
2440 1519 2522 1563 est
2547 1511 2789 1576 claudus,
2820 1511 2909 1565 ille
2936 1525 3066 1566 vero
3091 1511 3329 1566 detortos
3358 1513 3518 1566 habet
3549 1513 3736 1581 pedes,

2149 1599 2286 1652 alius
2332 1614 2524 1654 manus
2562 1601 2740 1656 aridas
2764 1643 2780 1668 ,
2816 1601 2954 1656 alius
2993 1602 3209 1670 aliquod
3243 1603 3382 1656 aliud
3434 1604 3735 1657 membrum

2149 1690 2420 1744 inﬁrmum
2460 1701 2514 1745 et
2544 1692 2838 1747 invalidum
2872 1711 2886 1748 :
2919 1709 3095 1761 neque
3128 1704 3305 1748 tamen
3335 1695 3513 1760 dolet,
3563 1712 3737 1766 neque

2148 1780 2200 1834 id
2227 1782 2490 1836 exscindit
2510 1823 2524 1848 ,
2553 1783 2647 1838 sed
2675 1794 2730 1839 et
2760 1785 2933 1853 ipsum
2966 1801 3111 1856 saepe
3140 1787 3354 1854 prtel'ert
3383 1787 3472 1840 alii
3506 1807 3516 1840 :
3541 1798 3594 1842 et
3625 1803 3737 1841 me-

2149 1871 2292 1936 rito;
2346 1883 2429 1927 est
2477 1875 2619 1927 enim
2667 1889 2843 1929 Suum.
2871 1873 3133 1942 Quantam
3184 1877 3326 1930 enim
3373 1879 3741 1947 unusquisque

2149 1963 2311 2019 habet
2340 1966 2392 2019 in
2416 1981 2475 2020 se
2503 1966 2843 2022 dilectionem
2871 2009 2886 2034 ,
2932 1976 3132 2023 tantam
3165 1969 3275 2022 vult
3304 1986 3403 2024 nos
3445 1969 3642 2025 habere
3679 1973 3736 2026 in

2148 2071 2369 2112 uxorem
2411 2075 2424 2112 :
2457 2074 2562 2113 non
2591 2059 2713 2127 quia
2742 2075 2927 2114 sumus
2970 2063 3128 2115 unius
3169 2073 3373 2117 natura:
3411 2065 3732 2134 participes,

2147 2149 2240 2202 sed
2269 2150 2529 2218 potiorem
2562 2151 2701 2206 hanc
2729 2151 2988 2207 habemus
3018 2153 3282 2207 rationem
3326 2155 3376 2208 in
3409 2156 3685 2210 mulierem
3715 2197 3733 2222 ,

2147 2240 2289 2308 quod
2338 2256 2440 2294 non
2471 2241 2578 2296 duo
2623 2243 2730 2297 sint
2777 2259 3038 2313 corpora,
3067 2245 3161 2299 sed
3211 2261 3396 2310 unum,
3428 2249 3564 2302 alter
3609 2264 3735 2304 cum

2146 2333 2215 2385 sit
2244 2342 2420 2401 caput,
2447 2334 2612 2389 altera
2644 2350 2772 2389 vero
2799 2351 3012 2404 corpus.
3037 2336 3102 2390 Et
3126 2338 3400 2406 quomodo
3425 2339 3554 2393 dicit
3581 2341 3732 2408 alibi,

2147 2425 2311 2495 Caput
2339 2439 2506 2479 autem
2533 2424 2720 2480 Christi
2760 2427 2899 2482 Deus
2925 2430 2944 2499 (
2971 2430 3018 2484 1.
3053 2429 3171 2484 Cor.
3203 2432 3289 2485 11.
3332 2431 3426 2496 5)?
3459 2432 3572 2502 Ego
3599 2450 3735 2504 quo-

2143 2535 2250 2588 que
2281 2519 2381 2573 hoc
2424 2519 2566 2585 dico,
2597 2521 2738 2590 quod
2769 2523 2907 2575 sicut
2953 2538 3114 2576 unum
3146 2539 3340 2592 corpus
3387 2541 3482 2579 nos
3521 2542 3731 2592 sumus,

2144 2611 2214 2665 ita
2263 2612 2423 2666 etiam
2471 2611 2714 2668 Christus
2759 2622 2814 2668 et
2855 2615 3011 2669 Pater
3054 2631 3235 2669 unum.
3285 2617 3558 2672 invenitur
3601 2635 3735 2689 ergo

2142 2704 2301 2758 etiam
2333 2704 2490 2759 Pater
2517 2719 2639 2759 esse
2668 2717 2908 2760 nostrum
2931 2717 3109 2777 eaput.
3133 2708 3247 2761 Duo
3274 2712 3421 2779 ponit
3447 2712 3730 2780 exempla,

2144 2810 2337 2862 nempe
2389 2799 2632 2866 corporis
2683 2807 2738 2851 et
2785 2797 2990 2852 Christi
3052 2815 3065 2850 :
3111 2799 3337 2870 ideoque
3391 2803 3661 2873 subjungit
3711 2822 3727 2856 :

2143 2885 2232 2940 52.
2263 2887 2651 2941 Sacramentum
2679 2887 2775 2941 hoc
2817 2905 3055 2958 magnum
3082 2901 3152 2943 est
3184 2905 3202 2943 .'
3229 2909 3318 2961 ego
3345 2904 3510 2945 autent
3538 2895 3650 2947 dico
3675 2895 3732 2948 in

2141 2977 2341 3032 Christo
2379 2988 2423 3032 et
2453 2981 2505 3032 iu
2534 2979 2783 3034 Ecclesia.
2814 2981 2949 3049 Quid
2979 2993 3063 3036 est
3093 2982 3232 3037 hoc?
3258 2985 3500 3054 Magnum
3543 3001 3729 3041 sacra-

2143 3081 2382 3125 mentum
2407 3075 2518 3141 ipse
2550 3072 2679 3126 dicit
2705 3115 2720 3139 ,
2750 3075 2872 3143 quia
2903 3090 3149 3142 magnum
3181 3075 3305 3144 quid
3335 3087 3388 3129 et
3417 3077 3732 3133 admirabile

2143 3165 2303 3217 tacite
2341 3165 2662 3233 significavit
2697 3165 2884 3218 beatus
2930 3165 3139 3236 Moyses
3163 3208 3178 3232 ,
3220 3167 3329 3220 imo
3371 3183 3496 3221 vero
3528 3168 3666 3223 Deus
3712 3185 3729 3222 :

2141 3255 2353 3310 interim
2386 3267 2563 3310 autem
2588 3257 2752 3319 dicit,
2801 3256 2869 3311 In
2927 3257 3127 3312 Christo
3174 3259 3322 3326 dico,
3374 3263 3627 3331 quoniam
3673 3273 3733 3318 et

2139 3348 2254 3417 ipse
2282 3348 2502 3403 dimisso
2533 3350 2692 3404 Patre
2722 3349 3037 3418 descendit,
3068 3363 3119 3406 et
3147 3353 3292 3406 venit
3332 3354 3396 3406 ad
3428 3370 3680 3422 Sponsam
3708 3397 3725 3419 ,

2138 3451 2193 3493 et
2237 3441 2407 3495 factus
2448 3454 2530 3496 est
2578 3443 2630 3495 in
2674 3444 2917 3512 spiritum
2961 3459 3121 3498 unum
3156 3463 3168 3498 :
3207 3446 3306 3510 Qui
3331 3448 3550 3501 aii/iteret
3580 3451 3727 3503 enim

2137 3530 2388 3597 Domino,
2418 3545 2494 3588 est
2524 3551 2656 3587 unus
2685 3535 2896 3600 spiritus
2927 3537 3000 3593 (1.
3035 3536 3151 3590 Cor.
3183 3538 3234 3591 6.
3271 3540 3377 3604 i7).
3413 3541 3475 3594 Et
3504 3540 3729 3608 pulchre

2135 3623 2270 3678 dixit
2296 3647 2309 3680 :
2341 3625 2594 3696 Magnum
2621 3638 2694 3679 est
2723 3629 3052 3696 mysterium;
3083 3630 3301 3698 perinde
3331 3647 3393 3685 ac
3423 3633 3465 3686 si
3494 3634 3723 3700 diceret,

2135 3715 2205 3768 At
2231 3715 2485 3785 allegoria
2506 3731 2609 3770 non
2635 3719 2829 3772 evertit
2855 3717 3218 3775 dilectionem.
3244 3723 3334 3776 55.
3368 3722 3726 3780 Verumtamen

2133 3818 2181 3860 et
2208 3823 2293 3860 vos
2318 3808 2526 3877 singuli,
2558 3811 2902 3880 unusquisque
2939 3827 3145 3864 uxorem
3170 3829 3312 3865 suam
3341 3815 3468 3867 sicut
3496 3816 3723 3884 seipsum

2133 3897 2314 3967 diligat
2341 3913 2360 3951 :
2388 3914 2516 3952 uxor
2534 3909 2704 3953 autem
2732 3901 2904 3955 timeat
2933 3903 3094 3954 virum
3119 3920 3289 3958 suum.
3317 3904 3525 3962 Revera
3552 3909 3722 3976 enim,

2133 4007 2320 4046 revera
2350 4001 2432 4046 est
2460 3994 2774 4064 mysterium
2801 4035 2816 4057 ,
2863 4003 2917 4048 et
2945 4011 3192 4066 magnum
3221 3999 3566 4069 mysterium:
3596 4003 3722 4070 quia

2133 4097 2199 4136 eo
2225 4083 2312 4150 qui
2364 4085 2661 4152 procreavit
2688 4126 2701 4148 ,
2731 4085 2818 4155 qui
2852 4087 3070 4155 genuit,
3102 4087 3193 4156 qui
3247 4089 3525 4156 educavit,
3554 4103 3607 4145 et
3657 4108 3723 4147 ea

2131 4192 2251 4246 qua:
2274 4177 2539 4246 concepit,
2574 4193 2693 4247 qua:
2715 4194 2836 4232 cum
2868 4178 3055 4233 dolore
3087 4181 3291 4248 peperit
3318 4193 3371 4236 et
3407 4183 3720 4248 afﬂictione,

2131 4269 2219 4338 qui
2250 4279 2326 4323 tot
2372 4279 2427 4324 et
2468 4272 2628 4324 tantis
2678 4271 2973 4327 affecerunt
3017 4273 3332 4341 beneficiis,
3375 4291 3495 4330 cum
3528 4279 3723 4347 quibus

2131 4362 2413 4418 diuturnus
2444 4365 2540 4417 fuit
2575 4381 2700 4419 usus
2727 4375 2782 4419 et
2813 4363 3165 4432 censuetudo,
3200 4371 3420 4432 relictis,
3452 4372 3500 4426 ei
3535 4373 3720 4426 adlue-

2131 4463 2264 4517 rcat,
2297 4469 2416 4522 qua:
2440 4470 2507 4509 ne
2535 4457 2645 4509 visa
2676 4457 2890 4526 quidem
2916 4459 3010 4512 fuit
3037 4472 3092 4513 et
3117 4475 3239 4514 cum
3267 4476 3332 4515 eo
3363 4461 3495 4516 nihil
3519 4462 3725 4518 habue-

2130 4555 2212 4598 rat
2242 4561 2526 4600 commune
2546 4589 2560 4612 ,
2593 4558 2646 4601 et
2672 4564 2790 4602 eam
2819 4551 3070 4606 omnibus
3102 4552 3372 4621 praeferat.
3401 4555 3605 4611 Revera
3635 4568 3723 4612 est

2131 4638 2466 4706 mys:erium.
2499 4639 2560 4692 Et
2600 4654 2848 4707 parentes
2869 4683 2883 4703 .
2932 4658 3053 4696 cum
3083 4643 3196 4698 lucc
3223 4645 3356 4699 liunt
3377 4686 3391 4710 ,
3423 4662 3527 4701 non
3577 4665 3724 4717 πλεῖαι

2131 4728 2336 4796 ferunt,
2371 4730 2462 4784 sed
2499 4732 2674 4800 potius
2711 4748 2853 4802 a‘gre
2878 4733 3054 4788 ferunt
3083 4736 3126 4789 si
3157 4753 3261 4791 non
3297 4737 3458 4803 fiant,
3513 4750 3567 4794 ct
3596 4757 3723 4796 cum

2129 4821 2510 4890 impenduntur
2534 4825 2771 4892 pecunia:
2789 4835 2842 4879 et
2873 4826 3209 4896 litsmnptus,
3233 4829 3494 4884 laetantur.
3512 4831 3724 4886 Revera

2131 4929 2380 4982 magnum
2409 4926 2492 4968 est
2523 4918 2833 4986 mysterium
2858 4960 2873 4985 ,
2902 4934 3154 4974 arcanam
3197 4921 3484 4990 quamdam
3517 4923 3726 4980 habens

2128 5007 2471 5075 sapientiam.
2526 5005 2639 5062 lloc
2677 5009 2859 5062 multis
2908 5011 3196 5066 retroactis
3241 5012 3455 5065 szeculis
3508 5013 3726 5084 Moyses

2131 5098 2456 5165 prophetaus
2499 5100 2662 5164 dicit;
2697 5101 2798 5154 hoc
2846 5112 2899 5156 et
2932 5102 3127 5157 Paulus
3165 5103 3407 5160 clamans
3449 5106 3656 5175 profert
3705 5126 3722 5163 :

2128 5188 2194 5242 lu
2219 5189 2420 5244 Christo
2449 5200 2497 5244 et
2536 5189 2787 5245 Ecclesia.
2821 5193 2926 5247 Sed
2958 5209 3062 5247 non
3094 5205 3314 5263 propter
3340 5196 3511 5264 ipsum
3542 5199 3722 5252 solum

2130 5280 2231 5335 hoc
2255 5282 2454 5336 dictum
2478 5292 2589 5345 est,
2617 5284 2712 5338 sed
2742 5285 2904 5338 etiam
2932 5296 3147 5354 prepter
3175 5303 3400 5342 uxorem
3425 5303 3439 5352 ;
3470 5299 3525 5342 ut
3549 5289 3724 5358 ipsam

2131 5383 2397 5444 utinquam
2432 5376 2700 5444 propriam
2725 5391 2943 5431 carnem
2989 5376 3187 5441 foveat,
3221 5379 3362 5432 sicut
3387 5389 3439 5432 et
3470 5378 3726 5433 Christus

2129 5465 2445 5520 Ecclesiam.
2506 5465 2650 5520 Uxor
2693 5479 2862 5521 autem
2911 5471 3081 5522 timeat
3122 5473 3304 5524 virum.
3335 5468 3449 5524 Non
3491 5471 3726 5538 amplius

2133 5559 2280 5626 punit
2306 5575 2427 5627 quae
2455 5569 2577 5612 sunt
2605 5560 2780 5612 solum
2813 5562 3076 5628 caritatis,
3122 5561 3217 5616 sed
3245 5563 3369 5632 quid
3397 5563 3419 5614 ‘l
3453 5561 3520 5617 Ut
3548 5564 3727 5615 timeat

2131 5651 2313 5702 virum.
2344 5649 2534 5704 Mulier
2559 5661 2643 5704 est
2674 5650 2944 5705 secundus
2968 5652 3316 5720 principatus.
3345 5651 3531 5722 Neque
3563 5653 3728 5722 igitur

2133 5743 2243 5810 ipsa
2268 5743 2444 5810 exigat
2472 5743 2834 5810 :rqualitatem
2855 5743 3110 5809 honoris;
3141 5757 3222 5799 est
3239 5745 3380 5800 enim
3403 5747 3502 5800 sub
3518 5747 3725 5815 capite:

2132 5851 2305 5904 neque
2351 5835 2440 5888 ille
2486 5849 2602 5889 eam
2647 5833 2910 5904 despiciat
2955 5845 3223 5906 tamquam
3253 5839 3590 5909 subjectum;
3637 5845 3724 5888 est

2133 5929 2274 5985 enim
2300 5943 2530 6000 corpus:
2560 5928 2604 5984 si
2635 5939 2797 6000 caput
2825 5945 3021 6002 corpus
3053 5930 3344 6003 despiciat,
3383 5933 3555 6004 ipsum
3582 5943 3722 5998 ῳιυο
