4092 6492
321 407 422 466 139

320 519 531 596 αεᾷον,
553 520 941 592 καὶδ.καίωμα
965 519 1174 592 ἕτερον.
1206 519 1414 573 Ἐκεῖνο
1438 519 1539 590 μὲν
1563 518 1674 590 γάρ
1698 519 1804 571 οὐκ
1831 511 1900 585 ἦν

316 613 517 682 πολλῆς
532 610 799 680 ἀνάγκης·
827 610 914 662 ἵνα
930 607 1037 680 γὰρ
1056 609 1128 679 μὴ
1144 625 1226 672 τις
1245 625 1267 661 ε
1279 606 1398 680 ἷπῃ,
1415 607 1652 669 Ἐκεῖνος
1668 603 1902 678 Χριστὸς

311 696 407 765 ἦν,
422 699 519 754 καὶ
535 698 670 762 Θεὸς
689 694 780 768 ἦν,
801 697 895 750 καὶ
912 695 1105 750 ἑαυτὸν
1127 695 1464 767 παρέδωκεν,
1483 693 1751 766 ἑτέρωθεν
1771 690 1902 746 αὐτὸ

314 786 597 859 μεθοδεύει
637 786 827 839 λοιπὸν
849 826 863 848 ,
899 785 1075 854 λέγων
1102 800 1116 813 °
1152 785 1354 850 Οὕτως
1392 785 1756 854 ὀφείλουσιν
1792 797 1806 811 ⁸
1840 780 1900 831 οὐ

311 875 422 947 γὰρ
451 877 615 945 χάρις
633 874 753 927 ἐστὶ
779 873 842 926 τὸ
871 876 1129 944 πρᾶγμα,
1177 873 1295 926 ἀλλ’
1326 873 1542 942 ὀφειλή.
1568 869 1775 933 Εἰπὼν,
1818 867 1900 932 ὡς

309 966 384 1018 τὰ
421 962 655 1017 ἑαυτῶν
687 962 954 1032 σώματα,
995 963 1276 1032 ἐπήγαγεν
1302 1003 1316 1027 ,
1343 961 1553 1026 Οὐδεὶς
1594 959 1707 1030 γάρ
1741 971 1888 1010 ποτε

308 1052 428 1119 τὴν
455 1050 680 1105 ἑαυτοῦ
724 1048 927 1118 σάρκα
959 1051 1290 1119 ἐμίσησεν,
1336 1049 1475 1102 ἀλλ’
1500 1047 1771 1115 ἐκτρέφει
1802 1042 1900 1096 καὶ

309 1141 530 1197 θάλπει
576 1140 795 1204 αὐτήν.
843 1140 1128 1202 Τουτέστι,
1171 1137 1468 1210 θεραπεύει
1533 1136 1672 1207 μετὰ
1702 1135 1902 1204 πολλῆς

307 1231 408 1297 τῆς
428 1228 777 1298 ἐπιμελείας.
813 1229 924 1282 Kal
949 1227 1066 1292 πῶς
1099 1227 1264 1280 αὐτοῦ
1293 1228 1406 1280 ἐστι
1433 1225 1604 1298 σάρξ;
1641 1227 1841 1278 Ἀκουε
1884 1239 1898 1252 ·

313 1317 494 1372 Τοῦτο
547 1316 670 1370 νῦν
727 1315 958 1369 ὀστοῦν
1004 1315 1074 1368 ἑκ
1123 1314 1244 1368 τῶν
1300 1315 1500 1368 ὀστῶν
1545 1332 1686 1383 μου.
1723 1314 1897 1382 φησὶ,

308 1404 406 1459 καὶ
466 1402 628 1472 σὰρξ
662 1404 734 1458 ἐκ
776 1403 890 1472 τῆς
939 1400 1175 1472 σαρκός
1210 1421 1352 1473 μου.
1382 1403 1492 1456 Kal
1514 1403 1574 1454 οὐ
1601 1402 1762 1454 τοῦτο
1804 1401 1902 1471 μό-

311 1511 422 1555 νον,
466 1491 608 1545 ἀλλὰ
644 1493 739 1546 καὶ
767 1531 783 1554 ,
824 1493 1114 1545 Ἔσονται
1135 1534 1150 1556 ,
1185 1492 1370 1561 φησὶν,
1395 1493 1483 1557 είς
1512 1493 1711 1558 σάρκα
1730 1491 1896 1558 μίαν.

308 1581 516 1645 Καθὼς
548 1580 647 1633 καὶ
684 1582 718 1634 ὀ
744 1577 893 1652 [H7]
919 1578 1174 1648 Χριστὸς
1194 1578 1474 1649 ἠγάπησε
1501 1578 1615 1646 τὴν
1649 1581 1902 1644 Ἐκκλη-

311 1672 474 1724 σίαν.
517 1670 643 1722 Ἐπὶ
671 1668 734 1722 τὸ
761 1668 978 1740 πρῶτον
1010 1669 1317 1738 ὑπόδειγμα
1341 1664 1528 1739 ἦλθεν.
1566 1669 1696 1721 Ὅτι
1732 1667 1891 1735 μέλη

310 1757 496 1828 ἐσμέν
529 1755 640 1810 τοῦ
685 1755 966 1824 σώματος
1024 1755 1238 1822 αὐτοῦ,
1293 1758 1362 1811 ἐκ
1401 1755 1512 1825 τῆς
1541 1755 1771 1822 σαρκὸς
1793 1757 1900 1808 αὑ-

312 1845 433 1908 τοῦ,
464 1844 568 1898 καὶ
605 1844 676 1898 ἐκ
704 1843 826 1898 τών
876 1842 1076 1898 ὀστῶν
1130 1845 1340 1899 αὐτοῦ.
1399 1845 1526 1909 Πῶς
1561 1861 1577 1911 ;
1625 1845 1760 1896 Ἀπὸ
1789 1843 1900 1914 γὰρ

314 1935 408 2003 τῆς
439 1934 718 2005 ἡμετέρας
744 1933 970 2001 γέγονεν
1001 1933 1156 2004 ὕλης,
1181 1934 1371 2006 ὥσπερ
1414 1935 1510 1988 καὶ
1543 1936 1576 2004 ἡ
1615 1931 1728 1986 Εὕα
1764 1931 1902 2002 σὰρξ

321 2023 424 2074 ἀπὸ
472 2022 568 2091 τῆς
626 2023 832 2094 σαρκὸς
896 2023 992 2077 τοῦ
1041 2023 1232 2094 Ἀδάμ.
1275 2021 1472 2086 Καλῶς
1518 2022 1576 2076 δὲ
1603 2021 1779 2075 ὀστῶν
1805 2021 1902 2074 καὶ

327 2109 514 2177 σαρκὸς
572 2111 952 2182 ἐμνημόνευσε
979 2128 994 2144 ο
1024 2112 1193 2165 ταῦτα
1246 2112 1356 2183 γάρ
1394 2113 1546 2164 ἐστιν
1578 2111 1635 2162 ἐν
1671 2113 1802 2180 ἡμῖν
1831 2110 1900 2163 τὰ

317 2195 618 2267 κυριώτερα
645 2237 661 2263 ,
696 2198 900 2269 σάρκες
950 2199 1044 2252 καὶ
1101 2199 1236 2253 ὀστᾶ
1271 2216 1286 2231 ·
1322 2199 1390 2252 τά
1447 2201 1546 2270 μὲν
1593 2196 1782 2270 ὥσπερ
1817 2213 1901 2258 τις

309 2284 496 2354 τρόπις
551 2285 908 2356 ὑποκείμενα,
967 2287 1037 2340 τὰ
1091 2287 1148 2340 δέ
1199 2286 1388 2358 ὥσπερ
1416 2285 1714 2357 οίκοδομία.
1761 2285 1900 2339 Ἀλλ’

306 2377 478 2429 ἐκεῖνο
533 2375 635 2446 μὲν
679 2377 840 2448 δῆλον
866 2391 879 2405 ⁸
927 2377 1087 2432 τοῦτο
1127 2377 1184 2431 δὲ
1226 2376 1338 2440 πῶς
1375 2394 1389 2444 ;
1429 2378 1778 2449 Ὤσπερὲκεῖ
1809 2393 1903 2429 το-

305 2462 475 2534 σαύτη
515 2463 762 2535 ὲγγύτης
803 2465 974 2532 ἐστὶν,
1029 2465 1195 2532 οὕτω,
1229 2467 1383 2536 φησὶ,
1409 2466 1503 2519 καὶ
1544 2463 1798 2518 ἐνταῦθα.
1835 2465 1900 2518 Τί

303 2553 469 2616 ἐστιν,
528 2552 601 2605 ἐκ
645 2550 756 2619 τῆς
797 2553 1028 2621 σαρκὸς
1069 2554 1257 2608 αὑτοῦ
1281 2572 1296 2620 ;
1353 2553 1633 2616 Τουτέστι,
1661 2553 1900 2621 γνησίως

299 2639 359 2703 ἐξ
397 2639 597 2693 αὑτοῦ.
621 2641 731 2694 Kal
761 2639 880 2697 πῶς
903 2639 996 2694 τοῦ
1032 2640 1269 2712 Χριστοῦ
1309 2641 1445 2712 μέλη
1480 2639 1656 2704 οὕτως
1689 2641 1896 2710 ἐσμὲν;

301 2727 420 2781 Ὀτι
438 2727 571 2798 κατ’
591 2728 752 2780 αὐτὸν
775 2729 974 2799 γεγενὴ
985 2728 1144 2799 μεθα.
1165 2731 1274 2783 Kal
1296 2728 1414 2792 πῶς
1439 2732 1503 2782 ἐκ
1537 2729 1635 2800 τῆς
1662 2729 1896 2798 σαρκός;

301 2817 444 2868 Ἰστε
476 2817 601 2869 ὅσοι
634 2817 892 2886 μετέχετε
919 2817 1238 2888 μυστηρίων
1273 2833 1286 2846 ·
1323 2819 1388 2870 ἐκ
1417 2815 1610 2870 τούτου
1651 2816 1758 2886 γάρ
1805 2816 1900 2868 εύ-

296 2903 431 2968 θέως
469 2905 956 2975 ἁναπλαττόμεθα.
996 2907 1105 2958 Καὶ
1165 2905 1316 2972 πῶς;
1356 2905 1525 2959 Πάλιν
1572 2906 1737 2961 άκουε
1804 2904 1898 2958 τοῦ

297 2993 584 3064 μακαρίου
640 2993 832 3046 τούτου
871 2994 1125 3063 λέγοντος
1151 3010 1166 3024 ο
1212 2995 1379 3048 Ἐπεὶ
1410 2994 1525 3048 οὖν
1571 2995 1644 3048 τὰ
1691 2993 1902 3048 παιδιά

294 3081 716 3151 κεκοινώνηκε
749 3084 982 3151 σαρκὸς
1019 3082 1118 3135 καί
1148 3083 1420 3152 αἳματος,
1456 3083 1901 3151 παραπλησίως

293 3170 390 3224 καὶ
423 3169 625 3237 αὐτὸς
662 3170 933 3240 μετέσχε
964 3169 1086 3224 τῶν
1114 3169 1336 3225 αὐτῶν.
1378 3171 1519 3224 Ἀλλ’
1544 3169 1782 3224 ἐνταῦθα
1806 3171 1903 3223 αύ-

295 3258 384 3321 τὸς
434 3259 582 3329 ἡμῖν
613 3258 980 3328 ἐκοινώνησεν
1002 3298 1017 3323 ,
1051 3259 1150 3329 οὐχ
1177 3261 1339 3330 ἡμεῖς
1357 3259 1508 3328 αὐτῷ
1531 3275 1545 3290 ·
1569 3260 1688 3322 πῶς
1716 3257 1808 3313 οὖν
1835 3261 1900 3313 ἐκ

292 3349 388 3418 τῆς
429 3347 651 3419 σαρκὸς
695 3347 864 3401 αὑτοῦ
909 3351 1101 3419 ἐσμεν,
1135 3351 1228 3402 καὶ
1257 3351 1320 3402 ἐκ
1347 3348 1456 3402 τῶν
1488 3349 1663 3402 ὀστῶν
1693 3349 1897 3414 αύτοῦ;

293 3434 446 3499 Τινὲς
483 3436 554 3488 τὸ
587 3429 733 3505 αἷμά
767 3452 901 3504 φασι
932 3438 1029 3489 καὶ
1057 3437 1119 3490 τὸ
1159 3435 1336 3508 ὕδωρ,
1367 3438 1468 3490 οὐκ
1501 3436 1618 3490 ἐστι
1649 3438 1708 3490 δέ
1729 3455 1742 3469 ο
1783 3438 1898 3492 ἀλλ’

290 3524 424 3596 ὅπερ
452 3524 660 3596 δηλοῦν
691 3524 976 3595 βούλεται,
1016 3525 1177 3579 τοῦτό
1220 3528 1390 3591 ἐστιν,
1424 3527 1507 3580 ὅτι
1545 3526 1736 3596 ὥσπερ
1768 3527 1898 3581 ἄνευ

295 3615 596 3678 συνουσίας
632 3617 838 3678 ἐκεῖνος
884 3616 1210 3686 γεγέννηται
1264 3619 1330 3669 ἐκ
1361 3617 1682 3684 Πνεύματος
1715 3618 1897 3686 ἁγίου,

296 3701 436 3756 οὕτω
471 3702 581 3756 καὶ
602 3703 765 3772 ἡμεῖς
795 3702 1118 3773 γεννώμεθα
1141 3706 1198 3757 ἐν
1222 3703 1299 3770 τῷ
1325 3705 1554 3776 λουτρῷ.
1592 3707 1734 3776 Ὀρα
1757 3706 1900 3759 πόσα

293 3792 706 3864 ὑποδείγματα,
725 3793 868 3848 ὥστε
881 3794 1242 3865 πιστευθῆναι
1269 3795 1369 3865 τὴν
1385 3795 1641 3867 γέννησιν
1656 3797 1895 3868 ἐκείνην.

293 3881 355 3934 Ὢ
390 3882 492 3951 τῆς
522 3882 724 3946 ἀνοίας
739 3881 849 3936 τῶν
882 3884 1211 3955 αἱρετικῶνι
1251 3884 1312 3936 τὸ
1353 3884 1455 3955 ἡδη
1480 3885 1670 3955 τεχθὲν
1690 3886 1748 3952 ἐξ
1773 3885 1900 3940 ὓδα-

290 3986 400 4032 τος,
454 3972 541 4023 ὅτι
585 3969 854 4036 τίκτεται,
911 3971 1163 4042 γέννημα
1217 3970 1472 4043 ἀληθινὸν
1497 3973 1851 4042 ὁμολογοῦσιν
1880 3991 1894 4004 ο

291 4057 370 4111 ὄτι
417 4058 475 4111 δὲ
512 4057 811 4128 γινώμεθα
845 4058 1012 4113 αὑτοῦ
1043 4060 1247 4129 σῶμα,,
1276 4062 1336 4112 ού
1362 4060 1629 4131 δέχονται.
1671 4063 1768 4115 "Av
1791 4063 1898 4116 τοί-

293 4165 384 4201 νυν
433 4147 602 4201 τοῦτο
663 4147 740 4218 μὴ
784 4147 1091 4218 γινώμεθα,
1134 4147 1250 4212 πῶς
1277 4150 1509 4220 ἁρμόσει
1543 4150 1624 4216 τὸ,
1664 4152 1759 4204 Ἕκ
1787 4151 1898 4221 τῆς

293 4237 526 4305 σαρκὸς
559 4236 778 4301 αὐτοῦ,
811 4238 909 4291 καὶ
928 4238 999 4292 ἐκ
1031 4237 1150 4292 τῶν
1175 4240 1407 4294 ὀστέων
1429 4239 1642 4306 αὑτοῦ,
1669 4240 1899 4313 λεγόμε-

291 4341 417 4390 νον;
449 4325 664 4379 Σκόπει
704 4323 761 4377 δέ
788 4341 802 4355 ·
839 4325 1082 4397 ἐπλάσθη
1113 4330 1140 4380 6
1187 4327 1379 4399 Ἀδάμ,
1437 4328 1632 4398 ἐτέχθη
1693 4330 1721 4381 6
1763 4331 1893 4402 Χρι-

294 4413 418 4477 στός
445 4429 460 4444 ο
491 4415 560 4467 ἐκ
582 4413 692 4484 τῆς
727 4413 969 4486 πλευράς
1000 4415 1094 4468 τοῦ
1135 4415 1307 4486 Ἀδάμ
1334 4415 1552 4486 εἰσῆλθε
1600 4417 1801 4488 φθορά,
1833 4421 1897 4472 ἐκ

290 4501 391 4571 τῆς
414 4502 668 4574 πλευρᾶς
705 4501 800 4554 τοῦ
846 4502 1084 4573 Χριστοῦ
1117 4505 1460 4576 ἐπήγασενὴ
1496 4503 1609 4576 ζωή
1635 4522 1650 4536 ο
1689 4508 1747 4558 ἐν
1785 4523 1893 4560 πα-

295 4591 532 4662 ραδείσῳ
575 4589 888 4660 ἐϐλάστησε
919 4592 1148 4655 θάνατος
1169 4633 1183 4658 ,
1219 4594 1278 4645 ἐν
1305 4592 1384 4663 τῷ
1419 4593 1640 4665 σταυρῷ
1663 4593 1828 4648 αὑτοῦ
1861 4596 1895 4666 ἡ

292 4680 579 4752 ἀναίρεσις
612 4678 860 4748 γέγονεν.

362 4893 430 4952 δ’.
480 4897 574 4958 Ὠς
605 4892 702 4950 οὖν
732 4899 761 4951 6
789 4899 919 4964 Υἱὸς
946 4901 1042 4954 τοῦ
1073 4900 1210 4956 Θεοῦ
1231 4904 1329 4974 τῆς
1354 4905 1625 4978 ἡμετέρας
1658 4906 1894 4976 φύσεως,

307 4985 484 5050 οὕτως
521 4987 692 5057 ἡμεῖς
726 4987 826 5058 τῆς
851 4990 1040 5054 οὐσίας
1075 4991 1266 5044 αὑτοῦ·
1306 4995 1401 5047 καὶ
1423 4994 1497 5058 ὡς
1520 4997 1671 5066 ἡμᾶς
1693 4997 1898 5061 ἐκεῖνος

295 5073 408 5141 ἔχει
464 5075 526 5126 ἐν
571 5073 786 5144 ἑαυτῷ,
821 5074 966 5130 οὕτω
1021 5079 1114 5130 καὶ
1180 5080 1340 5150 ἡμεῖς
1387 5082 1549 5134 αὑτὸν
1605 5081 1800 5154 ἔχομεν
1840 5087 1898 5139 ἐν

295 5162 448 5231 ἡμῖν.
480 5161 650 5215 Ἀντί
708 5163 925 5217 τούτου
987 5167 1340 5236 καταλείψει
1408 5169 1723 5238 ἅνθρωπος
1791 5172 1899 5226 τὸν

297 5248 528 5318 πατέρα
604 5249 796 5304 αὐτοῦ
865 5251 965 5305 καὶ
1036 5254 1152 5321 τὴν
1209 5255 1441 5324 μητέρα
1527 5257 1741 5323 αὑτοῦ,
1797 5261 1896 5316 καὶ

299 5336 930 5401 προσκολληθήσεται
957 5338 1110 5404 πρὸς
1137 5339 1254 5406 τὴν
1274 5339 1531 5408 γυναῖκα
1554 5345 1765 5407 αὐτοῦ,
1799 5345 1898 5398 καὶ

301 5422 550 5477 ἔσονται
598 5427 656 5478 οι
706 5423 818 5478 δύο
843 5428 932 5492 είς
971 5427 1169 5494 σάρκα
1214 5431 1382 5499 μίαν.
1433 5432 1563 5485 Ἰδοὺ
1597 5434 1692 5487 καὶ
1716 5436 1897 5506 τρίτον

298 5509 579 5583 δικαίωμα
605 5528 620 5542 ⁸
661 5513 903 5567 δείκνυσι
925 5515 1056 5586 γὰρ,
1083 5516 1166 5569 ὅτι
1195 5519 1320 5582 τοὺς
1351 5522 1794 5591 γεννησαμένους
1813 5542 1898 5588 τις

301 5601 459 5668 ἀφεὶς
493 5604 593 5656 καὶ
625 5603 683 5668 ἐξ
705 5597 781 5658 ὧν
814 5604 937 5674 ἔφυ,
970 5605 1153 5678 ἐκείνῃ
1191 5610 1566 5680 συμπλέκεται
1604 5627 1618 5640 ·
1647 5613 1742 5665 καὶ
1779 5614 1891 5667 λοι-

303 5691 402 5741 πδιι
433 5693 467 5762 ἡ
507 5691 651 5762 σὰρξ
682 5695 711 5746 6
737 5695 924 5766 πατὴρ
953 5697 1106 5768 καὶὴ
1145 5698 1330 5769 μήτηρ
1389 5701 1484 5752 καὶ
1515 5702 1544 5753 6
1594 5704 1722 5765 παῖς
1749 5703 1897 5756 ἐστιν

305 5778 366 5828 ἐκ
410 5778 510 5848 τῆς
561 5780 830 5852 ἑκατέρου
868 5785 1156 5849 συνουσίας
1202 5787 1574 5856 συγκραθεῖσα
1603 5805 1615 5819 ’
1645 5792 1738 5843 καὶ
1785 5793 1895 5862 γὰρ

305 5866 576 5932 μιγέντων
625 5868 733 5922 τῶν
787 5871 1140 5942 σπερμάτων,
1184 5872 1423 5928 τίκτεται
1455 5877 1501 5936 6.
1524 5880 1651 5942 παῖς
1679 5895 1694 5910 θ
1750 5877 1889 5943 ὥστε

1242 398 1307 457 ια
1352 397 1574 456 ms:
1615 397 1706 454 AD
1737 393 1979 452 EPIIES.
2010 393 2166 450 CAP.
2211 395 2252 450 ν
2294 380 2526 456 ηοιιιι..
2571 399 2690 457 xx.

3493 408 3592 463 MO

2011 513 2138 577 τοὺς
2167 519 2315 586 τρεῖς
2352 530 2375 558 ε
2405 515 2544 573 εἶναι
2578 520 2707 590 μίαν
2732 521 2926 592 σάρκα.
2957 519 3144 584 Οῦτως
3166 517 3260 575 οῦν
3279 524 3436 592 ἡμεῖς
3459 524 3593 595 πρὸς

2005 598 2095 650 τὸν
2152 601 2385 672 Χριστὸν
2425 606 2686 676 γινόμεθα
2711 607 2808 678 μία
2860 607 2996 678 σὰρξ
3020 608 3107 662 διὰ
3137 609 3428 680 μετουσίας
3455 625 3468 640 ·
3501 612 3594 664 καὶ

2005 687 2186 758 πολλῷ
2215 690 2417 760 μᾶλλον
2448 694 2631 762 ἡμεῖς,
2665 694 2696 765 ἢ
2740 695 2799 748 τὸ
2828 695 3060 750 παιδίον.
3088 696 3152 748 Τί
3184 697 3247 769 δή
3282 715 3437 762 ποτε;
3470 699 3594 750 Ὅτι

2005 775 2065 839 ἐξ
2093 777 2269 847 ἀρχῆς
2295 778 2437 832 οὔτω
2461 781 2675 848 γέγονε.
2709 785 2800 854 Μή
2832 801 2921 853 μοι
2953 783 3098 852 λέγε,
3129 786 3211 838 ὅτι
3240 785 3416 838 τοιάδε
3453 787 3589 846 ἐστί,

2005 866 2100 917 καὶ
2118 866 2296 920 τοιάδε
2330 867 2494 921 ἐστίν.
2529 870 2641 940 Οὐχ
2666 871 2820 940 ὁρᾷς,
2843 873 2924 924 ὅτι
2957 872 3050 924 καὶ
3075 875 3130 924 ὲν
3147 873 3212 942 τῇ
3235 871 3400 942 σαρκὶ
3423 873 3593 925 πολλὰ

2006 952 2202 1023 ἔχομεν
2226 953 2614 1026 ἐλαττώματας
2664 959 2722 1009 Ὃ
2756 960 2854 1028 μὲν
2885 959 2993 1029 γάρ
3022 961 3138 1012 ἐστι
3162 959 3352 1029 χωλὸς,
3386 961 3414 1010 6
3439 959 3492 1010 δὲ
3515 959 3594 1011 δι-

2004 1045 2418 1112 εστραμμένους
2439 1045 2549 1116 ἔχει
2583 1049 2709 1109 τοὺς
2749 1048 2936 1112 πόδας,
2972 1048 3158 1119 ἕτερος
3184 1052 3369 1118 χεῖρας
3400 1047 3588 1119 ξηρὰ-ς.

2003 1131 2164 1195 ἄλλος
2197 1133 2326 1186 ἄλλο
2355 1151 2408 1187 τι
2455 1135 2614 1205 μέλος
2670 1135 2900 1199 ἀσθενές
2925 1153 2938 1168 ·
2984 1137 3080 1189 καὶ
3119 1137 3269 1205 ὅμως
3310 1139 3410 1190 οὐκ
3437 1137 3593 1204 ἀλγεῖ

2003 1221 2125 1273 οὐδὲ
2151 1221 2435 1284 ἐκκόπτει,
2479 1223 2615 1276 ἀλλὰ
2641 1224 2734 1278 καὶ
2759 1223 3081 1296 προτίθησιν
3121 1223 3278 1296 [1481
3312 1224 3443 1276 αὐτὸ
3467 1224 3594 1276 πολ⁴

2002 1307 2161 1372 λάκις
2208 1308 2302 1361 τοῦ
2333 1310 2524 1364 ἄλλου·
2556 1311 2783 1374 εἰκότως
2817 1328 2830 1343 ·
2867 1311 3034 1365 αὐτοῦ
3073 1314 3182 1381 γάρ
3218 1313 3387 1366 ἐστιν.
3420 1313 3592 1382 ’Ὀσην

2001 1396 2182 1450 τοίνυν
2243 1397 2472 1462 ἕκαστος
2508 1401 2642 1471 πρὸς
2685 1400 2878 1454 ἐαυτὸν
2907 1401 3128 1471 ἀγάπην
3146 1401 3281 1472 ἔχει,
3311 1401 3586 1470 τοσαύτην

2004 1486 2140 1556 πρὸς
2164 1487 2264 1557 τὴν
2283 1491 2517 1556 γυναῖκα
2556 1492 2702 1560 ἡμᾶς
2730 1492 2978 1561 βούλεται
3003 1492 3146 1561 ἔχειν
3179 1509 3191 1520 ’
3241 1493 3339 1560 οὐχ
3369 1493 3452 1545 ὅτι
3487 1490 3593 1560 φύ-

2005 1591 2142 1634 σεως
2170 1578 2300 1645 μιᾶς
2325 1577 2711 1649 κοινωνοῦμεν,
2738 1579 2874 1632 ἀλλὰ
2899 1579 3061 1632 πλέον
3090 1578 3250 1632 τοῦτο
3273 1582 3405 1650 ἡμῖν
3429 1580 3489 1631 τὸ
3514 1581 3595 1632 διε

2004 1662 2223 1733 καίωμα
2247 1665 2307 1716 τὸ
2335 1665 2473 1735 πρὸς
2503 1665 2601 1737 τὴν
2622 1670 2878 1734 γυναῖκα,
2915 1667 3105 1737 ἐπειδὴ
3144 1668 3330 1719 οὐκέτι
3357 1667 3452 1718 δύο
3485 1665 3592 1718 εἰσὶ

2005 1749 2255 1819 σώματα,
2285 1751 2399 1805 ἀλλ’
2421 1751 2501 1814 ἓν,
2538 1757 2566 1807 6
2591 1754 2689 1824 μὲν
2724 1756 2936 1826 κεφαλὴ
2967 1753 3064 1820 ὢν,
3098 1759 3129 1826 ἡ
3164 1756 3220 1808 δὲ
3259 1753 3439 1824 σῶμα.
3475 1755 3594 1806 Καὶ

2005 1839 2122 1902 πῶς
2165 1856 2329 1910 φησιν
2361 1840 2618 1912 ἀλλαχοῦ,
2647 1842 2896 1911 Κεφαλὶι
2939 1841 3008 1896 δὲ
3037 1841 3300 1911 Χριστοῦ
3331 1845 3364 1895 ὀ
3408 1843 3552 1906 Θεός
3573 1857 3592 1903 ,⁸

2004 1926 2176 1980 Τοῦτο
2223 1929 2317 1981 καὶ
2372 1929 2483 1996 ἐγώ
2532 1947 2694 2000 φημι,
2725 1932 2806 1984 ὅτι
2850 1931 3038 2002 ὥσπερ
3093 1930 3151 1984 ἓν
3191 1930 3350 2001 σῶμα
3403 1933 3587 2002 ἡμεῖς,

2001 2016 2146 2071 οὕτω
2179 2020 2273 2071 καὶ
2295 2021 2323 2072 ό
2349 2021 2583 2091 Χριστὸς
2613 2021 2706 2074 καὶ
2740 2023 2768 2074 6
2803 2022 2990 2092 Πατὴρ
3016 2022 3094 2078 ἓν.
3119 2022 3450 2093 Εὑρίσκεται
3482 2023 3592 2092 ἄρα

2004 2107 2098 2160 καὶ
2120 2109 2148 2161 6
2195 2107 2384 2180 Πατὴρ
2408 2109 2618 2182 κεφαλὴ
2637 2109 2796 2180 ἡμῶν
2827 2108 2923 2166 ὧν.
2957 2112 3060 2163 Δύο
3085 2110 3300 2182 τίθησιν
3333 2109 3589 2178 ὑποδείγι-

2006 2218 2175 2271 ματα,
2237 2201 2298 2254 τὸ
2350 2202 2444 2256 τοῦ
2507 2201 2763 2270 σώματος
2784 2245 2797 2264 ,
2829 2205 2922 2258 καὶ
2959 2203 3020 2256 τὸ
3069 2204 3162 2257 τοῦ
3195 2203 3436 2274 Χριστοῦ
3464 2221 3478 2236 ο
3510 2203 3592 2258 διὸ

2004 2289 2098 2341 καὶ
2125 2288 2343 2358 ἐπάγει·
2388 2290 2458 2343 Τὸ
2479 2290 2819 2360 μυστήριον
2846 2290 3024 2344 τοῦτο
3056 2291 3213 2360 μέγα
3241 2293 3416 2346 ἐστίν
3440 2308 3454 2321 ·
3476 2291 3614 2361 ἐγὼ

2002 2375 2071 2429 δὲ
2100 2377 2255 2447 λέγω
2295 2380 2384 2444 είς
2407 2378 2666 2448 Χριστὸν
2681 2380 2779 2433 καὶ
2819 2381 2907 2446 εἰς
2940 2379 3056 2446 τὴν
3093 2379 3489 2447 Ἐκκλησίαν.
3525 2379 3592 2434 Τί

2004 2465 2122 2516 ἐστι
2147 2464 2347 2531 τοῦτο;
2379 2467 2538 2534 Μέγα
2593 2467 2892 2538 μυστήριον
2936 2466 3069 2520 αὐτό
3110 2484 3298 2538 φησιν,
3334 2467 3591 2537 ὅτιςμέγα

2002 2569 2056 2604 τι
2083 2553 2176 2606 καὶ
2203 2553 2516 2623 θαυμαστὸν
2555 2554 2820 2625 ἡνίξατοό
2855 2557 3125 2627 μακάριος
3156 2555 3422 2624 Μωῦσῆς,
3452 2555 3590 2625 μᾶλ-

2003 2639 2094 2692 λον
2119 2639 2175 2692 δὲ
2205 2643 2234 2694 6
2285 2641 2418 2703 Θεός
2451 2658 2464 2671 ·
2495 2641 2636 2705 τέως
2699 2643 2906 2712 μέντοι,
2939 2645 3044 2707 Είς
3093 2641 3375 2710 Χριστὸν,
3429 2642 3586 2711 φησὶ,

2002 2728 2178 2796 λέγω,
2214 2729 2298 2781 ὅτι
2325 2730 2421 2782 καὶ
2454 2731 2617 2794 αὐτὸς
2649 2732 2738 2784 τὸν
2773 2731 2993 2802 Πατέρα
3021 2732 3179 2800 ἀφεὶς
3210 2730 3472 2800 κατῆλθε,
3496 2734 3592 2785 καὶ⁸

2002 2810 2135 2887 ἦλθε
2169 2816 2308 2888 πρὸς
2335 2818 2434 2886 τὴν
2474 2819 2717 2889 νύμφην,
2754 2819 2848 2872 καὶ
2883 2817 3100 2886 ἐγένετο
3133 2820 3212 2881 εἰς
3238 2819 3455 2888 πνεῦμα
3489 2819 3549 2872 ἓν
3571 2834 3587 2849 ·

2015 2903 2079 2957 ‘0
2105 2905 2491 2974 κολλώμενος
2535 2905 2644 2978 γὰρ
2673 2905 2752 2972 τῷ
2805 2907 3019 2974 Κυρίῳ,
3050 2905 3122 2960 ἓν
3172 2907 3410 2976 πνεῦμά
3433 2909 3586 2961 ἐστι.

2001 2993 2112 3047 Kal
2134 2993 2314 3057 καλῶς
2332 2990 2474 3048 εἴπεο
2489 2995 2654 3066 Μέγα
2668 2996 3011 3064 μυστήριόν
3023 2995 3212 3050 ἐστιν·
3228 2995 3304 3058 ὡς
3323 2995 3388 3048 ἂν
3403 2997 3451 3048 εἰ
3471 2995 3591 3050 b.5-

2002 3096 2087 3149 γε’
2114 3082 2262 3153 Πλὴν
2305 3082 2418 3135 ἀλλ’
2439 3083 2537 3153 οὐχ
2563 3085 2596 3152 ἡ
2635 3083 2935 3152 ἀλληγορία
2978 3084 3279 3155 ἀνατρέπει
3312 3087 3411 3155 τὴν
3450 3085 3590 3153 ἀγά-

2001 3187 2131 3240 πην.
2180 3171 2353 3238 Πλὴν
2396 3171 2494 3224 καὶ
2556 3171 2802 3237 ὑμεῖςοὶ
2840 3173 2968 3226 καθ’
3006 3171 3149 3235 ἕνα,
3181 3171 3450 3237 ἕκαστος.
3477 3172 3593 3236 τὴν

2000 3259 2221 3313 ἑαυτοῦ
2250 3259 2509 3329 γυναῖκα
2529 3259 2719 3325 οὕτως
2747 3258 3051 3330 ἀγαπάτω,
3081 3261 3163 3326 ὡς
3194 3261 3433 3314 ἑαυτόν·
3456 3261 3494 3328 ὴ
3523 3261 3592 3314 δέ

2001 3349 2157 3418 γυνὴ
2198 3349 2298 3402 ἵνα
2335 3349 2591 3417 φοϐῆται
2629 3348 2739 3401 τὸν
2762 3349 2973 3418 ἄνδρα.
3009 3350 3217 3412 Ὄντως
3239 3347 3350 3419 γὰρ
3373 3389 3388 3412 ,
3422 3349 3591 3413 ὅντως

2005 3437 2307 3508 μυστήριόν
2337 3437 2478 3500 ἐστι,
2505 3437 2600 3490 καὶ
2622 3436 2766 3506 μέγα
2803 3438 3127 3507 μυστήριον,
3158 3437 3242 3489 ὅτι
3271 3436 3362 3488 τὸν
3386 3435 3587 3503 φύντα,

1998 3525 2090 3577 τὸν
2111 3523 2538 3595 γεννησάμενον,
2570 3525 2660 3577 τὸν
2680 3523 3155 3595 ἀναθρεψάμενον,
3188 3523 3286 3595 τὴν
3325 3524 3578 3594 ώδινήσασ

2002 3630 2122 3679 σαν,
2151 3612 2249 3684 τὴν
2283 3612 2804 3682 ταλαιπωρηθείσαν
2850 3611 3032 3679 ἀφεὶς.
3073 3613 3203 3676 τοὺς
3242 3614 3311 3666 τά
3351 3613 3590 3667 τοσαῦτα

2001 3703 2508 3774 εύεργετήσαντας,
2537 3703 2663 3764 τοὺς
2705 3703 2765 3753 ἐν
2807 3702 3068 3773 συνηθείᾳ⁴
3115 3703 3465 3772 γενομένους,
3518 3706 3585 3773 τῇ

2005 3792 2143 3862 μηδὲ
2196 3791 2448 3863 όφθείσῃ,
2494 3791 2628 3860 μηδὲ
2677 3791 2852 3844 κοινόν
2887 3808 2940 3844 τι
3001 3790 3198 3862 ἐχούσῃ
3239 3791 3374 3860 πρὸς
3425 3791 3589 3846 αὑτὸν

2001 3879 2428 3953 προσκολλᾶται,
2464 3878 2560 3932 καὶ
2601 3879 2822 3932 πάντων
2862 3879 3034 3951 αὐτὴν
3064 3881 3329 3952 προτιμᾷ.
3355 3881 3584 3951 Μυστὴ-

2003 3985 2115 4040 ριον
2147 3966 2318 4030 ὅντως
2345 3965 2483 4019 ἐστί.
2512 3966 2622 4020 Καὶ
2640 3967 2688 4020 οἱ
2707 3969 2886 4036 γονεῖς
2923 3967 3130 4020 τούτων
3155 3967 3456 4037 γινομένων
3485 3969 3588 4021 οὑκ

1999 4057 2292 4126 ἄχθονται,
2327 4055 2466 4109 ἀλλὰ
2501 4055 2576 4127 μὴ
2610 4055 2912 4125 γινομένων
2945 4055 3146 4126 μᾶλλον
3174 4073 3189 4089 ο
3228 4058 3322 4110 καὶ
3363 4057 3586 4128 χρημά-

1998 4163 2106 4198 των
2130 4145 2576 4216 ἀναλισκομένων
2599 4145 2693 4198 καὶ
2721 4144 2970 4216 δαπάνης
2999 4146 3314 4218 γινομένης,
3340 4148 3581 4218 ἥδονται.

2003 4235 2212 4297 Ὄντως
2259 4232 2404 4304 μέγα
2466 4233 2802 4305 μυστήριον,
2847 4233 3160 4304 ἀπόρρητόν
3210 4251 3336 4288 τινα
3389 4235 3584 4304 σοφίαν

1999 4322 2144 4391 ἐχον.
2201 4321 2373 4374 Τοῦτο
2411 4319 2618 4374 ἄνωθεν
2657 4320 3019 4392 προφητεύων
3072 4321 3262 4391 ἐδήλου
3294 4322 3538 4392 Μωῦσῆς
3565 4341 3577 4352 ·

1998 4408 2160 4463 τοῦτο
2191 4409 2286 4463 καὶ
2322 4408 2416 4462 νῦν
2442 4410 2472 4463 6
2517 4407 2728 4472 Παῦλος
2783 4407 2884 4480 βοᾷ,
2927 4408 3148 4477 λέγων·
3182 4410 3288 4475 Εἰς
3325 4411 3587 4478 Χριστόν

1999 4499 2100 4553 καὶ
2131 4501 2218 4566 είς
2246 4497 2364 4567 τὴν
2405 4499 2788 4566 Ἐκκλησίαν.
2830 4498 2975 4566 Πλῆν
3003 4499 3066 4552 ού
3089 4499 3154 4552 δι’
3180 4499 3343 4554 αὐτὸν
3367 4501 3584 4572 εἴρηται

2004 4587 2164 4658 μόνον
2198 4585 2394 4651 οὕτως,
2441 4585 2579 4639 ἀλλά
2617 4586 2727 4641 καὶ.
2748 4587 2836 4640 διὰ
2869 4585 2968 4658 τὴν
2993 4589 3249 4655 γυναῖκα,
3281 4587 3370 4641 ἵνα
3391 4587 3465 4652 ὡς
3487 4590 3586 4658 τὴν

2004 4676 2140 4731 ἰδίαν
2180 4675 2360 4747 σάρκα
2401 4674 2570 4746 αὐτὴν
2626 4674 2847 4746 θάλπῃ..
2877 4674 2953 4739 ὡς
3010 4676 3103 4729 καὶ
3133 4677 3162 4729 6
3196 4676 3432 4748 Χριστὸς
3487 4677 3588 4747 τὴν

2013 4763 2362 4836 Ἐκκλησίαν.
2407 4764 2474 4819 Ἢ
2525 4763 2594 4816 δὲ
2620 4762 2776 4832 γυνὴ
2809 4764 2910 4816 ἵνα
2953 4761 3208 4832 φοϐῆται
3237 4763 3348 4816 τὸν
3371 4763 3582 4832 ἄνδρα.

2002 4855 2198 4908 Οὐκέτι
2245 4854 2315 4907 τὰ
2351 4854 2450 4924 τῆς
2480 4853 2705 4926 ἀγάπης
2733 4852 2916 4922 τίθησι
2942 4853 3124 4921 μόνον,
3152 4851 3290 4904 ἀλλὰ
3326 4853 3378 4904 τί
3405 4870 3419 4919 ;
3463 4855 3590 4908 Ἵνα

2001 4941 2261 5012 φοϐῆται
2286 4941 2395 4996 τὸν
2427 4940 2636 5009 ἄνδρα.
2679 4940 2845 5011 Ἀρχὴ
2889 4939 3118 5008 δευτέρα
3155 4940 3304 4992 ἐστὶν
3343 4941 3376 5011 ἡ
3423 4946 3583 5014 γυνὴ.

2000 5031 2158 5100 Μήτε
2212 5025 2304 5084 οὖν
2347 5027 2488 5099 αὕτη
2522 5027 2622 5100 τὴν
2655 5027 2931 5096 ἰσοτιμίαν
2955 5025 3261 5079 ἀπαιτείτω
3290 5042 3303 5055 ·
3343 5027 3450 5082 ὑπὸ
3478 5031 3588 5100 γὰρ

2000 5121 2100 5192 τὴν
2129 5120 2374 5189 κεφαλήν
2403 5121 2521 5172 ἐστι
2548 5135 2564 5151 ο
2607 5118 2744 5189 μήτε
2775 5119 2982 5180 ἐκεῖνος
3016 5115 3093 5179 ώς
3127 5116 3584 5190 ὑποτεταγμένης

2002 5206 2411 5279 καταφρονείτω
2434 5223 2450 5238 ο
2489 5205 2649 5275 σῶμα
2687 5205 2796 5277 γάρ
2843 5206 2979 5270 ἐστι,
3017 5207 3119 5258 κᾶν
3141 5209 3460 5279 καταφρονῇ
3489 5208 3586 5260 τοῦ

2002 5295 2311 5366 σώματοςὴ
2352 5292 2560 5364 κεφαλὴ
2582 5333 2597 5356 ,
2648 5293 2743 5346 καὶ
2781 5294 2920 5365 αὐτὴ
2975 5293 3400 5365 προσαπολεῖται
3424 5312 3440 5328 ’
3471 5295 3588 5350 ἀλλ’

2001 5385 2327 5455 ἀντίρροπον
2381 5381 2484 5449 τῆς
2534 5382 2782 5451 ὑπακοῆς
2848 5381 3118 5450 εἰσαγέτω
3175 5381 3275 5454 τὴν
3335 5383 3580 5454 ἀγάπην.

2001 5472 2272 5542 Ὥσπερὴ
2306 5469 2540 5538 κεφαλὴ.
2571 5469 2668 5523 καὶ
2721 5468 2783 5521 τὸ
2835 5469 2995 5539 σῶμα
3019 5487 3034 5502 ι
3065 5469 3126 5522 τὸ
3157 5471 3260 5540 μὲν
3281 5471 3420 5542 αὐτῇ
3450 5473 3589 5541 πρὸς

1999 5561 2274 5614 διακονίαν
2307 5558 2546 5630 παρέχον
2575 5558 2672 5620 τὰς
2697 5560 2909 5628 χεῖρας,
2943 5559 3071 5622 τοὺς
3115 5559 3303 5624 πόδας,
3329 5564 3396 5615 τὰ
3423 5561 3590 5618 λοιπὰ

2071 5890 2096 5918 ⁸
2125 5886 2257 5935 Unus
2278 5884 2453 5944 codex,
2477 5885 2604 5933 ὥστε
2630 5884 2876 5946 συμϐαίνει
2897 5885 3006 5940 τοὺς
3029 5885 3168 5945 τρεῖς.
3493 5910 3536 5936 χ
