4092 6510
371 415 464 468 Ml

366 545 475 600 que
503 528 739 598 peribit:
786 526 884 584 sed
913 527 1104 584 afferat
1131 527 1474 583 dilectionem
1524 543 1644 596 qua:
1696 535 1970 592 tamquam

368 623 422 676 in
453 620 760 692 mquilibrio
789 619 1116 690 respondeat
1136 619 1478 674 obedientite.
1510 617 1660 674 Sicut
1689 627 1870 685 caput,
1899 615 1970 669 ita

363 725 420 771 et
444 730 686 785 corpus:
720 715 826 770 hoc
857 714 931 768 illi
977 714 1044 768 ad
1094 713 1451 768 ministerium
1475 711 1713 783 praebeat
1743 726 1966 774 manus,

362 807 530 879 pedes
566 817 623 862 et
664 808 872 876 reliqua
917 808 1098 861 omnia
1127 806 1404 871 membra;
1439 804 1568 859 illud
1613 816 1790 859 autem
1844 805 1968 858 huic

361 901 608 970 invigilet
661 902 810 956 omni
880 901 1199 955 instructum
1259 899 1632 968 intelligentia.
1687 895 1826 951 Nihil
1885 903 1968 952 est

361 999 464 1049 hoc
498 996 760 1066 coniugio
799 995 994 1050 melius
1041 1004 1094 1050 et
1133 994 1498 1064 praestantius.
1556 989 1625 1046 Et
1654 990 1963 1061 quomodo,

357 1089 570 1158 inquit,
629 1090 792 1142 fuerit
820 1089 1040 1143 dilectio
1063 1129 1078 1152 ,
1129 1089 1173 1142 si
1202 1097 1286 1143 est
1313 1098 1486 1141 metus
1509 1087 1534 1138 ?
1578 1087 1807 1140 Maxime
1837 1097 1963 1140 tunc

355 1182 537 1236 fuerit.
593 1181 730 1237 Nam
761 1198 886 1252 qua:
916 1182 1107 1246 timet,
1157 1183 1318 1236 etiam
1349 1181 1517 1251 diligit
1545 1197 1560 1246 ;
1594 1197 1713 1251 qua:
1744 1179 1916 1250 diligit
1943 1221 1958 1245 ,

355 1277 511 1330 timet
543 1285 819 1344 tamquam
843 1285 1007 1345 caput
1029 1317 1045 1342 ,
1101 1275 1276 1345 diligit
1307 1285 1578 1344 tamquam
1611 1275 1912 1329 membrum
1943 1291 1956 1328 :

354 1382 483 1420 nam
533 1377 699 1437 caput
740 1383 960 1438 quoque
1007 1376 1094 1425 est
1136 1370 1435 1422 membrum
1487 1367 1648 1422 totius
1691 1369 1958 1436 corporis.

351 1448 653 1531 Propterea
683 1460 833 1515 illam
856 1461 1075 1530 quidem
1105 1461 1356 1532 subjecit,
1391 1460 1532 1514 hunc
1557 1475 1689 1514 vero
1721 1459 1962 1530 przefecit

344 1563 402 1608 ct
428 1569 594 1621 supra
625 1555 846 1624 posuit,
878 1563 936 1608 ut
961 1564 1105 1609 esset
1137 1570 1260 1624 pax.
1309 1553 1410 1609 Ubi
1439 1553 1582 1608 enim
1611 1562 1696 1607 est
1736 1555 1960 1608 honoris

322 1648 652 1715 aequalitas,
690 1663 790 1716 pax
824 1663 1113 1719 numquam
1146 1649 1326 1713 fuerit,
1349 1664 1522 1719 neque
1552 1649 1597 1702 si
1628 1649 1824 1703 domus
1848 1664 1955 1720 po-

349 1738 524 1807 pulari
554 1749 774 1809 regatur
791 1741 1040 1808 imperio,
1067 1756 1240 1810 neque
1267 1741 1310 1794 si
1334 1756 1526 1795 onmes
1547 1741 1834 1811 imperent,
1858 1741 1953 1796 sed

352 1848 576 1889 necesse
620 1845 706 1888 est
737 1847 793 1887 ut
824 1835 894 1889 sit
923 1851 1059 1888 unus
1100 1836 1451 1906 principatus.
1509 1834 1577 1890 Et
1606 1835 1720 1889 haec
1758 1835 1954 1904 ubique

347 1927 402 1980 in
429 1926 841 1996 corporalibus:
868 1942 993 1981 nam
1024 1929 1069 1982 si
1091 1928 1200 1982 sint
1226 1929 1326 1983 viri
1353 1929 1682 1995 spiritualcs,
1703 1929 1806 1983 erit
1829 1945 1950 1998 pax.

359 2021 521 2075 Erant
543 2022 838 2092 quinquies
860 2022 1010 2076 mille
1040 2023 1258 2085 animaz,
1300 2033 1354 2077 et
1383 2037 1542 2076 nemo
1567 2022 1854 2091 quidquam
1884 2038 1948 2076 ex

352 2113 461 2168 suis
489 2112 841 2168 facultatibus
867 2113 1083 2170 dicebat
1111 2130 1233 2170 esse
1261 2116 1536 2184 proprium
1567 2115 1705 2184 (Act.
1734 2117 1789 2170 4.
1818 2115 1888 2170 52
1907 2117 1946 2183 ),

345 2204 438 2260 sed
461 2206 601 2261 inter
626 2220 689 2260 sc
715 2207 948 2277 subjecti
982 2219 1138 2262 crant
1164 2208 1308 2263 alter
1336 2208 1511 2262 alteri.
1564 2207 1677 2263 lloc
1706 2217 1788 2262 est
1812 2207 1950 2261 indi-

341 2299 482 2353 cium
514 2299 797 2367 sapientia:
841 2309 896 2355 et
949 2300 1160 2355 timoris
1189 2301 1303 2356 Dei.
1361 2303 1537 2371 Atque
1565 2301 1802 2357 ostendit
1830 2302 1948 2372 qui-

339 2392 464 2446 dem
495 2393 714 2447 modum
739 2392 1068 2456 dilectionis,
1102 2393 1312 2448 timoris
1337 2404 1517 2447 autem
1550 2393 1812 2448 nondum.

410 2485 467 2538 5.
503 2485 566 2538 Et
595 2485 716 2540 vide
741 2485 956 2555 quidem
984 2501 1106 2541 eum
1133 2486 1358 2541 dilatare
1387 2497 1440 2542 et
1460 2489 1789 2557 ampliﬁcare
1824 2504 1945 2557 qua:

334 2584 465 2630 sunt
490 2575 819 2640 dilectionis,
852 2577 922 2634 de
946 2577 1160 2632 Christo
1201 2587 1545 2644 narrantem,
1589 2591 1644 2634 et
1681 2580 1749 2635 de
1783 2595 1945 2635 carne

335 2672 578 2739 prOpria,
609 2681 665 2726 et
691 2673 961 2727 dicentem
983 2714 998 2740 ,
1032 2671 1256 2741 Propter
1277 2678 1370 2726 hoc
1396 2674 1644 2743 relinquet
1678 2674 1826 2727 homo
1851 2691 1944 2745 pa-

332 2771 468 2816 trem
494 2771 542 2815 et
575 2772 825 2818 matrem:
846 2779 967 2834 quae
994 2774 1120 2819 sunt
1147 2774 1326 2819 autem
1362 2767 1572 2822 timoris
1592 2783 1695 2820 non
1715 2767 1942 2822 dilatare

336 2869 444 2909 nec
484 2854 844 2924 ampliﬁcare.
894 2855 1137 2923 Quanam
1170 2857 1237 2912 dc
1265 2858 1466 2912 causa?
1515 2857 1781 2926 Quoniam
1829 2861 1943 2914 vult

328 2949 688 3006 dilectionem
723 2951 895 3022 magis
925 2951 1177 3008 obtinere
1199 2953 1558 3007 dominatum.
1590 2953 1723 3008 Nam
1756 2955 1801 3008 si
1826 2953 1940 3011 luec

337 3041 450 3106 sit,
487 3054 790 3112 sequuntur
817 3045 998 3099 omnia
1037 3045 1174 3110 alia;
1220 3046 1264 3099 si
1302 3046 1390 3100 ille
1420 3046 1515 3109 sit,
1556 3063 1660 3100 non
1693 3048 1936 3102 omnino.

333 3135 474 3190 Nam
498 3139 590 3208 qui
619 3138 795 3208 diligit
823 3154 1073 3203 uxorem,
1103 3140 1204 3194 etsi
1238 3155 1343 3194 non
1374 3140 1670 3195 admodum
1705 3143 1939 3212 morige-

329 3243 473 3294 ram,
499 3229 682 3284 omnia
714 3239 894 3286 tamen
927 3231 1219 3287 sustinebit
1246 3250 1259 3284 :
1308 3233 1446 3288 adeo
1473 3250 1562 3288 res
1588 3244 1673 3289 est
1705 3235 1937 3291 difﬁcilis

328 3319 574 3373 etardua
606 3323 921 3386 concordia,
981 3324 1201 3393 quando
1233 3339 1342 3378 non
1369 3324 1568 3380 fuerint
1587 3325 1820 3396 colligati
1854 3339 1938 3398 ty-

329 3411 562 3466 rannide
587 3413 934 3469 dilectionis:
962 3416 1125 3471 timor
1149 3427 1332 3472 autem
1362 3433 1468 3472 non
1495 3422 1719 3473 onmino
1751 3423 1804 3474 in
1834 3421 1937 3476 hoc

325 3519 390 3559 se
414 3515 564 3561 recte
585 3516 760 3576 geret.
793 3509 859 3562 Et
889 3508 1010 3564 ideo
1045 3511 1549 3581 magisimmoratur
1571 3513 1621 3567 in
1652 3512 1772 3578 hoc,
1794 3515 1935 3584 quod

326 3607 415 3651 est
454 3598 594 3654 forte
629 3615 693 3654 ac
725 3601 986 3655 validum.
1041 3603 1110 3657 Et
1131 3605 1324 3660 mulier
1347 3646 1363 3670 ,
1395 3606 1479 3659 cui
1518 3605 1729 3660 videtur
1755 3606 1934 3662 afferri

327 3691 613 3755 damnum,
645 3695 788 3764 quod
816 3695 1073 3764 jubeatur
1094 3698 1307 3764 timere,
1340 3699 1615 3754 lucratu'r:
1647 3701 1764 3754 viro
1791 3701 1934 3755 enim

325 3795 410 3838 est
427 3797 754 3856 prmceptum
784 3787 834 3842 id
857 3790 997 3858 quod
1024 3799 1103 3844 est
1119 3791 1467 3862 praecipuum,
1486 3809 1679 3862 nempe
1691 3793 1934 3864 diligere.

325 3876 471 3942 Quid
506 3894 638 3933 vero
661 3920 676 3942 ,
733 3881 937 3951 inquit,
981 3883 1026 3937 si
1057 3900 1162 3936 non
1196 3883 1380 3938 timeat
1407 3885 1579 3938 uxor?
1635 3884 1715 3940 Tu
1742 3886 1933 3956 dilige,

328 3967 503 4040 imple
544 3971 688 4040 quod
733 3982 882 4026 lumn
924 3982 1027 4029 est.
1085 3973 1216 4028 Nam
1259 3975 1302 4028 si
1348 3991 1456 4029 non
1499 3985 1795 4046 sequantur
1817 3993 1936 4044 qtae

327 4064 637 4131 prmstanda
688 4075 818 4120 sunt
841 4066 912 4121 ab
948 4069 1104 4135 aliis,
1147 4078 1360 4139 Oportet
1404 4077 1463 4122 ut
1491 4078 1786 4139 sequantur
1818 4085 1937 4138 qua:

323 4159 641 4227 pmastanda
687 4169 814 4212 sunt
861 4175 890 4212 a
942 4161 1118 4214 nobis.
1169 4160 1413 4229 Exempli
1437 4175 1638 4214 causa:
1673 4160 1931 4230 Subjccti,

333 4243 553 4314 inquit,
601 4245 814 4298 invicem
841 4245 894 4298 in
926 4247 1105 4299 timore
1129 4245 1339 4300 Christi.
1385 4245 1520 4311 Quid
1553 4260 1700 4315 ergo,
1733 4247 1777 4299 si
1802 4246 1938 4298 alter

327 4352 440 4390 non
488 4337 850 4406 subjiciatur?
900 4337 977 4392 Tu
1007 4355 1134 4407 pare
1159 4339 1259 4407 legi
1297 4339 1407 4392 Dei.
1453 4338 1530 4392 Ita
1565 4336 1649 4391 hic
1679 4353 1890 4406 quoque
1921 4355 1935 4391 :

329 4426 526 4484 Mulier
555 4430 796 4500 quidem,
825 4431 1041 4486 etiamsi
1071 4447 1176 4484 non
1203 4430 1483 4500 diligatur,
1517 4430 1705 4484 timeat
1731 4438 1932 4494 tamen,

327 4540 400 4579 ne
431 4523 563 4578 nihil
593 4524 661 4578 ab
692 4525 807 4594 ipsa
841 4526 964 4587 ﬁat;
1021 4535 1076 4580 et
1111 4524 1372 4591 maritus,
1426 4523 1638 4578 etiamsi
1667 4539 1804 4578 uxor
1830 4540 1935 4578 non

329 4619 543 4680 timeat,
569 4624 748 4672 tamen
777 4617 985 4688 diligat,
1009 4628 1066 4671 ut
1093 4617 1283 4686 ipsein
1317 4617 1464 4670 nullo
1491 4615 1739 4672 deﬁciat:
1772 4632 1940 4670 unus-

328 4711 564 4779 quisque
594 4711 739 4764 enim
785 4710 995 4778 accepit
1024 4709 1167 4780 quod
1197 4718 1280 4764 est
1311 4709 1610 4779 proprium.
1665 4708 1780 4763 Hoc
1809 4725 1938 4778 ergo

330 4804 742 4857 matrimonium
773 4813 863 4858 est
884 4802 1180 4858 secundum
1199 4800 1497 4865 Christum,
1533 4803 1935 4856 matrimonium

329 4899 617 4969 spirituale
641 4941 654 4960 ,
699 4908 752 4954 et
782 4899 1065 4970 generatio
1094 4897 1318 4966 spiritus
1337 4939 1353 4959 ,
1408 4912 1517 4952 non
1544 4912 1611 4951 ex
1639 4895 1900 4967 sanguine
1921 4937 1934 4962 ,

332 5006 439 5046 ucc
467 5007 534 5045 ex
561 4991 752 5045 dolore
792 5000 996 5060 partus.
1028 4989 1179 5044 Talis
1207 4999 1290 5042 est
1316 4989 1480 5044 etiam
1513 4989 1677 5043 lsaaci
1713 5003 1939 5058 genera-

331 5086 410 5138 tio
445 5101 458 5137 :
501 5083 627 5138 audi
659 5083 993 5153 Scripturam
1039 5082 1331 5137 dicentem.
1381 5079 1450 5134 Et
1479 5082 1733 5135 desierunt
1761 5080 1940 5139 Sarra:

329 5177 452 5248 ﬁeri
478 5179 588 5247 ejus
619 5176 929 5249 muliebria(
961 5175 1089 5230 Gen.
1123 5176 1212 5230 18.
1242 5175 1300 5229 li
1327 5175 1372 5245 ).
1427 5175 1494 5228 Et
1533 5174 1937 5228 matrimonium

332 5290 445 5328 non
476 5289 543 5329 cx
573 5274 758 5328 scnsili
805 5282 954 5327 motu
986 5287 1088 5328 nec
1131 5287 1196 5326 ex
1231 5269 1585 5340 corporibus,
1631 5269 1726 5324 sed
1768 5277 1937 5322 totum

331 5369 641 5438 spirituale,
679 5369 789 5422 Deo
815 5369 1105 5435 conjuncta
1137 5367 1314 5420 anima
1347 5366 1729 5433 conjunctione
1755 5363 1942 5419 inetia-

332 5463 464 5526 lnili,
497 5473 548 5515 et
579 5477 742 5531 quam
784 5461 899 5532 ipse
925 5461 1074 5515 solus
1105 5458 1275 5514 novit.
1309 5458 1603 5528 Propterea
1637 5457 1800 5520 dicit,
1838 5455 1940 5520 Qui

331 5557 562 5608 adliceret
593 5554 835 5620 Domino,
858 5562 932 5608 est
962 5569 1094 5607 unus
1123 5552 1332 5623 spiritus
1359 5551 1406 5622 (i
1423 5549 1564 5606 .Cor.
1581 5551 1760 5622 6.17).
1779 5549 1939 5607 Vides

329 5651 611 5723 quomodo
652 5650 806 5720 ponit
840 5649 1078 5704 studium
1118 5656 1176 5701 ut
1223 5661 1440 5702 carnem
1475 5647 1623 5703 carni
1653 5647 1839 5713 uniat,
1885 5654 1942 5700 et

332 5744 585 5815 spiritum
613 5741 851 5812 spiritui.
886 5741 982 5798 Ubi
1007 5747 1134 5795 sunt
1161 5738 1402 5794 bzeretici
1422 5738 1518 5796 ?Si
1537 5739 1938 5794 matrimonium

330 5851 483 5892 esset
524 5853 590 5892 cx
643 5836 713 5892 iis
767 5851 889 5905 qua:
953 5835 1325 5905 vituperantur
1356 5873 1371 5897 ,
1407 5846 1513 5888 non
1579 5848 1836 5902 sponsum
1887 5845 1942 5887 et

331 5948 592 6003 sponsam
661 5926 1002 5996 YUCﬂViSSCi,
1066 5938 1172 5983 non
1229 5926 1524 5983 adhortans
1582 5925 1714 5983 illud
1772 5925 1938 5981 addu-

1196 409 1260 466 ΙΝ
1302 409 1519 466 EPIST.
1562 409 1653 464 AD
1693 409 1932 465 EPIIES.
1973 409 2126 467 CAP.
2174 414 2233 471 V.
2278 417 2510 476 llUMlL.
2555 423 2673 480 XX.

3577 441 3676 497 ΗΞ

2080 527 2262 596 xisset,
2297 533 2564 602 Reiinquet
2595 539 2746 593 homo
2773 549 2970 610 patrem
3014 553 3061 598 et
3107 557 3353 616 matrem;
3400 567 3498 606 nec
3544 570 3676 611 rur-

2081 637 2175 678 sus
2202 625 2575 696 subjunxisset
2600 648 2615 685 :
2655 632 2862 687 Dictum
2889 646 2996 701 est,
3027 639 3080 692 in
3108 639 3310 697 Christo
3339 655 3386 700 et
3414 646 3669 706 Ecclesia.

2077 716 2153 772 De
2183 719 2282 771 hac
2307 723 2448 776 enim
2480 723 2612 778 dicit
2632 727 2794 781 etiam
2822 729 3310 802 psalmographus:
3343 738 3510 804 Audi,
3533 743 3667 811 ﬁlia,

2073 819 2121 862 et
2150 811 2293 877 vide,
2327 824 2373 866 et
2394 815 2584 869 inclina
2615 834 2788 872 aurem
2811 829 2950 874 luant
2971 863 2986 888 ,
3022 833 3071 878 et
3098 827 3392 884 obliviscere
3424 836 3672 902 pupulum

2073 911 2236 967 tuum,
2266 915 2312 959 et
2334 905 2539 960 deorum
2563 911 2722 979 patris
2753 913 2860 966 tui:
2886 924 2930 966 et
2959 919 3278 981 concupiscet
3306 923 3418 977 Rex
3438 928 3644 994 pulchri
3655 961 3666 970 -

2071 996 2296 1051 tudinem
2317 1009 2456 1052 tuam
2483 999 2653 1073 (Psal.
2687 1004 2777 1056 M.
2811 1006 2920 1076 11).
2951 1006 3241 1077 Propterea
3270 1014 3512 1068 t'hristus
3537 1033 3671 1086 quo-

2068 1104 2172 1157 que
2199 1089 2448 1145 dicebat:
2484 1091 2596 1162 Ego
2621 1095 2751 1148 exivi
2781 1113 2812 1148 a
2839 1095 3017 1162 Patre,
3042 1109 3088 1153 et
3105 1103 3215 1154 veni
3243 1102 3420 1174 (Joan.
3441 1107 3531 1161 16.
3549 1110 3663 1178 28).

2068 1181 2174 1239 Sed
2196 1186 2412 1254 quando
2430 1187 2552 1243 dico
2578 1205 2701 1244 eum
2730 1192 3012 1260 reliquisse
3040 1196 3275 1260 Patrem,
3302 1216 3368 1254 ne
3406 1204 3508 1256 tale
3537 1206 3663 1273 qmd

2066 1278 2358 1343 existimes,
2390 1283 2549 1351 quale
2579 1285 2718 1352 apud
2740 1285 3008 1352 homines,
3036 1289 3274 1345 locorum
3307 1298 3586 1350 transitum
3613 1308 3666 1352 et

2065 1377 2590 1444 transmutationem.
2604 1373 2754 1430 Sicut
2773 1377 2916 1432 enim
2935 1380 3167 1434 exivisse
3184 1382 3664 1454 dicitttr,t10nqnn-

2064 1465 2207 1518 niam
2230 1467 2414 1532 exivit,
2434 1468 2526 1523 sed
2547 1480 2768 1539 propter
2793 1486 3010 1526 carnem
3033 1491 3048 1531 :
3079 1475 3148 1527 ita
3172 1477 3332 1529 etiam
3351 1478 3502 1539 illud,
3524 1478 3665 1532 κριη-

2061 1558 2170 1626 quit
2197 1557 2427 1612 Patrem.
2461 1561 2571 1614 Cur
2592 1577 2720 1631 ergo
2749 1579 2853 1615 non
2888 1563 3021 1617 dixit
3046 1563 3113 1619 de
3146 1582 3335 1628 uxore,
3354 1568 3664 1623 Adhmrehit

2061 1649 2256 1703 marito
2272 1652 2410 1705 suo?
2430 1668 2659 1722 quanam
2686 1653 2754 1709 de
2775 1671 2935 1710 causa
2952 1657 2974 1708 ?
2989 1657 3250 1722 Quoniam
3270 1658 3481 1713 dicebat
3498 1661 3565 1715 de
3583 1664 3663 1715 di-

2059 1740 2311 1806 lectione,
2331 1754 2384 1796 et
2402 1743 2721 1813 loquebatur
2736 1762 2858 1800 cum
2882 1747 3018 1801 viro.
3039 1749 3170 1803 Nam
3189 1767 3312 1804 cum
3332 1752 3417 1805 illa
3443 1755 3657 1822 quidem

2058 1831 2284 1902 loquens
2307 1833 2377 1890 de
2405 1835 2596 1891 timore
2621 1837 2772 1902 dicit,
2815 1836 2905 1892 Vir
2931 1847 3006 1893 est
3031 1851 3184 1910 caput
3224 1845 3400 1897 uxoris
3425 1861 3570 1910 suae;
3605 1857 3660 1901 et

2056 1924 2288 1980 Christus
2319 1941 2526 1992 rursus,
2565 1939 2718 1998 caput
2747 1929 3026 1986 Ecclesiae:
3058 1947 3178 1988 cum
3222 1935 3338 1988 viro
3383 1947 3562 1990 autem
3591 1940 3659 1994 de

2055 2018 2611 2092 diiectioneloquitur,
2631 2032 2758 2079 etca
2775 2040 2895 2094 quae
2915 2027 2979 2078 ad
3001 2027 3168 2094 ipsam
3189 2039 3428 2095 spectant
3450 2030 3522 2084 illi
3547 2042 3657 2086 tra-

2053 2111 2166 2178 dit;
2198 2127 2262 2168 ac
2288 2114 2356 2170 de
2382 2115 2672 2170 dilectione
2716 2133 2839 2171 cum
2870 2117 2962 2170 illo
2994 2117 3154 2172 verba
3185 2119 3335 2185 facit,
3365 2137 3487 2176 cum
3520 2138 3657 2178 cou-

2052 2207 2323 2279 stringens
2367 2218 2420 2264 et
2454 2210 2832 2281 conglutinans
2876 2221 2931 2266 et
2979 2213 3180 2268 faciens
3219 2215 3520 2272 adhmrcre.
3551 2218 3656 2286 Qui

2052 2303 2194 2357 enim
2225 2311 2429 2373 patrem
2451 2304 2654 2360 dimisit
2682 2315 2905 2375 propter
2929 2323 3176 2384 uxorem,
3192 2319 3247 2364 et
3275 2310 3444 2379 ipsam
3467 2327 3658 2368 rursus

2050 2407 2235 2466 postea
2268 2397 2489 2452 dimittit
2510 2408 2566 2453 et
2597 2400 2872 2469 relinquit,
2895 2415 3057 2470 quam
3078 2401 3375 2458 merebitur
3403 2404 3612 2458 veniam
3631 2407 3656 2459 3

2050 2489 2166 2545 Non
2188 2490 2339 2546 vides
2357 2500 2616 2560 quantum
2637 2493 2778 2547 Deus
2800 2493 3062 2548 honorem
3083 2510 3202 2549 eam
3226 2498 3353 2551 velit
3370 2499 3651 2568 consequi,

2048 2598 2170 2636 cum
2201 2591 2253 2637 te
2283 2597 2310 2635 a
2345 2595 2496 2652 patre
2516 2583 2807 2638 abductum
2835 2585 2883 2639 ei
2911 2584 3145 2639 afﬁxerit
3167 2587 3190 2641 ?
3216 2587 3356 2653 Quid
3389 2605 3538 2655 vero,
3571 2589 3654 2644 in-

2047 2676 2198 2745 quit,
2225 2675 2268 2729 si
2297 2674 2435 2730 facta
2457 2676 2566 2729 sint
2595 2691 2625 2729 a
2660 2677 2816 2730 nobis
2840 2692 2960 2747 qua:
2983 2687 3108 2731 sunt
3138 2677 3404 2744 facienda,
3434 2679 3521 2734 illa
3553 2696 3654 2735 au-

2050 2777 2154 2822 tem
2188 2783 2293 2821 non
2327 2769 2665 2837 sequantur?
2696 2769 2758 2823 Si
2787 2779 2959 2822 autent
2987 2769 3212 2837 inﬁdelis
3242 2770 3488 2838 discedit,
3536 2773 3650 2826 dis-

2045 2859 2190 2913 cedat
2221 2857 2430 2932 (t.Cor.
2451 2861 2506 2913 7.
2528 2861 2641 2928 15).
2672 2859 2788 2914 Νοιι
2812 2861 3159 2915 estscrvituti
3182 2861 3455 2928 subjectus
3480 2861 3646 2918 frater

2045 2960 2141 3007 aut
2165 2967 2321 3006 soror
2350 2952 2402 3006 in
2434 2952 2756 3022 hujusmodi.
2803 2953 2909 3008 Sed
2933 2952 3151 3022 quando
3178 2952 3332 3008 audis
3370 2954 3645 3020 tit'norem,

2044 3046 2198 3115 exige
2222 3045 2469 3099 timorem
2498 3045 2586 3114 qui
2615 3045 2870 3101 convenit
2892 3045 3100 3110 liberte,
3133 3061 3238 3099 non
3281 3052 3552 3116 tamquam
3580 3047 3648 3102 ab

2042 3137 2261 3192 ancilla:
2285 3139 2526 3192 estenim
2551 3153 2748 3208 corpus
2775 3147 2922 3191 tuum
2947 3154 2960 3190 :
2982 3153 3103 3190 nam
3125 3137 3167 3191 si
3193 3137 3294 3190 hoc
3322 3136 3536 3198 feceris,
3563 3147 3647 3191 te.

2044 3231 2216 3301 ipsum
2242 3231 2440 3301 probro
2464 3232 2654 3297 afﬁcis,
2678 3241 2827 3286 tuum
2846 3245 3044 3300 corpus
3069 3228 3312 3285 afficiens
3330 3229 3644 3301 ignominia.

2042 3322 2174 3389 Quis
2190 3332 2272 3378 est
2291 3333 2468 3378 autem
2490 3323 2673 3378 timor?
2689 3323 2760 3379 Ut
2777 3338 2882 3378 non
2902 3321 3253 3386 contradicat,
3269 3332 3326 3377 ut
3341 3337 3446 3376 non
3471 3322 3646 3376 insur-

2041 3427 2151 3486 gat,
2181 3427 2238 3472 nt
2284 3419 2486 3488 primas
2516 3428 2695 3488 partes
2727 3436 2832 3472 non
2862 3428 3008 3473 amet
3037 3435 3051 3472 :
3078 3418 3143 3473 ad
3173 3417 3286 3471 have
3311 3433 3478 3486 usque
3513 3415 3646 3472 satis

2041 3520 2123 3564 est
2147 3511 2392 3564 timorem
2425 3511 2745 3566 consistere.
2769 3511 2862 3566 Sin
2881 3520 3059 3565 autem
3083 3510 3282 3580 diligis,
3303 3521 3360 3564 ut
3385 3511 3533 3578 jussa
3557 3525 3640 3576 es,

2042 3603 2203 3658 etiam
2227 3603 2430 3673 majora
2457 3602 2664 3668 facies;
2695 3602 2806 3657 imo
2832 3617 2962 3658 vero
2986 3619 3092 3657 non
3117 3602 3311 3658 timore
3329 3601 3431 3656 hoc
3455 3600 3640 3665 facies,

2043 3697 2139 3752 sed
2171 3697 2283 3767 ipsa
2313 3698 2475 3751 etiam
2505 3696 2726 3751 dilectio
2749 3695 2908 3751 faciet
2933 3694 3158 3764 aliquid.
3206 3695 3296 3748 Est
3326 3708 3488 3748 sexus
3521 3701 3643 3747 tuus

2041 3790 2437 3861 quodammodo
2463 3788 2799 3854 imbecillior,
2825 3790 2992 3843 multo
3016 3803 3180 3858 egens
3211 3787 3437 3854 auxilio,
3471 3787 3638 3840 multa

2043 3881 2368 3952 indulgentia
2393 3924 2408 3948 ,
2440 3891 2498 3934 ut
2528 3889 2632 3934 tuae
2667 3880 2995 3934 inﬁrmitatis
3021 3878 3280 3934 habeatur
3312 3879 3469 3932 ratio.
3503 3875 3644 3943 Quid

2040 3974 2276 4029 dixerint
2298 3974 2387 4044 qui
2415 3972 2667 4028 secundis
2693 3973 3096 4042 conjunguntur
3111 3971 3316 4039 nuptiis
3339 3971 3363 4023 ?
3389 3969 3502 4024 Non
3520 3969 3644 4024 dico

2042 4065 2413 4121 condemnatis
2441 4105 2456 4126 ,
2487 4064 2662 4118 absit:
2705 4060 2993 4132 Apostolus
3039 4061 3183 4116 enim
3231 4062 3282 4116 id
3333 4060 3642 4124 concessit;

2043 4157 2136 4212 sed
2168 4156 2324 4211 valde
2353 4156 2490 4210 adeo
2531 4154 2598 4209 ad
2627 4155 2744 4224 ejus
2771 4154 3152 4208 infirmitatem
3187 4169 3274 4208 me
3300 4153 3591 4208 demittens
3629 4170 3642 4207 :

2042 4250 2090 4303 ei
2123 4249 2300 4302 omnia
2333 4247 2511 4316 praebe
2532 4288 2546 4310 ,
2601 4245 2780 4300 omnia
2809 4261 2906 4314 pro
2936 4245 3022 4299 illa
3053 4260 3180 4312 gere
3207 4253 3260 4298 et
3300 4253 3522 4313 patere:
3553 4245 3643 4299 in-

2041 4340 2245 4394 cumbit
2289 4338 2380 4392 tibi
2409 4338 2727 4393 nccessitas.
2777 4336 2877 4390 llic
2908 4351 3012 4390 non
3046 4337 3160 4390 vult
3183 4336 3426 4390 externis
3457 4352 3644 4391 exem-

2043 4436 2148 4504 plis
2181 4433 2604 4487 admonitionem
2630 4430 2907 4496 inducere,
2942 4429 3085 4500 quod
3117 4445 3267 4498 saepe
3294 4428 3439 4483 facit.
3472 4428 3639 4484 Suffi-

2043 4529 2220 4583 ciebat
2244 4526 2384 4580 enim
2409 4523 2610 4580 Christi
2640 4524 2946 4592 exemplmn
2974 4563 2988 4587 ,
3022 4522 3247 4592 utquod
3288 4524 3357 4576 sit
3391 4537 3642 4592 tnagnum

2043 4627 2098 4673 et
2119 4618 2415 4673 vehemens
2436 4658 2452 4682 ,
2484 4616 2720 4670 maxime
2747 4625 2926 4670 autem
2955 4615 3021 4668 ad
3051 4616 3314 4668 rationem
3346 4614 3644 4680 subjectio-

2044 4713 2148 4766 nis.
2191 4711 2496 4778 Relinquet,
2549 4709 2756 4778 inquit,
2803 4718 2998 4777 patrem
3028 4715 3076 4760 et
3109 4715 3345 4760 matrem.
3395 4705 3536 4760 Ecce
3573 4704 3644 4759 ab

2041 4804 2302 4861 externis.
2322 4801 2424 4858 Sed
2443 4818 2546 4855 non
2562 4791 2719 4875 dixit,
2740 4801 2804 4854 Et
2821 4797 3172 4863 cohabitabit,
3188 4797 3305 4861 sed,
3329 4795 3639 4860 Aditazrebit,

2041 4915 2134 4955 seu
2148 4896 2584 4970 agglutinabitur,
2603 4903 2844 4949 exactam
2860 4891 3166 4962 significans
3179 4889 3638 4959 conjunctionem,

2041 4993 2381 5048 dilectionem
2415 4990 2596 5058 utique
2627 4989 3024 5042 vehementem.
3055 4981 3237 5051 Neque
3256 4981 3358 5036 hoc
3378 4982 3474 5036 fuit
3511 4995 3641 5034 con-

2045 5097 2242 5153 tentus,
2263 5085 2354 5141 sed
2374 5094 2428 5140 et
2446 5099 2539 5153 per
2560 5081 2613 5138 id
2634 5080 2775 5152 quod
2794 5078 3067 5149 subjungit
3095 5077 3172 5131 sic
3199 5075 3434 5131 Oslettdil
3460 5073 3642 5140 subje-

2040 5179 2298 5244 ctionem,
2317 5188 2372 5230 ut
2387 5177 2492 5229 duo
2511 5191 2617 5229 non
2639 5172 2867 5240 amplius
2888 5170 2996 5224 duo
3018 5177 3328 5239 appareant.
3352 5166 3466 5221 Non
3485 5164 3642 5233 dixit,

2046 5275 2099 5327 In
2128 5273 2347 5342 spiritu;
2376 5286 2480 5324 non
2514 5269 2668 5332 dixit,
2694 5268 2748 5322 lu
2776 5266 2987 5329 anima;
3007 5280 3129 5318 nam
3154 5263 3281 5318 illud
3307 5269 3392 5316 est
3418 5259 3620 5316 manife

2041 5375 2207 5430 stum,
2221 5362 2392 5418 ethoc
2408 5369 2583 5431 potest
2599 5359 2854 5430 quilibet;
2880 5358 2974 5412 sed
2994 5357 3133 5410 itaut
3152 5356 3242 5418 sit,
3265 5352 3329 5407 In
3341 5369 3494 5406 carne
3514 5368 3620 5406 una

2115 5459 2170 5515 6.
2215 5458 2310 5512 llic
2331 5465 2414 5512 est
2443 5453 2712 5511 secundus
2738 5451 3096 5523 principatus,
3121 5449 3325 5502 habens
3354 5445 3641 5515 imperium

2045 5563 2100 5607 et
2129 5553 2354 5607 multam
2385 5548 2606 5602 honoris
2633 5545 2994 5616 mqualitatem
3021 5559 3036 5606 ;
3079 5540 3174 5595 sed
3205 5549 3383 5593 tamen
3415 5539 3498 5592 vir
3543 5539 3643 5590 ha-

2048 5647 2138 5701 bet
2176 5643 2374 5715 aliquid
2402 5641 2653 5709 amplius.
2689 5638 2802 5693 Hoc
2834 5647 2917 5691 est
2963 5635 3195 5689 maxima
3243 5631 3388 5686 salus
3426 5630 3643 5686 domus.

2046 5738 2178 5793 Nam
2211 5735 2340 5790 illud
2370 5734 2609 5806 quidem,
2641 5729 2783 5802 quod
2816 5731 2884 5784 sit
2910 5726 3132 5791 Christi,
3162 5725 3392 5795 accepit,
3425 5737 3530 5776 non
3557 5737 3646 5774 so-

2046 5831 2154 5886 lum
2185 5838 2242 5883 ut
2267 5829 2462 5883 debeat
2495 5825 2742 5895 diligere,
2773 5820 2869 5878 scd
2895 5822 3056 5876 ctiam
3089 5829 3146 5874 ut
3173 5832 3293 5873 eam
3323 5817 3563 5870 insutuat
3588 5820 3644 5867 et

2047 5921 2352 5980 moderetur
2380 5939 2390 5975 :
2432 5917 2496 5975 Ut
2524 5919 2607 5988 sit,
2642 5916 2832 5988 inquit,
2864 5924 3040 5970 sancta
3071 5921 3113 5968 et
3138 5908 3464 5964 immaculata
3490 5920 3506 5958 :
3538 5908 3639 5956 hoc
