4092 6488
466 401 569 459 143

469 532 614 578 vero,
656 513 872 584 Carnis,
901 513 966 570 ad
1019 511 1386 583 diligendum;
1425 520 1481 567 et
1516 508 1677 566 etiam
1718 507 1883 611 illud...
1935 507 2043 611 Ad-

465 609 710 674 hterebt‘t,
765 608 832 662 ad
897 605 1246 677 diligendum.
1316 603 1448 659 Nam
1510 604 1556 659 si
1620 617 1739 658 eam
1802 600 2047 657 ell'eceris

464 707 705 753 sanctam
745 707 800 753 et
839 697 1258 763 immaculatam,
1304 702 1600 766 sequuntur
1626 693 1827 749 omnia.
1871 692 2047 759 Quare

463 803 585 857 qua:
629 798 754 842 sunt
786 788 897 848 Dei,
928 797 982 842 et
1023 798 1317 857 sequentur
1346 787 1574 841 humana
1605 801 1725 840 cum
1761 785 1925 890 multa
1964 783 2047 838 fa-

461 881 685 933 cilitate.
714 880 991 949 Compone
1022 889 1078 935 et
1108 879 1389 934 nmderare
1421 893 1664 943 uxorem,
1694 886 1749 932 et
1789 879 1867 933 sic
1894 892 2043 931 com-

461 977 683 1041 ponitur
708 968 1087 1032 duntus.Audi
1121 977 1340 1031 Paulum
1370 977 1635 1031 dicentem
1663 994 1675 1030 :
1710 976 1772 1030 Si
1799 973 1919 1043 quid
1946 989 2043 1025 au-

457 1076 556 1119 tem
587 1068 993 1131 volunt-discere,
1017 1068 1154 1122 danti
1181 1070 1313 1122 viros
1342 1085 1462 1123 suos
1489 1069 1796 1137 interrogent
1823 1064 1896 1135 (l.
1921 1062 2039 1118 Cor.

458 1158 548 1213 ll.
594 1158 709 1228 55).
743 1159 796 1214 Si
841 1160 1033 1213 domos
1079 1170 1290 1214 nostms
1334 1160 1413 1214 sic
1451 1159 1907 1223 administremus,
1934 1155 2041 1225 apti

458 1252 618 1303 etiam
648 1253 850 1305 erimus
885 1252 949 1306 ad
979 1252 1272 1307 Ecclesiam
1303 1250 1784 1305 administrandam
1809 1266 1822 1299 :
1847 1249 2041 1301 domus

458 1342 602 1394 enim
655 1352 738 1395 cst
784 1358 944 1411 parva
994 1343 1255 1397 Ecclesia.
1306 1342 1415 1404 Sic,
1445 1356 1566 1395 cum
1619 1340 1715 1393 viri
1745 1348 1800 1430 et
1846 1353 2040 1440 uxores

459 1434 613 1503 probi
670 1434 885 1500 fuerint,
939 1444 1162 1505 possunt
1211 1449 1399 1487 omnes
1455 1432 1799 1487 antecellcre.
1852 1430 2037 1499 Cogita

456 1525 841 1589 Abrahamum,
868 1526 1085 1581 Sarram
1114 1537 1168 1580 et
1197 1525 1360 1591 Isaac,
1380 1536 1433 1580 et
1463 1532 1732 1580 trecentos
1753 1524 1962 1586 decem,
1983 1530 2039 1576 et

452 1629 577 1671 octo
605 1634 818 1682 vernas,
861 1619 1134 1689 quomodo
1163 1626 1271 1673 tota
1316 1618 1507 1673 domus
1546 1618 1835 1672 constituta
1879 1615 2040 1669 fuerit

454 1716 515 1762 et
541 1710 861 1777 composita,
890 1710 1161 1779 quomodo
1193 1717 1299 1764 tota
1322 1708 1484 1764 fuerit
1511 1707 1661 1778 plena
1691 1708 1907 1777 pietate.
1940 1703 2035 1759 llla

453 1811 778 1871 praeceptum
808 1803 1051 1871 implevit
1085 1802 1461 1872 apostolicum,
1493 1810 1549 1856 et
1577 1801 1751 1856 virum
1782 1797 2032 1855 timebat:

454 1893 579 1948 audi
635 1894 776 1949 enim
826 1895 995 1964 ipsam
1041 1895 1344 1962 dicentem,
1413 1892 1660 1949 Nondum
1706 1893 1831 1947 milii
1874 1892 2034 1947 euenit

450 1984 731 2039 hactenus:
763 1988 999 2042 dominus
1027 1999 1194 2041 autem
1246 2005 1386 2043 meus
1411 1998 1485 2042 est
1529 1989 1697 2042 senior
1741 1986 1892 2060 (Gen.
1940 1985 2029 2042 18.

448 2077 540 2150 12)
567 2097 580 2132 :
609 2088 664 2133 et
696 2079 782 2134 ille
811 2080 978 2151 ipsam
1008 2081 1088 2135 sic
1114 2080 1389 2150 diligebat,
1422 2090 1480 2135 ut
1520 2080 1727 2150 jnbenti
1759 2080 1812 2134 in
1857 2078 2032 2134 omni-

444 2167 548 2225 bus
581 2180 815 2240 pareret.
844 2172 901 2225 Et
931 2187 1067 2242 puer
1093 2181 1212 2226 erat
1239 2172 1436 2226 virtute
1463 2171 1738 2240 praeditus,
1761 2177 1817 2225 et
1850 2184 2030 2225 vernae

444 2260 545 2329 ipsi
572 2276 783 2331 quoque
810 2271 965 2317 erant
1018 2262 1386 2330 admirabiles,
1429 2263 1520 2332 qui
1565 2278 1671 2317 non
1718 2261 2031 2317 dubitarunt

442 2350 605 2404 etiam
635 2352 930 2421 periculum
958 2353 1105 2408 adire
1134 2368 1253 2408 cum
1284 2353 1526 2419 domino,
1567 2368 1674 2407 non
1703 2352 2030 2408 distulerunt

448 2455 623 2510 neque
666 2456 883 2496 causam
930 2443 1320 2513 iuquisieruut;
1372 2445 1467 2500 sed
1513 2459 1652 2499 unus
1701 2461 1765 2500 ex
1826 2445 1892 2499 iis
1937 2444 2027 2514 qui

445 2542 695 2600 prmerat,
718 2533 854 2588 adeo
879 2543 996 2589 erat
1022 2535 1387 2601 admirandus,
1409 2547 1467 2590 ut
1490 2536 1608 2605 ejus
1634 2536 1753 2592 ﬁdei
1784 2536 1856 2591 sit
1880 2551 2030 2590 com-

444 2622 669 2678 missum
701 2624 844 2678 unici
879 2624 970 2680 ﬁlii
1006 2626 1441 2693 matrimonium,
1473 2643 1679 2682 necnon
1710 2637 1858 2681 extra
1891 2625 2027 2681 ﬁnes

441 2714 679 2783 regionis
708 2717 1089 2787 peregrinatio.
1136 2717 1289 2774 Sicut
1331 2719 1474 2774 enim
1505 2723 1718 2789 quando
1761 2719 1863 2773 sub
1888 2718 2026 2774 duce

441 2804 568 2859 belli
597 2815 743 2861 recte
771 2809 1105 2876 compositus
1133 2810 1293 2864 fuerit
1314 2812 1605 2876 exercitus,
1642 2811 1836 2865 bellum
1878 2810 2023 2864 nulla

436 2909 504 2948 ex
538 2907 685 2964 parte
718 2899 953 2967 ingruit:
989 2900 1060 2953 ita
1091 2900 1176 2955 hic
1196 2916 1441 2970 quoque,
1470 2901 1684 2972 quando
1724 2902 1947 2956 maritus
1970 2908 2025 2955 et

438 3001 575 3039 uxor
599 2996 649 3042 et
682 2986 772 3041 ﬁlit
799 2999 853 3043 et
883 2989 1063 3046 famuli
1105 2991 1292 3046 eadem
1329 3002 1538 3057 curant,
1568 3007 1757 3064 magna
1797 2999 1883 3046 est
1922 2991 2023 3046 do-

438 3093 559 3130 ntus
584 3080 894 3134 concordia.
914 3081 1127 3152 Alioqui
1152 3084 1195 3137 si
1219 3100 1326 3138 non
1356 3084 1424 3137 ita
1453 3085 1542 3146 sit,
1566 3100 1709 3152 s:cpe
1739 3100 1833 3154 per
1858 3100 2021 3139 unum

444 3183 672 3238 nequam
708 3184 921 3226 servum
953 3174 1261 3228 universum
1294 3175 1571 3240 evertitur,
1595 3185 1651 3230 et
1678 3175 2018 3243 dissolvitur;

441 3269 498 3310 et
542 3273 678 3313 unus
721 3275 866 3337 smpe
896 3270 1067 3316 totum
1098 3262 1243 3318 delet
1283 3273 1343 3318 et
1387 3263 1580 3334 perdit.
1610 3264 1852 3335 Magnam
1891 3279 2020 3337 ergo

436 3365 619 3405 curam
646 3334 895 3421 geramus
913 3350 967 3409 ἑὶ
994 3370 1219 3410 uxorum
1243 3365 1297 3410 et
1324 3356 1612 3411 liberorum
1637 3367 1691 3413 et
1716 3372 2014 3425 servorum,

435 3444 669 3499 scientes
706 3445 847 3514 quod
881 3446 1235 3516 principatum
1281 3449 1435 3503 nobis
1465 3450 1594 3519 ipsis
1623 3449 1908 3505 reddemus
1934 3449 2017 3505 l‘a-

434 3535 633 3589 cilem:
667 3536 1015 3606 clemenSque
1062 3549 1116 3593 et
1163 3539 1391 3609 benigna
1438 3541 1542 3595 erit
1589 3541 1745 3595 nobis
1788 3542 2012 3597 rationis

435 3625 686 3692 redditio,
720 3634 776 3682 et
817 3629 1100 3684 dicemus:
1138 3629 1269 3685 Ecce
1310 3648 1404 3703 ego
1440 3641 1487 3686 et
1530 3635 1692 3703 pueri,
1733 3649 1859 3704 quos
1888 3635 2015 3689 mihi

431 3717 569 3770 dedit
583 3717 720 3773 Deus
736 3719 888 3790 (lsai.
904 3724 957 3775 8.
979 3720 1090 3793 l8).
1107 3721 1161 3778 Si
1183 3727 1253 3777 sit
1269 3724 1350 3778 vir
1364 3724 1730 3792 admirandus,
1747 3734 1804 3781 et
1819 3727 2014 3782 bonum

433 3822 612 3875 caput.
646 3812 909 3880 reliquum
943 3829 1155 3884 quoque
1180 3831 1377 3887 corpus
1402 3818 1598 3872 nullam
1629 3819 1734 3873 vim
1759 3821 2009 3889 patietur.

506 3899 774 3966 Quomodo
800 3920 856 3957 se
877 3920 1049 3972 gerere
1073 3905 1248 3959 debeat
1278 3909 1353 3961 vir
1377 3924 1497 3978 erga
1522 3925 1751 3964 uxorem.
1773 3939 1845 3951 —
1871 3910 2015 3978 Quo-

434 3990 597 4044 modo
619 3991 835 4060 quidem
863 4004 1009 4049 recte
1034 4011 1093 4050 se
1125 3995 1354 4052 habeant
1381 4013 1469 4054 res
1500 4001 1682 4054 uxoris
1702 4011 1756 4054 et
1776 4015 1863 4055 res
1891 4002 2012 4065 viri,

431 4094 620 4138 exacte
661 4095 713 4139 et
759 4099 1008 4142 accurate
1037 4088 1189 4156 dixit,
1221 4100 1278 4145 ut
1318 4092 1406 4161 qui
1438 4092 1513 4146 illi
1542 4092 1759 4163 quidem
1786 4093 2017 4147 suaserit

434 4183 494 4227 ut
543 4177 729 4232 timeat
773 4188 1043 4249 tamquam
1090 4192 1283 4250 caput;
1336 4181 1461 4238 huic
1503 4192 1681 4238 autem
1728 4192 1789 4237 ut
1832 4183 2017 4253 diligat

434 4277 701 4337 tamquam
730 4286 951 4326 uxorem
975 4289 988 4324 :
1016 4272 1133 4338 sed,
1162 4273 1463 4342 Quomodo,
1486 4274 1677 4344 inquit,
1711 4273 1825 4330 ba'c
1851 4273 2014 4329 ﬁent?

431 4356 566 4414 Nam
595 4361 736 4429 quod
767 4371 1017 4431 oporteat
1041 4363 1289 4434 quidem,
1319 4364 1586 4430 ostendit;
1619 4365 1888 4436 quomodo
1916 4381 2015 4419 au-

435 4461 565 4515 tem,
598 4468 698 4522 ego
723 4454 875 4508 vobis
908 4455 1081 4509 dicam
1117 4473 1130 4510 :
1182 4457 1227 4513 si
1278 4456 1532 4526 pecunias
1558 4457 1938 4527 despiciamus,
1967 4456 2013 4511 si

432 4559 594 4597 nnutn
620 4556 1028 4615 exspectemus,
1062 4564 1255 4618 netnpe
1285 4550 1536 4604 virtutem
1580 4551 1795 4615 animae,
1828 4552 1875 4605 si
1920 4549 2013 4605 Dei

432 4645 635 4688 metum
678 4634 970 4692 habeamus
1010 4645 1136 4693 aute
1178 4639 1386 4694 oculos.
1420 4639 1573 4706 Quod
1602 4639 1745 4694 enim
1776 4640 2007 4703 dicebat,

360 4718 365 4725 ’
428 4739 550 4778 cum
577 4725 870 4783 dissereret
896 4728 966 4783 de
1009 4729 1222 4785 servis:
1257 4729 1619 4795 Quodcumque
1646 4732 1817 4800 fecerit
1851 4748 2009 4787 unus-

425 4819 636 4889 quisque
658 4820 843 4874 bonum
864 4831 953 4875 aut
976 4822 1189 4888 malum,
1212 4821 1309 4874 hoc
1335 4821 1539 4890 recipiet
1569 4838 1600 4875 a
1626 4820 1885 4887 Domino;
1913 4824 2014 4880 hoc

432 4909 518 4964 hic
559 4926 793 4980 quoque.
825 4911 944 4966 Non
976 4926 1106 4980 ergo
1148 4921 1366 4981 propter
1401 4912 1545 4966 illam
1588 4921 1814 4981 tantum,
1839 4932 2010 4984 quan-

428 5010 543 5056 tum
592 5013 811 5074 propter
856 5001 1130 5057 Christum
1176 5010 1391 5071 oportet
1437 5019 1556 5058 eam
1605 5004 1849 5075 diligere.
1899 5007 2011 5063 Hoc

426 5108 557 5161 ergo
579 5108 792 5163 quoque
820 5092 1431 5159 subindtcavit,dicens:
1455 5092 1739 5165 Tamquam
1767 5097 2006 5157 Domino.

425 5182 718 5252 Tamquam
752 5184 977 5237 Domino
1002 5198 1131 5253 ergo
1157 5183 1479 5254 obsequens,
1507 5196 1562 5243 et
1590 5198 1805 5259 propter
1836 5193 2006 5262 ipsum

425 5274 607 5329 omnia
644 5275 868 5336 faciens,
892 5274 972 5328 sic
1001 5290 1127 5342 gere
1155 5276 1333 5331 omnia
1360 5294 1375 5330 :
1405 5277 1507 5333 hoc
1532 5280 1728 5335 sufllcit
1756 5282 1821 5336 ad
1852 5284 2009 5338 indu-

426 5365 656 5420 cendum
698 5375 752 5420 et
790 5364 1225 5433 persuadendum
1248 5406 1263 5432 ,
1294 5376 1349 5423 et
1379 5385 1482 5423 non
1531 5371 1809 5428 siueudum
1856 5384 1913 5429 ut
1940 5377 2011 5431 sit

427 5457 534 5511 ulla
564 5457 628 5510 lis
648 5465 702 5511 et
724 5455 1008 5510 dissensio.
1030 5455 1217 5511 Nullus
1241 5457 1411 5514 ﬁdelis
1436 5462 1683 5516 maritum
1714 5464 1851 5533 apud
1878 5483 2009 5520 uxo-

428 5565 541 5602 rem
572 5545 964 5601 calumnietur:
994 5548 1089 5603 sed
1115 5565 1288 5620 neque
1313 5552 1393 5606 vir
1418 5552 1607 5608 leviter
1628 5564 1683 5609 et
1708 5555 2008 5612 inconside-

426 5650 544 5693 rate
564 5637 749 5691 credat
774 5637 1032 5694 advcrsus
1058 5657 1313 5708 uxorem;
1359 5658 1530 5714 neque
1561 5662 1696 5700 uxor
1725 5648 1915 5703 leviter
1952 5659 2006 5705 et

425 5730 638 5781 curiose
662 5738 928 5785 scrutetur
955 5733 1227 5804 ingressus
1253 5744 1308 5790 et
1333 5736 1508 5792 exitus
1532 5752 1547 5801 ;
1579 5739 1674 5793 sed
1716 5755 1814 5796 nec
1840 5741 2004 5796 mari-

424 5828 514 5874 tus
545 5820 776 5890 seipsum
820 5825 1051 5893 pra-beat
1079 5827 1296 5898 dignum
1341 5829 1664 5900 suspicione.
1690 5830 1795 5887 Cur
1826 5834 1989 5902 enim,

1207 399 1262 457 S.
1296 397 1574 456 JOANNIS
1609 391 2079 454 CHRYSOSTOMI
2118 392 2429 452 ARClllEP.
2470 396 3004 463 CONSTANTINOP.

3641 418 3741 474 ιιι

2160 505 2247 560 dic
2281 508 2435 572 mihi,
2469 518 2581 567 toto
2608 512 2697 570 die
2742 517 2918 573 tedas
2964 521 3172 590 amicis,
3219 526 3369 582 uxori
3417 540 3594 590 autem
3643 553 3740 593 ve-

2154 610 2350 666 spere;
2378 608 2432 655 et
2458 617 2557 657 nec
2580 605 2658 660 sic
2687 607 2786 676 ipsi
2812 619 2965 678 potes
2992 614 3301 674 satisfacere
3318 660 3333 685 ,
3361 637 3463 676 nec
3486 640 3739 684 amovere

2152 689 2552 758 suspicionem?
2594 696 2660 751 Et
2687 699 2734 753 si
2764 709 2817 755 te
2845 714 3064 761 accuset
3092 722 3243 775 uxor,
3276 727 3344 767 ne
3371 727 3514 784 aegre
3559 716 3734 777 feras:

2151 790 2234 835 est
2275 783 2327 836 id
2364 786 2637 855 amicitiae,
2683 807 2790 847 non
2835 803 3200 868 arrogantiae:
3245 806 3491 865 ardentis
3533 818 3737 872 amoris

2150 882 2276 927 sunt
2302 873 2406 930 illa:
2430 882 2800 939 accusationes
2821 897 2872 941 et
2894 887 3150 947 ferventis
3172 894 3393 954 aﬂ‘ectus
3415 917 3479 957 ac
3504 904 3732 964 tinmris.

2149 962 2326 1019 Timet
2355 967 2499 1023 enim
2532 986 2601 1026 ne
2627 975 2745 1041 quis
2773 977 3065 1037 sull'uretur
3092 986 3268 1043 cubile
3308 1003 3484 1061 suum,
3517 1011 3585 1050 ne
3612 1001 3735 1068 quis

2150 1054 2203 1109 in
2234 1055 2497 1116 bonorum
2529 1077 2737 1120 summa
2765 1070 2813 1123 ei
2838 1070 3218 1133 detrimentum
3246 1081 3452 1153 aﬂ‘erat,
3479 1104 3547 1144 ne
3572 1102 3734 1160 caput

2148 1147 2373 1215 auferat,
2404 1167 2471 1207 ne
2498 1154 2696 1211 lectum
2731 1161 3018 1228 perfodiat.
3047 1167 3136 1223 Est
3164 1171 3307 1251 aliud
3329 1147 3543 1248 quoque
3567 1147 3733 1254 argu-

2147 1251 2382 1295 mentum
2410 1243 2761 1305 dissensionis
2793 1269 2807 1307 :
2855 1270 3014 1313 nemo
3041 1272 3234 1329 pra-ter
3258 1246 3475 1326 modum
3502 1274 3734 1334 famulos

2144 1339 2316 1398 curet,
2346 1348 2447 1388 nec
2489 1339 2719 1405 puellam
2769 1347 3017 1414 maritus,
3047 1366 3221 1422 neque
3251 1373 3389 1414 uxor
3430 1363 3728 1423 famulum:

2145 1420 2260 1476 base
2289 1425 2434 1479 enim
2479 1431 2611 1484 satis
2637 1443 2761 1488 sunt
2788 1437 2854 1491 ad
2899 1420 3187 1507 pariendas
3214 1451 3572 1519 suspiciones.
3602 1457 3730 1515 Mihi

2140 1603 2294 1671 cham
2327 1603 2780 1685 accipereAgar;
2830 1618 2944 1689 ipsa
2990 1603 3311 1694 imperavit;
3341 1603 3724 1710 nemo-coegit,

2141 1710 2243 1750 nec
2272 1712 2390 1753 eam
2422 1700 2617 1759 invasit
2646 1709 2908 1777 maritus;
2936 1714 3033 1770 sed
3058 1721 3302 1788 quamvis
3341 1724 3559 1797 longuttt
3592 1700 3729 1786 nun;

2139 1802 2239 1857 pus
2268 1794 2619 1858 protraxisset
2642 1799 2760 1855 sine
2800 1802 3006 1874 liberis,
3035 1809 3197 1880 elegit
3227 1816 3404 1883 potius
3434 1794 3722 1893 numquam

2138 1893 2259 1934 esse
2289 1893 2460 1950 pater,
2499 1901 2659 1956 quam
2702 1906 2823 1947 esse
2868 1896 3129 1955 molestus
3173 1906 3348 1963 uxori.
3390 1907 3494 1966 Sed
3544 1922 3723 1972 tamen

2139 1984 2257 2042 post
2286 1974 2400 2031 haec
2425 1981 2599 2034 omnia
2630 1984 2756 2051 quid
2795 1986 2924 2043 dicit
2949 1989 3151 2047 Sarra?
3176 1996 3383 2054 Judicet
3428 2001 3568 2060 Deus
3595 2009 3724 2063 inter

2136 2080 2214 2117 me
2239 2075 2288 2119 et
2338 2078 2384 2121 te
2436 2068 2589 2140 (Gen.
2624 2073 2711 2129 16.
2757 2076 2837 2149 5).
2870 2080 3086 2148 Annon,
3130 2087 3176 2140 si
3228 2089 3413 2146 luisset
3458 2097 3720 2168 quispiam

2137 2159 2294 2225 alius,
2325 2172 2503 2218 motus
2534 2175 2683 2221 esset
2720 2168 2787 2223 ad
2838 2172 3014 2227 iram?
3061 2192 3168 2231 non
3212 2183 3374 2238 etiam
3403 2201 3594 2244 manus
3622 2206 3720 2246 ex-

2138 2253 2416 2319 tendisset,
2448 2260 2835 2327 propemodum
2866 2264 3073 2335 dicens,
3102 2270 3237 2338 Quid
3262 2274 3438 2331 dicis?
3473 2283 3718 2339 nolebam

2133 2360 2233 2415 ego
2258 2352 2706 2408 consuetudinem
2730 2354 2931 2413 habere
2960 2374 3081 2415 cum
3107 2365 3337 2423 muliere
3366 2389 3379 2425 :
3410 2379 3580 2429 totum
3606 2390 3634 2429 a
3667 2385 3720 2432 te

2134 2438 2432 2506 profectum
2459 2452 2577 2510 est;
2601 2453 2656 2499 et
2683 2462 2872 2503 rursus
2893 2455 3156 2509 accusas?
3180 2455 3286 2513 Sed
3313 2460 3403 2517 ille
3429 2463 3563 2521 nihil
3585 2466 3718 2523 dixit

2130 2529 2393 2598 ejusmodi
2418 2548 2433 2597 ;
2480 2534 2575 2589 sed
2604 2537 2772 2605 quid?
2799 2538 2934 2596 Ecce
2959 2546 3149 2601 ancilla
3174 2549 3227 2603 in
3251 2552 3481 2609 manibus
3506 2559 3629 2626 tuis,
3656 2575 3717 2613 ea

2129 2631 2268 2676 utere
2305 2632 2359 2676 ut
2406 2624 2494 2678 tibi
2542 2627 2789 2695 placuerit
2840 2632 3005 2703 (Ibid.
3038 2652 3086 2691 υ.
3134 2639 3212 2709 6).
3247 2642 3403 2699 Dedit
3448 2646 3570 2703 lecti
3614 2624 3714 2705 iso-

2128 2713 2290 2779 eiam,
2321 2729 2389 2770 ne
2417 2715 2631 2772 Sarram
2662 2721 2904 2778 molestia
2952 2726 3215 2786 afﬁceret.
3244 2736 3403 2805 Atqui
3455 2739 3587 2796 nihil
3630 2751 3713 2798 est

2129 2802 2233 2860 hoc
2263 2806 2436 2875 majus
2461 2808 2527 2863 ad
2555 2811 2816 2868 rationem
2846 2815 3260 2878 benevolentiae.
3287 2825 3419 2882 Nam
3444 2830 3489 2884 si
3512 2846 3714 2889 mensze

2129 2894 2294 2953 fuisse
2322 2900 2521 2967 socios,
2550 2902 2716 2959 eflicit
2743 2914 2801 2960 ut
2826 2908 2988 2964 etiam
3022 2911 3259 2972 latrones
3297 2920 3402 2976 sint
3433 2925 3717 2982 unanimes

2126 3003 2250 3044 cum
2281 2991 2607 3051 adversariis
2639 2998 2660 3064 (
2677 3009 2731 3053 et
2756 3000 2887 3055 dicit
2916 3005 3356 3080 psalmographus
3386 3032 3400 3069 :
3435 3016 3537 3083 Qui
3561 3020 3715 3075 simul

2127 3081 2301 3136 dulces
2329 3100 2522 3138 mecum
2549 3089 2782 3156 cupiebas
2812 3094 2946 3147 cibos
2978 3093 3161 3167 [PsaL
3196 3100 3286 3156 54.
3322 3103 3423 3177 1Ξὶ]
3488 3123 3503 3172 ἲ
3549 3124 3717 3166 unam

2120 3173 2230 3244 jam
2261 3176 2457 3232 factam
2485 3193 2605 3236 esse
2630 3195 2849 3239 carnem
2898 3186 3038 3253 (hoc
3076 3192 3220 3248 enim
3246 3205 3329 3250 est
3368 3173 3562 3254 cubilia
3590 3218 3714 3259 esse

2124 3266 2383 3340 sociam),
2431 3270 2601 3328 multo
2647 3276 2818 3347 magis
2869 3278 3070 3338 sufﬁcit
3118 3283 3183 3340 ad
3211 3288 3610 3349 attrahendum.
3641 3297 3715 3350 At

2123 3358 2255 3411 nihil
2300 3360 2563 3429 ejusmodi
2611 3364 2814 3435 justum
2868 3374 3042 3440 potuit
3083 3390 3407 3447 expugnare,
3452 3385 3546 3438 sed
3591 3401 3711 3442 eam

2124 3448 2343 3505 tradidit
2389 3454 2576 3519 uxori,
2628 3461 2923 3518 ostendens
2972 3465 3107 3521 nihil
3158 3468 3353 3526 factum
3403 3476 3567 3531 fuisse
3613 3492 3719 3535 sua

2121 3540 2320 3610 culpa:
2353 3552 2407 3599 et
2455 3547 2597 3615 quod
2649 3558 2736 3604 est
2785 3553 2980 3622 majus,
3009 3571 3130 3612 eam
3181 3562 3360 3617 emisit
3408 3564 3707 3633 gravidam.

2121 3630 2252 3697 Quis
2279 3649 2386 3688 non
2408 3646 2554 3692 esset
2582 3640 2834 3698 misertus
2857 3644 2996 3713 ejus,
3016 3664 3138 3717 quas
3153 3666 3221 3705 ex
3248 3653 3364 3723 ipso
3385 3668 3712 3727 conceperat

2123 3724 2333 3779 ﬁlium?
2373 3726 2478 3782 Sed
2506 3744 2612 3784 non
2642 3732 2814 3790 llexus
2839 3748 2923 3791 est
2953 3739 3044 3795 ille
3063 3741 3242 3810 justus
3271 3762 3285 3800 :
3316 3762 3438 3801 nam
3466 3724 3711 3805 dilectio-

2121 3828 2247 3869 nem
2278 3816 2330 3870 in
2363 3831 2588 3874 uxorem
2631 3823 2953 3891 prmferebat
2979 3831 3251 3888 omnibus.

2194 3904 2245 3958 7.
2288 3905 2513 3963 Consilia
2536 3912 2606 3965 ad
2635 3916 2937 3986 conjugatos
2962 3937 3229 3993 pauperes.
3257 3924 3452 3984 Domus
3478 3940 3526 3984 et
3555 3935 3717 4003 fanti-

2121 3993 2191 4047 lia
2211 4000 2459 4065 quomodo
2484 4004 2824 4060 ornandte.—
2845 4008 2995 4066 Hunc
3021 4029 3119 4068 nos
3147 4031 3363 4089 quoque
3388 4021 3663 4079 imitemur
3687 4044 3703 4080 :

2121 4103 2281 4144 nemo
2325 4095 2572 4161 proximo
2598 4099 2889 4167 exprobret
2940 4116 3334 4175 paupertatem,
3365 4129 3524 4170 nemo
3561 4128 3710 4174 amet

2122 4183 2412 4250 pecunias;
2459 4196 2515 4241 et
2560 4189 2733 4244 soluta
2765 4201 2892 4248 sunt
2940 4198 3149 4254 omnia.
3190 4200 3374 4273 Neque
3399 4204 3542 4263 dicat
3570 4224 3708 4265 uxor

2121 4273 2333 4341 marito,
2371 4273 2563 4346 Ignave
2600 4290 2657 4335 et
2701 4281 2908 4351 timide,
2941 4295 3159 4359 torpore
3202 4293 3359 4363 plene
3383 4307 3440 4353 et
3477 4298 3705 4355 hebetu-

2117 4363 2274 4433 dine,
2328 4367 2477 4438 piger
2526 4380 2580 4427 et
2630 4376 3010 4437 somnolente:
3056 4382 3146 4437 ille
3201 4384 3417 4442 humilis
3456 4400 3512 4444 et
3552 4391 3705 4462 abje-

2119 4466 2240 4513 ctus
2265 4469 2321 4515 et
2363 4461 2551 4519 humili
2584 4465 2704 4523 loco
2744 4480 2923 4537 natus,
2967 4473 3129 4530 aditis
3158 4478 3498 4546 periculiset
3523 4461 3708 4540 susce-

2120 4549 2227 4618 ptis
2250 4555 2795 4624 peregrinationibus,
2825 4577 3049 4634 magnas
3078 4570 3284 4635 paravit
3321 4570 3619 4638 lacullates,
3648 4587 3707 4632 et

2120 4656 2256 4696 uxor
2299 4644 2416 4714 ejus
2444 4658 2623 4716 gestat
2650 4665 2862 4721 aurum,
2891 4664 2947 4710 et
2984 4658 3038 4712 in
3068 4673 3231 4716 curru
3260 4664 3524 4720 mulorum
3547 4668 3704 4723 albo-

2118 4747 2234 4786 rum
2288 4739 2644 4804 progreditur,
2694 4742 2747 4797 in
2794 4759 3009 4802 omnem
3058 4762 3264 4820 partem
3306 4756 3703 4827 circumfertur,

2118 4824 2280 4881 habet
2303 4843 2496 4898 greges
2536 4830 2859 4891 famulorum
2886 4847 2942 4893 et
2966 4843 3175 4910 agmina
3202 4847 3567 4904 cunuchorum
3598 4868 3611 4904 :
3645 4824 3703 4907 tu

2117 4926 2294 4973 autem
2332 4923 2547 4989 metuis,
2581 4923 2889 4999 frustraque
2914 4932 3053 4987 vivis
3081 4943 3136 4989 et
3164 4934 3443 4995 inutiliter.
3475 4939 3555 4997 Ne
3584 4941 3704 5000 haec

2117 5009 2203 5064 vel
2224 5010 2421 5066 similia
2450 5014 2595 5070 dicat
2635 5032 2803 5085 uxor;
2846 5032 2931 5075 est
2955 5025 3100 5079 enim
3129 5042 3351 5098 corpus,
3378 5042 3575 5087 nonut
3601 5035 3705 5088 im-

2119 5111 2270 5170 peret
2288 5104 2468 5172 capiti,
2493 5105 2588 5161 sed
2615 5117 2672 5162 ut
2693 5120 2877 5179 pareat
2898 5122 2954 5168 et
2979 5115 3213 5172 obediat.
3242 5119 3523 5186 Quomodo
3547 5140 3703 5196 ergo,

2117 5192 2309 5263 inquit,
2342 5195 2478 5251 feret
2509 5206 2919 5269 paupertatem?
2967 5208 3110 5265 unde
3155 5211 3389 5268 inveniet
3416 5192 3705 5273 solatium?

2117 5285 2293 5356 Eligat
2321 5305 2442 5360 qua:
2471 5300 2597 5346 sunt
2637 5308 2696 5348 se
2722 5298 3092 5366 pauperiores,
3119 5311 3331 5372 reputet
3359 5317 3490 5375 quot
3516 5325 3706 5366 rursus

2116 5381 2309 5449 puella:
2341 5384 2546 5439 nobiles
2576 5395 2632 5440 et
2659 5389 2826 5443 nobili
2855 5390 2974 5446 loco
3006 5403 3145 5448 nata:
3183 5411 3287 5451 non
3316 5398 3491 5454 solum
3523 5416 3551 5454 a
3583 5418 3700 5458 ma-

2116 5472 2232 5527 ritis
2256 5472 2391 5526 nihil
2420 5486 2764 5545 acceperunt,
2793 5480 2887 5534 sed
2913 5483 3075 5536 etiam
3102 5485 3182 5538 eis
3206 5486 3493 5557 dederunt,
3522 5502 3574 5546 et
3603 5508 3701 5548 sua

2117 5563 2296 5617 omnia
2337 5578 2822 5636 consumpserunt;
2877 5574 3075 5642 cogitet
3113 5590 3236 5646 qua:
3278 5594 3342 5633 ex
3378 5581 3460 5634 bis
3500 5582 3703 5640 divitiis

2118 5663 2412 5709 nascuntur
2441 5658 2699 5726 pericula,
2733 5670 2787 5717 et
2814 5664 3180 5733 amplectetur
3203 5669 3363 5724 vitam
3395 5687 3514 5741 qua:
3542 5674 3704 5730 nullis

2112 5747 2348 5814 agitatur
2398 5750 2647 5820 negotiis.
2683 5751 2738 5807 In
2771 5771 3002 5824 summa,
3054 5758 3099 5813 si
3127 5759 3198 5815 sit
3246 5761 3298 5815 iu
3329 5764 3575 5836 maritum
3603 5765 3701 5820 be-

2123 5840 2307 5894 nevola
2334 5847 2387 5894 et
2416 5839 2550 5897 bene
2570 5842 2778 5913 affecta,
2797 5849 2925 5904 nihil
2953 5852 3094 5908 dicet
3126 5853 3393 5924 ejusmodi
3419 5899 3433 5924 ,
3460 5859 3554 5915 scd
3585 5875 3697 5913 ma-
