4092 6488
383 417 490 480 1ιὸ

378 539 493 610 γὰρ
519 535 690 607 αὐτὴν
723 536 1144 612 κατασκευάσῃς
1180 536 1342 606 ἀγίαν
1373 538 1465 591 καὶ
1498 539 1764 609 ἄμωμον,
1791 538 1974 590 πάντα

375 623 595 676 επεται.
631 623 794 692 Ζήτει
832 621 904 675 τά
930 621 1026 675 τοῦ
1049 621 1208 687 Θεοῦ,
1249 623 1346 675 καὶ
1383 621 1455 676 τὰ
1493 623 1813 694 ἀνθρώπινα
1845 625 1978 675 ἀκο-

375 706 632 776 λουθήσει
674 706 813 774 μετὰ
846 705 1048 775 πολλῆς
1093 705 1196 775 τῆς
1247 705 1518 769 εὐκολίας.
1566 705 1827 776 Ῥύθμιζε
1873 704 1976 771 τὴν

376 792 636 858 γυναῖκα,
666 790 762 843 καὶ
791 788 936 843 οὕτω
960 791 1346 858 συγκροτεῖται
1376 793 1410 859 ἡ
1435 789 1604 842 οἰκία.
1637 791 1836 842 Ἀκουε
1876 789 1975 841 τοῦ

378 878 596 935 Παύλου
639 877 910 946 λέγοντος·
946 877 1012 930 Εἰ
1032 876 1100 930 δέ
1122 894 1173 930 τι
1203 877 1412 943 μαθεῖν
1447 874 1750 940 θέλουσιν,
1788 878 1858 929 ἐν
1886 876 1976 928 οι-

377 981 466 1030 κῳ
497 960 641 1026 τοὺς
665 960 858 1026 ἰδίους
885 959 1112 1028 ἄνδρας
1149 959 1640 1028 ἐπερωτάτωσαν.
1699 961 1796 1012 Ἂν
1831 957 1976 1010 οὕτω

376 1050 478 1112 τὰς
509 1045 693 1110 οἰκίας
719 1047 1015 1116 διοικῶμεν
1046 1048 1144 1109 τὰς
1179 1047 1411 1113 ἐαυτῶν,
1435 1049 1529 1100 καὶ
1566 1047 1702 1118 πρὸς
1745 1045 1978 1114 Ἐκκλη-

379 1131 505 1193 σίας
528 1130 856 1184 ἐπιστασίαν
897 1129 1134 1198 ἐσόμεθα
1165 1129 1483 1199 ἐπιτήδειοι·
1522 1131 1614 1182 καὶ
1643 1133 1676 1200 ή
1703 1130 1849 1182 οἰκία
1866 1128 1976 1197 γὰρ

388 1213 694 1286 Ἐκκλησία
717 1214 836 1266 ἐστὶ⁵
875 1212 1068 1281 μικρά.
1098 1210 1285 1276 Οῦτως
1320 1212 1398 1265 ἐνι
1428 1213 1630 1283 ἄνδρας
1661 1215 1752 1265 καὶ
1787 1213 1978 1279 γυναῖ-

377 1314 486 1356 κας
546 1296 876 1364 γενομένους
941 1295 1203 1363 ἀγαθοὺς,
1270 1296 1482 1360 πάντας
1543 1295 1974 1367 ὑπερϐαλέσθαι.

394 1379 681 1450 Ἐννόησον
712 1374 805 1430 τὸν
859 1377 1134 1447 Ἀϐραὰμ,
1183 1378 1283 1450 τὴν
1331 1379 1574 1450 Σάρραν,
1631 1378 1724 1431 τὸν
1763 1379 1974 1444 Ἰσαάκ,

378 1465 510 1526 τοὺς
542 1461 894 1533 τριακοσίους
955 1457 1090 1513 δέκα
1147 1461 1244 1515 καὶ
1295 1459 1442 1514 ὀκτὼ
1496 1463 1817 1528 οἰκογενεῖς·
1861 1459 1976 1524 πῶς

381 1549 591 1618 πᾶσαή
620 1544 770 1598 οἰκία
799 1542 1232 1616 συγκεκρότητο,
1270 1543 1389 1609 πῶς
1444 1546 1632 1599 ἅπασα
1689 1545 1978 1608 εὐλαϐείας

383 1628 603 1701 ἔγεμεν.
639 1625 857 1698 Ἐκείνη
896 1629 991 1681 καὶ
1022 1628 1083 1681 τὸ
1116 1628 1473 1682 ἀποστολικδν
1491 1630 1732 1700 ἐπλήρου
1762 1625 1978 1699 παράγ-

386 1714 583 1784 γελμα,
614 1713 706 1766 καὶ
733 1713 824 1766 τὸν
851 1712 1020 1785 ἄνδρα
1045 1713 1295 1782 ἐφοϐεῖτο
1317 1728 1330 1740 ·
1372 1714 1538 1767 ἄκουε
1563 1715 1671 1785 γὰρ
1699 1713 1870 1781 αὐτῆς
1893 1709 1978 1764 λε-

384 1797 612 1869 γούσης·
651 1797 830 1851 Οὔπω
845 1796 964 1864 μέν
979 1813 1082 1865 μοι
1107 1795 1359 1866 γέγονεν
1379 1796 1490 1862 ἕως
1512 1796 1619 1850 τοῦ
1654 1793 1791 1860 νῦν,
1836 1797 1868 1849 ό
1911 1794 1980 1848 δὲ

381 1881 589 1947 κύριός
620 1896 742 1948 μου
804 1880 1230 1948 πρεσϐύτερος·
1281 1880 1532 1944 κάκεῖνος
1579 1880 1751 1950 αὐτὴν
1804 1878 1980 1943 οὕτως

381 1963 600 2033 ἠγάπα,
633 1963 710 2025 ὡς
739 1963 918 2016 πάντα
952 1962 1249 2034 κελευούσῃ
1282 1963 1590 2016 πείθεσθαι.
1615 1965 1725 2017 Καὶ
1760 1963 1822 2016 τὸ
1847 1978 1975 2016 παι-

389 2047 498 2100 δίον
523 2047 784 2118 ἐνάρετον
810 2043 898 2118 ἦν,
926 2047 1022 2100 καὶ
1047 2048 1095 2100 οἰ
1118 2048 1419 2116 οἰκογενεῖς
1445 2049 1540 2101 καὶ
1579 2049 1736 2101 αὐτοὶ
1758 2047 1978 2119 θαυμα-

386 2131 522 2197 στοὶ,
567 2131 622 2184 οἶ
648 2147 714 2199 γε
753 2132 849 2184 καὶ
907 2131 1249 2185 κινδυνεῦσαι
1292 2133 1432 2202 μετά
1460 2132 1555 2186 τοῦ
1589 2133 1848 2186 δεσπότου
1879 2133 1981 2185 οὐκ

383 2216 666 2286 ὤκνησαν.
704 2216 806 2268 οὐκ
842 2216 1188 2279 ἀνεϐάλοντο,
1221 2215 1342 2269 οὐδέ
1359 2216 1456 2288 τὴν
1479 2217 1660 2271 αἰτίαν
1685 2217 1978 2288 ἐζήτησαν·

378 2298 497 2351 ἀλλ’
524 2291 607 2362 εἰς
631 2297 857 2352 αὐτῶνό
887 2298 1246 2370 προεστηκὼς
1273 2297 1414 2352 οὕτω
1445 2299 1759 2370 Θαυμαστὸς
1785 2296 1876 2371 ἦν,
1906 2299 1982 2363 ὼς

379 2384 478 2434 καὶ
523 2381 702 2450 γάμον
751 2382 1186 2453 ἐμπιπευθῆναι
1226 2382 1320 2436 τοῦ
1391 2385 1711 2454 μονογενοῦς
1769 2383 1979 2449 παιδὸς,

381 2465 479 2518 καὶ
505 2464 817 2534 ἀποδημίαν
839 2465 1150 2536 ὑπερόριον.
1192 2465 1460 2537 Καθάπερ
1492 2468 1597 2536 γάρ
1633 2468 1726 2520 ἐπὶ
1782 2483 1981 2538 στρατ-

389 2548 554 2619 ηγοῦ,
586 2549 716 2603 ὅταν
743 2549 836 2603 καὶ
860 2551 920 2602 τὸ
947 2549 1342 2620 στρατιωτικὸν
1449 2551 1979 2623 συγκεκροτημένον,

380 2633 684 2704 οὐδαμόθεν
705 2635 734 2686 6
760 2634 1026 2702 πολέμιος
1055 2633 1460 2705 ἐπεισέρχεται·
1489 2635 1635 2688 οὕτω
1658 2634 1724 2705 δὴ
1756 2637 1851 2687 καὶ
1899 2636 1985 2687 ἐν·

381 2715 580 2777 ταῦθα,
613 2717 742 2770 ὅταν
771 2717 912 2788 ἀνὴρ
938 2718 1032 2769 καὶ
1066 2717 1204 2788 γυνὴ
1247 2719 1344 2771 καὶ
1404 2718 1592 2771 παιδία
1639 2719 1735 2772 καὶ
1771 2717 1983 2770 οἰκέται

381 2791 488 2852 ὦσι
517 2798 626 2853 τῶν
678 2798 860 2853 αὐτῶν
893 2800 1336 2871 ἐπιμελούμενοι,
1390 2801 1558 2872 πολλὴ
1587 2801 1686 2869 τῆς
1727 2801 1905 2864 οἰκίας
1948 2801 1983 2864 ἡ

380 2882 632 2951 ὁμόνοια·
669 2884 812 2945 ἐπεὶ,
864 2884 960 2936 ἐὰν
1014 2884 1087 2954 μὴ
1126 2881 1300 2946 οῦτως
1331 2880 1390 2960 ᾖ.
1432 2885 1693 2948 πολλάκις
1745 2885 1812 2938 δι’
1865 2884 1984 2948 ἐνὸς

383 2965 601 3018 οἰκέτου
633 2965 839 3034 φαύλου
864 2965 926 3019 τὸ
949 2968 1059 3020 πᾶν
1083 2967 1452 3038 ἀνατρέπεται
1482 2969 1578 3022 καὶ
1629 2967 1980 3032 καταλύεται,

387 3051 481 3103 καὶ
511 3052 541 3103 6
592 3045 672 3114 είς
698 3050 962 3114 πολλάκις
1015 3051 1077 3103 τὸ
1129 3054 1238 3104 πᾶν
1286 3052 1518 3120 ἠφάνισε
1560 3052 1653 3106 καὶ
1683 3053 1979 3122 διέφθειρε.

389 3133 599 3206 Πολλὴν
653 3131 749 3189 οὖν
805 3134 1063 3206 πρόνοιαν
1093 3135 1379 3204 ποιώμεθα
1419 3138 1514 3189 καὶ
1556 3136 1833 3204 γυναικῶν
1886 3136 1984 3189 καὶ

384 3217 598 3271 παίδων
633 3219 727 3272 καὶ
752 3217 976 3283 δούλων,
1004 3217 1204 3282 εἰδότες
1232 3217 1314 3271 ὅτι
1347 3219 1448 3289 τὴν
1506 3219 1684 3292 ἀρχὴν
1718 3218 1850 3289 ἡμῖν
1879 3219 1981 3272 αὐ-

384 3303 502 3363 τοῖς
549 3299 774 3354 εὔκολον
812 3304 1258 3373 καταστήσομεν,
1307 3303 1400 3355 καὶ
1450 3303 1533 3356 ὅτι
1592 3304 1692 3366 τὰς
1750 3301 1983 3365 εὐθύνας

385 3385 633 3456 ἡμέρους
669 3387 766 3440 καὶ
816 3387 1084 3450 ἐπιεικεῖς
1130 3383 1346 3456 ἕξομεν,
1391 3387 1484 3440 καί
1517 3386 1775 3456 ἐροῦμεν·
1821 3384 1983 3439 Ἰδοὺ

385 3469 505 3537 ἐγὼ
541 3470 640 3522 καὶ
676 3470 748 3524 τὰ
784 3469 1010 3528 παιδία.
1039 3469 1077 3524 ἄ
1101 3487 1206 3538 μοι
1236 3469 1465 3522 ἔδωκεν
1508 3473 1540 3523 ό
1587 3469 1752 3534 Θεός.
1800 3469 1927 3520 Ἐὰν
1956 3470 1984 3521 6

387 3550 532 3622 ἀνὴρ
561 3550 897 3622 θαυμαστὸς,
940 3553 1033 3605 καί⁵
1073 3555 1108 3623 ή
1155 3552 1368 3623 κεφαλὴ
1396 3550 1558 3623 καλὴ,
1592 3551 1686 3606 καὶ
1711 3550 1770 3603 τὺ
1794 3550 1983 3604 λοιπὸν

388 3636 560 3707 σῶμα
597 3637 856 3708 οὐδεμίαν
890 3636 1258 3709 ὐποστήσεται
1287 3637 1430 3708 βίαν.

462 3772 545 3826 Τά
581 3771 681 3843 μὲν
703 3769 798 3827 οὖν
819 3772 960 3827 κατά
978 3772 1076 3845 τὴν
1101 3775 1338 3842 γυναῖκα
1360 3771 1478 3836 πῶς
1502 3771 1568 3826 ἂν
1594 3771 1775 3837 καλῶς
1802 3772 1983 3826 διατε-

389 3855 513 3925 θείη
552 3857 648 3910 καὶ
675 3855 768 3910 τὸν
816 3856 1011 3927 ἄνδρα,
1043 3855 1292 3927 ἀκριϐῶς
1347 3852 1494 3922 εἰπε,
1521 3854 1620 3926 τὴν
1653 3857 1752 3926 μὲν
1787 3855 1979 3924 φοϐεῖ-ν

389 3941 516 3995 σθαι
548 3940 888 4012 παραινέσας
925 3940 1001 4002 ὡς
1050 3940 1316 4012 κεφαλὴν,
1379 3939 1470 3994 τὸν
1527 3939 1584 3992 δὲ
1621 3941 1845 4010 ἀγαπᾷν
1899 3938 1979 4002 ὡς

387 4028 648 4094 γυναῖκα.
691 4023 814 4087 Πῶς
836 4023 881 4077 δ’
911 4022 976 4078 ἂν
1001 4025 1176 4078 ταῦτα
1204 4025 1449 4093 γένοιτο;
1493 4022 1659 4092 φησίν
1681 4039 1696 4054 ο
1727 4023 1851 4076 Ὅτι
1883 4023 1983 4093 μὲν

387 4109 501 4179 γάρ
528 4108 627 4171 δεῖ,
668 4107 857 4172 ἔδειξε·
885 4108 944 4160 τὸ
971 4107 1028 4162 δὲ
1052 4107 1191 4172 πῶς,
1231 4106 1343 4176 ἐγὼ
1385 4105 1517 4178 πρὸς
1557 4107 1703 4177 ὑμᾶς
1729 4105 1841 4176 ἐρῶ
1864 4121 1878 4136 ·
1913 4103 1982 4157 ἂν

387 4193 691 4264 χρημάτων
732 4193 1182 4260 καταφρονῶμεν,
1218 4191 1284 4244 ἂν
1306 4190 1441 4260 πρὸς
1467 4186 1759 4260 ἓνόρῶμεν
1791 4187 1976 4258 μόνον,

386 4277 573 4347 ψυχῆς
623 4275 848 4347 ἀρετὴν,
893 4272 959 4328 ἂν
1001 4275 1092 4328 τὸν
1120 4273 1215 4328 τοῦ
1253 4271 1391 4326 Θεοῦ
1428 4271 1591 4341 φόϐον
1624 4269 1838 4341 ἔχωμεν
1874 4270 1980 4341 πρὸ

385 4359 708 4429 ὀφθαλμῶν.
749 4359 926 4428 Ὅπερ
959 4357 1068 4428 γὰρ
1090 4361 1146 4412 ἐν
1173 4359 1284 4420 τοῖς
1313 4355 1450 4427 πρὸς
1473 4357 1600 4418 τοὺς
1625 4353 1843 4416 δούλους
1866 4353 1983 4406 δια-

385 4445 684 4514 λεγόμενος
713 4442 918 4510 ἔλεγεν,
954 4442 1027 4494 "0
1058 4459 1112 4495 τι
1167 4440 1246 4494 ἀν
1279 4438 1510 4506 ποιήσῃ
1551 4438 1814 4503 ἕκαστος
1845 4437 1983 4504 (iraa

389 4527 504 4582 θὸν
540 4525 692 4598 [1521
726 4525 762 4592 ἣ
782 4524 994 4590 κακὸν,
1015 4524 1192 4578 τοῦτο
1217 4521 1502 4592 κομιεῖται
1541 4520 1700 4589 παρὰ
1739 4519 1844 4573 τοῦ
1868 4521 1985 4572 Κυ-

381 4616 550 4686 ρίου,
584 4613 742 4667 τοῦτο
777 4616 871 4666 καί
897 4610 1151 4666 ἐνταῦθα.
1176 4610 1268 4681 Μὴ
1301 4609 1370 4662 δι’
1403 4609 1624 4679 ἐκείνην
1663 4607 1846 4660 τοίνυν
1894 4623 1984 4658 το·

392 4697 610 4762 σοῦτον,
634 4699 757 4751 ὅσον
782 4697 872 4750 διὰ
893 4696 982 4748 τὸν
1012 4694 1247 4764 Χριστὸν
1281 4691 1450 4763 αὐτὴν
1490 4692 1713 4762 ἀγαπᾷν
1740 4732 1753 4746 ,
1814 4691 1856 4742 Τ
1859 4690 1986 4742 οῦτο

391 4783 529 4849 γοῦν
554 4782 648 4834 καὶ
675 4780 896 4852 ⁴ᾐνίξατο
935 4778 1133 4832 εἰπών·
1174 4778 1268 4841 Ὠς
1297 4775 1376 4840 τῷ
1402 4777 1612 4844 Κυρίῳ.
1648 4805 1722 4815 —
1761 4775 1855 4840 Ὠς
1906 4771 1986 4838 τῷ

391 4867 596 4934 Κυρίῳ
615 4866 795 4918 τοίνυν
826 4862 1167 4932 πειθόμενος,
1185 4861 1278 4912 καὶ
1307 4859 1373 4912 δι’
1400 4861 1562 4911 αὐτὸν
1588 4858 1766 4910 πάντα
1793 4856 1982 4920 ποιῶν,

391 4949 540 5004 οὔτω
574 4949 752 5002 πάντα
774 4950 1002 5015 πράττε-
1029 4944 1186 4997 τοῦτο
1209 4942 1394 4996 ἰκανὸν
1424 4943 1712 5009 ἐναγαγεῖν
1745 4940 1837 4992 καὶ
1867 4941 1988 4990 πεῖ-

397 5051 517 5096 σαι,
554 5032 650 5085 καὶ
703 5031 776 5100 μὴ
828 5031 1050 5098 ἀφεῖναι
1081 5025 1398 5097 ἐρεσχελίαν
1430 5025 1552 5077 τινὰ
1581 5024 1676 5076 καὶ
1720 5022 1986 5092 διχόνοιαν

391 5113 556 5172 εἶναι.
589 5113 795 5184 Μηδεὶς
830 5111 972 5164 ἐστω
999 5110 1190 5172 πιστὸς
1224 5106 1582 5176 συκοφαντῶν
1611 5106 1704 5158 ἐπὶ
1745 5103 1847 5173 τῆς
1882 5120 1984 5171 γυ-

392 5197 584 5260 ναικὸς
611 5197 702 5248 τον
726 5195 914 5265 ἄνδρα·
944 5193 1082 5246 ἀλλά
1106 5191 1241 5262 μηδέ
1269 5194 1297 5245 6
1321 5192 1461 5260 ἀνὴρ
1479 5189 1666 5252 ἁπλῶς
1684 5187 1989 5240 πιστευέτω

396 5282 544 5337 κατά
594 5281 694 5351 τῆς
731 5278 1010 5347 γυναικὸς,
1064 5276 1198 5346 μηδὲ
1249 5277 1283 5344 ἡ
1339 5273 1477 5344 γυνὴ
1541 5269 1989 5344 περιεργαζέσθω

394 5365 641 5426 εἰσόδους
673 5363 770 5416 καὶ
799 5360 1015 5425 ἐξόδους
1051 5357 1258 5420 ἁπλῶς·
1304 5357 1436 5427 μηδὲ
1481 5357 1587 5426 μὴν
1617 5354 1753 5424 μηδέ
1782 5356 1810 5405 ὀ
1848 5353 1989 5425 ἀνὴρ

393 5449 550 5514 ἄξιον
583 5445 877 5516 παρεχέτω
905 5443 1100 5497 ἐαυτὸν
1126 5457 1274 5502 τινος
1302 5439 1560 5509 ὑποψίας.
1591 5438 1655 5489 Τί
1685 5436 1816 5508 γὰρ.
1866 5435 1990 5489 εἰπέ

399 5549 520 5600 μοι,
545 5532 726 5583 πᾶσαν
757 5529 854 5597 τὴν
881 5527 1096 5598 ἡμέραν
1127 5526 1238 5586 τοῖς
1265 5523 1442 5592 φίλοις
1495 5521 1651 5582 δίδως
1679 5519 1897 5584 σαυτὸν,
1922 5521 1988 5590 τῇ

398 5616 459 5670 δὲ
513 5613 737 5683 γυναικὶ
787 5612 886 5681 τὴν
926 5609 1189 5680 ἐτπέραν,
1245 5608 1339 5660 καὶ
1404 5604 1526 5658 οὐδὲ
1587 5603 1759 5665 οὕτως
1814 5602 1987 5672 αὐτὴν

394 5699 530 5772 δύνῃ
564 5697 957 5768 πληροφορεῖν,
1004 5695 1100 5746 καὶ
1144 5690 1300 5753 ἐκτὸς
1342 5688 1578 5758 ὑποψίας
1627 5689 1837 5753 ποιεῖν;
1871 5687 1991 5739 Κάν

395 5770 609 5851 ἐγκαλῇ
660 5783 694 5850 ή
737 5778 896 5849 γυνὴ,
941 5777 1016 5847 μὴ
1063 5774 1404 5846 δυσχέραινε·
1447 5771 1628 5842 φιλίας
1667 5771 1837 5833 ἐστὶν,
1890 5770 1990 5822 οὐκ

397 5865 683 5928 ἀπονοίας·
721 5861 901 5933 φιλίας
949 5859 1068 5913 ἐστί
1121 5859 1350 5930 ζεούσης
1404 5857 1469 5910 τὰ
1527 5854 1849 5926 ἐγκλήματα
1892 5854 1984 5905 καὶ

1299 411 1365 474 ΙΝ
1409 411 1632 474 Εριετ.
1677 417 1766 472 AD
1809 416 2058 474 EPHES.
2103 418 2260 476 CAP.
2306 420 2370 477 ν.
2415 419 2649 478 IIOMIL.
2693 421 2814 480 XX.

3558 423 3578 477 Ι
3593 418 3660 477 ιι

2081 539 2376 604 διαθέσεως
2406 543 2811 613 πεπυρωμένης
2836 542 2932 595 καὶ
2977 540 3164 611 φόϐου.
3194 538 3412 594 Δέδοικε
3442 536 3550 609 γὰρ
3584 539 3660 608 μή

2074 638 2161 684 τις
2193 623 2365 692 αὐτῆς
2396 623 2590 695 ἔκλεψε
2644 627 2744 696 τὴν
2793 625 2976 695 εὐνὴν,
3030 627 3103 695 μή
3134 642 3218 688 τις
3243 625 3413 694 αὐτὴν
3443 623 3573 694 περὶ
3601 621 3664 674 τὸ

2076 706 2370 774 κεφάλαιον
2397 708 2508 760 τῶν
2539 710 2760 778 ἀγαθῶν
2785 710 3082 778 ἐζημίωσε,
3117 710 3190 779 μή
3235 727 3318 770 τις
3367 707 3536 776 αὐτῆς
3563 707 3663 773 τὴν

2077 791 2322 860 κεφαλὴν
2348 793 2623 860 ἀφείλετο,
2665 795 2737 863 μή
2770 811 2854 854 τις
2881 792 3110 862 διώρυξε
3149 792 3248 861 τὴν
3280 793 3460 860 εὐνήν.
3507 791 3662 843 Ἐστι

2076 872 2170 924 καὶ
2203 873 2341 943 άλλη
2389 877 2756 946 μικροψυχίας
2809 877 3088 938 ὑπόθεσις·
3127 876 3314 946 μηδεὶς
3369 874 3514 939 πέρα
3567 870 3661 922 τοῦ

2079 959 2282 1030 μέτρου
2311 963 2422 1014 τῶν
2447 962 2674 1014 οἰκετῶν
2707 962 3112 1023 ὰντιποιείσθω,
3153 963 3287 1031 μήτε
3314 961 3410 1028 τῆς
3442 958 3608 1027 κόρης
3634 958 3662 1008 ὁ

2076 1044 2236 1114 ἀνὴρ.
2268 1047 2404 1114 μήτε
2435 1046 2530 1098 τοῦ
2553 1046 2764 1099 οἰκέτου
2793 1049 2825 1115 ἡ
2851 1047 3009 1114 γυνή·
3032 1045 3124 1098 καί
3153 1049 3261 1114 γὰρ
3291 1043 3465 1095 ταῦτα
3501 1041 3660 1092 ἱκανά

2075 1132 2256 1182 τεκεῖν
2297 1131 2557 1199 ὑποψίας.
2617 1131 2901 1198 Ἐννόησον
2935 1131 3045 1199 γάρ
3107 1147 3196 1199 μοι
3250 1129 3377 1187 τοὺς
3424 1124 3662 1186 δικαίους

2077 1213 2340 1277 ἐκείνους·
2400 1215 2538 1286 αὐτὴ
2591 1218 2623 1286 ἡ
2666 1216 2855 1286 Σάρρα
2903 1215 3159 1268 ἐκέλευσε
3217 1211 3295 1281 τῷ
3349 1210 3664 1278 πατριάρχῃ

2075 1295 2258 1350 λαϐεῖν
2278 1299 2375 1367 τὴν
2407 1300 2586 1368 Ἀγαρ
2605 1318 2619 1331 ·
2653 1299 2790 1368 αὐτὴ
2832 1295 3188 1366 προσέταξεν,
3218 1295 3394 1355 οὐδεὶς
3420 1292 3665 1360 ἠνάγκα-

2079 1396 2192 1440 σεν,
2228 1380 2350 1431 οὐδέ
2391 1381 2624 1451 ἐπῆλθεν
2647 1384 2675 1434 6
2709 1383 2866 1451 ἀνήρ·
2902 1380 3039 1432 ἀλλὰ
3070 1379 3248 1432 καίτοι
3287 1388 3498 1446 μακρον
3539 1373 3666 1442 χρό-

2077 1482 2166 1517 νον
2191 1464 2428 1527 ἑλκύσας
2457 1467 2514 1518 ἐν
2541 1467 2794 1536 ἀπαιδίᾳ,
2861 1466 3036 1517 είλετο
3095 1463 3367 1532 μηδέποτε
3411 1458 3666 1527 γενέσθαι

2078 1549 2286 1618 πατὴρ,
2321 1549 2354 1617 ἢ
2393 1549 2493 1620 τὴν
2529 1554 2768 1618 γυναῖκα
2813 1549 3079 1617 λυπῆσαι.
3131 1546 3272 1599 Ἀλλ’
3327 1545 3478 1614 ὅμως
3532 1542 3670 1610 μετά

2075 1631 2254 1686 ταῦτα
2283 1634 2480 1692 πάντα,
2516 1634 2568 1686 τί
2625 1650 2791 1703 φησιν
2832 1635 2864 1702 ἡ
2922 1633 3148 1703 Σάῤῥα;
3197 1630 3408 1697 Κρίνίιι
3450 1629 3483 1678 ό
3524 1626 3670 1688 Θεὸς

2076 1715 2195 1772 ἀνὰ
2217 1717 2416 1787 μέσον
2443 1717 2590 1787 ἐμοῦ
2631 1717 2726 1770 καὶ
2769 1716 2907 1771 σοῦ.
2945 1713 3094 1786 Ἀρα
3147 1715 3199 1766 εἰ
3224 1731 3308 1774 τις
3333 1707 3401 1782 ἦν
3432 1709 3542 1762 τῶν
3574 1709 3670 1762 άλ-

2077 1800 2208 1862 λων,
2245 1801 2346 1853 οὐκ
2375 1801 2442 1854 ἂν
2469 1801 2547 1863 είς
2581 1800 2753 1872 ὀργὴν
2781 1798 3008 1868 ἐκινήθη
3035 1816 3049 1861 ;
3101 1797 3202 1850 οὐκ
3241 1795 3307 1848 ἂν
3338 1794 3432 1846 καὶ
3478 1794 3671 1862 χεῖρας

2080 1884 2332 1949 ἐξέτεινε,
2361 1885 2648 1956 μονονουχὶ
2699 1884 2945 1954 φάσκων·
2979 1883 3044 1934 Τί
3075 1882 3285 1948 λέγεις;
3326 1879 3426 1930 οὐκ
3457 1875 3673 1928 ἐϐουλέ-

2083 1986 2191 2039 μην
2217 1968 2328 2038 ἐγὼ
2366 1968 2725 2038 συγγενέσθαι
2755 1971 2821 2039 τῇ
2846 1967 3091 2034 γυναικὶ,
3127 1965 3220 2018 σὺν
3243 1963 3304 2016 τὸ
3320 1964 3427 2014 πᾶν
3450 1961 3666 2029 γέγονε,

2079 2054 2174 2105 καὶ
2223 2052 2388 2107 πάλιν
2446 2053 2741 2120 ἐγκαλεῖςς
2808 2051 2947 2104 Ἀλλ’
2993 2051 3144 2103 οὐδὲν
3201 2047 3443 2100 τοιοῦτον
3515 2041 3671 2096 εἶπεν

2081 2136 2315 2199 ἐκεῖνος·
2348 2135 2486 2190 ἀλλὰ
2515 2136 2568 2188 τί
2595 2154 2604 2195 ;
2653 2135 2809 2189 Ἰδοὺ
2836 2135 2876 2200 ὴ
2905 2135 3201 2198 παιδίσκη
3234 2132 3304 2183 ἐν
3337 2129 3465 2193 ταῖς
3494 2127 3673 2196 χερσί

2080 2237 2219 2274 σου·
2246 2219 2371 2288 χρῶ
2415 2218 2592 2287 αὐτῇ.
2628 2219 2709 2284 ὡς
2741 2219 2819 2271 ἄν
2849 2233 2949 2271 σοι
2993 2215 3254 2285 ἀρεστὸν
3291 2209 3354 2284 ᾖ.
3397 2213 3510 2282 Τὴν
3543 2228 3664 2263 κοι-

2080 2302 2249 2358 νωνὸν
2275 2305 2374 2372 τῆς
2402 2302 2567 2371 εὐνῆς
2608 2302 2893 2368 ἐξέδωκεν,
2922 2302 3010 2354 ἵνα
3056 2301 3128 2369 μὴ
3159 2298 3380 2366 λυπήσῃ
3411 2295 3511 2364 τὴν
3534 2294 3675 2362 Σάρ-

2083 2389 2204 2458 ραν.
2232 2386 2427 2439 Καίτοι
2459 2401 2524 2454 γε
2565 2385 2720 2438 οὐδὲν
2747 2385 2940 2438 τούτου
2983 2383 3167 2455 μεῖζον
3193 2385 3274 2444 εἰς
3324 2379 3541 2440 εὐνοίας
3581 2376 3674 2429 λό-

2081 2488 2177 2540 γον
2199 2469 2366 2523 ἐστίν.
2401 2471 2465 2523 Εἰ
2499 2469 2609 2540 γὰρ
2636 2470 2696 2523 τὸ
2728 2468 3014 2540 τραπέζης
3060 2469 3392 2534 κοινωνῆσαι
3438 2462 3532 2515 καὶ
3579 2461 3675 2530 λῃ-

2083 2556 2240 2616 σταῖς
2291 2554 2599 2623 ὁμοψυχίαν
2659 2555 2806 2604 ποιεῖ
2861 2551 2997 2622 πρὸς
3030 2550 3156 2611 τοὺς
3193 2549 3472 2608 ἐναντίους
3503 2545 3618 2615 (καὶ
3647 2546 3676 2597 6

2082 2639 2389 2709 Ψαλμῳδός
2417 2653 2603 2707 φησιν·
2636 2639 2742 2702 Ὃς
2781 2637 2880 2689 ἐπὶ
2907 2636 2972 2688 τὸ
3020 2632 3168 2687 αὐτὸ
3207 2629 3550 2700 ἐγλύκανὰς
3574 2646 3676 2696 μοι

2080 2721 2428 2791 ἐδέσματα)·
2466 2721 2528 2775 τὺ
2590 2721 2720 2791 μίαν
2755 2723 2943 2791 ’σάρκα
2971 2716 3226 2785 γενέσθαι
3265 2714 3454 2767 λοιπὸν
3489 2712 3675 2783 (τοῦτο

2083 2807 2194 2878 γάρ
2222 2808 2338 2859 ἐστι
2369 2807 2698 2875 κοινωνῆσαι
2725 2805 2824 2873 τῆς
2849 2803 3058 2871 εὐνῆς),
3109 2799 3292 2870 πολλῷ
3324 2798 3526 2870 μᾶλλον
3554 2799 3674 2850 ἰκα-

2094 2891 2185 2943 νὸν
2240 2888 2678 2942 ἐπισπάσασθαι.
2724 2887 2863 2940 Ἀλλ’
2884 2886 3036 2938 οὐδὲν
3087 2883 3296 2938 τούτων
3341 2881 3526 2952 ἴσχυσε
3581 2879 3678 2932 τὸν

2082 2974 2292 3027 δίκαιον
2338 2973 2499 3037 ἐλεῖν,
2545 2971 2662 3024 ἀλλ’
2706 2971 2938 3038 ἐξέδωκε
2969 2971 3033 3039 τῇ
3067 2966 3308 3036 γυναικὶ,
3345 2965 3560 3027 δεικνὺς
3592 2965 3674 3017 ὅτι

2084 3058 2146 3110 οὐ
2183 3056 2336 3126 παρά
2366 3055 2466 3126 τὴν
2499 3054 2665 3108 αὐτοῦ
2702 3054 2886 3108 αἰτίαν
2905 3071 2958 3105 τι
3007 3053 3322 3121 γεγένηται·
3360 3052 3453 3102 καὶ
3505 3048 3566 3100 τὸ
3607 3047 3672 3118 δὴ

2086 3141 2288 3210 μεῖζον,
2320 3137 2558 3192 κύουσαν
2588 3139 2898 3208 ἐξέπεμψεν
2920 3137 3110 3206 αὐτήν.
3146 3135 3242 3197 Τίς
3267 3133 3367 3186 οὐκ
3387 3133 3454 3185 ἂν
3471 3131 3671 3200 ἠλέησε

2082 3223 2365 3293 κυήσασαν
2413 3222 2471 3288 ἐξ
2527 3223 2692 3275 αὐτοῦ
2746 3221 2992 3286 «nam;
3033 3218 3176 3271 Ἀλλ’
3223 3217 3322 3284 οὐχ
3376 3217 3404 3267 6
3453 3213 3663 3274 δίκαιος

2081 3305 2436 3376 ἐπεκάμφθη·
2467 3306 2687 3359 πάντων
2713 3305 2822 3376 γὰρ
2847 3304 2949 3376 τὴν
2987 3304 3211 3373 ἀγάπην
3246 3299 3536 3372 προύτίθει
3567 3298 3668 3368 τὴν

2083 3390 2221 3460 πρὸς
2244 3389 2345 3459 τὴν
2373 3392 2636 3459 γυναῖκα.

2153 3520 2221 3585 ζ’.
2249 3519 2454 3573 Τοῦτον
2484 3518 2784 3590 μιμώμεθα
2813 3519 2906 3572 καὶ
2926 3520 3106 3590 ἡμεῖς·
3149 3515 3339 3586 μηδείς
3367 3513 3676 3578 όνειδιζέτω

2081 3603 2276 3656 πενίαν
2304 3602 2382 3673 τῷ
2433 3602 2686 3673 πλησίον,
2726 3602 2912 3672 μηδεὶς
2965 3600 3264 3672 χρημάτων
3317 3599 3518 3666 ἐράτω,
3575 3598 3672 3650 καὶ

2083 3687 2263 3740 πάντα
2286 3685 2524 3738 λέλυται.
2564 3685 2715 3755 Μηδὲ
2738 3685 2946 3752 λεγέτω
2975 3683 3113 3754 γυνὴ
3146 3682 3282 3752 πρὸς
3339 3680 3431 3732 τὸν
3480 3679 3673 3749 ἄνδρα·

2083 3769 2233 3842 [155]
2269 3770 2533 3841 Ἀνανδρε
2580 3771 2676 3823 καὶ
2720 3768 2880 3832 δειλὲ,
2915 3767 3077 3820 ὄκνου
3103 3765 3290 3835 γέμων
3316 3765 3406 3817 καὶ
3445 3763 3680 3824 νωθείας

2081 3855 2175 3906 καὶ
2203 3853 2371 3907 ὐπνου
2394 3851 2616 3917 πολλοῦ,
2639 3853 2668 3903 6
2687 3852 2836 3905 δεῖνα
2869 3849 3124 3913 ταπεινὸς
3161 3850 3252 3902 καὶ
3283 3849 3348 3900 ἐκ
3379 3847 3675 3909 ταπεινῶν,

2080 3937 2356 4001 κινδύνους
2385 3937 2660 4007 ἀράμενος
2689 3936 2784 3988 καὶ
2806 3933 3117 4002 ἀποδημίας
3143 3931 3515 4000 στειλάμενος.
3545 3930 3678 3982 πολ-

2079 4018 2177 4092 λὴν
2203 4022 2302 4093 τὴν
2327 4018 2515 4073 οὐσίαν
2537 4018 2783 4088 ἐποίησε,
2817 4016 2913 4070 καὶ
2953 4018 2985 4086 ἡ
3013 4015 3152 4086 γυνὴ
3199 4015 3548 4084 χρυσοφορεῖ,
3587 4015 3680 4064 καὶ

2081 4105 2173 4157 ἐπί
2190 4103 2414 4172 ζεύγους
2427 4102 2632 4156 λευκῶν
2651 4102 2889 4172 ἡμιόνων
2906 4100 3142 4170 πρόεισι,
3161 4097 3519 4169 περιφέρεται
3545 4113 3678 4148 παν-

2080 4188 2270 4259 ταχοῦ,
2295 4185 2522 4240 οἰκετῶν
2548 4186 2747 4254 ἀγέλας
2769 4183 2880 4254 ἔχει
2902 4184 2996 4235 καὶ
3017 4181 3288 4251 εὐνούχων
3307 4182 3474 4250 ἐσμόν
3491 4198 3504 4210 ·
3531 4181 3593 4234 σύ
3619 4181 3677 4234 δὲ

2082 4271 2453 4340 κατέπτηχας,
2482 4269 2576 4322 καί
2603 4269 2726 4338 εἰκῆ
2764 4267 2882 4338 ζῇς.
2913 4266 3005 4337 Μὴ
3055 4265 3258 4332 λεγέτω
3305 4263 3478 4316 ταῦτα
3517 4262 3675 4334 γυνὴ,

2081 4355 2176 4408 καὶ
2200 4356 2267 4408 τά
2293 4353 2500 4416 τούτοις
2531 4353 2691 4422 ὃμοια
2713 4366 2726 4379 ·
2760 4352 2918 4421 σῶμα
2956 4351 3064 4422 γάρ
3092 4351 3258 4413 ἐστιν,
3290 4347 3388 4416 οὐχ
3427 4347 3516 4398 ἵνα
3555 4347 3674 4399 δια-

2080 4440 2251 4510 τάττῃ
2273 4440 2340 4510 τῇ
2369 4437 2601 4507 κεφαλῇ,
2618 4435 2837 4488 ἀλλ’ἵνα
2862 4434 3114 4503 πείθηται
3143 4433 3237 4485 καὶ
3262 4429 3532 4502 ὑπακούῃ.
3555 4428 3678 4490 Πῶς

2081 4521 2176 4577 οὖν
2198 4523 2354 4586 οἴσει,
2391 4520 2546 4591 φησί,
2577 4519 2676 4590 τὴν
2699 4519 2927 4584 πενίαν;
2959 4517 3124 4568 πόθεν
3154 4516 3377 4585 εὑρήσει
3415 4530 3671 4582 παραμυ-

2084 4607 2206 4659 θίαν
2225 4623 2240 4672 ;
2278 4603 2615 4672 Ἐκλεγέσθω
2637 4619 2750 4674 παρ
2766 4603 2779 4620 ‘
2801 4605 2970 4672 ἐαυτῇ
2991 4601 3087 4662 τὰς
3107 4599 3460 4669 πενεστέρας,
3489 4597 3672 4650 ἀναλο·

2082 4688 2320 4758 γιζέσθω
2361 4687 2524 4740 πόσαι
2555 4687 2720 4740 πάλιν
2753 4688 2994 4754 εὐγενεῖς
3029 4684 3123 4737 καὶ
3158 4681 3216 4746 ἐξ
3243 4681 3483 4750 εὐγενῶν
3521 4682 3678 4750 κόραι

2083 4774 2143 4827 οὐ
2169 4771 2328 4843 μόνον
2349 4771 2408 4835 ἐξ
2424 4770 2632 4841 ἀνδρῶν
2655 4769 2808 4822 οὐδὲν
2831 4767 3188 4837 προσέλαϐον,
3210 4766 3348 4818 ἀλλά
3375 4763 3475 4816 καὶ
3506 4781 3676 4833 προσο
3737 4791 3740 4796 -

2086 4857 2310 4919 έδωκαν,
2334 4855 2430 4907 καὶ
2458 4855 2525 4906 τά
2566 4852 2746 4906 αὐτῶν
2784 4851 2999 4904 ἅπαντα
3049 4850 3334 4902 ἀνάλωσαν
3357 4863 3370 4875 ·
3427 4847 3678 4898 ἐννοείτω

2084 4941 2210 5001 τοὺς
2231 4940 2296 4990 ἐκ
2328 4937 2584 4989 τοιούτοιν
2609 4934 2854 4988 πλούτων
2880 4932 3180 4995 κινδύνους,
3217 4932 3310 4982 καὶ
3337 4929 3429 4981 τὸν
3450 4929 3670 4999 ἀπράγ-

2091 5037 2228 5091 μονα
2257 5020 2565 5073 ἀσπάσεται
2602 5018 2735 5086 βίον.
2776 5017 2882 5068 Καὶ
2907 5016 3043 5075 ὅλως
3067 5016 3116 5066 εἰ
3144 5012 3516 5084 φιλοστόργως
3541 5012 3676 5082 πρὸς

2087 5104 2179 5156 τὸν
2209 5104 2380 5172 ἄνδρα
2411 5101 2700 5166 διακέοιτο,
2737 5099 2893 5152 οὐδὲν
2927 5098 3168 5151 τοιοῦτον
3204 5098 3338 5168 ἐρεῖ,
3370 5096 3488 5148 ἀλλ’
3511 5096 3676 5165 αἱρή-

2092 5204 2242 5242 σεται
2279 5187 2505 5256 πλησίον
2549 5185 2720 5254 αὐτῆς
2754 5183 2899 5252 ἔχειν
2935 5182 3098 5235 αὐτὸν
3137 5182 3304 5251 μηδὲν
3359 5178 3672 5250 πορίζοντα,

2088 5273 2122 5341 ἢ
2151 5271 2320 5342 μυρία
2351 5271 2589 5323 τάλαντα
2629 5267 2830 5338 χρυσοῦ
2864 5267 3001 5336 μετὰ
3039 5267 3314 5336 μερίμνης
3333 5264 3427 5316 καὶ
3453 5263 3676 5332 φροντί-

2088 5357 2178 5419 δος
2210 5355 2310 5424 τῆς
2335 5355 2400 5406 ἐκ
2430 5352 2540 5406 τῶν
2560 5351 2876 5422 ἀποδημιῶν
2904 5353 3023 5403 ut:
3043 5348 3292 5415 γυναιξὶν
3320 5347 3678 5416 ἐγγινομένης

2090 5441 2197 5494 ἀεί.
2216 5437 2377 5490 Ἀλλὰ
2406 5436 2540 5508 μηδὲ
2557 5439 2584 5489 6
2607 5435 2744 5506 ἀνὴρ
2761 5434 2930 5487 ταῦτα
2957 5434 3170 5487 ἀκούων
3201 5431 3275 5494 ὡς
3315 5431 3490 5500 ἀρχὴν
3515 5431 3674 5499 ἔχων,

2092 5527 2186 5578 ἐπί
2220 5522 2407 5593 ὐϐρεις
2430 5521 2716 5592 τρεπέσθω
2755 5520 2850 5572 καὶ
2877 5519 3113 5589 πληγὰς,
3148 5517 3284 5570 ἀλλά
3315 5516 3675 5586 παραινείτω,

2091 5610 2412 5662 νουθετείτω
2433 5650 2446 5669 ,
2479 5607 2554 5669 ὡς
2581 5604 2941 5674 ἀτελεστέραν
2970 5603 3253 5671 λογισμοῖς
3301 5599 3674 5667 ἀναπειθέτω,

2093 5696 2279 5764 χεῖρας
2306 5691 2578 5761 μηδέποτε
2618 5690 2927 5742 ἐντεινέτω·
2961 5687 3151 5758 πόρρω
3179 5683 3470 5754 ἐλευθέρας
3496 5683 3678 5754 ψυχῆς

2092 5777 2286 5832 ταῦτα·
2314 5773 2448 5828 ἀλλά
2467 5772 2600 5843 μηδέ
2618 5771 2824 5842 ὕϐρεις,
2842 5771 2976 5843 μηδὲ
3001 5770 3202 5840 ὀνείδη,
3230 5768 3362 5838 μηδὲ
3380 5766 3676 5836 λοιδορίας·

2099 5861 2212 5917 ἀλλ’
2242 5858 2692 5928 ώςάνσητότερον
2743 5856 3095 5928 διακειμένην
3139 5852 3469 5926 ῥυθμιζέτω.
3508 5852 3676 5905 Πόθεν
