4092 6488
354 487 357 490 ,
442 419 546 475 na

437 531 496 586 δὲ
532 530 689 585 τοῦτο
713 529 900 595 ἔσταις
943 529 1070 583 Ἐάν
1097 530 1187 583 τὸν
1229 529 1403 598 ἀληθῆ
1439 527 1670 582 πλοῦτον
1730 527 2002 598 μανθάνῃ,

438 615 535 668 ἐὰν
567 615 665 684 τὴν
698 613 807 666 ἄνω
831 614 1168 684 φιλοσοφίαν,
1195 612 1348 666 οὐδὲν
1372 612 1660 681 ἐγκαλέσει
1686 611 1794 665 τῶν
1830 609 2010 664 τοιού-

436 707 604 752 των⁶.
668 697 974 751 Διδασκέτω
999 696 1187 767 αὐτὴν,
1212 697 1293 750 ὅτι
1319 697 1476 750 πενία
1490 698 1659 751 κακὸν
1674 696 1845 749 οὐδέν·
1862 694 2012 748 διδα-

439 780 635 841 σκέτω,
679 779 754 849 μὴ
784 779 851 833 δι’
886 773 961 833 ὧν
995 779 1144 847 λέγει
1177 780 1359 850 μόνον,
1385 780 1522 833 ἀλλὰ
1548 780 1644 833 καί⁵
1664 779 1730 832 δι’
1750 772 1824 831 ὧν
1847 778 2009 830 ποιεῖ’

434 864 731 917 διδασκέτω
758 862 915 933 δόξης
938 867 1322 935 καταφρονεῖν,
1364 866 1460 918 καὶ
1512 864 1664 919 οὐδὲν
1714 863 1955 916 τοιοῦτον
1978 861 2013 931 ή

433 945 571 1014 γυνὴ
596 944 717 998 οὔτε
746 949 864 1016 ἐρεῖ
890 946 1014 1000 οὔτε
1071 947 1425 1018 ἐπιθυμήσει.
1475 946 1748 1017 Καθάπερ
1787 944 2013 1014 ἄγαλμα

432 1027 743 1097 δεχόμενος,
773 1028 943 1093 οὕτως
975 1030 1084 1083 ἀπὸ
1132 1030 1232 1100 τῆς
1278 1030 1519 1098 ἑσπέρας
1568 1028 1808 1098 ἐκείνης,
1838 1024 1909 1098 ἦς
1943 1027 2012 1079 ἂν

433 1110 603 1181 αὐτὴν
627 1113 707 1175 εἰς
734 1113 826 1165 τὸν
864 1114 1107 1183 θάλαμον
1133 1112 1378 1183 δέχηται,
1405 1112 1705 1166 διδασκέτω
1729 1109 2014 1180 σωφροσύ-

434 1210 554 1262 νην,
585 1194 906 1257 ἐπιείκειαν,
958 1197 1108 1258 ὅπως
1141 1196 1407 1265 βιῶσηται
1440 1196 1675 1267 σεμνῶς,
1728 1196 1793 1248 ὲκ
1823 1210 2010 1263 προοι-

438 1275 574 1346 μίων
600 1278 804 1343 εὐθέως
838 1281 933 1333 καὶ
966 1279 1027 1345 ἐξ
1054 1280 1236 1333 αὐτῶν
1282 1282 1391 1333 τῶν
1420 1280 1709 1351 προθύρων
1736 1276 2009 1333 καταϐάλ-

436 1358 545 1413 λων
597 1360 707 1413 τῶν
759 1363 1058 1434 χρημάτων
1123 1363 1215 1416 τὸν
1271 1363 1489 1433 ἐρωτα’
1549 1364 1643 1416 καὶ
1692 1361 2013 1429 φιλοσοφίαν

437 1445 760 1507 παιδευέτω,
813 1449 907 1499 καὶ
958 1448 1296 1518 παραινείτω
1340 1449 1488 1509 ὅπως
1549 1449 1623 1517 μὴ
1676 1446 1762 1515 εἴη
1811 1446 2012 1516 χρυσία

437 1528 763 1598 κρεμάμενα
792 1530 886 1582 ἐπὶ
920 1530 1028 1582 τῶν
1066 1528 1220 1583 ὤτων
1250 1531 1345 1583 καὶ
1368 1530 1507 1583 κατά
1526 1530 1634 1583 τῶν
1653 1530 1896 1599 παρειῶν
1916 1530 2012 1581 καὶ

435 1612 530 1664 ἐπὶ
562 1611 654 1665 τοῦ
690 1612 961 1683 τραχήλου
1015 1614 1400 1684 περικείμενα,
1458 1618 1596 1686 μήτε
1636 1613 2014 1683 κατακείμενα

436 1696 565 1766 περὶ
587 1696 676 1749 τὸν
693 1696 960 1765 θάλαμον,
992 1698 1132 1768 μήτε
1173 1699 1367 1768 ἱμάτια
1393 1700 1572 1769 χρυσᾶ
1599 1701 1694 1752 καὶ
1741 1697 2009 1767 πολυτελῆ

434 1778 794 1848 ἀποκείμεναο
839 1778 956 1832 ἀλλ’
990 1779 1131 1833 ἔστω
1163 1781 1263 1851 μὲν
1308 1781 1530 1851 φαιδρὸς
1574 1784 1602 1836 ό
1646 1781 1871 1851 κόσμος,
1935 1778 2011 1850 μὴ

438 1860 548 1930 μὴν
588 1862 668 1923 εἰς
717 1861 875 1930 ὓϐριν
903 1864 935 1931 ή
965 1863 1263 1934 φαιδρότης
1305 1863 1641 1918 ὲκπιπτέτωο
1674 1863 1811 1917 ἀλλὰ
1835 1861 2011 1916 ταῦτα

432 1945 592 2013 ἀφεὶς
616 1947 728 2007 τοῖς
757 1946 850 1997 ἐπὶ
875 1946 975 2015 τῆς
1006 1948 1232 2017 σκηνῆς,
1264 1948 1429 2012 αὐτὸς
1490 1946 1630 2018 μετά
1678 1947 1882 2017 πολλῆς
1910 1947 2011 2015 τῆς

433 2029 791 2097 κοσμιότητος
859 2027 1170 2094 καλλώπιζε
1245 2030 1339 2083 τὸν
1433 2027 1616 2097 οἰκον,
1651 2030 2010 2100 σωφροσύνης

431 2111 666 2163 πνέοντα
700 2111 922 2181 μᾶλλον,
954 2113 987 2184 ἢ
1019 2112 1187 2184 ἄλλης
1216 2113 1361 2178 τινὸς
1385 2115 1637 2178 εὐωδίας.
1670 2114 1776 2168 Δύο
1814 2114 1925 2184 γὰρ
1948 2116 2012 2167 ὲκ

428 2193 622 2247 τούτου
660 2194 831 2258 ἔσται,
858 2195 954 2248 καὶ
991 2195 1120 2268 τρία
1154 2198 1224 2250 τὰ
1276 2198 1439 2251 καλά·
1470 2198 1688 2269 πρῶτον
1736 2197 1856 2267 μὲν,
1908 2198 2011 2252 οὐκ

431 2276 661 2348 ἀλγήσει
719 2280 753 2346 ή
811 2277 1020 2349 νύμφη,
1061 2278 1327 2334 λυθεισῶν
1381 2281 1489 2334 τῶν
1543 2282 1865 2345 παστάδων,
1914 2280 2011 2333 καὶ

430 2362 912 2431 ἀποπεμπομένων
968 2362 1185 2433 ἑκάστῳ
1232 2364 1328 2417 καὶ
1369 2363 1480 2416 τῶν
1512 2363 1743 2433 ἱματίων
1777 2362 2011 2417 καὶτῶν

430 2447 668 2516 χρυσίων
701 2448 796 2500 καὶ
827 2446 935 2499 τῶν
966 2446 1176 2499 σκευῶν
1198 2446 1309 2500 τῶν
1333 2446 1613 2518 άργυρῶψ
1636 2446 1907 2518 δεύτερον,
1945 2447 2006 2499 ού

430 2529 708 2600 φροντίσει
749 2530 779 2582 ὁ
808 2530 1042 2601 νυμφίος
1091 2530 1234 2603 ὑπὲρ
1281 2532 1383 2601 τῆς
1439 2531 1741 2595 ἀπωλείας,
1784 2532 1878 2585 καὶ
1908 2532 2009 2600 τῆς

429 2614 677 2684 φυλακῆς
709 2614 817 2668 τῶν
866 2614 1372 2685 συμπορισθέντων.
1434 2615 1633 2686 Τρίτον
1686 2615 1849 2669 πάλιν
1871 2615 2009 2685 πρὸς

425 2697 658 2761 τούτοις,
688 2698 748 2752 τὸ
777 2697 1076 2767 κεφάλαιον
1105 2696 1216 2751 τῶν
1248 2697 1491 2766 ἀγαθῶν,
1513 2698 1574 2763 ὲξ
1590 2698 1774 2752 αὐτῶν
1802 2698 2013 2751 τούτων

427 2782 722 2849 ἐνδείξεται
744 2782 843 2852 τὴν
875 2780 1040 2835 αὑτοῦ
1081 2782 1328 2852 γνώμην,
1357 2782 1441 2835 ὅτι
1464 2782 1530 2854 δὴ
1585 2782 1793 2836 τούτων
1831 2781 2009 2836 οὐδενί⁵

425 2865 607 2938 χαίρει
638 2864 808 2938 [ιδιι.
849 2866 942 2919 καὶ
957 2866 1040 2919 ὃτι
1068 2866 1162 2918 καὶ
1188 2864 1259 2918 τά
1286 2865 1450 2920 λοιπά
1475 2867 1653 2920 πάντα
1689 2865 2007 2932 καταλύσει,

426 2949 522 3003 καὶ
562 2949 701 3019 μήτε
720 2948 1033 3019 ὀρχήματα,
1077 2951 1215 3019 μήτε
1258 2949 1533 3019 άσέμνους
1578 2948 1721 3021 ᾠδάς
1752 2948 2008 3017 γενέσθαι

427 3033 774 3102 συγχωρήσει
807 3030 959 3086 ποτέ.
995 3032 1107 3086 Καὶ
1134 3028 1250 3086 οῖδα
1282 3032 1382 3102 μὲν
1406 3033 1490 3087 ὅτι
1518 3032 1661 3086 δοκῶ
1703 3031 2009 3100 καταγέλα-

428 3132 552 3178 στος
576 3112 715 3169 εἶναι
742 3114 873 3178 ἴσως
899 3115 1034 3178 τισὶ,
1062 3115 1134 3169 τά
1189 3114 1424 3169 τοιαῦτα
1476 3114 1790 3185 νομοθετῶν
1819 3131 1833 3144 ·
1866 3114 2009 3183 πλὴν

424 3197 542 3253 ἀλλ’
592 3197 687 3251 ἐὰν
721 3196 981 3267 πεισθῆτέ
1024 3214 1136 3268 μοι,
1182 3197 1278 3251 τοῦ
1333 3198 1530 3268 χρόνου
1562 3196 1867 3266 προϊόντος,
1911 3197 2009 3250 καὶ

423 3281 526 3350 τῆς
547 3281 654 3335 άπὸ
679 3281 772 3335 τοῦ
807 3282 1133 3353 πράγματος
1155 3279 1523 3341 ἀπολαύοντες
1562 3279 1851 3349 ὠφελείας.
1884 3280 2008 3333 τότε

424 3366 484 3420 τὸ
512 3365 700 3437 κέρδος
751 3364 982 3418 εἴσεσθε⁸
1024 3363 1118 3417 καὶ
1160 3365 1189 3416 ὁ
1243 3365 1340 3433 μὲν
1379 3364 1554 3435 γέλως
1605 3365 1886 3435 ῥυήσεται,
1913 3366 2007 3419 καὶ

425 3447 866 3519 καταγελάσεσθε
893 3445 988 3501 τοῦ
1007 3446 1104 3500 νῦν
1138 3446 1314 3512 ἔθους,
1352 3449 1447 3501 καὶ
1494 3446 1693 3517 ὄψεσθε
1730 3448 1813 3501 ὃτι
1837 3447 2008 3510 ὅντως

425 3533 633 3587 παίδων
658 3532 925 3603 ἀνοήτων,
957 3530 1052 3584 καὶ
1107 3529 1319 3602 ἀνδρῶν
1348 3530 1654 3601 μεθυόντων
1683 3529 1801 3584 ἐστὶ
1822 3530 1889 3583 τά
1921 3546 2009 3600 γι-

423 3617 625 3687 νόμενα
651 3616 768 3669 νῦν·
799 3613 836 3669 ἃ
857 3614 914 3668 δὲ
948 3614 1226 3683 παραινῶ,
1261 3613 1617 3685 σωφροσύνης
1661 3614 1757 3667 καὶ
1786 3613 2005 3685 φιλοσο-

426 3701 573 3770 φίας,
594 3700 690 3754 καὶ
722 3700 821 3770 τῆς
847 3698 1108 3752 ἀνωτάτω
1146 3696 1425 3761 πολιτείας
1452 3697 1589 3750 ὲστί.
1623 3696 1690 3749 Τί
1718 3692 1813 3750 οὖν
1862 3714 2006 3768 φημι

423 3785 565 3850 δείν;
591 3783 776 3837 Πάντα
792 3782 862 3836 τὰ
891 3782 1115 3854 ᾅσματα
1143 3782 1211 3835 τὰ
1238 3782 1463 3852 αἰσχρὰ,
1487 3780 1554 3834 τά
1580 3781 1872 3842 σατανικά,
1904 3782 2006 3845 τὰς

425 3867 697 3936 ἁσέμνους
720 3866 884 3937 ᾠδὰς,
903 3866 1001 3928 τάς
1023 3866 1329 3937 συνδρομάς
1344 3865 1455 3918 τῶν
1482 3864 1800 3918 ἀκολάστων
1819 3864 1845 3903 δ
1867 3864 2005 3919 νέων

426 3949 646 4021 περίελε
678 3949 773 4002 τοῦ
803 3950 1004 4019 γάμου,
1051 3951 1146 4004 καὶ
1179 3950 1354 4003 ταῦτα
1397 3948 1498 4018 τὴν
1532 3949 1755 4018 νύμφην
1791 3965 2007 4019 σωφρο-

425 4035 571 4086 νίσαι
603 4033 910 4105 δυνήσεται.
943 4032 1159 4097 Εὐθέως
1188 4035 1296 4103 γάρ
1334 4034 1461 4100 παρ’
1511 4033 1678 4102 ἑαυτῇ
1714 4031 2001 4100 λογιεῖται,

425 4116 630 4171 Βαϐαίί
654 4120 803 4181 ποῖος
835 4112 990 4181 οὗτος
1020 4120 1049 4171 ό
1080 4118 1252 4189 ἀνήρ;
1292 4115 1584 4185 φιλόσοφός
1635 4115 1805 4176 ἐστιν,
1850 4115 2004 4169 οὐδὲν

423 4200 514 4254 τὸν
537 4200 781 4272 παρόντα
808 4203 1023 4271 ἡγεῖται
1060 4200 1197 4272 βίον,
1242 4201 1335 4252 ἐπὶ
1369 4198 1717 4253 παιδοποιίαν
1742 4200 1837 4253 καὶ
1871 4217 2002 4253 παι-

422 4284 711 4356 δοτροφίαν
745 4301 811 4354 με
848 4285 1055 4355 ήγαγεν
1078 4286 1156 4347 είς
1186 4282 1285 4354 τῆν
1314 4281 1496 4336 οἰκίαν
1523 4283 1623 4353 τὴν
1655 4282 1875 4345 ἑαυτοῦ,
1910 4282 2005 4334 ἐπὶ

421 4367 722 4438 οἰκουρίαν.
759 4367 897 4421 Ἀλλ’
934 4366 1077 4438 ἀηδῆ
1114 4366 1289 4420 ταῦτα
1319 4368 1384 4437 τῇ
1426 4364 1657 4437 νύμφῃς
1693 4364 1874 4437 Μέχρι
1900 4365 2003 4436 τῆς

424 4452 651 4523 πρώτης
704 4452 942 4524 ἡμέρας,
971 4451 1064 4505 καὶ
1094 4452 1191 4520 τῆς
1225 4450 1508 4520 δευτέρας·
1555 4449 1745 4503 λοιπὸν
1771 4450 1828 4503 δὲ
1877 4450 2001 4510 οὐκ,

423 4534 561 4588 ἀλλά
609 4536 700 4589 καί
739 4534 1002 4605 μεγίστην
1032 4532 1388 4602 καρπώσεται
1423 4534 1523 4604 τὴν
1567 4531 1784 4603 ήδονὴν,
1821 4533 2004 4603 πάσης

425 4619 624 4689 ἑαυτὴν
650 4619 887 4688 ὑποψίας
916 4616 1360 4671 ἀπαλλάττουσα.
1398 4616 1459 4669 '0
1505 4614 1616 4687 γὰρ
1656 4618 1795 4684 μήτε
1820 4615 2002 4669 αὐλῶν

426 4702 563 4773 μήτε
593 4701 940 4772 ὀρχουμένων
976 4700 1111 4771 μήτε
1138 4697 1402 4770 ᾀσμάτων
1447 4697 1839 4766 κεκλασμένων
1871 4698 2000 4751 ἀνα-

424 4784 704 4853 σχόμενος,
745 4781 1041 4837 καὶταῦτα
1087 4781 1240 4851 παρά
1288 4781 1382 4834 τὸν
1412 4778 1507 4833 τοῦ
1558 4779 1738 4850 γάμοι)
1783 4779 1997 4850 καιρὸν,

423 4865 586 4937 σχολῇ
620 4866 671 4933 γ’
692 4865 758 4920 διν
816 4858 972 4929 οὗτος
1006 4862 1256 4930 ἀνέξεταί
1281 4880 1409 4916 ποτε
1438 4862 1643 4933 πρᾶξαι
1673 4862 1704 4931 ἢ
1736 4864 1910 4918 εἰπεῖν
1945 4883 1997 4919 τι

421 4950 669 5020 αἰσχρόν.
705 4946 860 5002 Μετὰ
896 4947 955 5001 δὲ
980 4945 1157 5009 τοῦτο,
1184 4947 1314 4999 ὅταν
1336 4946 1515 4999 πάντα
1547 4946 1806 5018 περιέλῃς
1824 4948 1999 5003 ταῦτα

420 5029 513 5084 τοῦ
552 5029 753 5098 γάμου.
791 5028 1120 5100 παραλαϐὼν
1147 5027 1338 5099 αὐτὴν,
1361 5027 1563 5082 πλάττε
1598 5028 1796 5094 καλῶς,
1817 5030 1877 5083 τὸ
1898 5032 1997 5101 μὲν

421 5112 775 5183 αἰσχυντηλόν
807 5113 900 5166 ἐπὶ
934 5112 1069 5165 πολὺ
1114 5109 1207 5164 τοῦ
1251 5111 1445 5181 χρόνου
1498 5110 1728 5179 ἐξάγων,
1781 5114 1877 5167 καὶ
1921 5114 1997 5186 μὴ

418 5196 651 5250 διαλύων
675 5195 909 5266 ταχέως.
937 5194 1060 5248 Κᾶν
1089 5192 1199 5264 γὰρ
1237 5192 1740 5268 ἀναισχυντοτέραῇ
1773 5198 1807 5266 ἡ
1832 5198 1995 5267 κόρη,

423 5280 587 5349 μέχρι
609 5278 800 5349 καιροῦ
823 5278 983 5348 σιγᾷν
1014 5275 1173 5339 οἶδεν,
1207 5277 1506 5349 αἰδουμένη
1543 5279 1634 5331 τὸν
1678 5280 1869 5351 ἄνδρα,
1904 5283 1999 5335 καὶ

423 5360 737 5433 ξενιζομένη
793 5361 932 5431 πρὸς
978 5359 1048 5413 τά
1079 5361 1402 5430 πράγματα.
1439 5362 1511 5416 Σὺ
1540 5363 1719 5417 τοίνυν
1751 5363 1910 5418 τοῦτο
1937 5365 1998 5417 τὸ

419 5444 775 5515 αἰσχυντηλδν
802 5445 876 5513 μὴ
904 5442 1164 5512 διαλύσῃς
1197 5444 1428 5515 ταχέως,
1457 5445 1594 5517 ὅπερ
1615 5447 1665 5498 οί
1706 5446 1997 5500 ἀκόλαστοι

421 5526 635 5581 τεκοῦσι
658 5525 766 5579 τῶν
791 5524 1022 5596 ἀνδρῶν,
1054 5526 1170 5582 ἀλλ’
1198 5527 1507 5597 ἐπεξάγαγε
1538 5529 1631 5582 ἐπὶ
1659 5528 1825 5584 πολὺν
1865 5530 1998 5601 χρό-

478 5795 508 5862 _‘
533 5793 687 5862 pnus,
713 5795 1067 5862 τῶν-τοιούτων
1095 5798 1440 5862 φιλοσοφοῦντα.

479 5854 508 5898 ιι
536 5857 685 5920 Μαι-ε.
708 5854 882 5918 Savil.,
908 5854 1203 5923 ἀκαθάρτων.

1152 413 1212 470 S.
1247 413 1533 472 JOANNIS
1570 410 2061 469 CHRYSOSTOMI
2100 409 2426 469 ARCBIEP.
2467 412 3027 471 CONSTAZ‘TINOP.

3599 410 3698 467 ηδ

2114 542 2228 578 νονο
2264 526 2410 597 μέγα
2435 527 2545 596 γάρ
2577 546 2662 582 σοι
2676 528 2837 584 τοῦτο
2853 529 3004 583 ἔσται
3028 528 3240 602 κέρδος.
3271 528 3386 583 Οὐκ
3410 524 3702 596 ἐγκαλέσει

2111 608 2271 673 τέως,
2298 611 2359 663 οὐ
2394 611 2671 681 μέμψεται
2704 613 2788 682 ἐφ’
2813 607 2895 676 οἷς
2918 612 3288 686 διατυπώσῃς.

2180 699 2251 762 η’.
2275 694 2460 747 Πάντα
2481 694 2660 748 τοίνυν
2685 695 2803 749 κατ’
2837 698 3043 750 ἐκεῖνον
3071 696 3350 767 νομοθέτει
3368 693 3462 748 τὸν
3483 692 3699 763 χρόνον,

2113 780 2356 852 καθ’ὃνή
2381 783 2633 856 αἰσχύνη,
2649 784 2904 858 καθάπερ
2922 803 3007 849 τις
3027 784 3243 856 χαλινὸς
3264 782 3608 853 δπικείμενθς
3629 782 3698 853 τῇ

2111 868 2254 940 ψυχῇ
2266 913 2278 926 .
2301 871 2401 924 οὐκ
2416 872 2642 941 ἀφίησιν
2657 872 3014 944 ούδὲν”μέμφε
3021 873 3165 937 σθαι,
3182 873 3306 927 οὐδὲ
3321 870 3571 941 ἐγκαλεῖν
3583 871 3699 934 τοῖς

2113 958 2440 1026 γινομένοις.
2474 960 2643 1013 Ὅταν
2671 961 2780 1032 γὰρ
2809 963 3123 1035 παρρησίας
3157 959 3481 1029 ἐπιλάϐηται
3501 999 3515 1023 ,
3559 958 3699 1029 μετά

2114 1045 2318 1114 πολλῆς
2348 1046 2450 1115 τῆς
2475 1048 2660 1114 ἀδείας
2687 1049 2867 1104 πάντα
2895 1051 3197 1121 ἀνατρέπει
3224 1049 3321 1103 καί⁵
3350 1049 3559 1117 συγχεῖ.
3598 1046 3700 1099 I16-

2111 1147 2172 1184 τε
2193 1132 2373 1186 τοίνυν
2397 1135 2545 1187 ἐστὶν
2570 1135 2758 1206 ἕτερος
2779 1135 2923 1190 οὕτω
2944 1136 3132 1208 καιρὸς
3151 1135 3459 1205 ἐπιτήδειος
3483 1132 3619 1203 πρὸς
3637 1131 3703 1185 τὸ

2114 1218 2371 1273 πλάττειν
2416 1225 2674 1289 γυναῖκα,
2719 1222 2795 1286 ὡς
2826 1224 3055 1287 ἐκεῖνος,
3093 1222 3230 1277 καθ’
3266 1220 3325 1274 δν
3353 1220 3579 1275 αἰδεῖται
3608 1217 3704 1273 τδν

2113 1305 2303 1376 ἄνδρα,
2333 1307 2428 1360 καὶ
2455 1307 2693 1362 δέδοικεν
2725 1309 2807 1361 ἔτι
2835 1310 2930 1363 καί¹
2975 1308 3343 1370 δυσωπεῖται
3391 1305 3527 1359 Τότε
3559 1305 3697 1375 αὐτῇ

2112 1393 2250 1446 τίθει
2283 1395 2409 1457 τοὺς
2429 1394 2630 1466 νόμους
2655 1396 2925 1459 ἅπαντας,
2949 1397 3045 1450 καὶ
3071 1395 3285 1457 πάντως
3317 1393 3701 1464 πεισθήσεται,

2113 1478 2207 1532 καὶ
2238 1481 2437 1535 ἑκοῦσα
2460 1484 2556 1536 καὶ
2584 1483 2813 1538 ἄκουσα.
2847 1483 2973 1548 Πῶς
3002 1483 3061 1538 δὲ
3092 1483 3192 1554 τὴν
3226 1481 3491 1552 αἰσχύνην
3515 1481 3575 1534 ού
3604 1479 3701 1533 λύε-

2114 1585 2261 1636 σεις;
2290 1570 2458 1624 Ὅταν
2479 1571 2645 1644 φαίνῃ
2679 1574 2775 1627 καὶ
2800 1574 2962 1637 αὐτὸς
2993 1573 3147 1626 οὐδὲν
3174 1567 3335 1643 ἦττον
3368 1571 3583 1640 ἐκείνης
3614 1571 3702 1623 αἰ-

2114 1658 2470 1729 σχυνόμενος,
2505 1659 2663 1729 ὀλίγα
2709 1659 2811 1731 μὲν
2844 1660 3388 1731 προσδιαλεγόμενος,
3440 1658 3531 1713 καὶ
3561 1658 3704 1711 αύτά

2110 1742 2169 1797 δὲ
2200 1745 2339 1814 μετὰ
2371 1745 2573 1816 πολλῆς
2618 1749 2718 1817 τῆς
2750 1745 3069 1818 ὲμϐριθείας
3097 1747 3192 1800 καὶ
3222 1747 3325 1815 τῆς
3356 1744 3699 1815 συστροφῆς·

2110 1832 2233 1886 τότε
2259 1833 2394 1905 αὐτῇ
2427 1835 2555 1898 τοὺς
2584 1838 2714 1906 περί
2743 1834 3064 1905 φιλοσοφίας
3092 1834 3325 1896 κατάθες
3355 1832 3548 1902 λόγους
3573 1848 3588 1862 ’
3617 1832 3703 1885 δέ-

2109 1937 2261 1991 χεται
2284 1920 2442 1992 γὰρὴ
2465 1921 2608 1992 ψυχή
2628 1940 2641 1953 ·
2660 1923 2741 1986 εἰς
2757 1922 2857 1992 τὴν
2882 1922 3174 1993 καλλίστην
3203 1920 3317 1985 ἓξιν
3341 1920 3512 1989 αὐτὴν
3529 1920 3699 1973 κατά-

2111 2024 2326 2077 στησον,
2363 2008 2462 2078 τὴν
2507 2007 2769 2080 αἰσχύνην
2811 2008 2976 2077 λέγω.
3034 2010 3099 2064 Εἰ
3153 2008 3210 2061 δὲ
3251 2007 3544 2078 βούλεσθε,
3605 2008 3702 2060 καὶ

2111 2094 2509 2166 ὑποδείγματος
2541 2096 2727 2149 ἕνεκεν
2764 2095 2898 2165 ἐρῶ,
2932 2096 3055 2149 τίνα
3082 2096 3219 2166 πρὸς
3254 2095 3428 2166 αὐτὴν
3456 2093 3700 2162 διαλέγε-

2111 2182 2236 2238 σθαι
2266 2186 2394 2255 χρή.
2448 2185 2511 2238 Εἰ
2532 2184 2641 2253 γὰρ
2664 2183 2959 2248 Παῦλοςού
2983 2185 3340 2255 παρῃτήσατο
3367 2184 3562 2242 εἰπεῖν,
3592 2181 3693 2248 Μὴ

2110 2270 2262 2342 [155]
2279 2272 2664 2345 ἀποστερεῖτε
2677 2272 3011 2339 ἀλλήλους,
3026 2271 3191 2325 καὶνυ
3200 2286 3371 2340 μφευτ
3381 2269 3500 2339 ρίας
3511 2267 3700 2337 ὲφθέγιι

2111 2358 2240 2423 ξατο
2258 2360 2504 2432 ῥήματα,
2531 2360 2730 2428 μᾶλλον
2743 2359 2799 2412 δὲ
2814 2360 2874 2412 ού
2893 2358 3283 2430 νυμφευτρίας.
3303 2357 3441 2412 ἀλλά
3457 2372 3701 2425 πνευμα-

2107 2448 2267 2518 τικῆς
2295 2446 2500 2518 ψυχῆςο
2532 2448 2715 2519 πολλῷ
2744 2447 2942 2519 μᾶλλον
2961 2449 3121 2519 ἡμεῖς
3144 2447 3205 2500 οὐ
3242 2444 3700 2517 παραιτησόμεθα

2109 2537 2307 2590 εἰπεῖν.
2352 2534 2418 2588 Τί
2455 2535 2634 2588 τοίνυν
2672 2535 2808 2606 αὐτῇ
2841 2534 3186 2603 διαλέγεσθαι
3214 2534 3353 2604 χρής
3379 2532 3534 2586 Μετὰ
3565 2531 3697 2584 πολ-

2108 2620 2206 2692 λῆς
2233 2621 2418 2692 μέντοι
2438 2622 2660 2693 χάριτος
2673 2621 2852 2689 λέγειν
2869 2622 3005 2694 πρὸς
3028 2624 3220 2693 αὐτήν·
3259 2622 3476 2689 Ἡμεῖς,
3494 2613 3540 2673 ὦ
3568 2636 3700 2672 παι-

2107 2709 2240 2773 δίον,
2270 2711 2364 2763 τοῦ
2390 2710 2505 2780 βίου
2533 2727 2592 2764 σε
2622 2710 2877 2764 κοινωνὸν
2904 2710 3171 2780 ἐλάϐομεν
3203 2710 3299 2763 καὶ
3327 2709 3698 2777 εἰσηγάγομεν

2109 2797 2167 2849 ὲν
2195 2799 2309 2860 τοῖς
2340 2798 2691 2868 τιμιωτέροις
2724 2799 2817 2850 καὶ
2854 2796 3305 2869 ἀναγκαιοτέροις
3339 2797 3470 2867 ἡμῖν
3501 2811 3695 2848 κοινω-

2107 2883 2395 2953 νήσουσαν,
2429 2886 2489 2938 ὲν
2521 2883 2865 2955 παιδοποιίᾳ,
2902 2883 2997 2937 καὶ
3032 2884 3211 2946 οἰκίας
3258 2881 3584 2952 προστασίᾳ.
3628 2878 3697 2933 Τί

2108 2966 2204 3025 οὖν
2227 2972 2291 3043 δή
2323 2988 2381 3023 σε
2406 2970 2871 3041 παρακαλοῦμενς
2921 2971 3137 3024 Μᾶλλον
3172 2970 3229 3023 δὲ
3264 2970 3369 3041 πρὸ
3399 2968 3588 3022 τούτου
3625 2966 3697 3020 τά

2106 3060 2211 3130 τῆς
2240 3058 2464 3127 ἀγάπής
2496 3058 2745 3127 διαλέγου
2768 3076 2781 3090 ο
2815 3058 2970 3111 οὐδὲν
2998 3058 3106 3128 γὰρ
3139 3056 3283 3110 οὕτω
3318 3056 3693 3116 συμϐάλλεται

2105 3147 2241 3212 πρὸς
2283 3146 2345 3198 τὸ
2381 3148 2566 3199 πεῖσαι
2590 3146 2684 3200 τὸν
2711 3145 2979 3201 ἀκούοντα
3019 3144 3274 3210 δέξασθαι
3310 3145 3377 3197 τά
3400 3143 3695 3213 λεγόμενα,

2103 3233 2179 3292 ὼς
2210 3231 2272 3284 τὸ
2307 3232 2521 3303 μαθεῖν,
2552 3236 2637 3289 δτι
2675 3233 2814 3305 μετά
2847 3233 3045 3302 πολλῆς
3075 3232 3175 3303 τῆς
3204 3232 3424 3300 ἀγάπης
3455 3230 3694 3297 λέγεται.

2107 3317 2232 3383 Πῶς
2258 3315 2350 3374 οὖν
2383 3320 2574 3387 δείξεις
2599 3322 2699 3392 τὴν
2729 3320 2987 3391 ἀγάπην;
3026 3321 3124 3372 Ἂν
3154 3320 3336 3391 εἴπῃς,
3371 3320 3454 3372 ὃτι
3484 3317 3695 3381 Πολλὰς

2106 3405 2226 3460 ινὸν
2254 3406 2470 3468 λαϐεῖν,
2511 3407 2606 3462 καὶ
2640 3408 3028 3479 εύπορωτέρας
3070 3407 3164 3462 καὶ
3198 3407 3387 3475 γένους
3411 3404 3694 3476 λαμπροῦ,

2106 3494 2206 3565 οὐχ
2224 3494 2471 3565 εἱλόμην,
2502 3494 2639 3549 άλλά
2666 3494 2760 3548 σοῦ
2790 3496 2885 3549 καὶ
2909 3496 3006 3565 τῆς
3032 3496 3130 3564 σῆς
3160 3493 3406 3565 ἠράσθην
3429 3496 3697 3564 ἀναστρο-

2108 3581 2236 3652 φῆς,
2266 3581 2366 3649 τῆς
2387 3582 2760 3651 κοσμιότητος,
2792 3582 2891 3651 τῆς
2920 3582 3239 3645 ἐπιεικείας,
3271 3581 3370 3651 τῆς
3407 3578 3692 3650 σωφροσύ-

2106 3685 2224 3733 νης.
2255 3664 2388 3721 Εἶτα
2417 3668 2525 3721 ἀπὸ
2553 3668 2759 3721 τούτων
2795 3669 2959 3732 εὐθὺς
2985 3668 3408 3739 παρασκεύασον
3442 3668 3559 3721 ὁδὸν
3584 3665 3693 3718 τῶν

2104 3752 2280 3821 λόγων
2304 3752 2413 3806 τῶν
2441 3754 2569 3824 περὶ
2591 3755 2932 3824 φιλοσοφίας,
2966 3758 3064 3809 καὶ
3086 3756 3383 3826 κατηγόρει
3407 3753 3503 3807 τοῦ
3529 3753 3693 3807 πλού-

2102 3857 2199 3893 του
2231 3841 2371 3911 μετά
2394 3858 2538 3907 τινος
2568 3844 2837 3913 περιόδου.
2885 3842 3102 3907 Ἀπλῶς
3139 3843 3240 3914 μὲν
3269 3846 3379 3914 7'19
3402 3844 3494 3896 ἐὰν
3517 3859 3691 3896 κατα-

2104 3948 2161 3985 τε
2172 3931 2286 4004 ίνῃς
2305 3929 2462 4000 λόγον
2478 3934 2620 3986 κατὰ
2642 3933 2898 3997 πλούτου,
2927 3934 3182 4005 φορτικὸς
3212 3932 3309 4005 ἔσῃ
3333 3950 3348 3965 ·
3377 3933 3442 3986 ἃν
3464 3932 3521 3986 δὲ
3554 3933 3691 3985 ὑπο-

2106 4018 2308 4082 θέσεως
2327 4019 2647 4089 λαϐόμενος,
2678 4022 2855 4076 πάντα
2883 4021 3122 4085 ἀνύσεις.
3168 4024 3351 4088 Δόξεις
3376 4022 3485 4091 γάρ
3512 4023 3569 4073 ὲν
3594 4021 3693 4074 τά-

2108 4107 2187 4171 ξει
2206 4106 2499 4176 ἀπολογίας
2531 4109 2592 4162 τὸ
2612 4111 2844 4179 πρᾶγμα
2867 4111 3061 4166 ποιεῖν,
3095 4109 3193 4178 ούχ
3214 4108 3291 4172 ὡς
3314 4106 3584 4179 αὐστηρός
3605 4125 3692 4171 τις

2106 4195 2201 4247 καὶ
2229 4193 2427 4266 ἄχαρις
2458 4196 2554 4249 καὶ
2588 4196 2913 4268 μικρολόγος
2938 4238 2953 4262 ,
2983 4195 3098 4249 ἀλλ’
3127 4197 3255 4250 ὅταν
3292 4199 3356 4249 ὲκ
3379 4195 3488 4249 τῶν
3517 4196 3692 4265 αὐτῆς

2105 4282 2202 4352 τὴν
2235 4282 2489 4336 ὑπόθεσιν
2517 4283 2688 4357 λάϐῃς
2709 4324 2724 4349 ,
2764 4285 2859 4338 καὶ
2887 4283 3201 4357 ἡσθήσεται.
3241 4285 3412 4356 Ἐρεῖς
3437 4280 3527 4337 οὖν
3556 4285 3688 4355 (πά-

2104 4368 2187 4421 λιν
2228 4367 2335 4441 γάρ
2359 4370 2451 4423 τὸν
2492 4371 2649 4440 λόγον
2691 4371 2983 4425 ἀναλαϐεῖν
3016 4373 3359 4440 ἀναγκαῖον),
3405 4372 3486 4424 ὅτι
3512 4370 3689 4442 παρόν

2105 4456 2367 4511 πλουσίαν
2394 4458 2567 4528 γῆμαι
2595 4460 2690 4512 καὶ
2718 4457 2971 4528 εὔπορον,
2998 4459 3099 4512 οὐκ
3132 4459 3464 4528 ἠνεσχόμην.
3497 4459 3562 4512 TE
3591 4459 3689 4530 δή-

2105 4559 2274 4611 ποτε;
2308 4544 2421 4615 Ούχ
2464 4545 2671 4609 ἁπλῶς,
2710 4546 2832 4600 οὐδὲ
2873 4546 3023 4615 εἰκῆ,
3060 4544 3178 4598 ἀλλ’
3216 4546 3545 4616 ἐπαιδεύθην
3574 4546 3689 4614 ἐγὼ

2104 4630 2302 4694 καλῶς,
2351 4633 2434 4685 ὅτι
2458 4632 2689 4697 πλοῦτος
2718 4634 2873 4687 οὐδὲν
2913 4633 3100 4703 κτῆμά
3121 4634 3292 4699 ἐστιν,
3336 4633 3472 4688 ἀλλὰ
3507 4636 3687 4704 πρᾶγα

2108 4736 2185 4789 μα
2205 4719 2700 4791 εὐκαταφρόνητον,
2732 4722 2823 4775 καὶ
2856 4722 3079 4795 λῃσταῖς
3099 4721 3302 4792 προσὸν
3329 4722 3422 4775 καὶ
3456 4723 3687 4793 πόρναις

2101 4804 2317 4874 γυναιξὶ
2344 4806 2440 4858 καὶ
2470 4824 2532 4859 τυ
2541 4806 2871 4878 μϐωρύχοις.

2170 4892 2261 4946 Διὸ
2319 4892 2491 4945 ταῦτα
2528 4893 2717 4962 ἀφεὶς,
2774 4895 2869 4948 ὲπὶ
2907 4895 3008 4964 τὴν
3044 4895 3144 4965 τῆς
3195 4895 3297 4965 σῆς
3341 4897 3544 4967 ἀρετὴν
3589 4892 3688 4970 ἧλ-

2100 4979 2191 5033 θον
2246 4978 2455 5050 ψυχῆς,
2512 4980 2582 5052 ἢν
2636 4981 2838 5045 παντὸς
2881 4982 3133 5053 προτιμῶ
3178 4984 3424 5054 χρυσίου.
3480 4985 3684 5056 Συνετή

2099 5068 2207 5137 γὰρ
2249 5067 2342 5121 καὶ
2382 5068 2645 5140 ἐλευθέρα
2696 5068 2831 5140 κόρη
2880 5070 3015 5137 νέα,
3072 5070 3169 5124 καὶ
3214 5071 3500 5136 εὐλαϐείας
3558 5076 3683 5127 ἑπι-

2102 5155 2427 5226 μελουμένη,
2482 5156 2664 5227 πάσης
2697 5160 2795 5227 τῆς
2852 5156 3179 5228 οἰκουμένης
3229 5159 3382 5211 ἐστὶν
3432 5158 3679 5225 ἀνταξία.

2099 5242 2197 5296 Διὰ
2233 5241 2298 5311 δὴ
2345 5241 2521 5296 ταῦτά
2570 5259 2631 5297 σε
2664 5244 2761 5296 καί⁵
2788 5244 3125 5315 ἡσπασάμην
3160 5244 3254 5299 καὶ
3282 5245 3439 5313 φιλῶ,
3464 5248 3558 5301 καὶ
3583 5249 3686 5319 τῆς

2097 5327 2333 5400 ἐμαυτοῦ
2377 5329 2674 5400 προτίθημι
2705 5331 2905 5402 ψυχῆς.
2954 5332 3121 5385 οὐδὲν
3149 5332 3260 5404 γάρ
3287 5335 3317 5386 ὁ
3342 5334 3532 5405 παρὼν
3572 5336 3688 5406 βίος

2097 5416 2235 5481 ἐστὶ,
2269 5417 2363 5469 καὶ
2403 5414 2634 5487 εὔχομαι
2672 5418 2768 5472 καὶ
2813 5418 3117 5490 παρακαλῶ
3149 5420 3247 5474 καὶ
3291 5421 3470 5476 πάντα
3520 5423 3682 5486 ποιῶ,

2096 5503 2238 5557 ὥστε
2264 5505 2413 5574 ἡμᾶς
2444 5503 2586 5557 οὔτω
2631 5505 3032 5576 καταξιωθῆναι
3074 5506 3167 5559 τὸν
3203 5507 3447 5580 παρόντα
3489 5511 3685 5582 στῆσαι

2100 5590 2237 5662 βίον,
2271 5589 2413 5644 ὥστε
2449 5591 2742 5662 δυνηθῆναι
2781 5594 2877 5647 καὶ⁵
2915 5594 3034 5647 ἐκεῖ
3064 5593 3220 5666 ἐντῷ
3251 5596 3497 5667 μέλλοντι
3527 5599 3685 5653 αἰῶνι

2102 5678 2240 5749 μετά
2253 5678 2455 5747 πολλῆς
2476 5678 2577 5749 τῆς
2596 5678 2781 5743 ἀδείας
2801 5680 3052 5750 ἀλλήλοις
3076 5685 3335 5739 συνεῖναι.
3374 5687 3432 5738 Ὀ
3455 5685 3554 5755 μὲν
3575 5686 3682 5759 γὰρ

2097 5766 2289 5837 χρόνος
2317 5759 2471 5830 οὗτος
2495 5767 2700 5838 βραχὺς
2723 5770 2817 5823 καὶ
2835 5770 3101 5841 ὲπίκηρος
3126 5786 3140 5800 ·
3164 5774 3211 5825 εἰ
3232 5771 3309 5835 δὲ,
3328 5758 3684 5839 καταξιωθείι
3738 5758 3739 5761 η

2105 5869 2245 5923 ημεν
2286 5853 2749 5923 εὐαρεστήσαντες
2785 5855 2864 5926 τῷ
2893 5855 3014 5926 Θεῷ
3040 5856 3182 5912 οὕτω
3220 5859 3309 5913 τὸν
3343 5861 3454 5931 βίον
3486 5863 3680 5933 μετελ-
