4092 6498
361 349 468 406 “5

360 476 435 521 tet
479 479 607 520 eum
658 460 865 518 habere
894 473 1065 531 prope
1108 471 1171 512 se
1208 456 1345 512 nihil
1379 456 1770 526 acquirentem,
1799 469 1960 524 quam

353 557 545 612 decies
592 553 741 609 mille
787 552 988 607 talenta
1014 566 1137 606 cum
1183 550 1328 604 curis
1376 556 1432 603 et
1478 546 1958 612 sollicitudinibus,

358 665 483 716 qua:
510 661 728 717 semper
754 644 951 698 adsunt
973 640 1291 696 mulieribus
1315 654 1383 694 ex
1414 636 1957 708 peregrinationibus.

358 740 469 795 Sed
498 754 678 809 neque
708 738 936 792 maritus
965 736 1083 790 haec
1121 734 1370 797 audiens,
1400 743 1455 786 nt
1483 732 1573 802 qui
1622 732 1780 785 habet
1809 734 1961 801 prino

357 834 624 901 cipatum,
653 838 1012 884 convertatur
1050 827 1116 881 ad
1147 825 1507 881 contumelias
1538 832 1592 877 et
1638 823 1841 892 plagas,
1867 823 1961 877 sed

356 933 632 987 hortetur,
661 925 976 987 admoneat,
1007 930 1280 991 tamquam
1319 916 1705 988 imperfeCIiori
1737 916 1962 971 rationi-

362 1018 461 1071 bus
492 1016 843 1091 persuadeat,
866 1028 1058 1069 manus
1090 1013 1144 1067 in
1178 1028 1295 1067 eam
1330 1027 1435 1065 non
1463 1009 1751 1065 extendat:
1779 1009 1963 1079 procul

361 1110 482 1163 inec
505 1124 535 1161 a
579 1108 748 1164 libera
781 1109 1000 1173 anima;
1052 1106 1148 1161 sed
1181 1121 1279 1160 nec
1309 1104 1685 1164 contumelias,
1714 1118 1812 1157 nec
1840 1118 1965 1172 pro—

363 1203 455 1258 bra
487 1218 586 1257 nec
611 1201 900 1257 maledicta
932 1201 1163 1271 ingerat,
1188 1199 1281 1254 sed
1306 1211 1362 1252 ut
1384 1214 1502 1267 qua:
1524 1197 1594 1251 sit
1621 1195 1963 1266 insipientior

360 1312 481 1350 eam
508 1303 824 1364 componat.
861 1292 1145 1361 Quomodo
1174 1302 1352 1346 autem
1390 1291 1497 1345 hoc
1518 1290 1668 1346 erit?
1712 1290 1766 1345 Si
1808 1304 1964 1343 veras

362 1388 534 1442 discat
563 1388 806 1450 divitias,
840 1386 883 1440 si
926 1400 1215 1453 supernam
1246 1383 1671 1452 philos0phiam,
1705 1381 1836 1435 nihil
1867 1396 1963 1435 eo-

360 1497 483 1535 rum
521 1480 825 1535 damnabit.
875 1480 1074 1533 Doceat
1097 1492 1215 1530 eam
1242 1474 1380 1544 quod
1427 1483 1712 1544 paupertas
1762 1474 1964 1527 tmllum

362 1582 437 1627 stt
463 1573 699 1635 malum;
742 1570 937 1625 doceat
968 1586 1073 1624 non
1100 1570 1274 1623 solum
1317 1583 1415 1638 per
1438 1582 1502 1621 ea
1529 1582 1648 1633 quae
1677 1566 1826 1628 dicit,
1869 1564 1962 1620 sed

366 1673 427 1718 et
458 1680 554 1734 per
585 1679 647 1718 ea
672 1679 793 1733 quae
839 1662 1007 1728 facit;
1059 1661 1255 1717 doceat
1293 1661 1574 1731 despicere
1617 1659 1865 1729 gloriam,
1906 1667 1966 1713 et

370 1756 507 1811 nihil
541 1755 848 1825 bujusmodi
878 1756 1024 1811 dicet
1069 1755 1264 1809 mulier
1291 1768 1391 1807 nec
1414 1752 1779 1821 concupiscet.
1812 1752 1889 1805 Ac
1920 1751 1964 1805 si

367 1847 655 1917 imaginem
682 1847 979 1916 acciperet,
1003 1846 1071 1900 ab
1109 1846 1197 1900 illa
1224 1859 1448 1914 vespera
1471 1858 1575 1914 qua
1616 1858 1735 1897 eam
1767 1843 1968 1911 excipit

364 1940 624 2006 thalamo,
648 1955 770 1994 eam
802 1939 997 1993 doceat
1040 1936 1471 2007 temperantiam,
1516 1934 1857 1998 modestiam,
1885 1933 1965 1988 le-

363 2033 615 2097 nitatem,
648 2041 706 2085 ιιι
744 2032 926 2087 statim
957 2031 1024 2086 ab
1051 2031 1299 2094 exordio,
1334 2039 1387 2083 et
1425 2028 1494 2083 ab
1531 2029 1661 2097 ipsis
1690 2026 1967 2081 vestibulis

372 2125 598 2179 honeste
625 2126 793 2188 vivat,
821 2122 1066 2194 pecuniae
1096 2136 1336 2176 amorem
1360 2119 1623 2188 dejiciens
1649 2137 1662 2174 :
1686 2128 1744 2173 et
1769 2118 1819 2171 in
1845 2116 1966 2186 phi-

366 2217 612 2287 iosophia
640 2216 857 2272 erudiat
878 2225 933 2271 et
960 2215 1188 2271 suadeat
1218 2230 1285 2270 ne
1325 2215 1394 2268 sit
1418 2214 1468 2269 ei
1494 2228 1687 2266 aurum
1726 2211 1968 2281 pendens

366 2327 431 2365 ex
458 2310 705 2377 auribus,
733 2324 834 2364 nec
864 2325 931 2363 eo
964 2318 1189 2364 ornetur
1229 2308 1281 2362 in
1323 2306 1477 2377 genis
1503 2316 1558 2361 et
1585 2305 1749 2371 collo,
1776 2319 1875 2359 nec
1914 2302 1969 2357 id

364 2402 668 2470 repositum
694 2400 892 2457 habeat
919 2401 971 2455 in
1006 2400 1267 2466 thalamo,
1299 2414 1473 2469 neque
1496 2410 1671 2452 vestes
1692 2411 1885 2451 aureas
1914 2407 1970 2451 et

368 2502 758 2564 sumptuosas;
791 2493 887 2548 sed
927 2493 998 2547 sit
1024 2493 1241 2564 quidem
1267 2493 1489 2560 elegans
1509 2502 1753 2557 ornatus,
1781 2500 1836 2545 at
1862 2506 1968 2545 non

367 2584 438 2639 ad
488 2586 743 2655 probrum
773 2596 829 2641 et
858 2586 1244 2641 contumeliam
1277 2585 1481 2639 recidat
1525 2586 1826 2655 elegantia;
1872 2600 1970 2639 ve-

368 2692 492 2731 rum
521 2678 604 2731 his
625 2676 867 2732 dimissis
892 2677 1245 2732 histrionibus
1276 2678 1328 2732 in
1355 2677 1735 2738 scenica,orua
1752 2676 1969 2731 domum

367 2784 496 2823 cum
527 2771 698 2825 multa
745 2770 1030 2826 honestate
1073 2786 1137 2825 ac
1164 2771 1386 2834 decore,
1422 2771 1717 2840 spirantem
1765 2780 1972 2840 tempe-

372 2864 603 2915 rantiam
632 2862 833 2932 potius,
859 2879 1019 2933 quam
1042 2862 1207 2917 alium
1238 2878 1457 2918 suavem
1482 2864 1727 2918 odorem.
1754 2863 1834 2917 Ex
1873 2862 1975 2917 hoc

371 2953 519 3009 enim
546 2965 711 3009 erunt
731 2955 838 3009 duo
864 2966 956 3010 aut
989 2956 1090 3010 tria
1121 2955 1262 3010 bona
1302 2975 1315 3010 :
1351 2957 1581 3025 primum
1610 2956 1827 3026 quidem
1866 2970 1972 3010 non

375 3047 578 3100 dolebit
611 3062 834 3117 Sponsa,
862 3049 990 3103 dum
1025 3049 1218 3103 solutis
1259 3050 1589 3118 nuptialibus
1620 3048 1868 3103 thalamis
1891 3064 1978 3103 re-

372 3141 662 3195 mittuntur
691 3142 758 3197 ad
796 3144 1039 3213 singulos
1059 3154 1242 3198 vestes
1266 3153 1322 3197 et
1350 3160 1475 3198 vasa
1507 3159 1669 3198 aurea
1694 3153 1749 3199 et
1784 3160 1978 3213 argen-

377 3243 507 3287 tea:
542 3234 806 3301 secundo,
833 3235 978 3303 quod
1016 3250 1248 3305 sponsus
1293 3250 1399 3290 non
1446 3237 1552 3290 erit
1598 3236 1863 3290 sollicitus
1908 3250 1978 3291 ne

373 3339 624 3393 pereant,
658 3338 710 3380 et
737 3336 795 3379 ut
820 3326 1197 3381 custodiantur
1228 3343 1346 3397 qua:
1372 3339 1497 3383 sunt.
1523 3338 1851 3397 comparata.
1882 3327 1977 3385 llis

371 3416 579 3470 accedit
613 3418 862 3483 tertium,
893 3418 1038 3488 quod
1064 3428 1148 3473 est
1191 3435 1399 3473 summa
1441 3420 1707 3473 honorum
1735 3438 1748 3472 :
1782 3436 1846 3474 ex
1895 3420 1979 3475 bis

375 3506 507 3575 ipsis
535 3509 788 3563 ostendet
834 3520 1073 3564 mentem
1111 3526 1287 3575 suam,
1312 3526 1371 3566 se
1417 3512 1566 3566 nullo
1606 3511 1798 3565 horum
1826 3511 1976 3566 dele-

372 3601 530 3665 ctari,
562 3611 617 3653 et
644 3616 702 3655 se
726 3601 890 3656 etiam
920 3614 1115 3657 caztera
1141 3602 1319 3657 omnia
1359 3603 1769 3667 dissoluturum,
1803 3619 1980 3673 neque

375 3709 630 3763 umquam
656 3710 1044 3750 concessurum
1076 3704 1135 3749 ut
1179 3697 1309 3750 ﬁant
1347 3697 1660 3751 Saltationes
1687 3705 1742 3750 et
1780 3712 1979 3751 canan-

380 3796 465 3838 tur
492 3786 760 3855 impudica
789 3789 1022 3842 cantica.
1057 3787 1125 3842 Et
1152 3789 1266 3843 scio
1288 3789 1505 3858 quidem
1532 3804 1619 3842 me
1659 3788 1829 3843 videri
1859 3789 1979 3858 qui-

376 3878 603 3932 busdam
631 3894 753 3935 esse
782 3880 1091 3944 ridiculum,
1117 3881 1207 3949 qui
1236 3880 1333 3934 has
1378 3880 1524 3950 leges
1553 3880 1760 3947 ferant;
1807 3881 1900 3935 sed
1932 3881 1979 3935 si

378 3970 512 4023 mihi
540 3970 903 4035 credideritis,
939 3970 1267 4041 procedente
1294 3981 1555 4042 tempore,
1578 3983 1634 4027 et
1653 3973 1979 4028 succedente

375 4065 456 4118 rei
502 4066 751 4130 utilitate,
787 4075 914 4121 tunc
959 4066 1168 4122 lucrum
1204 4066 1430 4121 scietis:
1472 4074 1527 4121 et
1553 4066 1735 4121 efﬂuet
1761 4066 1975 4136 quidem

375 4159 540 4221 risus,
574 4167 630 4213 et
674 4159 965 4214 irridebitis
1005 4176 1126 4214 eam
1157 4176 1277 4231 quae
1326 4175 1469 4215 nunc
1499 4168 1582 4215 est
1625 4160 1976 4215 consuetudi-

375 4264 502 4303 nem
527 4264 543 4313 ;
586 4259 641 4303 et
671 4250 921 4306 videbitis
948 4268 1009 4306 ea
1033 4266 1152 4321 quae
1189 4266 1335 4305 nunc
1361 4252 1515 4318 fiunt,
1539 4265 1660 4306 esse
1687 4267 1977 4320 puerorum

377 4341 751 4410 insipientium
780 4351 831 4397 et
871 4343 1110 4397 virorum
1144 4342 1454 4407 ebriorum;
1484 4358 1603 4410 quae
1632 4352 1810 4396 autem
1856 4357 1976 4396 sua-

376 4435 505 4498 deo,
531 4451 652 4491 esse
689 4436 972 4492 modestiae
1012 4445 1066 4492 et
1094 4435 1452 4507 philosophiae
1479 4444 1536 4491 et
1578 4450 1827 4506 superna:
1856 4438 1980 4491 vitae

377 4528 603 4597 agendae
632 4530 920 4584 rationem.
949 4529 1087 4598 Quid
1135 4542 1265 4598 ergo
1302 4528 1426 4583 dico
1453 4530 1746 4597 Oportere?
1788 4528 1980 4583 Omnia

380 4624 555 4693 turpia
581 4624 789 4678 cantica
819 4641 938 4695 qua:
964 4635 1089 4678 sunt
1115 4624 1373 4687 satanica,
1408 4623 1727 4678 inhonestas
1748 4623 1977 4677 cantile-

377 4732 497 4782 nas,
533 4717 938 4772 immundorum
965 4716 1227 4788 juvenum
1251 4715 1602 4771 circuitiones
1632 4714 1785 4770 aufer
1822 4729 1850 4769 a
1883 4730 1983 4769 nu-

380 4812 527 4879 ptiis,
561 4820 618 4864 et
659 4810 776 4864 lucc
816 4819 1072 4881 poterunt
1106 4811 1374 4877 castigare
1420 4823 1673 4879 sponsam
1704 4818 1759 4862 et
1788 4807 1980 4861 mode-

376 4914 517 4957 stam
569 4904 823 4959 reddere.
851 4905 1046 4959 Statim
1094 4905 1240 4959 enim
1285 4903 1428 4972 apud
1472 4918 1533 4957 se
1574 4901 1976 4956 considerabit:

377 4993 560 5063 Papae,
583 4996 760 5066 qualis
779 5005 863 5050 est
886 4996 971 5048 hic
995 4996 1103 5049 vir!
1133 5006 1213 5050 est
1244 4994 1631 5065 philo50phus:
1659 4993 1797 5047 hanc
1817 4994 1979 5048 vitam

376 5088 533 5141 nihili
573 5087 756 5153 ducit;
803 5087 870 5143 ad
916 5087 1284 5157 procreaudos
1330 5086 1530 5141 liberos
1573 5095 1628 5140 et
1673 5086 1983 5140 eduCandos

376 5195 466 5233 me
494 5180 550 5235 in
577 5180 727 5235 ardes
748 5181 921 5246 duxit,
954 5189 1011 5236 et
1050 5180 1118 5235 ad
1160 5181 1380 5235 domum
1411 5179 1844 5235 custodiendam.
1875 5179 1980 5235 Sed

378 5272 498 5328 haec
537 5288 754 5344 sponsa:
785 5283 947 5328 erunt
976 5273 1306 5343 injucunda?
1339 5273 1417 5327 Ad
1448 5275 1680 5342 primum
1732 5287 1900 5343 usque
1928 5283 1983 5327 et

377 5365 685 5421 secundum
719 5367 886 5428 diem,
909 5383 1017 5421 non
1048 5375 1227 5422 autem
1258 5367 1548 5436 deinceps;
1580 5366 1674 5421 sed
1706 5375 1760 5420 et
1802 5366 1977 5420 maxi-

377 5474 521 5513 mam
547 5462 726 5527 capiet
750 5460 1103 5528 voluptatem,
1146 5475 1206 5514 se
1249 5460 1317 5514 ab
1342 5461 1486 5514 onmi
1514 5459 1827 5528 suspicione
1851 5458 1983 5512 libe-

377 5565 526 5605 rans.
561 5550 694 5605 Nam
733 5551 824 5620 qui
851 5567 1029 5620 neque
1063 5551 1243 5618 tibias,
1283 5567 1456 5620 neque
1498 5552 1780 5616 saltantes,
1811 5566 1983 5621 neque

375 5642 579 5698 fractos
600 5656 793 5698 cantus
819 5645 1160 5708 sustinuerit,
1189 5645 1349 5714 idque
1372 5653 1619 5713 tempore
1650 5644 1980 5714 nuptiarum,

377 5737 464 5790 vix
490 5736 607 5806 ipse
624 5737 676 5790 iu
701 5738 942 5791 animum
963 5736 1235 5792 induxerit
1254 5747 1310 5791 ut
1333 5746 1487 5807 turpe
1504 5736 1706 5806 aliquid
1726 5750 1981 5807 umquam
2032 5734 2035 5735 ⁷

374 5836 474 5884 aut
515 5828 674 5885 faciat
720 5837 816 5884 aut
844 5829 1007 5885 dicat.
1054 5828 1187 5886 Post
1233 5828 1338 5886 hoc
1382 5840 1583 5899 autem,
1615 5828 1833 5902 quando
1865 5829 1979 5887 haec

1219 339 1292 396 IN
1330 338 1549 395 EPIST.
1592 340 1687 393 AD
1725 338 1975 395 EPHES.
2015 339 2167 397 CAP.
2212 343 2274 400 ν.
2321 345 2551 401 ΙΙΟΜιΙ..
2596 347 2713 408 XX.

3565 358 3667 413 H6

2070 457 2251 511 omnia
2281 459 2570 516 abstuleris
2614 477 2644 516 a
2686 463 3058 531 matrimonio,
3087 476 3234 521 recte
3273 477 3324 523 te
3353 483 3530 539 geras,
3559 487 3664 544 pu-

2068 546 2254 603 dorem
2285 551 2500 620 quidem
2531 554 2582 607 in
2613 554 2831 626 longum
2873 567 3087 629 tempus
3127 562 3449 634 extendens,
3480 576 3533 620 et
3559 583 3665 625 non

2069 639 2176 693 cito
2221 640 2543 699 dissolvens.
2576 645 2709 700 Nam
2753 650 2854 703 etsi
2912 652 3324 711 inverecundior
3354 660 3424 713 sit
3463 663 3662 731 puella,

2069 733 2173 786 scit
2201 735 2264 787 ad
2291 745 2501 805 tempus
2528 737 2711 807 silere,
2736 744 2915 797 mariti
2958 755 3099 801 mota
3130 755 3429 805 reverentia
3449 796 3465 821 ,
3500 765 3554 810 et
3582 773 3667 811 rc-

2070 840 2188 879 rum
2217 828 2409 896 quibus
2441 848 2547 885 non
2592 837 2827 890 assuevit
2858 841 3115 896 novitate.
3153 843 3309 900 Hunc
3337 863 3465 917 ergo
3495 851 3667 918 pudo-

2071 932 2185 970 rem
2231 934 2338 973 non
2383 923 2491 977 cito
2516 922 2806 992 dissplvas,
2837 930 2981 997 quod
3028 931 3231 987 faciunt
3263 938 3357 991 viri
3391 939 3667 1008 impudici,

2070 1008 2164 1063 sed
2192 1013 2451 1067 extendas
2480 1016 2546 1069 ad
2582 1015 2799 1087 longum
2831 1030 3043 1089 tempus
3070 1042 3082 1079 :
3116 1025 3219 1080 hoc.
3251 1029 3394 1083 enim
3429 1032 3519 1085 tibi
3548 1049 3665 1085 ma~

2070 1117 2234 1172 gnum
2258 1106 2447 1163 afferet
2475 1110 2702 1165 lucrum.
2720 1113 2939 1169 lnteritn
2963 1133 3069 1172 non
3100 1122 3394 1187 accusabit,
3411 1141 3509 1179 nec
3535 1142 3670 1196 quc-

2072 1206 2224 1249 retur
2253 1197 2321 1252 de
2346 1200 2409 1252 iis
2434 1217 2555 1271 qua:
2586 1214 2640 1257 tu
2675 1209 2950 1262 statueris.

2142 1288 2195 1341 8.
2237 1290 2407 1361 Leges
2453 1309 2581 1365 ergo
2627 1300 2895 1356 constitue
2952 1312 3065 1358 toto
3116 1305 3207 1359 illo
3248 1315 3531 1378 tempore,
3562 1328 3671 1380 quo

2072 1382 2245 1449 pudor
2277 1393 2545 1456 tamquam
2586 1392 2855 1459 quoddam
2890 1395 3096 1451 frenum
3126 1401 3316 1454 animae.
3362 1404 3668 1473 impositus,

2073 1487 2178 1525 non
2225 1475 2352 1529 sinit
2392 1478 2460 1533 de
2501 1482 2682 1551 aliquo
2709 1488 2965 1554 conqueri
2994 1531 3006 1549 .
3042 1505 3142 1545 nec
3169 1507 3230 1546 ea
3263 1509 3382 1562 qua:
3416 1498 3549 1549 tiunt
3578 1512 3672 1551 re-

2070 1562 2354 1635 darguere.
2382 1569 2510 1624 Nam
2534 1576 2749 1643 quando
2769 1578 3014 1633 fiduciam
3043 1591 3097 1635 et
3125 1582 3336 1637 dicendi
3366 1587 3667 1643 libertatem

2071 1658 2509 1729 appreltenderit,
2539 1682 2660 1719 eum
2705 1669 2869 1724 multa
2916 1674 3207 1728 securitate
3253 1679 3431 1731 omnia
3476 1683 3673 1736 evertit

2069 1758 2127 1803 et
2157 1753 2452 1807 contundit.
2487 1756 2713 1823 Quando
2756 1776 2886 1831 ergo
2916 1766 3016 1817 erit
3064 1765 3209 1821 aliud
3262 1779 3468 1838 tempus
3517 1789 3671 1842 a-que

2072 1851 2255 1910 aptum
2304 1844 2371 1897 ad
2415 1845 2718 1916 fingendum
2752 1862 2807 1906 et
2850 1854 3184 1911 formandam
3234 1876 3478 1930 uxorem,
3512 1874 3673 1934 atque

2074 1934 2205 2027 illud
2234 1953 2342 2007 quo
2373 1954 2650 1998 reveretur
2678 1949 2932 2003 maritum
2975 1960 3029 2005 et
3074 1953 3249 2008 adhuc
3295 1956 3445 2011 timet
3491 1970 3545 2013 et
3577 1976 3673 2027 pu-

2074 2024 2205 2081 dore
2232 2029 2541 2087 detinetur?
2566 2034 2716 2091 Tunc
2758 2038 2807 2091 ei
2841 2040 3055 2110 impone
3088 2043 3231 2113 leges
3252 2060 3461 2115 omnes,
3492 2057 3547 2103 et
3576 2024 3672 2119 pa-

2075 2119 2235 2185 rebit,
2267 2132 2320 2176 et
2348 2123 2537 2179 lubens
2563 2137 2618 2181 et
2644 2126 2829 2183 invita.
2856 2132 3137 2198 Quomodo
3154 2147 3329 2191 autem
3362 2154 3467 2193 non
3497 2142 3674 2196 solves

2076 2213 2377 2281 pudorem?
2402 2218 2627 2285 Quando
2660 2225 2902 2278 cerneris
2944 2225 3059 2294 ipse
3090 2244 3302 2298 quoque
3347 2246 3452 2285 non
3495 2234 3674 2291 minus

2075 2320 2235 2374 quam
2266 2306 2352 2361 illa
2381 2310 2741 2379 erubescens,
2776 2330 2943 2384 pauca
2976 2317 3191 2387 quidem
3226 2320 3473 2391 loquens,
3506 2342 3677 2394 eaque

2075 2412 2197 2452 cum
2230 2416 2418 2471 magna
2458 2406 2720 2473 gravitate
2754 2418 2808 2462 et
2837 2412 3305 2470 animadversione
3338 2435 3350 2470 :
3384 2429 3507 2473 tunc
3532 2422 3673 2489 apud

2077 2506 2196 2546 eam
2226 2494 2579 2566 philosophia:
2606 2501 2768 2556 verba
2800 2502 3044 2573 depone;
3072 2522 3134 2560 ea
3164 2509 3307 2562 enim
3337 2512 3529 2580 accipit
3563 2515 3679 2566 ani-

2078 2598 2163 2637 ma
2196 2603 2208 2636 :
2239 2585 2303 2639 ad
2348 2588 2765 2656 pulcherrimum
2797 2604 2852 2648 et
2894 2598 3153 2664 optimum
3185 2600 3444 2666 habitum,
3473 2620 3668 2675 nempe

2079 2676 2493 2745 pudorem,eam
2528 2682 2802 2753 redige.Si
2832 2687 3016 2753 vultis,
3044 2691 3205 2744 etiam
3234 2708 3302 2746 ex
3319 2698 3480 2763 empti
3513 2712 3676 2753 causa

2078 2770 2253 2825 dicam
2276 2788 2520 2843 quamam
2543 2775 2615 2830 illi
2635 2778 2814 2835 dicere
2834 2791 3100 2850 oporteat.
3123 2783 3258 2838 Nam
3282 2787 3324 2840 si
3347 2787 3542 2843 Paulus
3568 2807 3676 2846 non

2078 2866 2350 2919 recusavit
2376 2865 2577 2930 dicere,
2611 2868 2791 2925 Nolite
2832 2873 3077 2938 fraudare
3111 2876 3321 2930 invicem
3353 2878 3444 2948 (1.
3471 2880 3588 2937 Cor.
3621 2885 3675 2940 7.

2081 2954 2159 3026 5),
2184 2968 2235 3010 et
2259 2959 2514 3027 pronuba:
2541 2961 2703 3015 verba
2735 2973 2814 3018 est
2845 2964 3118 3034 loquutus,
3139 2967 3247 3021 imo
3264 2985 3393 3025 vero
3421 2989 3525 3026 non
3559 2992 3681 3040 pro-

2083 3049 2261 3116 nubm,
2292 3051 2383 3105 sed
2413 3053 2705 3122 spiritualis
2733 3057 2925 3110 anima:
2954 3073 2969 3122 ;
3004 3060 3171 3113 multo
3214 3061 3382 3132 magis
3429 3080 3527 3120 nos
3571 3082 3678 3122 non

2081 3143 2448 3197 recusabimus
2476 3146 2673 3199 dicere.
2701 3147 2838 3214 Quid
2867 3158 2949 3202 est
2972 3165 3100 3219 ergo
3123 3152 3169 3205 ei
3197 3150 3520 3211 dicendum?
3543 3158 3679 3213 Cum

2084 3236 2248 3290 multa
2274 3238 2443 3305 gratia
2472 3247 2687 3307 oportet
2711 3242 2757 3293 ei
2787 3240 2969 3297 dicere
2995 3260 3007 3295 :
3036 3242 3165 3309 Nos,
3192 3259 3224 3296 o
3256 3246 3440 3312 filiola,
3476 3259 3528 3304 te
3556 3254 3681 3308 vita:

2083 3332 2284 3383 sociam
2312 3332 2617 3402 accepimus
2637 3374 2651 3397 ,
2681 3342 2735 3387 et
2764 3345 2813 3388 te
2846 3334 3244 3392 introduximus
3274 3340 3340 3394 ad
3368 3343 3679 3399 societatem

2083 3420 2137 3475 in
2166 3420 2231 3475 iis
2259 3438 2377 3491 qua:
2405 3436 2530 3477 sunt
2552 3428 2993 3493 prmstantissima
3022 3441 3076 3484 et
3098 3433 3330 3487 maxime
3353 3438 3678 3500 necessaria.

2085 3528 2279 3581 nempe
2305 3529 2358 3567 m
2392 3513 2681 3569 liberarunt
2719 3502 3093 3587 procreatioue
3116 3563 3132 3588 ,
3160 3535 3216 3579 et
3256 3526 3447 3581 domus
3471 3544 3599 3582 cura
3627 3540 3685 3585 et

2084 3603 2569 3661 administratione.
2599 3606 2736 3675 Quid
2767 3625 2896 3679 ergo
2920 3622 2970 3665 te
2998 3617 3287 3681 rogamus?
3317 3618 3426 3671 lmo
3450 3634 3574 3675 vere
3594 3637 3684 3673 an-

2086 3703 2170 3750 tea
2198 3696 2419 3764 loquere
2437 3713 2556 3767 quae
2587 3701 2856 3766 pertinent
2881 3702 2946 3755 ad
2970 3702 3311 3761 dilectionem
3343 3728 3356 3762 :
3387 3709 3518 3764 nihil
3539 3713 3680 3766 enim

2086 3803 2238 3858 aeque
2266 3788 2474 3843 confert
2500 3790 2564 3843 ad
2595 3793 3028 3861 persuadendum
3056 3798 3285 3852 auditori
3313 3808 3367 3853 ut
3394 3813 3609 3870 accepta
3633 3806 3684 3859 ei

2084 3883 2188 3935 sint
2232 3897 2352 3951 qua:
2398 3882 2665 3950 dicuntur,
2707 3895 2868 3955 atque
2897 3888 3036 3943 scire
3065 3890 3206 3959 quod
3249 3907 3310 3948 ea
3343 3893 3589 3951 dicantur
3617 3914 3683 3953 ex

2085 3974 2251 4029 multa
2309 3974 2595 4031 dilectione
2658 3986 2714 4032 et
2769 3979 3164 4037 benevolentia.
3223 3984 3505 4051 Quomodo
3556 4004 3686 4058 ergo

2084 4068 2339 4122 ostendes
2364 4067 2706 4125 dilectionem
2729 4070 2753 4124 ?
2778 4072 2833 4125 Si
2864 4072 3083 4138 dixeris,
3115 4074 3246 4130 Cum
3277 4080 3472 4134 multas
3500 4080 3687 4136 lieerct

2085 4162 2334 4231 accipere
2363 4171 2418 4217 et
2452 4163 2676 4218 ditiores
2706 4173 2759 4218 et
2785 4180 2851 4220 ex
2884 4166 3075 4221 illustri
3123 4183 3322 4237 genere
3366 4180 3551 4238 natas,
3578 4191 3683 4229 non

2084 4267 2177 4306 eas
2203 4253 2361 4322 elegi,
2391 4253 2484 4307 sed
2504 4256 2678 4307 amavi
2703 4266 2843 4308 tuam
2875 4256 2999 4309 vitm
3024 4259 3242 4326 agenda:
3266 4262 3549 4329 rationem,
3585 4264 3684 4317 ho-

2085 4353 2347 4398 nestatem
2373 4385 2388 4408 ,
2423 4345 2770 4407 modestiam,
2807 4349 3237 4416 temperantiam.
3274 4351 3473 4406 Deinde
3503 4359 3684 4410 statim

2085 4434 2155 4489 ab
2185 4434 2268 4490 his
2301 4450 2426 4504 para
2456 4436 2594 4490 viam
2620 4436 2683 4490 ad
2715 4436 3000 4493 dicendum
3034 4441 3101 4494 de
3127 4441 3485 4510 philosophia,
3514 4458 3568 4502 et
3596 4464 3685 4502 re-

2088 4528 2360 4597 prehende
2380 4529 2592 4583 divitias
2620 4545 2739 4583 cum
2768 4532 2996 4598 quadam
3018 4533 3243 4602 ambage
3270 4546 3325 4588 et
3347 4537 3684 4592 circuitiOue.

2087 4620 2217 4674 Nam
2250 4622 2292 4674 si
2317 4622 2616 4677 orationem
2648 4622 2820 4676 solum
2848 4624 3106 4678 extendas
3134 4624 3187 4679 in
3218 4627 3587 4695 vituperandis
3607 4631 3686 4682 di-

2086 4713 2265 4780 vitiis,
2297 4715 2405 4768 eris
2438 4700 2615 4783 gravis
2657 4727 2711 4769 et
2761 4716 3096 4784 importunus
3130 4736 3143 4771 ε
3176 4718 3256 4771 sin
3291 4728 3499 4786 arrepta
3526 4736 3684 4773 occa-

2088 4806 2275 4860 sione.
2311 4806 2488 4859 omnia
2542 4805 2744 4860 efficies
2778 4807 3017 4861 :videris
3060 4809 3202 4861 enim
3259 4809 3310 4862 id
3362 4810 3540 4864 facere
3591 4826 3688 4879 pro

2088 4899 2402 4954 defensioue
2450 4909 2503 4953 et
2548 4900 2930 4965 excusatione,
2965 4916 3071 4953 non
3123 4910 3392 4970 tamquam
3441 4915 3689 4958 austeros

2088 4994 2373 5064 quispiam,
2405 4992 2831 5062 injucundusque
2875 5003 2927 5046 et
2970 4993 3244 5047 illiberalis
3290 5004 3345 5050 et
3393 4985 3700 5063 sordidusf

2090 5087 2182 5141 sed
2214 5087 2429 5156 quando
2457 5101 2523 5141 ex
2555 5086 2617 5139 iis
2644 5100 2762 5155 qua:
2791 5095 2916 5140 sunt
2942 5087 3076 5155 ejus,
3120 5092 3415 5157 sumpseris
3445 5092 3701 5145 oceasio-

2090 5194 2211 5232 nem
2238 5220 2253 5243 ,
2286 5179 2445 5233 etiam
2489 5177 2760 5248 gaudebit.
2793 5178 2947 5232 Dices
2990 5195 3119 5249 ergo
3148 5188 3167 5253 ι
3196 5180 3499 5235 necessario
3544 5182 3687 5237 enim

2090 5287 2277 5327 rursus
2307 5271 2597 5339 repetenda
2628 5282 2712 5325 est
2738 5272 2986 5343 oratio):
3011 5272 3144 5327 Cum
3172 5276 3355 5328 liceret
3384 5275 3580 5329 ducere
3607 5277 3688 5330 di-

2090 5364 2251 5418 vitem
2294 5372 2349 5415 et
2388 5362 2727 5430 locupletem,
2763 5380 2868 5418 non
2900 5365 3081 5419 induxi
3115 5366 3166 5418 in
3198 5365 3456 5420 animum.
3486 5366 3686 5434 Quam-

2090 5456 2311 5510 obrem?
2358 5455 2474 5509 Non
2527 5465 2729 5510 temere
2782 5474 2882 5512 nec
2928 5459 3357 5524 inconsiderate;
3400 5459 3494 5514 sed
3543 5471 3689 5515 recte

2090 5548 2380 5603 didiceram
2409 5548 2622 5602 divitias
2644 5548 2843 5601 nullam
2866 5564 2986 5604 csse
3010 5552 3427 5620 po~sessionem,
3453 5552 3545 5607 sed
3574 5567 3689 5607 rem

2089 5640 2558 5705 contemnendam,
2591 5651 2642 5695 et
2687 5656 2805 5711 quae
2831 5642 2986 5696 adest
3018 5653 3071 5696 et
3102 5643 3398 5700 latronibus
3432 5656 3486 5700 et
3514 5662 3693 5702 mere-

2091 5735 2315 5790 tricibus
2343 5746 2399 5790 et
2426 5736 2796 5806 sepulcrorum
2826 5733 3195 5790 effossoribus.

2164 5829 2350 5885 Puella
2391 5846 2623 5900 quautam
2670 5827 2865 5899 optima
2906 5827 3140 5883 habenda
3179 5839 3272 5885 est.
3303 5862 3313 5871 υ
3344 5862 3357 5871 τ
3402 5830 3691 5901 Propterea
