4092 6536
431 369 531 425 H7

433 484 517 540 his
545 483 720 540 missis
742 481 864 540 veni
893 481 959 539 ad
992 489 1098 537 tua:
1137 483 1332 538 animm
1361 480 1636 544 virtutem,
1666 494 1823 546 quam
1849 476 2018 530 cuivis

434 590 565 628 auro
592 574 838 645 praefero.
869 574 1093 643 Sapiens
1118 573 1260 628 enim
1292 580 1344 626 et
1373 571 1597 639 ingenua
1625 567 1822 638 puella,
1854 567 2021 635 pieta-

437 671 505 724 tis
535 686 717 725 curam
745 686 956 740 gerens,
985 668 1080 722 toti
1118 667 1232 720 orbi
1275 676 1431 720 terrae
1475 663 1647 733 pretio
1667 669 1754 715 est
1782 660 2020 728 aequipa-

437 764 626 817 randa.
654 763 939 830 Propterea
971 770 1024 814 et
1052 771 1100 815 te
1130 775 1245 813 sum
1276 759 1554 826 amplexus
1593 765 1646 810 et
1675 765 1727 808 te
1755 753 1938 821 diligo,
1968 757 2024 804 et

439 873 572 910 meze
614 856 774 909 etiam
803 855 994 907 animae
1037 853 1281 922 pra-fero.
1305 851 1445 906 Nihil
1470 858 1553 904 est
1579 848 1719 902 enim
1749 848 1851 898 vita
1882 858 2023 914 pra:-

441 961 586 1009 seus,
617 961 820 1014 oroque
849 954 904 999 et
941 947 1125 996 hortor
1151 952 1204 997 et
1233 945 1410 996 omnia
1445 941 1602 1006 facio,
1638 949 1692 991 ιιι
1720 952 1817 990 nos
1847 935 1918 988 ita
1945 932 2028 986 di-

440 1038 526 1104 gni
560 1035 856 1090 habeantur
885 1037 974 1106 qui
1009 1044 1325 1102 prmseutetn
1371 1046 1588 1101 agamus
1619 1029 1800 1092 vitam,
1833 1034 1892 1080 ut
1920 1024 2028 1078 illic

441 1131 602 1183 etiam
633 1127 908 1198 possimus
928 1129 980 1181 in
1014 1127 1189 1181 futuro
1215 1126 1411 1180 saeculo
1438 1139 1558 1178 cum
1591 1135 1778 1190 magna
1823 1114 2027 1172 securi-

444 1233 553 1276 tate
580 1222 736 1276 simul
770 1221 994 1275 versari.
1025 1219 1156 1274 Nam
1199 1232 1435 1288 praesens
1461 1214 1674 1285 quidem
1712 1223 1920 1278 tempus
1948 1216 2032 1260 est

446 1315 627 1380 breve,
659 1313 918 1366 caducum
936 1323 991 1366 et
1028 1311 1211 1380 fragile
1239 1328 1252 1364 :
1285 1311 1366 1363 sin
1398 1316 1572 1362 autem
1603 1304 1747 1373 digni
1777 1301 2032 1355 fuerimus

448 1404 610 1458 habiti
637 1413 687 1466 ut
717 1404 824 1458 Deo
847 1411 1117 1470 acceptam
1144 1403 1301 1454 vitam
1327 1401 1410 1453 hic
1434 1397 1806 1465 trausigamus,
1821 1404 2036 1458 semper

448 1496 650 1548 erimus
699 1504 752 1548 et
793 1511 913 1548 cum
941 1494 1155 1548 Christo
1199 1501 1251 1546 et
1292 1506 1414 1545 cum
1445 1488 1598 1543 nobis
1647 1485 1870 1540 invicem
1912 1495 2034 1536 cum

452 1585 640 1653 majori
666 1586 953 1654 voluptate.
973 1584 1082 1651 Ego
1103 1582 1440 1636 dilectionem
1461 1590 1604 1633 tuam
1623 1574 1847 1647 praefero
1867 1571 2041 1626 omni-

452 1678 588 1744 bus;
619 1694 790 1746 neque
811 1686 892 1730 est
915 1675 1202 1744 quidquam
1232 1673 1360 1728 mihi
1391 1687 1541 1742 teque
1571 1670 1852 1725 molestum
1879 1677 2039 1734 quam

455 1785 485 1823 a
530 1781 578 1824 te
619 1784 868 1836 umquam
898 1767 1163 1821 dissidere
1197 1784 1211 1819 :
1240 1765 1446 1819 etiamsi
1478 1777 1565 1817 me
1593 1767 1839 1830 oporteat
1862 1755 2041 1810 omnia

455 1862 702 1916 amittere
722 1904 734 1923 ,
765 1860 973 1916 etiamsi
1005 1859 1088 1912 Iro
1119 1874 1240 1914 esse
1282 1857 1656 1928 pauperiorem
1678 1895 1693 1919 ,
1721 1862 1769 1906 et
1803 1859 2043 1906 extrema

455 1952 638 2006 subire
682 1952 935 2020 pericula,
966 1961 1017 2005 et
1048 1949 1256 2018 quidvis
1285 1948 1425 2018 pati,
1460 1946 1588 2000 mihi
1617 1951 1741 2000 sunt
1763 1943 1940 1996 omnia
1971 1939 2047 1994 fe-

457 2042 620 2097 renda
647 2051 702 2095 et
733 2040 1030 2105 toleranda,
1063 2039 1236 2095 donec
1266 2051 1317 2094 tu
1351 2042 1402 2094 in
1435 2054 1521 2093 me
1566 2039 1702 2093 bene
1730 2034 1894 2090 fueris
1918 2033 2048 2087 affe-

457 2143 660 2199 cta;et
707 2134 836 2188 mihi
883 2143 1009 2188 tunc
1063 2133 1325 2202 optabiles
1368 2139 1528 2186 erunt
1573 2130 1724 2184 liberi
1754 2125 1966 2198 quando
1994 2134 2049 2180 tu

461 2227 720 2281 benevole
746 2226 795 2279 itt
824 2241 910 2280 me
928 2225 1113 2279 affecta
1136 2223 1321 2278 fueris.
1343 2223 1618 2293 Oportebit
1642 2230 1818 2275 autem
1843 2228 1893 2274 te
1914 2233 2051 2288 quo-

461 2333 566 2385 que
596 2318 696 2370 hoc
736 2315 930 2369 facere.
963 2315 1162 2370 Deinde
1189 2315 1424 2370 admisce
1452 2313 1613 2368 etiam
1641 2311 1802 2366 verba
1833 2319 2051 2378 aposto-

465 2409 589 2474 lica,
622 2407 760 2477 quod
790 2408 932 2462 Deus
972 2408 1047 2461 sic
1083 2407 1197 2460 vult
1241 2422 1362 2461 esse
1393 2405 1735 2474 conjunctam
1784 2404 1925 2456 inter
1955 2415 2052 2456 nos

468 2500 914 2554 benevolentiam.
968 2499 1104 2552 Audi
1159 2499 1300 2552 enim
1367 2497 1693 2565 Scripturam
1739 2494 2051 2548 dicentem:

471 2588 694 2658 Propler
723 2590 817 2642 hoc
843 2590 1087 2658 relinquet
1118 2589 1267 2642 homo
1293 2598 1488 2658 patrem
1516 2597 1562 2641 et
1593 2597 1800 2640 matrem
1827 2626 1840 2649 ,
1869 2593 1915 2638 et
1961 2583 2054 2636 ad-

472 2681 676 2733 hwrebit
710 2682 857 2733 uxori
883 2695 991 2733 siue
1021 2678 1038 2750 (
1066 2678 1252 2748 Epltes.
1278 2679 1330 2733 5.
1374 2679 1434 2732 51
1471 2678 1510 2747 ).
1539 2677 1689 2730 Nulla
1717 2676 1787 2729 sit
1813 2674 1965 2729 nobis
1985 2674 2058 2728 si-

473 2771 709 2825 multatis
739 2771 949 2825 occasio
975 2789 987 2822 :
1023 2771 1231 2824 valeant
1261 2769 1521 2839 pecuniae,
1552 2780 1607 2822 et
1635 2766 1918 2821 multitudo
1945 2780 2059 2820 ser-

475 2880 660 2919 vorum
687 2905 700 2927 ,
749 2872 803 2916 et
846 2864 1077 2917 honores
1124 2863 1334 2917 externi
1362 2879 1376 2916 :
1412 2862 1513 2914 hoc
1542 2861 1668 2914 mihi
1701 2867 1784 2915 est
1812 2859 2060 2912 omnibus

478 2953 892 3024 praeferendum.
919 2955 1036 3021 Quo
1075 2969 1179 3007 non
1216 2968 1366 3018 auro,
1403 2952 1595 3020 quibus
1641 2967 1746 3006 non
1798 2949 2061 3004 thesauris

480 3057 638 3099 crttnt
685 3047 797 3099 lucc
837 3047 994 3100 verba
1040 3047 1188 3101 uxori
1239 3047 1403 3116 magis
1447 3043 1861 3101 desiderabilia?
1891 3042 1968 3097 Ne
1999 3043 2064 3096 ti-

479 3155 646 3204 meas,
674 3155 740 3193 ne
785 3139 997 3208 quando
1026 3138 1217 3194 dilecta
1255 3138 1510 3192 adversus
1536 3146 1588 3191 te
1617 3135 1903 3190 insolescat
1925 3176 1939 3196 ,
1968 3133 2063 3189 sed

480 3231 735 3286 confitere
787 3240 838 3286 te
881 3247 998 3284 eam
1051 3231 1291 3299 diligere.
1321 3229 1453 3283 Nam
1491 3227 1804 3283 meretrices
1847 3225 2064 3297 quidem

479 3338 599 3392 quae
645 3338 788 3377 nunc
829 3337 950 3376 cum
1005 3322 1124 3386 hoc,
1151 3336 1292 3375 nunc
1341 3335 1460 3374 cum
1511 3319 1603 3373 illo
1648 3319 2064 3388 conjunguntur,

481 3412 674 3467 merito
704 3413 1028 3466 extollentur
1055 3412 1312 3466 adversus
1354 3419 1621 3464 amatores
1645 3451 1660 3474 ,
1694 3409 1906 3480 quando
1953 3408 2068 3464 haec

482 3505 645 3559 verba
690 3504 955 3558 audierint
986 3523 999 3558 :
1030 3505 1222 3558 mulier
1247 3513 1421 3557 autem
1451 3501 1619 3557 libera
1644 3509 1699 3557 et
1727 3502 1897 3571 puella
1922 3503 2064 3570 inge-

483 3611 588 3649 nua
615 3597 696 3649 bis
726 3595 902 3649 verbis
936 3611 1221 3666 numquam
1253 3595 1556 3658 extolletur,
1587 3594 1682 3650 sed
1708 3594 1877 3648 multo
1904 3594 2071 3663 magis

485 3690 568 3744 his
599 3687 917 3744 inﬂecletur.
952 3689 1189 3743 Ostende
1235 3697 1285 3743 te
1336 3687 1512 3758 magni
1562 3686 1739 3742 facere
1784 3701 1907 3741 cum
1958 3687 2072 3754 ipsa

484 3783 951 3848 consuetudinem,
983 3791 1040 3837 et
1062 3781 1218 3836 malle
1247 3791 1298 3837 te
1329 3781 1472 3836 domi
1499 3795 1619 3835 esse
1660 3788 1880 3849 propter
1901 3779 2071 3846 ipsam

486 3888 646 3942 quam
691 3872 741 3925 in
790 3871 935 3932 foro;
967 3882 1020 3926 et
1063 3887 1178 3927 eam
1214 3887 1462 3942 praepono
1510 3871 1760 3926 omnibus
1797 3869 1986 3924 amicis
2021 3877 2076 3923 et

490 3964 690 4030 liberis,
725 3979 857 4032 quos
879 3981 942 4018 ex
962 3979 1022 4018 ea
1045 3964 1322 4034 suscepisti
1349 3980 1364 4028 ;
1397 3971 1451 4018 et
1471 3962 1571 4030 ipsi
1593 3976 1805 4031 quoque
1824 3975 1851 4011 a
1882 3969 1932 4014 te
1954 3973 2077 4028 pro-

488 4065 608 4124 pter
629 4055 796 4122 ipsam
813 4055 1116 4123 diligantur.
1133 4054 1187 4110 Si
1222 4055 1346 4109 bonl
1367 4052 1490 4124 quid
1509 4051 1714 4114 fecerit,
1735 4049 1886 4104 lauda
1907 4058 1961 4104 et
1984 4047 2081 4102 ad-

491 4147 720 4210 mirare;
751 4147 793 4200 si
823 4147 944 4214 quitl
970 4148 1241 4216 contingat
1265 4143 1503 4208 absurdi,
1533 4151 1586 4196 et
1607 4139 1750 4212 quod
1777 4140 1964 4210 puellis
1988 4153 2078 4192 ac-

491 4239 673 4295 cidere
697 4242 885 4303 soleat,
906 4241 1069 4295 suade
1096 4251 1148 4295 et
1175 4239 1423 4293 admone.
1444 4235 1601 4290 Omni
1629 4249 1694 4288 ex
1715 4240 1866 4303 parte
1884 4246 2077 4288 accusa

495 4333 747 4402 pecunias
782 4342 836 4386 et
858 4343 1102 4402 sumptus
1145 4330 1476 4402 magnificos,
1507 4339 1562 4383 et
1587 4328 1722 4382 doce
1759 4343 1877 4382 eam
1915 4341 2079 4380 orna-

495 4435 733 4479 mentum
759 4424 901 4495 quod
930 4424 1132 4494 paritur
1155 4437 1219 4476 ex
1248 4422 1444 4477 decore
1468 4427 1523 4474 et
1551 4418 1832 4484 modestia,
1863 4426 1917 4472 et
1938 4415 2081 4487 quod

495 4533 560 4571 ex
587 4519 868 4572 honestate
897 4533 910 4568 :
947 4527 1001 4572 et
1025 4515 1239 4570 assidue
1268 4515 1402 4569 doce
1432 4527 1493 4569 ea
1521 4528 1641 4582 quae
1670 4511 1968 4566 conferunt.

567 4609 618 4663 9.
667 4609 807 4664 Uxor
835 4610 1084 4680 quomodo
1114 4607 1413 4661 erudienda.
1441 4634 1512 4647 -—-
1536 4605 1656 4661 Sint
1703 4618 1890 4672 preces
1930 4602 2081 4656 vobis

495 4715 845 4764 communes;
884 4701 1247 4770 unusquisque
1288 4706 1376 4753 eat
1416 4696 1483 4750 ad
1534 4695 1816 4750 ecclesiam
1848 4711 1862 4747 ε
1907 4703 1958 4747 et
1985 4708 2082 4747 eo-

497 4809 614 4846 rum
643 4808 760 4862 qua:
791 4791 899 4846 illic
925 4790 1174 4844 dicuntur
1193 4800 1246 4844 et
1275 4790 1541 4856 leguntur,
1572 4786 1793 4840 maritus
1820 4786 1888 4840 ab
1917 4800 2083 4840 uxore

497 4891 702 4951 partem
723 4881 867 4935 clomi
894 4883 1070 4950 exigat
1089 4889 1141 4934 et
1164 4879 1250 4933 illa
1267 4895 1297 4934 a
1315 4878 1527 4933 marito.
1551 4877 1604 4931 Si
1637 4875 1830 4945 premit
1856 4890 2083 4946 pauper-

499 4985 614 5040 tas,
640 4975 843 5044 produc
883 4973 935 5027 iu
969 4972 1201 5028 medium
1231 4977 1447 5024 sanctos
1476 4968 1619 5023 viros
1648 4967 1869 5022 Paulum
1900 4976 1955 5023 et
1977 4968 2081 5022 Pe-

500 5075 660 5128 trum,
680 5065 769 5134 qui
797 5064 849 5118 in
883 5063 1068 5132 majori
1087 5061 1300 5115 fuerunt
1314 5058 1706 5115 existimatione
1721 5073 1878 5128 quam
1895 5074 2084 5114 omnes

499 5171 652 5225 reges
679 5166 733 5211 et
755 5156 946 5210 divites
969 5195 985 5220 ,
1009 5161 1064 5208 et
1088 5152 1355 5222 quomodo
1383 5153 1540 5205 vitam
1581 5162 1804 5222 egerunt
1849 5152 1900 5205 in
1942 5149 2084 5205 fame

499 5261 553 5305 et
581 5251 671 5305 siti
708 5268 720 5304 :
754 5249 902 5303 erudi
934 5264 1050 5302 eam
1079 5248 1208 5301 nihil
1242 5247 1293 5301 in
1321 5246 1425 5300 vita
1453 5261 1572 5300 esse
1595 5246 1829 5301 terribile
1857 5253 2082 5314 practer-

501 5356 659 5409 quam
718 5341 882 5393 Deum
928 5338 1216 5394 offendere.
1253 5337 1452 5407 Siquis
1481 5338 1560 5392 sic
1594 5347 1647 5392 et
1699 5347 1916 5408 propter
1969 5335 2084 5390 lucc

501 5448 720 5488 uxorem
746 5431 986 5495 duxerit,
1007 5430 1283 5484 monachis
1313 5445 1418 5484 non
1441 5431 1543 5485 erit
1572 5429 1725 5483 valde
1753 5429 1956 5494 minor,
1986 5442 2086 5481 nec

501 5524 544 5578 is
572 5528 661 5594 qui
697 5538 916 5578 uxorem
947 5524 1117 5589 duxit,
1149 5525 1212 5579 iis
1241 5524 1328 5594 qui
1361 5539 1465 5578 nou
1515 5524 1800 5577 duxerunt.
1830 5520 1886 5575 Si
1923 5521 2084 5575 etiam

501 5617 674 5670 facere
701 5613 942 5685 prandia,
969 5624 1024 5670 et
1052 5617 1290 5670 convivia
1313 5616 1586 5671 celebrare
1603 5615 1755 5678 velis,
1779 5612 1981 5667 nullum
2001 5613 2085 5664 in-

498 5706 802 5772 honestum,
820 5710 1084 5765 neminem
1109 5710 1439 5774 indecorum,
1459 5709 1550 5763 sed
1564 5709 1608 5762 si
1631 5717 1875 5760 sanctum
1900 5721 2086 5774 quem-

499 5800 639 5870 piam
687 5799 971 5866 iuvcneris,
1001 5802 1087 5871 qui
1118 5802 1284 5870 possit
1312 5800 1494 5856 domui
1523 5810 1711 5854 vcstrzc
1744 5797 2080 5863 benedicere,

1188 361 1247 420 ὃ.
1287 361 1562 419 JOANNIS
1585 357 2055 418 CIIRYSOSTOMI
2097 355 2408 414 ARCHIEI‘.
2447 353 2978 412 CONSTANTINOP.

3605 354 3710 410 448

2129 484 2182 529 et
2215 475 2405 542 pedum
2433 474 2672 543 ingressu
2691 473 2864 528 valeat
2889 472 3188 526 universam
3211 469 3410 525 inferre
3431 466 3525 525 Dei
3548 469 3712 525 bene-

2126 564 2435 628 dictionem,
2463 579 2585 620 eum
2610 579 2764 618 voca.
2794 564 2974 618 Dicam
3005 565 3166 618 etiam
3211 560 3357 616 aliud
3388 579 3402 615 :
3433 575 3593 617 nemo
3617 577 3712 616 ve-

2127 666 2294 710 Strum
2339 655 2551 710 studeat
2596 671 2816 710 uxorem
2860 654 3058 709 ducere
3098 654 3368 717 ditiorem,
3400 651 3495 707 sed
3538 653 3714 722 potius

2130 750 2522 818 pauperiorem.
2553 747 2668 802 Non
2695 749 2836 802 enim
2867 746 3197 817 ingredietur
3221 745 3453 800 alferens
3481 760 3548 800 ex
3575 743 3714 800 divi-

2130 840 2215 892 tiis
2245 849 2442 892 tantam
2469 839 2805 894 occasionem
2848 838 3154 908 voluptatis,
3185 847 3441 908 quantam
3471 837 3714 891 introdu-

2130 942 2216 986 cet
2243 932 2540 986 molestiam
2581 947 2647 987 ex
2687 931 2928 1000 probris,
2957 947 3022 985 ex
3053 947 3119 985 eo
3161 931 3302 1002 quod
3349 930 3719 1000 pluraexigat

2133 1039 2291 1093 quam
2320 1023 2574 1088 intulerit,
2605 1039 2671 1077 ex
2695 1024 3053 1086 contumeliis,
3085 1039 3157 1078 ex
3187 1025 3392 1092 magnis
3418 1023 3720 1092 sumptibus

2134 1126 2188 1169 et
2231 1113 2506 1185 impensis,
2549 1130 2616 1168 ex
2647 1114 2823 1168 verbis
2855 1114 3094 1168 molestis
3120 1125 3174 1169 et
3214 1116 3532 1185 importunis
3584 1113 3720 1169 For-

2137 1213 2279 1259 tasse
2318 1205 2460 1258 enim
2506 1205 2690 1259 dicet:
2721 1204 2859 1258 Nihil
2905 1204 3082 1259 adhuc
3122 1207 3428 1274 consumpsi
3466 1221 3531 1260 ex
3573 1207 3676 1260 tuis
3702 1246 3718 1269 ,

2137 1296 2270 1350 meis
2287 1295 2461 1348 adhuc
2492 1295 2705 1360 induor,
2733 1310 2799 1350 ex
2832 1297 2895 1351 iis
2920 1312 3042 1365 qua:
3071 1297 3198 1350 mihi
3230 1296 3497 1351 donarunt
3522 1312 3723 1368 paren-

2141 1395 2241 1442 tes.
2282 1387 2420 1452 Quid
2465 1387 2619 1449 dicis,
2652 1402 2686 1441 ο
2713 1389 2940 1443 mulier?
2969 1389 3071 1442 tuis
3111 1405 3170 1444 es
3215 1389 3390 1444 adhuc
3419 1390 3642 1444 induta?
3670 1400 3727 1445 et

2141 1480 2265 1549 quid
2306 1480 2408 1535 hoc
2445 1481 2608 1535 verbo
2634 1480 2793 1536 fuerit
2841 1482 3131 1536 miserius?
3162 1497 3358 1552 corpus
3403 1499 3508 1537 non
3561 1484 3727 1539 habes

2144 1572 2438 1641 proprium,
2469 1583 2523 1627 et
2545 1575 2795 1642 pecunias
2823 1573 2987 1628 habes
3016 1575 3298 1644 proprias?
3321 1575 3435 1630 Non
3458 1580 3588 1631 estis
3617 1593 3730 1630 am-

2145 1664 2287 1731 plius
2311 1664 2429 1719 dua:
2469 1680 2661 1720 carnes
2705 1675 2824 1736 post
2869 1668 3295 1735 matrimonium,
3325 1669 3416 1726 sed
3448 1668 3572 1722 facti
3601 1670 3732 1723 estis

2148 1755 2200 1809 in
2230 1770 2421 1819 unam;
2450 1767 2506 1810 et
2549 1756 2670 1811 dua:
2711 1767 2836 1812 sunt
2875 1756 3177 1822 facultates,
3206 1775 3310 1813 non
3359 1775 3481 1814 una.
3511 1759 3554 1815 Ο
3583 1775 3737 1814 amor

2149 1850 2426 1919 pecuniae!
2461 1864 2600 1904 unus
2625 1850 2805 1913 homo,
2827 1867 2990 1906 unum
3021 1853 3178 1906 ambo
3205 1853 3326 1906 facti
3357 1855 3485 1906 estis
3511 1854 3733 1919 animal,

2151 1950 2207 1995 et
2255 1941 2429 1994 adhuc
2473 1940 2606 1996 dicis
2655 1942 2812 1996 mea?
2844 1943 3240 1997 Exsecrandum
3273 1943 3376 1999 hoc
3414 1945 3634 1999 verbum
3683 1954 3738 1998 et

2152 2033 2470 2087 sceleratum
2497 2048 2527 2086 a
2558 2033 2770 2088 diabolo
2799 2043 2883 2088 cst
2908 2036 3197 2090 invectum.
3215 2037 3356 2091 Deus
3381 2037 3559 2090 omnia
3587 2037 3738 2091 nobis

2154 2123 2282 2180 fecit
2323 2127 2649 2191 communia,
2679 2143 2799 2196 quae
2831 2136 2956 2181 sunt
2986 2127 3068 2181 his
3097 2128 3272 2198 magis
3314 2129 3614 2183 necessaria
3640 2171 3654 2193 ,
3687 2137 3740 2183 et

2157 2219 2271 2273 hzec
2296 2233 2402 2272 non
2430 2228 2556 2273 sunt
2583 2220 2890 2274 communia
2914 2221 2936 2273 ?
2964 2219 3078 2274 Non
3109 2220 3233 2276 licet
3274 2221 3474 2287 dicere,
3506 2221 3616 2276 Lux
3657 2231 3742 2276 est

2158 2328 2297 2379 mea,
2326 2312 2418 2368 Sol
2461 2323 2544 2368 est
2588 2327 2759 2378 meus,
2803 2314 2955 2384 Aqua
2998 2329 3115 2368 mea
3146 2331 3159 2366 :
3190 2330 3309 2384 qua:
3347 2322 3472 2369 sunt
3518 2314 3738 2383 majora,

2158 2408 2336 2461 omnia
2386 2406 2540 2460 nobis
2583 2415 2707 2460 sunt
2735 2407 3076 2470 communia,
3114 2408 3351 2475 pecunize
3404 2417 3582 2462 autem
3636 2422 3742 2461 non

2158 2507 2317 2554 erunt
2345 2513 2658 2553 communes
2680 2499 2704 2551 ?
2736 2499 2959 2552 Pereant
2989 2498 3183 2552 millies
3203 2499 3462 2568 pecunite,
3484 2499 3592 2551 imo
3618 2514 3746 2553 vero

2161 2605 2266 2644 non
2295 2589 2568 2658 pecuniae,
2600 2587 2694 2642 sed
2742 2590 2904 2643 animi
2947 2590 3209 2652 instituta,
3233 2605 3353 2659 qua:
3383 2590 3626 2644 nesciunt
3670 2589 3748 2642 uti

2162 2682 2425 2750 pecuniis,
2453 2679 2545 2734 sed
2575 2696 2667 2735 eas
2707 2681 2956 2735 omnibus
3003 2681 3313 2750 prteferunt.
3345 2680 3413 2734 Et
3460 2682 3573 2735 htec
3616 2681 3752 2736 doce

2163 2789 2284 2828 cum
2316 2773 2456 2835 aliis,
2488 2773 2582 2826 sed
2610 2788 2731 2827 cum
2765 2773 2930 2827 multa
2957 2773 3150 2842 gratia.
3184 2773 3314 2826 Nam
3358 2773 3608 2841 quoniam
3639 2773 3752 2842 ipsa

2165 2879 2262 2934 per
2288 2878 2347 2918 se
2376 2863 2440 2917 ad
2471 2865 2717 2916 virtutem
2741 2864 3044 2918 exhortatio
3064 2864 3286 2917 multum
3314 2863 3470 2918 habet
3500 2863 3750 2930 tristitiae,

2167 2956 2401 3010 maxime
2416 2954 2554 3024 apud
2574 2955 2801 3024 puellam
2823 2965 3060 3010 teneram
3083 2965 3132 3010 et
3154 2955 3489 3024 juvenculam
3507 2974 3521 3021 ;
3541 2956 3755 3026 quando

2166 3050 2328 3104 verba
2356 3048 2485 3104 fient
2508 3047 2575 3103 de
2597 3047 2952 3118 philosoiihia,
2980 3050 3199 3103 multam
3224 3048 3465 3118 excogita
3495 3049 3752 3118 gratiam;

2168 3149 2225 3196 et
2254 3140 2355 3194 hoc
2385 3141 2616 3194 maxime
2641 3155 2705 3195 ex
2731 3139 2872 3194 illius
2894 3141 3068 3194 anima
3096 3140 3392 3195 cxtermina
3424 3149 3476 3194 et
3506 3140 3754 3207 amanda,

2171 3249 2348 3288 meum
2378 3243 2433 3288 et
2457 3243 2626 3288 tuum.
2653 3233 2708 3288 Si
2739 3233 2973 3298 dixerit,
3003 3233 3116 3288 Mea
3143 3273 3156 3297 ,
3185 3232 3272 3287 dic
3296 3250 3310 3286 :
3339 3233 3593 3299 Quaanam
3625 3233 3758 3288 dicis

2175 3327 2300 3380 tua?
2329 3328 2509 3380 nescio
2538 3326 2703 3389 enim,
2735 3340 2855 3379 cum
2887 3340 2986 3395 ego
3014 3323 3143 3378 nihil
3176 3324 3398 3379 habeam
3431 3324 3704 3394 proprium
3736 3339 3752 3377 :

2174 3415 2445 3486 quomodo
2473 3431 2602 3486 ergo
2627 3414 2938 3481 dicis,Mea,
2971 3430 3093 3470 cum
3121 3416 3301 3469 omnia
3333 3415 3438 3468 sint
3469 3425 3556 3468 tua
3578 3415 3601 3468 ?
3621 3414 3762 3470 Con-

2174 3509 2312 3563 dona
2344 3509 2392 3563 ei
2423 3507 2523 3563 hoc
2549 3507 2792 3562 verbum.
2822 3507 2937 3561 Non
2968 3507 3144 3572 vides,
3173 3507 3310 3577 quod
3336 3509 3386 3561 in
3421 3509 3597 3576 parvis
3626 3523 3760 3578 pue-

2177 3601 2251 3655 ris
2295 3601 2396 3654 hoc
2446 3598 2949 3668 facimus?quando
2996 3598 3153 3652 nobis
3198 3599 3506 3654 tenentibus
3561 3598 3756 3668 aliquid

2179 3707 2310 3761 puer
2339 3691 2616 3759 rapuerit,
2643 3699 2698 3745 et
2722 3691 2835 3744 vult
2866 3691 3064 3761 aliquid
3092 3691 3232 3746 aliud
3261 3692 3502 3762 accipere
3523 3732 3538 3757 ,
3568 3706 3760 3746 conce-

2176 3781 2356 3836 dimus
2375 3791 2428 3835 et
2454 3781 2682 3837 dicimus
2716 3798 2728 3834 :
2757 3781 2918 3836 Certe
2948 3790 3094 3837 tuum
3123 3791 3208 3837 est
3238 3783 3341 3836 hoc
3388 3791 3442 3837 et
3470 3781 3620 3837 illud.
3651 3781 3764 3838 Hoc

2179 3871 2340 3927 etiam
2369 3870 2624 3925 faciamus
2651 3871 2703 3925 in
2732 3872 2957 3927 muliere
2989 3889 3000 3924 :
3035 3881 3120 3927 est
3148 3873 3289 3927 enim
3323 3888 3475 3928 mens
3505 3875 3620 3941 ejus
3650 3888 3765 3928 ma-

2181 3962 2261 4033 gis
2292 3963 2509 4032 puerilis
2538 3977 2551 4013 :
2585 3972 2640 4016 et
2663 3963 2709 4017 si
2744 3963 2916 4028 dicat,
2947 3963 3090 4031 Mea,
3127 3965 3213 4018 dic
3238 4006 3253 4030 ,
3281 3963 3471 4020 Omnia
3499 3977 3625 4019 sunt
3652 3974 3762 4033 tua,

2180 4063 2237 4110 et
2277 4071 2375 4126 ego
2404 4063 2544 4109 tuus.
2573 4053 2686 4109 Non
2714 4065 2796 4109 est
2821 4056 3042 4110 verbum
3084 4056 3427 4124 adulationis,
3460 4058 3555 4113 sed
3584 4059 3766 4112 multze

2184 4147 2498 4218 prudentiaa.
2528 4148 2615 4202 Sic
2657 4148 2858 4216 poteris
2900 4149 3018 4216 ejus
3055 4148 3186 4201 iram
3215 4149 3529 4219 reprimere,
3559 4150 3766 4204 exstin-

2182 4257 2346 4311 guere
2369 4241 2530 4294 animi
2562 4238 2953 4309 aegritudinem.
2982 4239 3074 4293 Est
3099 4239 3241 4293 enim
3270 4239 3526 4303 adulatio,
3553 4239 3768 4310 quando

2186 4345 2402 4404 propter
2452 4333 2648 4388 malum
2690 4332 2888 4402 aliquid
2930 4333 3120 4387 feceris
3162 4333 3470 4389 indecorum
3500 4343 3553 4388 et
3597 4333 3770 4389 illibe-

2185 4427 2336 4492 rale;
2367 4427 2468 4480 hoc
2497 4434 2675 4480 autem
2713 4434 2795 4480 est
2823 4426 3051 4480 maxima
3082 4425 3437 4496 philosophia.
3471 4426 3564 4481 Dic
3600 4441 3763 4496 ergo,

2188 4519 2299 4589 Ego
2326 4533 2537 4588 quoque
2562 4533 2679 4571 sum
2707 4527 2848 4581 tuus,
2871 4533 2903 4570 ο
2931 4516 3111 4571 filiola.
3140 4517 3252 4572 Hoc
3279 4517 3408 4571 mihi
3435 4518 3602 4572 suasit
3628 4517 3767 4572 Pau—

2186 4611 2291 4675 lus,
2314 4610 2500 4665 dicens
2526 4627 2539 4664 :
2580 4608 2670 4662 Vir
2699 4609 2893 4679 proprii
2913 4610 3140 4678 corporis
3166 4619 3456 4679 potestatem
3495 4626 3595 4663 non
3621 4609 3768 4663 habet

2187 4701 2262 4773 (1.
2294 4699 2414 4755 Cor.
2445 4703 2499 4756 7.
2529 4699 2609 4771 4),
2639 4699 2728 4754 sed
2754 4700 2951 4753 mulier.
2984 4698 3040 4756 Si
3067 4700 3170 4754 mei
3194 4701 3437 4769 corporis
3460 4715 3565 4754 non
3599 4699 3771 4753 habeo

2186 4799 2530 4862 potestatem,
2577 4789 2672 4845 sed
2717 4798 2772 4845 tu
2821 4790 2991 4845 multo
3043 4791 3212 4861 magis
3259 4793 3518 4860 pecuniae.
3550 4791 3772 4846 Sedabis

2187 4901 2330 4951 eam,
2364 4884 2408 4938 si
2437 4885 2516 4938 sic
2543 4885 2705 4939 fueris
2726 4884 2998 4953 loquutus,
3022 4884 3290 4940 ﬂammam
3317 4884 3772 4955 exstingues,dia-

2189 4975 2368 5029 bolum
2416 4974 2614 5045 probro
2653 4973 3164 5041 afficies,ancillam
3203 4977 3370 5046 magis
3409 4991 3526 5030 eam
3571 4974 3769 5040 facies,

2187 5082 2346 5136 quam
2379 5081 2499 5135 quae
2539 5075 2622 5120 est
2668 5073 2849 5136 empta
2881 5066 3142 5134 pecunia:
3175 5065 3256 5120 his
3286 5065 3469 5120 verbis
3499 5082 3616 5121 eam
3656 5067 3775 5121 alli-

2187 5159 2357 5229 gabis.
2406 5158 2766 5224 Quamobrem
2807 5175 2877 5212 ex
2923 5158 2988 5212 iis
3026 5173 3146 5228 qua:
3191 5158 3444 5226 loqueris,
3474 5157 3610 5213 doce
3654 5173 3775 5213 eam

2189 5265 2476 5321 numquam
2505 5249 2686 5305 dicere
2707 5291 2722 5314 ,
2751 5248 2920 5303 Meum
2957 5257 3010 5302 et
3051 5258 3218 5302 tuum.
3249 5247 3358 5302 Nec
3387 5263 3504 5303 eam
3536 5248 3779 5303 inconsi-

2190 5343 2376 5396 derate
2400 5355 2560 5396 voces
2585 5381 2599 5403 ,
2627 5339 2723 5394 sed
2760 5355 2880 5393 cum
2911 5339 3202 5403 blanditiis,
3233 5355 3355 5393 cum
3399 5339 3628 5404 honore,
3652 5354 3779 5394 cum

2192 5433 2356 5487 multa
2400 5431 2708 5486 dilectione.
2739 5430 2950 5484 Honora
2989 5445 3108 5484 eam
3131 5471 3146 5494 ,
3175 5440 3229 5484 et
3259 5447 3363 5483 non
3396 5446 3533 5500 opus
3561 5429 3780 5484 habebit

2194 5533 2251 5578 ttt
2279 5524 2573 5578 honoretur
2602 5523 2668 5577 ab
2695 5522 2812 5576 aliis
2841 5537 2857 5576 :
2889 5537 2995 5576 non
3021 5522 3196 5589 egebit
3227 5521 3393 5590 gloria
3416 5522 3483 5576 ab
3507 5522 3624 5574 aliis
3653 5520 3781 5575 dan-

2192 5615 2279 5680 da,
2313 5614 2355 5667 si
2379 5628 2439 5667 ea
2469 5612 2671 5668 fruatur
2697 5627 2800 5681 qua
2837 5621 2890 5666 tu
2919 5627 3036 5666 eam
3065 5612 3330 5667 atl‘eceris.
3365 5614 3492 5667 Eam
3526 5627 3779 5682 praepono

2175 5705 2440 5759 omnibus
2459 5744 2474 5768 ,
2505 5713 2724 5774 propter
2747 5703 2947 5768 omnia,
2981 5712 3036 5756 et
3077 5711 3297 5773 propter
3326 5702 3774 5772 pulchritudinem

2194 5807 2248 5852 et
2276 5796 2610 5864 sapientiam,
2644 5805 2694 5848 et
2722 5809 2842 5849 eam
2863 5809 2994 5850 orna
3020 5794 3283 5849 laudibus.
3320 5796 3391 5849 lta
3414 5803 3465 5851 ct
3488 5793 3782 5864 persuade-
