4092 6506
404 331 510 390 m

400 451 519 505 θεῖν
540 446 753 510 τοῦτον,
797 445 884 500 ἀεὶ
908 447 1000 500 καὶ
1032 445 1169 518 μετά
1197 447 1290 501 τοῦ
1321 448 1581 520 Χριστοῦ,
1633 448 1726 501 καὶ
1761 449 1874 518 μετ’
1902 449 1997 502 ἀλ-

400 536 584 605 λήλων
614 532 853 605 ἐσόμεθα
892 532 1030 604 μετὰ
1048 533 1289 598 πλείονος
1315 535 1413 606 τῆς
1442 535 1654 604 ἡδονῆς.
1698 533 1839 602 Ἐγὼ
1861 536 1997 590 πάν-

402 641 512 676 των
544 623 643 690 τὴν
679 622 778 691 σήν
808 621 1029 690 ἀγάπην
1063 622 1386 694 προτίθημι,
1428 625 1524 676 καὶ
1545 622 1697 675 οὐδὲν
1727 621 1870 675 οὕτω
1907 639 1997 693 μοι

403 712 665 767 δύσκολον
693 710 814 762 οὐδὲ
846 709 1105 779 ἐπαχθὲς,
1133 709 1207 771 ὡς
1235 711 1296 764 τό
1331 727 1461 762 ποτε
1493 710 1831 780 διενεχθῆναι
1862 710 1999 782 πρὸς

406 801 470 854 σέ
494 817 506 830 ·
534 800 638 854 κάν
684 799 865 852 πάντα
903 799 1166 852 ἀπολέσαι
1199 798 1314 871 δέῃ,
1351 798 1452 852 κᾶν
1493 800 1641 869 Ἴρου
1679 799 1998 868 πενέστερον

405 888 694 957 γενέσθαι,
741 885 844 940 κᾶν
897 885 1173 951 κινδύνους
1223 887 1524 958 ὑποστῆναι
1551 886 1678 949 τοὺς
1717 887 1997 955 ἐσχάτους,

406 975 509 1028 κᾶν
525 973 704 1028 ὁτιοῦν
729 973 944 1037 παθεῖν,
970 975 1094 1042 ἐμοὶ
1134 975 1312 1027 πάντα
1335 973 1492 1028 οἰστά
1511 974 1606 1026 καὶ⁸
1631 974 1865 1043 φορητὰ,
1893 972 2001 1034 ἕως

407 1063 472 1117 ἃν
498 1062 568 1114 τά
591 1062 728 1127 πρὸς
758 1061 817 1114 σὲ
841 1057 900 1114 εὖ
931 1079 1019 1131 μοι
1039 1062 1344 1131 διακέηται·
1369 1062 1464 1114 καὶ
1486 1061 1555 1114 τὰ
1576 1060 1767 1113 παιδία
1793 1076 1884 1128 μοι
1902 1078 2002 1113 πο-

413 1149 562 1204 θεινά
592 1149 715 1202 τότε
746 1151 920 1211 ἔσται,
954 1149 1058 1212 ἕως
1082 1148 1149 1201 ἂν
1178 1148 1437 1211 εὐνοϊκῶς
1469 1149 1605 1219 πρὸς
1627 1149 1776 1218 ἡμᾶς
1795 1147 2002 1200 διακει-

415 1237 549 1308 μένη
565 1233 655 1311 ᾗς.
675 1237 870 1306 Δεήσει
889 1234 1057 1287 δὲκαὶ
1077 1236 1135 1288 σὲ
1153 1235 1326 1288 ταῦτα
1346 1237 1539 1288 ποιεῖν.
1565 1231 1698 1288 Εἶτα
1715 1234 2002 1304 παραμίγ-

411 1342 501 1378 νυε
525 1321 704 1376 καὶτὰ
729 1321 1058 1375 ἀποστολικά
1081 1325 1319 1394 ῥήματα,
1338 1324 1419 1375 ὅτι
1441 1321 1612 1385 οὕτως
1637 1325 1664 1376 ὁ
1681 1321 1832 1393 [1561
1865 1321 1996 1384 Θεὸς

417 1411 667 1483 βούλεται
713 1409 810 1479 τὴν
859 1408 1073 1462 εὕνοιαν
1115 1412 1247 1480 ἡμῖν
1283 1409 1774 1481 συγκεκροτῆσθαι.
1804 1410 2004 1462 Ἄκουε

416 1502 524 1571 γάρ
554 1501 656 1571 τῆς
675 1499 899 1570 Γραφῆς
927 1498 1218 1571 λεγούσης⁶
1253 1498 1400 1553 Ἀντί
1422 1500 1637 1553 τούτου
1655 1499 2006 1566 καταλείψει

415 1588 726 1657 ἅνθρωπος
753 1586 863 1638 τὸν
897 1588 1117 1653 πατέρα
1145 1585 1332 1640 αὐτοῦ
1357 1585 1454 1640 καί
1482 1584 1599 1654 τὴν
1623 1586 1874 1655 μητέρα,
1907 1584 2006 1638 καὶ

419 1674 1018 1741 προσκολληθήσεται
1035 1675 1186 1742 πρὸς
1195 1676 1312 1743 τὴν
1322 1675 1580 1744 γυναῖκα
1592 1678 1668 1730 αὐ
1678 1674 1801 1728 τοῦ.
1829 1677 1881 1728 Μ
1890 1674 2009 1747 ηδε-

425 1765 522 1835 μία
553 1762 915 1834 μικροψυχίας
946 1763 1086 1816 ἔστω
1133 1764 1406 1833 πρόφασις
1434 1765 1568 1833 ἡμῖν
1589 1779 1602 1792 ·
1623 1762 1832 1835 ἐρρέτω
1876 1762 2011 1832 χρή-

423 1868 587 1921 ματα,
607 1851 1058 1922 καὶάνδραπόδων
1070 1849 1293 1922 πλῆθος,
1316 1851 1408 1904 καὶ
1425 1851 1582 1921 τιμαὶ
1595 1853 1650 1904 αἰ
1667 1850 1774 1902 τῶν
1787 1849 2006 1916 ἔξωθεν·

415 1941 538 2010 ἐμοὶ
563 1939 782 1992 πάντων
812 1936 968 1990 τοῦτο
990 1938 1404 2009 προτιμότερον.
1431 1938 1605 1991 Πόσου
1635 1937 1883 2009 χρυσίου,
1910 1936 2011 1990 πό-

417 2044 526 2080 σων
563 2025 855 2098 θησαυρῶν
891 2026 1013 2096 οὐχὶ
1055 2025 1407 2096 ποθεινότερα
1460 2025 1634 2079 ταῦτα
1674 2027 1743 2078 τά
1786 2025 2011 2097 ῥήματα

414 2116 567 2169 ἔσται
593 2119 662 2188 τῇ
688 2115 940 2184 γυναικί;
973 2116 1065 2185 Μὴ
1088 2115 1329 2186 φοϐηθῇς
1359 2117 1430 2186 μή
1461 2132 1589 2168 ποτε
1608 2114 1881 2184 άπονοηθῇ
1909 2132 2011 2167 κα-

415 2204 482 2258 τά
517 2202 612 2257 σοῦ
648 2204 974 2274 φιλουμένη,
1022 2203 1136 2257 ἀλλ’
1174 2203 1256 2256 ὅτι
1284 2203 1458 2272 φιλεῖς
1500 2203 1770 2274 ὁμολόγει.
1804 2205 1868 2256 Αἰ
1912 2203 2011 2273 μὲν

414 2293 524 2363 γὰρ
555 2295 769 2363 ἑταῖραι
802 2291 897 2344 νῦν
929 2293 1030 2362 μὲν
1059 2291 1253 2362 τούτῳ,
1291 2291 1387 2346 νῦν
1416 2292 1472 2346 δὲ
1515 2293 1709 2362 ἐκείνῳ
1741 2291 2013 2362 προσπλε-

421 2379 676 2449 κόμεναι,
711 2379 936 2440 είκότως
970 2378 1034 2432 ἂν
1079 2380 1394 2450 ὲπαίροιντο
1436 2379 1578 2432 κατὰ
1629 2378 1738 2432 τῶν
1766 2379 2012 2448 ἐραστῶν

415 2465 545 2518 ὅταν
577 2464 804 2518 τοιαῦτα
827 2464 1076 2519 ἀκούοιεν
1100 2466 1325 2536 ῥήματα
1349 2483 1361 2496 '
1388 2464 1650 2536 ἐλευθέρα
1670 2466 1727 2520 δὲ
1757 2465 1893 2537 γυνή
1921 2465 2014 2519 καὶ

420 2553 559 2623 κόρη
589 2553 821 2624 εὐγενὴς
845 2553 946 2606 οὐκ
969 2552 1034 2606 ἄν
1071 2570 1202 2607 ποτε
1227 2552 1438 2616 τούτοις
1474 2553 1737 2624 ἐπαρθείη
1774 2556 1888 2617 τοῖς
1919 2554 2017 2626 ῥή-

421 2657 610 2710 μασιν,
636 2641 773 2695 ἀλλά
803 2640 984 2711 πολλῷ
1025 2640 1227 2711 μᾶλλον
1251 2641 1347 2694 καὶ
1375 2641 1856 2710 κατακάμπτεται.
1895 2641 2012 2695 Ἐν-

415 2729 672 2782 δείκνυσο
694 2729 752 2781 δὲ
772 2729 870 2800 τήν
898 2729 1035 2800 πρὸς
1059 2728 1230 2800 αὐτὴν
1259 2729 1546 2784 συνουσίαν
1567 2729 1764 2782 πολλοῦ
1794 2728 2014 2800 τιθέμε-

421 2835 535 2879 νος,
582 2819 678 2871 καὶ
713 2816 915 2888 μᾶλλον
958 2817 1052 2869 ἐπὶ
1095 2817 1191 2886 τῆς
1219 2817 1398 2880 οἰκίας
1427 2813 1566 2870 εῖναι
1595 2816 1920 2888 βουλόμενος
1946 2817 2014 2871 δι’

422 2905 616 2973 αὐτὴν,
641 2904 674 2976 ἢ
700 2905 794 2958 ὲπί
821 2906 918 2976 τῆς
940 2905 1147 2976 ἀγορᾶς
1171 2920 1190 2937 ⁶
1212 2906 1306 2958 καὶ
1325 2905 1544 2958 πάντων
1560 2905 1667 2957 τῶν
1691 2905 1861 2974 φίλων
1882 2921 2019 2976 προ-

421 2992 581 3061 τίμα,
615 2991 709 3045 καὶ
736 2990 942 3045 παίδων
966 2991 1075 3045 τῶν
1095 2991 1156 3058 ἐξ
1173 2992 1364 3063 αὐτῆς,
1391 2993 1483 3046 καὶ
1516 2992 1657 3047 αὐτά
1689 2993 1745 3044 δὲ
1767 2992 1854 3045 διὰ
1885 2991 2018 3045 ταύ-

420 3096 524 3150 την
550 3078 814 3147 φιλείσθω
839 3081 992 3151 παρά
1023 3080 1138 3134 σοῦ.
1172 3082 1270 3133 "Av
1297 3080 1503 3149 ἀγαθόν
1533 3097 1586 3132 τι
1621 3078 1824 3152 πράξῃ,
1855 3079 2018 3134 ἐπαί-

424 3183 507 3218 νει
543 3165 638 3219 καὶ
665 3165 914 3236 θαύμαζε
943 3183 956 3197 ο
991 3166 1057 3221 ἂν
1081 3167 1280 3221 ἄτοπόν
1303 3184 1357 3219 τι
1389 3168 1482 3221 καὶ
1507 3163 1618 3219 οἷον
1649 3167 1856 3220 νεανίσι
1881 3184 2020 3237 συμ-

426 3252 627 3317 ϐαίνει,
661 3253 919 3325 παραίνει
959 3254 1053 3306 καὶ
1099 3254 1506 3326 ὐπομίμνησκε.
1539 3255 1688 3306 Ἀνω
1737 3256 1832 3307 καὶ
1870 3254 2022 3308 κάτω

422 3341 728 3412 χρημάτων
751 3341 1046 3412 κατηγόρει
1070 3343 1163 3394 καὶ
1186 3341 1556 3407 πολυτελείας,
1588 3343 1682 3396 καὶ
1705 3328 2034 3395 ὑποδείκνυε

426 3431 520 3482 τὸν
570 3429 775 3499 κόσμον
819 3429 912 3483 τὸν
965 3430 1072 3482 ἀπὸ
1101 3429 1202 3500 τῆς
1241 3431 1603 3500 κοσμιότητος
1635 3431 1732 3483 καὶ
1775 3430 1882 3484 ἀπὸ
1922 3429 2023 3500 τῆς

430 3517 784 3589 σεμνότητος,
825 3519 922 3572 καί¹
947 3518 1162 3572 δίδασκε
1191 3518 1456 3590 διηνεκῶς
1484 3521 1552 3572 τὰ
1577 3519 1948 3590 συμφέροντα.

501 3605 567 3659 θ’.
600 3606 768 3676 Εὐχαὶ
793 3605 1138 3674 γενέσθωσαν
1170 3607 1297 3678 ὑμῖν
1335 3607 1510 3661 κοιναί
1533 3624 1546 3639 ο
1569 3607 1797 3669 ἕκαστος
1826 3607 1905 3670 εἰς
1928 3605 2026 3677 τὴν

432 3695 731 3765 ἐκκλησίαν
757 3696 983 3767 προΐτω,
1003 3696 1097 3749 καί
1113 3696 1222 3750 τῶν
1246 3697 1556 3767 λεγομένων
1586 3698 1679 3751 καὶ
1703 3697 1811 3749 τῶν
1833 3698 2024 3764 ἀναγι-

433 3783 796 3855 νωσκομένων
830 3785 969 3848 ἐκεῖ,
995 3784 1092 3838 καὶ
1121 3786 1148 3838 ό
1169 3783 1308 3856 ἀνὴρ
1331 3785 1428 3854 τὴν
1459 3786 1696 3852 γυναῖκα
1724 3784 2027 3838 ἀπαιτείτω

436 3872 529 3924 ἐπὶ
550 3871 647 3941 τῆς
666 3871 846 3935 οίκίας
865 3871 927 3924 τὸ
961 3872 1148 3943 μέρος,
1169 3871 1402 3943 κάκείνη
1433 3871 1524 3926 τὸν
1552 3871 1743 3943 ἄνδρα.
1779 3872 1841 3926 Εἰ
1867 3871 2026 3923 πενία

435 3977 517 4024 τις
536 3960 778 4031 κατέχοι,
814 3961 1030 4031 πάραγε
1051 3961 1131 4021 είς
1167 3961 1334 4032 μέσον
1354 3961 1480 4024 τοὺς
1498 3961 1686 4026 ἁγίους
1700 3961 1921 4031 ἄνδρας,
1938 3958 2028 4012 τὸν

438 4047 672 4112 Παῦλον,
729 4049 818 4102 τὸν
849 4048 1074 4118 Πέτρον,
1127 4047 1177 4102 οἳ
1222 4047 1445 4101 πάντων
1495 4047 1696 4118 μᾶλλον
1726 4048 1820 4100 καί
1872 4047 2027 4116 βασι-

439 4134 576 4190 λέων
595 4137 692 4190 καὶ
713 4135 984 4189 πλουσίων
1006 4136 1395 4207 εὐδοκίμησαν,
1419 4137 1514 4188 καὶ
1539 4135 1654 4198 πῶς
1676 4135 1731 4189 δὲ
1755 4135 1846 4188 καί
1868 4138 1925 4187 ὲν
1945 4135 2028 4188 λι-

443 4224 531 4294 μῷ
551 4225 645 4277 καὶ
667 4226 724 4277 ἐν
744 4223 888 4293 δίψει
911 4223 1002 4277 τὸν
1025 4223 1144 4294 βίον
1163 4223 1426 4294 διήγαγον
1451 4237 1465 4250 '
1492 4223 1714 4274 παίδευε
1733 4222 1924 4292 αὐτὴν,
1949 4222 2029 4274 ὄτι

441 4311 596 4364 οὐδὲν
625 4311 857 4382 φοϐερὸν
890 4312 998 4365 τῶν
1030 4313 1088 4365 ὲν
1115 4310 1195 4382 τῷ
1228 4310 1347 4381 βίῳ,
1382 4309 1415 4380 ἢ
1447 4310 1607 4379 μόνον
1629 4310 1691 4361 τὸ
1720 4307 2030 4380 προσκροῦ-

446 4416 534 4453 σαι
563 4400 640 4470 τῷ
667 4400 809 4470 Θεῷ.
842 4401 939 4453 Ἂν
964 4399 1107 4452 οὕτω
1134 4416 1218 4459 τις
1245 4402 1421 4470 γήμῃ,
1451 4397 1516 4452 ἂν
1545 4399 1635 4451 ἐπὶ
1660 4397 1893 4462 τούτοις,
1921 4397 2031 4450 τῶν

450 4489 792 4558 μοναζόντων
825 4487 926 4540 οὐκ
961 4487 1113 4540 ἔσται
1143 4485 1323 4558 πολλῴ
1352 4487 1614 4548 ἐλάττων,
1668 4484 1790 4538 οὐδὲ
1807 4484 1914 4537 τῶν
1957 4484 2032 4554 μὴ

444 4575 842 4646 γεγαμηκότων
863 4576 892 4628 ὁ
917 4573 1273 4645 γεγαμηκώς.
1301 4572 1363 4626 Εἰ
1388 4573 1567 4644 βούλει
1589 4574 1682 4626 καὶ
1699 4571 1895 4644 ἄριστα
1917 4589 2036 4624 ποι-

448 4666 528 4715 εῖν
563 4664 659 4716 κοιλ⁸
685 4663 960 4726 ἑστιάσεις
985 4661 1273 4726 ἐπιτελεῖν,
1309 4661 1512 4731 μηδένα
1541 4661 1798 4730 ἄσεμνον,
1829 4658 2036 4730 μηδένα

448 4751 710 4821 ἄκοσμον,
736 4750 852 4803 ἀλλ’
872 4752 926 4804 εἴ
958 4767 1082 4804 τινα
1106 4751 1261 4817 ἆγιον
1290 4749 1500 4820 πένητα
1524 4746 1706 4819 εὕροις
1731 4747 2032 4817 δυνάμενον

449 4838 578 4905 ὑμῖν
613 4838 906 4908 εὐλογῆσαι
931 4838 1028 4908 τήν
1067 4838 1264 4904 οἰκίαν,
1311 4836 1605 4906 δυνάμενον
1639 4833 1777 4905 μετά
1805 4835 1903 4905 τῆς
1931 4833 2040 4888 τῶν

448 4925 627 4978 ποδῶν
654 4926 961 4989 έπιϐάσεως
979 4925 1159 4979 πᾶσαν
1183 4927 1511 4992 εἰσενεγκεῖν
1533 4922 1627 4976 τοῦ
1650 4921 1786 4976 Θεοῦ
1818 4924 1917 4991 τῆν
1947 4923 2039 4974 εὐ-

449 5012 655 5080 λογίαν,
703 5012 893 5067 τοῦτον
941 5013 1118 5066 κάλει.
1171 5013 1325 5067 Εἴπω
1357 5012 1414 5065 δὲ
1443 5013 1536 5064 καὶ
1584 5010 1800 5082 έτερον;
1832 5009 2040 5079 Μηδεὶς

454 5100 606 5172 ὑμῶν
635 5100 985 5165 σπουδαζέτω
1012 5099 1397 5169 εὐπορωτέραν
1431 5101 1662 5169 γαμεῖν,
1692 5096 1829 5151 ἀλλὰ
1859 5095 2042 5165 πολλῴ

456 5190 656 5261 μᾶλλον
693 5191 1046 5260 πενεστέραν.
1071 5190 1149 5245 Οὐ
1179 5191 1288 5260 γὰρ
1311 5188 1580 5259 τοσαύτην
1609 5187 1718 5240 ἀπὸ
1764 5187 1873 5240 τῶν
1902 5203 2042 5258 χρη-

456 5279 641 5350 μάτων
662 5277 1028 5333 εἰσελεύσεται
1049 5276 1376 5346 εἰσφέρουσα
1394 5275 1646 5346 ἀφορμὴν
1663 5273 1880 5346 ἡδονῆς,
1911 5273 2044 5344 ὅσην

454 5368 644 5439 ἀηδίαν
686 5369 795 5422 ἀπο
839 5366 949 5420 τῶν
990 5365 1228 5426 ὀνειδῶν,
1276 5365 1384 5418 ἀπὸ
1415 5364 1506 5418 τοῦ
1541 5364 1760 5417 πλείονα
1792 5364 2042 5416 ἀπαιτεῖν

454 5455 529 5512 ὧν
557 5461 871 5528 εἰσήγαγεν,
903 5455 1012 5509 ἀπο
1035 5455 1143 5508 τῶν
1167 5455 1398 5526 ὕϐρεων,
1423 5453 1531 5507 ἀπὸ
1555 5453 1652 5524 τῆς
1676 5453 2046 5517 πολυτελείας,

454 5547 564 5601 ἀπο
605 5545 714 5597 τῶν
755 5544 1031 5612 φορτικῶν
1083 5543 1364 5615 ῥημάτιον.
1415 5540 1563 5613 Ἐρεῖ
1595 5541 1703 5610 γὰρ
1735 5540 1864 5603 ἴσως
1889 5556 1902 5569 ·
1937 5537 2047 5592 Οὐ⁴

453 5635 604 5689 δέπω
626 5633 734 5687 τῶν
765 5633 874 5686 σῶν
908 5631 1163 5684 ἀνάλωσα
1183 5631 1358 5694 οὐδὲν,
1384 5629 1465 5682 ἔτι
1486 5628 1554 5682 τὰ
1570 5628 1678 5700 ὲμά
1705 5627 2046 5696 περίκειμαι,

456 5722 517 5788 ἐξ
547 5715 623 5774 ὧν
658 5723 706 5774 οἰ
733 5721 911 5782 γονεῖς
945 5736 1035 5789 μοι
1064 5717 1415 5789 δεδώρηνται.
1448 5716 1524 5786 1Τί
1557 5715 1758 5783 λέγεις,
1783 5711 1827 5766 ὦ
1849 5713 2047 5782 γύναι;

456 5813 537 5866 ἔτι
568 5808 636 5864 τά
667 5809 734 5864 σα
760 5807 1100 5877 περίκεισαις
1138 5807 1226 5861 καὶ
1265 5807 1315 5853 τί
1352 5797 1542 5860 ρούτοῦ
1567 5804 1661 5858 τοῦ
1688 5805 1928 5875 ῥήματος
1957 5801 2049 5870 γέ-

1329 329 1398 386 IN
1443 328 1666 386 EPIST.
1710 329 1800 383 AD
1827 328 2073 385 EPIIES.
2109 328 2265 386 CAP.
2310 325 2374 381 γ.
2413 324 2646 380 HOMIL.
2688 321 2806 377 XX.

3589 319 3692 372 “8

2100 450 2230 502 νοιτ’
2275 448 2348 503 ἂν
2376 445 2744 516 ἀθλιώτερον;
2799 441 2960 512 σῶμα
3003 438 3188 492 οὐκέτι
3221 438 3363 509 ἔχεις
3391 437 3551 502 ίδιον,
3597 441 3692 492 καὶ

2099 539 2364 608 χρήματα
2393 535 2535 604 έχεις
2561 533 2698 599 ίδιας
2728 530 2924 584 Οὐκέτι
2949 527 3042 582 δύο
3059 529 3184 580 ἐστὲ
3211 527 3414 596 σάρκες
3439 526 3577 596 μετὰ
3603 527 3695 579 τὸν

2099 626 2300 696 γάμον,
2332 621 2449 676 ἀλλ’
2480 621 2727 692 ἐγένεσθε
2760 622 2840 682 εἰς
2877 618 3025 689 μίαν·
3054 618 3148 670 καὶ
3180 617 3234 669 αἰ
3255 615 3433 669 οὐσίαι
3453 615 3565 679 δύο,
3597 616 3695 668 καὶ

2100 715 2158 765 οὐ
2193 713 2310 771 μία.
2334 711 2402 764 Ὠ
2426 709 2519 762 τοῦ
2546 710 2653 763 τῶν
2682 707 2980 778 χρημάτων
3008 703 3241 774 ἔρωτοςί
3276 696 3356 764 εἷς
3385 701 3693 772 ἄνθρωπος,

2101 800 2324 875 [15ηέν
2343 798 2482 866 ζῶον
2513 797 2812 867 ἀμφότεροι
2830 791 3150 864 γεγένησθε,
3169 791 3262 845 καὶ
3285 789 3364 842 έτι
3396 789 3592 856 λέγεις,

2101 873 2251 958 έμάέ
2278 888 2586 954 Ἐπάρατον
2616 882 2776 935 τοῦτο
2804 882 2863 934 τὸ
2892 881 3045 951 ῥῆμα
3092 881 3188 932 καὶ
3242 877 3436 948 μιαρὸν
3461 876 3568 928 ἀπο
3595 873 3691 927 τοῦ

2102 976 2349 1030 διαϐόλου
2367 971 2678 1040 εἰσηνέχθη.
2698 970 2882 1022 Πάντα
2899 966 3054 1037 ἡμῶν
3078 965 3232 1018 κοινά
3252 965 3503 1034 ἐποίησεν
3519 965 3546 1016 ὁ
3565 962 3698 1024 Θεὸς

2101 1065 2171 1117 τά
2201 1062 2403 1116 τούτων
2445 1058 2870 1127 ἀναγκαιότερα,
2903 1055 2996 1106 καὶ
3030 1052 3205 1106 ταῦτα
3240 1053 3301 1104 οὐ
3341 1051 3524 1115 κοινάς
3577 1050 3696 1104 Οὐκ

2104 1151 2250 1204 ἔστιν
2279 1151 2473 1209 εἰπεῖν,
2495 1148 2558 1198 τὸ
2585 1145 2716 1215 ἐμὸν
2741 1143 2875 1212 φῶς,
2898 1143 2925 1193 ὁ
2945 1141 3075 1212 ὲμδς
3091 1141 3263 1211 ἣλιος,
3287 1139 3347 1190 τὸ
3368 1138 3500 1206 ἐμὸν
3525 1136 3692 1207 ὕδωρ·

2105 1240 2282 1293 πάντα
2306 1241 2441 1308 ἡμῖν
2469 1234 2624 1290 κοινά
2655 1232 2725 1286 τὸ.
2756 1230 3000 1301 μείζονα,
3023 1227 3091 1281 τὰ
3120 1227 3177 1280 δὲ
3209 1227 3468 1298 χρήματα
3489 1225 3550 1280 οὐ
3583 1242 3698 1277 κοι-

2105 1328 2206 1395 νά;
2249 1323 2594 1378 Ἀπολλύοθω
2619 1322 2686 1373 τὰ
2711 1321 2970 1392 χρήματα
3002 1316 3282 1388 μυριάκις,
3317 1313 3516 1384 μᾶλλον
3536 1312 3591 1364 δὲ
3620 1311 3696 1382 μὴ

2105 1418 2173 1469 τα
2211 1417 2470 1488 χρήματα
2489 1453 2503 1474 ,
2537 1411 2653 1464 ἀλλ’
2681 1411 2737 1462 αί
2768 1407 3116 1480 προαιρέσεις
3143 1405 3201 1457 αἱ
3230 1405 3304 1474 μῆ
3338 1403 3532 1455 εἰδυῖαι
3561 1400 3701 1471 χρή·

2111 1524 2243 1576 μασι
2283 1502 2619 1575 χρήσασθαι,
2670 1499 2807 1552 ἀλλά
2854 1499 3072 1552 πάντων
3122 1493 3264 1548 αὐτὰ
3321 1489 3696 1562 προτιμῶσαι.

2108 1575 2218 1648 Καὶ
2250 1593 2420 1647 ταῦτα
2453 1591 2593 1661 μετὰ
2623 1588 2731 1642 τῶν
2761 1587 2936 1640 ἄλλων
2963 1585 3200 1638 δίδασκε·
3235 1580 3370 1634 ἀλλά
3399 1577 3539 1650 μετὰ
3567 1575 3700 1629 πολ-

2107 1683 2204 1752 λῆς
2235 1682 2332 1750 τῆς
2362 1681 2604 1749 χάριτος.
2647 1673 2870 1744 Ἐπειδὴ
2907 1673 3016 1742 γὰρ
3052 1669 3191 1738 αὐτὴ
3221 1668 3344 1722 καθ’
3377 1665 3576 1736 ἑαυτὴν
3599 1664 3698 1752 τῆς

2109 1751 2311 1839 ἀρετῆς
2359 1769 2392 1837 ή
2427 1764 2749 1836 παραίνεσις
2793 1761 2928 1814 πολὺ
2965 1760 3025 1812 τὸ
3077 1755 3399 1828 σκυθρωπὸν
3431 1754 3564 1824 ἔχει,
3605 1751 3702 1804 καὶ

2113 1860 2350 1929 μάλιστα
2397 1856 2532 1926 πρὸς
2570 1854 2738 1924 κόρην
2771 1850 2981 1920 ἁπαλήν
3005 1848 3096 1903 καί
3130 1847 3278 1908 νέαν,
3309 1846 3438 1899 ὅταν
3462 1841 3590 1910 περὶ
3613 1858 3703 1909 φι-

2111 1947 2364 2014 λοσοφίας
2395 1943 2640 2011 λέγοιντο
2676 1941 2846 2008 λόγοι,
2883 1937 3086 2006 πολλὴν
3127 1934 3330 1987 ἐπινόει
3376 1933 3475 2002 τὴν
3517 1929 3700 1998 χάριν,

2112 2037 2204 2088 καὶ
2233 2035 2392 2087 τοῦτο
2423 2032 2658 2103 μάλιστα
2698 2028 2805 2081 ἀπὸ
2831 2027 2930 2095 τῆς
2961 2024 3140 2094 ψυχῆς
3187 2022 3430 2092 ὲξόρισον
3460 2018 3700 2086 ἐκείνης,

2113 2122 2470 2194 Τὸὲμὸν,καί
2489 2120 2561 2173 Τὸ
2582 2119 2695 2172 σόν.
2739 2118 2836 2168 “Av
2877 2113 3036 2184 εἴπῃ,
3073 2112 3155 2163 Τὰ
3189 2109 3318 2180 ἐμά,
3371 2107 3495 2160 εἰπὲ
3534 2106 3698 2174 αὐτῇ·

2114 2213 2248 2265 Ποῖα
2281 2211 2460 2279 λέγεις
2497 2208 2598 2273 σά;
2623 2205 2744 2259 οὐδὲ
2771 2204 2880 2274 γὰρ
2905 2198 3020 2254 οἴδα
3046 2216 3060 2230 ·
3092 2199 3245 2252 οὐδὲν
3271 2197 3378 2265 ἔχω
3400 2194 3510 2262 ἐγὼ
3537 2194 3700 2246 ἴδιον·

2115 2303 2231 2366 πῶς
2259 2296 2352 2354 οὖν
2378 2299 2579 2367 λέγεις,
2599 2293 2822 2365 Τὰὲμά,
2853 2292 3071 2346 πάντων
3101 2289 3269 2341 ὄντων
3295 2283 3438 2348 σῶν;
3466 2283 3707 2352 Χάρισαι

2114 2391 2251 2462 αὐτῇ
2283 2389 2342 2442 τὸ
2376 2387 2547 2458 ῥῆμα.
2583 2386 2694 2454 Οὐχ
2731 2383 2864 2453 ὁρᾷς
2893 2379 3120 2432 ἐπὶτῶν
3166 2373 3398 2429 παιδίων
3435 2373 3516 2424 ὅτι
3547 2369 3707 2422 τοῦτο

2115 2459 2466 2551 πράττομεν;
2517 2475 2644 2526 ὅταν
2671 2471 2832 2543 ήμῶν
2864 2467 3203 2538 κατεχόντων
3237 2481 3291 2516 τι
3325 2461 3574 2551 ἁρπάσῃ,
3610 2459 3708 2551 καί.

2113 2549 2175 2622 τδ
2223 2569 2412 2636 ἕτερον
2457 2563 2619 2618 πάλιν
2665 2561 2925 2630 βούληται
2959 2557 3166 2615 λαϐεῖν,
3192 2550 3584 2620 συγχωροῦμεν
3614 2549 3708 2636 καλ.

2115 2635 2346 2725 λέγομεν
2370 2670 2384 2684 ’
2417 2653 2544 2715 Ναὶ,
2569 2649 2726 2703 τοῦτο
2754 2647 2844 2700 σόν
2869 2650 3003 2707 ἐστι,
3032 2644 3270 2697 κάκεῖνο.
3295 2640 3338 2690 Τ
3341 2637 3464 2690 οὖτο
3493 2636 3587 2688 καὶ
3614 2635 3708 2686 ἐπὶ

2115 2722 2214 2814 τῆς
2243 2722 2497 2813 γυναικος
2527 2738 2768 2808 ποιῶμεν
2786 2741 2798 2756 ⁸
2827 2732 3196 2800 παιδικωτέρα
3219 2729 3328 2798 γὰρ
3351 2725 3516 2794 αὐτῆς
3543 2722 3714 2792 ήδιάη

2116 2813 2234 2887 νοιά
2277 2835 2393 2884 ἐστι
2413 2846 2424 2858 ·
2460 2827 2565 2882 κᾶν
2604 2826 2761 2898 λέγῃ,
2793 2823 2876 2876 Τά
2903 2824 3045 2892 ἐμά,
3077 2817 3214 2872 εἰπέ·
3270 2816 3452 2868 Πάντα
3480 2813 3547 2865 σά
3567 2816 3707 2876 ἐστι,

2119 2923 2213 2975 καὶ
2238 2917 2347 2986 ἐγὼ
2381 2917 2492 2981 σός.
2539 2916 2653 2968 Οὐκ
2683 2915 2796 2966 ἐστι
2819 2907 3108 2970 κολακείας
3130 2905 3189 2959 τὸ
3219 2905 3391 2976 ῥῆμα,
3417 2899 3552 2954 ἀλλὰ
3582 2899 3710 2952 πολ-

2118 3007 2216 3078 λῆς
2243 3006 2531 3068 συνέσεως.
2563 3002 2750 3063 Οὕτως
2783 2997 2953 3067 αὐτῆς
2981 2996 3186 3066 δυνήσῃ
3218 2991 3452 3078 χαλάσαι
3486 2989 3577 3078 τὸν
3611 2986 3710 3040 θυι·

2124 3077 2244 3167 μδν,
2298 3094 2392 3148 καὶ⁸
2422 3092 2521 3164 τὴν
2559 3089 2800 3159 ἀθυμίαν
2845 3085 3055 3138 σϐέσαι.
3102 3077 3375 3133 Κολακεία
3405 3077 3513 3167 γάρ
3539 3077 3708 3167 εστιν,

2121 3163 2249 3238 ὕταν
2280 3199 2365 3245 τις
2401 3181 2624 3250 ἀγεννές
2639 3196 2691 3230 τι
2714 3173 2896 3247 πράξῃ
2917 3169 3085 3224 κακοῦ
3103 3168 3290 3221 ἕνεκεν
3316 3183 3329 3199 ·
3354 3163 3515 3250 τοῦτο
3543 3163 3600 3216 δὲ
3623 3179 3712 3229 φι-

2121 3271 2346 3340 λοσοφία
2377 3246 2626 3340 μεγίστη.
2653 3246 2792 3331 Λέγε
2821 3258 2935 3315 οὖν·
2968 3259 3076 3311 Καὶ
3116 3253 3230 3324 ἐγὼ
3264 3246 3435 3316 σὸς,ῶ
3453 3250 3668 3340 παιδίον
3693 3263 3710 3280 ο

2122 3335 2280 3415 τοῦτό
2304 3335 2392 3428 μοι
2407 3335 2616 3416 Παῦλος
2633 3351 2940 3422 παρῄνεσεν
2965 3343 3152 3398 εἰπών·
3181 3344 3242 3395 '0
3260 3340 3413 3407 ἀνὴρ
3432 3337 3540 3428 τοῦ
3559 3335 3715 3428 ἰδίου

2123 3425 2402 3517 σώματος
2417 3446 2529 3498 οὐκ
2553 3437 2912 3505 ἐξουσιάζει,
2930 3435 3069 3489 ἀλλ’
3087 3432 3125 3498 ἢ
3149 3428 3323 3501 γυνή.
3346 3425 3515 3517 Εἰ-τοῦ
3534 3425 3717 3517 σῶμα·

2124 3511 2225 3596 τός⁷
2258 3550 2358 3604 μου
2382 3511 2488 3584 οὐκ
2528 3529 2636 3599 ἔχω
2667 3525 2939 3593 ἐξουσίαν,
2991 3519 3128 3574 ἀλλὰ
3175 3519 3264 3584 σὺ,
3301 3514 3480 3604 πολλῶ
3514 3511 3714 3604 μάλλον

2125 3622 2235 3676 τῶν
2258 3599 2584 3690 χρημάτων.
2629 3614 2968 3673 Ἀνέπαυσας
3010 3607 3180 3677 αὐτὴν
3207 3604 3376 3657 ταῦτα
3403 3599 3718 3690 φθεγξάμε-

2127 3726 2236 3771 νος,
2266 3686 2504 3767 ’ἐσϐεσας
2539 3706 2637 3774 τὴν
2680 3699 2891 3770 πυρὰν,
2933 3695 3276 3766 κατῄσχυνας
3313 3691 3401 3744 τὸν
3446 3686 3714 3748 διάϐολον,

2127 3793 2609 3866 δούληνὲποίησας
2640 3787 2842 3858 μᾶλλον
2871 3781 3259 3866 ἀργυρώνητον
3283 3791 3332 3840 ο,
3360 3779 3487 3866 τοῖς,
3506 3774 3718 3866 ῥήμασι

2130 3860 2340 3947 τούτοις
2368 3860 2670 3948 κατέδησας
2693 3875 2883 3943 αὐτήν.
2909 3873 3068 3924 Ὥστε
3087 3861 3269 3936 ἀφ’ὧν
3300 3868 3363 3920 σὺ
3390 3863 3622 3934 φθέγγῃ,
3640 3860 3722 3913 δί-

2130 3973 2288 4038 δαξον
2311 3970 2478 4038 αὐτὴν
2504 3964 2772 4036 μηδέποτε
2790 3962 2992 4028 λέγειν,
3022 3956 3188 4026 Ἐμὸν
3210 3956 3302 4008 καὶ
3324 3953 3438 4005 Σόν,
3473 3952 3580 4004 Καὶ
3609 3966 3720 4018 μην

2131 4063 2320 4115 δέποτε
2345 4055 2533 4119 ἁπλῶς
2554 4052 2723 4123 αὐτὴν
2745 4050 2920 4111 κάλει,
2951 4046 3086 4100 ἀλλὰ
3113 4044 3249 4115 μετὰ
3276 4040 3586 4102 κολακείας,
3622 4055 3719 4108 με-

2133 4151 2201 4204 τὰ
2231 4147 2418 4219 τιμῆς,
2455 4144 2591 4216 μετὰ
2632 4140 2828 4207 πολλῆς
2859 4137 3101 4206 ἀγάπης.
3137 4134 3282 4204 Τίμα
3315 4130 3502 4219 αὐτὴν,
3534 4129 3628 4180 καὶ
3658 4127 3721 4219 οὐ

2133 4217 2380 4309 δεήσεται
2427 4233 2527 4301 τῆς
2572 4230 2704 4299 παρ’
2752 4227 2954 4296 ἑτέρων
3000 4222 3185 4290 τιμῆς,
3233 4220 3292 4271 οὐ
3325 4218 3576 4287 δεήσεται
3623 4217 3724 4309 τῆς

2134 4302 2264 4395 παρ’
2297 4323 2498 4392 ἑτέρων
2535 4317 2715 4386 δόξης,
2751 4314 2818 4368 ἂν
2848 4310 3095 4381 ἀπολαύῃ
3117 4309 3214 4380 τῆς
3239 4303 3542 4395 παρὰῃσοῦ.
3579 4302 3721 4395 Πάνῗ

2133 4389 2242 4466 των
2269 4389 2436 4478 αὐτήν
2465 4405 2732 4476 προτίθει,
2759 4401 2975 4455 πάντων
3000 4399 3208 4459 ἕνεκεν,
3231 4394 3326 4449 καὶ
3344 4391 3595 4454 κάλλους,
3628 4389 3724 4442 καὶ

2137 4500 2426 4559 συνέσεως,
2449 4495 2543 4547 καὶ⁶
2566 4488 2900 4560 ὲγκωμίαζε.
2930 4486 3116 4548 Οὕτως
3133 4483 3301 4553 αὐτὴν
3322 4482 3529 4544 πείσεις
3565 4478 3724 4549 μηδε-

2138 4591 2189 4642 νί
2221 4587 2509 4656 προσέχειν
2552 4579 2661 4632 τῶν
2712 4576 2932 4642 ἔξωθεν,
2983 4573 3120 4627 ἀλλά
3149 4571 3370 4625 πάντων
3401 4567 3513 4620 τῶν
3551 4565 3726 4656 ἄλλων

2140 4653 2470 4742 καταγελᾷν.
2506 4668 2734 4721 Δίδασκε
2762 4663 2856 4717 τοῦ
2887 4661 3024 4717 Θεοῦ
3052 4660 3143 4714 τὸν
3177 4657 3360 4728 φόϐον,
3405 4656 3500 4708 καὶ
3549 4653 3727 4708 πάντα

2140 4764 2328 4830 ὥσπερ
2355 4758 2464 4813 ἀπὸ
2489 4756 2674 4826 πηγῆς
2692 4752 3032 4823 ὲπιρῤεύσει,
3057 4748 3153 4802 καὶ
3181 4746 3390 4817 μυρίων
3416 4744 3567 4795 ἔσται
3599 4745 3630 4812 ή
3656 4745 3730 4794 oi-

2141 4852 2237 4905 κία
2256 4849 2363 4902 τῶν
2391 4844 2613 4915 ἀγαθῶν
2645 4844 2912 4912 γέμουσα.
2945 4841 3043 4891 Ἂν
3073 4836 3141 4889 τὰ
3171 4834 3420 4903 ἄφθαρτα
3451 4830 3724 4900 ζητῶμεν,

2142 4942 2239 4995 καὶ
2269 4938 2442 4992 ταῦτα
2471 4932 2823 4988 ἐπελεύσεται
2852 4930 2922 4981 τὰ
2938 4924 3173 4998 φθαρτά.
3210 4920 3448 4989 Ζητεῖτε
3467 4922 3595 4990 γὰρ,
3621 4935 3726 4987 φη-

2147 5029 2220 5090 σί,
2269 5024 2504 5094 πρῶτον
2549 5021 2664 5088 τὴν
2699 5017 3028 5084 ,ϐασιλείαν
3066 5012 3172 5066 τοῦ
3209 5010 3377 5094 Θεοῦ,
3418 5006 3730 5060 καὶταῦτα

2145 5115 2342 5170 πάντα
2363 5105 2840 5178 προστεθήσεται
2867 5102 3029 5173 ὑμῖν.
3073 5099 3228 5161 Οἵους
3261 5093 3400 5150 εἶναι
3433 5094 3538 5166 χρὴ
3571 5094 3727 5164 νομί-

2146 5204 2258 5269 ζειν
2286 5203 2410 5262 τούς
2439 5199 2636 5258 παῖδας
2658 5194 2765 5246 τῶν
2797 5190 3055 5245 τοιούτων
3114 5186 3395 5257 πατέρων;
3429 5185 3575 5244 οἴους
3602 5183 3731 5245 τοὺς

2143 5289 2359 5350 οἰκέτας
2397 5285 2502 5338 τῶν
2542 5280 2804 5336 τοιούτων
2845 5277 3161 5341 δεσποτῶν;
3207 5275 3352 5335 οἴους
3379 5272 3504 5334 τοὺς
3535 5269 3732 5331 ἄλλους

2147 5381 2395 5438 ἅπαντας
2439 5373 2563 5434 τοὺς
2609 5366 3049 5438 πλησιάζονταςς
3083 5360 3192 5435 ἆρα
3233 5361 3355 5430 οὐχὶ
3385 5358 3592 5431 μυρίων
3621 5356 3730 5408 τῶν

2148 5463 2368 5536 ἀγαθῶν
2391 5463 2482 5514 καὶ
2511 5458 2706 5521 αὐτοὺς
2733 5453 2886 5528 [158]
2908 5453 3098 5523 γέμειν
3122 5449 3461 5521 συμϐήσεται
3479 5466 3494 5513 ;
3513 5447 3600 5509 Ὠς
3621 5446 3731 5516 γάρ

2215 5815 2238 5844 ι
2269 5804 2424 5853 ﬂecte
2443 5797 2640 5862 conjicit
2661 5793 2814 5846 Savil.
2841 5789 3192 5855 ἀργυρωνήτου.
