4092 6490
485 442 557 495 τὰ
604 441 775 498 πολλά
817 445 956 516 πρὸς
997 445 1125 510 τοὺς
1154 446 1492 517 κρατοῦντας
1537 452 1633 505 καὶ
1692 454 1743 506 οί
1790 454 1967 509 δοῦλοι
1997 456 2066 512 τά

485 528 591 600 ἢθη
654 532 1029 602 ρυθμίζονται,
1091 534 1185 587 καὶ
1242 538 1364 599 ταῖς
1417 538 1642 593 ἐκείνων
1689 540 2067 609 ἐξομοιοῦνται

484 616 800 689 ἐπιθυμίαις
819 632 870 684 ι,
885 620 993 673 τῶν
1014 620 1194 676 αὐτῶν
1210 618 1428 693 ἐρῶσιν,
1458 617 1533 679 ὧν
1554 625 1622 681 ἄν
1642 629 1737 682 καὶ
1756 629 2066 701 διδαχθῶσι,

481 704 552 758 τὰ
569 707 708 759 αὐτά
725 707 1073 777 φθέγγονται,
1094 711 1152 763 ἐν
1175 713 1284 773 τοῖς
1307 712 1494 777 αὐτοῖς
1515 719 2066 790 συναναστρέφονται.

494 792 622 845 Ἐὰν
650 792 825 858 οὕτως
860 797 1087 861 ἑαυτοὺς
1117 797 1499 869 ῥυθμίζωμεν,
1532 803 1628 856 καὶ
1668 807 1791 868 ταῖς
1825 805 2070 878 Γραφαίς

480 881 859 951 προσέχωμεν,
900 883 973 937 τὰ
1025 884 1243 939 πλείονα
1277 889 1410 959 παρ’
1447 890 1675 945 ἐκείνων
1707 893 2068 967 παιδευθησό-

479 1014 567 1125 ﬂ;
591 1002 730 1055 Unus
753 1005 943 1069 Codex,
978 1008 1260 1072 ἐπιθυμίαις,
1286 1017 1458 1062 caeteri
1482 1018 1538 1063 et
1561 1028 1713 1080 marg.
1742 1014 1917 1080 Savil.,
1942 1020 2068 1080 γνὼ-

548 1082 605 1121 ις.

548 1082 605 1121 ις.

1169 335 1230 393 S.
1272 336 1559 396 JOANNIS
1599 339 2093 401 CIIRYSOSTOMI
2132 344 2463 404 ARCIHEP.
2511 346 3062 407 CONSTANTINOP.

3638 361 3746 415 150

2176 458 2358 529 μεθαο
2403 460 2498 515 καὶ
2544 459 2686 515 οῦτω
2731 461 3073 534 δυνησόμεθα
3124 463 3320 537 ἀρέσαι
3376 465 3455 537 τῷ
3504 467 3646 540 Θεῷ,
3666 474 3763 527 καὶ

2171 546 2267 599 τὸν
2299 548 2546 619 παρόντα
2593 548 2706 618 βίον
2755 549 2972 604 ἅπαντα
3023 551 3163 621 μετᾶ
3207 553 3411 624 ἀρετῆς
3449 556 3762 624 διεξελθεῖν,

2175 636 2275 689 καὶ
2305 635 2417 690 τῶν
2446 637 2873 708 ἐπηγγελμένων
2904 639 3123 707 ἀγαθῶν
3145 643 3261 704 τοῖς
3288 643 3576 710 ἀγαπῶσιν
3597 646 3762 701 αὐτὸν

2170 724 2357 794 τυχεῖν
2388 739 2403 754 ο
2429 716 2505 777 ὧν
2553 724 2763 792 γένοιτο
2796 727 3007 791 πάντας
3048 728 3196 798 ἡμᾶς
3221 728 3545 802 ἀξιωθῆναι,
3575 733 3763 804 χάριτι

2171 811 2268 864 καὶ
2311 810 2691 884 φιλανθρωπίᾳ
2730 813 2825 867 τοῦ
2856 814 3059 886 Κυρίου
3094 816 3252 888 ἡμῶν
3289 818 3463 889 Ἰησοῦ
3493 820 3755 891 Χριστοῦ,

2174 897 2294 969 μεθ’
2344 892 2407 952 οῦ
2447 898 2527 970 τῷ
2581 900 2759 972 Πατρὶ
2804 900 2921 972 ἅμα
2964 902 3044 974 τῷ
3099 904 3240 976 ἁγίῳ
3275 906 3558 978 Πνεύματι
3606 908 3756 974 δόξα,

2169 987 2390 1056 κράτος,
2423 1004 2470 1040 τι
2482 985 2578 1057 μὴ.
2609 987 2706 1040 νῦν
2728 987 2822 1042 καὶ⁵
2855 988 2965 1057 ἀεὶ,
3005 991 3102 1045 καὶ
3133 994 3214 1057 είς
3244 995 3373 1059 τοὺς
3406 994 3610 1060 αἰῶνας
3646 996 3758 1051 τῶν

2168 1072 2403 1128 αἰώνων.
2454 1074 2670 1146 Ἀμήν.ῑ

490 1265 3692 1316 _._____________________________________

1921 1446 2173 1502 OMIAIA
2213 1449 2347 1506 ΚΝ.

482 1572 560 1628 Τὰ
591 1573 1146 1638 τέκνα,ὖπακούετε
1162 1580 1285 1648 τοῖς
1322 1583 1611 1651 γονεῦσιν
1644 1583 1811 1654 ὑμῶν
1845 1586 1919 1639 ἐν
1939 1590 2057 1640 Κυ-

536 1661 651 1729 ρίῳ
673 1680 688 1694 ·
728 1664 902 1719 τοῦτο
940 1668 1053 1735 γάρ
1077 1668 1207 1722 ἐστι
1224 1669 1479 1725 δίκαιον.
1516 1674 1660 1742 Τίμα
1693 1676 1802 1727 τὸν
1833 1674 2057 1743 πατέρα

551 1768 670 1809 σου
697 1753 795 1806 καὶ
827 1753 945 1821 τὴν
966 1754 1211 1824 μητέρα,
1247 1757 1378 1825 ἣτις
1406 1760 1579 1813 ἐστὶν
1605 1761 1823 1829 ἐντολὴ
1855 1763 2055 1833 πρώτη

542 1844 615 1896 ὲν
660 1841 1008 1910 ἐπαγγελίᾳ,
1054 1843 1156 1895 ἵνα
1196 1838 1266 1898 εὖ
1315 1859 1414 1898 σοι
1466 1845 1742 1915 γένηται,
1786 1849 1885 1901 καί
1939 1849 2053 1920 ἔσῃ

536 1929 977 2000 μακροχρόνιος
1003 1930 1110 1982 ἐπί
1130 1928 1237 1997 τῆς
1262 1929 1392 2000 γῆς.

539 2074 606 2122 α’.
635 2068 901 2139 Καθάπερ
932 2085 1016 2132 τις
1057 2069 1216 2139 σῶμα
1262 2070 1537 2139 πλάττων,
1575 2074 1792 2146 πρῶτον
1823 2075 1922 2145 μὲν
1952 2075 2050 2148 τὴν

466 2155 728 2229 κεφαλὴν,
750 2158 943 2211 ἔπειτα
963 2159 1054 2211 τὸν
1075 2159 1296 2228 αὐχένα,
1319 2156 1437 2216 εἶτα
1463 2164 1588 2227 τοὺς
1614 2163 1781 2229 πόδας
1812 2165 2047 2235 τίθησιν,

463 2243 608 2297 οὕτω
633 2244 726 2296 καὶ
748 2245 780 2297 ὁ
809 2248 1078 2315 μακάριος
1106 2245 1317 2310 Παῦλος
1343 2247 1422 2319 τῷ
1445 2248 1587 2320 λόγῳ
1618 2251 1885 2320 πρόεισιν.
1913 2247 2049 2308 Εἷπε

464 2329 712 2400 περὶτοῦ
747 2332 962 2402 ἀνδρὸς,
994 2327 1117 2385 εἶπε
1148 2335 1277 2404 περὶ
1306 2338 1407 2406 τῆς
1433 2339 1714 2403 γυναικὸς,
1745 2339 1846 2410 τῆς
1869 2340 2051 2395 δευτέ-

465 2434 567 2489 ρας
593 2418 765 2488 άρχῆς
792 2433 806 2448 ⁸
838 2422 1009 2490 χωρεῖ
1050 2420 1236 2475 λοιπὸν
1261 2422 1365 2493 ὀδῷ
1418 2424 1652 2494 βαδίζων
1690 2426 1783 2480 ἐπὶ
1807 2427 1907 2499 τὴν
1932 2428 2049 2501 τρί-

460 2522 561 2575 την
582 2520 599 2535 ο
622 2505 760 2575 αῦτη
783 2506 840 2559 δέ
862 2508 1063 2580 ἐστινὴ
1093 2508 1201 2562 τῶν
1224 2511 1452 2565 παίδων.
1470 2513 1582 2583 Τῆς
1601 2513 1702 2581 μὲν
1724 2513 1833 2585 γάρ
1857 2531 2047 2584 γυναιο

459 2594 556 2656 κὸς
584 2594 743 2665 ἄρχει
774 2597 804 2646 ό
841 2595 998 2666 ἀνὴρ,
1029 2597 1140 2650 τῶν
1168 2598 1227 2650 δὲ
1256 2599 1459 2654 παίδων
1485 2603 1513 2653 ὁ
1537 2602 1678 2673 ἀνὴρ
1697 2604 1796 2656 καὶ
1819 2604 1851 2674 ἡ
1883 2606 2041 2677 γυνή.

460 2678 602 2749 ὐρα
627 2677 719 2733 οὖν
747 2682 799 2734 τί
824 2698 976 2751 φησι*
1008 2686 1082 2737 Τὰ
1104 2683 1308 2749 τέκνα,
1329 2688 1667 2742 ὑπακούετε
1690 2690 1814 2755 τοῖς
1842 2690 2044 2760 γονεῦο

454 2783 561 2821 σιν
578 2766 741 2837 ὑμῶν
758 2769 829 2822 ἐν
844 2773 1038 2839 Κυρίῳ
1055 2789 1067 2800 ·
1091 2772 1245 2841 αὕτη
1266 2773 1376 2842 γάρ
1396 2775 1570 2829 ἐστιν
1589 2776 1810 2845 ἐντολὴ
1840 2777 2040 2846 πρώτη

454 2858 526 2910 ἐν
553 2859 961 2927 ἐπαγγελίαις.
1017 2862 1152 2915 Οὐδὲ
1198 2862 1436 2918 ἐνταῦθα
1478 2866 1608 2937 περὶ
1655 2865 1750 2920 τοῦ
1801 2868 2040 2939 Χριστοῦ

452 2943 790 3012 διαλέγεται,
841 2948 962 3000 οὐδέ
1013 2950 1141 3018 περὶ
1186 2949 1297 3003 τῶν
1340 2951 1598 3023 ὑψηλῶνθ
1632 2953 1713 3007 ἐτι
1750 2955 1859 3025 γὰρ
1907 2956 2043 3027 πρὸς

455 3030 670 3096 ἁπαλὰς
691 3033 997 3102 διαλέγεται
1012 3034 1252 3101 διανοίας
1273 3055 1287 3069 ο
1311 3037 1392 3092 διὸ
1417 3040 1509 3092 καὶ
1528 3039 1786 3112 βραχεῖαν
1806 3046 2041 3098 ποιεῖται

452 3120 554 3191 τὴν
571 3121 912 3191 παραίνεσιν,
941 3122 1037 3176 ἅτε
1055 3125 1116 3177 οὐ
1141 3124 1460 3196 δυναμένων
1485 3127 1593 3181 τῶν
1614 3129 1822 3183 παίδων
1846 3131 2042 3201 μακρῷ

453 3209 930 3281 παρακολουθῆσαι
953 3210 1119 3281 λόγῳ.
1151 3212 1250 3265 Διά
1272 3213 1432 3267 τοῦτο
1455 3215 1577 3269 οὐδὲ
1607 3216 1734 3287 περὶ
1768 3218 2042 3288 βασιλείας

449 3312 505 3348 τι
526 3295 836 3365 διαλέγεται
865 3314 879 3327 ·
907 3298 969 3351 ού
990 3299 1102 3369 γάρ
1123 3300 1240 3352 ἐστι
1259 3300 1358 3370 τῆς
1386 3300 1603 3371 ἡλικίας
1633 3304 1849 3375 ἐκείνης
1866 3306 2039 3360 ταῦτα

450 3384 673 3437 ἀκούειν
706 3399 723 3414 ·
767 3384 883 3438 ἀλλ’
921 3383 958 3438 ἃ
1010 3383 1247 3455 μάλιστα
1297 3387 1441 3459 ψυχὴ
1493 3390 1769 3463 νηπιὼδης
1808 3393 2037 3449 ἀκοῦσαι

450 3472 628 3536 ποθεῖ,
659 3472 833 3526 ταῦτά
853 3490 1038 3545 φησιν,
1065 3474 1148 3528 δτι
1185 3480 1584 3549 μακροχρόνιος
1613 3480 1789 3535 ἔσται.
1822 3482 1887 3536 Εἰ
1926 3484 2036 3555 γάρ

448 3577 534 3625 τις
583 3560 865 3627 ἐξετάζοι.
917 3562 1005 3615 διὰ
1051 3562 1105 3615 τί
1152 3564 1227 3634 μὴ
1283 3565 1411 3636 περὶ
1452 3565 1731 3635 βασιλείας
1762 3568 2032 3641 διελέχθη,

448 3648 584 3702 ἀλλὰ
610 3650 707 3719 τὴν
733 3651 792 3702 ἐν
812 3649 889 3720 τῷ
916 3650 1065 3721 νόμῳ
1083 3652 1344 3723 κειμένην
1366 3653 1584 3725 ἐντολὴν
1605 3656 1791 3721 αὐτοῖς
1813 3657 2030 3729 ἔθηκεν,

448 3734 700 3806 ἐροῦμεν,
729 3736 812 3789 ὅτι
836 3737 910 3800 ὡς
937 3738 1390 3811 νηπιωδεστέροις
1416 3736 1555 3806 οὖσι,
1587 3743 1682 3796 καὶ
1707 3745 1852 3814 μάλα
1876 3745 2034 3810 είδὼς

446 3822 548 3885 δτι,
583 3822 678 3876 τοῦ
722 3823 912 3894 ἀνδρδς
947 3826 1037 3877 καὶ
1082 3826 1179 3896 τῆς
1210 3829 1471 3896 γυναικὸς
1493 3828 1637 3884 οὕτω
1670 3831 2032 3903 διακειμένων

449 3909 591 3963 κατά
611 3908 703 3962 τὸν
729 3911 891 3979 νόμον
916 3910 973 3964 ὃν
998 3911 1215 3982 έθηκεν,
1247 3916 1308 3968 οὐ
1331 3916 1525 3970 πολλοῦ
1548 3918 1797 3986 καμάτου
1817 3920 1937 3974 ἐστὶ
1963 3921 2031 3976 τὰ

448 3996 638 4048 παιδία
672 3996 958 4063 ὑποτάξαι.
994 3997 1160 4052 Ὅταν
1186 4000 1295 4071 γάρ
1325 4003 1559 4074 πρᾶγμα
1599 4006 1699 4074 τὴν
1736 4006 1909 4077 ἀρχὴν
1936 4011 2030 4063 καὶ

444 4082 545 4152 τὴν
589 4082 846 4136 ὑπόθεσιν
878 4084 1015 4157 λάϐῃ
1051 4087 1219 4158 καλὴν
1258 4090 1352 4142 καὶ
1390 4091 1616 4161 ἰσχυρὰν
1646 4093 1739 4145 καὶ
1770 4096 2028 4165 κοσμίαν,

442 4170 547 4240 ὁδῷ
567 4173 747 4225 πάντα
765 4171 858 4225 καὶ
881 4173 1029 4246 νόμῳ
1045 4176 1328 4246 προϐαίνει
1346 4176 1528 4231 λοιπὸν
1554 4179 1693 4249 μετά
1716 4181 1914 4252 πολλῆς
1933 4184 2032 4256 τῆς

442 4258 713 4321 εὐκολίας.
750 4260 824 4313 Τὸ
853 4261 961 4331 γάρ
995 4261 1395 4335 χαλεπώτερον,
1431 4265 1492 4318 τὸ
1521 4266 1769 4337 θεμέλιον
1818 4268 2027 4339 θέσθαι,

442 4348 537 4398 καί
560 4345 659 4416 τὴν
689 4348 926 4417 κρηπῖδα
965 4350 1276 4406 ὑποϐαλεῖν.
1313 4351 1387 4406 Τὰ
1430 4352 1631 4419 τέκνα,
1671 4358 2026 4423 ὑπακούετε,

445 4434 600 4502 φησὶ,
621 4433 744 4500 τοῖς
758 4435 1044 4503 γονεῦσιν
1064 4436 1233 4506 ὑμῶν
1248 4440 1319 4492 ἐν
1335 4443 1531 4511 Κυρίῳ
1549 4459 1563 4473 ο
1595 4445 1860 4511 τουτέστι,
1886 4445 2029 4500 κατά

444 4519 668 4591 Κύριον.
714 4523 771 4574 '0
803 4521 955 4587 Θεὸς,
990 4524 1176 4594 φησιν,
1202 4525 1348 4580 οὓτω
1374 4528 1697 4598 προσέταξε.
1735 4532 1800 4585 Τί
1821 4529 1935 4596 οὖν,
1960 4533 2026 4587 ἂν

444 4604 596 4679 [159]
614 4609 791 4663 ἄτοπα
811 4612 1217 4681 προστάττωσις
1240 4615 1491 4669 Μάλιστα
1522 4617 1622 4688 μὲν
1636 4619 1889 4673 οὐδέποτε
1906 4622 2026 4674 ἐπι-

439 4694 622 4748 τάττει
659 4695 842 4767 πατὴρ
869 4699 1071 4763 ἄτοπα,
1090 4698 1190 4752 κᾶν
1211 4701 1373 4765 αὐτὸς
1391 4704 1586 4767 ἄτοπος
1670 4721 1684 4735 ο
1726 4706 1866 4778 πλὴν
1904 4709 2021 4762 ἀλλ’

438 4782 589 4851 ὅμως
629 4785 725 4838 καὶ
765 4784 939 4849 οὕτως
991 4788 1358 4856 ἠσφαλίσατο,
1398 4791 1603 4844 εἰπών·
1656 4794 1752 4847 Ἐν
1794 4798 2018 4865 Κυρίῳο

437 4873 739 4932 τουτέστιν,
785 4873 842 4927 ἐν
874 4868 955 4939 οἷς
990 4875 1056 4928 ἂν
1086 4875 1162 4946 μὴ
1201 4878 1582 4951 προσκρούσῃς
1622 4881 1742 4951 Θεῷ
1764 4900 1778 4913 ⁸
1812 4884 1888 4949 ῶς
1925 4887 2020 4940 ἐὰν

441 4957 638 5029 Ἕλλην
670 4955 730 5031 ᾖ,
758 4960 791 5030 ἢ
821 4964 1114 5033 αίρετικὸς,
1151 4965 1335 5019 οὐκέτι
1368 4968 1648 5023 πείθεσθαι
1670 4970 1752 5025 δεῖ
1773 4990 1788 5004 ο
1814 4976 1875 5027 ού
1909 4975 2018 5047 γάρ

437 5046 586 5100 ἐστιν
626 5049 682 5102 ἐν
736 5049 926 5121 Κυρίῳ
976 5052 1034 5102 τὸ
1077 5054 1328 5123 πρᾶγμα.
1365 5056 1488 5119 Πῶς
1526 5057 1584 5111 δέ
1624 5076 1823 5130 φησιν,
1858 5046 2018 5131 Ἦτιξ

435 5133 612 5187 ἐστίν
623 5135 844 5205 ἐντολὴ
861 5136 1094 5205 πρώτη;
1119 5140 1309 5213 πρώτη
1328 5146 1437 5214 γάρ
1451 5146 1566 5197 ἐστι
1584 5147 1664 5212 τὺ,
1687 5151 1771 5203 Οὺ
1781 5154 2017 5219 μοιχεύ-

435 5234 587 5286 σεις,
629 5222 710 5284 τὸ,
754 5223 835 5275 Οὐ
879 5226 1220 5292 φονεύσεις.
1265 5231 1339 5283 υύ
1378 5234 1444 5302 τῇ
1482 5233 1633 5300 τάξει
1673 5231 1828 5291 εἶπεν
1844 5240 2014 5311 αὐτὴν

436 5309 680 5378 πρώτην,
714 5308 849 5362 ἀλλὰ
882 5314 949 5382 τῇ
993 5313 1314 5387 ἐπαγγελίᾳ.
1361 5319 1626 5386 Ἐκείναις
1665 5324 1765 5395 μὲν
1804 5324 1899 5382 οὖν
1947 5308 2009 5383 οὐ

435 5400 612 5449 κεῖται
650 5395 861 5466 μισθὸς,
893 5398 989 5452 ἅτε
1018 5402 1147 5472 περὶ
1184 5405 1371 5458 κακῶν
1418 5406 1869 5482 διατεταγμέναις
1916 5416 2011 5469 καὶ

341 5468 359 5483 ’
433 5484 534 5551 τῆς
571 5482 679 5534 τῶν
723 5485 910 5539 κακῶν
958 5488 1393 5563 ἀναχωρήσεως·
1444 5497 1503 5549 ἐν
1549 5498 1605 5551 δέ
1633 5500 1879 5566 ταύταις,
1912 5504 2009 5558 ἅτε

433 5567 657 5633 ἀγαθῶν
687 5570 949 5640 ἐργασίας
980 5574 1166 5648 οὔσης,
1198 5580 1289 5633 καὶ
1323 5582 1622 5651 ἐπαγγελία
1661 5591 1854 5642 κεῖται.
1899 5593 2007 5646 Καὶ

562 5654 679 5748 πῶς
720 5657 1036 5748 θαυμαστὴν
1082 5668 1325 5737 κρηπῖδα
1372 5669 1535 5741 ἔθηκε
1566 5676 1632 5743 τῇ
1676 5676 1776 5746 τῆς
1801 5677 2004 5748 ἀρετῆς

430 5738 536 5812 ὀδῷ
568 5743 665 5815 τὴν
695 5746 775 5807 εἰς
800 5748 926 5813 τοὺς
960 5751 1155 5819 γονέας
1196 5756 1362 5827 τιμὴν
1398 5760 1493 5811 καὶ
1520 5761 1652 5813 αἰδῶ
1677 5779 1690 5794 ·
1726 5767 1819 5818 καὶ
1859 5768 2001 5820 εἰκό-

2159 1604 2269 1651 τως
2296 1604 2312 1620 σ
2347 1589 2678 1661 ’Δπαγαγὼν
2702 1592 2810 1646 τῶν
2835 1591 3091 1663 πονηρῶν
3122 1591 3396 1663 πράξεων,
3419 1594 3514 1646 καὶ
3538 1592 3747 1664 μέλλων

2158 1677 2239 1740 εἰς
2281 1678 2348 1732 τὰ
2371 1679 2553 1747 ἀγαθά
2602 1681 2904 1751 ἐμϐαίνειν,
2935 1680 3093 1735 τοῦτο
3115 1681 3332 1753 πρῶτον
3367 1683 3616 1749 ἐπέταξε.
3646 1687 3747 1757 τὴν

2157 1768 2238 1829 είς
2272 1768 2401 1832 τοὺς
2429 1768 2622 1836 γονέας
2646 1769 2788 1838 λέγω
2816 1769 3003 1840 τιμὴν,
3041 1769 3231 1840 ἐπειδὴ
3264 1770 3359 1823 καὶ
3392 1771 3498 1840 πρὸ
3527 1771 3746 1827 πάντων

2156 1852 2250 1906 τοῦ
2286 1853 2387 1924 ζῇν
2426 1857 2564 1924 μετά
2589 1856 2682 1909 τὸν
2710 1856 2845 1910 Θεὸν
2868 1855 3026 1910 αὐτοὶ
3050 1856 3339 1925 γεγόνασιν
3364 1856 3547 1911 αἴτιοι.
3579 1860 3742 1912 Ὥστε

2153 1941 2378 2002 εἰκότως
2417 1941 2481 1995 ἂν
2520 1942 2728 2014 πρῶτοι
2771 1942 2883 1996 τῶν
2924 1944 3212 2019 ἡμετέρων
3245 1941 3609 1996 ἀπολαύσειαν
3638 1961 3741 1997 κα-

2152 2025 2279 2088 λῶν,
2310 2029 2404 2081 καὶ
2428 2029 2546 2081 τότε
2565 2029 2615 2082 οἱ
2642 2028 2791 2084 ἄλλοι
2813 2030 3052 2092 ἅπαντες
3075 2028 3371 2099 ἄνθρωποι.
3399 2031 3497 2084 ’Ἂν
3518 2030 3628 2102 γάρ
3665 2031 3741 2102 μὴ

2150 2113 2306 2167 τοῦτό
2328 2131 2411 2178 τις
2440 2114 2559 2187 ἔχῃ.
2587 2116 2842 2170 οὐδέποτε
2863 2117 2992 2188 περὶ⁸
3012 2117 3137 2179 τοὺς
3168 2116 3367 2181 ἔξωθεν
3389 2117 3541 2172 ἔσται
3565 2120 3741 2172 ἐπιειη

2150 2205 2274 2274 κὴς.
2306 2206 2649 2275 Παραινέσας
2674 2208 2851 2261 τοίνυν
2878 2208 3020 2278 άπερ
3048 2208 3214 2278 ἐχρῆν
3232 2208 3343 2269 τοῖς
3365 2208 3542 2272 παισὶ,
3575 2225 3737 2278 μετα-

2149 2291 2441 2346 ϐαίνειέπί
2463 2296 2591 2357 τοὺς
2620 2294 2885 2365 πατέρας,
2919 2294 3013 2348 καί
3040 2311 3172 2365 φησι
3194 2311 3209 2327 ο
3243 2294 3352 2349 Καὶ
3387 2297 3441 2348 οί
3459 2293 3733 2363 πατέρες,

2141 2379 2230 2449 μὴ
2273 2379 2652 2450 παροργίζετε
2679 2382 2753 2437 τὰ
2779 2382 2961 2436 τέκνα
2988 2381 3176 2452 ὑμῶν,
3226 2382 3391 2438 ἀλλὰ
3422 2382 3735 2452 ἐκτρέφετε

2144 2468 2299 2520 αὐτὰ
2323 2466 2393 2520 ἐν
2422 2467 2663 2535 παιδείᾳ
2698 2469 2816 2523 καὶ¹
2834 2471 3124 2537 νουθεσίᾳ
3153 2469 3394 2537 Κυρίου.
3422 2470 3536 2524 Οὐκ
3559 2466 3732 2534 εἶπεν,

2157 2555 2435 2625 Ἀγαπᾶτε
2464 2556 2621 2611 αὐτά·
2641 2557 2802 2610 τοῦτο
2821 2557 2929 2625 γὰρ
2946 2559 3039 2611 καὶ
3056 2557 3295 2612 ἀκόντων
3315 2557 3493 2611 αὐτῶν
3517 2560 3550 2630 η
3574 2557 3736 2627 φύσις

2144 2643 2465 2709 ἐπισπᾶται,
2493 2646 2587 2697 καὶ
2614 2646 2866 2715 περιττὸν
2889 2642 2956 2716 ἦν
2985 2646 3114 2716 7:291
3145 2644 3254 2701 τῶν
3279 2646 3539 2701 τοιούτων
3563 2647 3732 2716 νόμον

2141 2730 2351 2785 τιθέναι
2380 2747 2396 2764 ο
2428 2732 2563 2786 ἀλλά
2588 2733 2643 2785 τί
2687 2749 2864 2804 φησις
2911 2733 3007 2801 Μὴ
3039 2732 3418 2804 παροργίζετε
3437 2733 3510 2789 τὰ
3550 2734 3734 2789 τέκνα

2141 2817 2330 2887 ὑμῶν,
2357 2815 2466 2873 οἷον
2488 2822 2539 2873 οί
2568 2820 2753 2874 πολλοὶ
2779 2820 3044 2889 ποιοῦσιν,
3069 2821 3545 2893 ἀποκληρονόμους
3567 2824 3733 2894 ἐργα-

2143 2905 2380 2975 ζόμενοι,
2411 2908 2504 2960 καὶ
2536 2906 2957 2979 άποκηρύκτους
2995 2906 3297 2973 ποιοῦντες,
3330 2909 3427 2963 καὶ
3456 2908 3731 2979 φορτικῶς

2142 2993 2505 3064 ἐπικείμενοι,
2533 2995 2632 3064 οὐχ
2654 2994 2728 3057 ὡς
2751 2995 3076 3065 ἐλευθέροις,
3101 2994 3218 3050 ἀλλ’
3248 2995 3325 3060 ὡς
3352 2994 3727 3064 ἀνδραπόδοις.

2141 3080 2241 3135 Διά
2268 3081 2427 3136 τοῦτό
2470 3097 2625 3153 φησιτ
2675 3083 2772 3152 Μὴ
2807 3083 3182 3154 παροργίζετε
3221 3085 3297 3139 τὰ
3325 3082 3506 3137 τέκνα
3538 3083 3726 3152 ὑμῶν.

2139 3166 2274 3224 Εἶτα
2318 3170 2380 3223 τδ
2430 3172 2724 3242 κεφάλαιον
2767 3172 3016 3239 πάντων,
3080 3173 3200 3237 πῶς
3244 3173 3310 3227 ἂν
3355 3172 3728 3227 ύπακούσαιεν

2110 3256 2436 3321 δείκνυσιν,
2469 3260 2550 3323 εἰς
2569 3260 2670 3332 τὴν
2700 3260 2941 3332 κεφαλὴν
2976 3260 3072 3315 καὶ
3097 3262 3197 3331 τὴν
3219 3259 3393 3333 ἀρχὴν
3413 3261 3513 3332 τὴν
3547 3260 3727 3314 αἰτίαν

2139 3346 2359 3400 ἃπασαν
2380 3347 2628 3417 ἀγαγών.
2653 3350 2765 3403 Καὶ⁵
2784 3347 3037 3421 καθάπερ
3058 3347 3226 3413 ἐδειξε
3248 3347 3342 3402 τοῦ
3365 3348 3463 3420 τὴν
3487 3351 3726 3415 γυναῖκα

2138 3434 2436 3489 ὑπακούειν
2468 3437 2641 3491 αἴτιον
2684 3436 2774 3490 τὸν
2823 3436 2993 3508 ἄνδρα
3033 3439 3316 3507 γινόμενον
3372 3436 3472 3507 (διὸ
3515 3436 3611 3491 καὶ
3654 3437 3725 3491 τά

2136 3522 2356 3576 πλείονα
2397 3523 2548 3595 αύτῷ
2587 3523 2919 3593 διαλέγεται,
2950 3527 3016 3595 τῇ
3051 3526 3146 3591 τῆς
3185 3525 3405 3595 ἀγάπης
3446 3524 3721 3594 τυραννίδι

2136 3606 2469 3675 παρακαλῶν
2494 3608 2665 3678 αὐτὴν
2694 3608 3073 3677 ἐπισπᾶσθαι),
3097 3608 3238 3661 οὕτω
3264 3607 3330 3678 δὴ
3365 3608 3460 3660 καὶ
3486 3606 3719 3689 ἐνταῦθα

2135 3692 2299 3746 πάλιν
2338 3695 2418 3756 είς
2458 3695 2622 3748 αὐτὸν
2664 3694 2764 3767 τὴν
2803 3697 2983 3749 αἰτίαν
3034 3696 3248 3763 ἀνάγει,
3286 3694 3463 3763 λέγων
3487 3711 3501 3725 ·
3544 3693 3718 3747 Ἀλλὰ

2131 3777 2447 3847 ἐκτρέφετε
2474 3781 2627 3834 αὐτὰ
2656 3780 2725 3833 ἐν
2757 3781 2994 3849 παιδείᾳ
3021 3781 3119 3836 καὶ
3152 3783 3442 3850 νουθεσίᾳ
3473 3781 3714 3848 Κυρίου.

2144 3865 2308 3938 Ὁρᾷς
2333 3867 2413 3920 ὅτι
2450 3867 2561 3921 τῶν
2596 3870 2987 3940 πνευματικῶν
3023 3871 3193 3925 ὄντων
3231 3870 3327 3925 καὶ
3368 3870 3439 3923 τὰ
3473 3869 3717 3940 σαρκικὰ

2130 3953 2361 4023 ﬂerat;
2410 3954 2600 4009 Βούλει
2633 3953 2773 4010 εἶναι
2805 3957 2896 4011 τὸν
2939 3958 3055 4011 υἱὸν
3089 3957 3407 4029 πειθήνιον;
3444 3956 3503 4022 ἐξ
3541 3956 3718 4027 ἀρχῆς

2132 4042 2297 4094 αὑτὸν
2332 4042 2560 4112 ἔκτρεφε
2586 4046 2644 4097 ἐν
2684 4044 2905 4117 παιδείᾳ
2939 4046 3034 4099 καὶ
3071 4046 3328 4118 νουθεσία
3360 4047 3566 4117 Κυρίου
3588 4061 3604 4077 °
3637 4043 3715 4116 μὴ

2132 4130 2361 4204 νομίσῃς
2401 4127 2537 4185 εἶναι
2575 4132 2827 4201 περιττὸν
2869 4133 2928 4186 τὸ
2955 4133 3064 4187 τῶν
3096 4134 3255 4188 θείων
3280 4134 3510 4204 Γραφῶν
3553 4133 3716 4186 αὑτὸν

2131 4218 2422 4271 ἐπακούειν
2453 4237 2465 4252 ·
2504 4221 2622 4273 ἐκεῖ
2649 4220 2757 4291 γὰρ
2778 4219 2938 4275 τοῦτο
2964 4221 3182 4291 πρῶτον
3207 4220 3521 4276 ἀκούσεται·
3571 4222 3715 4290 Τίμα

2128 4307 2236 4360 τὸν
2265 4307 2489 4378 πατέρα
2522 4326 2641 4364 σου
2669 4311 2769 4365 καί
2792 4310 2910 4380 τὴν
2942 4312 3171 4383 μητέρα
3207 4327 3345 4367 σου.
3379 4312 3542 4365 Ὥστε
3571 4311 3713 4382 ὑπὲρ

2118 4393 2225 4447 ·σοῦ
2241 4394 2402 4449 τοῦτο
2423 4397 2653 4465 γίνεται.
2684 4398 2776 4468 Μὴ
2797 4398 2979 4470 εἴπῃςυ
3000 4398 3171 4452 Τοῦτο
3194 4396 3537 4468 μοναζόντων
3554 4398 3671 4451 ἐστί
3691 4414 3708 4431 ·

2130 4481 2205 4551 μὴ
2240 4481 2350 4553 γὰρ
2403 4483 2702 4552 μονάζοντα
2733 4485 2894 4539 αὐτὸν
2939 4486 3123 4551 ποιῶ;
3169 4487 3285 4540 Οὐκ
3317 4487 3467 4539 ἐστιν
3492 4487 3706 4557 ἀνάγκη

2125 4568 2379 4636 γενέσθαι
2405 4570 2568 4623 αὐτὸν
2599 4571 2919 4640 μονάζοντα.
2965 4573 3032 4626 Τί
3065 4572 3310 4638 δέδοικας
3345 4574 3467 4639 δέος
3509 4573 3707 4626 πολλοῦ

2125 4655 2353 4727 κέρδους
2401 4657 2706 4728 ἀνάμεστον
2729 4676 2744 4724 ;
2769 4659 3094 4731 Χριστιανὸν
3119 4660 3279 4714 αὑτὸν
3308 4659 3552 4731 ποίησον.
3579 4662 3699 4715 Μά-

2123 4740 2279 4796 λιστα
2330 4742 2438 4816 γὰρ
2481 4746 2592 4808 τοῖς
2639 4749 2924 4816 κοσμικοῖς
2982 4748 3281 4816 ἀναγκαῖον
3330 4749 3399 4802 τά
3453 4748 3705 4805 ἐντεῦθεν

2120 4830 2320 4884 εἰδέναι
2354 4832 2690 4903 διδάγματα,
2739 4833 2974 4903 μάλιστα
3008 4838 3120 4899 τοῖς
3167 4835 3344 4888 παισί.
3395 4835 3571 4905 Πολλὴ
3596 4834 3704 4907 γὰρ

2120 4919 2155 4989 ἡ
2188 4917 2342 4972 ἄνοια
2368 4920 2425 4971 ἐν
2447 4919 2632 4991 ἐκείνῃ
2657 4923 2725 4991 τῇ
2764 4920 2952 4992 ἡλικία
2978 4936 2992 4951 ⁸
3020 4924 3087 4993 τῇ
3129 4922 3185 4975 δὲ
3231 4923 3387 4994 ἀνοίᾳ
3415 4924 3699 4995 προσθήκη

2118 5007 2330 5075 γίνεται
2362 5009 2457 5062 καὶ
2489 5009 2558 5063 τὰ
2594 5009 2743 5079 παρά
2765 5009 2873 5063 τῶν
2901 5009 3100 5074 ἔξωθεν
3129 5010 3320 5079 λόγων,
3362 5015 3489 5065 ὅταν
3520 5012 3703 5083 μάθω-

2118 5111 2202 5146 σιν
2252 5095 2369 5149 ἐκεί
2421 5095 2546 5159 τοὺς
2594 5098 2725 5168 παρ’
2771 5097 2955 5161 αύτοῖς
2998 5097 3447 5169 θαυμαζομένους
3490 5100 3699 5170 ἥρωας.

2116 5182 2303 5235 παθῶν
2331 5182 2549 5246 δούλους
2570 5182 2730 5246 ὄντας
2747 5184 2841 5237 καὶ
2865 5180 3013 5255 [160]
3047 5183 3252 5250 δειλοὺς
3280 5184 3414 5256 πρὸς
3432 5186 3659 5241 θάνατον
3682 5203 3696 5216 ’

2113 5264 2224 5323 οἷον
2257 5271 2285 5322 ὁ
2321 5270 2595 5340 ’Δχιλλεὺς
2614 5272 2741 5324 ὅταν
2775 5275 3030 5342 μετανοῇ,
3052 5274 3181 5326 ὅταν
3210 5273 3349 5345 ὑπὲρ
3376 5275 3701 5340 παλλακίδος

2120 5358 2474 5428 ἀποθνήσκῃ,
2524 5357 2650 5411 ὅταν
2701 5357 2889 5424 ἕτερος
2948 5358 3145 5429 μεθύῃ,
3184 5361 3281 5414 καί
3329 5362 3489 5433 ἐτερα
3526 5362 3698 5417 πολλὰ

2116 5444 2362 5499 τοιαῦτα.
2387 5447 2478 5498 Δεῖ
2504 5445 2685 5499 τοίνυν
2712 5444 2862 5515 αὐτῷ
2888 5447 2998 5499 τῶν
3034 5451 3346 5519 φαρμάκων
3382 5451 3609 5505 τούτων.

2184 5597 2249 5669 β’.
2282 5598 2404 5661 [Ιῶς
2432 5599 2543 5667 γάρ
2574 5598 2673 5650 οὒκ
2697 5596 2896 5651 ἄτοπον
2920 5600 3001 5664 είς
3031 5599 3229 5672 τέχνας
3261 5601 3360 5673 μὲν
3381 5601 3692 5672 ἐκπέμπειν

2110 5688 2204 5737 καὶ
2223 5688 2301 5749 εἰς
2320 5684 2710 5755 διδασκαλεῖον,
2730 5685 2824 5737 καὶ
2843 5686 3019 5741 πάντα
3041 5689 3301 5760 πράττειν
3321 5690 3464 5761 ὑπὲρ
3478 5687 3686 5749 τούτου.

2113 5774 2171 5824 ἐν
2205 5772 2261 5825 δέ
2290 5772 2510 5844 παιδείᾳ
2540 5773 2631 5826 καὶ
2663 5770 2913 5843 νουθεσίᾳ
2943 5775 3149 5847 Κυρίου
3185 5777 3259 5850 μὴ
3287 5776 3576 5848 ἐκτρέφειν
3612 5777 3681 5829 τά
