4092 6492
319 385 420 441 H'J

317 504 398 555 bis
440 509 500 555 ut
533 497 663 553 nulli
716 505 975 552 extraneo
1023 495 1258 550 animum
1315 495 1589 560 adhibeat,
1639 493 1735 549 sed
1787 493 1920 549 alias

316 609 505 651 omnes
531 591 777 648 irrideat.
814 591 958 644 Doce
998 588 1090 643 Dei
1123 589 1369 643 timorem
1396 629 1412 654 ,
1465 596 1522 643 et
1553 589 1733 642 omnia
1779 596 1921 641 tam-

319 702 479 758 quam
509 701 538 738 a
570 683 716 738 fonte
743 682 968 736 affluent
996 723 1011 748 ,
1042 682 1252 750 eritque
1290 681 1485 735 domus
1524 681 1719 735 referta
1765 680 1921 734 bonic-

323 775 824 832 innumerabilibus.
852 773 906 828 Si
933 771 1353 842 incorruptibilia
1381 786 1706 841 quzeramus,
1734 787 1920 825 corru-

327 870 526 939 ptibilia
568 881 783 939 quoque
830 865 1160 920 advenient:
1195 863 1416 931 Quwrite
1488 863 1634 918 enim
1661 904 1676 927 ,
1708 864 1880 934 inquit
1903 919 1916 930 ,

324 963 538 1032 primum
583 975 794 1028 regnum
844 957 958 1021 Dei,
993 967 1037 1010 et
1083 955 1191 1009 Itwc
1228 955 1398 1009 omnia
1437 955 1745 1027 adficientur
1781 955 1921 1009 vobis

323 1053 532 1117 (Matth.
555 1053 607 1106 6.
638 1052 755 1119 53).
777 1051 972 1119 Quales
999 1047 1221 1118 putandi
1244 1057 1370 1102 sunt
1396 1048 1488 1101 filii
1519 1049 1701 1102 talium
1727 1063 1922 1118 pareu~

276 1128 288 1144 ’
321 1143 472 1198 tum?
502 1144 695 1214 quales
724 1149 1148 1197 consentaneum
1191 1149 1276 1196 est
1314 1155 1436 1195 esse
1474 1140 1704 1194 famulos
1733 1140 1916 1195 talium

318 1237 699 1292 dominorum?
728 1236 914 1306 quales
964 1250 1061 1290 eos
1108 1249 1319 1300 omnes,
1347 1235 1435 1304 qui
1477 1235 1581 1288 illis
1631 1237 1920 1304 appropin-

317 1327 521 1397 quant?
546 1343 728 1382 annon
757 1326 1031 1396 continget
1058 1340 1155 1380 eos
1178 1339 1390 1395 quoque
1411 1339 1532 1380 esse
1549 1325 1738 1395 plenos
1764 1325 1919 1380 bonis

317 1419 834 1476 innumerabilibus?
864 1418 996 1473 Nam
1035 1418 1265 1473 maxima
1293 1433 1359 1473 ex
1401 1426 1554 1489 parte
1582 1433 1647 1472 ex
1677 1417 1918 1473 moribus

315 1784 438 1839 CAP.
461 1784 513 1838 6.
535 1801 581 1837 v.
614 1785 663 1838 l.
690 1782 835 1849 Filii,
854 1783 1050 1838 obedite
1068 1781 1361 1852 parentibus
1383 1780 1555 1834 vestris
1579 1781 1630 1833 in
1662 1779 1910 1833 Domino:

381 1877 477 1929 Itoc
507 1877 637 1930 enim
653 1877 856 1946 justum
883 1885 976 1928 est.
1004 1873 1058 1928 9..
1098 1872 1313 1927 Honora
1340 1882 1537 1942 patrem
1567 1883 1710 1926 tuum
1734 1881 1781 1925 et
1804 1888 1909 1924 ma-

385 1981 510 2022 trem
544 1978 682 2021 tuam
707 2009 722 2036 ,
753 1969 891 2036 quod
929 1977 1000 2021 est
1039 1967 1336 2019 mandatum
1364 1967 1586 2034 primum
1608 1966 1662 2018 in
1694 1965 1912 2035 promis-

385 2063 525 2115 sione
557 2102 571 2124 ,
611 2061 663 2116 5.
715 2069 767 2114 ut
809 2061 931 2114 bene
972 2061 1063 2115 tibi
1104 2061 1208 2125 sit,
1243 2070 1289 2113 ct
1330 2060 1402 2113 sis
1447 2060 1706 2128 longaevus
1758 2073 1913 2127 super

384 2167 589 2209 terram.

383 2250 436 2303 l.
457 2247 918 2315 Quemadmodum
937 2247 1200 2318 quispiam
1219 2261 1415 2316 corpus
1431 2247 1656 2316 fingens,
1677 2245 1908 2315 primum

308 2340 526 2410 quidem
553 2341 700 2409 ponit
729 2348 894 2409 caput
925 2379 941 2405 ,
975 2339 1170 2394 deinde
1196 2340 1393 2393 collum
1420 2327 1661 2404 ,deinde
1694 2336 1860 2406 pedes
1892 2351 1906 2390 :

309 2436 378 2488 ita
425 2434 589 2488 etiam
637 2434 826 2488 beatus
873 2432 1072 2487 Paulus
1113 2431 1356 2502 procedit
1402 2430 1454 2484 in
1501 2445 1596 2484 sua
1637 2430 1905 2484 oratione.

307 2529 453 2582 Dixit
495 2527 562 2582 de
605 2527 724 2581 viro
756 2569 770 2592 ,
804 2526 947 2581 dixit
986 2526 1052 2579 de
1089 2525 1312 2579 muliere
1338 2566 1354 2591 ,
1385 2524 1474 2593 qui
1519 2532 1602 2578 est
1640 2520 1923 2576 secundus

303 2619 684 2689 principatus:
707 2618 819 2689 jam
851 2618 1029 2688 pergit
1055 2613 1119 2670 ad
1151 2618 1365 2691 tertium
1393 2634 1406 2679 ;
1443 2617 1486 2670 is
1518 2624 1697 2669 autem
1728 2623 1812 2668 est
1841 2615 1899 2666 li-

302 2711 528 2765 liorum.
555 2709 687 2764 Nam
715 2710 865 2764 uxori
889 2711 1106 2780 quidem
1133 2709 1360 2779 imperat
1388 2709 1632 2772 maritus,
1665 2707 1786 2761 ﬁliis
1813 2721 1909 2760 au-

303 2811 410 2857 tem
452 2811 511 2857 ct
551 2803 636 2856 vir
680 2810 733 2856 et
781 2803 995 2856 mulier.
1045 2801 1178 2857 Vide
1220 2816 1350 2871 ergo
1395 2800 1521 2870 quid
1565 2800 1744 2855 dicat:
1783 2799 1931 2865 Filii,

299 2896 506 2949 obedite
549 2894 842 2963 parentibus
889 2896 1063 2950 vestris
1110 2897 1162 2949 in
1205 2894 1429 2949 Domina
1463 2911 1480 2948 :
1509 2896 1604 2949 hoc
1654 2896 1788 2948 enim
1835 2906 1906 2950 est

298 2988 530 3056 primum
563 2996 871 3057 prteceptum
894 2987 946 3039 in
971 2985 1410 3056 promissionibus.
1437 2986 1578 3041 Nihil
1610 2985 1699 3040 hic
1731 2987 1903 3055 loqui—

299 3087 383 3131 tur
403 3077 480 3132 dc
504 3077 740 3139 Christo,
758 3077 890 3130 nihil
917 3078 984 3131 de
1010 3077 1238 3132 excelsis
1261 3093 1274 3141 ;
1303 3077 1479 3131 adlmc
1500 3077 1642 3130 enim
1672 3077 1906 3147 loquitur

295 3189 412 3225 cum
450 3173 663 3226 teneris
697 3171 970 3225 mentibus
1005 3189 1018 3225 :
1051 3180 1103 3225 et
1136 3169 1256 3225 ideo
1296 3171 1514 3225 brevem
1548 3169 1676 3224 facit
1704 3171 1901 3224 exhor-

297 3265 562 3320 tationem
595 3307 609 3331 ,
640 3273 827 3334 utpote
871 3263 1016 3334 quod
1060 3279 1166 3318 non
1214 3262 1423 3333 possint
1451 3263 1602 3331 pueri
1637 3263 1900 3332 prolixam

295 3360 518 3431 assequi
570 3359 892 3414 orationem.
937 3358 1226 3425 Propterea
1276 3371 1378 3411 nec
1419 3355 1620 3425 aliquid
1667 3355 1796 3408 dicit
1834 3355 1903 3409 de

299 3466 455 3520 regno
497 3467 514 3516 ;
545 3465 652 3504 non
683 3459 766 3504 est
796 3450 938 3503 enim
984 3448 1125 3502 illius
1173 3448 1346 3502 tctatis
1389 3446 1506 3501 haec
1536 3446 1723 3501 audire
1757 3466 1771 3511 ;
1805 3447 1901 3501 sed

298 3558 410 3612 qua:
440 3543 690 3597 maxime
716 3542 862 3610 cupit
891 3541 1078 3595 audire
1106 3541 1330 3611 puerilis
1360 3523 1594 3603 animus,
1626 3555 1686 3595 ea
1721 3539 1897 3606 dixit,

296 3654 486 3710 nempe
517 3637 660 3707 quod
686 3636 790 3692 erit
815 3636 1116 3706 longzevus.
1147 3634 1201 3690 Si
1225 3634 1345 3704 quis
1370 3635 1513 3689 enim
1539 3634 1777 3703 inquirit,
1805 3648 1902 3688 cur

290 3731 355 3786 de
379 3746 555 3802 regno
574 3747 678 3783 non
697 3729 973 3795 disseruit,
1002 3728 1095 3783 sed
1118 3729 1197 3782 eis
1223 3728 1402 3798 posuit
1426 3725 1734 3780 mandatum
1756 3725 1899 3795 quod

291 3823 450 3877 situm
487 3831 579 3877 est
607 3823 658 3876 in
691 3823 805 3892 lege
832 3839 846 3885 ;
877 3821 1119 3875 dicemus
1149 3821 1226 3874 eis
1268 3819 1320 3873 id
1359 3817 1555 3874 fecisse
1586 3827 1645 3872 ut
1673 3819 1760 3888 qui
1790 3819 1900 3872 sint

287 3918 619 3986 pueriliores
645 3959 659 3980 ,
695 3925 752 3970 ut
784 3917 872 3984 qui
905 3915 1037 3969 sciat
1065 3915 1206 3984 quod
1234 3915 1350 3968 viro
1378 3923 1432 3968 et
1457 3913 1683 3968 muliere
1715 3915 1786 3967 ita
1812 3912 1893 3966 af-

287 4008 439 4064 fectis
482 4008 883 4063 convenienter
921 4007 1024 4076 legi
1070 4022 1229 4076 quam
1274 4007 1436 4069 tulit,
1467 4021 1572 4059 non
1604 4013 1682 4059 est
1718 4005 1894 4074 magni

286 4101 490 4156 laboris
526 4100 786 4172 puerulos
808 4099 1098 4166 subjicere.
1133 4097 1361 4166 Quando
1389 4098 1532 4152 enim
1565 4112 1654 4152 res
1685 4097 1891 4151 initittm

286 4193 561 4262 acceperit
586 4179 641 4246 et
662 4191 1070 4245 fundamentum
1111 4189 1330 4253 bonum,
1350 4189 1689 4259 validumque
1719 4198 1774 4243 et
1795 4190 1892 4243 ho-

287 4298 506 4342 nestum
534 4330 547 4351 ,
584 4286 763 4340 omnia
795 4284 1052 4354 deinceps
1085 4284 1169 4337 via
1212 4292 1266 4338 et
1295 4284 1414 4352 lege
1445 4283 1743 4353 procedunt
1772 4297 1894 4336 cum

287 4383 457 4436 multa
507 4380 768 4436 facilitate
797 4397 810 4432 :
840 4387 923 4434 cst
967 4378 1110 4433 enim
1156 4376 1431 4432 difficilius
1469 4377 1655 4445 jacere
1699 4374 1893 4429 funda-

286 4483 532 4528 mentum
555 4515 572 4538 ,
607 4481 664 4528 ct
704 4471 875 4526 basim
904 4470 1171 4540 subjicere
1202 4469 1453 4524 validam.
1480 4467 1608 4524 Filii
1634 4511 1647 4534 ,
1681 4468 1850 4538 inquit
1877 4509 1892 4528 .

285 4567 487 4621 obedite
520 4565 816 4636 parentibus
862 4566 1042 4618 vestris
1081 4565 1136 4618 in
1170 4563 1434 4628 Domino;
1477 4563 1582 4618 hoc
1629 4573 1712 4618 est
1758 4577 1892 4617 con—

283 4670 550 4729 gruenter
581 4659 832 4712 Domino.
864 4657 1008 4711 Deus
1029 4658 1192 4721 enim,
1229 4657 1420 4727 inquit.
1455 4657 1530 4709 sic
1551 4654 1733 4725 jussit.
1753 4653 1888 4721 Quid

286 4768 434 4818 vero,
472 4751 810 4822 sijusscrint
842 4749 1078 4805 absurda
1122 4758 1175 4804 et
1214 4765 1317 4803 non
1357 4748 1630 4804 honesta?
1658 4747 1894 4802 Maxime

284 4844 505 4912 quidem
536 4858 832 4911 numquam
863 4850 1019 4911 pater
1053 4841 1297 4910 prtecipit
1322 4839 1556 4894 absurda
1587 4850 1640 4894 et
1668 4838 1894 4894 inhone-

285 4945 387 4998 sta.
421 4935 643 4991 etiamsi
687 4935 801 5003 ipse
841 4933 911 4987 sit
941 4933 1118 4986 minus
1161 4931 1464 4986 honestus:
1509 4939 1763 4985 cancrum
1813 4932 1894 4985 sic

284 5045 499 5099 quoque
545 5028 796 5083 adhibuit
838 5028 1145 5082 cautionem
1171 5068 1186 5094 ,
1229 5027 1420 5081 dicens
1453 5043 1467 5080 :
1495 5025 1562 5079 In
1622 5023 1843 5080 Domino
1873 5042 1890 5078 :

289 5121 387 5174 hoc
418 5130 499 5175 est
524 5163 540 5186 ,
570 5121 623 5175 in
653 5120 721 5174 iis
743 5121 794 5174 in
819 5119 1016 5190 quibus
1049 5120 1216 5173 Deum
1249 5136 1357 5172 non
1387 5119 1652 5174 offendas.
1685 5119 1818 5174 Nam
1847 5119 1890 5173 si

283 5214 352 5266 sit
379 5214 610 5270 Graecus
641 5223 735 5268 aut
767 5212 1074 5278 hmrctieus,
1109 5228 1213 5267 non
1245 5213 1426 5281 utique
1455 5211 1746 5281 parendum
1775 5221 1891 5266 est:

285 5321 372 5358 res
402 5308 548 5361 enim
585 5323 691 5361 nou
722 5315 806 5361 est
835 5307 887 5360 in
925 5305 1170 5362 Domino.
1198 5305 1482 5372 Quomodo
1513 5312 1692 5358 autem
1713 5304 1847 5358 dicit
1877 5345 1891 5368 ,

291 5396 440 5463 Quod
466 5400 788 5469 estprimum
813 5398 1155 5452 mandatum?
1185 5397 1418 5469 primum
1452 5405 1537 5451 est
1563 5398 1706 5450 enim
1738 5396 1887 5462 illud,

290 5486 411 5541 Non
445 5490 778 5544 mwchaberis
806 5531 820 5556 ,
869 5498 924 5544 et
957 5532 971 5556 ,
1009 5489 1129 5542 Non
1157 5489 1372 5543 occides.
1407 5488 1521 5542 Non
1555 5489 1727 5558 ipsum
1754 5488 1894 5542 dixit

286 5581 521 5650 primum
569 5583 801 5650 ordine,
835 5582 930 5638 sed
989 5581 1372 5652 promissione.
1424 5580 1532 5635 Illis
1576 5581 1735 5650 igitur
1785 5596 1891 5635 non

289 5676 615 5743 proponitur
633 5691 844 5732 merces
872 5719 885 5741 ,
917 5685 973 5729 ut
999 5691 1118 5746 qua:
1140 5677 1431 5730 constituta
1461 5675 1568 5729 sint
1597 5674 1666 5729 de
1693 5675 1848 5728 malis
1874 5714 1889 5740 ,

287 5775 340 5820 et
367 5765 434 5822 de
456 5781 684 5823 recessu
712 5784 741 5824 a
768 5769 960 5835 malis;
989 5769 1042 5823 in
1075 5769 1159 5823 his
1189 5778 1367 5824 autem
1398 5811 1413 5835 ,
1449 5778 1636 5839 utpote
1663 5784 1786 5822 cum
1819 5769 1888 5824 sit

290 5854 556 5914 bonorum
589 5861 848 5930 operatio,
863 5859 1080 5930 ponitur
1106 5861 1266 5915 etiam
1300 5861 1600 5931 promissio.
1627 5859 1761 5916 Vide
1788 5875 1889 5915 au-

642 5969 912 6031 PA'rnOL.
959 5969 1080 6031 Gn.
1130 5970 1324 6033 LXII.

1202 376 1269 436 ΙΝ
1310 378 1520 436 ΙῖΡΙΞΤ.
1567 379 1656 433 ΑΙ)
1695 379 1935 435 EPIIES.
1978 380 2130 436 CAP.
2177 381 2264 437 Vl.
2307 383 2535 444 HOMIL.
2584 388 2728 448 XXI.

1719 1632 2068 1698 HOMILIA
2100 1639 2279 1703 XXI.

3532 401 3629 454 iTLD

2027 494 2370 554 dominorum
2400 505 2542 559 servi
2585 521 2768 561 mores
2797 489 3301 579 suos'componunt,
3335 522 3388 565 et
3414 515 3622 568 assimi-

2027 587 2207 644 lantur
2239 606 2427 646 eorum
2459 594 2740 652 desideriis
2775 615 2788 650 :
2818 600 3007 655 eadem
3047 611 3262 666 amant,
3295 603 3482 658 eadem
3508 621 3625 677 Qua:

2027 679 2316 736 didicerint
2344 685 2654 756 loquuntur,
2689 690 2739 744 in
2785 691 2974 748 iisdem
3007 703 3313 750 versantur.
3345 694 3401 753 Si
3424 698 3504 753 sic
3531 714 3630 752 nos
3680 754 3688 781 '

2028 772 2175 841 ipsos
2198 789 2605 845 componamus,
2631 793 2682 836 et
2709 783 3001 854 Scripturis
3023 788 3384 856 attendamus,
3400 790 3626 860 plurima

2025 865 2093 920 ab
2120 867 2228 924 illis
2254 868 2587 928 docebimur.
2622 875 2692 930 Ita
2722 880 3015 948 poterimus
3049 883 3158 937 Deo
3191 885 3403 953 placere
3425 925 3440 950 ,
3472 896 3526 940 et
3549 897 3631 940 to-

2026 966 2134 1013 tam
2162 961 2324 1017 vitam
2358 977 2676 1034 prmsentem
2721 987 2842 1026 cum
2878 975 3071 1029 virtute
3112 979 3430 1049 transigere,
3459 989 3514 1036 et
3540 995 3626 1034 as-

2026 1052 2175 1143 sequi
2226 1051 2364 1108 bona
2415 1059 2678 1126 promissa
2737 1062 2803 1117 iis
2848 1067 2935 1134 qui
2989 1067 3162 1136 ipsum
3213 1069 3626 1143 diliguntzqua:

2026 1142 2227 1196 utinam
2258 1161 2358 1200 nos
2393 1163 2585 1204 omnes
2615 1167 3033 1223 consequamur,
3070 1175 3164 1227 per
3191 1162 3418 1229 gratiam
3444 1173 3498 1218 et
3524 1142 3620 1220 bc-

2026 1235 2340 1305 nignitatem
2368 1241 2575 1296 Domini
2609 1249 2776 1300 nostri
2800 1247 2926 1303 Jesu
2955 1250 3178 1315 Christi,
3200 1254 3284 1306 cui
3315 1270 3435 1309 cum
3468 1256 3626 1312 Patre

2023 1335 2079 1381 et
2123 1327 2326 1399 Spiritu
2357 1343 2543 1390 sancto
2582 1337 2782 1408 gloria,
2816 1341 3131 1412 imperium.
3165 1345 3339 1400 honor
3364 1389 3378 1412 ,
3407 1364 3547 1402 nunc
3573 1360 3629 1402 et

2023 1434 2260 1490 semper,
2285 1435 2337 1478 et
2364 1427 2414 1480 iu
2443 1429 2636 1484 saecula
2665 1433 3008 1489 smculorum.
3035 1437 3226 1490 Amen.

2155 1567 2320 1574 ρ’..

2325 1571 2610 1582 Ἦ

2613 1578 2796 1586 -——...._
2819 1581 2910 1585 -Η
2941 1581 3014 1585 _._—
3049 1580 3490 1588 M~._.______.
3507 1582 3552 1587 ...μ
3581 1579 3616 1586 4

2023 1791 2129 1839 tem
2152 1791 2423 1856 quomodo
2451 1793 2620 1848 basim
2648 1797 3021 1855 admirabilem
3055 1801 3291 1870 posuerit
3321 1803 3420 1856 vite
3451 1802 3624 1858 virtu-

2023 1877 2089 1933 tis
2116 1919 2131 1944 ,
2164 1895 2360 1952 nempe
2391 1884 2441 1938 in
2477 1898 2730 1955 parentes
2760 1890 3022 1946 honorem
3057 1903 3108 1946 ct
3140 1896 3538 1959 reverentiam;
3566 1908 3622 1951 et

2015 1967 2137 2036 jure
2157 1973 2393 2041 quidem.
2427 1977 2556 2032 Cum
2590 1980 2904 2038 abduxisset
2932 1999 2961 2037 a
2993 1985 3150 2040 malis
3177 1987 3482 2042 actionibus
3512 2030 3526 2054 ,
3559 1999 3614 2043 et

2022 2060 2160 2116 bona
2185 2073 2330 2120 esset
2352 2067 2712 2138 ingressurus,
2747 2073 2848 2130 hoc
2879 2076 3106 2145 primum
3131 2077 3327 2146 posuit,
3356 2079 3614 2134 honorem

2020 2150 2072 2204 in
2103 2165 2375 2223 parentes,
2408 2163 2662 2230 quoniam
2693 2173 2750 2220 et
2776 2175 2901 2222 ante
2933 2169 3112 2224 omnia
3143 2169 3242 2238 ipsi
3287 2179 3406 2240 post
3447 2172 3612 2226 Deum

2022 2243 2235 2300 fuerunt
2264 2259 2517 2307 auctores
2546 2254 2689 2308 vitae.
2721 2256 2900 2324 Quare
2929 2260 3123 2315 merito
3150 2263 3308 2330 primi
3349 2263 3614 2318 bonorum

2019 2348 2326 2394 nostrorum
2369 2343 2599 2399 fructum
2651 2351 3029 2420 perceperint,
3059 2362 3114 2407 et
3145 2362 3272 2409 tunc
3298 2354 3388 2409 alii
3429 2371 3619 2410 omnes

2019 2428 2286 2487 homines.
2315 2434 2447 2489 Nam
2477 2436 2520 2491 si
2550 2439 2672 2508 quis
2700 2439 2800 2495 hoc
2824 2459 2930 2496 non
2960 2443 3174 2508 habeat,
3205 2460 3495 2515 numquam
3515 2448 3619 2501 erit

2017 2521 2189 2610 bonus
2209 2533 2263 2578 et
2283 2541 2468 2595 aequus
2498 2528 2549 2582 in
2573 2540 2881 2588 extraneos.
2907 2535 3038 2589 Cum
3063 2551 3191 2606 ergo
3218 2537 3339 2590 filiis
3357 2538 3616 2591 suasisset

2015 2630 2135 2684 qum
2162 2620 2450 2685 oportebat
2475 2663 2489 2686 ,
2523 2625 2717 2678 transit
2745 2625 2811 2680 ad
2843 2638 3096 2697 parentes
3127 2669 3141 2692 ,
3176 2637 3231 2683 et
3259 2629 3390 2683 dicit
3417 2647 3429 2682 :
3461 2630 3515 2684 4.
3548 2631 3612 2683 Et

2016 2723 2120 2775 vos,
2155 2720 2342 2779 patres,
2375 2713 2528 2766 nolite
2551 2715 2620 2768 ad
2648 2716 2780 2769 iram
2811 2735 3086 2785 provocare
3110 2721 3245 2788 ﬁlios
3276 2731 3496 2788 vestros;
3523 2724 3612 2776 scd

2015 2801 2225 2854 educate
2251 2802 2368 2857 illos
2402 2804 2456 2857 in
2498 2806 2769 2875 disciplina
2797 2819 2844 2864 et
2869 2813 3184 2881 correptione
3232 2811 3458 2867 Domini.
3493 2811 3611 2867 Non

2013 2892 2145 2946 dicit
2173 2934 2188 2959 ,
2238 2894 2343 2949 Eos
2369 2895 2579 2967 diligite
2613 2916 2628 2964 ;
2669 2898 2772 2954 hoc
2801 2903 2945 2956 enim
2977 2905 3057 2958 eis
3087 2905 3176 2960 vel
3206 2906 3387 2961 invitis
3419 2916 3607 2961 natura

2012 2984 2252 3050 attrahit,
2283 2993 2338 3041 et
2360 2987 2688 3058 superfluum
2722 3001 2868 3047 esset
2893 2993 2961 3049 de
2991 2995 3070 3049 eis
3099 2995 3272 3066 legem
3304 2997 3445 3053 ferre
3471 3014 3484 3050 :
3514 2995 3612 3052 sed

2013 3077 2137 3145 quid
2167 3077 2338 3132 dicit?
2382 3079 2560 3136 Nolite
2584 3099 2861 3151 provocare
2889 3087 2957 3140 ad
2981 3089 3112 3141 iram
3143 3089 3279 3157 ﬁlios
3301 3101 3492 3145 vestros
3513 3107 3530 3154 ;
3554 3100 3614 3146 ut

2013 3170 2160 3224 Ittllill
2175 3170 2372 3227 faciunt
2387 3187 2480 3228 eos
2496 3174 2883 3233 exheredantes
2903 3189 2954 3234 et
2973 3179 3365 3242 abdicantes,et
3379 3198 3470 3237 eos
3493 3199 3616 3254 gra-

2013 3273 2197 3318 rantes
2239 3273 2293 3320 et
2322 3277 2632 3335 prementes
2661 3311 2675 3334 ,
2706 3287 2812 3325 non
2843 3279 2902 3326 ut
2928 3273 3129 3329 liberos
3155 3315 3170 3339 ,
3201 3274 3298 3330 sed
3332 3285 3603 3344 tamquam

2011 3357 2294 3427 mancipia.
2329 3359 2620 3430 Propterea
2645 3362 2774 3418 dicit
2800 3406 2813 3427 ,
2861 3363 3040 3420 Nolite
3069 3382 3344 3435 provocare
3373 3369 3442 3420 ad
3469 3368 3602 3423 iram

2008 3447 2145 3515 ﬁlios
2171 3460 2381 3504 vestros.
2419 3453 2619 3510 Deinde
2662 3456 2806 3525 quod
2843 3466 2928 3513 est
2958 3467 3122 3528 caput
3163 3467 3218 3514 et
3247 3475 3457 3515 summa
3486 3475 3606 3514 om-

2009 3532 2154 3586 nium
2180 3575 2195 3600 ,
2229 3536 2465 3589 ostendit
2491 3539 2763 3606 quomodo
2791 3541 2899 3595 sint
2927 3541 3192 3597 obedituri
3227 3585 3241 3608 ,
3295 3554 3401 3598 tota
3442 3561 3602 3600 cau<a

2008 3623 2234 3679 deducta
2260 3627 2325 3680 ad
2356 3639 2517 3697 caput
2545 3639 2600 3684 et
2631 3631 2840 3686 initium
2868 3650 2881 3687 :
2909 3641 2963 3688 et
2991 3634 3129 3689 sicut
3155 3636 3463 3690 ostenderat
3491 3653 3606 3691 ma-

2007 3715 2165 3770 ritum
2196 3733 2317 3773 esse
2345 3733 2560 3774 causam
2599 3731 2656 3775 ut
2700 3722 2918 3778 obediat
2947 3739 3083 3779 uxor
3114 3767 3127 3790 ,
3166 3737 3218 3779 ct
3261 3726 3384 3782 ideo
3417 3729 3605 3781 multis

2005 3821 2127 3862 cum
2157 3823 2222 3862 eo
2253 3809 2403 3879 agit,
2433 3811 2729 3868 adhortans
2786 3821 2844 3869 ut
2887 3829 3005 3869 eam
3052 3817 3289 3871 attrahat
3322 3820 3605 3890 tyrannide

2005 3900 2348 3967 dilectionis;
2382 3905 2453 3959 ita
2500 3907 2587 3962 hic
2626 3923 2840 3978 quoque
2868 3924 3057 3964 rursus
3089 3911 3136 3965 ei
3165 3926 3385 3967 causam
3420 3915 3608 3969 tribuit

2007 3994 2196 4051 dicens
2228 4015 2240 4048 :
2276 3998 2381 4052 Sed
2409 3999 2621 4054 educato
2656 4001 2772 4056 illos
2811 4003 2864 4055 in
2907 4002 3181 4074 disciplina
3209 4015 3255 4058 et
3283 4008 3604 4078 correptione

2009 4085 2238 4142 Domini.
2268 4089 2430 4145 Vides
2458 4093 2619 4160 quod,
2656 4093 2699 4146 si
2733 4094 2910 4149 adsint
2938 4095 3234 4166 spiritualia
3261 4139 3276 4164 ,
3310 4109 3606 4167 sequentur

2007 4182 2168 4237 etiam
2199 4183 2434 4236 carnalia
2461 4185 2482 4236 ?
2509 4183 2600 4238 Vis
2633 4185 2798 4240 filium
2827 4200 2950 4241 esse
2978 4187 3319 4242 obedientem
3354 4191 3377 4241 ?
3404 4193 3470 4244 ab
3496 4191 3600 4244 iui-

2007 4280 2082 4333 tio
2109 4295 2230 4334 eum
2272 4280 2438 4334 eduea
2473 4280 2525 4334 in
2553 4281 2837 4352 disciplina
2867 4289 2921 4338 et
2945 4281 3314 4340 admonitione
3344 4285 3554 4339 Domini
3587 4305 3602 4344 :

2008 4390 2074 4430 ne
2099 4374 2376 4429 existimes
2403 4389 2523 4430 esse
2551 4391 3011 4445 supervacaneum
3035 4419 3050 4442 ,
3087 4378 3226 4446 quod
3254 4379 3368 4449 ipse
3395 4378 3605 4434 divinas

1999 4462 2435 4524 Literasaudiat:
2465 4484 2587 4523 nam
2617 4471 2723 4525 illic
2754 4473 2855 4527 hoc
2875 4472 3104 4542 primum
3128 4473 3368 4542 audient,
3394 4474 3606 4530 Honora

2005 4570 2201 4630 patrem
2227 4570 2274 4616 et
2301 4572 2534 4617 matrem.
2561 4564 2744 4634 Itaque
2769 4574 2990 4636 propter
3023 4576 3073 4622 te
3101 4566 3205 4623 hoc
3233 4569 3310 4622 lit.
3330 4568 3408 4624 Ne
3433 4568 3600 4635 dicas,

2006 4653 2117 4710 Iloc
2133 4664 2218 4711 est
2242 4655 2626 4712 monachorum
2650 4673 2666 4722 ;
2686 4673 2811 4712 num
2835 4675 2936 4728 ego
2949 4675 3070 4716 eum
3099 4661 3236 4716 facio
3255 4661 3602 4717 monachum?

2001 4746 2117 4802 Non
2142 4756 2224 4802 est
2248 4762 2470 4802 necesse
2493 4757 2550 4802 ut
2573 4750 2661 4802 ftat
2689 4751 3009 4806 monachus.
3034 4752 3173 4818 Quid
3192 4753 3244 4806 id
3266 4754 3442 4817 times,
3460 4755 3602 4824 quod

2001 4849 2086 4896 est
2108 4841 2276 4896 multo
2301 4841 2451 4897 lucro
2481 4843 2696 4910 plenum
2720 4843 2744 4896 ?
2769 4843 2879 4898 Fac
2907 4859 3031 4898 eum
3065 4844 3454 4902 Christianum.
3485 4846 3601 4901 Ma-

2005 4933 2146 4987 xime
2172 4932 2315 4986 enim
2347 4933 2633 4987 mundanis
2657 4975 2672 5000 ,
2723 4949 2919 5004 nempe
2945 4937 3296 4990 saecularibus
3329 4978 3345 5003 ,
3378 4952 3603 4992 necesse

2005 5034 2087 5078 est
2121 5024 2335 5080 discere
2373 5041 2492 5094 quae
2523 5024 2632 5079 illic
2660 5034 2786 5080 sunt
2812 5025 3138 5081 documenta
3165 5071 3180 5093 ,
3217 5029 3387 5098 magis
3414 5037 3599 5084 autem

2005 5117 2208 5187 pueris.
2241 5116 2402 5171 Multa
2430 5125 2512 5171 est
2537 5117 2681 5171 enim
2707 5116 2760 5170 in
2791 5119 2879 5172 illa
2904 5128 3061 5174 :etate
3081 5119 3381 5190 ignorantia
3406 5137 3420 5186 ;
3443 5123 3600 5191 igno-

2006 5210 2193 5264 rantia:
2222 5219 2400 5265 autem
2432 5210 2490 5265 fit
2516 5212 2754 5267 accessio
2791 5213 2951 5268 etiam
2991 5228 3055 5269 ex
3099 5215 3317 5285 scriptis
3344 5223 3600 5270 externo-

2005 5319 2121 5358 rum
2151 5318 2166 5368 ;
2195 5302 2410 5372 quando
2441 5319 2538 5373 per
2574 5319 2637 5359 ea
2666 5303 2955 5360 didicerint
2994 5321 3089 5362 eos
3117 5307 3205 5377 qui
3249 5317 3375 5362 sunt
3401 5308 3598 5364 heroes

2005 5395 2189 5451 haberi
2218 5396 2268 5448 in
2294 5394 2670 5462 admiratione,
2699 5412 2818 5452 cum
2841 5398 3107 5453 sintservi
3131 5399 3292 5454 animi
3321 5400 3596 5471 perturba-

2003 5489 2207 5542 tionum
2236 5495 2291 5542 et
2322 5489 2596 5556 vitiorum,
2626 5498 2682 5544 et
2710 5501 2942 5544 mortem
2974 5492 3197 5546 timeant
3229 5508 3241 5544 :
3279 5501 3333 5544 ut
3361 5491 3600 5550 Achilles

2002 5579 2216 5650 quando
2238 5595 2361 5633 eum
2387 5580 2632 5650 poenitet,
2653 5581 2870 5651 quando
2898 5583 3127 5639 moritur
3149 5598 3244 5653 pro
3269 5585 3594 5650 concubina;

2002 5673 2222 5744 quando
2253 5673 2392 5727 alius
2414 5682 2496 5728 est
2525 5673 2711 5730 ebrius
2739 5716 2755 5742 ,
2788 5682 2845 5730 et
2873 5676 3038 5730 multa
3069 5677 3174 5732 alia
3201 5676 3489 5748 ejusmodi.
3521 5678 3602 5733 Illi
3641 5661 3644 5666 ’

2003 5783 2133 5838 ergo
2163 5782 2298 5836 epus
2321 5776 2404 5820 est
2443 5767 2524 5822 his
2552 5767 2988 5825 medicamentis.

2072 5861 2127 5913 2.
2155 5858 2436 5926 Quomodo
2467 5858 2610 5914 enim
2641 5875 2747 5916 non
2776 5869 2860 5916 est
2884 5861 3182 5917 absurdum
3209 5861 3278 5915 ad
3305 5870 3447 5916 artes
3478 5862 3599 5931 qui-

3205 5975 3280 6036 10
