4092 6530
468 387 564 443 {Eii

468 508 589 556 item
619 502 851 568 mittere,
869 512 924 558 et
940 502 1004 557 ad
1027 502 1204 557 ludum
1236 504 1548 568 literarium,
1578 512 1628 557 et
1656 517 1750 572 pro
1777 516 1842 555 eo
1867 500 2047 554 omnia

470 597 648 652 facere
678 614 692 659 ;
727 597 779 650 in
808 595 1086 664 disciplina
1136 603 1311 650 autem
1342 603 1398 651 ct
1421 584 1904 649 Dei'admonitione
1922 608 2053 662 pne»

465 702 556 742 ros
578 703 681 742 non
706 684 940 742 educare
963 687 987 740 ?
1007 686 1305 756 Propterea
1336 702 1434 741 nos
1463 687 1617 757 primi
1649 686 1848 740 fructus
1876 684 2050 754 perci-

467 782 642 849 pimus
666 820 682 847 ,
708 779 939 835 audaces
962 820 978 846 ,
1010 779 1431 848 intemperantes
1450 820 1466 845 ,
1496 778 1867 848 immorigeros
1888 818 1902 842 ,
1932 789 2049 830 sor-

466 872 665 936 didos,
711 879 766 926 ct
819 870 1110 926 illiberales
1157 871 1367 926 alentes
1422 870 1581 925 filios.
1635 869 1712 924 Ne
1764 884 1892 938 ergo
1945 867 2046 922 hoc

463 963 740 1029 faciamus,
770 961 866 1017 scd
897 960 1017 1016 huic
1046 963 1202 1016 beato
1230 976 1508 1032 pareamus
1535 960 1776 1017 suadenti
1803 978 1816 1013 :
1842 959 2044 1015 educe-

460 1068 579 1110 mus
604 1068 698 1110 eos
742 1055 795 1109 in
838 1054 1121 1125 disciplina
1161 1064 1216 1111 et
1251 1054 1620 1111 admonitione
1667 1054 1881 1108 Domini
1908 1070 1920 1106 :
1945 1050 2041 1105 de-

463 1160 583 1199 mus
618 1145 701 1200 eis
728 1144 1031 1214 exemplum
1063 1186 1078 1211 ,
1109 1145 1179 1200 ab
1229 1147 1445 1201 ineunte
1487 1152 1645 1200 aetate
1670 1152 1920 1200 curantes
1946 1154 2041 1196 eos

455 1237 771 1293 incumbere
823 1238 1038 1293 lectioni
1092 1235 1513 1306 Scripturarum.
1565 1236 1662 1291 Hei
1714 1234 1883 1289 mihi!
1924 1232 2041 1288 haec

455 1327 672 1383 assidue
721 1327 906 1384 dicens
961 1328 1147 1383 videor
1193 1328 1464 1393 delirare;
1510 1335 1877 1381 verumtamen
1928 1338 2037 1379 non

454 1418 679 1475 cessabo
707 1418 1051 1488 facereqnod
1080 1428 1397 1475 est-meum.
1441 1419 1548 1472 Cur
1570 1459 1586 1480 ,
1608 1417 1702 1473 dic
1726 1416 1855 1472 mihi
1883 1458 1899 1481 ,
1928 1431 2036 1470 non

456 1510 681 1565 imitaris
703 1522 913 1566 veteres
937 1511 960 1561 ‘i
990 1510 1217 1565 Maxime
1244 1525 1359 1575 vos,
1383 1509 1659 1574 mulieres,
1690 1508 1810 1562 illas
1840 1506 2035 1561 mulie-

455 1616 542 1657 res
571 1603 908 1657 admirandas
930 1603 1272 1658 atmulamiui.
1295 1602 1554 1672 Peperisti
1580 1600 1743 1655 lilium
1771 1601 1794 1654 ?
1818 1599 2036 1655 imitare

453 1694 661 1747 Annam
692 1735 708 1759 ,
735 1694 880 1749 disce
906 1694 1032 1764 quid
1066 1695 1153 1748 illa
1188 1693 1414 1759 fecerit;
1446 1708 1568 1748 eum
1600 1692 1780 1747 statim
1812 1691 2035 1746 deduxit

450 1785 503 1839 in
536 1788 809 1857 templum.
836 1788 1090 1854 Qumnam
1118 1797 1355 1844 vestrum
1381 1801 1487 1843 non
1512 1787 1760 1842 maluerit
1787 1801 1943 1841 suum
1978 1784 2033 1838 fi-

450 1877 577 1931 lium
635 1893 755 1934 esse
802 1878 1146 1945 Samuclem,
1175 1896 1333 1949 quam
1385 1879 1580 1933 millies
1630 1893 1811 1949 regem
1867 1877 2032 1932 totius

446 1971 595 2025 orbis
624 1981 781 2027 teme
806 1973 829 2026 ?
859 1972 927 2027 Et
951 1973 1243 2043 quomodo,
1274 1972 1442 2043 inquit
1467 2012 1483 2038 ,
1522 1973 1634 2028 fieri
1665 1981 1840 2044 potest
1876 1981 1933 2026 ut
1961 1973 2032 2028 sit

445 2062 611 2143 talis?
638 2063 812 2132 Quare
841 2080 946 2121 non
976 2075 1152 2137 potest
1178 2066 1292 2123 fieri
1314 2065 1338 2121 7
1364 2066 1628 2133 Quoniam
1656 2082 1761 2121 non
1795 2067 1899 2131 vis,
1930 2081 2029 2122 nec

444 2168 566 2208 eum
590 2155 760 2210 tradis
787 2156 851 2211 iis
882 2158 969 2228 qui
1004 2166 1232 2227 possunt
1252 2173 1373 2213 eum
1399 2158 1555 2214 talem
1585 2157 1784 2215 facere.
1814 2158 1881 2212 Et
1910 2158 2029 2227 quis

443 2246 489 2300 is
515 2255 615 2310 est,
650 2247 865 2317 inquit?
897 2248 1038 2304 Deus
1060 2268 1078 2305 τ
1109 2264 1230 2304 nam
1260 2250 1373 2320 ipsa
1404 2251 1557 2305 illum
1577 2250 1624 2306 ei
1652 2248 1888 2304 tradidit.
1918 2249 2025 2304 Ne-

441 2352 546 2404 que
583 2336 725 2392 enim
744 2337 869 2394 Heli
896 2348 1014 2395 erat
1040 2356 1103 2396 ex
1134 2340 1201 2395 iis
1221 2342 1312 2411 qui
1342 2340 1632 2395 admodum
1656 2349 1876 2411 possent
1901 2355 2022 2395 eum

443 2427 646 2496 tingere
670 2438 722 2484 et
750 2428 1040 2485 etl‘ormare
1071 2447 1085 2484 :
1119 2431 1389 2501 quomodo
1418 2432 1564 2487 enim
1595 2473 1611 2498 ,
1654 2432 1744 2501 qui
1773 2447 1873 2486 nec
1898 2444 2024 2486 suos

442 2516 611 2583 putuit
655 2517 840 2572 tilios?
869 2519 962 2574 sed
1009 2518 1141 2576 fides
1187 2520 1426 2575 mulieris
1469 2530 1524 2577 et
1568 2521 1814 2576 alacritas
1860 2521 2023 2575 animi

440 2617 608 2663 totum
638 2609 834 2666 eﬂ‘ccit.
869 2611 1105 2667 Primum
1136 2614 1346 2683 peperit
1375 2623 1431 2669 et
1453 2615 1651 2681 scium,
1683 2623 1857 2670 etnec
1885 2614 2024 2669 scie-

438 2702 530 2755 hat
555 2715 622 2756 an
652 2703 786 2759 alios
811 2715 956 2760 esset
986 2706 1241 2775 paritura.
1264 2705 1449 2777 Neque
1479 2706 1651 2772 dixit,
1685 2706 2022 2776 Exspectabo

435 2792 564 2847 dum
590 2803 798 2850 crescat
825 2794 1021 2863 infans,
1054 2806 1111 2851 ut
1140 2804 1319 2852 utatur
1345 2798 1510 2853 rebus
1537 2813 1656 2869 qua:
1686 2798 1752 2853 ad
1782 2798 1917 2853 hanc
1940 2798 2019 2852 vi-

437 2893 545 2937 tam
575 2887 843 2953 pertinent
877 2904 890 2941 :
919 2888 1210 2944 concedam
1244 2898 1301 2943 ut
1330 2890 1445 2959 ipse
1475 2904 1661 2960 parum
1696 2899 1940 2946 versetur
1967 2891 2017 2944 in

439 2985 596 3032 astate
636 2978 827 3047 puerili
858 2996 872 3033 :
901 2979 993 3035 sed
1040 2978 1124 3035 his
1154 2981 1402 3036 omnibus
1445 2982 1769 3052 propulsalis
1793 3023 1808 3046 ,
1840 2981 1890 3036 in
1920 2983 2021 3037 hoc

437 3066 555 3120 solo
587 3066 704 3131 fuit,
730 3069 998 3138 quomodo
1019 3070 1086 3124 ab
1104 3070 1254 3126 initio
1270 3071 1446 3141 imago
1470 3072 1761 3142 spiritnaiis
1788 3072 1897 3128 Deo
1922 3071 2019 3127 de-

436 3157 706 3213 dicaretur
732 3160 809 3230 (i.
844 3158 971 3232 Reg.
1004 3160 1086 3232 2).
1118 3160 1331 3217 Pudore
1355 3160 1652 3217 afﬁciamur
1682 3162 1779 3217 viri
1810 3161 1879 3217 de
1905 3177 2023 3216 mu-

436 3252 584 3306 lieris
632 3251 964 3323 philosophia
998 3269 1011 3305 :
1047 3269 1169 3309 eum
1203 3254 1312 3310 Deo
1339 3254 1531 3311 obtulit
1557 3295 1573 3319 ,
1622 3264 1677 3309 et
1719 3255 1827 3310 illic
1868 3255 2011 3310 sivit.

438 3341 732 3413 Propterea
752 3344 911 3399 etiam
931 3344 1263 3414 splendidius
1276 3344 1475 3400 factum
1498 3355 1581 3400 est
1595 3347 2018 3413 matrimonium,

436 3436 557 3507 quia
582 3435 729 3505 prius
746 3436 1040 3505 spiritualia
1071 3437 1337 3507 quaesivit,
1361 3436 1484 3506 quia
1499 3437 1694 3492 obtulit
1737 3437 2016 3507 primitias:

434 3537 715 3598 propterea
746 3526 936 3583 fertilis
966 3528 1063 3582 fuit
1091 3528 1207 3597 ejus
1234 3539 1418 3583 uterus
1443 3569 1456 3594 ,
1487 3536 1543 3584 et
1571 3528 1708 3584 alios
1739 3529 1920 3585 habuit
1944 3528 2008 3581 ii-

437 3620 538 3673 lins
571 3641 584 3674 :
617 3628 899 3690 propterea
942 3629 997 3675 et
1027 3621 1078 3673 in
1113 3619 1312 3676 mundo
1339 3636 1462 3676 cum
1495 3620 1630 3675 vidit
1658 3620 1939 3676 florentem
1966 3631 2022 3676 et

436 3713 488 3764 in
518 3712 654 3767 bona
676 3726 797 3767 esse
817 3712 1236 3769 existimatione.
1262 3713 1315 3769 Si
1331 3714 1472 3769 enim
1499 3713 1745 3769 homines
1771 3714 2018 3769 honorati

438 3805 670 3859 vicissim
683 3805 974 3872 honorant,
994 3821 1172 3862 annon
1199 3808 1367 3863 multo
1382 3812 1552 3879 magis
1576 3807 1734 3874 Deus,
1753 3808 1841 3877 qui
1859 3808 2018 3862 etiam

438 3899 560 3951 licet
581 3911 687 3951 non
717 3896 1012 3951 inmoratus
1040 3899 1142 3954 hoc
1168 3898 1338 3954 facit?
1370 3899 1662 3970 Quousque
1684 3915 1870 3957 sumus
1903 3915 2023 3956 car—

439 3990 578 4045 nes?
603 4004 881 4061 quousque
903 3992 954 4047 in
982 4000 1179 4048 terram
1202 3993 1587 4049 incurvamur?
1609 3994 1796 4049 Omnia
1819 4010 1847 4048 a
1867 3995 2022 4050 nobis

444 4091 829 4153 postponantnr
848 4099 994 4140 cura:
1022 4085 1253 4141 filiorum
1277 4128 1293 4153 ,
1325 4096 1381 4143 et
1410 4100 1600 4142 eorum
1629 4086 1935 4143 educationi
1968 4090 2022 4143 in

440 4173 717 4244 disciplina
749 4184 801 4231 et
829 4176 1195 4234 admonitione
1228 4178 1458 4232 Domini.
1511 4178 1565 4235 Si
1605 4179 1672 4234 ab
1701 4180 1854 4235 initio
1880 4179 2020 4235 didi-

441 4267 576 4319 cerit
614 4279 737 4321 esse
775 4264 1126 4336 philosophus
1155 4308 1172 4332 ,
1203 4268 1488 4337 actiuisivit
1533 4269 1748 4324 divitias
1791 4271 2024 4341 majores

442 4356 720 4423 quibusvis
738 4357 960 4425 divitiis,
990 4367 1046 4413 et
1065 4358 1431 4428 potentiorem
1459 4359 1708 4430 gloriam.
1730 4360 1875 4416 Nihil
1906 4369 2024 4415 tan-

439 4459 551 4502 tum
583 4445 783 4503 efficies
812 4448 1013 4505 docens
1044 4458 1217 4506 artem
1244 4460 1299 4506 et
1334 4450 1670 4522 disciplinam
1703 4463 1978 4509 externam
2006 4494 2021 4519 ,

444 4556 538 4609 per
584 4556 742 4610 quam
791 4543 1032 4611 acquiret
1058 4541 1274 4599 divitias
1306 4583 1321 4609 ,
1356 4559 1516 4614 quam
1546 4547 1590 4601 si
1619 4560 1741 4601 eum
1773 4546 2023 4602 docueris

439 4643 607 4689 artem
640 4649 736 4704 per
759 4651 920 4707 quam
947 4635 1210 4706 deSpiciet
1239 4635 1477 4695 divitias.
1508 4638 1564 4694 Si
1598 4638 1731 4693 velis
1774 4653 1898 4694 eum
1938 4639 2024 4694 di-

441 4728 607 4782 vitem
632 4731 831 4793 facere,
855 4730 933 4783 sic
954 4726 1133 4783 facito.
1164 4727 1262 4783 Est
1288 4728 1430 4783 enim
1460 4728 1612 4783 dives
1635 4743 1741 4783 non
1772 4730 1860 4798 qui
1890 4729 2026 4784 mul-

440 4820 507 4871 tis
531 4826 654 4887 eget
680 4818 882 4872 divitiis
912 4858 927 4883 ,
964 4825 1019 4872 et
1044 4818 1226 4873 multis
1250 4827 1336 4873 est
1358 4818 1722 4874 circumdatus
1752 4859 1768 4886 ,
1799 4819 1893 4875 sed
1932 4822 2023 4891 qui

440 4908 639 4964 nullius
671 4909 889 4981 indiget.
918 4909 1032 4966 Hoc
1056 4909 1193 4966 doce
1220 4910 1410 4976 filium,
1445 4911 1547 4966 hoc
1572 4911 1724 4967 crudi
1754 4929 1768 4966 :
1800 4912 1883 4967 hac
1914 4929 2029 4968 ma-

441 5001 600 5054 xima:
629 5008 752 5055 sunt
775 5000 996 5055 divitiae.
1030 4999 1107 5055 Ne
1133 5014 1343 5069 quaeras
1372 5001 1641 5070 quomodo
1667 5017 1789 5057 eum
1830 5003 2027 5059 reddas

440 5095 724 5151 florentem
746 5102 801 5150 et
829 5108 1035 5163 magnae
1055 5094 1466 5149 existimationis
1494 5095 1545 5149 in
1566 5094 1825 5150 doctrinis
1844 5104 2027 5150 exter-

445 5189 526 5244 nis
546 5227 562 5254 ,
591 5196 646 5242 et
671 5186 864 5243 reddas
895 5186 1061 5256 gloria
1087 5186 1384 5256 insignem;
1413 5185 1505 5241 sed
1533 5201 1660 5241 cura
1693 5196 1752 5241 ut
1777 5202 1899 5242 eum
1929 5186 2027 5242 do-

441 5293 564 5334 ceas
583 5279 863 5347 despicere
890 5277 1046 5346 hujus
1073 5277 1197 5331 vita:
1224 5277 1449 5347 gloriam
1484 5292 1499 5332 :
1529 5277 1653 5333 inde
1678 5276 1769 5332 ﬁet
1788 5277 2027 5347 splendi-

446 5371 567 5427 dior
593 5378 650 5424 ιιι
676 5369 849 5441 gloria
876 5370 1153 5425 illustrior.
1184 5370 1307 5425 [late
1328 5381 1383 5425 et
1413 5373 1630 5442 pauperi
1657 5381 1711 5427 et
1733 5372 1880 5426 diviti
1905 5371 2029 5425 licet

444 5462 623 5517 facere
649 5480 661 5516 :
692 5461 804 5517 hazc
840 5477 946 5517 non
973 5475 1001 5516 a
1033 5462 1252 5518 doctore
1277 5463 1434 5519 discit
1459 5464 1652 5533 aliquis
1679 5504 1693 5529 ,
1727 5477 1902 5531 neque
1930 5478 2027 5532 per

444 5563 636 5619 artem,
666 5552 761 5609 sed
789 5569 884 5624 per
903 5553 1081 5610 divina
1103 5555 1332 5626 eloquia.
1358 5554 1475 5611 Non
1499 5570 1710 5625 quaeras
1733 5564 1790 5608 ut
1818 5554 2029 5625 longam

434 5645 533 5701 hic
554 5645 695 5701 vivat
715 5647 895 5712 vitam,
919 5647 1013 5702 sed
1031 5657 1088 5702 ut
1110 5648 1216 5702 illic
1238 5647 1500 5702 infinitam
1522 5656 1576 5701 et
1600 5661 1720 5715 qua:
1737 5660 2027 5716 numquam

442 5740 673 5795 desinat.
706 5741 889 5811 Magna
936 5742 1011 5796 illi
1057 5742 1377 5812 largirc,non
1408 5754 1568 5811 parva
1597 5759 1610 5795 :
1642 5739 1767 5795 audi
1799 5738 2025 5793 Paulum

437 5834 709 5890 dicentem
733 5875 749 5902 ,
784 5833 1009 5890 Educale
1036 5851 1119 5891 eos
1161 5835 1213 5889 in
1263 5833 1534 5905 disciplina
1582 5840 1628 5887 et
1675 5830 2029 5886 admonitione

1160 390 1214 447 S.
1255 389 1528 445 JOANNIS
1564 385 2035 444 CllRYSOSTOMI
2075 385 2389 441 ARCHIEP.
2429 388 2958 449 CONSTANTINOP.

3640 402 3743 457 ιει

2160 499 2384 555 Domini.
2416 502 2492 556 Ne
2528 505 2761 561 studium
2790 522 2955 576 ponas
3003 516 3056 562 ut
3085 525 3204 565 eum
3235 511 3395 567 facias
3425 525 3693 571 oratorem
3720 560 3736 585 ,

2152 589 2245 644 sed
2272 591 2420 646 crudi
2449 602 2507 648 ut
2530 596 2599 649 sit
2624 595 2995 667 philosophus.
3020 599 3150 654 Nam
3173 602 3216 656 si
3245 602 3372 657 illud
3393 606 3605 674 quidem
3629 624 3738 664 non

2150 680 2257 748 sit,
2291 682 2422 739 nihil
2465 695 2547 741 est
2594 686 2773 742 danmi
2802 704 2817 753 ;
2848 690 2890 743 si
2947 689 3048 745 hoc
3073 702 3250 748 autem
3289 696 3469 761 absit,
3526 701 3734 757 nullum

2149 772 2251 826 erit
2300 774 2507 830 lucrum
2549 777 2835 834 rhetoricze
2864 784 3207 851 quantumvis
3236 787 3437 841 multae.
3468 786 3616 858 Opus
3651 800 3729 847 est

2150 863 2406 930 moribus,
2432 882 2534 919 non
2565 866 2773 924 dicendi
2804 871 3052 929 facultate
3083 890 3097 940 ;
3130 876 3252 930 vine
3281 877 3543 933 modestia
3575 920 3591 944 ,
3623 896 3727 936 non

2150 955 2403 1009 orationis
2447 957 2783 1015 vehementia
2813 978 2828 1027 ;
2860 962 3013 1018 factis
3037 1006 3052 1031 ,
3086 980 3193 1020 non
3224 968 3423 1023 verbis.
3469 969 3595 1026 llaec
3635 988 3725 1028 rc-

2143 1059 2304 1113 gnum
2348 1049 2637 1104 conciliant
2665 1092 2680 1117 ,
2715 1051 2830 1107 haec
2858 1053 3061 1109 donant
3090 1057 3250 1115 etiam
3280 1072 3399 1127 qum
3430 1071 3554 1115 sunt
3596 1077 3726 1118 vene

2145 1134 2301 1188 bona.
2330 1136 2408 1191 Ne
2433 1137 2671 1209 linguam
2696 1155 2880 1210 acuas,
2909 1144 3004 1199 sed
3026 1160 3292 1216 expurges
3316 1150 3572 1205 animam.
3602 1151 3720 1208 Non

2145 1223 2257 1279 haec
2295 1226 2416 1282 dico
2448 1229 2736 1297 prohibens
2762 1234 3000 1302 erudire,
3023 1238 3118 1291 sed
3146 1238 3435 1307 prohibens
3460 1242 3566 1296 illis
3591 1245 3721 1301 solis

2141 1314 2396 1373 adhibere
2423 1321 2680 1376 animum.
2711 1323 2787 1378 Ne
2816 1325 3091 1382 existimes
3121 1328 3262 1398 quod
3284 1331 3413 1386 solis
3443 1335 3720 1390 monachis

2140 1419 2274 1474 opus
2295 1408 2365 1463 sit
2389 1409 2474 1465 his
2493 1411 2848 1480 documentis,
2862 1430 2980 1485 qua:
2999 1428 3281 1474 sumuntur
3292 1436 3365 1475 ex
3388 1421 3676 1491 Scripturis
3699 1442 3717 1488 :

2138 1502 2368 1557 maxime
2396 1505 2537 1559 enim
2571 1504 2653 1560 his
2677 1523 2809 1578 opus
2825 1519 2912 1564 est
2941 1510 3006 1565 iis
3026 1513 3224 1581 pueris,
3258 1516 3347 1584 qni
3367 1520 3571 1571 venturi
3594 1530 3717 1574 sunt

2137 1592 2202 1646 ad
2231 1592 2370 1650 hanc
2397 1597 2580 1652 mundi
2610 1600 2793 1654 vitam.
2837 1600 2908 1657 Ut
2933 1603 3077 1657 enim
3109 1606 3257 1660 navis
3284 1608 3636 1665 instructione
3662 1622 3716 1666 et

2134 1685 2490 1753 gubernatore
2517 1698 2573 1744 et
2602 1700 2881 1747 nautarum
2919 1695 3067 1764 justo
3095 1704 3150 1751 et
3176 1699 3446 1769 completo
3490 1717 3716 1759 numero

2135 1791 2239 1831 non
2268 1779 2463 1849 indiget
2493 1781 2539 1835 is
2564 1784 2652 1851 qui
2682 1795 2939 1854 perpetuo
2964 1797 3070 1841 stat
3097 1788 3151 1843 in
3179 1798 3333 1859 portu
3360 1832 3373 1856 ,
3423 1794 3516 1848 sed
3547 1795 3592 1849 is
3621 1797 3711 1865 qui

2132 1881 2345 1938 semper
2374 1880 2617 1928 versatur
2642 1875 2695 1929 in
2724 1878 2859 1932 mari
2903 1894 2918 1931 :
2962 1878 3033 1933 ita
3065 1881 3224 1935 etiam
3268 1883 3569 1939 mundanus
3614 1902 3709 1942 seu

2131 1962 2405 2017 saecularis
2450 1974 2505 2020 et
2548 1968 2864 2024 monachus.
2897 1968 3028 2024 Nam
3070 1971 3158 2027 hic
3198 1974 3415 2042 quidem
3442 1984 3523 2030 est
3548 1979 3708 2032 veluti

2131 2052 2183 2107 in
2234 2066 2387 2123 portu
2430 2071 2594 2127 agens
2640 2058 2805 2114 vitam
2857 2060 3016 2116 nullis
3055 2064 3307 2133 agitatam
3336 2065 3582 2122 fluctibus
3610 2110 3625 2133 ,
3649 2079 3713 2124 et

2129 2145 2311 2213 procul
2339 2160 2367 2199 a
2398 2149 2622 2217 negotiis
2651 2190 2665 2213 ,
2699 2159 2754 2204 et
2782 2150 2850 2204 ab
2880 2153 3025 2206 omni
3060 2154 3294 2222 procella
3326 2156 3588 2211 liberant:
3623 2159 3710 2212 ille

2136 2242 2313 2290 autem
2341 2247 2600 2307 perpetuo
2627 2241 2736 2309 agit
2761 2242 2811 2295 in
2847 2243 3033 2313 pelago
3063 2255 3117 2299 et
3145 2245 3196 2297 in
3226 2247 3408 2302 medio
3431 2250 3561 2303 mari
3590 2266 3708 2304 ver-

2126 2338 2275 2384 satur
2300 2345 2315 2396 ;
2346 2346 2466 2386 cum
2497 2333 2677 2389 multis
2716 2335 2891 2405 iisque
2937 2338 3242 2409 iungentibus
3263 2356 3504 2411 pugnans
3532 2343 3704 2399 ﬂucti-

2128 2418 2243 2480 bus.
2273 2428 2328 2477 et
2355 2421 2398 2476 si
2431 2422 2544 2492 ipse
2575 2439 2681 2479 non
2710 2439 2845 2496 opus
2875 2427 3038 2483 habet
3065 2469 3078 2495 ,
3111 2441 3354 2499 paratum
3386 2441 3561 2489 tamen
3586 2448 3711 2492 esse

2125 2519 2336 2579 Oportet
2359 2520 2416 2566 ut
2435 2513 2660 2569 aliorum
2695 2516 2911 2586 linguas
2932 2518 3197 2574 obstruat.

2195 2603 2249 2658 ὅ.
2281 2604 2427 2659 Aula:
2450 2607 2602 2676 regite
2623 2609 3198 2676 vitia.-—Quamobrem
3220 2629 3325 2681 quo
3346 2613 3503 2669 fuerit
3528 2613 3579 2669 in
3608 2614 3711 2671 hac

2124 2695 2228 2749 vita
2252 2697 2465 2766 majoris
2486 2699 2893 2756 existimationis
2917 2744 2931 2769 ,
2961 2718 3026 2758 eo
3057 2705 3225 2774 magis
3248 2706 3299 2760 ei
3330 2720 3464 2775 opus
3490 2718 3573 2762 est
3607 2707 3709 2763 hac

2123 2784 2575 2843 cruditione.Nam
2595 2791 2691 2843 etsi
2716 2791 2887 2845 alatur
2904 2792 2955 2848 in
2974 2794 3091 2847 aula
3110 2796 3272 2864 regia,
3296 2797 3444 2850 multi
3462 2806 3583 2853 sunt
3602 2798 3708 2853 illic

2122 2885 2176 2929 et
2192 2876 2360 2932 (ἔιωοί
2375 2890 2425 2933 ct
2445 2879 2768 2951 piiilOSOphi,
2783 2883 2916 2937 etnb
2931 2892 3245 2954 prtesentem
3257 2886 3478 2956 gloriam
3496 2888 3702 2955 tumidi,

2124 2978 2393 3038 tamquam
2418 2972 2467 3025 in
2497 2972 2614 3026 loco
2635 2973 2722 3042 qui
2744 2974 2813 3027 sit
2829 2975 3065 3043 repletus
3082 2975 3406 3047 hydropicis.
3426 2977 3553 3032 Tale
3579 2978 3703 3048 quid

2123 3070 2205 3116 cst
2220 3062 2338 3115 aula
2358 3062 2499 3132 regia
2524 3080 2539 3116 :
2563 3078 2752 3119 omnes
2772 3076 2897 3120 sunt
2914 3066 3078 3120 inﬂati
3096 3075 3152 3122 et
3178 3068 3359 3124 tumidi
3380 3084 3395 3133 ;
3418 3069 3507 3138 qui
3528 3081 3704 3124 autem

2124 3169 2229 3207 non
2260 3162 2404 3221 sunt,
2432 3155 2663 3209 studium
2693 3165 2897 3225 ponunt
2922 3166 2978 3212 ut
3008 3158 3155 3212 fiant.
3178 3156 3360 3228 Cogita
3387 3174 3514 3230 ergo
3540 3175 3707 3229 quau-

2124 3253 2234 3299 tum
2253 3245 2342 3310 sit,
2358 3245 2527 3300 lilium
2555 3255 2702 3301 tuum
2735 3246 2859 3302 illuc
2880 3246 3198 3318 ingressum,
3219 3247 3422 3319 ingredi
3439 3260 3703 3319 tamquam

2122 3338 2379 3406 optimum
2410 3347 2463 3391 et
2493 3338 2996 3407 praestantissimum
3041 3339 3329 3406 medicum,
3358 3354 3479 3395 cum
3512 3340 3707 3397 instru-

2121 3430 2315 3484 mentis
2338 3444 2458 3499 quae
2487 3430 2691 3499 possint
2713 3428 3129 3501 uniuscujusque
3157 3438 3419 3485 tumorem
3471 3431 3707 3502 compri-

2122 3535 2270 3576 mere
2291 3561 2305 3584 ,
2334 3530 2390 3576 et
2417 3521 2483 3575 ad
2511 3535 2948 3591 unumquemque
2973 3521 3232 3576 accedere
3257 3529 3310 3576 et
3339 3521 3624 3587 disserere,
3653 3529 3708 3580 et

2121 3626 2315 3681 corpus
2336 3611 2475 3680 quod
2505 3611 2709 3669 laborat
2732 3626 2920 3666 sanum
2951 3610 3127 3667 facere
3145 3652 3161 3680 ,
3190 3611 3578 3667 medicamenta
3606 3611 3706 3666 im-

2122 3712 2407 3771 ponentem
2437 3717 2501 3757 ex
2533 3702 2922 3772 Scripturis,,et
2948 3703 3296 3774 philosophice
3341 3702 3703 3758 infundentetu

2123 3792 2307 3847 verba.
2337 3792 2626 3848 Monachus
2652 3794 2793 3850 enim
2824 3808 2945 3848 cmn
2976 3808 3080 3863 quo
3111 3794 3378 3849 disseret?
3402 3809 3521 3848 cum
3553 3808 3708 3848 muro

2122 3893 2178 3939 et
2201 3892 2339 3939 tecto
2360 3884 2382 3938 Ἰ
2407 3899 2473 3938 an
2495 3898 2616 3940 cum
2647 3885 2874 3941 desertis
2898 3895 2951 3939 et
2979 3885 3321 3942 nemoribus?
3343 3901 3411 3939 au
3440 3900 3561 3941 cum
3592 3886 3708 3940 avi-

2124 3975 2224 4032 bus
2251 3987 2306 4033 et
2330 3977 2648 4033 arboribus?
2678 3978 2949 4048 Ejusmodi
2977 3993 3107 4049 ergo
3131 3979 3374 4033 doctrina
3397 3994 3502 4034 non
3526 3986 3608 4034 est
3627 3979 3701 4039 illi

2124 4070 2408 4125 admodum
2454 4072 2793 4137 necessaria;
2840 4080 3067 4126 conatur
3098 4080 3275 4125 tamen
3317 4071 3419 4126 hac
3455 4070 3510 4129 in
3552 4086 3612 4127 re
3641 4085 3700 4127 se

2125 4171 2270 4218 recte
2297 4177 2505 4232 gerere,
2538 4178 2644 4218 non
2674 4175 2732 4218 ut
2757 4163 2892 4217 alios
2922 4170 3126 4217 tantum
3153 4162 3384 4229 erudiat,
3414 4161 3511 4217 sed
3540 4170 3597 4217 ut
3624 4177 3710 4217 ses-

2125 4256 2319 4325 ipsutu.
2346 4254 2457 4309 Hac
2480 4269 2608 4325 ergo
2632 4253 2876 4309 doctrina
2902 4256 3132 4310 maxime
3160 4267 3295 4324 opus
3324 4263 3407 4308 est
3431 4252 3515 4319 iis,
3539 4253 3628 4323 qui
3656 4252 3711 4311 in

2129 4345 2227 4413 hac
2256 4346 2361 4400 vita
2383 4354 2665 4400 versantur
2698 4362 2713 4400 :
2741 4345 2843 4400 iste
2871 4345 3015 4400 enim
3047 4344 3303 4415 peccandi
3331 4345 3591 4412 majorem
3622 4343 3716 4399 ha-

2126 4437 2217 4494 bet
2250 4437 2625 4492 necessitatem
2652 4450 2809 4507 quam
2838 4436 2946 4492 ille.
2975 4436 3031 4491 Si
3053 4435 3135 4491 vis
3156 4444 3334 4491 autem
3365 4448 3709 4504 cegnoscere,

2127 4529 2284 4583 etiam
2313 4528 2368 4582 in
2395 4527 2595 4583 mundo
2616 4528 2733 4598 ipso
2758 4528 2861 4583 erit
2887 4529 3084 4598 aptior.
3109 4526 3310 4582 Omnes
3331 4527 3474 4582 enim
3499 4540 3567 4584 ex
3593 4540 3714 4579 ver-

2129 4622 2210 4677 bis
2235 4621 2339 4676 illis
2365 4636 2489 4677 eum
2517 4621 2925 4687 reverebantur,
2953 4618 3170 4690 quando
3194 4618 3430 4679 viderint
3457 4619 3628 4690 ipsum
3655 4616 3709 4673 in

2127 4712 2249 4783 igne
2271 4727 2378 4768 non
2398 4715 2508 4778 uri,
2531 4728 2706 4783 neque
2735 4714 3087 4783 principatum
3132 4709 3515 4780 concupiscere
3546 4723 3559 4760 :
3588 4714 3714 4765 tunc

2128 4817 2288 4862 etiam
2332 4806 2478 4860 illum
2531 4814 2912 4877 consequetur,
2940 4803 3155 4875 quando
3180 4818 3289 4859 non
3314 4800 3643 4872 concupierit
3664 4808 3720 4855 et

2128 4897 2240 4968 regi
2274 4897 2376 4952 erit
2410 4898 2577 4967 magis
2605 4896 2950 4952 reverendus.
2993 4895 3111 4951 Non
3136 4904 3320 4965 potest
3346 4893 3490 4950 enim
3520 4892 3634 4949 fieri
3666 4900 3724 4954 ut

2130 4993 2182 5049 is
2206 4994 2381 5047 lateat.
2410 4991 2544 5046 Nam
2570 4994 2704 5047 inter
2720 4989 2920 5045 multos
2948 5001 3110 5043 sanos
3132 4986 3318 5041 latebit
3342 4987 3387 5040 is
3412 4985 3501 5054 qui
3527 4995 3608 5040 est
3633 4998 3721 5037 sa-

2131 5099 2254 5149 nus,
2282 5084 2422 5137 inter
2453 5081 2645 5142 multos
2670 5091 2847 5136 autem
2887 5088 3117 5150 aegrotos
3155 5077 3370 5148 quando
3403 5075 3564 5130 luerit
3588 5087 3727 5133 unus

2131 5192 2317 5242 sanus,
2345 5176 2452 5229 cito
2503 5175 2663 5229 etiam
2709 5173 2850 5227 fama
2898 5171 3172 5241 perveniet
3196 5169 3264 5224 ad
3295 5183 3459 5223 aures
3478 5167 3636 5237 regis,
3667 5175 3724 5231 et

2135 5269 2391 5342 praeﬁciet
2433 5281 2554 5321 eum
2601 5265 2785 5320 multis
2831 5263 3099 5333 gentibus.
3128 5261 3257 5316 Hmc
3301 5273 3430 5329 ergo
3472 5257 3727 5320 scientes,

2133 5364 2358 5418 educate
2384 5361 2521 5415 filios
2548 5363 2601 5414 in
2626 5357 2909 5428 disciplina
2933 5365 2989 5411 et
3008 5352 3373 5410 admonitione
3401 5348 3634 5406 Domini.
3666 5350 3733 5400 At

2133 5465 2215 5511 est
2239 5453 2503 5525 quispiam
2536 5450 2777 5523 pauper?
2804 5448 2883 5506 Sit
2928 5450 3119 5504 iterum
3171 5460 3409 5516 pauper;
3438 5442 3531 5499 scd
3567 5441 3732 5501 nihilo

2135 5558 2219 5605 est
2248 5548 2403 5602 vilior
2430 5557 2481 5601 ct
2508 5545 2768 5615 abjectior
2796 5558 2862 5598 eo
2890 5542 2983 5612 qui
3009 5549 3251 5597 versatur
3286 5539 3345 5595 in
3385 5538 3526 5607 regia
3545 5575 3559 5600 ,
3599 5548 3720 5589 cum

2138 5658 2242 5697 non
2264 5641 2332 5697 sit
2352 5640 2405 5694 in
2428 5639 2602 5709 regia;
2627 5636 2722 5694 sed
2752 5635 3032 5691 habebitur
3052 5632 3106 5688 in
3128 5629 3506 5692 admiratione,
3531 5634 3587 5681 et
3615 5624 3721 5679 cito

2133 5734 2312 5790 veniet
2353 5733 2514 5788 etiam
2550 5730 2621 5790 ad
2663 5729 3058 5800 principatum,
3087 5726 3179 5797 qui
3227 5733 3313 5780 est
3359 5719 3694 5781 voluntarius
3718 5757 3735 5781 ,

2141 5845 2247 5886 non
2273 5836 2456 5885 autem
2487 5826 2577 5900 qui
2612 5824 2770 5883 datur
2797 5821 3079 5880 electione.
3112 5819 3168 5879 Si
3196 5819 3344 5876 enim
3369 5814 3543 5875 Graeci
3568 5856 3586 5886 ,
3615 5826 3739 5873 cum
