4092 6494
482 293 576 350 151

479 406 707 470 παιδία;
757 407 856 461 Διά
908 425 990 460 τοι
1024 407 1178 461 τοῦτο
1225 410 1430 481 πρῶτοι
1483 412 1590 466 τῶν
1637 413 1867 484 καρπῶν
1907 415 2069 486 ήμεῖς

478 493 859 564 ἀπολαύομεν,
891 494 1139 564 θρασεῖς,
1171 495 1530 561 ἀκολάστους,
1563 499 1837 563 ἀπειθεῖς,
1877 500 2078 570 βαναύ-

480 599 612 644 σους
638 582 999 652 ἐκτρέφοντες
1023 583 1149 646 τοὺς
1179 585 1393 648 παῖδας.
1414 585 1506 656 Μή
1525 587 1708 640 τοίνυν
1731 586 1892 640 τοῦτο
1914 589 2080 641 ποιῶ-

482 685 608 740 μεν,
637 668 776 723 ἀλλά
807 668 1126 741 πειθώμεθα
1152 671 1230 741 τῷ
1257 673 1514 744 μακαρίῳ
1545 673 1723 743 τούτῳ
1745 673 2078 746 παραινοῦν-

477 774 533 810 τι
550 773 564 787 υ
602 757 968 828 ,ἐκτρέφωμεν
1000 757 1142 811 αὐτὰ
1168 759 1226 812 ἐν
1240 761 1460 832 παιδείᾳ
1473 762 1566 814 καὶ
1585 762 1837 833 νουθεσίᾳ
1848 762 2077 832 Κυρίου·

479 845 665 915 δῶμεν
695 846 880 909 αὐτοῖς
911 845 1240 916 ὑπόδειγμα,
1273 849 1338 900 ἐκ
1377 848 1605 918 πρώτης
1629 849 1850 922 ἡλικίας
1878 853 1945 920 τῇ
1971 850 2079 903 τῶν

483 931 719 1004 Γραφῶν
773 932 1080 1002 ἀναγνώσει
1132 933 1412 999 ποιοῦντες
1462 936 1659 1000 αὐτοὺς
1713 937 2076 1008 ἐνσχολάζειν.

487 1022 684 1091 Οῖμοιῐ
713 1020 796 1074 ὅτι
825 1021 1064 1090 συνεχῶς
1094 1021 1270 1077 ταῦτα
1307 1023 1505 1092 λέγων,
1539 1024 1728 1096 ληρεῖν
1763 1023 2078 1096 νομίζομαι·

492 1107 628 1178 πλὴν
660 1107 775 1160 ἀλλ’
803 1108 957 1179 ὅμως
990 1108 1052 1160 οὐ
1081 1108 1364 1180 παύσομαι
1396 1111 1458 1164 τὸ
1489 1111 1732 1182 ἐμαυτοῦ
1768 1112 1956 1178 ποιῶν.
1989 1111 2082 1164 Τί-

488 1214 576 1258 νος
614 1195 822 1258 ἐνεκεν,
871 1195 995 1248 εἰπέ
1028 1213 1140 1265 μοι,
1188 1185 1270 1263 οὐ
1303 1198 1560 1269 μιμεῖσθε
1604 1201 1732 1267 τούς
1776 1199 2077 1265 παλαιούς;

489 1283 743 1338 Μάλιστα
774 1284 935 1353 ὑμεῖς
963 1285 1018 1337 αῖ
1063 1285 1342 1352 γυναῖκες,
1376 1285 1474 1351 τὰς
1515 1287 1839 1357 θαυμαστὰς
1869 1288 2080 1352 ἐκείνας

489 1375 759 1440 γυναῖκας
794 1370 1099 1440 ζηλώσατε.
1141 1372 1368 1443 Ἐτέχθη
1410 1374 1472 1426 τὸ
1523 1374 1772 1439 παιδίον;
1827 1375 2081 1445 Μίμησαι

489 1459 589 1530 τὴν
611 1460 832 1520 Ἀνναν·
861 1457 1145 1530 κατάμαθε
1166 1459 1220 1513 τί
1244 1460 1547 1531 πεποίηκεν
1575 1461 1778 1532 ἐκείνη·
1806 1462 2082 1532 ἀνήγαγεν

489 1546 656 1600 αὐτὸν
692 1545 894 1609 εὐθέως
927 1549 1006 1609 εἰς
1035 1549 1125 1611 τὸν
1157 1546 1303 1600 ναόν.
1337 1547 1433 1611 Τίς
1470 1547 1626 1618 ὐμῶν
1661 1549 1761 1602 οὐκ
1793 1549 1860 1602 ἂν
1891 1547 2083 1619 ἐθελή-

491 1651 606 1692 σειε
635 1633 890 1704 Σαμουὴλ
923 1633 1014 1686 τὸν
1047 1634 1159 1689 υἱὸν
1185 1634 1276 1687 τὸν
1303 1634 1501 1688 ἐαυτοῦ
1546 1635 1696 1701 ἅπαξ
1734 1635 2011 1706 γενέσθαι,
2047 1637 2081 1706 ἢ

497 1722 756 1792 μυριάκις
790 1721 1017 1791 βασιλέα
1040 1721 1140 1792 τῆς
1168 1722 1494 1795 οἰκουμένης
1537 1723 1792 1794 ἀπάσης;
1818 1724 1932 1777 Καὶ
1967 1723 2084 1786 πῶς

491 1811 740 1871 δυνατὸν,
771 1809 928 1879 φησὶ,
967 1809 1222 1877 γενέσθαι
1251 1810 1525 1876 τοιοῦτον;
1578 1811 1679 1864 Διὰ
1708 1811 1762 1864 τί
1811 1812 1888 1881 μὴ
1925 1811 2085 1865 δυνα-

492 1896 586 1949 τόν
611 1913 628 1962 ;
659 1896 784 1949 Ὅτι
814 1896 875 1949 οὐ
903 1896 1111 1961 θέλεις,
1143 1897 1264 1950 οὐδὲ
1294 1899 1601 1968 παραδίδως
1626 1901 1740 1962 τοῖς
1766 1899 2085 1970 δυναμένοις

489 1983 662 2040 αὐτὸν
701 1985 920 2054 ποιῆσαι
961 1984 1222 2040 τοιοῦτον.
1270 1986 1382 2040 Καὶ
1411 1986 1494 2049 τίς
1525 1985 1767 2050 τοιοῦτός
1809 1987 1946 2052 ἐστι,
1979 2004 2086 2058 φη-

504 2073 615 2137 σίν;
661 2072 717 2125 Ὀ
743 2071 892 2134 Θεός·
929 2073 1054 2125 ἐπεὶ
1078 2073 1310 2143 κάκείνη
1342 2072 1492 2144 αὐτῷ
1528 2073 1694 2127 αὐτὸν
1736 2074 2084 2148 ἐνεχείρισεν.

495 2160 632 2216 Οὐδέ
661 2159 768 2232 γὰρ
800 2162 828 2213 6
868 2161 1018 2214 Ἡλεί¹
1039 2161 1147 2215 τῶν
1176 2161 1381 2233 σφόδρα
1409 2161 1725 2234 δυναμένων
1753 2149 1917 2214 αὐτὸν
1949 2161 2087 2216 πλά-

497 2244 603 2300 om’
631 2244 716 2318 ἦν·
755 2247 876 2312 πῶς
919 2249 1049 2320 γὰρ,
1085 2250 1114 2302 6
1149 2250 1286 2320 μηδέ
1315 2250 1441 2312 τοὺς
1491 2250 1639 2313 υἱοὺς
1680 2248 1928 2333 δυνηθεὶς
1959 2249 2088 2312 τοὺς

495 2334 727 2400 ἑαυτοῦ,
759 2336 876 2388 ἀλλ’
909 2337 942 2407 ή
979 2336 1162 2399 πίστις
1191 2337 1292 2407 τῆς
1319 2337 1579 2406 γυναικὸς
1613 2338 1706 2390 καὶ
1736 2339 1770 2410 ἡ
1809 2335 2087 2409 προθυμία

492 2424 558 2476 τὸ
589 2424 722 2477 αὐτὸ
766 2423 1088 2495 εἰργάσατο.
1132 2424 1358 2498 Πρῶτον
1410 2424 1585 2493 ἔτεκε,
1626 2425 1723 2479 καὶ
1755 2416 1958 2495 μόνον,
1987 2413 2088 2491 ’καὶ

484 2510 610 2567 ,οὐδὲ
637 2511 754 2582 ᾔδει
788 2513 838 2563 εί
863 2513 959 2564 καὶ
986 2511 1209 2584 ἐτέρους
1232 2511 1468 2582 τέξεται.
1486 2512 1594 2565 Καὶ
1613 2513 1714 2566 οὐκ
1733 2508 1906 2580 εἶπεν·
1925 2514 2087 2580 Ἀνα-

496 2598 669 2668 μείνω
691 2597 996 2671 αὐξηθῆναι
1027 2599 1090 2660 τὸ
1124 2598 1358 2663 παιδίον,
1383 2599 1469 2652 ἵνα
1492 2601 1784 2671 πράγμασι
1818 2601 2088 2670 χρήσηται

494 2685 1172 2758 βιωτικοῖς·’συγχωρήσω
1216 2687 1380 2755 αὐτὸν
1423 2687 1620 2758 μικρὸν
1649 2688 1984 2761 ἐνδιατρίψαι
2020 2691 2084 2760 τῇ

491 2775 721 2845 παιδικῇ
753 2769 975 2848 ἡλικίᾳ”
1013 2774 1148 2828 ἀλλά
1177 2774 1356 2840 πάντα
1393 2773 1566 2830 ταῦτα
1600 2775 1634 2848 ἡ
1663 2776 1802 2845 γυνὴ
1831 2793 2088 2848 παρωσαο

494 2863 660 2934 μένη,
683 2865 803 2930 ἐνος
837 2857 1001 2934 μόνου
1032 2865 1242 2932 γέγονε,
1275 2862 1394 2927 πῶς
1423 2863 1489 2930 ἐκ
1509 2863 1810 2934 προοιμίων
1839 2865 1901 2918 τὸ
1921 2866 2090 2935 ἄγαλ-

493 2970 572 3021 μα
596 2953 655 3005 τὺ
685 2937 1056 3023 πνευματικὸν
1084 2954 1257 3024 ἀναθῇ
1284 2951 1358 3023 τῷ
1391 2951 1532 3023 Θεῷ.
1565 2953 1964 3024 Αἰσχυνθῶμεν
1985 2995 1999 3022 ,
2037 2955 2087 3006 οἱ

489 3043 708 3115 ἄνδρες,
751 3046 852 3114 τῆς
884 3044 1142 3112 γυναικὸς
1158 3042 1256 3115 τὴν
1273 3042 1612 3113 φιλοσοφίαν·
1651 3044 1954 3114 ἀνήνεγκεν
1985 3048 2088 3102 αὐ,-

488 3132 584 3184 τὺν
613 3131 692 3201 τῷ
725 3130 867 3201 Θεῷ,
903 3133 999 3185 καὶ
1030 3132 1148 3185 ἐκεῖ
1185 3130 1358 3185 εἴασε.
1409 3131 1509 3184 Διὰ
1545 3131 1704 3186 τοῦτο
1733 3135 1826 3186 καὶ
1855 3136 1883 3186 6
1910 3134 2090 3205 γάμος

488 3219 709 3288 ἐγένετο
751 3218 1157 3290 λαμπρότερος,
1194 3219 1383 3291 ἐπειδὴ
1429 3218 1697 3290 πρότερον
1727 3220 1796 3280 τὰ
1838 3239 2089 3294 πνευμα-

489 3307 620 3361 τικά
647 3307 938 3379 ἐζήτησεν,
983 3306 1172 3378 ἐπειδὴ
1223 3307 1322 3377 τὴν
1377 3309 1634 3379 ἀπαρχὴν
1687 3308 1944 3380 ἀνέθηκε·
2001 3311 2091 3365 διὰ

485 3392 648 3445 τοῦτο
682 3391 914 3465 εὔφορος
951 3392 1122 3462 αὐτῆς
1149 3391 1374 3460 γέγονεν
1405 3394 1438 3462 ή
1473 3392 1709 3463 γαστὴρ,
1736 3394 1833 3446 καὶ
1865 3395 2090 3466 ἐτέρους

489 3475 762 3550 ἐκτήσατο
789 3470 1006 3545 παῖδας
1041 3480 1131 3534 διὰ
1165 3480 1325 3546 τοῦτο
1367 3473 1462 3534 καὶ
1498 3482 1555 3535 ἐν
1587 3470 1663 3551 τῷ
1713 3482 1906 3554 κόσμῳ
1949 3481 2088 3538 εἶδεν

487 3571 905 3642 εὐδοκιμοῦντα.
946 3572 1006 3623 EE
1050 3570 1160 3641 γάρ
1199 3570 1478 3641 ἄνθρωποι
1522 3569 1826 3642 τιμώμενοι
1880 3574 2089 3628 ἀντιτι-

493 3659 695 3729 μῶσιν,
730 3660 790 3712 οὐ
825 3658 1004 3729 πολλῷ
1058 3657 1260 3728 μᾶλλον
1305 3660 1333 3711 6
1383 3658 1537 3722 Θεὸς,
1581 3659 1610 3711 6
1655 3659 1749 3712 καὶ
1786 3662 1956 3732 χωρὶς
1993 3664 2087 3716 τοῦ

486 3733 789 3819 τιμηθῆναι
818 3748 976 3800 τοῦτο
1002 3747 1203 3820 ποιῶν;
1244 3746 1421 3818 Μέχρι
1452 3747 1599 3810 τίνος
1628 3748 1800 3818 ἐσμὲν
1844 3750 2046 3823 σάρκες
2073 3770 2086 3818 ;

488 3831 657 3902 μέχρι
685 3829 828 3890 τίνος
861 3828 954 3890 ἐπὶ
982 3827 1084 3898 γῆς
1130 3825 1446 3895 κύπτομεν;
1482 3825 1670 3879 Πάντα
1700 3828 1829 3898 ἡμῖν
1858 3827 2091 3902 δεύτερα

485 3899 631 3965 ἔστω
659 3913 760 3981 τῆς
801 3910 1057 3983 προνοίας
1083 3910 1194 3962 τῶν
1229 3908 1459 3973 παίδων,
1495 3911 1591 3962 καὶ
1641 3910 1736 3963 τοῦ
1778 3913 1836 3964 ἐν
1869 3899 2090 3986 παιδείᾳ

488 3997 587 4062 καὶ
641 3996 892 4066 νουθεσία
943 3994 1151 4063 Κυρίου
1202 3992 1343 4046 αὐτά
1379 3991 1764 4063 ἐκτρέφεσθαι.
1795 3991 1893 4047 Ἂν
1941 3997 2090 4070 μάθῃ

488 4079 784 4154 φιλόσοφος
821 4074 964 4133 εἶναι
999 4080 1063 4132 ἐκ
1117 4077 1464 4150 προοιμίων,
1526 4077 1762 4133 πλοῦτον
1819 4074 2092 4154 ἐκτήσατο

487 4151 697 4236 παντὸς
743 4167 976 4220 πλούτου
1031 4166 1288 4237 μείζονα,
1336 4166 1432 4220 καὶ⁸
1483 4163 1643 4230 δόξαν
1685 4167 2088 4241 δυνατωτέραν.

489 4256 660 4308 Οὐδὲν
707 4255 960 4308 τοσοῦτον
991 4255 1201 4326 ἐργάσῃ
1245 4253 1444 4325 τέχνην
1475 4253 1746 4322 διδάσκων
1791 4257 1955 4329 αὐτὸν
1995 4259 2093 4312 καὶ

488 4342 744 4397 παιδείαν
777 4343 876 4412 τὴν
911 4341 1130 4407 ἔξωθεν,
1160 4341 1231 4394 δι’
1254 4336 1322 4414 ἧς
1357 4343 1618 4414 χρήματα
1650 4343 1938 4416 κτήσεται,
1967 4346 2091 4398 ὅσον

488 4433 589 4486 ἐὰν
621 4432 838 4504 διδάξῃς
873 4432 1038 4484 αὐτὸν
1070 4431 1299 4504 τέχνην,
1349 4432 1416 4484 δι’
1455 4426 1524 4503 ἦς
1573 4432 1874 4504 χρημάτων
1919 4453 2092 4488 κατα-

489 4522 778 4591 φρονήσει.
833 4520 896 4572 Εί
941 4519 1120 4589 βούλει
1168 4521 1392 4591 ποιῆσαι
1433 4520 1598 4588 αὐτὸν
1641 4521 1919 4585 πλούσιον,
1947 4523 2092 4583 οὕτω

486 4608 742 4679 ποίησον.
779 4607 1041 4670 Πλούσιός
1070 4607 1179 4678 γὰρ
1207 4607 1307 4678 οὐχ
1339 4609 1368 4673 6
1398 4606 1612 4672 πολλῶν
1643 4609 1943 4679 χρημάτων
1971 4611 2088 4664 δεό-

489 4713 677 4766 μενος,
715 4695 811 4748 καὶ
843 4694 1017 4748 πολλὰ
1049 4693 1201 4766 [161]
1250 4694 1735 4766 περιϐεϐλημένος,
1780 4696 1899 4750 ἀλλ’
1926 4699 1954 4751 6
1983 4716 2092 4769 μη-

484 4783 643 4845 δενὸς
673 4782 862 4854 χρείαν
891 4782 1052 4852 ἔχων.
1097 4783 1271 4834 Τοῦτο
1305 4782 1598 4840 παίδευσον
1632 4783 1724 4835 τὸν
1756 4785 1890 4850 υἱὸν,
1931 4784 2091 4840 τοῦτο

484 4871 724 4937 δίδαξον·
761 4865 914 4933 οὗτος
949 4870 1206 4939 μέγιστος
1234 4869 1486 4933 πλοῦτος.
1529 4870 1620 4940 Μὴ
1659 4870 1812 4942 ζήτει
1842 4873 1960 4937 πῶς
1999 4876 2091 4928 εὐ-

485 4959 716 5029 δόκιμον
741 4960 953 5030 ἐργάσῃ
986 4959 1042 5010 ἐν
1070 4957 1363 5028 διδάγμασι
1409 4961 1523 5022 τοῖς
1556 4958 1781 5027 ἔξωθεν,
1826 4962 1921 5015 καὶ
1967 4963 2088 5016 ἐπί-

483 5047 646 5111 δοξον
670 5047 942 5117 ποιήσεις,
985 5045 1124 5098 άλλά
1171 5046 1458 5118 φρόντισον
1510 5046 1628 5110 πῶς
1655 5048 1818 5101 αὑτὸν
1855 5050 2091 5115 διδάξεις

484 5140 858 5207 καταφρονεῖν
886 5137 986 5206 τῆς
1008 5135 1167 5204 δόξης
1198 5136 1298 5207 τῆς
1329 5137 1386 5189 ἐν
1415 5134 1489 5206 τῷ
1519 5135 1619 5207 βίῳ
1653 5139 1848 5208 τούτῳ·
1880 5132 2091 5214 ἐκεῖθεν

482 5225 878 5296 λαμπρότερος
913 5225 1009 5278 καὶ
1039 5223 1379 5296 ἐνδοξότερος
1412 5225 1624 5293 γένοιτο
1662 5227 1748 5281 ἄν.
1778 5229 1822 5280 Τ
1825 5229 1965 5282 αὐτα
1996 5231 2091 5284 καὶ

481 5312 569 5383 τῷ
601 5314 796 5384 πένητι
849 5313 944 5365 καὶ
981 5311 1060 5383 τῷ
1091 5312 1334 5381 πλουσίῳ
1386 5313 1611 5367 δυνατὸν
1651 5317 1823 5369 ποιεῖν
1850 5332 1864 5346 ο
1917 5318 2091 5373 ταῦτα

479 5401 589 5473 οὐκ
639 5404 704 5473 ἐκ
757 5400 1082 5454 διδασκάλου
1121 5399 1383 5471 μανθάνει
1422 5418 1537 5464 τις,
1593 5402 1714 5455 οὐδὲ
1755 5403 1842 5457 διά
1873 5405 2088 5476 τέχνης,

482 5484 627 5569 άλλά
656 5485 746 5538 διὰ
792 5484 1091 5569 τῶνθείων
1119 5485 1339 5552 λογίων.
1385 5486 1474 5556 Μὴ
1507 5487 1658 5569 ζήτει
1709 5487 1858 5550 ὅπως
1880 5491 2090 5564 μακρδν

483 5566 598 5623 ὦδε
631 5571 863 5642 ζήσεται
896 5568 1032 5638 βίον,
1066 5569 1182 5622 ἀλλ’
1233 5570 1382 5632 ὅπως
1411 5571 1530 5622 ἐκεῖ
1550 5566 1562 5569 ”
1586 5570 1813 5643 ἄπειρον
1845 5575 1937 5625 καὶ
1967 5574 2091 5626 άτε-

482 5653 768 5722 λεύτητον.
822 5654 904 5706 Τά
949 5653 1162 5722 μεγάλα
1189 5653 1337 5724 αὐτῷ
1383 5653 1629 5728 χαρίζου,
1665 5656 1740 5726 μὴ
1782 5655 1851 5709 τὰ
1895 5660 2085 5729 μικρά.

485 5746 696 5796 λἰὶκουε
729 5741 947 5796 Παύλου
979 5741 1250 5811 λέγοντος·
1284 5744 1636 5812 Ἔκτρέρετε
1657 5739 1809 5799 αὐτὰ
1854 5746 1925 5798 ἐν
1957 5763 2088 5800 παι-

1371 296 1439 348 ικ
1482 295 1694 352 EPIST.
1727 296 1817 351 AD
1854 297 2096 354 BPHES.
2136 299 2292 356 CAP.
2343 301 2426 358 vn.
2471 303 2708 359 nomn.
2753 305 2894 361 xxx.
2959 286 2962 289 ’

3669 306 3770 362 131

2178 415 2307 472 δεΙιι
2335 420 2431 474 καὶ
2464 423 2751 489 νουθεσίᾳ
2782 422 3025 489 Κυρίου.
3059 419 3150 490 Μὴ
3175 420 3382 490 ῥήτορα
3411 418 3570 474 αὐτὸν
3606 421 3771 478 σποῦ,-

2176 501 2307 565 δαζε
2326 503 2572 572 ποιῆσαι,
2606 505 2744 558 ἀλλὰ
2773 505 3082 574 φιλοσοφεῖν
3133 503 3381 572 παίδευε.
3401 502 3643 556 Ἔκείνου
3673 504 3773 571 μὲν

2179 587 2287 658 γάρ
2311 589 2412 640 οὐκ
2439 589 2613 655 όντος,
2661 589 2814 643 οὐδὲν
2845 589 2998 643 ἔσται
3029 587 3248 660 βλάϐος·
3298 586 3490 640 τούτου
3521 587 3578 640 δὲ
3607 587 3776 638 ἁπόνσ

2177 687 2290 733 τος,
2321 672 2472 726 οὐδὲν
2522 673 2673 741 ἔσται
2703 675 2895 744 κέρδος
2953 673 3154 746 μυρίας
3186 672 3494 743 ῥητορείας.
3544 673 3776 743 Τρόπων

2180 753 2360 824 χρεία,
2405 755 2465 821 οὐ
2501 755 2697 826 λόγων,
2743 758 2932 828 ήθους,
2985 758 3046 810 οὐ
3084 756 3409 826 δεινότητος,
3461 754 3662 825 ἔργων,
3712 755 3774 806 οὐ

2183 835 2466 906 ῥημάτων.
2500 839 2688 904 Ταῦτα
2709 839 2964 910 προξενεῖ
2990 839 3089 910 τὴν
3120 839 3418 910 βασιλείαν,
3449 837 3625 894 ταῦτα
3672 854 3774 907 Xa..-

2183 917 2393 990 ρίζεται
2425 921 2520 974 καὶ
2550 921 2621 976 τὰ
2648 924 2817 986 ὄντως
2841 923 3042 1000 ἀγαθά.
3076 925 3166 994 Μὴ
3187 923 3284 994 τὴν
3306 922 3552 990 γλῶτταν
3576 922 3776 992 ἀκονή’

2185 1017 2304 1073 σῃς,
2354 1002 2493 1056 ἀλλὰ
2547 1004 2646 1073 τὴν
2694 1003 2872 1076 ψυχὴν
2911 1005 3228 1076 ἐκκάθαιρε.
3273 1005 3349 1058 Οὐ
3382 1002 3610 1070 κωλύων
3644 1021 3775 1066 παι-

2182 1083 2359 1138 δεύειν
2396 1086 2567 1152 ταῦτα
2617 1087 2781 1157 λέγω,
2831 1088 2968 1142 ἀλλὰ
3025 1088 3250 1141 κωλύων
3313 1088 3544 1156 ἐκείνοις
3593 1087 3775 1156 μόνοις

2185 1169 2495 1239 προσέχειν.
2548 1171 2644 1244 Μὴ
2665 1171 2893 1244 νομίσῃς
2921 1172 3003 1224 ὅτι
3041 1171 3118 1241 τῷ
3150 1171 3436 1242 μονάζοντι
3471 1171 3617 1241 μόνῳ
3651 1169 3774 1236 τού-

2185 1267 2294 1304 των
2323 1251 2404 1304 δεῖ
2422 1253 2530 1306 τῶν
2562 1254 2950 1324 παιδευμάτων
2980 1254 3087 1307 τῶν
3113 1254 3221 1315 ἀπὸ
3251 1255 3359 1325 τῶν
3390 1253 3642 1328 Γραφῶν·
3673 1253 3776 1322 μά-

2185 1333 2342 1388 λιστα
2366 1334 2476 1406 γὰρ
2501 1335 2708 1390 τούτων
2734 1337 2815 1390 δεῖ
2849 1339 2960 1400 τοῖς
2999 1337 3159 1402 παισὶ
3187 1341 3299 1405 τοῖς
3333 1336 3617 1408 μέλλουσιν
3641 1348 3667 1375 ιι
3697 1337 3776 1407 είς

2184 1417 2275 1470 τὸν
2294 1413 2407 1488 βίον
2435 1420 2621 1474 τοῦτον
2649 1422 2824 1492 ἥκειν.
2850 1422 3064 1498 ᾯσπερ
3095 1421 3202 1493 γὰρ
3227 1409 3450 1490 τῆςάπὺ
3466 1419 3560 1489 τοῦ
3589 1420 3776 1488 πλοίῳ

2187 1503 2532 1572 κατασκευῆς
2584 1504 2680 1557 καὶ
2723 1504 3057 1576 κμόερνήτου
3109 1506 3202 1558 καὶ
3247 1503 3613 1574 πληρώματος
3669 1504 3777 1556 τῶν

2187 1586 2397 1638 ναυτῶν
2453 1587 2551 1658 οὐχ
2599 1581 2752 1656 οὗτος
2787 1581 2956 1642 δεῖταί
3011 1592 3038 1642 6
3075 1588 3366 1652 διαπαντὸς
3419 1589 3510 1640 ἐπὶ
3555 1587 3777 1662 λιμένος

2189 1667 2383 1733 ἐστὼς,
2415 1669 2576 1724 ἀλλ”ὁ
2606 1670 2949 1725 θαλαττεύων
2982 1673 3092 1725 ἀεί·
3123 1672 3267 1725 οὕτω
3312 1671 3406 1724 καὶ
3431 1673 3459 1724 6
3491 1669 3775 1746 κοσμικὺς,

2189 1755 2284 1808 καὶ
2322 1754 2351 1806 6
2387 1754 2653 1824 μονάζων.
2700 1755 2759 1808 '0
2811 1755 2911 1826 μὲν
2965 1758 3094 1828 γὰρ,
3152 1757 3406 1826 καθάπερ
3460 1756 3541 1818 εἰς
3577 1753 3776 1825 λιμένα

2187 1837 2334 1890 ἐστὶν
2365 1836 2700 1907 ἀκύμαντον,
2753 1838 2866 1908 βίον
2917 1837 3251 1909 ἀπράγμονα
3281 1837 3411 1905 ζῶν,
3470 1839 3564 1891 καὶ
3596 1838 3778 1906 πάσης

2188 1919 2608 1990 ἀπηλλαγμένον
2638 1921 2970 1988 καταιγίδος·
3000 1914 3154 1984 οὗτος
3203 1921 3260 1974 δὲ
3294 1921 3586 1984 διαπαντὸς
3601 1920 3781 1988 ,πελά-

2188 2003 2306 2072 γιός
2335 2004 2475 2068 ἐστι,
2526 2004 2621 2058 καὶ
2651 2004 2971 2058 θαλαττεύει
3026 2007 3086 2059 ἐν
3114 2007 3262 2076 μέσῳ
3289 2005 3517 2073 πελάγει
3557 2004 3780 2068 πολλαῖς

2187 2088 2505 2158 τρικυμίαις
2540 2091 2867 2161 μαχόμενος·
2904 2088 3006 2143 κᾶν
3063 2089 3224 2153 αὐτὸς
3265 2087 3342 2160 μὴ
3386 2088 3595 2159 δέηται,
3642 2088 3780 2142 ἀλλά

2189 2173 2708 2244 παρεσκευασμένον
2723 2167 2864 2228 εἶναι
2879 2172 2978 2238 δεῖ,
2993 2171 3133 2243 ὥστε
3158 2171 3256 2234 τάς
3285 2171 3487 2243 ἐτέρων
3500 2170 3780 2243 ἐμφράξαι

2188 2253 2453 2323 γλώττας.

2261 2437 2330 2499 γ’.
2357 2431 2521 2484 Ὥστε
2549 2432 2661 2503 ὅσῳ
2695 2431 2762 2486 ἂν
2793 2432 3079 2502 εὐδόκιμος
3114 2430 3340 2502 γένηται
3375 2430 3434 2485 ἐν
3468 2429 3546 2500 τῷ
3573 2427 3674 2500 βίῳ
3704 2428 3782 2498 τῷ

2190 2515 2440 2585 παρόντι,
2471 2514 2713 2584 τοσούτῳ
2746 2515 2896 2586 αὐτῷ
2940 2515 3026 2568 δεῖ
3052 2517 3152 2585 τῆς
3186 2511 3525 2576 παιδεύσεως
3551 2512 3778 2580 ταύτης.

2195 2600 2292 2652 Ἀν
2324 2617 2385 2652 τε
2419 2599 2527 2672 γάρ
2556 2601 2616 2652 ὲν
2647 2598 2938 2669 βασιλείοις
2971 2597 3262 2669 τρέφηται,
3317 2597 3503 2650 πολλοὶ
3529 2597 3623 2650 κα)⁸
3658 2595 3783 2648 ’Έλ-

2189 2682 2348 2753 ληνες
2380 2685 2497 2748 ἐκεῖ
2526 2682 2619 2734 καὶ
2651 2681 2929 2750 φιλόσοφοι
2961 2680 3054 2734 καὶ
3088 2683 3136 2733 οί
3158 2679 3537 2750 πεφυσημένοι
3568 2680 3663 2733 ἐπὶ
3711 2682 3779 2747 τῇ

2191 2764 2446 2837 παρούσῃ
2472 2763 2620 2836 δόξῃ,
2656 2764 2910 2834 καθάπερ
2951 2766 3116 2826 τόπος
3163 2780 3248 2826 τις
3313 2762 3579 2841 ὐδερικῶν
3606 2763 3781 2834 ἐμπετ

2192 2850 2524 2919 πλησμένος.
2559 2846 2814 2900 Τοιοῦτόν
2840 2847 2892 2898 τί
2959 2847 3074 2898 ἐστι
3131 2844 3199 2898 τὰ
3258 2844 3528 2915 βασίλεια·
3581 2845 3782 2906 πάντες

2189 2932 2297 2985 εἰσὶ
2326 2929 2700 3001 πεφυσημένοι
2735 2931 2827 2983 καὶ
2858 2928 3302 2999 φλεγμαίνοντεςο
3331 2929 3380 2981 οἱ
3418 2928 3476 2980 δέ
3507 2928 3608 2982 οὐκ
3631 2927 3784 2988 ὄντες

2191 3012 2551 3077 σπουδάζουσι
2571 3013 2731 3066 τοῦτο
2776 3011 3050 3080 γενέσθαι.
3081 3011 3365 3082 Ἐννόησον
3394 3009 3487 3066 οὖν
3509 3012 3634 3064 ὅσον
3665 3010 3784 3063 ἐστὶ

2189 3099 2280 3152 τὸν
2306 3099 2419 3150 υἱὸν
2468 3097 2561 3150 τὸν
2594 3097 2686 3149 σὺν
2734 3095 3045 3149 εἰσελθόντα
3097 3096 3234 3160 ἐκεῖ,
3288 3093 3541 3164 καθάπερ
3599 3092 3784 3163 ἰατρὸν

2189 3185 2432 3253 ἄριστον,
2466 3181 2604 3252 μετὰ
2638 3180 2748 3233 τῶν
2802 3180 3050 3252 ὀργάνων
3079 3178 3306 3233 εἰσιέναι
3328 3179 3436 3232 τῶν
3468 3177 3784 3249 δυναμένων

2190 3267 2575 3322 καταστέλλειν
2599 3266 2698 3337 τὴν
2723 3266 2956 3320 ἑκάστου
3003 3263 3335 3335 φλεγμονὴν,
3383 3263 3478 3316 καὶ
3499 3261 3784 3334 προσιέναι

2192 3352 2409 3422 ἑκάστῳ
2433 3349 2527 3403 καὶ
2555 3347 2923 3415 διαλέγεσθαι,
2957 3347 3052 3400 καὶ
3081 3346 3234 3415 ὐγιές
3278 3346 3343 3399 τὸ
3376 3347 3584 3414 κάμνον
3623 3344 3784 3416 σῶμα

2191 3436 2388 3497 ποιεῖν,
2405 3432 2675 3503 φάρμακα
2695 3429 3009 3497 ἐπιτιθέντα
3030 3429 3102 3482 τὰ
3123 3430 3234 3484 ἀπὸ
3249 3429 3358 3483 τῶν
3377 3429 3406 3469 ι)
3421 3427 3673 3498 Γραφῶν,
3689 3427 3785 3480 καὶ

2189 3518 2316 3580 τοὺς
2342 3517 2471 3587 περὶ
2497 3515 2818 3584 φιλοσοφίας
2843 3511 3103 3583 ἐκχέοντα
3138 3513 3352 3583 λόγους.
3401 3513 3458 3566 Ὀ
3485 3512 3594 3583 γὰρ
3616 3511 3784 3581 μονά-

2190 3602 2299 3665 ζων
2326 3602 2434 3652 τίνι
2478 3598 2812 3662 διαλέξεται;
2851 3595 2926 3666 τῷ
2958 3597 3124 3667 τοίχῳ
3170 3595 3268 3650 καὶ
3296 3595 3374 3666 τῷ
3396 3595 3613 3667 όρόφῳ;
3646 3593 3786 3648 ἀλλὰ

2189 3687 2255 3754 τῇ
2290 3683 2499 3754 ἐρημίᾳ
2527 3685 2622 3752 καὶ
2647 3682 2770 3743 ταῖς
2797 3679 3026 3744 νάπαις;
3062 3679 3095 3750 ἢ
3144 3681 3257 3742 τοῖς
3296 3678 3471 3749 ὃρνισι
3538 3677 3634 3730 καὶ
3670 3679 3786 3739 τοῖς

2189 3767 2423 3838 δένδροις
2441 3785 2455 3834 ;
2471 3765 2603 3822 Ὀὐκ
2619 3765 2730 3836 ἔχει.
2757 3765 2938 3829 τοίνυν
2967 3763 3167 3835 πολλὴν
3189 3763 3436 3834 ἀνάγκην
3458 3764 3664 3825 ἐκεῖνος
3687 3761 3787 3831 τῆς
3816 3827 3818 3832 ι

2191 3851 2347 3924 [162]
2376 3849 2634 3919 τριαύτης
2662 3847 3027 3919 διδασκαλίας·
3058 3847 3174 3912 ἀλλ’
3205 3849 3357 3918 ὅμως
3391 3846 3553 3918 ἔργον
3576 3844 3787 3898 τίθεται

2191 3935 2350 4008 τοῦτο
2382 3933 2749 4006 κατορθῶσαι,
2775 3933 2874 4004 οὐχ
2904 3932 3047 3986 ὥστε
3099 3931 3326 4002 ἐτέρους
3355 3928 3612 3984 τοσοῦτον
3654 3945 3786 3983 παι-

2187 4017 2400 4085 δεῦσαι,
2438 4017 2553 4071 ἀλλ’
2580 4016 2721 4069 ὥστε
2751 4017 2966 4070 ἑαυτόν.
3030 4015 3206 4087 Πολλὴ
3233 4010 3327 4068 οὖν
3362 4014 3522 4086 χρεία
3550 4013 3788 4089 μάλιστα

2189 4105 2303 4167 τοῖς
2325 4105 2384 4156 ἐν
2411 4102 2488 4174 τῷ
2520 4101 2620 4172 βίῳ
2642 4099 2818 4171 τούτῳ
2855 4100 3248 4172 στρεφομένοις
3274 4100 3370 4170 τῆς
3401 4095 3687 4174 ’τοιαύτης
3704 4096 3785 4148 δι-

2191 4172 2504 4249 δασκαλίας·
2540 4184 2637 4237 καὶ
2692 4183 2800 4254 γὰρ
2833 4185 2928 4237 τοῦ
2974 4183 3314 4255 ἁμαρτάνειν
3355 4182 3579 4236 πλείονα
3628 4172 3786 4242 οὗτος

2192 4271 2440 4341 ἀνάγκην
2473 4268 2608 4340 ἔχει,
2641 4268 2675 4340 ἢ
2709 4270 2936 4330 ἐκεῖνος.
2967 4269 3027 4321 Et
3050 4268 3107 4320 δὲ
3149 4266 3327 4337 βούλει
3346 4266 3572 4335 γνῶναι,
3603 4263 3698 4317 καὶ
3727 4264 3787 4315 ἐν

2192 4355 2271 4425 τῷ
2301 4355 2491 4424 κόσμῳ
2519 4353 2522 4357 ’
2551 4351 2700 4422 αὐτῴ
2731 4351 3158 4424 ἐπιτηδειότερος
3215 4351 3393 4405 ἐσται.
3425 4350 3633 4420 Πάντες
3677 4347 3788 4419 γάρ

2193 4439 2356 4492 αὐτὸν
2384 4435 2793 4506 αἰδεσθήσονται
2822 4437 2933 4492 άπὸ
2956 4436 3064 4488 τῶν
3098 4435 3360 4506 ῥημάτων
3383 4434 3627 4496 ἐκείνων,
3657 4433 3788 4486 ὅταν

2193 4521 2395 4592 ὁρῶσιν
2431 4519 2594 4573 αὐτὸν
2625 4521 2683 4572 ὲν
2712 4518 2847 4589 πυρὶ
2878 4517 2953 4590 μὴ
2974 4519 3286 4589 καιόμενον,
3308 4518 3442 4593 μηδέ
3475 4519 3653 4589 ἀρχῆς
3675 4517 3790 4587 ἐπι·

2194 4601 2490 4674 θυμοῦντα·
2517 4601 2639 4654 τότε
2675 4598 3042 4665 καὶτεύξέται
3071 4601 3296 4672 ταύτης,
3329 4604 3457 4656 ὅταν
3487 4600 3786 4675 μὴ’ὲπιθυ-

2196 4689 2293 4758 μῇ,
2318 4687 2414 4748 καί
2434 4685 2649 4756 βασιλεῖ
2672 4685 3098 4758 αἰδεσιμώτερος
3132 4687 3306 4740 ἔσται.
3330 4688 3404 4740 Οὐ
3435 4686 3543 4756 γάρ
3576 4684 3656 4737 ἔνι
3695 4683 3789 4737 τὸν

2192 4769 2432 4826 τοιοῦτον
2456 4769 2660 4822 λαθεῖν.
2707 4769 2795 4822 Ἐν
2827 4770 2927 4839 μὲν
2955 4765 3065 4842 γάρ
3100 4772 3314 4835 πολλοῖς
3346 4771 3649 4838 ὑγιαίνουσι
3693 4768 3791 4840 λή-

2195 4871 2346 4906 σεται
2371 4854 2400 4905 6
2426 4851 2709 4920 ὑγιαίνων)
2739 4855 2797 4905 ἐν
2835 4853 2892 4906 δέ
2926 4854 3142 4918 πολλοῖς
3197 4855 3497 4924 κάμνουσιν
3525 4852 3656 4905 ὃταν
3705 4845 3788 4926 είς

2192 4937 2456 5006 ὑγιαίνων
2476 4933 2533 5008 ᾗ,
2555 4936 2763 5006 ταχέως
2796 4937 2894 4990 καὶ
2936 4939 3016 5001 εἰς
3053 4938 3152 5001 τὰς
3184 4936 3470 5007 βασιλικάς
3521 4936 3704 5001 ἀκοὰς,
3751 4935 3786 5016 ή

2193 5023 2352 5094 φήμη
2399 5021 2804 5092 διαδραμεῖται,
2862 5022 2955 5076 καὶ
3009 5022 3229 5085 πολλοῖς
3283 5022 3446 5075 αὐτὸν
3497 5019 3788 5095 ἐπιστήσει

2193 5107 2393 5162 ἐθνεσι.
2423 5104 2610 5158 Ταῦτα
2645 5103 2738 5159 οὖν
2773 5106 2994 5170 εἰδότες,
3025 5095 3320 5178 ἐκτρέφετε
3355 5109 3412 5159 ἐν
3444 5104 3663 5174 παιδεία
3691 5103 3788 5156 καὶ

2190 5189 2446 5260 νουθεσίᾳ
2487 5189 2696 5259 Κυρίου
2741 5190 2810 5244 τά
2841 5190 3026 5245 τέκνα.
3075 5191 3238 5244 Ἀλλά
3288 5190 3458 5261 πένης
3490 5189 3575 5252 τίς
3620 5189 3785 5252 ἐστι;

2194 5273 2365 5342 Πάλιν
2391 5273 2601 5345 πένης·
2658 5275 2796 5328 ἀλλά
2824 5276 2918 5329 τοῦ
2949 5278 3006 5330 ἐν
3062 5275 3356 5346 βασιλείοις
3415 5272 3787 5344 στρεφομένου

2193 5360 2346 5412 οὐδὲν
2391 5357 2542 5410 ἔσται
2595 5359 2999 5430 εὐτελέστερος,
3043 5360 3231 5432 ἐπειδὴ
3277 5360 3352 5432 μὴ
3381 5361 3438 5413 ἐν
3495 5357 3788 5426 βασιλείοις

2191 5445 2362 5512 ἐστὶν,
2427 5443 2568 5497 ἀλλά
2617 5442 3089 5515 θαυμασθήσεται,
3147 5447 3242 5500 καὶ
3275 5444 3508 5515 ’ταχέως
3551 5445 3630 5505 εἰς
3683 5443 3788 5513 ἀρα

2250 5640 2279 5699 ς
2320 5627 2510 5735 [iegere
2535 5627 2698 5689 place:
2721 5628 2927 5688 Duneo,
2978 5631 3048 5682 δεῖ
3066 5635 3186 5679 πᾶσι
3226 5631 3326 5686 τοῖς
3349 5648 3418 5693 μη
3443 5634 3494 5677 et
3528 5641 3662 5683 mox,
3708 5626 3782 5700 ίπζ

2253 5708 2278 5735 'J
2301 5705 2335 5735 π
2357 5724 2382 5734 ..

2193 5708 2278 5738 του
2301 5708 2363 5736 πλ
2373 5727 2382 5734 .

2231 5708 2261 5738 9'
2301 5705 2382 5736 πλ.

2256 5710 2283 5791 ί
2319 5751 2451 5798 L'uus
2468 5749 2580 5799 Cod.
2612 5751 2858 5815 φάρμακον
2885 5754 3143 5822 ἐπιτιθέντα
3167 5754 3261 5801 άπὸ
3283 5755 3394 5805 τῶν.
