4092 6508
405 335 510 399 ἰὸὸ

403 461 505 532 χὴν
531 460 651 531 ἥξει
684 460 780 529 τὴν
811 458 1078 520 ἑκούσιον,
1111 458 1174 510 οὐ
1218 456 1314 527 τὴν
1340 455 1744 527 χειροτονητήν.
1779 452 1842 503 Εἰ
1871 450 1978 519 γὰρ

403 544 664 615 ’Έλληνες
691 543 881 612 ἄνδρες
908 540 1312 609 τριωϐολιμαῖοί
1362 555 1507 601 τινες
1544 538 1639 589 καὶ
1662 535 1843 597 κύνες.
1895 551 1980 601 φι-

400 625 656 696 λοσοφίαν
676 623 930 694 τοιαύτην
979 621 1363 692 ἀναδεξάμενοι
1412 619 1830 694 τριωϐολιμαῖον
1853 616 1981 687 (τοι-

403 710 543 781 αύτη
581 709 690 779 γὰρ
720 710 752 776 ἠ
789 706 1116 777 Ἑλληνικὴ),
1155 706 1355 777 μᾶλλον
1383 706 1441 759 δὲ
1481 705 1601 758 οὐδέ
1640 703 1833 773 αὐτὴν,
1865 700 1979 753 ἀλλ’

404 794 573 861 ὄνομα
601 791 789 861 αὐτῆς,
839 789 931 842 καὶ
966 788 1204 859 τρίϐωνα
1259 789 1627 859 περιθέμενοι,
1662 788 1757 840 καὶ
1805 784 1982 855 κόμην

405 874 719 945 θρέψαντες,
755 871 983 936 πολλοὺς
1015 871 1340 924 δυσωποῦσι·
1394 870 1545 941 πόσῳ
1582 868 1780 940 μᾶλλον
1825 868 1853 920 6
1903 866 1985 919 6v-

404 973 511 1018 τως
544 952 866 1024 φιλόσοφος;
902 955 964 1007 Εἰ
996 957 1181 1024 σχῆμα
1200 953 1412 1023 ψευδὲς,
1433 953 1638 1007 είσκιά
1669 948 1983 1019 φιλοσοφίας

409 1036 706 1108 φαινομένη
736 1032 910 1099 οὑτως
941 1038 1104 1107 αἰρεῖ,
1134 1036 1186 1089 τί
1224 1036 1318 1089 ἐὰν
1346 1036 1447 1106 τὴν
1473 1035 1647 1107 ἀληθῆ
1666 1031 1982 1104 φιλοσοφίαν

407 1123 782 1190 ἀγαπήσωμεν
810 1120 904 1174 καὶ
920 1120 1019 1191 τὴν
1040 1120 1333 1192 εἰλικρινῆ;
1359 1121 1479 1191 οὐχὶ
1498 1119 1700 1182 πάντες
1723 1115 1986 1187 θεραπεύ-

410 1216 561 1259 σουσι
585 1221 601 1271 ;
634 1205 727 1258 καὶ
753 1204 931 1266 οίκίας
947 1204 1042 1258 καὶ
1061 1207 1326 1272 γυναῖκας
1344 1204 1435 1258 καί,
1464 1204 1660 1266 παῖδας
1688 1203 1790 1264 τοῖς
1807 1199 1983 1253 τοιού-

406 1303 521 1345 τοις
545 1285 684 1356 μετά
712 1284 914 1356 πολλῆς
945 1287 1046 1356 τῆς
1062 1287 1245 1351 ἀδείας
1261 1286 1688 1358 ἐγχειρίσουσιν;
1721 1284 1861 1337 Ἀλλ’
1884 1283 1985 1336 οὐκ

410 1367 577 1428 ἐστιν,
612 1368 713 1420 οὐκ
728 1367 842 1421 ἐστι
863 1369 1103 1433 τοιοῦτος
1124 1369 1409 1438 φιλόσοφος
1437 1369 1552 1424 νῦν.
1581 1368 1680 1421 Διά
1693 1364 1851 1419 τοῦτο
1864 1363 1986 1418 οὐδὲ

409 1450 471 1503 1:6
494 1449 796 1520 ὑπόδειγμα
819 1449 965 1504 ἐστιν
1003 1452 1200 1522 εὑρεῖν.
1235 1451 1357 1505 Εἰσὶ
1388 1450 1487 1520 μὲν
1514 1450 1622 1519 γάρ
1642 1451 1697 1502 ἐν
1727 1449 1987 1520 μονάζου-

414 1550 519 1597 σιν,
542 1534 599 1585 ἐν
616 1533 672 1587 δὲ
684 1537 966 1603 κοσμικοῖς
980 1533 1181 1589 οὐκέτι.
1203 1535 1313 1587 Καὶ
1335 1535 1415 1587 ὅτι
1438 1534 1495 1586 ἐν
1519 1531 1838 1603 μονάζουσίν
1855 1533 1984 1595 εἰσι,

411 1615 634 1669 δυνατὸν
657 1615 888 1676 πολλοὺς
910 1618 1270 1686 παραγαγεῖν·
1296 1617 1444 1686 ὅμως
1479 1616 1577 1669 ἕνα
1598 1615 1705 1669 ἀπὸ
1729 1613 1987 1667 πλειόνων

415 1696 545 1769 ἐρῶ.

490 1833 632 1884 Ἴστε
660 1832 722 1901 δή
733 1850 855 1893 που,
882 1836 973 1888 καὶ
997 1837 1292 1907 ἀκηκόατε,
1328 1837 1379 1891 οί
1407 1836 1465 1890 δέ
1502 1837 1597 1891 καὶ
1645 1838 1988 1909 ἐθεωρήσατε

416 1914 508 1967 τὸν
529 1914 786 1984 ἄνδρα,δν
810 1916 987 1986 μέλλω
1009 1917 1103 1971 νῦν
1123 1920 1289 1990 ἐρεῖψ
1304 1918 1592 1974 Ἰουλιανὺν
1606 1918 1748 1988 λέγω
1759 1919 1849 1975 τὸν
1867 1919 1991 1974 θαυ-

420 1998 633 2065 μάσιον.
662 1990 830 2063 Οὗτος
851 1995 920 2069 ἦν
943 2001 1081 2072 ἀνὴρ
1102 2002 1380 2074 ἄγροικος,
1408 2002 1664 2066 ταπεινὸς
1691 2003 1785 2057 καὶ
1808 2005 1872 2056 ἐκ
1895 2020 1991 2057 τα-

416 2078 638 2134 πεινῶν·
653 2080 774 2134 ούδὲ
790 2082 926 2146 ὅλως
942 2083 1038 2154 τῆς
1054 2083 1253 2149 ἔξωθεν
1283 2085 1530 2149 παιδείας
1551 2086 1832 2157 ἔμπειρος,
1856 2084 1991 2139 ἀλλὰ

414 2160 518 2231 τῆς
547 2162 822 2216 ἀπλάστου
847 2164 1163 2234 φιλοσοφίας
1198 2166 1645 2238 πεπληρωμένος.
1677 2169 1878 2222 Τούτου
1911 2169 1992 2232 εἰς

416 2245 515 2308 τάς
546 2243 1097 2316 πόὴιςέμϐάλλοντος
1116 2248 1430 2320 (σπανιάκις
1473 2251 1531 2303 δὲ
1560 2250 1717 2304 τοῦτο
1739 2252 1988 2321 ἐγίνετο),

417 2324 543 2380 οὔτε
580 2328 842 2399 ρητόρων,
871 2328 996 2382 οὔτε
1023 2332 1312 2399 σοφιστῶν,
1345 2332 1468 2385 οὔτε
1497 2333 1656 2389 ἄλλου
1687 2334 1831 2397 τινὸς
1881 2336 1993 2386 εἰσ-

418 2407 988 2480 ελαύνοντος,τοιαύτη
1012 2429 1096 2477 τις
1118 2414 1328 2482 ἐγίνετο
1360 2417 1792 2489 συστροφή.Τίδέ
1812 2416 1954 2486 λέγω
1973 2432 1987 2482 ;

418 2492 540 2561 οὐχὶ
569 2493 785 2546 πάντων
814 2493 1078 2563 βασιλέων
1106 2497 1201 2550 καὶ
1226 2498 1289 2551 τὸ
1318 2497 1489 2568 ὄνομα
1513 2499 1681 2553 αὐτοῦ
1742 2500 1990 2571 λαμπρό-

417 2590 576 2644 τερον
601 2575 786 2647 ᾄδεται
814 2578 892 2629 ἔτι
925 2579 1018 2630 καὶ
1070 2579 1164 2633 νῦν
1187 2596 1202 2644 ;
1234 2581 1296 2633 Εί
1322 2581 1380 2635 δέ
1408 2584 1467 2635 ἐν
1491 2581 1571 2648 τῷ
1598 2584 1786 2654 κόσμῳ
1819 2584 1993 2654 τούτῳ

418 2656 614 2723 ταῦτα,
644 2658 797 2729 ἐντῷ
826 2659 1038 2731 κόσμῳ,
1063 2664 1121 2715 ἐν
1168 2655 1213 2729 ᾧ
1249 2664 1416 2735 μηδὲν
1460 2667 1594 2736 ἡμῖν
1629 2667 1995 2736 ἐπηγγείλατο

419 2740 622 2807 ἀγαθὸν
649 2743 677 2794 6
702 2742 1000 2813 Δεσπότης,
1030 2745 1088 2797 ἐν
1118 2738 1163 2813 ᾧ
1211 2745 1393 2810 ξένους
1436 2749 1585 2819 ἡμᾶς
1642 2745 1796 2803 εἶπεν
1827 2745 1990 2815 εἶναι,

419 2824 767 2894 ἐννοήσωμεν
793 2828 851 2881 ὲν
879 2830 991 2891 τοῖς
1020 2828 1267 2900 οὐρανοῖς
1289 2832 1432 2885 πόσα
1472 2833 1623 2886 ἔσται
1669 2832 1737 2886 τὰ
1765 2833 1993 2887 ἀποκεί-

424 2924 561 2977 μενα
589 2908 769 2976 ἀγαθά
793 2927 808 2943 ·
853 2912 903 2963 εἰ
924 2910 1052 2966 ἔνθα
1096 2912 1347 2983 πάροικοι
1375 2910 1535 2986 ἦσαν,
1566 2916 1837 2988 τοσαύτης
1890 2919 1995 2970 άπ-

422 2989 612 3044 ἑλαυον
649 2991 836 3060 τιμῆς,
869 2994 1000 3047 ἔνθα
1037 2997 1091 3048 αἱ
1129 2995 1311 3059 πόλεις
1353 2999 1481 3062 εἰσὶ,
1539 3000 1712 3069 πόσης
1756 2999 1995 3053 ἀπολαύ-

425 3090 579 3127 σουσι
608 3073 799 3145 δόξης;
840 3078 889 3130 εἰ
922 3077 1051 3133 ἔνθα
1081 3079 1260 3149 θλίψιν
1316 3080 1703 3150 ἐπηγγείλατο,
1758 3081 1995 3151 τοσαύτη

424 3156 711 3227 θεραπεία,
767 3159 896 3214 ἔνθα
949 3161 1120 3226 ὅντως
1176 3163 1344 3234 τιμάς
1393 3165 1805 3233 ἐπαγγέλλεται,
1855 3166 1994 3237 πόση

425 3240 576 3293 ἔσται
608 3243 640 3313 ἡ
665 3240 882 3308 ἅνεσις;
913 3243 1076 3298 ’Δλλά
1107 3246 1362 3314 βούλεσθε
1383 3248 1478 3300 καὶ
1529 3251 1825 3317 κοσμικοὺς
1881 3250 1998 3302 ἐπι-

424 3321 718 3389 δείξωμεν;
748 3323 863 3379 Νῦν
897 3326 995 3394 μὲν
1029 3327 1136 3399 γάρ
1178 3329 1278 3381 οὐκ
1306 3329 1522 3400 ἔχομεν·
1554 3331 1696 3402 πλήν
1745 3334 1851 3384 εἰσι
1899 3332 1997 3402 μὲν

426 3404 438 3470 |
460 3404 580 3477 [63]
611 3405 741 3470 ἴσως
766 3410 861 3461 καὶ
888 3409 1140 3480 κοσμικοὶ
1172 3413 1452 3477 ἐπιεικεῖς,
1479 3413 1593 3467 ἀλλ’
1612 3416 1691 3478 εἰς
1711 3415 1811 3486 τὴν
1825 3416 1999 3486 ἄκραν

376 3536 383 3541 .
427 3486 523 3557 οὐχ
554 3488 781 3558 ἥκοντες
828 3490 1167 3562 φιλοσοφίαν.
1207 3494 1296 3547 Διδ
1334 3496 1443 3549 ἀπὸ
1473 3496 1582 3551 τῶν
1622 3498 1866 3552 παλαιῶν
1907 3500 2000 3553 καὶ

427 3569 597 3637 ἁγίων
644 3572 754 3644 ἐρῶ
789 3573 916 3643 ὑμῖν
969 3575 1034 3628 τὰ
1086 3575 1477 3648 ὑποδείγματα.
1526 3580 1690 3635 Πόσοι
1738 3583 2001 3649 γυναῖκας

428 3652 661 3722 ἔχοντες,
692 3656 784 3709 καὶ
812 3657 1009 3721 παῖδας
1042 3658 1353 3728 τρέφοντες,
1383 3660 1491 3714 τῶν
1516 3662 1822 3734 εἰρημένων
1848 3664 2002 3720 οὐδὲν

430 3735 670 3798 ἔλαττον,
694 3737 846 3791 οὐδὲν
874 3740 1093 3793 ἔλαττον
1120 3742 1307 3812 ἔσχονς
1346 3743 1509 3797 Ἀλλά
1552 3745 1647 3799 νῦν
1675 3744 1858 3798 οὐκέτι
1886 3745 2004 3799 ἐστὶ

428 3817 517 3899 διὰ
535 3818 632 3890 τὴν
658 3820 961 3878 ἐνεστῶσαν
992 3824 1257 3897 ἀνάγκην,
1279 3825 1460 3891 καθώς
1485 3844 1651 3898 φησιν
1681 3829 1710 3878 6
1734 3827 2004 3899 μακάριος

428 3892 608 3963 οὗτος.
667 3902 800 3956 Τίνα
859 3900 954 3958 οὖν
1007 3892 1260 3976 βούλεσθε
1318 3892 1509 3975 εἴπως-
1537 3892 1630 3963 τὸν
1681 3892 1826 3973 Νῶε,
1850 3892 2004 3981 η’τὸν

446 3985 728 4057 ’Δϐραάμ;
759 3989 852 4043 τὸν
881 3991 1069 4045 τούτου
1092 3994 1280 4058 παῖδα,
1303 3996 1335 4065 ἢ
1363 3997 1451 4048 τὸν
1475 3994 1686 4047 ἐκείνου
1711 4012 1725 4061 ;
1757 3994 1891 4048 ἀλλά
1916 3995 2007 4050 τὸν

444 4067 674 4139 Ἰωσήφ;
694 4070 855 4126 Ἀλλά
884 4074 1138 4144 βούλεσθε
1162 4077 1254 4130 ἐπὶ
1281 4078 1406 4141 τοὺς
1430 4078 1713 4149 προφήτας
1731 4077 2004 4151 ἔλθωμενς

432 4153 524 4205 τὶν
555 4153 793 4208 Μωῦσέα
825 4153 1001 4226 λέγω,
1037 4158 1130 4212 τὸν
1169 4160 1414 4213 Ἡσαΐαν.

508 4306 570 4361 δ’.
597 4306 762 4375 Ἀλλ’,
781 4310 831 4362 εί
852 4308 1016 4377 δοκεῖ,
1036 4311 1127 4365 ἐπὶ
1153 4312 1243 4365 τὸν
1272 4313 1523 4385 Ἀϐραὰμ
1550 4314 1642 4369 τὸν
1658 4314 1815 4385 λόγον
1846 4316 2009 4372 ἐλκύ-

438 4407 640 4460 σωμεν,
658 4391 978 4472 δν-μάλιστα
1002 4394 1202 4459 πάντες
1223 4396 1584 4468 προφέρουσιν
1600 4400 1731 4470 ἡμῖν
1752 4401 1857 4455 ἀεί.
1875 4402 2011 4472 Οὐχὶ

436 4474 670 4539 γυναῖκα
696 4469 867 4544 εἴχεν;
904 4477 1025 4547 οὐχὶ
1069 4477 1301 4541 παῖδας;
1337 4481 1431 4534 καὶ
1456 4482 1565 4550 γὰρ
1590 4469 1684 4535 καὶ
1712 4481 1823 4548 ἐγὼ
1850 4469 2011 4536 τοῦτο

436 4555 578 4625 λέγω
608 4558 744 4628 πρὸς
771 4559 944 4630 ὑμᾶς,
972 4562 1111 4632 ὅπερ
1131 4562 1288 4632 ὑμεῖς
1312 4562 1449 4632 πρὸς
1477 4566 1644 4634 ἡμᾶς.
1677 4566 1920 4620 Γυναῖκα
1940 4562 2012 4619 εἷ-

437 4655 552 4708 χεν,
586 4640 699 4694 ἀλλ’
727 4642 829 4720 οὐκ
866 4643 1055 4714 ἐπειδὴ
1097 4647 1328 4713 γυναῖκα
1383 4642 1519 4716 εἶχε,
1558 4646 1866 4717 θαυμαστὸς
1918 4645 2008 4720 ἦν*

434 4723 693 4796 χρήματα
717 4718 885 4795 εἶχεν,
906 4724 1022 4778 ἀλλ’
1047 4727 1147 4780 οὐκ
1167 4727 1352 4798 ἐπειδὴ
1382 4729 1644 4799 χρήματα
1675 4725 1839 4801 εἶχεν,
1882 4718 2013 4803 im-

439 4821 498 4859 σε
529 4806 608 4878 τῷ
636 4805 773 4877 856:)-
814 4806 1010 4870 παῖδας
1058 4807 1266 4872 ἔτεκεν.
1297 4809 1414 4864 ἀλλ’
1448 4812 1550 4865 οὐκ
1581 4813 1768 4884 ἐπειδὴ
1816 4815 2011 4878 παῖδας

438 4888 643 4956 ἔτεκεν,
673 4892 1059 4963 ἐμακαρίζετο·
1099 4895 1445 4962 τριακοσίους
1472 4894 1602 4951 δέκα
1630 4897 1725 4950 καὶ
1763 4898 1906 4952 ὀκτὼ
1933 4903 2013 4953 οἰ-

440 4975 683 5041 κογενεῖς
713 4974 994 5044 ἐκέκτητο,
1016 4975 1131 5027 ἀλλ’
1156 4977 1215 5028 οὐ
1246 4976 1436 5031 τούτου
1466 4980 1625 5049 χάριν
1652 4980 2011 5052 ἐθαυμάζετο.

452 5055 612 5110 Ἀλλά
640 5055 821 5127 βούλει
857 5058 1047 5128 μαθεῖν
1071 5060 1263 5125 πόθεν;
1297 5061 1404 5114 ἀπὸ
1423 5062 1522 5133 τῆς
1552 5064 1875 5133 φιλοξενίας,
1906 5066 2016 5121 ἀπὸ

439 5142 539 5211 τῆς
557 5140 667 5193 τῶν
696 5141 994 5212 χρημάτων
1021 5142 1342 5213 ὑπεροψίας,
1372 5144 1482 5199 ἀπὸ
1507 5148 1606 5218 τῆς
1634 5151 2012 5221 κοσμιότητος.

441 5222 507 5275 Τί
526 5223 636 5293 γάρ
652 5223 831 5307 ἐστιν,
863 5223 999 5303 εἰπέί
1017 5241 1129 5294 μοι,
1160 5226 1446 5296 φιλοσόφου
1471 5246 1485 5293 ;
1520 5230 1640 5301 οὐχὶ
1673 5235 1767 5286 καὶ
1794 5237 2014 5307 χρημά-

442 5322 551 5359 των
579 5305 672 5358 καί.
691 5306 849 5379 δόξης
875 5311 1275 5376 καταφρονεῖν;
1303 5313 1394 5364 καὶ
1424 5313 1617 5381 φθόνου
1663 5317 1757 5370 καὶ
1817 5305 2017 5384 παντὸς

446 5389 652 5474 πάθους
684 5389 955 5474 ἀνώτερον
994 5387 1174 5459 sive“;
1228 5395 1364 5474 Φέρε
1393 5392 1503 5459 οὖν,
1539 5399 1700 5453 αὐτὸν
1739 5404 1818 5464 εἰς
1853 5405 2016 5474 μέσον

445 5472 745 5555 ἀγαγόντες
781 5473 1157 5546 ἀποδύσωμεν,
1183 5470 1548 5549 καὶδείξωμεν
1578 5482 1704 5551 ὑμῖν
1725 5478 1837 5549 οἶος
1855 5470 2019 5555 νφιλό-

450 5571 611 5620 σοφος
622 5550 711 5625 ἦν.
728 5557 896 5610 Οὑδέν
909 5559 1094 5629 ἡγεῖτο
1111 5562 1345 5632 πατρίδα
1371 5564 1603 5634 πρῶτον·
1615 5550 1860 5641 Ἔξελθε
1875 5550 1945 5634 γὰ
1952 5588 2006 5641 ρ,

448 5646 700 5715 ἤκουσεν,
737 5650 805 5703 ἐκ
840 5649 947 5717 τῆς
970 5649 1079 5720 γῆς
1111 5667 1247 5717 σου,
1291 5652 1390 5706 καί
1430 5653 1498 5706 ἐκ
1525 5652 1636 5722 τῆς
1666 5661 2020 5727 συγγενείας

450 5744 589 5784 σου·
643 5733 733 5786 καὶ
762 5733 961 5797 εὐθέως
1003 5734 1245 5804 ἐξῆλθεν.
1289 5736 1362 5788 Οὑ
1392 5736 1740 5806 προσεδέδετο
1785 5741 1951 5813 οἰκία·
1985 5738 2020 5812 ἦ

1102 304 1161 395 ε.
1201 339 1485 396 JOANNIS
1524 328 2014 393 clmx'sosmm
2056 331 2377 391 ARCHIEP.
2419 337 2969 396 CONSTAMINOP.

3560 344 3659 401 154

2090 449 2196 517 γὰρ
2227 450 2293 503 ἂν
2324 453 2423 505 οὐκ
2452 452 2694 523 ἐξῆλθεν·
2747 454 2808 507 οὐ
2837 453 3124 525 συνηθείας
3153 452 3323 525 φιλίᾳ..
3378 454 3480 509 οὐκ
3520 456 3667 525 ἇλὶῳ

2086 531 2281 588 οὐδενί.
2318 530 2450 587 Εἶτα
2476 535 2634 607 δόξης
2671 537 2904 607 μάλιστα
2925 538 3140 592 πάντων
3165 537 3371 600 ἐκεῖνος
3401 540 3669 609 κατεφρό-

2087 629 2219 684 νησε
2254 616 2348 669 καὶ
2363 634 2467 689 χρη
2477 618 2680 687 μάτων·
2712 617 2807 673 καὶ
2835 618 2944 690 γὰρ
2971 618 3204 688 πόλεμον
3220 620 3660 690 τροπωσάμενος,

2086 706 2185 760 καὶ
2208 698 2425 777 λάφυρα
2457 709 2775 779 ἀξιούμενος
2803 710 3010 775 λαϐεῖν,
3062 709 3423 767 κατέπτυσεν.
3466 708 3610 764 Ἀλλ’
3637 712 3668 764 6

2088 793 2215 853 παῖς
2234 792 2262 844 6
2287 792 2500 856 τούτου,
2531 792 2593 845 οὐ
2616 793 2701 846 διά
2738 791 2807 846 τά
2826 794 3082 864 χρήματα
3114 790 3275 846 πάλιν
3303 790 3664 860 ἐθαυμάζετο,

2086 871 2224 925 ἀλλά
2256 872 2343 926 διά
2364 871 2462 944 τὴν
2492 873 2816 943 φιλοξενίαν,
2847 874 2909 927 οὐ
2934 874 3022 928 διὰ
3054 873 3126 927 τά
3152 872 3362 937 παιδία,
3387 872 3525 928 ἀλλά
3579 873 3667 926 διά

2087 954 2191 1026 τὴν
2221 955 2490 1027 ὑπακοὴν,
2512 956 2573 1010 οὑ
2594 956 2683 1010 διά
2701 956 2800 1028 τὴν
2826 959 3079 1026 γυναῖκα,
3111 956 3248 1011 ἀλλά
3279 956 3371 1009 διά
3399 955 3498 1027 τὴν
3526 955 3668 1009 στεί-

2087 1051 2259 1111 ρωσιν
2307 1038 2406 1108 τὴν
2450 1038 2543 1091 ἐπὶ
2600 1042 2666 1109 τῇ
2719 1039 2962 1107 γυναικί.
3017 1040 3182 1093 Οὐδὲν
3224 1040 3325 1109 τὴν
3388 1036 3668 1109 παροῦσαν

2088 1118 2316 1189 ήγοῦντο
2343 1119 2507 1191 ζωὴν,
2533 1121 2633 1175 οὐκ
2666 1121 3114 1192 ἐχρηματίζοντο,
3141 1119 3471 1191 ὑπερεώρων
3491 1120 3669 1175 ἀπάν-

2089 1218 2218 1257 των.
2245 1203 2380 1257 Είπὲ
2404 1205 2514 1275 γάρ
2546 1221 2656 1274 μοι,
2711 1206 2841 1258 ποῖα
2866 1205 2976 1258 τῶν
3009 1204 3192 1275 φυτῶν
3225 1205 3373 1257 ἐστιν
3424 1204 3667 1274 ἀριστας

2089 1285 2189 1355 οὐχ
2215 1284 2359 1356 άπερ
2380 1286 2447 1339 ἂν
2465 1285 2677 1340 οίκοθεν
2697 1285 2798 1360 ἔχῃ
2812 1286 2912 1358 τὴν
2937 1288 3110 1359 ίσχὺν,
3132 1286 3230 1340 καὶ
3256 1287 3392 1358 μήτε
3417 1281 3667 1356 ὄμϐροις,

2095 1369 2233 1439 μήτε
2259 1367 2542 1438 χαλάζαις,
2577 1369 2714 1439 μήτε
2747 1368 2962 1440 ἀνέμων
2982 1368 3201 1439 ῥύμαις,
3240 1368 3376 1439 μήτε
3402 1366 3537 1437 άλλη
3562 1366 3672 1420 τι.νί⁵

2092 1448 2319 1523 τοιαύτῃ
2360 1450 2646 1522 ἀνωμαλίᾳ
2692 1450 3013 1521 βλάπτηται,
3047 1451 3184 1504 ἀλλά
3235 1448 3419 1520 γυμνά
3471 1449 3673 1519 ἕστηκε

2094 1534 2312 1586 πάντων
2333 1535 2796 1604 καταφρονοῦντα,
2831 1536 2966 1605 μήτε
2992 1534 3276 1605 θριγκίων,
3312 1535 3449 1605 μήτε
3494 1547 3674 1604 φραγ-

2097 1615 2213 1686 μῶν
2245 1616 2510 1687 δεόμενα;
2545 1617 2797 1682 Τοιοῦτος
2840 1620 2869 1673 6
2911 1617 3203 1688 φιλόσοφός
3233 1618 3372 1680 ἐστι,
3432 1614 3675 1677 τοιοῦτος

2092 1701 2121 1753 6
2143 1699 2370 1764 πλοῦτος
2411 1701 2635 1764 ἐκεῖνος·
2661 1700 2812 1755 οὐδὲν
2844 1700 2977 1771 ἔχει,
3007 1701 3103 1755 καὶ
3127 1702 3302 1754 πάντα
3330 1699 3461 1769 ἔχει’
3495 1698 3674 1752 πάντα

2095 1781 2230 1853 ἔχει,
2271 1782 2368 1835 καὶ
2389 1781 2543 1836 οὐδὲν
2574 1781 2709 1853 ἔχει.
2738 1784 2797 1838 '0
2846 1782 2957 1855 γὰρ
2983 1785 3160 1853 τοῖχος
3181 1783 3283 1835 οὐκ
3336 1781 3503 1846 ἔνδον,
3556 1780 3673 1835 ἀλλ’

2095 1865 2296 1931 ἔξωθέν
2316 1867 2486 1929 ἐστιν,
2541 1867 2572 1919 6
2630 1867 2855 1939 θριγκὸς
2880 1868 2941 1921 οὐ
2989 1867 3088 1937 τῆς
3113 1864 3328 1934 φύσεώς
3359 1866 3528 1928 ἐστιν,
3560 1862 3677 1918 ἀλλ’

2096 1948 2297 2013 ἐξωθεν
2318 1949 2792 2021 περιϐαλλόμενος.
2819 1951 2884 2003 Τί
2909 1949 2989 2011 δὲ,
3011 1948 3132 2003 εἰπέ
3166 1964 3280 2020 μοις
3317 1950 3470 2001 ποῖον
3516 1947 3677 2018 σῶμα

2099 2031 2315 2102 ἰσχυρόν
2340 2032 2521 2099 ἐστιν;
2543 2034 2642 2104 οὐχ
2667 2034 2803 2104 ὅπερ
2849 2032 2916 2087 ἂν
2948 2034 3190 2100 ὑγιαῖνον
3212 2026 3268 2105 ᾖ,
3299 2033 3394 2085 καὶ
3418 2032 3559 2103 μήτε
3598 2031 3680 2087 λι-

2099 2115 2207 2186 μῷ,
2257 2116 2396 2187 μήτε
2453 2116 2760 2187 πλησμονῇ.
2804 2116 2941 2186 μήτε
2998 2115 3181 2186 ψύχει,
3244 2116 3383 2186 μήτε
3434 2112 3682 2185 καύματι

2098 2196 2408 2267 ἁλίσκηταιο
2438 2196 2471 2267 ἢ
2500 2198 2560 2251 τὸ
2587 2198 2721 2268 πρὸς
2756 2198 2934 2252 πάντα
2962 2198 3136 2252 ταῦτα
3160 2197 3544 2266 ὑποκείμενον,
3582 2196 3676 2249 καὶ

2100 2278 2249 2352 [164]
2278 2280 2688 2349 τραπεζοποιῶν
2718 2279 2811 2333 καὶ
2857 2279 3108 2348 ὑφαντῶν
3136 2278 3232 2332 καὶ
3254 2278 3533 2349 θηρευτῶν
3582 2278 3675 2331 καὶ

2102 2361 2301 2433 ἰατρῶν
2337 2361 2608 2432 δεόμενον,
2660 2362 2747 2414 ἵνα
2790 2361 3042 2435 ὑγιαίνῃ;
3099 2361 3342 2424 Ἐκεῖνός
3374 2363 3491 2413 ἐστι
3517 2359 3677 2414 πλού⁶

2101 2460 2233 2508 σιος,
2265 2445 2294 2497 6
2325 2444 2492 2508 ὅντως
2519 2444 2826 2514 φιλόσοφος,
2852 2446 2881 2498 6
2912 2443 3138 2513 μηδενὸς
3169 2441 3374 2496 τούτων
3405 2442 3675 2513 δεόμενος.

2099 2527 2198 2580 Διά
2221 2526 2378 2581 τοῦτο
2401 2529 2430 2580 6
2455 2529 2724 2599 μακάριος
2758 2519 2913 2591 οὗτος
2934 2526 3141 2595 ἔλεγεν·
3160 2524 3506 2597 Ἐκτρέέρετε
3526 2527 3681 2580 αὐτὰ

2098 2616 2169 2670 ἐν
2196 2615 2433 2683 παιδείᾳ
2465 2617 2562 2670 καὶ
2593 2616 2880 2685 νουθεσίᾳ
2900 2619 3141 2687 Κυρίου.
3179 2618 3273 2689 Μὴ
3297 2618 3479 2673 τοίνυν
3527 2618 3682 2689 θριγ-

2101 2699 2193 2753 κία
2220 2698 2418 2765 ἔξωθεν
2449 2700 2823 2771 περιϐάλλετε·
2877 2700 3033 2754 τοῦτο
3057 2700 3164 2772 γάρ
3188 2702 3217 2754 6
3250 2700 3499 2763 πλοῦτος,
3524 2698 3683 2754 τοῦτο

2100 2784 2135 2853 ἡ
2164 2780 2308 2847 δόξα.
2366 2783 2535 2836 Ὅταν
2562 2783 2671 2855 γὰρ
2694 2782 2866 2837 ταῦτα
2891 2784 3196 2856 καταπέσῃ,
3233 2781 3572 2839 καταπίπτει
3600 2781 3677 2847 δέ,

2100 2866 2304 2936 γυμνὸν
2349 2865 2548 2936 ἕστηκε
2577 2867 2670 2919 καὶ
2695 2866 2963 2921 εὐάλωτον
2990 2867 3050 2921 τὸ
3088 2867 3275 2937 φυτὸν,
3296 2868 3359 2920 οὐ
3391 2866 3550 2937 μόνον
3591 2866 3682 2918 οὐ·

2101 2948 2190 3002 δὲν
2212 2947 2474 3019 κερδᾶναν
2508 2950 2567 3002 ἐν
2590 2947 2670 3019 τῷ
2697 2949 3021 3018 παρελθόντι
3055 2950 3253 3021 χρόνῳ,
3285 2948 3423 3002 ἀλλά
3443 2947 3538 3002 καὶ
3564 2946 3685 3018 βλα-

2102 3029 2212 3083 ϐέν.
2246 3030 2463 3084 Ἐκεῖνα
2483 3029 2592 3101 γὰρ
2611 3030 2682 3084 τά
2706 3031 2928 3101 θριγκία
2953 3031 3022 3085 τά
3048 3030 3325 3085 κωλύοντα
3355 3030 3485 3084 αὐτὸ
3526 3031 3686 3098 ἐγγυ-

2108 3112 2407 3185 μνάζεσθαι
2440 3113 2577 3183 πρὸς
2623 3112 2724 3178 τὰς
2782 3114 2892 3168 τῶν
2947 3114 3165 3185 ἀνέμων
3213 3111 3542 3185 προσϐολάς,
3590 3111 3684 3166 νῦν

2103 3196 2300 3269 ἀθρόον
2328 3197 2657 3250 καταπεσεῖν
2683 3196 3116 3267 παρεσκεύασεν.

2180 3329 2344 3387 ’Ὥστε
2404 3332 2632 3404 βλάπτει
2689 3333 2889 3404 μᾶλλον
2929 3333 2961 3385 6
2999 3331 3258 3397 πλοῦτος,
3319 3330 3683 3401 ἀμελετήτους

2108 3416 2542 3488 παρασκευάζων
2566 3416 2701 3488 πρὸς
2729 3416 2828 3479 τάς
2863 3415 3177 3488 ἀνωμαλίας
3201 3414 3295 3467 τοῦ
3337 3414 3472 3486 βίου.
3500 3410 3686 3466 Τοιού-

2105 3516 2234 3565 τους
2300 3499 2481 3553 τοίνυν
2532 3498 3043 3570 παρασκευάζωμεν
3092 3498 3219 3561 τοὺς
3276 3497 3490 3560 παῖδας,
3544 3496 3682 3550 ὥστε

2107 3581 2364 3636 δύνασθαι
2391 3581 2525 3653 πρὸς
2555 3583 2730 3636 πάντα
2746 3581 3012 3651 ἀντέχειν,
3035 3580 3129 3635 καὶ
3151 3579 3226 3652 μὴ
3251 3579 3549 3646 ξενίζεσθαι
3574 3579 3685 3641 τοῖς

2111 3664 2374 3717 ἐπιοῦσιν·
2442 3663 2797 3734 ἐκτρέφωμεν
2849 3664 3046 3728 αὐτοὺς
3109 3666 3166 3717 ἐν
3201 3662 3420 3734 παιδείᾳ
3452 3662 3544 3716 καὶ
3572 3677 3686 3714 νου-

2112 3745 2269 3816 θεσίᾳ
2293 3746 2523 3816 Κυρίου,
2556 3747 2650 3800 καὶ
2677 3746 2842 3809 πολὺς
2873 3747 3000 3817 ἡμῖν
3025 3746 3054 3799 6
3080 3744 3272 3814 μισθὸς
3310 3744 3682 3799 ἀποκείσεται.

2112 3829 2178 3881 Εἰ
2198 3829 2307 3900 γὰρ
2331 3827 2608 3900 ἄνθρωποι
2635 3829 2928 3900 ἀγάλματα
2956 3829 3237 3892 ποιοῦντες
3270 3828 3553 3899 βασιλέων,
3592 3829 3688 3881 καὶ

2112 3910 2329 3974 εἰκόνας
2388 3911 2724 3982 γράφοντες,
2782 3912 3051 3982 τοσαύτης
3111 3909 3442 3965 ἀπολαύουσι
3498 3910 3687 3980 τιμῆς⁶

2114 3994 2275 4063 ἡμεῖς
2326 3993 2427 4065 τὴν
2478 3992 2760 4065 βασιλικὴν
2794 3993 2978 4047 εἰκόνα
3018 3992 3452 4058 καλλωπίζοντες
3492 3982 3691 4063 ’(είκὼν

2114 4077 2221 4149 γὰρ
2242 4075 2334 4129 τοῦ
2359 4074 2538 4130 Θεοῦὸ
2568 4066 2897 4148 ἄνθρωπος),
2958 4076 3020 4128 οὐ
3058 4075 3268 4147 μυρίων
3310 4074 3692 4146 ἀπολαύσομεν

2113 4159 2223 4213 τῶν
2242 4158 2483 4226 ἀγαθῶν,
2499 4158 2560 4212 τὸ
2580 4153 2704 4213 καθ’
2723 4158 2980 4230 ὁμοίωσιν
3000 4158 3370 4225 ἀποδιδόντες;
3390 4158 3560 4211 Τοῦτο
3579 4157 3687 4229 γάρ

2115 4244 2265 4296 ἐστιν
2294 4242 2500 4313 ὅμοιον,
2534 4244 2568 4314 ἠ
2591 4242 2691 4312 τῆς
2718 4241 2895 4313 ψυχῆς
2916 4242 3105 4313 ἀρετὴ,
3129 4243 3258 4296 ὅταν
3287 4241 3526 4311 ἀγαθοὺς
3552 4235 3693 4295 εἶναι

2116 4324 2495 4395 παιδεύσωμεν
2550 4326 2677 4389 τοὺς
2721 4328 2936 4391 παῖδας,
2989 4326 3116 4379 ὅταν
3172 4326 3508 4397 ἀοργήτους,
3566 4324 3697 4376 ὅταν

2117 4409 2546 4480 ἀμνησικάκους·
2582 4407 2756 4463 ταῦτα
2785 4408 2966 4463 πάντα
3001 4407 3138 4461 Θεοῦ
3170 4408 3298 4473 ἴδια,
3331 4408 3459 4462 ὅταν
3480 4408 3697 4478 εὐεργε-

2116 4494 2324 4556 τικοὺς,
2359 4494 2489 4547 ὅταν
2550 4492 2987 4563 φιλανθρώπους,
3038 4492 3165 4546 ὅταν
3197 4492 3575 4560 παιδεύσωμεν
3627 4491 3699 4544 τά

2118 4576 2359 4647 παρόντα
2391 4575 2556 4646 μηδὲν
2609 4574 2881 4645 ἡγεῖσθαι.
2942 4575 3114 4629 Τοῦτο
3151 4574 3330 4629 τοίνυν
3378 4576 3508 4645 ἡμῖν
3539 4573 3699 4644 ἔργον

2118 4660 2259 4713 ἔστω
2281 4659 2375 4713 καὶ
2417 4658 2665 4722 ἑαυτοὺς,
2696 4659 2983 4722 κάκείνους
3005 4658 3263 4713 πλάττειν
3293 4660 3385 4711 καὶ
3416 4658 3700 4729 ῥυθμίζειν

2118 4745 2199 4806 είς
2232 4742 2368 4795 δέον
2409 4741 2533 4794 ἐπεὶ
2569 4740 2700 4811 ποίᾳ.
2723 4742 3007 4812 παρρησία
3028 4738 3338 4812 στησόμεθα
3389 4738 3701 4812 ἔμπροσθεν

2118 4826 2212 4880 τοῦ
2236 4825 2478 4896 βήματος
2500 4823 2594 4877 τοῦ
2620 4823 2886 4896 Χριστοῦ;
2930 4826 2991 4879 Εἰ
3010 4825 3119 4896 γὰρ
3148 4824 3451 4895 ἐπισκοπῆς
3482 4823 3699 4889 ἀνάξιος

2084 4932 2087 4979 γ
2119 4909 2148 4962 6
2176 4909 2370 4971 παῖδας
2408 4908 2814 4970 ἀνυποτάκτους
2847 4907 3008 4977 ἔχων,
3034 4907 3213 4978 πολλῷ
3243 4906 3444 4977 μᾶλλον
3473 4907 3574 4976 τῆς
3600 4905 3700 4977 βα-

2087 5006 2090 5029 ι
2123 4991 2327 5054 σιλείας
2358 4989 2467 5045 τῶν
2501 4989 2763 5060 οὐρανῶν.
2799 4990 2864 5043 Τί
2898 4991 3111 5059 λέγειςς
3158 4991 3264 5045 κάν
3300 4991 3537 5060 γυναῖκα
3564 4989 3698 5043 ἀτα-

2121 5090 2250 5127 κτον
2283 5073 2517 5143 ἔχωμεν,
2554 5073 2658 5126 κᾶν
2690 5073 2908 5138 παῖδας,
2938 5073 3170 5136 εὐθύνας
3205 5072 3504 5145 ὑφέξομεν;
3571 5072 3699 5135 Ναὶ,

2121 5157 2218 5210 ἐὰν
2248 5155 2323 5228 μὴ
2352 5155 2490 5226 μετά
2530 5155 2816 5227 ἀκριϐείας
2846 5156 2916 5210 τά
2953 5159 3080 5229 παρ’
3126 5155 3337 5210 ἑαυτῶν
3370 5156 3702 5221 εἰσενέγκω-

2126 5257 2247 5311 μεν·
2276 5241 2336 5292 οὐ
2370 5239 2479 5312 γάρ
2510 5240 2673 5311 ἀρκεῖ
2700 5242 2832 5312 ἡμῖν
2866 5242 2900 5312 ἡ
2933 5241 3111 5295 οἰκεία
3136 5240 3308 5310 ἀρετὴ
3353 5239 3490 5310 πρὸς
3530 5255 3706 5308 σωτη-

2126 5324 2269 5395 ρίαν.
2295 5325 2359 5377 Εί
2384 5323 2493 5396 γάρ
2516 5326 2546 5378 6
2579 5325 2638 5378 τὸ
2658 5326 2917 5379 τάλαντον
2944 5326 3006 5381 τὸ
3036 5324 3097 5377 ἐν
3138 5326 3213 5395 μὴ
3241 5323 3704 5394 καταϐαλόμενος,

2124 5406 2274 5461 οὐδὲν
2304 5408 2610 5480 ἐκέρδανεν,
2639 5408 2773 5463 ἀλλά
2811 5408 2901 5463 καὶ
2929 5408 3073 5462 οὕτω
3106 5407 3412 5473 κολάζεταιο
3440 5406 3597 5477 δῆλον
3624 5406 3704 5458 δτι

2125 5491 2227 5543 οὐκ
2255 5491 2415 5560 ἀρκεῖ
2438 5492 2472 5562 ὴ
2500 5492 2677 5545 οίκεία
2712 5490 2882 5563 ἀρετὴ
2910 5492 2991 5554 εἰς
3012 5492 3309 5561 σωτηρίαν,
3337 5489 3472 5543 ἀλλά
3503 5488 3583 5542 δεῖ
3609 5486 3703 5541 καὶ

2128 5572 2230 5641 τῆς
2260 5570 2469 5643 ἐτέρου.
2504 5573 2713 5644 Πολλὴν
2740 5573 2921 5627 τοίνυν
2955 5572 3240 5644 ποιώμεθα
3266 5572 3362 5627 καὶ
3386 5571 3495 5626 τῶν
3511 5587 3702 5640 γυναι-

2128 5655 2242 5709 κῶν
2269 5656 2543 5727 φροντίδα,
2578 5656 2777 5728 πολλὴν
2806 5655 3028 5711 καὶτῶν
3059 5655 3266 5709 παίδων
3304 5656 3561 5727 πρόνοιαν
3609 5652 3705 5708 καὶ

2129 5738 2237 5792 τῶν
2257 5739 2716 5813 οἰκετῶν,πολλὴν
2736 5742 2830 5795 καὶ
2859 5739 3016 5813 ἡμῶν
3040 5739 3243 5805 αὐτῶν,
3272 5740 3366 5794 καὶ
3393 5740 3452 5792 ἐν
3475 5738 3555 5811 τῷ
3579 5738 3704 5792 ἐαυ-
