4092 6488
470 550 580 611 155

468 675 580 729 sint
612 671 715 726 viri
744 669 1064 727 triobolares
1093 676 1149 724 et
1177 681 1358 734 canes,
1380 667 1481 722 hac
1510 671 1759 731 suscepta
1801 657 2075 714 triobolari

471 762 1002 838 philosophia(talis
1048 770 1133 819 est
1177 761 1320 816 enim
1365 757 1630 827 Grmca),
1670 756 1778 810 imo
1809 767 1936 807 vero
1968 766 2073 804 non

467 860 609 930 ipsa,
627 857 725 915 sed
747 857 863 927 ejus
886 859 1139 921 nomine;
1164 852 1334 910 induti
1358 851 1519 922 pallio
1534 857 1590 906 et
1610 849 1815 904 alentes
1836 858 2069 908 comam,

469 953 671 1008 mullos
715 950 927 1023 pudore
968 947 1215 1005 afﬁciunt
1242 964 1256 999 :
1290 954 1488 1016 quanto
1521 945 1688 1013 magis
1717 943 1807 1012 qui
1838 950 1920 996 est
1946 952 2075 995 vere

472 1041 863 1115 philosophus?
890 1040 947 1096 Si
975 1040 1140 1095 falsus
1172 1038 1406 1103 habitus,
1427 1037 1470 1091 si
1500 1033 1853 1105 philosophia:
1881 1030 2071 1087 umbra

468 1152 735 1209 apparens
762 1137 835 1190 ita
858 1133 1069 1190 extollit
1096 1150 1109 1187 :
1138 1130 1265 1202 quid
1284 1173 1300 1198 ,
1330 1130 1376 1186 si
1403 1144 1584 1185 veram
1612 1136 1666 1182 et
1692 1127 1954 1181 sinceram
1984 1122 2068 1177 di-

467 1232 694 1299 ligamus
716 1225 1151 1298 philosophiam?
1168 1237 1345 1278 annon
1367 1235 1556 1277 omnes
1574 1218 1793 1275 colent?
1812 1232 1989 1271 annon
2014 1223 2068 1270 et

464 1324 661 1378 domos
686 1329 743 1377 et
770 1333 969 1375 uxores
997 1326 1053 1373 et
1078 1317 1276 1372 liberos
1308 1316 1373 1369 iis
1402 1313 1490 1385 qui
1516 1321 1642 1368 sunt
1666 1308 1929 1380 ejusmodi
1954 1316 2064 1361 tra-

466 1415 598 1470 dent
625 1423 681 1469 et
711 1412 1052 1467 committent
1089 1424 1211 1464 eum
1258 1408 1424 1461 multa
1471 1403 1795 1460 securitate?
1823 1399 1927 1455 Sed
1959 1414 2065 1452 non

465 1518 579 1570 est,
613 1522 719 1560 non
767 1512 853 1559 est
892 1517 1034 1558 nunc
1062 1500 1327 1571 ejusmodi
1358 1497 1707 1569 philosophus
1737 1512 1750 1546 :
1782 1502 2063 1563 propterea

465 1614 567 1654 nec
592 1596 900 1665 exemplum
928 1595 1052 1649 licet
1078 1594 1339 1647 invenire.
1364 1590 1495 1647 Nam
1524 1597 1651 1643 sunt
1676 1587 1893 1658 quidem
1924 1586 2065 1638 inter

468 1689 782 1751 monachos,
817 1692 958 1741 inter
983 1684 1283 1740 mundanus
1311 1694 1489 1737 autem
1516 1696 1611 1735 seu
1640 1678 1925 1733 saeculares
1954 1690 2060 1729 non

465 1790 594 1837 sunt
617 1780 867 1850 amplius.
900 1779 967 1833 Et
1000 1776 1141 1848 quod
1183 1777 1290 1829 sint
1324 1775 1463 1829 inter
1495 1771 1809 1835 monachos,
1839 1775 2063 1838 possunt

466 1873 623 1929 multi
649 1871 892 1942 produci,
922 1869 1099 1924 dicam
1141 1878 1317 1921 tamen
1349 1881 1511 1920 unum
1542 1880 1606 1919 ex
1641 1861 1843 1916 multis.

538 1966 740 2020 Juliani
765 1963 998 2017 monachi
1021 1958 1456 2015 laudes.—-Seitis
1483 1958 1664 2026 utique
1686 1964 1740 2009 et
1760 1946 2069 2014 audivistis,

469 2068 525 2112 et
555 2058 755 2112 vidistis
777 2056 935 2110 etiam
965 2052 1228 2116 nonnulli,
1256 2051 1431 2105 virum
1462 2064 1620 2120 quem
1646 2062 1764 2102 sum
1784 2044 2057 2108 dicturus;

464 2152 731 2206 Julianum
756 2150 879 2204 dico
910 2147 1060 2202 illum
1091 2142 1487 2200 admirandum.
1537 2140 1635 2195 Hic
1662 2147 1777 2194 erat
1802 2136 2056 2201 rusticus,

461 2242 680 2297 humilis
704 2250 759 2295 et
788 2240 974 2293 humili
1006 2239 1125 2293 loco
1150 2246 1325 2303 natus,
1356 2245 1412 2291 et
1440 2248 1539 2290 nec
1573 2241 1812 2289 externae
1841 2228 2056 2300 quidem

454 2335 773 2388 eruditionis
800 2332 1024 2387 omnino
1056 2331 1282 2400 peritus,
1305 2328 1399 2383 sed
1431 2343 1536 2380 non
1570 2326 1691 2379 [icta
1730 2332 1787 2378 et
1810 2321 2055 2378 simulata

455 2426 793 2497 philosophia
841 2424 1096 2494 repletus.
1132 2421 1244 2477 Hoc
1275 2419 1609 2490 ingrediente
1647 2417 1890 2471 civitates
1916 2412 2057 2484 (hoc

450 2529 631 2574 autem
665 2534 786 2573 raro
810 2516 1026 2587 ﬁebat),
1051 2530 1225 2585 neque
1248 2512 1554 2567 oratoribus
1578 2524 1750 2579 neque
1775 2506 2052 2577 sophistis,

452 2626 627 2682 neque
679 2610 791 2664 ullo
844 2610 950 2663 alio
999 2605 1364 2677 ingrediente,
1404 2611 1585 2657 tantus
1627 2602 1787 2655 fiebat
1828 2611 2057 2653 concur-

450 2720 564 2759 sus.
596 2702 734 2770 Quid
762 2711 942 2757 autem
970 2699 1138 2754 dico?
1169 2713 1347 2753 nonne
1375 2711 1572 2751 nomen
1605 2693 1721 2761 ejus
1750 2705 1894 2746 nunc
1916 2702 2051 2758 quo-

445 2810 554 2864 que
581 2793 781 2849 clarius
812 2792 1130 2847 deeautatur
1170 2805 1330 2860 quam
1378 2786 1691 2858 quorumvis
1733 2783 1966 2854 regum?
1995 2781 2051 2836 Si

442 2898 628 2942 autem
667 2886 783 2941 haec
826 2886 959 2939 fiunt
994 2886 1048 2939 in
1088 2883 1190 2939 hoc
1236 2882 1465 2949 mundo,
1500 2881 1551 2935 in
1599 2879 1802 2934 mundo
1850 2878 1899 2930 in
1940 2889 2050 2946 quo

452 2982 593 3035 heus
620 2979 756 3033 nihil
786 2977 942 3033 nobis
972 2976 1104 3031 boni
1130 2975 1396 3046 promisit,
1426 2975 1480 3027 in
1521 2986 1627 3041 quo
1653 2984 1752 3024 nos
1778 2968 1911 3023 dixit
1931 2981 2052 3022 esse

446 3074 721 3143 hoSpites;
752 3074 1052 3143 cogitemus
1080 3071 1131 3124 in
1164 3070 1310 3124 caelis
1357 3076 1556 3137 quanta
1604 3073 1765 3121 erunt
1796 3064 1933 3118 bona
1961 3076 2046 3116 re-

444 3169 617 3236 posita
651 3186 663 3221 :
696 3166 743 3221 si
770 3167 859 3221 ubi
885 3173 1040 3220 erant
1070 3164 1313 3229 advenae,
1345 3170 1549 3215 tantum
1595 3167 1920 3230 acceperunt
1948 3154 2047 3209 ho-

441 3276 661 3326 norem;
707 3259 797 3313 ubi
843 3267 967 3312 sunt
1019 3255 1296 3319 civitates,
1342 3262 1597 3323 quantam
1648 3256 2048 3318 consequentur

436 3352 708 3422 gloriam?
735 3353 779 3405 si
811 3351 898 3404 ubi
928 3348 1176 3420 promisit
1215 3345 1587 3410 afﬂictionem,
1623 3351 1799 3397 tantus
1826 3348 1908 3395 est
1933 3338 2045 3393 cul-

437 3453 562 3507 tus;
593 3442 679 3496 ubi
711 3442 850 3496 bona
884 3454 1014 3494 vere
1050 3447 1134 3494 est
1169 3437 1463 3506 pollicitus,
1494 3442 1695 3504 quanta
1722 3432 1824 3487 erit
1852 3430 2045 3501 quies?

433 3536 543 3592 Sed
570 3535 728 3590 vultis
773 3533 1073 3589 mundanos
1111 3532 1273 3587 etiam
1316 3545 1413 3585 seu
1457 3529 1748 3584 saeculares
1787 3523 2042 3580 ostenda-

436 3630 592 3686 mus?
630 3629 783 3684 Nunc
808 3627 1025 3699 quidem
1057 3642 1163 3680 non
1196 3624 1501 3680 habemus;
1521 3638 1641 3677 nam
1674 3630 1796 3675 sunt
1822 3618 2039 3688 quidem

435 3726 667 3779 fortasse
708 3722 965 3777 Inundaui
997 3721 1120 3775 boni
1147 3729 1203 3774 et
1231 3718 1402 3787 probi,
1434 3717 1527 3772 sed
1558 3716 1647 3785 qui
1679 3719 1745 3769 ad
1776 3726 2038 3767 summam

433 3834 547 3872 non
589 3817 912 3887 perveniunt
957 3814 1371 3884 philosophiam.
1402 3809 1763 3878 Quamobrem
1794 3822 1857 3862 ex
1890 3814 2039 3860 vete-

432 3909 584 3964 ribus
627 3916 682 3963 et
720 3906 921 3962 sanctis
968 3905 1143 3960 dicam
1184 3904 1337 3958 vobis
1380 3901 1647 3971 exempla.
1682 3901 1849 3967 Quam
1884 3896 2037 3951 multi

426 4000 525 4071 qui
552 4014 750 4055 uxores
796 3998 1056 4052 habebant
1080 4039 1095 4064 ,
1137 4005 1192 4051 et
1229 3995 1369 4050 filios
1398 3995 1636 4059 alebant,
1672 3991 1803 4046 nihil
1835 3991 2035 4050 minus,

430 4093 611 4159 nihil,
664 4094 915 4162 inquam,
964 4091 1145 4145 minus
1198 4088 1504 4143 habuerunt
1554 4100 1713 4156 quam
1763 4083 1852 4154 qui
1911 4081 2037 4135 dicti

426 4189 602 4241 sunt?
630 4185 736 4241 Sed
774 4199 916 4239 nunc
957 4198 1063 4237 non
1104 4182 1231 4237 licet
1274 4190 1491 4251 prepter
1532 4179 1821 4232 instantem
1851 4188 2038 4228 neces-

423 4282 679 4342 sitatem,
726 4278 872 4332 sicut
910 4276 1043 4330 dicit
1086 4274 1171 4328 hic
1214 4273 1425 4327 beatus.
1480 4269 1650 4336 Quem
1696 4281 1826 4337 ergo
1873 4263 2036 4318 vultis

422 4373 648 4429 dicam?
673 4371 808 4437 Noe,
838 4386 905 4425 an
933 4368 1244 4425 Abraham?
1274 4381 1343 4420 an
1374 4363 1532 4433 hujus
1564 4362 1826 4424 filium,an
1858 4356 2036 4411 illius?

422 4486 494 4523 an
540 4466 788 4536 Joseph?
820 4463 927 4519 Sed
959 4463 1118 4516 vultis
1149 4460 1426 4515 veniamus
1458 4456 1525 4511 ad
1554 4450 1888 4525 prophetas?
1920 4448 2033 4503 Mo-

421 4578 563 4629 sem,
595 4561 835 4631 inquam,
871 4558 1082 4612 Isaiam.

494 4658 551 4712 4.
583 4656 724 4723 Sed,
757 4656 801 4710 si
840 4653 1034 4718 vultis,
1066 4651 1366 4707 orationem
1400 4647 1730 4703 attrahamus
1760 4645 1825 4698 ad
1866 4643 2035 4697 Abra-

424 4753 591 4812 ham,
622 4764 782 4819 quem
827 4748 1059 4801 maxime
1098 4759 1287 4799 omnes
1332 4743 1487 4798 nobis
1527 4755 1743 4809 semper
1779 4738 2031 4793 afferunt.

420 4846 621 4897 Annon
649 4842 879 4895 habebat
903 4855 1149 4903 nitorem,
1175 4853 1352 4891 annon
1382 4833 1614 4890 liberos?
1639 4848 1738 4903 ego
1760 4832 1902 4888 enim
1932 4830 2034 4884 hoc

422 4936 580 4991 vobis
618 4935 742 4988 dico
767 4975 782 4999 ,
825 4933 966 5003 quod
1010 4947 1106 4986 vos
1150 4930 1325 4985 nobis.
1373 4928 1614 4982 Habebat
1647 4940 1905 4990 uxorem;
1938 4921 2033 4977 sed

421 5044 533 5083 non
564 5028 818 5097 quoniam
852 5026 1082 5079 habebat
1112 5038 1358 5082 uxorem.
1388 5030 1505 5077 erat
1532 5018 1866 5074 admirabilis
1894 5035 1907 5071 :
1938 5017 2035 5071 ha—

419 5120 587 5174 bebat
618 5118 900 5186 pecunias;
926 5118 1019 5171 sed
1054 5132 1159 5169 non
1193 5114 1318 5185 quia
1352 5113 1608 5184 pecunias
1637 5110 1886 5174 habebat,
1920 5109 2034 5178 pla-

413 5215 536 5270 cuit
561 5214 668 5267 Deo
694 5232 707 5269 :
740 5212 976 5266 habebat
1004 5210 1179 5274 lilios;
1209 5208 1302 5263 sed
1332 5223 1436 5262 non
1466 5205 1585 5275 quia
1616 5204 1752 5258 filios
1781 5202 2029 5267 habebat,

417 5305 745 5361 censebatur
792 5304 982 5358 beatus
1013 5320 1024 5355 :
1059 5309 1330 5356 trecentos
1370 5299 1555 5354 decem
1598 5306 1649 5352 et
1690 5306 1812 5350 octo
1851 5294 2032 5347 habuit

416 5411 618 5451 vcrnas
644 5413 657 5459 ;
688 5396 783 5450 sed
820 5412 924 5448 non
960 5395 1081 5448 ideo
1112 5393 1407 5447 habebatur
1438 5391 1492 5443 in
1523 5389 1897 5443 admiratione.
1926 5385 2030 5441 Sed

412 5491 502 5544 vis
547 5490 686 5544 scire
730 5488 1001 5542 undenam
1046 5486 1375 5541 haberetur?
1408 5484 1484 5538 Ex
1531 5481 1932 5551 hospitalitate,
1964 5494 2030 5533 ex

414 5583 665 5652 pecuniae
695 5580 975 5651 despectu,
1008 5597 1071 5634 ex
1116 5580 1372 5633 modestia
1404 5590 1457 5631 et
1489 5575 1860 5645 temperantia.
1892 5572 2030 5639 Quid

412 5675 587 5737 enim,
620 5673 939 5742 die,qu:cso,
975 5671 1316 5741 philosophi?
1343 5686 1519 5723 annon
1563 5668 1813 5735 j'ecunias
1840 5677 1891 5721 et
1916 5666 2031 5736 glo-

412 5766 557 5820 riam
583 5764 886 5833 deSpirere,
918 5765 1113 5819 invidia
1140 5773 1195 5819 et
1222 5765 1409 5834 quavis
1435 5762 1597 5816 animi
1627 5760 2029 5830 perturbatione

412 5866 470 5911 et
515 5856 837 5923 :cgritudine
880 5874 1001 5912 esse
1045 5855 1422 5926 superiorem?
1470 5857 1582 5924 Age
1624 5869 1755 5924 ergo
1800 5867 1923 5906 eum
1974 5851 2025 5905 in

413 5951 657 6004 medium
685 5951 972 6005 adductum
998 5964 1280 6015 exuamus,
1307 5958 1359 6003 et
1387 5948 1536 6002 vobis
1558 5947 1906 6001 ostendamus
1931 5959 2027 5998 cu-

408 6042 652 6111 jusmodi
682 6053 828 6099 esset
855 6042 1230 6117 philosophus.
1263 6040 1505 6097 Primum
1532 6038 2024 6095 nihilexistinntbat

1367 548 1434 606 IN
1472 546 1689 604 EPIST.
1731 544 1824 599 AD
1864 538 2106 597 EPHES.
2149 536 2301 592 CAP.
2345 537 2433 593 Vl.
2475 538 2705 595 HOMIL.
2739 538 2885 596 XXI.

3680 547 3781 604 454

2182 669 2303 709 esse
2332 657 2556 723 patriam
2585 672 2599 710 :
2630 655 2882 725 Egredere
2910 655 3074 721 enim,
3108 656 3332 725 audivit,
3365 674 3428 712 ea:
3455 668 3589 713 terra
3620 675 3705 714 tua
3735 673 3782 715 rt

2181 762 2244 799 ea:
2271 747 2569 816 cognatione
2596 756 2682 800 tua
2709 746 2727 813 (
2745 745 2872 801 Gen.
2906 745 2992 800 12.
3026 748 3051 802 l
3082 748 3135 817 );
3177 756 3233 802 et
3272 750 3451 803 statim
3484 761 3566 806 est
3594 766 3778 822 egres-

2180 853 2291 893 sus.
2320 838 2437 893 Non
2464 838 2563 893 fuit
2589 839 2770 894 domui
2801 840 3048 909 alligatus
3077 858 3091 894 :
3120 856 3306 896 revera
3336 841 3481 897 enim
3505 858 3611 898 non
3636 855 3780 901 esset

2178 945 2456 1000 egressus;
2486 945 2593 984 non
2621 930 2871 984 amicitia:
2898 931 3327 996 consuetudinis,
3361 947 3467 986 non
3498 934 3593 987 ulli
3622 935 3777 989 alteri

2179 1024 2280 1079 rei.
2312 1022 2483 1079 Porro
2513 1022 2745 1077 maxime
2784 1023 3023 1077 omnium
3066 1023 3290 1093 gloriam
3330 1023 3576 1093 despexit
3603 1035 3656 1080 ct
3686 1041 3778 1095 pe-

2176 1118 2365 1174 cunias
2397 1135 2410 1171 :
2439 1116 2688 1172 confecto
2720 1118 2864 1171 enim
2905 1116 3065 1186 bello,
3097 1115 3335 1187 fusisque
3364 1133 3427 1171 ac
3456 1117 3651 1188 fugatis
3679 1117 3777 1172 ho-

2174 1208 2368 1275 stibus,
2398 1223 2521 1263 cum
2549 1219 2829 1279 rogaretur
2857 1208 3101 1278 accipere
3127 1208 3321 1279 spolia,
3352 1211 3635 1263 recusavit.
3666 1209 3772 1264 Sed

2173 1300 2290 1372 ejus
2321 1300 2461 1357 filius
2492 1318 2680 1357 rursus
2710 1316 2817 1356 non
2848 1300 3147 1356 habebatur
3173 1301 3225 1354 in
3258 1300 3613 1356 admiratione
3647 1316 3771 1370 pro.

2172 1403 2295 1466 pter
2324 1395 2599 1464 pecunias,
2634 1393 2730 1450 sed
2770 1402 2995 1465 propter
3024 1392 3474 1464 hospitalitatem;
3509 1407 3613 1445 non
3646 1407 3771 1461 pro-

2170 1496 2289 1557 pter
2318 1486 2517 1542 liberos
2542 1526 2557 1552 ,
2588 1486 2683 1541 sed
2724 1494 2943 1556 propter
2970 1484 3333 1541 obedientiam
3358 1502 3373 1550 ;
3405 1500 3510 1539 non
3549 1494 3772 1555 propter

2168 1595 2392 1637 uxorem
2420 1620 2435 1643 ,
2465 1579 2556 1634 sed
2588 1588 2810 1650 propter
2845 1578 3183 1634 sterilitatem
3216 1577 3268 1632 in
3302 1593 3489 1633 uxore.
3521 1577 3769 1631 Praesen-

2170 1682 2276 1729 tem
2320 1675 2481 1728 vitam
2515 1672 2647 1728 nihil
2687 1671 2993 1738 ducebant,
3029 1673 3269 1742 pecunia:
3300 1688 3405 1727 non
3438 1671 3766 1738 studebant,

2165 1765 2346 1819 omnia
2386 1764 2777 1836 despiciebant.
2826 1764 3000 1829 Nam,
3032 1764 3120 1819 dic
3161 1764 3330 1830 mihi,
3360 1779 3605 1833 quamam
3643 1770 3769 1817 sunt

2165 1861 2361 1930 plantae
2387 1861 2606 1930 optima:
2632 1867 2687 1914 et
2718 1859 3216 1929 praestantissime?
3246 1873 3423 1913 annon
3451 1874 3530 1913 eae
3556 1873 3673 1927 quae
3698 1873 3766 1911 ex

2164 1971 2224 2010 se
2252 1955 2453 2011 habent
2479 1954 2641 2020 vires,
2672 1965 2724 2009 et
2753 1969 2851 2008 nec
2879 1952 3141 2008 imbribus
3169 1967 3269 2007 nec
3290 1951 3636 2022 grandinibus
3664 1964 3766 2006 nec

2163 2057 2444 2102 ventorum
2474 2047 2699 2116 impetu,
2724 2060 2900 2114 neque
2927 2044 3031 2099 ulla
3054 2043 3155 2099 alia
3184 2042 3448 2111 ejusmodi
3475 2051 3764 2112 tempesta-

2165 2147 2275 2194 tum
2309 2138 2577 2193 laeduntur
2620 2137 3024 2209 inaequalitate,
3064 2135 3160 2191 sed
3200 2142 3345 2190 stant
3387 2134 3545 2190 nudae
3581 2132 3761 2189 omnia

2161 2231 2552 2301 despicientes,
2585 2240 2639 2286 et
2669 2245 2843 2301 neque
2879 2229 3035 2283 vallis
3076 2243 3250 2299 neque
3296 2227 3544 2283 maceriis
3590 2243 3763 2298 neque

2161 2325 2332 2393 septis
2361 2324 2646 2395 indigent?
2672 2323 2817 2377 Talis
2842 2331 2922 2377 est
2966 2320 3341 2391 philosomtus,
3375 2320 3505 2375 tales
3543 2319 3649 2373 illae
3678 2318 3762 2373 di-

2160 2416 2302 2470 vitia:
2335 2433 2347 2469 :
2377 2414 2507 2469 nihil
2537 2413 2718 2480 habet,
2748 2422 2803 2468 et
2834 2412 2993 2468 habet
3020 2413 3199 2467 omnia
3228 2427 3242 2477 ;
3275 2412 3456 2467 omnia
3497 2411 3677 2475 habet,
3707 2420 3763 2465 et

2159 2510 2291 2565 nihil
2319 2510 2499 2565 habet.
2530 2509 2713 2563 Murus
2744 2508 2889 2563 enim
2916 2522 3022 2561 non
3051 2515 3137 2562 est
3163 2505 3506 2571 intrinsecus,
3535 2504 3630 2559 sed
3659 2520 3758 2559 ex-

2161 2603 2426 2658 trinsecus
2451 2619 2464 2663 ;
2492 2601 2663 2655 vallus
2688 2613 2793 2653 non
2814 2606 2902 2654 est
2923 2607 3149 2663 naturae,
3174 2596 3267 2653 sed
3293 2606 3375 2652 est
3396 2595 3755 2650 extrinsecus.

2157 2694 2295 2764 Quid
2323 2693 2483 2748 vero?
2507 2691 2824 2761 dic,qua:so,
2856 2690 3125 2761 quodnam
3159 2705 3354 2759 corpus
3380 2699 3461 2744 est
3486 2688 3757 2742 validum?

2157 2789 2281 2843 idne
2319 2786 2460 2858 quod
2497 2794 2579 2841 est
2621 2800 2841 2848 sanum,
2875 2793 2929 2838 et
2956 2799 3129 2853 neque
3166 2783 3337 2848 fatue,
3372 2797 3547 2851 neque
3578 2781 3757 2851 reple.

2157 2882 2321 2947 tione,
2348 2894 2521 2950 neque
2544 2877 2759 2948 frigore,
2782 2890 2959 2945 neque
2979 2883 3112 2929 testu
3133 2884 3470 2943 expugnatur
3492 2891 3503 2925 :
3523 2889 3588 2926 an
3611 2872 3756 2943 quod

2154 2972 2410 3027 adversus
2443 2969 2556 3023 haec
2581 2969 2761 3023 omnia
2789 2979 2842 3022 et
2873 2981 3075 3021 mensae
3115 2965 3469 3020 structoribus
3495 2971 3551 3018 et
3580 2973 3756 3019 texto-

2104 3064 2115 3069 ”
2155 3066 2302 3120 ribus
2328 3072 2383 3120 et
2412 3062 2757 3118 venatoribus
2784 3069 2837 3114 et
2864 3060 3087 3113 medicis
3118 3058 3322 3128 indiget
3348 3067 3398 3112 ut
3426 3058 3497 3111 sit
3524 3059 3756 3110 sanum?

2154 3159 2245 3213 Ille
2273 3166 2355 3211 est
2384 3156 2555 3221 dives,
2586 3154 2674 3224 qui
2707 3167 2834 3207 vere
2867 3150 3241 3222 philosophus,
3276 3149 3423 3203 nullo
3452 3148 3641 3201 horum
3673 3149 3754 3201 in-

2152 3252 2314 3321 diget.
2359 3249 2652 3317 Propterea
2681 3245 2894 3301 dicebat
2938 3243 3025 3298 hic
3067 3243 3255 3298 beatus
3276 3283 3292 3309 ,
3324 3240 3557 3294 Educate
3584 3257 3670 3295 eos
3697 3241 3752 3294 in

2151 3342 2425 3408 disciplina
2459 3350 2505 3394 et
2554 3339 2763 3393 Domini
2802 3337 3168 3390 admonitione.
3210 3334 3286 3389 Ne
3326 3349 3455 3403 ergo
3490 3333 3659 3387 vallos
3696 3340 3752 3387 et

2149 3446 2299 3507 septa
2342 3435 2678 3489 extrinsecus
2717 3429 3137 3499 circumponatis
3170 3444 3182 3479 :
3214 3427 3316 3482 hoc
3339 3425 3482 3481 enim
3511 3432 3635 3479 sunt
3663 3423 3750 3478 di-

2149 3528 2308 3591 vitiae,
2341 3525 2442 3580 hoc
2467 3531 2551 3579 est
2575 3523 2766 3594 gloria.
2794 3518 3022 3588 Quando
3046 3519 3188 3573 enim
3215 3532 3277 3571 ea
3304 3515 3625 3581 deciderint,
3656 3513 3749 3568 dc-

2147 3618 2332 3672 eidunt
2356 3626 2558 3682 autem,
2584 3616 2764 3683 planta
2791 3620 2875 3666 est
2914 3610 3078 3676 nuda,
3110 3617 3167 3664 et
3207 3614 3518 3677 expugnata
3551 3602 3745 3669 facilis,

2148 3721 2204 3766 ut
2227 3727 2347 3782 quae
2374 3709 2648 3779 praeterito
2677 3716 2918 3773 tempore
2946 3719 3051 3758 non
3077 3702 3249 3757 solum
3275 3699 3407 3754 nihil
3436 3697 3564 3753 lucri
3591 3710 3748 3751 acce-

2146 3803 2304 3873 perit,
2333 3800 2428 3857 sed
2457 3801 2617 3854 etiam
2645 3798 2843 3853 damno
2872 3797 2950 3851 sic
2977 3794 3168 3849 affecta
3200 3811 3213 3847 :
3244 3791 3324 3845 illi
3362 3790 3502 3845 enim
3539 3788 3663 3842 valli
3692 3794 3748 3842 et

2142 3904 2292 3967 septa
2342 3910 2463 3965 qua:
2523 3891 2805 3962 prohibent
2856 3888 3140 3958 quominus
3191 3886 3432 3941 decertet
3481 3882 3741 3937 adversus

2144 3990 2373 4044 insullus
2401 3996 2720 4051 ventorum,
2763 3984 3005 4039 efficiunt
3040 3991 3097 4036 ut
3136 3994 3277 4035 nunc
3320 3986 3542 4048 repente
3581 3974 3743 4030 simul

2138 4084 2405 4140 concidat.

2215 4176 2417 4229 Divitias
2444 4174 2773 4244 qnandonam
2800 4173 3011 4227 lwdant.
3038 4199 3109 4211 ——
3132 4167 3297 4237 Magis
3327 4166 3506 4234 itaque
3542 4161 3743 4218 laedunt

2140 4270 2359 4334 divitize,
2391 4276 2451 4322 ut
2477 4282 2597 4336 qua:
2624 4264 2853 4320 reddant
2881 4264 3172 4331 imparatos
3197 4266 3253 4314 et
3281 4256 3501 4311 minime
3529 4253 3739 4308 exerci-

2140 4370 2281 4418 tatos
2309 4361 2568 4415 adversus
2596 4360 2719 4412 vitae
2751 4357 2960 4425 iniquos
2988 4368 3167 4408 casus.
3200 4350 3360 4405 Tales
3386 4362 3515 4418 ergo
3544 4345 3738 4401 redda-

2141 4470 2259 4511 mus
2282 4454 2441 4518 lilios,
2467 4462 2523 4506 ut
2548 4451 2754 4521 possint
2778 4448 3038 4503 adversus
3058 4443 3238 4499 omnia
3262 4441 3538 4502 resistere,
3566 4452 3740 4505 neque

2140 4564 2274 4604 nova
2305 4557 2359 4601 et
2394 4546 2569 4600 aliena
2613 4542 2898 4597 videantur
2932 4556 3053 4610 qum
3097 4538 3378 4592 incurrunt
3407 4551 3419 4589 :
3446 4532 3738 4589 educamus

2138 4643 2189 4697 in
2217 4639 2497 4708 disciplina
2519 4645 2574 4693 et
2597 4634 2965 4691 admonitione
2995 4630 3203 4685 Domini
3229 4670 3243 4693 ,
3276 4637 3331 4683 et
3359 4640 3549 4697 magna
3578 4622 3734 4677 nobis

2138 4741 2428 4804 reponetur
2454 4745 2682 4785 merces.
2712 4727 2844 4782 Nam
2866 4726 2911 4780 si
2937 4726 3179 4780 homines
3208 4720 3297 4791 qui
3324 4733 3510 4788 regum
3538 4715 3738 4770 faciunt

2137 4825 2442 4889 simulacra,
2473 4831 2527 4877 et
2556 4822 2779 4891 pingunt
2806 4817 3083 4887 imagines,
3113 4821 3316 4867 tantum
3355 4809 3615 4863 honorem
3643 4819 3734 4859 as-

2136 4926 2434 4987 sequuntur
2462 4932 2475 4967 :
2510 4928 2608 4968 nos
2638 4913 2729 4982 qui
2762 4910 2961 4980 regiam
2991 4919 3246 4960 ornamus
3285 4902 3570 4970 imaginem
3603 4896 3735 4969 (Dei

2134 5010 2277 5063 enim
2312 5010 2486 5078 imago
2514 5016 2595 5061 est
2625 5002 2846 5069 homo),
2880 5014 2985 5053 non
3017 4996 3172 5052 bonis
3213 4993 3454 5048 fruemur
3483 4995 3733 5044 innume-

2138 5101 2425 5165 rabilibus,
2457 5098 2508 5153 id
2552 5095 2837 5151 reddentes
2875 5088 3017 5161 quod
3060 5096 3142 5144 est
3182 5085 3249 5140 ad
3283 5082 3685 5138 similitudinem
3708 5079 3733 5131 Ἰ

2136 5194 2267 5248 Nam
2290 5193 2396 5246 hoc
2422 5199 2504 5246 est
2531 5188 2729 5251 simile,
2761 5185 2928 5238 virtus
2954 5181 3166 5244 animm,
3198 5175 3414 5248 quando
3444 5175 3579 5228 ﬁlios
3609 5188 3733 5227 eru-

2136 5288 2393 5343 dierimus
2429 5294 2487 5338 ut
2529 5284 2636 5337 sint
2677 5279 2799 5336 boni
2826 5319 2843 5346 ,
2874 5275 3089 5347 quando
3132 5282 3189 5326 ut
3233 5286 3336 5325 non
3366 5269 3470 5323 sint
3498 5266 3563 5320 ad
3599 5267 3730 5319 iram

2140 5380 2365 5451 prompti
2394 5422 2407 5443 ,
2436 5374 2652 5446 quando
2683 5381 2739 5427 ut
2768 5386 2873 5426 non
2906 5371 3011 5424 sint
3042 5366 3248 5436 injuria:
3278 5372 3583 5422 memores;
3619 5356 3732 5410 ha‘c

2136 5478 2313 5526 munia
2345 5479 2468 5525 sunt
2500 5470 2607 5523 Deo
2640 5464 2851 5535 prapria
2884 5480 2895 5516 :
2921 5460 3132 5532 quando
3165 5468 3220 5512 ut
3248 5455 3355 5509 sint
3384 5449 3606 5508 benelici
3626 5489 3643 5514 ,
3677 5455 3737 5502 ut

2136 5568 2241 5619 sint
2274 5565 2521 5632 benigni,
2556 5559 2770 5629 quando
2801 5554 3157 5612 erudierimus
3190 5547 3340 5603 nihili
3367 5545 3564 5599 ducant
3592 5554 3733 5610 pra:-

2134 5661 2327 5715 sentia.
2363 5658 2475 5711 line
2504 5670 2632 5724 ergo
2665 5661 2906 5707 nostrum
2936 5648 3006 5703 sit
3036 5658 3190 5714 opus,
3225 5656 3323 5697 nos
3355 5640 3498 5709 ipsos
3528 5644 3584 5691 et
3613 5634 3734 5688 illos

2136 5756 2337 5823 lingere
2365 5766 2428 5804 ac
2457 5761 2782 5813 componere
2814 5752 2871 5796 ut
2897 5747 3133 5809 oportet.
3167 5735 3379 5804 Alioqui
3407 5749 3508 5801 qua
3540 5727 3732 5783 fiducia
3763 5762 3773 5837 γ

2134 5846 2390 5902 stabimus
2427 5852 2553 5896 ante
2595 5837 2823 5894 tribunal
2851 5832 3091 5890 Christi?
3118 5829 3253 5884 Nam
3290 5828 3333 5881 si
3370 5826 3619 5893 indignus
3649 5828 3735 5876 est
3766 5826 3769 5869 ὲ

2130 5940 2439 6010 episcopatu
2467 5932 2555 6003 qui
2586 5931 2725 5984 filios
2748 5929 2909 5983 habet
2936 5941 3041 5980 non
3070 5921 3335 5985 subditos,
3366 5918 3532 5973 multo
3561 5912 3733 5981 magis

2130 6045 2295 6101 regno
2318 6003 2599 6083 caelorum.
2632 6021 2771 6091 Quid
2805 6019 2971 6076 dicis?
3003 6017 3048 6073 si
3085 6013 3343 6069 habemus
3375 6021 3596 6063 uxorem
3625 6003 3730 6056 im—
