  <div class='ocr_page' id='page_1' title='image "/cluster/home/n/w/nwhite01/storage/ocr_20150623/62:no.11/coo.31924054869627/161.png"; bbox 0 0 4092 6534; ppageno 0'>
   <div class='ocr_carea' id='block_1_1' title="bbox 418 571 521 654">
    <p class='ocr_par' dir='ltr' id='par_1_1' title="bbox 418 571 521 654">
     <span class='ocr_line' id='line_1_1' title="bbox 418 571 521 654; baseline 0.029 -4"><span class='ocrx_word' id='word_1_1' title='bbox 418 571 521 654; x_wconf 58' lang='lat' dir='ltr'><strong>es</strong></span> 
     </span>
    </p>
   </div>
   <div class='ocr_carea' id='block_1_2' title="bbox 418 695 2003 777">
    <p class='ocr_par' dir='ltr' id='par_1_2' title="bbox 418 695 2003 777">
     <span class='ocr_line' id='line_1_2' title="bbox 418 695 2003 777; baseline -0.009 -8"><span class='ocrx_word' id='word_1_2' title='bbox 418 695 715 769; x_wconf 68' lang='lat' dir='ltr'><strong>modestam</strong></span> <span class='ocrx_word' id='word_1_3' title='bbox 741 752 757 777; x_wconf 94' lang='lat'><strong>,</strong></span> <span class='ocrx_word' id='word_1_4' title='bbox 786 718 840 765; x_wconf 89' lang='lat' dir='ltr'><strong>et</strong></span> <span class='ocrx_word' id='word_1_5' title='bbox 863 711 909 765; x_wconf 99' lang='lat' dir='ltr'><strong>si</strong></span> <span class='ocrx_word' id='word_1_6' title='bbox 937 707 1105 770; x_wconf 89' lang='lat' dir='ltr'><strong>lilios,</strong></span> <span class='ocrx_word' id='word_1_7' title='bbox 1130 705 1421 762; x_wconf 80' lang='lat' dir='ltr'><strong>reddendae</strong></span> <span class='ocrx_word' id='word_1_8' title='bbox 1450 703 1642 759; x_wconf 79' lang='lat' dir='ltr'><strong>rationi</strong></span> <span class='ocrx_word' id='word_1_9' title='bbox 1675 703 1877 759; x_wconf 89' lang='lat' dir='ltr'><strong>erimus</strong></span> <span class='ocrx_word' id='word_1_10' title='bbox 1904 702 2003 756; x_wconf 86' lang='lat' dir='ltr'><strong>ob-</strong></span> 
     </span>
    </p>
   </div>
   <div class='ocr_carea' id='block_1_3' title="bbox 419 781 2004 865">
    <p class='ocr_par' dir='ltr' id='par_1_3' title="bbox 419 781 2004 865">
     <span class='ocr_line' id='line_1_3' title="bbox 419 781 2004 865; baseline -0.006 -7"><span class='ocrx_word' id='word_1_11' title='bbox 419 788 599 858; x_wconf 70' lang='lat' dir='ltr'><strong>trbxii?</strong></span> <span class='ocrx_word' id='word_1_12' title='bbox 625 781 871 865; x_wconf 69' lang='lat' dir='ltr'><strong>Maxime,</strong></span> <span class='ocrx_word' id='word_1_13' title='bbox 902 798 1003 854; x_wconf 88' lang='lat' dir='ltr'><strong>nisi</strong></span> <span class='ocrx_word' id='word_1_14' title='bbox 1029 806 1215 853; x_wconf 82' lang='lat' dir='ltr'><strong>exacte</strong></span> <span class='ocrx_word' id='word_1_15' title='bbox 1240 806 1295 853; x_wconf 91' lang='lat' dir='ltr'><strong>et</strong></span> <span class='ocrx_word' id='word_1_16' title='bbox 1323 790 1570 852; x_wconf 73' lang='lat' dir='ltr'><strong>accurate</strong></span> <span class='ocrx_word' id='word_1_17' title='bbox 1597 793 2004 865; x_wconf 71' lang='lat' dir='ltr'><strong>prmstiterimus</strong></span> 
     </span>
    </p>
   </div>
   <div class='ocr_carea' id='block_1_4' title="bbox 417 882 2002 965">
    <p class='ocr_par' dir='ltr' id='par_1_4' title="bbox 417 882 2002 965">
     <span class='ocr_line' id='line_1_4' title="bbox 417 882 2002 965; baseline -0.008 -17"><span class='ocrx_word' id='word_1_18' title='bbox 417 909 536 963; x_wconf 72' lang='lat' dir='ltr'><strong>qua:</strong></span> <span class='ocrx_word' id='word_1_19' title='bbox 562 901 687 946; x_wconf 90' lang='lat' dir='ltr'><strong>sunt</strong></span> <span class='ocrx_word' id='word_1_20' title='bbox 714 906 743 946; x_wconf 90' lang='lat' dir='ltr'><strong>a</strong></span> <span class='ocrx_word' id='word_1_21' title='bbox 773 889 928 945; x_wconf 86' lang='lat' dir='ltr'><strong>nobis</strong></span> <span class='ocrx_word' id='word_1_22' title='bbox 969 882 1271 965; x_wconf 72' lang='lat' dir='ltr'><strong>prmstanda</strong></span> <span class='ocrx_word' id='word_1_23' title='bbox 1301 905 1314 942; x_wconf 89' lang='lat'><strong>:</strong></span> <span class='ocrx_word' id='word_1_24' title='bbox 1347 885 1453 942; x_wconf 83' lang='lat' dir='ltr'><strong>non</strong></span> <span class='ocrx_word' id='word_1_25' title='bbox 1482 887 1622 941; x_wconf 90' lang='lat' dir='ltr'><strong>cnim</strong></span> <span class='ocrx_word' id='word_1_26' title='bbox 1654 884 1863 955; x_wconf 85' lang='lat' dir='ltr'><strong>propria</strong></span> <span class='ocrx_word' id='word_1_27' title='bbox 1889 884 2002 937; x_wconf 84' lang='lat' dir='ltr'><strong>vir-</strong></span> 
     </span>
    </p>
   </div>
   <div class='ocr_carea' id='block_1_5' title="bbox 416 973 2002 1048">
    <p class='ocr_par' dir='ltr' id='par_1_5' title="bbox 416 973 2002 1048">
     <span class='ocr_line' id='line_1_5' title="bbox 416 973 2002 1048; baseline -0.006 -12"><span class='ocrx_word' id='word_1_28' title='bbox 416 975 500 1039; x_wconf 78' lang='lat' dir='ltr'><strong>tus</strong></span> <span class='ocrx_word' id='word_1_29' title='bbox 529 982 682 1037; x_wconf 87' lang='lat' dir='ltr'><strong>nobis</strong></span> <span class='ocrx_word' id='word_1_30' title='bbox 710 980 909 1036; x_wconf 84' lang='lat' dir='ltr'><strong>sufficit</strong></span> <span class='ocrx_word' id='word_1_31' title='bbox 934 980 1000 1036; x_wconf 92' lang='lat' dir='ltr'><strong>ad</strong></span> <span class='ocrx_word' id='word_1_32' title='bbox 1022 980 1274 1037; x_wconf 78' lang='lat' dir='ltr'><strong>salutem.</strong></span> <span class='ocrx_word' id='word_1_33' title='bbox 1298 978 1429 1033; x_wconf 87' lang='lat' dir='ltr'><strong>Nam</strong></span> <span class='ocrx_word' id='word_1_34' title='bbox 1456 973 1503 1031; x_wconf 90' lang='lat' dir='ltr'><strong>si</strong></span> <span class='ocrx_word' id='word_1_35' title='bbox 1529 974 1615 1048; x_wconf 76' lang='lat' dir='ltr'><strong>qui</strong></span> <span class='ocrx_word' id='word_1_36' title='bbox 1644 982 1801 1029; x_wconf 85' lang='lat' dir='ltr'><strong>unum</strong></span> <span class='ocrx_word' id='word_1_37' title='bbox 1833 974 2002 1030; x_wconf 89' lang='lat' dir='ltr'><strong>talen-</strong></span> 
     </span>
    </p>
   </div>
   <div class='ocr_carea' id='block_1_6' title="bbox 416 1063 2002 1151">
    <p class='ocr_par' dir='ltr' id='par_1_6' title="bbox 416 1063 2002 1151">
     <span class='ocr_line' id='line_1_6' title="bbox 416 1063 2002 1151; baseline -0.005 -22"><span class='ocrx_word' id='word_1_38' title='bbox 416 1070 664 1151; x_wconf 72' lang='lat' dir='ltr'><strong>inmnrn</strong></span> <span class='ocrx_word' id='word_1_39' title='bbox 695 1063 972 1145; x_wconf 84' lang='lat' dir='ltr'><strong>deponens</strong></span> <span class='ocrx_word' id='word_1_40' title='bbox 1013 1068 1143 1127; x_wconf 85' lang='lat' dir='ltr'><strong>nihil</strong></span> <span class='ocrx_word' id='word_1_41' title='bbox 1182 1083 1265 1127; x_wconf 91' lang='lat' dir='ltr'><strong>est</strong></span> <span class='ocrx_word' id='word_1_42' title='bbox 1305 1070 1541 1127; x_wconf 86' lang='lat' dir='ltr'><strong>lucratus</strong></span> <span class='ocrx_word' id='word_1_43' title='bbox 1563 1111 1579 1136; x_wconf 94' lang='lat'><strong>,</strong></span> <span class='ocrx_word' id='word_1_44' title='bbox 1612 1064 1707 1123; x_wconf 90' lang='lat' dir='ltr'><strong>sed</strong></span> <span class='ocrx_word' id='word_1_45' title='bbox 1735 1068 1896 1123; x_wconf 90' lang='lat' dir='ltr'><strong>etiam</strong></span> <span class='ocrx_word' id='word_1_46' title='bbox 1924 1066 2002 1151; x_wconf 87' lang='lat' dir='ltr'><strong>sic</strong></span> 
     </span>
    </p>
   </div>
   <div class='ocr_carea' id='block_1_7' title="bbox 416 1150 2001 1238">
    <p class='ocr_par' dir='ltr' id='par_1_7' title="bbox 416 1150 2001 1238">
     <span class='ocr_line' id='line_1_7' title="bbox 416 1150 2001 1238; baseline -0.006 -17"><span class='ocrx_word' id='word_1_47' title='bbox 416 1150 654 1238; x_wconf 84' lang='lat' dir='ltr'><strong>punitur,</strong></span> <span class='ocrx_word' id='word_1_48' title='bbox 678 1176 763 1222; x_wconf 86' lang='lat' dir='ltr'><strong>est</strong></span> <span class='ocrx_word' id='word_1_49' title='bbox 789 1166 1129 1238; x_wconf 83' lang='lat' dir='ltr'><strong>perspicuum</strong></span> <span class='ocrx_word' id='word_1_50' title='bbox 1153 1162 1295 1234; x_wconf 88' lang='lat' dir='ltr'><strong>quod</strong></span> <span class='ocrx_word' id='word_1_51' title='bbox 1320 1162 1487 1216; x_wconf 86' lang='lat' dir='ltr'><strong>virtus</strong></span> <span class='ocrx_word' id='word_1_52' title='bbox 1515 1160 1728 1231; x_wconf 81' lang='lat' dir='ltr'><strong>propria</strong></span> <span class='ocrx_word' id='word_1_53' title='bbox 1757 1158 1861 1212; x_wconf 74' lang='lat' dir='ltr'><strong>no&#39;n</strong></span> <span class='ocrx_word' id='word_1_54' title='bbox 1891 1150 2001 1211; x_wconf 84' lang='lat' dir='ltr'><strong>suf-</strong></span> 
     </span>
    </p>
   </div>
   <div class='ocr_carea' id='block_1_8' title="bbox 418 1239 1997 1323">
    <p class='ocr_par' dir='ltr' id='par_1_8' title="bbox 418 1239 1997 1323">
     <span class='ocr_line' id='line_1_8' title="bbox 418 1239 1997 1323; baseline -0.008 -12"><span class='ocrx_word' id='word_1_55' title='bbox 418 1244 528 1313; x_wconf 86' lang='lat' dir='ltr'><strong>ticit</strong></span> <span class='ocrx_word' id='word_1_56' title='bbox 555 1239 622 1312; x_wconf 89' lang='lat' dir='ltr'><strong>ad</strong></span> <span class='ocrx_word' id='word_1_57' title='bbox 649 1258 873 1313; x_wconf 91' lang='lat' dir='ltr'><strong>salutem</strong></span> <span class='ocrx_word' id='word_1_58' title='bbox 898 1298 915 1323; x_wconf 93' lang='lat'><strong>,</strong></span> <span class='ocrx_word' id='word_1_59' title='bbox 942 1256 1037 1311; x_wconf 87' lang='lat' dir='ltr'><strong>sed</strong></span> <span class='ocrx_word' id='word_1_60' title='bbox 1065 1254 1286 1310; x_wconf 90' lang='lat' dir='ltr'><strong>alterius</strong></span> <span class='ocrx_word' id='word_1_61' title='bbox 1324 1253 1484 1307; x_wconf 89' lang='lat' dir='ltr'><strong>etiam</strong></span> <span class='ocrx_word' id='word_1_62' title='bbox 1516 1252 1710 1304; x_wconf 90' lang='lat' dir='ltr'><strong>virtute</strong></span> <span class='ocrx_word' id='word_1_63' title='bbox 1734 1260 1867 1318; x_wconf 91' lang='lat' dir='ltr'><strong>opus</strong></span> <span class='ocrx_word' id='word_1_64' title='bbox 1896 1257 1997 1301; x_wconf 89' lang='lat' dir='ltr'><strong>est.</strong></span> 
     </span>
    </p>
   </div>
   <div class='ocr_carea' id='block_1_9' title="bbox 414 1331 1997 1419">
    <p class='ocr_par' dir='ltr' id='par_1_9' title="bbox 414 1331 1997 1419">
     <span class='ocr_line' id='line_1_9' title="bbox 414 1331 1997 1419; baseline -0.008 -16"><span class='ocrx_word' id='word_1_65' title='bbox 414 1331 659 1418; x_wconf 62' lang='lat' dir='ltr'><strong>hiagnam</strong></span> <span class='ocrx_word' id='word_1_66' title='bbox 678 1363 808 1419; x_wconf 86' lang='lat' dir='ltr'><strong>ergo</strong></span> <span class='ocrx_word' id='word_1_67' title='bbox 832 1363 1014 1403; x_wconf 88' lang='lat' dir='ltr'><strong>curam</strong></span> <span class='ocrx_word' id='word_1_68' title='bbox 1040 1359 1288 1418; x_wconf 80' lang='lat' dir='ltr'><strong>geramus</strong></span> <span class='ocrx_word' id='word_1_69' title='bbox 1308 1353 1361 1400; x_wconf 92' lang='lat' dir='ltr'><strong>et</strong></span> <span class='ocrx_word' id='word_1_70' title='bbox 1382 1356 1607 1398; x_wconf 82' lang='lat' dir='ltr'><strong>uxorum</strong></span> <span class='ocrx_word' id='word_1_71' title='bbox 1634 1350 1688 1396; x_wconf 91' lang='lat' dir='ltr'><strong>et</strong></span> <span class='ocrx_word' id='word_1_72' title='bbox 1711 1340 1997 1395; x_wconf 86' lang='lat' dir='ltr'><strong>liberorum</strong></span> 
     </span>
    </p>
   </div>
   <div class='ocr_carea' id='block_1_10' title="bbox 415 1424 1999 1517">
    <p class='ocr_par' dir='ltr' id='par_1_10' title="bbox 415 1424 1999 1517">
     <span class='ocr_line' id='line_1_10' title="bbox 415 1424 1999 1517; baseline -0.007 -21"><span class='ocrx_word' id='word_1_73' title='bbox 415 1451 468 1517; x_wconf 83' lang='lat' dir='ltr'><strong>et</strong></span> <span class='ocrx_word' id='word_1_74' title='bbox 499 1424 817 1497; x_wconf 82' lang='lat' dir='ltr'><strong>famulorum</strong></span> <span class='ocrx_word' id='word_1_75' title='bbox 850 1451 906 1496; x_wconf 91' lang='lat' dir='ltr'><strong>et</strong></span> <span class='ocrx_word' id='word_1_76' title='bbox 931 1441 1097 1495; x_wconf 87' lang='lat' dir='ltr'><strong>nostri</strong></span> <span class='ocrx_word' id='word_1_77' title='bbox 1126 1438 1391 1510; x_wconf 89' lang='lat' dir='ltr'><strong>ipsorum,</strong></span> <span class='ocrx_word' id='word_1_78' title='bbox 1419 1443 1474 1492; x_wconf 90' lang='lat' dir='ltr'><strong>et</strong></span> <span class='ocrx_word' id='word_1_79' title='bbox 1513 1436 1565 1491; x_wconf 89' lang='lat' dir='ltr'><strong>in</strong></span> <span class='ocrx_word' id='word_1_80' title='bbox 1601 1434 1755 1490; x_wconf 90' lang='lat' dir='ltr'><strong>nobis</strong></span> <span class='ocrx_word' id='word_1_81' title='bbox 1787 1432 1916 1502; x_wconf 88' lang='lat' dir='ltr'><strong>ipsis</strong></span> <span class='ocrx_word' id='word_1_82' title='bbox 1945 1436 1999 1485; x_wconf 89' lang='lat' dir='ltr'><strong>et</strong></span> 
     </span>
    </p>
   </div>
   <div class='ocr_carea' id='block_1_11' title="bbox 414 1527 1998 1611">
    <p class='ocr_par' dir='ltr' id='par_1_11' title="bbox 414 1527 1998 1611">
     <span class='ocr_line' id='line_1_11' title="bbox 414 1527 1998 1611; baseline -0.006 -25"><span class='ocrx_word' id='word_1_83' title='bbox 414 1532 521 1611; x_wconf 82' lang='lat' dir='ltr'><strong>illis</strong></span> <span class='ocrx_word' id='word_1_84' title='bbox 545 1530 931 1611; x_wconf 76' lang='lat' dir='ltr'><strong>competiendis</strong></span> <span class='ocrx_word' id='word_1_85' title='bbox 958 1530 1122 1587; x_wconf 81' lang='lat' dir='ltr'><strong>Deum</strong></span> <span class='ocrx_word' id='word_1_86' title='bbox 1152 1527 1420 1602; x_wconf 76' lang='lat' dir='ltr'><strong>rogemus,</strong></span> <span class='ocrx_word' id='word_1_87' title='bbox 1449 1539 1505 1583; x_wconf 89' lang='lat' dir='ltr'><strong>ut</strong></span> <span class='ocrx_word' id='word_1_88' title='bbox 1529 1527 1594 1582; x_wconf 91' lang='lat' dir='ltr'><strong>ad</strong></span> <span class='ocrx_word' id='word_1_89' title='bbox 1615 1528 1733 1582; x_wconf 83' lang='lat' dir='ltr'><strong>eam</strong></span> <span class='ocrx_word' id='word_1_90' title='bbox 1760 1531 1872 1580; x_wconf 86' lang='lat' dir='ltr'><strong>rem</strong></span> <span class='ocrx_word' id='word_1_91' title='bbox 1901 1537 1998 1576; x_wconf 83' lang='lat' dir='ltr'><strong>no-</strong></span> 
     </span>
    </p>
   </div>
   <div class='ocr_carea' id='block_1_12' title="bbox 414 1608 1995 1696">
    <p class='ocr_par' dir='ltr' id='par_1_12' title="bbox 414 1608 1995 1696">
     <span class='ocr_line' id='line_1_12' title="bbox 414 1608 1995 1696; baseline -0.007 -18"><span class='ocrx_word' id='word_1_92' title='bbox 414 1608 496 1680; x_wconf 93' lang='lat' dir='ltr'><strong>bis</strong></span> <span class='ocrx_word' id='word_1_93' title='bbox 520 1640 678 1696; x_wconf 85' lang='lat' dir='ltr'><strong>opem</strong></span> <span class='ocrx_word' id='word_1_94' title='bbox 706 1615 857 1681; x_wconf 85' lang='lat' dir='ltr'><strong>ferat.</strong></span> <span class='ocrx_word' id='word_1_95' title='bbox 890 1608 946 1680; x_wconf 82' lang='lat' dir='ltr'><strong>Si</strong></span> <span class='ocrx_word' id='word_1_96' title='bbox 977 1624 1170 1681; x_wconf 85' lang='lat' dir='ltr'><strong>viderit</strong></span> <span class='ocrx_word' id='word_1_97' title='bbox 1211 1637 1309 1678; x_wconf 89' lang='lat' dir='ltr'><strong>nos</strong></span> <span class='ocrx_word' id='word_1_98' title='bbox 1345 1624 1447 1676; x_wconf 88' lang='lat' dir='ltr'><strong>hoc</strong></span> <span class='ocrx_word' id='word_1_99' title='bbox 1484 1621 1672 1675; x_wconf 82' lang='lat' dir='ltr'><strong>curare</strong></span> <span class='ocrx_word' id='word_1_100' title='bbox 1707 1628 1762 1673; x_wconf 91' lang='lat' dir='ltr'><strong>et</strong></span> <span class='ocrx_word' id='word_1_101' title='bbox 1790 1614 1858 1671; x_wconf 85' lang='lat' dir='ltr'><strong>de</strong></span> <span class='ocrx_word' id='word_1_102' title='bbox 1893 1614 1995 1689; x_wconf 78' lang='lat' dir='ltr'><strong>hoc</strong></span> 
     </span>
    </p>
   </div>
   <div class='ocr_carea' id='block_1_13' title="bbox 1156 568 2960 651">
    <p class='ocr_par' dir='ltr' id='par_1_13' title="bbox 1156 568 2960 651">
     <span class='ocr_line' id='line_1_13' title="bbox 1156 568 2960 651; baseline -0.001 -1"><span class='ocrx_word' id='word_1_103' title='bbox 1156 596 1210 651; x_wconf 93' lang='lat' dir='ltr'><strong>s.</strong></span> <span class='ocrx_word' id='word_1_104' title='bbox 1252 580 1527 650; x_wconf 65' lang='lat' dir='ltr'><strong>to‘sns&#39;ts</strong></span> <span class='ocrx_word' id='word_1_105' title='bbox 1564 568 2033 647; x_wconf 71' lang='lat' dir='ltr'><strong>cuttvsosrout</strong></span> <span class='ocrx_word' id='word_1_106' title='bbox 2074 570 2389 648; x_wconf 63' lang='lat' dir='ltr'><strong>utentur.</strong></span> <span class='ocrx_word' id='word_1_107' title='bbox 2429 573 2960 651; x_wconf 67' lang='lat' dir='ltr'><strong>CONSTANTINOP.</strong></span> 
     </span>
    </p>
   </div>
   <div class='ocr_carea' id='block_1_14' title="bbox 3604 590 3702 655">
    <p class='ocr_par' dir='ltr' id='par_1_14' title="bbox 3604 590 3702 655">
     <span class='ocr_line' id='line_1_14' title="bbox 3604 590 3702 655; baseline 0.031 -3"><span class='ocrx_word' id='word_1_108' title='bbox 3604 590 3702 655; x_wconf 71' lang='grc'><strong>158</strong></span> 
     </span>
    </p>
   </div>
   <div class='ocr_carea' id='block_1_15' title="bbox 2112 692 3699 781">
    <p class='ocr_par' dir='ltr' id='par_1_15' title="bbox 2112 692 3699 781">
     <span class='ocr_line' id='line_1_15' title="bbox 2112 692 3699 781; baseline 0.005 -21"><span class='ocrx_word' id='word_1_109' title='bbox 2112 718 2234 761; x_wconf 88' lang='lat' dir='ltr'><strong>esse</strong></span> <span class='ocrx_word' id='word_1_110' title='bbox 2259 705 2540 772; x_wconf 88' lang='lat' dir='ltr'><strong>sollicitos,</strong></span> <span class='ocrx_word' id='word_1_111' title='bbox 2569 722 2724 771; x_wconf 84' lang='lat' dir='ltr'><strong>opem</strong></span> <span class='ocrx_word' id='word_1_112' title='bbox 2756 706 2928 772; x_wconf 87' lang='lat' dir='ltr'><strong>feret;</strong></span> <span class='ocrx_word' id='word_1_113' title='bbox 2960 705 3043 761; x_wconf 89' lang='lat' dir='ltr'><strong>sin</strong></span> <span class='ocrx_word' id='word_1_114' title='bbox 3084 706 3283 763; x_wconf 80' lang='lat' dir='ltr'><strong>nullam</strong></span> <span class='ocrx_word' id='word_1_115' title='bbox 3316 692 3516 762; x_wconf 82' lang='lat' dir='ltr'><strong>habere</strong></span> <span class='ocrx_word' id='word_1_116' title='bbox 3543 709 3699 781; x_wconf 84' lang='lat' dir='ltr'><strong>hujus</strong></span> 
     </span>
    </p>
   </div>
   <div class='ocr_carea' id='block_1_16' title="bbox 2111 796 3696 868">
    <p class='ocr_par' dir='ltr' id='par_1_16' title="bbox 2111 796 3696 868">
     <span class='ocr_line' id='line_1_16' title="bbox 2111 796 3696 868; baseline 0.004 -19"><span class='ocrx_word' id='word_1_117' title='bbox 2111 797 2190 850; x_wconf 89' lang='lat' dir='ltr'><strong>rei</strong></span> <span class='ocrx_word' id='word_1_118' title='bbox 2232 796 2530 863; x_wconf 88' lang='lat' dir='ltr'><strong>rationem,</strong></span> <span class='ocrx_word' id='word_1_119' title='bbox 2568 811 2786 851; x_wconf 88' lang='lat' dir='ltr'><strong>manum</strong></span> <span class='ocrx_word' id='word_1_120' title='bbox 2822 810 2927 852; x_wconf 82' lang='lat' dir='ltr'><strong>non</strong></span> <span class='ocrx_word' id='word_1_121' title='bbox 2965 799 3218 868; x_wconf 72' lang='lat' dir='ltr'><strong>porriget.</strong></span> <span class='ocrx_word' id='word_1_122' title='bbox 3247 797 3364 853; x_wconf 79' lang='lat' dir='ltr'><strong>Nan</strong></span> <span class='ocrx_word' id='word_1_123' title='bbox 3396 799 3540 854; x_wconf 88' lang='lat' dir='ltr'><strong>enim</strong></span> <span class='ocrx_word' id='word_1_124' title='bbox 3565 800 3696 856; x_wconf 86' lang='lat' dir='ltr'><strong>dor-</strong></span> 
     </span>
    </p>
   </div>
   <div class='ocr_carea' id='block_1_17' title="bbox 2109 886 3799 964">
    <p class='ocr_par' dir='ltr' id='par_1_17' title="bbox 2109 886 3799 964">
     <span class='ocr_line' id='line_1_17' title="bbox 2109 886 3799 964; baseline 0.006 -24"><span class='ocrx_word' id='word_1_125' title='bbox 2109 886 2399 941; x_wconf 85' lang='lat' dir='ltr'><strong>mientibus</strong></span> <span class='ocrx_word' id='word_1_126' title='bbox 2426 887 2582 942; x_wconf 91' lang='lat' dir='ltr'><strong>nobis</strong></span> <span class='ocrx_word' id='word_1_127' title='bbox 2608 887 2701 942; x_wconf 87' lang='lat' dir='ltr'><strong>dat</strong></span> <span class='ocrx_word' id='word_1_128' title='bbox 2727 889 2980 943; x_wconf 79' lang='lat' dir='ltr'><strong>auxilium</strong></span> <span class='ocrx_word' id='word_1_129' title='bbox 3010 889 3173 955; x_wconf 82' lang='lat' dir='ltr'><strong>Deus,</strong></span> <span class='ocrx_word' id='word_1_130' title='bbox 3203 890 3299 945; x_wconf 90' lang='lat' dir='ltr'><strong>sed</strong></span> <span class='ocrx_word' id='word_1_131' title='bbox 3329 892 3459 962; x_wconf 84' lang='lat' dir='ltr'><strong>ipsis</strong></span> <span class='ocrx_word' id='word_1_132' title='bbox 3484 908 3699 964; x_wconf 84' lang='lat' dir='ltr'><strong>quoque</strong></span> <span class='ocrx_word' id='word_1_133' title='bbox 3786 914 3799 917; x_wconf 85' lang='grc'><strong>-</strong></span> 
     </span>
    </p>
   </div>
   <div class='ocr_carea' id='block_1_18' title="bbox 2108 978 3696 1054">
    <p class='ocr_par' dir='ltr' id='par_1_18' title="bbox 2108 978 3696 1054">
     <span class='ocr_line' id='line_1_18' title="bbox 2108 978 3696 1054; baseline 0.004 -20"><span class='ocrx_word' id='word_1_134' title='bbox 2108 978 2472 1034; x_wconf 80' lang='lat' dir='ltr'><strong>laborantibus</strong></span> <span class='ocrx_word' id='word_1_135' title='bbox 2504 996 2518 1032; x_wconf 88' lang='lat'><strong>:</strong></span> <span class='ocrx_word' id='word_1_136' title='bbox 2545 993 2669 1033; x_wconf 92' lang='lat' dir='ltr'><strong>nam</strong></span> <span class='ocrx_word' id='word_1_137' title='bbox 2712 979 2923 1049; x_wconf 88' lang='lat' dir='ltr'><strong>adjutor</strong></span> <span class='ocrx_word' id='word_1_138' title='bbox 2967 994 3073 1035; x_wconf 87' lang='lat' dir='ltr'><strong>non</strong></span> <span class='ocrx_word' id='word_1_139' title='bbox 3109 990 3191 1036; x_wconf 88' lang='lat' dir='ltr'><strong>est</strong></span> <span class='ocrx_word' id='word_1_140' title='bbox 3230 982 3422 1047; x_wconf 79' lang='lat' dir='ltr'><strong>otiosi,</strong></span> <span class='ocrx_word' id='word_1_141' title='bbox 3456 983 3549 1039; x_wconf 85' lang='lat' dir='ltr'><strong>sed</strong></span> <span class='ocrx_word' id='word_1_142' title='bbox 3578 985 3696 1054; x_wconf 87' lang='lat' dir='ltr'><strong>ejus</strong></span> 
     </span>
    </p>
   </div>
   <div class='ocr_carea' id='block_1_19' title="bbox 2107 1058 3696 1148">
    <p class='ocr_par' dir='ltr' id='par_1_19' title="bbox 2107 1058 3696 1148">
     <span class='ocr_line' id='line_1_19' title="bbox 2107 1058 3696 1148; baseline 0.007 -26"><span class='ocrx_word' id='word_1_143' title='bbox 2107 1070 2196 1140; x_wconf 90' lang='lat' dir='ltr'><strong>qtti</strong></span> <span class='ocrx_word' id='word_1_144' title='bbox 2217 1069 2331 1139; x_wconf 91' lang='lat' dir='ltr'><strong>ipse</strong></span> <span class='ocrx_word' id='word_1_145' title='bbox 2348 1058 2559 1141; x_wconf 82' lang='lat' dir='ltr'><strong>quoque</strong></span> <span class='ocrx_word' id='word_1_146' title='bbox 2578 1078 2852 1140; x_wconf 88' lang='lat' dir='ltr'><strong>operatur.</strong></span> <span class='ocrx_word' id='word_1_147' title='bbox 2873 1070 3071 1128; x_wconf 88' lang='lat' dir='ltr'><strong>Potens</strong></span> <span class='ocrx_word' id='word_1_148' title='bbox 3092 1082 3174 1129; x_wconf 89' lang='lat' dir='ltr'><strong>est</strong></span> <span class='ocrx_word' id='word_1_149' title='bbox 3195 1074 3374 1130; x_wconf 83' lang='lat' dir='ltr'><strong>autem</strong></span> <span class='ocrx_word' id='word_1_150' title='bbox 3398 1076 3540 1133; x_wconf 87' lang='lat' dir='ltr'><strong>Dens</strong></span> <span class='ocrx_word' id='word_1_151' title='bbox 3558 1084 3696 1148; x_wconf 83' lang='lat' dir='ltr'><strong>opus</strong></span> 
     </span>
    </p>
   </div>
   <div class='ocr_carea' id='block_1_20' title="bbox 2106 1160 3692 1239">
    <p class='ocr_par' dir='ltr' id='par_1_20' title="bbox 2106 1160 3692 1239">
     <span class='ocr_line' id='line_1_20' title="bbox 2106 1160 3692 1239; baseline 0.008 -25"><span class='ocrx_word' id='word_1_152' title='bbox 2106 1175 2202 1229; x_wconf 90' lang='lat' dir='ltr'><strong>per</strong></span> <span class='ocrx_word' id='word_1_153' title='bbox 2227 1168 2288 1216; x_wconf 83' lang='lat' dir='ltr'><strong>se</strong></span> <span class='ocrx_word' id='word_1_154' title='bbox 2312 1160 2383 1216; x_wconf 89' lang='lat' dir='ltr'><strong>ad</strong></span> <span class='ocrx_word' id='word_1_155' title='bbox 2408 1161 2656 1218; x_wconf 74' lang='lat' dir='ltr'><strong>elfectum</strong></span> <span class='ocrx_word' id='word_1_156' title='bbox 2684 1162 2981 1231; x_wconf 88' lang='lat' dir='ltr'><strong>deducere,</strong></span> <span class='ocrx_word' id='word_1_157' title='bbox 3011 1174 3070 1220; x_wconf 90' lang='lat' dir='ltr'><strong>ut</strong></span> <span class='ocrx_word' id='word_1_158' title='bbox 3101 1179 3290 1222; x_wconf 88' lang='lat' dir='ltr'><strong>omnes</strong></span> <span class='ocrx_word' id='word_1_159' title='bbox 3321 1168 3466 1239; x_wconf 82' lang='lat' dir='ltr'><strong>digni</strong></span> <span class='ocrx_word' id='word_1_160' title='bbox 3496 1169 3692 1226; x_wconf 76' lang='lat' dir='ltr'><strong>habea-</strong></span> 
     </span>
    </p>
   </div>
   <div class='ocr_carea' id='block_1_21' title="bbox 2106 1243 3693 1330">
    <p class='ocr_par' dir='ltr' id='par_1_21' title="bbox 2106 1243 3693 1330">
     <span class='ocr_line' id='line_1_21' title="bbox 2106 1243 3693 1330; baseline 0.009 -27"><span class='ocrx_word' id='word_1_161' title='bbox 2106 1265 2227 1305; x_wconf 90' lang='lat' dir='ltr'><strong>mur</strong></span> <span class='ocrx_word' id='word_1_162' title='bbox 2251 1251 2342 1322; x_wconf 84' lang='lat' dir='ltr'><strong>qui</strong></span> <span class='ocrx_word' id='word_1_163' title='bbox 2369 1243 2508 1307; x_wconf 85' lang='lat' dir='ltr'><strong>bona</strong></span> <span class='ocrx_word' id='word_1_164' title='bbox 2540 1253 2800 1323; x_wconf 87' lang='lat' dir='ltr'><strong>promissa</strong></span> <span class='ocrx_word' id='word_1_165' title='bbox 2827 1268 3239 1325; x_wconf 87' lang='lat' dir='ltr'><strong>consequamur,</strong></span> <span class='ocrx_word' id='word_1_166' title='bbox 3270 1260 3367 1328; x_wconf 88' lang='lat' dir='ltr'><strong>per</strong></span> <span class='ocrx_word' id='word_1_167' title='bbox 3387 1262 3611 1330; x_wconf 78' lang='lat' dir='ltr'><strong>gratiam</strong></span> <span class='ocrx_word' id='word_1_168' title='bbox 3637 1273 3693 1318; x_wconf 89' lang='lat' dir='ltr'><strong>et</strong></span> 
     </span>
    </p>
   </div>
   <div class='ocr_carea' id='block_1_22' title="bbox 2106 1339 3690 1415">
    <p class='ocr_par' dir='ltr' id='par_1_22' title="bbox 2106 1339 3690 1415">
     <span class='ocr_line' id='line_1_22' title="bbox 2106 1339 3690 1415; baseline 0.009 -20"><span class='ocrx_word' id='word_1_169' title='bbox 2106 1339 2486 1412; x_wconf 83' lang='lat' dir='ltr'><strong>benignitatem</strong></span> <span class='ocrx_word' id='word_1_170' title='bbox 2532 1344 2741 1400; x_wconf 88' lang='lat' dir='ltr'><strong>Domini</strong></span> <span class='ocrx_word' id='word_1_171' title='bbox 2779 1346 2949 1400; x_wconf 87' lang='lat' dir='ltr'><strong>nostri</strong></span> <span class='ocrx_word' id='word_1_172' title='bbox 2992 1346 3117 1403; x_wconf 82' lang='lat' dir='ltr'><strong>Jesu</strong></span> <span class='ocrx_word' id='word_1_173' title='bbox 3162 1347 3399 1415; x_wconf 82' lang='lat' dir='ltr'><strong>Christi,</strong></span> <span class='ocrx_word' id='word_1_174' title='bbox 3439 1353 3524 1407; x_wconf 90' lang='lat' dir='ltr'><strong>cui</strong></span> <span class='ocrx_word' id='word_1_175' title='bbox 3565 1368 3690 1410; x_wconf 89' lang='lat' dir='ltr'><strong>cum</strong></span> 
     </span>
    </p>
   </div>
   <div class='ocr_carea' id='block_1_23' title="bbox 2106 1432 3690 1510">
    <p class='ocr_par' dir='ltr' id='par_1_23' title="bbox 2106 1432 3690 1510">
     <span class='ocr_line' id='line_1_23' title="bbox 2106 1432 3690 1510; baseline 0.009 -24"><span class='ocrx_word' id='word_1_176' title='bbox 2106 1432 2263 1488; x_wconf 84' lang='lat' dir='ltr'><strong>Patre</strong></span> <span class='ocrx_word' id='word_1_177' title='bbox 2282 1443 2335 1489; x_wconf 87' lang='lat' dir='ltr'><strong>et</strong></span> <span class='ocrx_word' id='word_1_178' title='bbox 2354 1432 2554 1503; x_wconf 85' lang='lat' dir='ltr'><strong>Spiritu</strong></span> <span class='ocrx_word' id='word_1_179' title='bbox 2580 1440 2769 1491; x_wconf 74' lang='lat' dir='ltr'><strong>Sancto</strong></span> <span class='ocrx_word' id='word_1_180' title='bbox 2785 1437 2976 1506; x_wconf 79' lang='lat' dir='ltr'><strong>gloria,</strong></span> <span class='ocrx_word' id='word_1_181' title='bbox 3003 1437 3307 1508; x_wconf 87' lang='lat' dir='ltr'><strong>imperium,</strong></span> <span class='ocrx_word' id='word_1_182' title='bbox 3333 1441 3526 1510; x_wconf 81' lang='lat' dir='ltr'><strong>honor,</strong></span> <span class='ocrx_word' id='word_1_183' title='bbox 3549 1456 3690 1501; x_wconf 74' lang='lat' dir='ltr'><strong>nunc</strong></span> 
     </span>
    </p>
   </div>
   <div class='ocr_carea' id='block_1_24' title="bbox 2102 1527 3388 1596">
    <p class='ocr_par' dir='ltr' id='par_1_24' title="bbox 2102 1527 3388 1596">
     <span class='ocr_line' id='line_1_24' title="bbox 2102 1527 3388 1596; baseline 0.005 -17"><span class='ocrx_word' id='word_1_184' title='bbox 2102 1530 2158 1580; x_wconf 89' lang='lat' dir='ltr'><strong>et</strong></span> <span class='ocrx_word' id='word_1_185' title='bbox 2185 1536 2418 1596; x_wconf 86' lang='lat' dir='ltr'><strong>semper,</strong></span> <span class='ocrx_word' id='word_1_186' title='bbox 2446 1534 2499 1581; x_wconf 92' lang='lat' dir='ltr'><strong>et</strong></span> <span class='ocrx_word' id='word_1_187' title='bbox 2524 1527 2575 1580; x_wconf 92' lang='lat' dir='ltr'><strong>in</strong></span> <span class='ocrx_word' id='word_1_188' title='bbox 2603 1528 2799 1583; x_wconf 81' lang='lat' dir='ltr'><strong>saecula</strong></span> <span class='ocrx_word' id='word_1_189' title='bbox 2823 1528 3166 1584; x_wconf 68' lang='lat' dir='ltr'><strong>saeculorum.</strong></span> <span class='ocrx_word' id='word_1_190' title='bbox 3195 1533 3388 1587; x_wconf 79' lang='lat' dir='ltr'><strong>Amen.</strong></span> 
     </span>
    </p>
   </div>
   <div class='ocr_carea' id='block_1_25' title="bbox 1832 1786 2446 1859">
    <p class='ocr_par' dir='ltr' id='par_1_25' title="bbox 1832 1786 2446 1859">
     <span class='ocr_line' id='line_1_25' title="bbox 1832 1786 2446 1859; baseline -0.007 0"><span class='ocrx_word' id='word_1_191' title='bbox 1832 1786 2185 1859; x_wconf 73' lang='lat' dir='ltr'><strong>HOMILM</strong></span> <span class='ocrx_word' id='word_1_192' title='bbox 2231 1794 2446 1856; x_wconf 73' lang='lat' dir='ltr'><strong>XXII.</strong></span> 
     </span>
    </p>
   </div>
   <div class='ocr_carea' id='block_1_26' title="bbox 407 1942 1990 2019">
    <p class='ocr_par' dir='ltr' id='par_1_26' title="bbox 407 1942 1990 2019">
     <span class='ocr_line' id='line_1_26' title="bbox 407 1942 1990 2019; baseline -0.008 -13"><span class='ocrx_word' id='word_1_193' title='bbox 407 1949 538 2006; x_wconf 66' lang='lat' dir='ltr'><strong>Car.</strong></span> <span class='ocrx_word' id='word_1_194' title='bbox 563 1951 617 2006; x_wconf 86' lang='lat'><strong>6.</strong></span> <span class='ocrx_word' id='word_1_195' title='bbox 645 1967 698 2007; x_wconf 71' lang='grc' dir='ltr'><strong>ν.</strong></span> <span class='ocrx_word' id='word_1_196' title='bbox 726 1953 782 2009; x_wconf 80' lang='grc'><strong>5.</strong></span> <span class='ocrx_word' id='word_1_197' title='bbox 812 1952 976 2019; x_wconf 81' lang='lat' dir='ltr'><strong>Servi,</strong></span> <span class='ocrx_word' id='word_1_198' title='bbox 1006 1950 1201 2008; x_wconf 86' lang='lat' dir='ltr'><strong>obedite</strong></span> <span class='ocrx_word' id='word_1_199' title='bbox 1222 1950 1439 2006; x_wconf 73' lang='lat' dir='ltr'><strong>dominis</strong></span> <span class='ocrx_word' id='word_1_200' title='bbox 1470 1945 1757 2002; x_wconf 75' lang='lat' dir='ltr'><strong>carnalibus</strong></span> <span class='ocrx_word' id='word_1_201' title='bbox 1786 1951 1901 1997; x_wconf 81' lang='lat' dir='ltr'><strong>cunt</strong></span> <span class='ocrx_word' id='word_1_202' title='bbox 1926 1942 1990 1994; x_wconf 79' lang='lat' dir='ltr'><strong>ti-</strong></span> 
     </span>
    </p>
   </div>
   <div class='ocr_carea' id='block_1_27' title="bbox 477 2033 1997 2112">
    <p class='ocr_par' dir='ltr' id='par_1_27' title="bbox 477 2033 1997 2112">
     <span class='ocr_line' id='line_1_27' title="bbox 477 2033 1997 2112; baseline -0.007 -18"><span class='ocrx_word' id='word_1_203' title='bbox 477 2057 618 2096; x_wconf 89' lang='lat' dir='ltr'><strong>more</strong></span> <span class='ocrx_word' id='word_1_204' title='bbox 652 2051 701 2096; x_wconf 91' lang='lat' dir='ltr'><strong>et</strong></span> <span class='ocrx_word' id='word_1_205' title='bbox 740 2052 985 2109; x_wconf 82' lang='lat' dir='ltr'><strong>tremore,</strong></span> <span class='ocrx_word' id='word_1_206' title='bbox 1025 2043 1076 2096; x_wconf 89' lang='lat' dir='ltr'><strong>in</strong></span> <span class='ocrx_word' id='word_1_207' title='bbox 1115 2040 1436 2112; x_wconf 76' lang='lat' dir='ltr'><strong>simplicitate</strong></span> <span class='ocrx_word' id='word_1_208' title='bbox 1462 2037 1629 2093; x_wconf 89' lang='lat' dir='ltr'><strong>cordis</strong></span> <span class='ocrx_word' id='word_1_209' title='bbox 1653 2036 1802 2091; x_wconf 85' lang='lat' dir='ltr'><strong>vestri</strong></span> <span class='ocrx_word' id='word_1_210' title='bbox 1820 2074 1835 2099; x_wconf 92' lang='lat'><strong>,</strong></span> <span class='ocrx_word' id='word_1_211' title='bbox 1869 2033 1997 2087; x_wconf 82' lang='lat' dir='ltr'><strong>sicut</strong></span> 
     </span>
    </p>
   </div>
   <div class='ocr_carea' id='block_1_28' title="bbox 477 2125 1997 2198">
    <p class='ocr_par' dir='ltr' id='par_1_28' title="bbox 477 2125 1997 2198">
     <span class='ocr_line' id='line_1_28' title="bbox 477 2125 1997 2198; baseline -0.007 -11"><span class='ocrx_word' id='word_1_212' title='bbox 477 2131 679 2188; x_wconf 80' lang='lat' dir='ltr'><strong>Christo</strong></span> <span class='ocrx_word' id='word_1_213' title='bbox 708 2148 727 2188; x_wconf 91' lang='lat'><strong><em>:</em></strong></span> <span class='ocrx_word' id='word_1_214' title='bbox 752 2132 804 2189; x_wconf 80' lang='grc' dir='ltr'><strong>ϐ.</strong></span> <span class='ocrx_word' id='word_1_215' title='bbox 832 2150 932 2189; x_wconf 88' lang='lat' dir='ltr'><strong>non</strong></span> <span class='ocrx_word' id='word_1_216' title='bbox 955 2135 1025 2188; x_wconf 92' lang='lat' dir='ltr'><strong>ad</strong></span> <span class='ocrx_word' id='word_1_217' title='bbox 1047 2133 1248 2188; x_wconf 87' lang='lat' dir='ltr'><strong>oculum</strong></span> <span class='ocrx_word' id='word_1_218' title='bbox 1269 2133 1532 2187; x_wconf 88' lang='lat' dir='ltr'><strong>servientes</strong></span> <span class='ocrx_word' id='word_1_219' title='bbox 1551 2132 1694 2198; x_wconf 87' lang='lat' dir='ltr'><strong>quasi</strong></span> <span class='ocrx_word' id='word_1_220' title='bbox 1715 2125 1997 2181; x_wconf 87' lang='lat' dir='ltr'><strong>hominibus</strong></span> 
     </span>
    </p>
   </div>
   <div class='ocr_carea' id='block_1_29' title="bbox 477 2220 1993 2294">
    <p class='ocr_par' dir='ltr' id='par_1_29' title="bbox 477 2220 1993 2294">
     <span class='ocr_line' id='line_1_29' title="bbox 477 2220 1993 2294; baseline -0.007 -15"><span class='ocrx_word' id='word_1_221' title='bbox 477 2225 729 2294; x_wconf 79' lang='lat' dir='ltr'><strong>placentes</strong></span> <span class='ocrx_word' id='word_1_222' title='bbox 747 2267 763 2293; x_wconf 93' lang='lat'><strong>,</strong></span> <span class='ocrx_word' id='word_1_223' title='bbox 789 2226 878 2281; x_wconf 90' lang='lat' dir='ltr'><strong>sed</strong></span> <span class='ocrx_word' id='word_1_224' title='bbox 906 2235 962 2279; x_wconf 93' lang='lat' dir='ltr'><strong>ut</strong></span> <span class='ocrx_word' id='word_1_225' title='bbox 992 2226 1121 2281; x_wconf 83' lang='lat' dir='ltr'><strong>servi</strong></span> <span class='ocrx_word' id='word_1_226' title='bbox 1149 2224 1370 2290; x_wconf 87' lang='lat' dir='ltr'><strong>Christi,</strong></span> <span class='ocrx_word' id='word_1_227' title='bbox 1408 2223 1647 2293; x_wconf 81' lang='lat' dir='ltr'><strong>facientes</strong></span> <span class='ocrx_word' id='word_1_228' title='bbox 1688 2220 1993 2273; x_wconf 86' lang='lat' dir='ltr'><strong>voluntatem</strong></span> 
     </span>
    </p>
   </div>
   <div class='ocr_carea' id='block_1_30' title="bbox 479 2309 1995 2383">
    <p class='ocr_par' dir='ltr' id='par_1_30' title="bbox 479 2309 1995 2383">
     <span class='ocr_line' id='line_1_30' title="bbox 479 2309 1995 2383; baseline -0.005 -15"><span class='ocrx_word' id='word_1_229' title='bbox 479 2313 579 2370; x_wconf 88' lang='lat' dir='ltr'><strong>Dei</strong></span> <span class='ocrx_word' id='word_1_230' title='bbox 603 2331 667 2370; x_wconf 80' lang='lat' dir='ltr'><strong>ea:</strong></span> <span class='ocrx_word' id='word_1_231' title='bbox 691 2316 882 2383; x_wconf 85' lang='lat' dir='ltr'><strong>animo,</strong></span> <span class='ocrx_word' id='word_1_232' title='bbox 907 2316 961 2370; x_wconf 92' lang='lat'><strong>7.</strong></span> <span class='ocrx_word' id='word_1_233' title='bbox 985 2331 1101 2369; x_wconf 86' lang='lat' dir='ltr'><strong>cum</strong></span> <span class='ocrx_word' id='word_1_234' title='bbox 1128 2314 1259 2369; x_wconf 86' lang='lat' dir='ltr'><strong>bona</strong></span> <span class='ocrx_word' id='word_1_235' title='bbox 1282 2314 1536 2369; x_wconf 88' lang='lat' dir='ltr'><strong>voluntate</strong></span> <span class='ocrx_word' id='word_1_236' title='bbox 1556 2312 1841 2374; x_wconf 86' lang='lat' dir='ltr'><strong>servientes,</strong></span> <span class='ocrx_word' id='word_1_237' title='bbox 1867 2309 1995 2362; x_wconf 87' lang='lat' dir='ltr'><strong>sicut</strong></span> 
     </span>
    </p>
   </div>
   <div class='ocr_carea' id='block_1_31' title="bbox 475 2400 1992 2471">
    <p class='ocr_par' dir='ltr' id='par_1_31' title="bbox 475 2400 1992 2471">
     <span class='ocr_line' id='line_1_31' title="bbox 475 2400 1992 2471; baseline -0.005 -12"><span class='ocrx_word' id='word_1_238' title='bbox 475 2404 701 2460; x_wconf 77' lang='lat' dir='ltr'><strong>Domitio</strong></span> <span class='ocrx_word' id='word_1_239' title='bbox 740 2416 786 2460; x_wconf 91' lang='lat' dir='ltr'><strong>et</strong></span> <span class='ocrx_word' id='word_1_240' title='bbox 833 2417 934 2460; x_wconf 84' lang='lat' dir='ltr'><strong>non</strong></span> <span class='ocrx_word' id='word_1_241' title='bbox 977 2406 1299 2470; x_wconf 80' lang='lat' dir='ltr'><strong>hominibus;</strong></span> <span class='ocrx_word' id='word_1_242' title='bbox 1329 2404 1384 2458; x_wconf 89' lang='lat'><strong>8.</strong></span> <span class='ocrx_word' id='word_1_243' title='bbox 1424 2404 1633 2458; x_wconf 85' lang='lat' dir='ltr'><strong>scientes</strong></span> <span class='ocrx_word' id='word_1_244' title='bbox 1661 2400 1798 2471; x_wconf 90' lang='lat' dir='ltr'><strong>quod</strong></span> <span class='ocrx_word' id='word_1_245' title='bbox 1830 2414 1992 2453; x_wconf 87' lang='lat' dir='ltr'><strong>unus-</strong></span> 
     </span>
    </p>
   </div>
   <div class='ocr_carea' id='block_1_32' title="bbox 476 2492 1994 2570">
    <p class='ocr_par' dir='ltr' id='par_1_32' title="bbox 476 2492 1994 2570">
     <span class='ocr_line' id='line_1_32' title="bbox 476 2492 1994 2570; baseline -0.003 -19"><span class='ocrx_word' id='word_1_246' title='bbox 476 2499 687 2569; x_wconf 85' lang='lat' dir='ltr'><strong>quisque</strong></span> <span class='ocrx_word' id='word_1_247' title='bbox 726 2499 1073 2570; x_wconf 84' lang='lat' dir='ltr'><strong>quodcumque</strong></span> <span class='ocrx_word' id='word_1_248' title='bbox 1108 2499 1290 2567; x_wconf 84' lang='lat' dir='ltr'><strong>fecerit</strong></span> <span class='ocrx_word' id='word_1_249' title='bbox 1332 2498 1515 2550; x_wconf 87' lang='lat' dir='ltr'><strong>bonum</strong></span> <span class='ocrx_word' id='word_1_250' title='bbox 1537 2534 1555 2562; x_wconf 93' lang='lat'><strong>,</strong></span> <span class='ocrx_word' id='word_1_251' title='bbox 1596 2496 1689 2548; x_wconf 83' lang='lat' dir='ltr'><strong>hoc</strong></span> <span class='ocrx_word' id='word_1_252' title='bbox 1729 2492 1934 2562; x_wconf 80' lang='lat' dir='ltr'><strong>recipiet</strong></span> <span class='ocrx_word' id='word_1_253' title='bbox 1961 2508 1994 2546; x_wconf 88' lang='lat' dir='ltr'><strong>a</strong></span> 
     </span>
    </p>
   </div>
   <div class='ocr_carea' id='block_1_33' title="bbox 474 2588 1349 2657">
    <p class='ocr_par' dir='ltr' id='par_1_33' title="bbox 474 2588 1349 2657">
     <span class='ocr_line' id='line_1_33' title="bbox 474 2588 1349 2657; baseline -0.002 -14"><span class='ocrx_word' id='word_1_254' title='bbox 474 2589 721 2657; x_wconf 74' lang='lat' dir='ltr'><strong>Domino;</strong></span> <span class='ocrx_word' id='word_1_255' title='bbox 747 2592 852 2645; x_wconf 88' lang='lat' dir='ltr'><strong>sive</strong></span> <span class='ocrx_word' id='word_1_256' title='bbox 877 2601 1066 2656; x_wconf 73' lang='lat' dir='ltr'><strong>servus,</strong></span> <span class='ocrx_word' id='word_1_257' title='bbox 1084 2593 1191 2646; x_wconf 85' lang='lat' dir='ltr'><strong>sive</strong></span> <span class='ocrx_word' id='word_1_258' title='bbox 1207 2588 1349 2644; x_wconf 81' lang='lat' dir='ltr'><strong>liber.</strong></span> 
     </span>
    </p>
   </div>
   <div class='ocr_carea' id='block_1_34' title="bbox 477 2670 1989 2745">
    <p class='ocr_par' dir='ltr' id='par_1_34' title="bbox 477 2670 1989 2745">
     <span class='ocr_line' id='line_1_34' title="bbox 477 2670 1989 2745; baseline -0.001 -17"><span class='ocrx_word' id='word_1_259' title='bbox 477 2675 530 2728; x_wconf 84' lang='lat' dir='ltr'><strong>l.</strong></span> <span class='ocrx_word' id='word_1_260' title='bbox 562 2672 637 2728; x_wconf 89' lang='lat' dir='ltr'><strong>De</strong></span> <span class='ocrx_word' id='word_1_261' title='bbox 658 2689 918 2729; x_wconf 87' lang='lat' dir='ltr'><strong>servorum</strong></span> <span class='ocrx_word' id='word_1_262' title='bbox 947 2675 1143 2745; x_wconf 71' lang='lat' dir='ltr'><strong>oﬁiciis,</strong></span> <span class='ocrx_word' id='word_1_263' title='bbox 1168 2704 1242 2716; x_wconf 93' lang='lat'><strong>-—</strong></span> <span class='ocrx_word' id='word_1_264' title='bbox 1264 2674 1379 2729; x_wconf 86' lang='lat' dir='ltr'><strong>Non</strong></span> <span class='ocrx_word' id='word_1_265' title='bbox 1406 2673 1580 2728; x_wconf 88' lang='lat' dir='ltr'><strong>solum</strong></span> <span class='ocrx_word' id='word_1_266' title='bbox 1620 2672 1800 2742; x_wconf 89' lang='lat' dir='ltr'><strong>itaque</strong></span> <span class='ocrx_word' id='word_1_267' title='bbox 1827 2670 1989 2726; x_wconf 76' lang='lat' dir='ltr'><strong>mari~</strong></span> 
     </span>
    </p>
   </div>
   <div class='ocr_carea' id='block_1_35' title="bbox 399 2766 1991 2838">
    <p class='ocr_par' dir='ltr' id='par_1_35' title="bbox 399 2766 1991 2838">
     <span class='ocr_line' id='line_1_35' title="bbox 399 2766 1991 2838; baseline -0.002 -18"><span class='ocrx_word' id='word_1_268' title='bbox 399 2770 486 2820; x_wconf 88' lang='lat' dir='ltr'><strong>tus</strong></span> <span class='ocrx_word' id='word_1_269' title='bbox 505 2807 521 2832; x_wconf 94' lang='lat'><strong>,</strong></span> <span class='ocrx_word' id='word_1_270' title='bbox 552 2781 727 2838; x_wconf 89' lang='lat' dir='ltr'><strong>neque</strong></span> <span class='ocrx_word' id='word_1_271' title='bbox 754 2782 927 2833; x_wconf 83' lang='lat' dir='ltr'><strong>uxor,</strong></span> <span class='ocrx_word' id='word_1_272' title='bbox 957 2781 1132 2838; x_wconf 90' lang='lat' dir='ltr'><strong>neque</strong></span> <span class='ocrx_word' id='word_1_273' title='bbox 1173 2766 1265 2821; x_wconf 88' lang='lat' dir='ltr'><strong>lilii</strong></span> <span class='ocrx_word' id='word_1_274' title='bbox 1286 2808 1303 2833; x_wconf 97' lang='lat'><strong>,</strong></span> <span class='ocrx_word' id='word_1_275' title='bbox 1334 2767 1427 2822; x_wconf 86' lang='lat' dir='ltr'><strong>sed</strong></span> <span class='ocrx_word' id='word_1_276' title='bbox 1459 2780 1740 2822; x_wconf 84' lang='lat' dir='ltr'><strong>servorum</strong></span> <span class='ocrx_word' id='word_1_277' title='bbox 1775 2779 1991 2836; x_wconf 90' lang='lat' dir='ltr'><strong>quoque</strong></span> 
     </span>
    </p>
   </div>
   <div class='ocr_carea' id='block_1_36' title="bbox 400 2858 1987 2915">
    <p class='ocr_par' dir='ltr' id='par_1_36' title="bbox 400 2858 1987 2915">
     <span class='ocr_line' id='line_1_36' title="bbox 400 2858 1987 2915; baseline 0.003 -6"><span class='ocrx_word' id='word_1_278' title='bbox 400 2859 570 2912; x_wconf 71' lang='lat' dir='ltr'><strong>virtus</strong></span> <span class='ocrx_word' id='word_1_279' title='bbox 604 2858 813 2913; x_wconf 77' lang='lat' dir='ltr'><strong>confert</strong></span> <span class='ocrx_word' id='word_1_280' title='bbox 849 2859 915 2913; x_wconf 87' lang='lat' dir='ltr'><strong>ad</strong></span> <span class='ocrx_word' id='word_1_281' title='bbox 958 2858 1176 2914; x_wconf 89' lang='lat' dir='ltr'><strong>domum</strong></span> <span class='ocrx_word' id='word_1_282' title='bbox 1208 2859 1636 2915; x_wconf 85' lang='lat' dir='ltr'><strong>constituendam</strong></span> <span class='ocrx_word' id='word_1_283' title='bbox 1675 2868 1730 2914; x_wconf 91' lang='lat' dir='ltr'><strong>et</strong></span> <span class='ocrx_word' id='word_1_284' title='bbox 1757 2858 1987 2913; x_wconf 88' lang='lat' dir='ltr'><strong>admini-</strong></span> 
     </span>
    </p>
   </div>
   <div class='ocr_carea' id='block_1_37' title="bbox 399 2948 1986 3021">
    <p class='ocr_par' dir='ltr' id='par_1_37' title="bbox 399 2948 1986 3021">
     <span class='ocr_line' id='line_1_37' title="bbox 399 2948 1986 3021; baseline 0.001 -19"><span class='ocrx_word' id='word_1_285' title='bbox 399 2948 696 3003; x_wconf 86' lang='lat' dir='ltr'><strong>strandam.</strong></span> <span class='ocrx_word' id='word_1_286' title='bbox 738 2949 1029 3020; x_wconf 85' lang='lat' dir='ltr'><strong>Propterea</strong></span> <span class='ocrx_word' id='word_1_287' title='bbox 1062 2951 1249 3007; x_wconf 89' lang='lat' dir='ltr'><strong>beatus</strong></span> <span class='ocrx_word' id='word_1_288' title='bbox 1280 2951 1476 3007; x_wconf 84' lang='lat' dir='ltr'><strong>Paulus</strong></span> <span class='ocrx_word' id='word_1_289' title='bbox 1502 2966 1572 3007; x_wconf 88' lang='lat' dir='ltr'><strong>ne</strong></span> <span class='ocrx_word' id='word_1_290' title='bbox 1609 2951 1746 3005; x_wconf 90' lang='lat' dir='ltr'><strong>hanc</strong></span> <span class='ocrx_word' id='word_1_291' title='bbox 1770 2950 1986 3021; x_wconf 88' lang='lat' dir='ltr'><strong>quidem</strong></span> 
     </span>
    </p>
   </div>
   <div class='ocr_carea' id='block_1_38' title="bbox 399 3041 1989 3114">
    <p class='ocr_par' dir='ltr' id='par_1_38' title="bbox 399 3041 1989 3114">
     <span class='ocr_line' id='line_1_38' title="bbox 399 3041 1989 3114; baseline 0.004 -23"><span class='ocrx_word' id='word_1_292' title='bbox 399 3046 606 3109; x_wconf 85' lang='lat' dir='ltr'><strong>partem</strong></span> <span class='ocrx_word' id='word_1_293' title='bbox 634 3041 863 3112; x_wconf 77' lang='lat' dir='ltr'><strong>neglexit</strong></span> <span class='ocrx_word' id='word_1_294' title='bbox 888 3059 903 3108; x_wconf 92' lang='lat'><strong>;</strong></span> <span class='ocrx_word' id='word_1_295' title='bbox 934 3041 1029 3098; x_wconf 87' lang='lat' dir='ltr'><strong>sed</strong></span> <span class='ocrx_word' id='word_1_296' title='bbox 1059 3052 1330 3114; x_wconf 81' lang='lat' dir='ltr'><strong>postremo</strong></span> <span class='ocrx_word' id='word_1_297' title='bbox 1351 3042 1568 3113; x_wconf 88' lang='lat' dir='ltr'><strong>quidem</strong></span> <span class='ocrx_word' id='word_1_298' title='bbox 1594 3042 1661 3097; x_wconf 89' lang='lat' dir='ltr'><strong>ad</strong></span> <span class='ocrx_word' id='word_1_299' title='bbox 1690 3057 1809 3098; x_wconf 88' lang='lat' dir='ltr'><strong>eam</strong></span> <span class='ocrx_word' id='word_1_300' title='bbox 1838 3057 1989 3098; x_wconf 88' lang='lat' dir='ltr'><strong>acce-</strong></span> 
     </span>
    </p>
   </div>
   <div class='ocr_carea' id='block_1_39' title="bbox 398 3130 1986 3204">
    <p class='ocr_par' dir='ltr' id='par_1_39' title="bbox 398 3130 1986 3204">
     <span class='ocr_line' id='line_1_39' title="bbox 398 3130 1986 3204; baseline 0.003 -20"><span class='ocrx_word' id='word_1_301' title='bbox 398 3130 497 3193; x_wconf 86' lang='lat' dir='ltr'><strong>dit,</strong></span> <span class='ocrx_word' id='word_1_302' title='bbox 520 3131 770 3201; x_wconf 86' lang='lat' dir='ltr'><strong>quoniam</strong></span> <span class='ocrx_word' id='word_1_303' title='bbox 796 3132 1054 3202; x_wconf 79' lang='lat' dir='ltr'><strong>dignitate</strong></span> <span class='ocrx_word' id='word_1_304' title='bbox 1074 3149 1287 3204; x_wconf 89' lang='lat' dir='ltr'><strong>quoque</strong></span> <span class='ocrx_word' id='word_1_305' title='bbox 1311 3134 1411 3190; x_wconf 90' lang='lat' dir='ltr'><strong>sita</strong></span> <span class='ocrx_word' id='word_1_306' title='bbox 1434 3142 1519 3190; x_wconf 90' lang='lat' dir='ltr'><strong>est</strong></span> <span class='ocrx_word' id='word_1_307' title='bbox 1544 3141 1833 3204; x_wconf 89' lang='lat' dir='ltr'><strong>postrema.</strong></span> <span class='ocrx_word' id='word_1_308' title='bbox 1857 3133 1986 3188; x_wconf 75' lang='lat' dir='ltr'><strong>Mul-</strong></span> 
     </span>
    </p>
   </div>
   <div class='ocr_carea' id='block_1_40' title="bbox 401 3222 1986 3295">
    <p class='ocr_par' dir='ltr' id='par_1_40' title="bbox 401 3222 1986 3295">
     <span class='ocr_line' id='line_1_40' title="bbox 401 3222 1986 3295; baseline 0.002 -19"><span class='ocrx_word' id='word_1_309' title='bbox 401 3222 469 3277; x_wconf 89' lang='lat' dir='ltr'><strong>tis</strong></span> <span class='ocrx_word' id='word_1_310' title='bbox 495 3233 674 3278; x_wconf 90' lang='lat' dir='ltr'><strong>autem</strong></span> <span class='ocrx_word' id='word_1_311' title='bbox 701 3238 823 3279; x_wconf 90' lang='lat' dir='ltr'><strong>cum</strong></span> <span class='ocrx_word' id='word_1_312' title='bbox 854 3224 933 3279; x_wconf 90' lang='lat' dir='ltr'><strong>eis</strong></span> <span class='ocrx_word' id='word_1_313' title='bbox 961 3224 1091 3294; x_wconf 87' lang='lat' dir='ltr'><strong>agit,</strong></span> <span class='ocrx_word' id='word_1_314' title='bbox 1121 3239 1229 3279; x_wconf 91' lang='lat' dir='ltr'><strong>non</strong></span> <span class='ocrx_word' id='word_1_315' title='bbox 1272 3232 1540 3295; x_wconf 88' lang='lat' dir='ltr'><strong>tamquam</strong></span> <span class='ocrx_word' id='word_1_316' title='bbox 1568 3238 1690 3279; x_wconf 90' lang='lat' dir='ltr'><strong>cum</strong></span> <span class='ocrx_word' id='word_1_317' title='bbox 1720 3223 1861 3287; x_wconf 88' lang='lat' dir='ltr'><strong>filiis,</strong></span> <span class='ocrx_word' id='word_1_318' title='bbox 1890 3223 1986 3279; x_wconf 90' lang='lat' dir='ltr'><strong>sed</strong></span> 
     </span>
    </p>
   </div>
   <div class='ocr_carea' id='block_1_41' title="bbox 399 3312 1983 3385">
    <p class='ocr_par' dir='ltr' id='par_1_41' title="bbox 399 3312 1983 3385">
     <span class='ocr_line' id='line_1_41' title="bbox 399 3312 1983 3385; baseline 0.001 -17"><span class='ocrx_word' id='word_1_319' title='bbox 399 3312 570 3369; x_wconf 78' lang='lat' dir='ltr'><strong>multo</strong></span> <span class='ocrx_word' id='word_1_320' title='bbox 595 3313 887 3385; x_wconf 78' lang='lat' dir='ltr'><strong>perfectius</strong></span> <span class='ocrx_word' id='word_1_321' title='bbox 905 3332 918 3369; x_wconf 92' lang='lat'><strong>:</strong></span> <span class='ocrx_word' id='word_1_322' title='bbox 938 3329 1046 3369; x_wconf 91' lang='lat' dir='ltr'><strong>non</strong></span> <span class='ocrx_word' id='word_1_323' title='bbox 1067 3315 1209 3369; x_wconf 90' lang='lat' dir='ltr'><strong>enim</strong></span> <span class='ocrx_word' id='word_1_324' title='bbox 1232 3315 1325 3371; x_wconf 91' lang='lat' dir='ltr'><strong>dat</strong></span> <span class='ocrx_word' id='word_1_325' title='bbox 1343 3315 1430 3371; x_wconf 89' lang='lat' dir='ltr'><strong>hic</strong></span> <span class='ocrx_word' id='word_1_326' title='bbox 1448 3315 1526 3371; x_wconf 89' lang='lat' dir='ltr'><strong>eis</strong></span> <span class='ocrx_word' id='word_1_327' title='bbox 1552 3315 1983 3385; x_wconf 85' lang='lat' dir='ltr'><strong>promissionem,</strong></span> 
     </span>
    </p>
   </div>
   <div class='ocr_carea' id='block_1_42' title="bbox 397 3405 1987 3478">
    <p class='ocr_par' dir='ltr' id='par_1_42' title="bbox 397 3405 1987 3478">
     <span class='ocr_line' id='line_1_42' title="bbox 397 3405 1987 3478; baseline 0 -18"><span class='ocrx_word' id='word_1_328' title='bbox 397 3405 492 3461; x_wconf 87' lang='lat' dir='ltr'><strong>sed</strong></span> <span class='ocrx_word' id='word_1_329' title='bbox 520 3405 573 3460; x_wconf 90' lang='lat' dir='ltr'><strong>in</strong></span> <span class='ocrx_word' id='word_1_330' title='bbox 599 3405 800 3462; x_wconf 89' lang='lat' dir='ltr'><strong>futuro.</strong></span> <span class='ocrx_word' id='word_1_331' title='bbox 825 3406 1075 3474; x_wconf 76' lang='lat' dir='ltr'><strong>Scientes;</strong></span> <span class='ocrx_word' id='word_1_332' title='bbox 1098 3407 1289 3478; x_wconf 79' lang='lat' dir='ltr'><strong>inquit,</strong></span> <span class='ocrx_word' id='word_1_333' title='bbox 1314 3408 1451 3478; x_wconf 86' lang='lat' dir='ltr'><strong>quod</strong></span> <span class='ocrx_word' id='word_1_334' title='bbox 1469 3409 1810 3477; x_wconf 82' lang='lat' dir='ltr'><strong>unusquisque</strong></span> <span class='ocrx_word' id='word_1_335' title='bbox 1826 3408 1987 3476; x_wconf 82' lang='lat' dir='ltr'><strong>quod-</strong></span> 
     </span>
    </p>
   </div>
   <div class='ocr_carea' id='block_1_43' title="bbox 397 3498 1982 3570">
    <p class='ocr_par' dir='ltr' id='par_1_43' title="bbox 397 3498 1982 3570">
     <span class='ocr_line' id='line_1_43' title="bbox 397 3498 1982 3570; baseline 0.002 -19"><span class='ocrx_word' id='word_1_336' title='bbox 397 3513 609 3568; x_wconf 87' lang='lat' dir='ltr'><strong>cumque</strong></span> <span class='ocrx_word' id='word_1_337' title='bbox 624 3500 797 3570; x_wconf 79' lang='lat' dir='ltr'><strong>fecerit</strong></span> <span class='ocrx_word' id='word_1_338' title='bbox 817 3499 1004 3554; x_wconf 90' lang='lat' dir='ltr'><strong>bonum</strong></span> <span class='ocrx_word' id='word_1_339' title='bbox 1023 3500 1100 3555; x_wconf 88' lang='lat' dir='ltr'><strong>vel</strong></span> <span class='ocrx_word' id='word_1_340' title='bbox 1119 3500 1331 3566; x_wconf 86' lang='lat' dir='ltr'><strong>malum,</strong></span> <span class='ocrx_word' id='word_1_341' title='bbox 1355 3500 1449 3554; x_wconf 84' lang='lat' dir='ltr'><strong>hoc</strong></span> <span class='ocrx_word' id='word_1_342' title='bbox 1472 3500 1677 3569; x_wconf 81' lang='lat' dir='ltr'><strong>recipiet</strong></span> <span class='ocrx_word' id='word_1_343' title='bbox 1696 3516 1728 3554; x_wconf 88' lang='lat' dir='ltr'><strong>a</strong></span> <span class='ocrx_word' id='word_1_344' title='bbox 1746 3498 1982 3554; x_wconf 87' lang='lat' dir='ltr'><strong>Domino.</strong></span> 
     </span>
    </p>
   </div>
   <div class='ocr_carea' id='block_1_44' title="bbox 400 3588 1985 3661">
    <p class='ocr_par' dir='ltr' id='par_1_44' title="bbox 400 3588 1985 3661">
     <span class='ocr_line' id='line_1_44' title="bbox 400 3588 1985 3661; baseline 0 -17"><span class='ocrx_word' id='word_1_345' title='bbox 400 3589 465 3644; x_wconf 85' lang='lat' dir='ltr'><strong>Et</strong></span> <span class='ocrx_word' id='word_1_346' title='bbox 486 3589 594 3658; x_wconf 89' lang='lat' dir='ltr'><strong>jam</strong></span> <span class='ocrx_word' id='word_1_347' title='bbox 618 3588 778 3646; x_wconf 89' lang='lat' dir='ltr'><strong>docet</strong></span> <span class='ocrx_word' id='word_1_348' title='bbox 813 3588 1199 3661; x_wconf 78' lang='lat' dir='ltr'><strong>philosophari.</strong></span> <span class='ocrx_word' id='word_1_349' title='bbox 1229 3588 1360 3645; x_wconf 86' lang='lat' dir='ltr'><strong>Nam</strong></span> <span class='ocrx_word' id='word_1_350' title='bbox 1391 3591 1488 3647; x_wconf 87' lang='lat' dir='ltr'><strong>etsi</strong></span> <span class='ocrx_word' id='word_1_351' title='bbox 1521 3591 1838 3646; x_wconf 86' lang='lat' dir='ltr'><strong>auctoritate</strong></span> <span class='ocrx_word' id='word_1_352' title='bbox 1861 3598 1985 3645; x_wconf 90' lang='lat' dir='ltr'><strong>sunt</strong></span> 
     </span>
    </p>
   </div>
   <div class='ocr_carea' id='block_1_45' title="bbox 400 3679 1980 3752">
    <p class='ocr_par' dir='ltr' id='par_1_45' title="bbox 400 3679 1980 3752">
     <span class='ocr_line' id='line_1_45' title="bbox 400 3679 1980 3752; baseline 0.001 -21"><span class='ocrx_word' id='word_1_353' title='bbox 400 3680 634 3735; x_wconf 89' lang='lat' dir='ltr'><strong>minores</strong></span> <span class='ocrx_word' id='word_1_354' title='bbox 654 3679 800 3745; x_wconf 84' lang='lat' dir='ltr'><strong>ﬁliis,</strong></span> <span class='ocrx_word' id='word_1_355' title='bbox 823 3681 905 3737; x_wconf 91' lang='lat' dir='ltr'><strong>sui</strong></span> <span class='ocrx_word' id='word_1_356' title='bbox 925 3689 1099 3737; x_wconf 93' lang='lat' dir='ltr'><strong>tamen</strong></span> <span class='ocrx_word' id='word_1_357' title='bbox 1123 3681 1375 3752; x_wconf 89' lang='lat' dir='ltr'><strong>opinione</strong></span> <span class='ocrx_word' id='word_1_358' title='bbox 1396 3690 1521 3737; x_wconf 88' lang='lat' dir='ltr'><strong>sunt</strong></span> <span class='ocrx_word' id='word_1_359' title='bbox 1541 3682 1792 3751; x_wconf 82' lang='lat' dir='ltr'><strong>majores.</strong></span> <span class='ocrx_word' id='word_1_360' title='bbox 1814 3680 1980 3747; x_wconf 83' lang='lat' dir='ltr'><strong>Servi,</strong></span> 
     </span>
    </p>
   </div>
   <div class='ocr_carea' id='block_1_46' title="bbox 401 3772 1982 3842">
    <p class='ocr_par' dir='ltr' id='par_1_46' title="bbox 401 3772 1982 3842">
     <span class='ocr_line' id='line_1_46' title="bbox 401 3772 1982 3842; baseline 0.002 -18"><span class='ocrx_word' id='word_1_361' title='bbox 401 3772 572 3842; x_wconf 88' lang='lat' dir='ltr'><strong>inquit</strong></span> <span class='ocrx_word' id='word_1_362' title='bbox 594 3814 610 3840; x_wconf 91' lang='lat'><strong>,</strong></span> <span class='ocrx_word' id='word_1_363' title='bbox 644 3773 842 3828; x_wconf 87' lang='lat' dir='ltr'><strong>obedite</strong></span> <span class='ocrx_word' id='word_1_364' title='bbox 879 3774 1098 3829; x_wconf 86' lang='lat' dir='ltr'><strong>dominis</strong></span> <span class='ocrx_word' id='word_1_365' title='bbox 1137 3774 1446 3829; x_wconf 82' lang='lat' dir='ltr'><strong>carnalibus.</strong></span> <span class='ocrx_word' id='word_1_366' title='bbox 1483 3774 1710 3830; x_wconf 71' lang='lat' dir='ltr'><strong>Mmrore</strong></span> <span class='ocrx_word' id='word_1_367' title='bbox 1738 3773 1982 3828; x_wconf 86' lang='lat' dir='ltr'><strong>affectam</strong></span> 
     </span>
    </p>
   </div>
   <div class='ocr_carea' id='block_1_47' title="bbox 399 3862 1985 3931">
    <p class='ocr_par' dir='ltr' id='par_1_47' title="bbox 399 3862 1985 3931">
     <span class='ocr_line' id='line_1_47' title="bbox 399 3862 1985 3931; baseline 0.004 -17"><span class='ocrx_word' id='word_1_368' title='bbox 399 3862 578 3915; x_wconf 76' lang='lat' dir='ltr'><strong>statim</strong></span> <span class='ocrx_word' id='word_1_369' title='bbox 622 3864 796 3918; x_wconf 75' lang='lat' dir='ltr'><strong>erexit</strong></span> <span class='ocrx_word' id='word_1_370' title='bbox 834 3864 1102 3931; x_wconf 89' lang='lat' dir='ltr'><strong>animam,</strong></span> <span class='ocrx_word' id='word_1_371' title='bbox 1133 3875 1188 3921; x_wconf 89' lang='lat' dir='ltr'><strong>et</strong></span> <span class='ocrx_word' id='word_1_372' title='bbox 1214 3865 1391 3920; x_wconf 78' lang='lat' dir='ltr'><strong>statim</strong></span> <span class='ocrx_word' id='word_1_373' title='bbox 1427 3875 1511 3920; x_wconf 88' lang='lat' dir='ltr'><strong>est</strong></span> <span class='ocrx_word' id='word_1_374' title='bbox 1545 3864 1871 3920; x_wconf 89' lang='lat' dir='ltr'><strong>consolatus.</strong></span> <span class='ocrx_word' id='word_1_375' title='bbox 1906 3863 1985 3920; x_wconf 87' lang='lat' dir='ltr'><strong>Ne</strong></span> 
     </span>
    </p>
   </div>
   <div class='ocr_carea' id='block_1_48' title="bbox 398 3952 1981 4025">
    <p class='ocr_par' dir='ltr' id='par_1_48' title="bbox 398 3952 1981 4025">
     <span class='ocr_line' id='line_1_48' title="bbox 398 3952 1981 4025; baseline 0.003 -20"><span class='ocrx_word' id='word_1_376' title='bbox 398 3952 601 4021; x_wconf 85' lang='lat' dir='ltr'><strong>doleas,</strong></span> <span class='ocrx_word' id='word_1_377' title='bbox 627 3953 820 4024; x_wconf 80' lang='lat' dir='ltr'><strong>inquit,</strong></span> <span class='ocrx_word' id='word_1_378' title='bbox 844 3956 984 4025; x_wconf 84' lang='lat' dir='ltr'><strong>quod</strong></span> <span class='ocrx_word' id='word_1_379' title='bbox 1012 3957 1187 4012; x_wconf 88' lang='lat' dir='ltr'><strong>minus</strong></span> <span class='ocrx_word' id='word_1_380' title='bbox 1211 3955 1407 4012; x_wconf 81' lang='lat' dir='ltr'><strong>habeas</strong></span> <span class='ocrx_word' id='word_1_381' title='bbox 1429 3971 1585 4025; x_wconf 84' lang='lat' dir='ltr'><strong>qualn</strong></span> <span class='ocrx_word' id='word_1_382' title='bbox 1608 3970 1742 4010; x_wconf 83' lang='lat' dir='ltr'><strong>uxor</strong></span> <span class='ocrx_word' id='word_1_383' title='bbox 1766 3964 1821 4009; x_wconf 92' lang='lat' dir='ltr'><strong>et</strong></span> <span class='ocrx_word' id='word_1_384' title='bbox 1846 3955 1938 4009; x_wconf 87' lang='lat' dir='ltr'><strong>ﬁlii</strong></span> <span class='ocrx_word' id='word_1_385' title='bbox 1967 3973 1981 4010; x_wconf 89' lang='lat'>:</span> 
     </span>
    </p>
   </div>
   <div class='ocr_carea' id='block_1_49' title="bbox 399 4044 1981 4114">
    <p class='ocr_par' dir='ltr' id='par_1_49' title="bbox 399 4044 1981 4114">
     <span class='ocr_line' id='line_1_49' title="bbox 399 4044 1981 4114; baseline 0.002 -17"><span class='ocrx_word' id='word_1_386' title='bbox 399 4044 570 4099; x_wconf 81' lang='lat' dir='ltr'><strong>solum</strong></span> <span class='ocrx_word' id='word_1_387' title='bbox 598 4054 680 4100; x_wconf 90' lang='lat' dir='ltr'><strong>est</strong></span> <span class='ocrx_word' id='word_1_388' title='bbox 706 4052 901 4102; x_wconf 89' lang='lat' dir='ltr'><strong>nomen</strong></span> <span class='ocrx_word' id='word_1_389' title='bbox 942 4046 1249 4114; x_wconf 83' lang='lat' dir='ltr'><strong>servitutis;</strong></span> <span class='ocrx_word' id='word_1_390' title='bbox 1286 4046 1505 4101; x_wconf 88' lang='lat' dir='ltr'><strong>carnale</strong></span> <span class='ocrx_word' id='word_1_391' title='bbox 1538 4054 1622 4101; x_wconf 88' lang='lat' dir='ltr'><strong>est</strong></span> <span class='ocrx_word' id='word_1_392' title='bbox 1651 4045 1943 4100; x_wconf 88' lang='lat' dir='ltr'><strong>dominium</strong></span> <span class='ocrx_word' id='word_1_393' title='bbox 1965 4086 1981 4111; x_wconf 96' lang='lat'><strong>,</strong></span> 
     </span>
    </p>
   </div>
   <div class='ocr_carea' id='block_1_50' title="bbox 401 4132 1986 4209">
    <p class='ocr_par' dir='ltr' id='par_1_50' title="bbox 401 4132 1986 4209">
     <span class='ocr_line' id='line_1_50' title="bbox 401 4132 1986 4209; baseline 0 -19"><span class='ocrx_word' id='word_1_394' title='bbox 401 4137 696 4208; x_wconf 67' lang='lat' dir='ltr'><strong>(temporale</strong></span> <span class='ocrx_word' id='word_1_395' title='bbox 724 4147 778 4193; x_wconf 90' lang='lat' dir='ltr'><strong>et</strong></span> <span class='ocrx_word' id='word_1_396' title='bbox 804 4132 969 4195; x_wconf 82' lang='lat' dir='ltr'><strong>breve</strong></span> <span class='ocrx_word' id='word_1_397' title='bbox 997 4155 1011 4192; x_wconf 94' lang='lat'>:</span> <span class='ocrx_word' id='word_1_398' title='bbox 1044 4137 1299 4209; x_wconf 85' lang='lat' dir='ltr'><strong>quidquid</strong></span> <span class='ocrx_word' id='word_1_399' title='bbox 1331 4138 1474 4193; x_wconf 90' lang='lat' dir='ltr'><strong>enim</strong></span> <span class='ocrx_word' id='word_1_400' title='bbox 1509 4146 1593 4193; x_wconf 90' lang='lat' dir='ltr'><strong>est</strong></span> <span class='ocrx_word' id='word_1_401' title='bbox 1629 4135 1876 4201; x_wconf 88' lang='lat' dir='ltr'><strong>carnale,</strong></span> <span class='ocrx_word' id='word_1_402' title='bbox 1901 4144 1986 4191; x_wconf 91' lang='lat' dir='ltr'><strong>est</strong></span> 
     </span>
    </p>
   </div>
   <div class='ocr_carea' id='block_1_51' title="bbox 399 4227 1985 4299">
    <p class='ocr_par' dir='ltr' id='par_1_51' title="bbox 399 4227 1985 4299">
     <span class='ocr_line' id='line_1_51' title="bbox 399 4227 1985 4299; baseline -0.003 -14"><span class='ocrx_word' id='word_1_403' title='bbox 399 4229 656 4286; x_wconf 86' lang='lat' dir='ltr'><strong>caducum</strong></span> <span class='ocrx_word' id='word_1_404' title='bbox 696 4238 751 4286; x_wconf 89' lang='lat' dir='ltr'><strong>et</strong></span> <span class='ocrx_word' id='word_1_405' title='bbox 788 4245 894 4286; x_wconf 91' lang='lat' dir='ltr'><strong>non</strong></span> <span class='ocrx_word' id='word_1_406' title='bbox 933 4230 1262 4284; x_wconf 90' lang='lat' dir='ltr'><strong>diuturnum.</strong></span> <span class='ocrx_word' id='word_1_407' title='bbox 1294 4227 1425 4286; x_wconf 89' lang='lat' dir='ltr'><strong>Cum</strong></span> <span class='ocrx_word' id='word_1_408' title='bbox 1457 4229 1669 4295; x_wconf 88' lang='lat' dir='ltr'><strong>timore,</strong></span> <span class='ocrx_word' id='word_1_409' title='bbox 1703 4227 1908 4299; x_wconf 87' lang='lat' dir='ltr'><strong>inquit,</strong></span> <span class='ocrx_word' id='word_1_410' title='bbox 1937 4236 1985 4281; x_wconf 91' lang='lat' dir='ltr'><strong>et</strong></span> 
     </span>
    </p>
   </div>
   <div class='ocr_carea' id='block_1_52' title="bbox 401 4317 1986 4390">
    <p class='ocr_par' dir='ltr' id='par_1_52' title="bbox 401 4317 1986 4390">
     <span class='ocr_line' id='line_1_52' title="bbox 401 4317 1986 4390; baseline -0.001 -18"><span class='ocrx_word' id='word_1_411' title='bbox 401 4331 631 4377; x_wconf 83' lang='lat' dir='ltr'><strong>tremore.</strong></span> <span class='ocrx_word' id='word_1_412' title='bbox 665 4319 828 4376; x_wconf 81' lang='lat' dir='ltr'><strong>Vides</strong></span> <span class='ocrx_word' id='word_1_413' title='bbox 854 4321 996 4390; x_wconf 90' lang='lat' dir='ltr'><strong>quod</strong></span> <span class='ocrx_word' id='word_1_414' title='bbox 1034 4336 1138 4375; x_wconf 91' lang='lat' dir='ltr'><strong>non</strong></span> <span class='ocrx_word' id='word_1_415' title='bbox 1165 4319 1412 4377; x_wconf 90' lang='lat' dir='ltr'><strong>eumdem</strong></span> <span class='ocrx_word' id='word_1_416' title='bbox 1444 4320 1687 4375; x_wconf 89' lang='lat' dir='ltr'><strong>timorem</strong></span> <span class='ocrx_word' id='word_1_417' title='bbox 1715 4318 1893 4389; x_wconf 79' lang='lat' dir='ltr'><strong>exegit</strong></span> <span class='ocrx_word' id='word_1_418' title='bbox 1917 4317 1986 4371; x_wconf 89' lang='lat' dir='ltr'><strong>ab</strong></span> 
     </span>
    </p>
   </div>
   <div class='ocr_carea' id='block_1_53' title="bbox 401 4409 1982 4481">
    <p class='ocr_par' dir='ltr' id='par_1_53' title="bbox 401 4409 1982 4481">
     <span class='ocr_line' id='line_1_53' title="bbox 401 4409 1982 4481; baseline 0.001 -17"><span class='ocrx_word' id='word_1_419' title='bbox 401 4425 569 4467; x_wconf 79' lang='lat' dir='ltr'><strong>uxore</strong></span> <span class='ocrx_word' id='word_1_420' title='bbox 607 4420 662 4467; x_wconf 88' lang='lat' dir='ltr'><strong>et</strong></span> <span class='ocrx_word' id='word_1_421' title='bbox 704 4412 908 4467; x_wconf 79' lang='lat' dir='ltr'><strong>servis?</strong></span> <span class='ocrx_word' id='word_1_422' title='bbox 938 4410 1069 4466; x_wconf 82' lang='lat' dir='ltr'><strong>Nam</strong></span> <span class='ocrx_word' id='word_1_423' title='bbox 1112 4410 1221 4467; x_wconf 92' lang='lat' dir='ltr'><strong>illic</strong></span> <span class='ocrx_word' id='word_1_424' title='bbox 1265 4411 1482 4481; x_wconf 88' lang='lat' dir='ltr'><strong>quidem</strong></span> <span class='ocrx_word' id='word_1_425' title='bbox 1525 4411 1660 4466; x_wconf 83' lang='lat' dir='ltr'><strong>dixit</strong></span> <span class='ocrx_word' id='word_1_426' title='bbox 1698 4409 1982 4477; x_wconf 89' lang='lat' dir='ltr'><strong>absolute,</strong></span> 
     </span>
    </p>
   </div>
   <div class='ocr_carea' id='block_1_54' title="bbox 406 4501 1983 4577">
    <p class='ocr_par' dir='ltr' id='par_1_54' title="bbox 406 4501 1983 4577">
     <span class='ocr_line' id='line_1_54' title="bbox 406 4501 1983 4577; baseline -0.001 -21"><span class='ocrx_word' id='word_1_427' title='bbox 406 4501 594 4557; x_wconf 79' lang='lat' dir='ltr'><strong>Mulier</strong></span> <span class='ocrx_word' id='word_1_428' title='bbox 631 4503 804 4558; x_wconf 90' lang='lat' dir='ltr'><strong>timeat</strong></span> <span class='ocrx_word' id='word_1_429' title='bbox 844 4503 1084 4556; x_wconf 81' lang='lat' dir='ltr'><strong>maritum</strong></span> <span class='ocrx_word' id='word_1_430' title='bbox 1115 4517 1133 4556; x_wconf 91' lang='lat'><strong><em>:</em></strong></span> <span class='ocrx_word' id='word_1_431' title='bbox 1160 4501 1247 4557; x_wconf 91' lang='lat' dir='ltr'><strong>hic</strong></span> <span class='ocrx_word' id='word_1_432' title='bbox 1284 4511 1462 4556; x_wconf 89' lang='lat' dir='ltr'><strong>autem</strong></span> <span class='ocrx_word' id='word_1_433' title='bbox 1503 4517 1624 4556; x_wconf 81' lang='lat' dir='ltr'><strong>cum</strong></span> <span class='ocrx_word' id='word_1_434' title='bbox 1663 4502 1983 4577; x_wconf 84' lang='lat' dir='ltr'><strong>intensione,</strong></span> 
     </span>
    </p>
   </div>
   <div class='ocr_carea' id='block_1_55' title="bbox 402 4590 1983 4664">
    <p class='ocr_par' dir='ltr' id='par_1_55' title="bbox 402 4590 1983 4664">
     <span class='ocr_line' id='line_1_55' title="bbox 402 4590 1983 4664; baseline -0.001 -17"><span class='ocrx_word' id='word_1_435' title='bbox 402 4590 530 4647; x_wconf 86' lang='lat' dir='ltr'><strong>Cum</strong></span> <span class='ocrx_word' id='word_1_436' title='bbox 569 4594 748 4648; x_wconf 87' lang='lat' dir='ltr'><strong>timore</strong></span> <span class='ocrx_word' id='word_1_437' title='bbox 784 4602 833 4648; x_wconf 88' lang='lat' dir='ltr'><strong>et</strong></span> <span class='ocrx_word' id='word_1_438' title='bbox 867 4602 1101 4647; x_wconf 87' lang='lat' dir='ltr'><strong>tremore.</strong></span> <span class='ocrx_word' id='word_1_439' title='bbox 1124 4591 1214 4651; x_wconf 86' lang='lat' dir='ltr'><strong>.ln</strong></span> <span class='ocrx_word' id='word_1_440' title='bbox 1249 4593 1569 4664; x_wconf 86' lang='lat' dir='ltr'><strong>simplicitate</strong></span> <span class='ocrx_word' id='word_1_441' title='bbox 1598 4593 1765 4647; x_wconf 85' lang='lat' dir='ltr'><strong>cordis</strong></span> <span class='ocrx_word' id='word_1_442' title='bbox 1794 4593 1983 4656; x_wconf 76' lang='lat' dir='ltr'><strong>vestri,</strong></span> 
     </span>
    </p>
   </div>
   <div class='ocr_carea' id='block_1_56' title="bbox 401 4683 1987 4756">
    <p class='ocr_par' dir='ltr' id='par_1_56' title="bbox 401 4683 1987 4756">
     <span class='ocr_line' id='line_1_56' title="bbox 401 4683 1987 4756; baseline -0.001 -17"><span class='ocrx_word' id='word_1_443' title='bbox 401 4686 529 4739; x_wconf 82' lang='lat' dir='ltr'><strong>sicut</strong></span> <span class='ocrx_word' id='word_1_444' title='bbox 550 4684 772 4744; x_wconf 85' lang='lat' dir='ltr'><strong>Christo.</strong></span> <span class='ocrx_word' id='word_1_445' title='bbox 802 4684 915 4740; x_wconf 86' lang='lat' dir='ltr'><strong>lloc</strong></span> <span class='ocrx_word' id='word_1_446' title='bbox 934 4683 1065 4741; x_wconf 85' lang='lat' dir='ltr'><strong>dicit</strong></span> <span class='ocrx_word' id='word_1_447' title='bbox 1091 4683 1418 4756; x_wconf 87' lang='lat' dir='ltr'><strong>frequenter.</strong></span> <span class='ocrx_word' id='word_1_448' title='bbox 1441 4684 1578 4753; x_wconf 86' lang='lat' dir='ltr'><strong>Quid</strong></span> <span class='ocrx_word' id='word_1_449' title='bbox 1601 4685 1756 4752; x_wconf 91' lang='lat' dir='ltr'><strong>dicis,</strong></span> <span class='ocrx_word' id='word_1_450' title='bbox 1777 4701 1810 4754; x_wconf 80' lang='grc' dir='ltr'>ο</span> <span class='ocrx_word' id='word_1_451' title='bbox 1831 4685 1987 4740; x_wconf 87' lang='lat' dir='ltr'><strong>beate</strong></span> 
     </span>
    </p>
   </div>
   <div class='ocr_carea' id='block_1_57' title="bbox 405 4774 1985 4844">
    <p class='ocr_par' dir='ltr' id='par_1_57' title="bbox 405 4774 1985 4844">
     <span class='ocr_line' id='line_1_57' title="bbox 405 4774 1985 4844; baseline 0.002 -16"><span class='ocrx_word' id='word_1_452' title='bbox 405 4774 609 4832; x_wconf 81' lang='lat' dir='ltr'><strong>Paule?</strong></span> <span class='ocrx_word' id='word_1_453' title='bbox 635 4785 717 4831; x_wconf 87' lang='lat' dir='ltr'><strong>est</strong></span> <span class='ocrx_word' id='word_1_454' title='bbox 743 4775 929 4843; x_wconf 73' lang='lat' dir='ltr'><strong>frater;</strong></span> <span class='ocrx_word' id='word_1_455' title='bbox 959 4775 1144 4832; x_wconf 87' lang='lat' dir='ltr'><strong>eadem</strong></span> <span class='ocrx_word' id='word_1_456' title='bbox 1171 4783 1256 4832; x_wconf 88' lang='lat' dir='ltr'><strong>est</strong></span> <span class='ocrx_word' id='word_1_457' title='bbox 1276 4783 1657 4844; x_wconf 84' lang='lat' dir='ltr'><strong>consequutus,</strong></span> <span class='ocrx_word' id='word_1_458' title='bbox 1689 4785 1771 4831; x_wconf 90' lang='lat' dir='ltr'><strong>est</strong></span> <span class='ocrx_word' id='word_1_459' title='bbox 1809 4777 1861 4831; x_wconf 92' lang='lat' dir='ltr'><strong>in</strong></span> <span class='ocrx_word' id='word_1_460' title='bbox 1889 4791 1985 4832; x_wconf 84' lang='lat' dir='ltr'><strong>eo-</strong></span> 
     </span>
    </p>
   </div>
   <div class='ocr_carea' id='block_1_58' title="bbox 401 4866 1984 4938">
    <p class='ocr_par' dir='ltr' id='par_1_58' title="bbox 401 4866 1984 4938">
     <span class='ocr_line' id='line_1_58' title="bbox 401 4866 1984 4938; baseline 0.003 -21"><span class='ocrx_word' id='word_1_461' title='bbox 401 4866 523 4922; x_wconf 88' lang='lat' dir='ltr'><strong>dem</strong></span> <span class='ocrx_word' id='word_1_462' title='bbox 554 4880 819 4938; x_wconf 87' lang='lat' dir='ltr'><strong>corpore;</strong></span> <span class='ocrx_word' id='word_1_463' title='bbox 848 4867 958 4923; x_wconf 92' lang='lat' dir='ltr'><strong>imo</strong></span> <span class='ocrx_word' id='word_1_464' title='bbox 993 4866 1167 4922; x_wconf 88' lang='lat' dir='ltr'><strong>factus</strong></span> <span class='ocrx_word' id='word_1_465' title='bbox 1201 4875 1286 4922; x_wconf 88' lang='lat' dir='ltr'><strong>est</strong></span> <span class='ocrx_word' id='word_1_466' title='bbox 1312 4866 1480 4921; x_wconf 84' lang='lat' dir='ltr'><strong>frater</strong></span> <span class='ocrx_word' id='word_1_467' title='bbox 1505 4881 1609 4922; x_wconf 93' lang='lat' dir='ltr'><strong>non</strong></span> <span class='ocrx_word' id='word_1_468' title='bbox 1641 4867 1719 4923; x_wconf 91' lang='lat' dir='ltr'><strong>sui</strong></span> <span class='ocrx_word' id='word_1_469' title='bbox 1747 4867 1984 4936; x_wconf 90' lang='lat' dir='ltr'><strong>domini,</strong></span> 
     </span>
    </p>
   </div>
   <div class='ocr_carea' id='block_1_59' title="bbox 404 4955 1984 5027">
    <p class='ocr_par' dir='ltr' id='par_1_59' title="bbox 404 4955 1984 5027">
     <span class='ocr_line' id='line_1_59' title="bbox 404 4955 1984 5027; baseline 0.003 -17"><span class='ocrx_word' id='word_1_470' title='bbox 404 4957 496 5012; x_wconf 86' lang='lat' dir='ltr'><strong>sed</strong></span> <span class='ocrx_word' id='word_1_471' title='bbox 536 4955 673 5013; x_wconf 86' lang='lat' dir='ltr'><strong>adeo</strong></span> <span class='ocrx_word' id='word_1_472' title='bbox 701 4957 820 5013; x_wconf 91' lang='lat' dir='ltr'><strong>Filii</strong></span> <span class='ocrx_word' id='word_1_473' title='bbox 854 4958 945 5014; x_wconf 85' lang='lat' dir='ltr'><strong>Dei</strong></span> <span class='ocrx_word' id='word_1_474' title='bbox 970 4975 985 5024; x_wconf 90' lang='lat'><strong>;</strong></span> <span class='ocrx_word' id='word_1_475' title='bbox 1015 4957 1207 5013; x_wconf 85' lang='lat' dir='ltr'><strong>fruitur</strong></span> <span class='ocrx_word' id='word_1_476' title='bbox 1237 4957 1424 5013; x_wconf 81' lang='lat' dir='ltr'><strong>iisdem</strong></span> <span class='ocrx_word' id='word_1_477' title='bbox 1452 4959 1719 5022; x_wconf 84' lang='lat' dir='ltr'><strong>omnibus,</strong></span> <span class='ocrx_word' id='word_1_478' title='bbox 1747 4971 1800 5014; x_wconf 88' lang='lat' dir='ltr'><strong>et</strong></span> <span class='ocrx_word' id='word_1_479' title='bbox 1830 4959 1984 5027; x_wconf 88' lang='lat' dir='ltr'><strong>dicis,</strong></span> 
     </span>
    </p>
   </div>
   <div class='ocr_carea' id='block_1_60' title="bbox 408 5049 1990 5107">
    <p class='ocr_par' dir='ltr' id='par_1_60' title="bbox 408 5049 1990 5107">
     <span class='ocr_line' id='line_1_60' title="bbox 408 5049 1990 5107; baseline 0.003 -4"><span class='ocrx_word' id='word_1_480' title='bbox 408 5049 616 5106; x_wconf 81' lang='lat' dir='ltr'><strong>Dbedite</strong></span> <span class='ocrx_word' id='word_1_481' title='bbox 635 5050 854 5105; x_wconf 89' lang='lat' dir='ltr'><strong>dominis</strong></span> <span class='ocrx_word' id='word_1_482' title='bbox 875 5050 1163 5105; x_wconf 79' lang='lat' dir='ltr'><strong>earnalibus</strong></span> <span class='ocrx_word' id='word_1_483' title='bbox 1186 5066 1303 5105; x_wconf 87' lang='lat' dir='ltr'><strong>cum</strong></span> <span class='ocrx_word' id='word_1_484' title='bbox 1324 5050 1502 5105; x_wconf 87' lang='lat' dir='ltr'><strong>timore</strong></span> <span class='ocrx_word' id='word_1_485' title='bbox 1519 5060 1568 5105; x_wconf 91' lang='lat' dir='ltr'><strong>et</strong></span> <span class='ocrx_word' id='word_1_486' title='bbox 1590 5060 1804 5107; x_wconf 89' lang='lat' dir='ltr'><strong>tremore</strong></span> <span class='ocrx_word' id='word_1_487' title='bbox 1818 5054 1844 5107; x_wconf 84' lang='lat'><strong><em>?</em></strong></span> <span class='ocrx_word' id='word_1_488' title='bbox 1868 5052 1990 5107; x_wconf 89' lang='lat' dir='ltr'><strong>Pro-</strong></span> 
     </span>
    </p>
   </div>
   <div class='ocr_carea' id='block_1_61' title="bbox 406 5140 1992 5214">
    <p class='ocr_par' dir='ltr' id='par_1_61' title="bbox 406 5140 1992 5214">
     <span class='ocr_line' id='line_1_61' title="bbox 406 5140 1992 5214; baseline 0.003 -20"><span class='ocrx_word' id='word_1_489' title='bbox 406 5154 586 5209; x_wconf 78' lang='lat' dir='ltr'><strong>pterea</strong></span> <span class='ocrx_word' id='word_1_490' title='bbox 613 5141 780 5208; x_wconf 88' lang='lat' dir='ltr'><strong>enim,</strong></span> <span class='ocrx_word' id='word_1_491' title='bbox 808 5140 999 5211; x_wconf 82' lang='lat' dir='ltr'><strong>inquit,</strong></span> <span class='ocrx_word' id='word_1_492' title='bbox 1028 5141 1169 5197; x_wconf 89' lang='lat' dir='ltr'><strong>dico.</strong></span> <span class='ocrx_word' id='word_1_493' title='bbox 1202 5140 1333 5196; x_wconf 85' lang='lat' dir='ltr'><strong>Nam</strong></span> <span class='ocrx_word' id='word_1_494' title='bbox 1360 5141 1405 5196; x_wconf 91' lang='lat' dir='ltr'><strong>si</strong></span> <span class='ocrx_word' id='word_1_495' title='bbox 1427 5140 1611 5211; x_wconf 86' lang='lat' dir='ltr'><strong>jubco,</strong></span> <span class='ocrx_word' id='word_1_496' title='bbox 1641 5142 1832 5214; x_wconf 71' lang='lat' dir='ltr'><strong>inquit,</strong></span> <span class='ocrx_word' id='word_1_497' title='bbox 1857 5142 1992 5199; x_wconf 89' lang='lat' dir='ltr'><strong>libe-</strong></span> 
     </span>
    </p>
   </div>
   <div class='ocr_carea' id='block_1_62' title="bbox 406 5230 1992 5311">
    <p class='ocr_par' dir='ltr' id='par_1_62' title="bbox 406 5230 1992 5311">
     <span class='ocr_line' id='line_1_62' title="bbox 406 5230 1992 5311; baseline 0.004 -27"><span class='ocrx_word' id='word_1_498' title='bbox 406 5246 496 5286; x_wconf 88' lang='lat' dir='ltr'><strong>ros</strong></span> <span class='ocrx_word' id='word_1_499' title='bbox 519 5231 743 5286; x_wconf 79' lang='lat' dir='ltr'><strong>invicem</strong></span> <span class='ocrx_word' id='word_1_500' title='bbox 766 5244 887 5287; x_wconf 88' lang='lat' dir='ltr'><strong>esse</strong></span> <span class='ocrx_word' id='word_1_501' title='bbox 905 5230 1178 5301; x_wconf 86' lang='lat' dir='ltr'><strong>subjectos</strong></span> <span class='ocrx_word' id='word_1_502' title='bbox 1203 5241 1421 5302; x_wconf 85' lang='lat' dir='ltr'><strong>prepter</strong></span> <span class='ocrx_word' id='word_1_503' title='bbox 1441 5232 1685 5310; x_wconf 85' lang='lat' dir='ltr'><strong>timorem</strong></span> <span class='ocrx_word' id='word_1_504' title='bbox 1711 5234 1827 5311; x_wconf 72' lang='lat' dir='ltr'><strong>Dei,</strong></span> <span class='ocrx_word' id='word_1_505' title='bbox 1854 5234 1992 5291; x_wconf 89' lang='lat' dir='ltr'><strong>sicut</strong></span> 
     </span>
    </p>
   </div>
   <div class='ocr_carea' id='block_1_63' title="bbox 403 5308 1987 5398">
    <p class='ocr_par' dir='ltr' id='par_1_63' title="bbox 403 5308 1987 5398">
     <span class='ocr_line' id='line_1_63' title="bbox 403 5308 1987 5398; baseline 0.003 -22"><span class='ocrx_word' id='word_1_506' title='bbox 403 5321 616 5378; x_wconf 78' lang='lat' dir='ltr'><strong>dicebat</strong></span> <span class='ocrx_word' id='word_1_507' title='bbox 630 5322 897 5392; x_wconf 87' lang='lat' dir='ltr'><strong>superius,</strong></span> <span class='ocrx_word' id='word_1_508' title='bbox 922 5322 1148 5393; x_wconf 83' lang='lat' dir='ltr'><strong>Subjecti</strong></span> <span class='ocrx_word' id='word_1_509' title='bbox 1167 5324 1375 5379; x_wconf 84' lang='lat' dir='ltr'><strong>invicem</strong></span> <span class='ocrx_word' id='word_1_510' title='bbox 1394 5324 1446 5379; x_wconf 86' lang='lat' dir='ltr'><strong>in</strong></span> <span class='ocrx_word' id='word_1_511' title='bbox 1465 5325 1641 5381; x_wconf 88' lang='lat' dir='ltr'><strong>timore</strong></span> <span class='ocrx_word' id='word_1_512' title='bbox 1657 5308 1749 5381; x_wconf 87' lang='lat' dir='ltr'><strong>Dei</strong></span> <span class='ocrx_word' id='word_1_513' title='bbox 1772 5308 1987 5398; x_wconf 77' lang='lat' dir='ltr'><strong>(Ephes.</strong></span> 
     </span>
    </p>
   </div>
   <div class='ocr_carea' id='block_1_64' title="bbox 404 5401 1989 5485">
    <p class='ocr_par' dir='ltr' id='par_1_64' title="bbox 404 5401 1989 5485">
     <span class='ocr_line' id='line_1_64' title="bbox 404 5401 1989 5485; baseline 0.003 -17"><span class='ocrx_word' id='word_1_514' title='bbox 404 5413 460 5468; x_wconf 76' lang='lat'><strong>5.</strong></span> <span class='ocrx_word' id='word_1_515' title='bbox 490 5412 620 5483; x_wconf 73' lang='lat'><strong>2-1);</strong></span> <span class='ocrx_word' id='word_1_516' title='bbox 646 5414 692 5468; x_wconf 92' lang='lat' dir='ltr'><strong>si</strong></span> <span class='ocrx_word' id='word_1_517' title='bbox 714 5413 880 5483; x_wconf 86' lang='lat' dir='ltr'><strong>jubeo</strong></span> <span class='ocrx_word' id='word_1_518' title='bbox 908 5429 1129 5470; x_wconf 81' lang='lat' dir='ltr'><strong>uxorem</strong></span> <span class='ocrx_word' id='word_1_519' title='bbox 1159 5416 1348 5472; x_wconf 89' lang='lat' dir='ltr'><strong>timere</strong></span> <span class='ocrx_word' id='word_1_520' title='bbox 1382 5417 1662 5485; x_wconf 86' lang='lat' dir='ltr'><strong>maritum,</strong></span> <span class='ocrx_word' id='word_1_521' title='bbox 1691 5401 1901 5473; x_wconf 84' lang='lat' dir='ltr'><strong>etiamsi</strong></span> <span class='ocrx_word' id='word_1_522' title='bbox 1927 5421 1989 5473; x_wconf 80' lang='lat' dir='ltr'><strong>ea</strong></span> 
     </span>
    </p>
   </div>
   <div class='ocr_carea' id='block_1_65' title="bbox 406 5506 1989 5580">
    <p class='ocr_par' dir='ltr' id='par_1_65' title="bbox 406 5506 1989 5580">
     <span class='ocr_line' id='line_1_65' title="bbox 406 5506 1989 5580; baseline 0.003 -20"><span class='ocrx_word' id='word_1_523' title='bbox 406 5507 478 5561; x_wconf 86' lang='lat' dir='ltr'><strong>sit</strong></span> <span class='ocrx_word' id='word_1_524' title='bbox 521 5521 617 5576; x_wconf 91' lang='lat' dir='ltr'><strong>par</strong></span> <span class='ocrx_word' id='word_1_525' title='bbox 657 5506 899 5563; x_wconf 90' lang='lat' dir='ltr'><strong>honore:</strong></span> <span class='ocrx_word' id='word_1_526' title='bbox 928 5508 1105 5564; x_wconf 84' lang='lat' dir='ltr'><strong>multo&quot;</strong></span> <span class='ocrx_word' id='word_1_527' title='bbox 1123 5509 1290 5580; x_wconf 87' lang='lat' dir='ltr'><strong>magis</strong></span> <span class='ocrx_word' id='word_1_528' title='bbox 1319 5524 1555 5565; x_wconf 86' lang='lat' dir='ltr'><strong>servum.</strong></span> <span class='ocrx_word' id='word_1_529' title='bbox 1595 5510 1712 5565; x_wconf 85' lang='lat' dir='ltr'><strong>Non</strong></span> <span class='ocrx_word' id='word_1_530' title='bbox 1739 5522 1820 5566; x_wconf 89' lang='lat' dir='ltr'><strong>est</strong></span> <span class='ocrx_word' id='word_1_531' title='bbox 1848 5514 1989 5566; x_wconf 89' lang='lat' dir='ltr'><strong>enim</strong></span> 
     </span>
    </p>
   </div>
   <div class='ocr_carea' id='block_1_66' title="bbox 408 5586 1992 5671">
    <p class='ocr_par' dir='ltr' id='par_1_66' title="bbox 408 5586 1992 5671">
     <span class='ocr_line' id='line_1_66' title="bbox 408 5586 1992 5671; baseline 0.004 -19"><span class='ocrx_word' id='word_1_532' title='bbox 408 5597 511 5653; x_wconf 89' lang='lat' dir='ltr'><strong>hoc</strong></span> <span class='ocrx_word' id='word_1_533' title='bbox 537 5597 869 5667; x_wconf 85' lang='lat' dir='ltr'><strong>ignobilitas,</strong></span> <span class='ocrx_word' id='word_1_534' title='bbox 898 5601 990 5657; x_wconf 88' lang='lat' dir='ltr'><strong>sed</strong></span> <span class='ocrx_word' id='word_1_535' title='bbox 1031 5601 1197 5671; x_wconf 89' lang='lat' dir='ltr'><strong>prima</strong></span> <span class='ocrx_word' id='word_1_536' title='bbox 1227 5601 1509 5670; x_wconf 89' lang='lat' dir='ltr'><strong>nobilitas,</strong></span> <span class='ocrx_word' id='word_1_537' title='bbox 1537 5603 1679 5658; x_wconf 90' lang='lat' dir='ltr'><strong>scire</strong></span> <span class='ocrx_word' id='word_1_538' title='bbox 1705 5618 1825 5659; x_wconf 87' lang='lat' dir='ltr'><strong>esse</strong></span> <span class='ocrx_word' id='word_1_539' title='bbox 1854 5586 1992 5658; x_wconf 86' lang='lat' dir='ltr'><strong>infe-</strong></span> 
     </span>
    </p>
   </div>
   <div class='ocr_carea' id='block_1_67' title="bbox 407 5691 1994 5766">
    <p class='ocr_par' dir='ltr' id='par_1_67' title="bbox 407 5691 1994 5766">
     <span class='ocr_line' id='line_1_67' title="bbox 407 5691 1994 5766; baseline 0.004 -20"><span class='ocrx_word' id='word_1_540' title='bbox 407 5691 631 5759; x_wconf 81' lang='lat' dir='ltr'><strong>riorem,</strong></span> <span class='ocrx_word' id='word_1_541' title='bbox 659 5701 716 5749; x_wconf 89' lang='lat' dir='ltr'><strong>et</strong></span> <span class='ocrx_word' id='word_1_542' title='bbox 744 5694 984 5750; x_wconf 84' lang='lat' dir='ltr'><strong>modeste</strong></span> <span class='ocrx_word' id='word_1_543' title='bbox 1007 5709 1067 5751; x_wconf 87' lang='lat' dir='ltr'><strong>se</strong></span> <span class='ocrx_word' id='word_1_544' title='bbox 1090 5710 1301 5766; x_wconf 88' lang='lat' dir='ltr'><strong>gerere,</strong></span> <span class='ocrx_word' id='word_1_545' title='bbox 1334 5703 1389 5750; x_wconf 90' lang='lat' dir='ltr'><strong>cl.</strong></span> <span class='ocrx_word' id='word_1_546' title='bbox 1412 5696 1605 5752; x_wconf 81' lang='lat' dir='ltr'><strong>cedere</strong></span> <span class='ocrx_word' id='word_1_547' title='bbox 1633 5709 1896 5766; x_wconf 70' lang='lat' dir='ltr'><strong>proxumo.</strong></span> <span class='ocrx_word' id='word_1_548' title='bbox 1928 5697 1994 5752; x_wconf 88' lang='lat' dir='ltr'><strong>Et</strong></span> 
     </span>
    </p>
   </div>
   <div class='ocr_carea' id='block_1_68' title="bbox 406 5785 1986 5845">
    <p class='ocr_par' dir='ltr' id='par_1_68' title="bbox 406 5785 1986 5845">
     <span class='ocr_line' id='line_1_68' title="bbox 406 5785 1986 5845; baseline 0.002 -4"><span class='ocrx_word' id='word_1_549' title='bbox 406 5786 563 5842; x_wconf 86' lang='lat' dir='ltr'><strong>liberi</strong></span> <span class='ocrx_word' id='word_1_550' title='bbox 597 5785 780 5843; x_wconf 87' lang='lat' dir='ltr'><strong>liberis</strong></span> <span class='ocrx_word' id='word_1_551' title='bbox 810 5802 931 5843; x_wconf 92' lang='lat' dir='ltr'><strong>cum</strong></span> <span class='ocrx_word' id='word_1_552' title='bbox 962 5788 1130 5844; x_wconf 92' lang='lat' dir='ltr'><strong>multo</strong></span> <span class='ocrx_word' id='word_1_553' title='bbox 1156 5790 1349 5845; x_wconf 91' lang='lat' dir='ltr'><strong>timore</strong></span> <span class='ocrx_word' id='word_1_554' title='bbox 1373 5797 1427 5843; x_wconf 93' lang='lat' dir='ltr'><strong>et</strong></span> <span class='ocrx_word' id='word_1_555' title='bbox 1458 5797 1691 5845; x_wconf 89' lang='lat' dir='ltr'><strong>tremore</strong></span> <span class='ocrx_word' id='word_1_556' title='bbox 1728 5789 1986 5845; x_wconf 83' lang='lat' dir='ltr'><strong>serviunt.</strong></span> 
     </span>
    </p>
   </div>
   <div class='ocr_carea' id='block_1_69' title="bbox 411 5876 1986 5952">
    <p class='ocr_par' dir='ltr' id='par_1_69' title="bbox 411 5876 1986 5952">
     <span class='ocr_line' id='line_1_69' title="bbox 411 5876 1986 5952; baseline 0.004 -23"><span class='ocrx_word' id='word_1_557' title='bbox 411 5877 476 5929; x_wconf 85' lang='lat' dir='ltr'><strong>In</strong></span> <span class='ocrx_word' id='word_1_558' title='bbox 515 5876 839 5948; x_wconf 77' lang='lat' dir='ltr'><strong>simplicitate</strong></span> <span class='ocrx_word' id='word_1_559' title='bbox 864 5879 1065 5943; x_wconf 87' lang='lat' dir='ltr'><strong>cordis,</strong></span> <span class='ocrx_word' id='word_1_560' title='bbox 1096 5878 1285 5949; x_wconf 88' lang='lat' dir='ltr'><strong>inquit.</strong></span> <span class='ocrx_word' id='word_1_561' title='bbox 1328 5879 1491 5937; x_wconf 80' lang='lat' dir='ltr'><strong>Recte</strong></span> <span class='ocrx_word' id='word_1_562' title='bbox 1529 5879 1691 5945; x_wconf 80' lang='lat' dir='ltr'><strong>dixit;</strong></span> <span class='ocrx_word' id='word_1_563' title='bbox 1734 5882 1986 5952; x_wconf 86' lang='lat' dir='ltr'><strong>quoniam</strong></span> 
     </span>
    </p>
   </div>
   <div class='ocr_carea' id='block_1_70' title="bbox 414 5964 1989 6041">
    <p class='ocr_par' dir='ltr' id='par_1_70' title="bbox 414 5964 1989 6041">
     <span class='ocr_line' id='line_1_70' title="bbox 414 5964 1989 6041; baseline 0.003 -20"><span class='ocrx_word' id='word_1_564' title='bbox 414 5967 526 6024; x_wconf 79' lang='lat' dir='ltr'><strong>lteri</strong></span> <span class='ocrx_word' id='word_1_565' title='bbox 571 5979 747 6039; x_wconf 83' lang='lat' dir='ltr'><strong>potest</strong></span> <span class='ocrx_word' id='word_1_566' title='bbox 784 5980 843 6026; x_wconf 90' lang='lat' dir='ltr'><strong>ut</strong></span> <span class='ocrx_word' id='word_1_567' title='bbox 877 5971 1140 6028; x_wconf 84' lang='lat' dir='ltr'><strong>serviatur</strong></span> <span class='ocrx_word' id='word_1_568' title='bbox 1164 5984 1285 6028; x_wconf 92' lang='lat' dir='ltr'><strong>cum</strong></span> <span class='ocrx_word' id='word_1_569' title='bbox 1315 5964 1507 6027; x_wconf 77' lang='lat' dir='ltr'><strong>timore</strong></span> <span class='ocrx_word' id='word_1_570' title='bbox 1543 5982 1597 6027; x_wconf 87' lang='lat' dir='ltr'><strong>et.</strong></span> <span class='ocrx_word' id='word_1_571' title='bbox 1633 5980 1867 6028; x_wconf 88' lang='lat' dir='ltr'><strong>tremore</strong></span> <span class='ocrx_word' id='word_1_572' title='bbox 1889 6015 1905 6041; x_wconf 93' lang='lat'><strong>,</strong></span> <span class='ocrx_word' id='word_1_573' title='bbox 1934 5983 1989 6027; x_wconf 90' lang='lat' dir='ltr'><strong>at</strong></span> 
     </span>
    </p>
   </div>
   <div class='ocr_carea' id='block_1_71' title="bbox 412 6061 1988 6137">
    <p class='ocr_par' dir='ltr' id='par_1_71' title="bbox 412 6061 1988 6137">
     <span class='ocr_line' id='line_1_71' title="bbox 412 6061 1988 6137; baseline 0.004 -22"><span class='ocrx_word' id='word_1_574' title='bbox 412 6063 514 6118; x_wconf 72' lang='lat' dir='ltr'><strong>han</strong></span> <span class='ocrx_word' id='word_1_575' title='bbox 544 6077 611 6118; x_wconf 78' lang='lat' dir='ltr'><strong>ea</strong></span> <span class='ocrx_word' id='word_1_576' title='bbox 634 6061 1023 6133; x_wconf 69' lang='lat' dir='ltr'><strong>benevolentia,</strong></span> <span class='ocrx_word' id='word_1_577' title='bbox 1056 6064 1150 6121; x_wconf 81' lang='lat' dir='ltr'><strong>sed</strong></span> <span class='ocrx_word' id='word_1_578' title='bbox 1181 6073 1466 6137; x_wconf 82' lang='lat' dir='ltr'><strong>utcumque</strong></span> <span class='ocrx_word' id='word_1_579' title='bbox 1484 6065 1625 6122; x_wconf 81' lang='lat' dir='ltr'><strong>licet.</strong></span> <span class='ocrx_word' id='word_1_580' title='bbox 1650 6065 1765 6122; x_wconf 86' lang='lat' dir='ltr'><strong>Non</strong></span> <span class='ocrx_word' id='word_1_581' title='bbox 1794 6067 1988 6122; x_wconf 74' lang='lat' dir='ltr'><strong>anim-</strong></span> 
     </span>
    </p>
   </div>
   <div class='ocr_carea' id='block_1_72' title="bbox 366 6228 405 6319">
    <p class='ocr_par' dir='ltr' id='par_1_72' title="bbox 366 6228 405 6319">
     <span class='ocr_line' id='line_1_72' title="bbox 366 6228 405 6319; baseline 0 0"><span class='ocrx_word' id='word_1_582' title='bbox 366 6228 405 6319; x_wconf 75' lang='grc' dir='ltr'><strong>ἰ</strong></span> 
     </span>
    </p>
   </div>
   <div class='ocr_carea' id='block_1_73' title="bbox 2106 1926 3686 2021">
    <p class='ocr_par' dir='ltr' id='par_1_73' title="bbox 2106 1926 3686 2021">
     <span class='ocr_line' id='line_1_73' title="bbox 2106 1926 3686 2021; baseline 0.011 -30"><span class='ocrx_word' id='word_1_583' title='bbox 2106 1937 2454 1995; x_wconf 83' lang='lat' dir='ltr'><strong>advertuntur</strong></span> <span class='ocrx_word' id='word_1_584' title='bbox 2497 1940 2825 2021; x_wconf 32' lang='lat' dir='ltr'><strong>enim‘multi</strong></span> <span class='ocrx_word' id='word_1_585' title='bbox 2877 1926 3041 1999; x_wconf 84' lang='lat' dir='ltr'><strong>multa</strong></span> <span class='ocrx_word' id='word_1_586' title='bbox 3083 1960 3243 2014; x_wconf 87' lang='lat' dir='ltr'><strong>prave</strong></span> <span class='ocrx_word' id='word_1_587' title='bbox 3295 1941 3543 2019; x_wconf 76' lang='lat' dir='ltr'><strong>gerentes</strong></span> <span class='ocrx_word' id='word_1_588' title='bbox 3590 1952 3686 2007; x_wconf 63' lang='lat' dir='ltr'><strong>ad:-</strong></span> 
     </span>
    </p>
   </div>
   <div class='ocr_carea' id='block_1_74' title="bbox 2104 2029 3685 2110">
    <p class='ocr_par' dir='ltr' id='par_1_74' title="bbox 2104 2029 3685 2110">
     <span class='ocr_line' id='line_1_74' title="bbox 2104 2029 3685 2110; baseline 0.01 -30"><span class='ocrx_word' id='word_1_589' title='bbox 2104 2043 2289 2084; x_wconf 89' lang='lat' dir='ltr'><strong>versus</strong></span> <span class='ocrx_word' id='word_1_590' title='bbox 2332 2029 2601 2108; x_wconf 83' lang='lat' dir='ltr'><strong>dominos.</strong></span> <span class='ocrx_word' id='word_1_591' title='bbox 2649 2030 2812 2110; x_wconf 70' lang='lat' dir='ltr'><strong>lgitiir</strong></span> <span class='ocrx_word' id='word_1_592' title='bbox 2851 2033 2990 2088; x_wconf 88' lang='lat' dir='ltr'><strong>hanc</strong></span> <span class='ocrx_word' id='word_1_593' title='bbox 3034 2049 3247 2105; x_wconf 87' lang='lat' dir='ltr'><strong>quoque</strong></span> <span class='ocrx_word' id='word_1_594' title='bbox 3294 2052 3507 2106; x_wconf 87' lang='lat' dir='ltr'><strong>pravam</strong></span> <span class='ocrx_word' id='word_1_595' title='bbox 3550 2041 3685 2097; x_wconf 88' lang='lat' dir='ltr'><strong>tollit</strong></span> 
     </span>
    </p>
   </div>
   <div class='ocr_carea' id='block_1_75' title="bbox 2103 2120 3683 2193">
    <p class='ocr_par' dir='ltr' id='par_1_75' title="bbox 2103 2120 3683 2193">
     <span class='ocr_line' id='line_1_75' title="bbox 2103 2120 3683 2193; baseline 0.007 -19"><span class='ocrx_word' id='word_1_596' title='bbox 2103 2121 2392 2189; x_wconf 85' lang='lat' dir='ltr'><strong>nequitiam</strong></span> <span class='ocrx_word' id='word_1_597' title='bbox 2414 2163 2429 2187; x_wconf 94' lang='lat'><strong>,</strong></span> <span class='ocrx_word' id='word_1_598' title='bbox 2460 2121 2680 2191; x_wconf 84' lang='lat' dir='ltr'><strong>dicens,</strong></span> <span class='ocrx_word' id='word_1_599' title='bbox 2716 2121 2783 2178; x_wconf 85' lang='lat' dir='ltr'><strong>In</strong></span> <span class='ocrx_word' id='word_1_600' title='bbox 2820 2120 3142 2193; x_wconf 86' lang='lat' dir='ltr'><strong>simplicitate</strong></span> <span class='ocrx_word' id='word_1_601' title='bbox 3171 2123 3341 2181; x_wconf 83' lang='lat' dir='ltr'><strong>cordis</strong></span> <span class='ocrx_word' id='word_1_602' title='bbox 3378 2131 3528 2184; x_wconf 85' lang='lat' dir='ltr'><strong>vestri</strong></span> <span class='ocrx_word' id='word_1_603' title='bbox 3555 2128 3683 2185; x_wconf 78' lang='lat' dir='ltr'><strong>sicut</strong></span> 
     </span>
    </p>
   </div>
   <div class='ocr_carea' id='block_1_76' title="bbox 2102 2208 3681 2295">
    <p class='ocr_par' dir='ltr' id='par_1_76' title="bbox 2102 2208 3681 2295">
     <span class='ocr_line' id='line_1_76' title="bbox 2102 2208 3681 2295; baseline 0.006 -30"><span class='ocrx_word' id='word_1_604' title='bbox 2102 2209 2343 2267; x_wconf 89' lang='lat' dir='ltr'><strong>Domino.</strong></span> <span class='ocrx_word' id='word_1_605' title='bbox 2389 2213 2511 2268; x_wconf 87' lang='lat' dir='ltr'><strong>Non</strong></span> <span class='ocrx_word' id='word_1_606' title='bbox 2549 2217 2618 2269; x_wconf 89' lang='lat' dir='ltr'><strong>ad</strong></span> <span class='ocrx_word' id='word_1_607' title='bbox 2657 2216 2861 2295; x_wconf 84' lang='lat' dir='ltr'><strong>oculum</strong></span> <span class='ocrx_word' id='word_1_608' title='bbox 2903 2208 3169 2295; x_wconf 81' lang='lat' dir='ltr'><strong>servientes</strong></span> <span class='ocrx_word' id='word_1_609' title='bbox 3209 2220 3354 2288; x_wconf 87' lang='lat' dir='ltr'><strong>quasi</strong></span> <span class='ocrx_word' id='word_1_610' title='bbox 3398 2219 3681 2275; x_wconf 75' lang='lat' dir='ltr'><strong>hominibus</strong></span> 
     </span>
    </p>
   </div>
   <div class='ocr_carea' id='block_1_77' title="bbox 2102 2290 3680 2376">
    <p class='ocr_par' dir='ltr' id='par_1_77' title="bbox 2102 2290 3680 2376">
     <span class='ocr_line' id='line_1_77' title="bbox 2102 2290 3680 2376; baseline 0.006 -20"><span class='ocrx_word' id='word_1_611' title='bbox 2102 2304 2374 2372; x_wconf 84' lang='lat' dir='ltr'><strong>placentes,</strong></span> <span class='ocrx_word' id='word_1_612' title='bbox 2408 2305 2496 2359; x_wconf 89' lang='lat' dir='ltr'><strong>sed</strong></span> <span class='ocrx_word' id='word_1_613' title='bbox 2520 2316 2574 2359; x_wconf 91' lang='lat' dir='ltr'><strong>ut</strong></span> <span class='ocrx_word' id='word_1_614' title='bbox 2599 2307 2729 2361; x_wconf 80' lang='lat' dir='ltr'><strong>servi</strong></span> <span class='ocrx_word' id='word_1_615' title='bbox 2757 2290 2965 2373; x_wconf 84' lang='lat' dir='ltr'><strong>Christi,</strong></span> <span class='ocrx_word' id='word_1_616' title='bbox 2992 2307 3231 2376; x_wconf 81' lang='lat' dir='ltr'><strong>facientes</strong></span> <span class='ocrx_word' id='word_1_617' title='bbox 3254 2311 3559 2365; x_wconf 78' lang='lat' dir='ltr'><strong>voluntatem</strong></span> <span class='ocrx_word' id='word_1_618' title='bbox 3590 2310 3680 2366; x_wconf 81' lang='lat' dir='ltr'><strong>Dei</strong></span> 
     </span>
    </p>
   </div>
   <div class='ocr_carea' id='block_1_78' title="bbox 2102 2382 3680 2468">
    <p class='ocr_par' dir='ltr' id='par_1_78' title="bbox 2102 2382 3680 2468">
     <span class='ocr_line' id='line_1_78' title="bbox 2102 2382 3680 2468; baseline 0.004 -17"><span class='ocrx_word' id='word_1_619' title='bbox 2102 2413 2164 2451; x_wconf 77' lang='lat' dir='ltr'><strong>ea:</strong></span> <span class='ocrx_word' id='word_1_620' title='bbox 2192 2390 2380 2465; x_wconf 87' lang='lat' dir='ltr'><strong>animo,</strong></span> <span class='ocrx_word' id='word_1_621' title='bbox 2411 2414 2527 2452; x_wconf 88' lang='lat' dir='ltr'><strong>cum</strong></span> <span class='ocrx_word' id='word_1_622' title='bbox 2552 2398 2891 2453; x_wconf 78' lang='lat' dir='ltr'><strong>benevolentia</strong></span> <span class='ocrx_word' id='word_1_623' title='bbox 2924 2382 3186 2455; x_wconf 84' lang='lat' dir='ltr'><strong>servientes</strong></span> <span class='ocrx_word' id='word_1_624' title='bbox 3211 2401 3337 2455; x_wconf 84' lang='lat' dir='ltr'><strong>sicut</strong></span> <span class='ocrx_word' id='word_1_625' title='bbox 3368 2394 3604 2468; x_wconf 85' lang='lat' dir='ltr'><strong>Domino,</strong></span> <span class='ocrx_word' id='word_1_626' title='bbox 3634 2408 3680 2458; x_wconf 89' lang='lat' dir='ltr'><strong>et</strong></span> 
     </span>
    </p>
   </div>
   <div class='ocr_carea' id='block_1_79' title="bbox 2100 2488 3682 2564">
    <p class='ocr_par' dir='ltr' id='par_1_79' title="bbox 2100 2488 3682 2564">
     <span class='ocr_line' id='line_1_79' title="bbox 2100 2488 3682 2564; baseline 0.006 -24"><span class='ocrx_word' id='word_1_627' title='bbox 2100 2504 2202 2541; x_wconf 88' lang='lat' dir='ltr'><strong>non</strong></span> <span class='ocrx_word' id='word_1_628' title='bbox 2231 2488 2532 2544; x_wconf 85' lang='lat' dir='ltr'><strong>hominibus.</strong></span> <span class='ocrx_word' id='word_1_629' title='bbox 2567 2489 2727 2546; x_wconf 86' lang='lat' dir='ltr'><strong>Vides</strong></span> <span class='ocrx_word' id='word_1_630' title='bbox 2754 2506 2912 2561; x_wconf 73' lang='lat' dir='ltr'><strong>quam</strong></span> <span class='ocrx_word' id='word_1_631' title='bbox 2939 2492 3118 2547; x_wconf 89' lang='lat' dir='ltr'><strong>multis</strong></span> <span class='ocrx_word' id='word_1_632' title='bbox 3145 2502 3279 2564; x_wconf 91' lang='lat' dir='ltr'><strong>opus</strong></span> <span class='ocrx_word' id='word_1_633' title='bbox 3319 2494 3560 2549; x_wconf 71' lang='lat' dir='ltr'><strong>habuerit</strong></span> <span class='ocrx_word' id='word_1_634' title='bbox 3580 2537 3596 2559; x_wconf 94' lang='lat'><strong>,</strong></span> <span class='ocrx_word' id='word_1_635' title='bbox 3623 2506 3682 2550; x_wconf 80' lang='grc' dir='ltr'><strong>ιιι</strong></span> 
     </span>
    </p>
   </div>
   <div class='ocr_carea' id='block_1_80' title="bbox 2099 2577 3679 2652">
    <p class='ocr_par' dir='ltr' id='par_1_80' title="bbox 2099 2577 3679 2652">
     <span class='ocr_line' id='line_1_80' title="bbox 2099 2577 3679 2652; baseline 0.006 -21"><span class='ocrx_word' id='word_1_636' title='bbox 2099 2577 2203 2634; x_wconf 89' lang='lat' dir='ltr'><strong>hoc</strong></span> <span class='ocrx_word' id='word_1_637' title='bbox 2229 2578 2424 2634; x_wconf 89' lang='lat' dir='ltr'><strong>bonum</strong></span> <span class='ocrx_word' id='word_1_638' title='bbox 2452 2589 2509 2635; x_wconf 91' lang='lat' dir='ltr'><strong>et</strong></span> <span class='ocrx_word' id='word_1_639' title='bbox 2537 2580 2818 2636; x_wconf 90' lang='lat' dir='ltr'><strong>honestum</strong></span> <span class='ocrx_word' id='word_1_640' title='bbox 2848 2582 3131 2650; x_wconf 87' lang='lat' dir='ltr'><strong>insereret,</strong></span> <span class='ocrx_word' id='word_1_641' title='bbox 3159 2583 3287 2639; x_wconf 88' lang='lat' dir='ltr'><strong>Cum</strong></span> <span class='ocrx_word' id='word_1_642' title='bbox 3320 2579 3679 2652; x_wconf 68' lang='lat' dir='ltr'><strong>benevolentia,</strong></span> 
     </span>
    </p>
   </div>
   <div class='ocr_carea' id='block_1_81' title="bbox 2097 2670 3681 2745">
    <p class='ocr_par' dir='ltr' id='par_1_81' title="bbox 2097 2670 3681 2745">
     <span class='ocr_line' id='line_1_81' title="bbox 2097 2670 3681 2745; baseline 0.005 -20"><span class='ocrx_word' id='word_1_643' title='bbox 2097 2670 2346 2741; x_wconf 88' lang='lat' dir='ltr'><strong>inquam,</strong></span> <span class='ocrx_word' id='word_1_644' title='bbox 2391 2682 2437 2725; x_wconf 89' lang='lat' dir='ltr'><strong>et</strong></span> <span class='ocrx_word' id='word_1_645' title='bbox 2481 2689 2544 2727; x_wconf 77' lang='lat' dir='ltr'><strong>ea:</strong></span> <span class='ocrx_word' id='word_1_646' title='bbox 2583 2673 2799 2728; x_wconf 82' lang='lat' dir='ltr'><strong>animo?</strong></span> <span class='ocrx_word' id='word_1_647' title='bbox 2842 2672 2975 2729; x_wconf 88' lang='lat' dir='ltr'><strong>Nam</strong></span> <span class='ocrx_word' id='word_1_648' title='bbox 3017 2673 3145 2729; x_wconf 89' lang='lat' dir='ltr'><strong>illud</strong></span> <span class='ocrx_word' id='word_1_649' title='bbox 3186 2674 3398 2745; x_wconf 88' lang='lat' dir='ltr'><strong>quidem</strong></span> <span class='ocrx_word' id='word_1_650' title='bbox 3439 2677 3681 2733; x_wconf 84' lang='lat' dir='ltr'><strong>videmus</strong></span> 
     </span>
    </p>
   </div>
   <div class='ocr_carea' id='block_1_82' title="bbox 2097 2761 3683 2835">
    <p class='ocr_par' dir='ltr' id='par_1_82' title="bbox 2097 2761 3683 2835">
     <span class='ocr_line' id='line_1_82' title="bbox 2097 2761 3683 2835; baseline 0.004 -20"><span class='ocrx_word' id='word_1_651' title='bbox 2097 2761 2295 2817; x_wconf 89' lang='lat' dir='ltr'><strong>multos</strong></span> <span class='ocrx_word' id='word_1_652' title='bbox 2330 2762 2588 2819; x_wconf 76' lang='lat' dir='ltr'><strong>exhibere</strong></span> <span class='ocrx_word' id='word_1_653' title='bbox 2630 2763 2899 2830; x_wconf 90' lang='lat' dir='ltr'><strong>dominis,</strong></span> <span class='ocrx_word' id='word_1_654' title='bbox 2927 2761 3057 2821; x_wconf 89' lang='lat' dir='ltr'><strong>Cum</strong></span> <span class='ocrx_word' id='word_1_655' title='bbox 3094 2769 3274 2819; x_wconf 88' lang='lat' dir='ltr'><strong>timore</strong></span> <span class='ocrx_word' id='word_1_656' title='bbox 3295 2807 3309 2828; x_wconf 88' lang='lat'><strong>,</strong></span> <span class='ocrx_word' id='word_1_657' title='bbox 3353 2765 3565 2835; x_wconf 85' lang='lat' dir='ltr'><strong>inquam</strong></span> <span class='ocrx_word' id='word_1_658' title='bbox 3586 2809 3602 2833; x_wconf 87' lang='lat'><strong>,</strong></span> <span class='ocrx_word' id='word_1_659' title='bbox 3634 2778 3683 2822; x_wconf 88' lang='lat' dir='ltr'><strong>et</strong></span> 
     </span>
    </p>
   </div>
   <div class='ocr_carea' id='block_1_83' title="bbox 2097 2852 3676 2919">
    <p class='ocr_par' dir='ltr' id='par_1_83' title="bbox 2097 2852 3676 2919">
     <span class='ocr_line' id='line_1_83' title="bbox 2097 2852 3676 2919; baseline 0.004 -15"><span class='ocrx_word' id='word_1_660' title='bbox 2097 2860 2350 2919; x_wconf 85' lang='lat' dir='ltr'><strong>tremore;</strong></span> <span class='ocrx_word' id='word_1_661' title='bbox 2388 2863 2444 2908; x_wconf 90' lang='lat' dir='ltr'><strong>et</strong></span> <span class='ocrx_word' id='word_1_662' title='bbox 2486 2854 2554 2909; x_wconf 89' lang='lat' dir='ltr'><strong>ad</strong></span> <span class='ocrx_word' id='word_1_663' title='bbox 2598 2853 2725 2909; x_wconf 92' lang='lat' dir='ltr'><strong>illud</strong></span> <span class='ocrx_word' id='word_1_664' title='bbox 2769 2855 2933 2909; x_wconf 90' lang='lat' dir='ltr'><strong>multa</strong></span> <span class='ocrx_word' id='word_1_665' title='bbox 2974 2852 3215 2909; x_wconf 79' lang='lat' dir='ltr'><strong>efficiunt</strong></span> <span class='ocrx_word' id='word_1_666' title='bbox 3245 2857 3400 2909; x_wconf 65' lang='lat' dir='ltr'><strong>minae</strong></span> <span class='ocrx_word' id='word_1_667' title='bbox 3428 2856 3629 2912; x_wconf 87' lang='lat' dir='ltr'><strong>domini</strong></span> <span class='ocrx_word' id='word_1_668' title='bbox 3662 2875 3676 2911; x_wconf 91' lang='lat'>:</span> 
     </span>
    </p>
   </div>
   <div class='ocr_carea' id='block_1_84' title="bbox 2096 2943 3680 3017">
    <p class='ocr_par' dir='ltr' id='par_1_84' title="bbox 2096 2943 3680 3017">
     <span class='ocr_line' id='line_1_84' title="bbox 2096 2943 3680 3017; baseline 0.003 -18"><span class='ocrx_word' id='word_1_669' title='bbox 2096 2943 2202 2999; x_wconf 87' lang='lat' dir='ltr'><strong>Sed</strong></span> <span class='ocrx_word' id='word_1_670' title='bbox 2229 2944 2472 3011; x_wconf 88' lang='lat' dir='ltr'><strong>ostende,</strong></span> <span class='ocrx_word' id='word_1_671' title='bbox 2506 2946 2694 3016; x_wconf 89' lang='lat' dir='ltr'><strong>inquit,</strong></span> <span class='ocrx_word' id='word_1_672' title='bbox 2727 2955 2779 3001; x_wconf 90' lang='lat' dir='ltr'><strong>te</strong></span> <span class='ocrx_word' id='word_1_673' title='bbox 2804 2945 3008 3002; x_wconf 78' lang='lat' dir='ltr'><strong>servire</strong></span> <span class='ocrx_word' id='word_1_674' title='bbox 3032 2956 3310 3017; x_wconf 76' lang='lat' dir='ltr'><strong>tamquam</strong></span> <span class='ocrx_word' id='word_1_675' title='bbox 3336 2946 3532 3003; x_wconf 89' lang='lat' dir='ltr'><strong>Christi</strong></span> <span class='ocrx_word' id='word_1_676' title='bbox 3560 2960 3680 3005; x_wconf 77' lang='lat' dir='ltr'><strong>ser-’-</strong></span> 
     </span>
    </p>
   </div>
   <div class='ocr_carea' id='block_1_85' title="bbox 2095 3034 3683 3108">
    <p class='ocr_par' dir='ltr' id='par_1_85' title="bbox 2095 3034 3683 3108">
     <span class='ocr_line' id='line_1_85' title="bbox 2095 3034 3683 3108; baseline 0.003 -22"><span class='ocrx_word' id='word_1_677' title='bbox 2095 3049 2242 3101; x_wconf 86' lang='lat' dir='ltr'><strong>vum,</strong></span> <span class='ocrx_word' id='word_1_678' title='bbox 2269 3050 2374 3089; x_wconf 90' lang='lat' dir='ltr'><strong>non</strong></span> <span class='ocrx_word' id='word_1_679' title='bbox 2404 3044 2671 3105; x_wconf 87' lang='lat' dir='ltr'><strong>tamquam</strong></span> <span class='ocrx_word' id='word_1_680' title='bbox 2696 3034 2930 3091; x_wconf 78' lang='lat' dir='ltr'><strong>beluinis</strong></span> <span class='ocrx_word' id='word_1_681' title='bbox 2963 3054 2977 3091; x_wconf 92' lang='lat'><strong>:</strong></span> <span class='ocrx_word' id='word_1_682' title='bbox 3007 3037 3088 3090; x_wconf 89' lang='lat' dir='ltr'><strong>fac</strong></span> <span class='ocrx_word' id='word_1_683' title='bbox 3108 3047 3164 3090; x_wconf 92' lang='lat' dir='ltr'><strong>ut</strong></span> <span class='ocrx_word' id='word_1_684' title='bbox 3186 3035 3325 3105; x_wconf 90' lang='lat' dir='ltr'><strong>quod</strong></span> <span class='ocrx_word' id='word_1_685' title='bbox 3348 3052 3377 3090; x_wconf 90' lang='lat' dir='ltr'><strong>a</strong></span> <span class='ocrx_word' id='word_1_686' title='bbox 3404 3047 3455 3093; x_wconf 89' lang='lat' dir='ltr'><strong>te</strong></span> <span class='ocrx_word' id='word_1_687' title='bbox 3480 3039 3683 3108; x_wconf 85' lang='lat' dir='ltr'><strong>geritur</strong></span> 
     </span>
    </p>
   </div>
   <div class='ocr_carea' id='block_1_86' title="bbox 2095 3123 3681 3196">
    <p class='ocr_par' dir='ltr' id='par_1_86' title="bbox 2095 3123 3681 3196">
     <span class='ocr_line' id='line_1_86' title="bbox 2095 3123 3681 3196; baseline 0.003 -18"><span class='ocrx_word' id='word_1_688' title='bbox 2095 3124 2165 3178; x_wconf 92' lang='lat' dir='ltr'><strong>sit</strong></span> <span class='ocrx_word' id='word_1_689' title='bbox 2195 3132 2340 3179; x_wconf 90' lang='lat' dir='ltr'><strong>tuum</strong></span> <span class='ocrx_word' id='word_1_690' title='bbox 2368 3139 2503 3195; x_wconf 89' lang='lat' dir='ltr'><strong>opus</strong></span> <span class='ocrx_word' id='word_1_691' title='bbox 2526 3167 2541 3191; x_wconf 96' lang='lat'><strong>,</strong></span> <span class='ocrx_word' id='word_1_692' title='bbox 2568 3140 2678 3180; x_wconf 92' lang='lat' dir='ltr'><strong>non</strong></span> <span class='ocrx_word' id='word_1_693' title='bbox 2720 3126 3076 3181; x_wconf 89' lang='lat' dir='ltr'><strong>necessitatis.</strong></span> <span class='ocrx_word' id='word_1_694' title='bbox 3105 3123 3259 3181; x_wconf 78' lang='lat' dir='ltr'><strong>Sicut</strong></span> <span class='ocrx_word' id='word_1_695' title='bbox 3287 3127 3334 3181; x_wconf 87' lang='lat' dir='ltr'><strong>ei</strong></span> <span class='ocrx_word' id='word_1_696' title='bbox 3361 3128 3451 3196; x_wconf 91' lang='lat' dir='ltr'><strong>qui</strong></span> <span class='ocrx_word' id='word_1_697' title='bbox 3479 3127 3547 3182; x_wconf 89' lang='lat' dir='ltr'><strong>ab</strong></span> <span class='ocrx_word' id='word_1_698' title='bbox 3575 3129 3681 3183; x_wconf 89' lang='lat' dir='ltr'><strong>alio‘</strong></span> 
     </span>
    </p>
   </div>
   <div class='ocr_carea' id='block_1_87' title="bbox 2096 3203 3677 3289">
    <p class='ocr_par' dir='ltr' id='par_1_87' title="bbox 2096 3203 3677 3289">
     <span class='ocr_line' id='line_1_87' title="bbox 2096 3203 3677 3289; baseline 0.004 -19"><span class='ocrx_word' id='word_1_699' title='bbox 2096 3216 2235 3271; x_wconf 91' lang='lat' dir='ltr'><strong>male</strong></span> <span class='ocrx_word' id='word_1_700' title='bbox 2262 3217 2457 3287; x_wconf 88' lang='lat' dir='ltr'><strong>patitur</strong></span> <span class='ocrx_word' id='word_1_701' title='bbox 2483 3203 2710 3286; x_wconf 88' lang='lat' dir='ltr'><strong>suadet,</strong></span> <span class='ocrx_word' id='word_1_702' title='bbox 2738 3225 2793 3273; x_wconf 91' lang='lat' dir='ltr'><strong>et</strong></span> <span class='ocrx_word' id='word_1_703' title='bbox 2818 3217 2975 3273; x_wconf 90' lang='lat' dir='ltr'><strong>docet</strong></span> <span class='ocrx_word' id='word_1_704' title='bbox 3013 3234 3108 3288; x_wconf 88' lang='lat' dir='ltr'><strong>per</strong></span> <span class='ocrx_word' id='word_1_705' title='bbox 3134 3234 3196 3274; x_wconf 91' lang='lat' dir='ltr'><strong>ea</strong></span> <span class='ocrx_word' id='word_1_706' title='bbox 3227 3234 3345 3289; x_wconf 85' lang='lat' dir='ltr'><strong>quae</strong></span> <span class='ocrx_word' id='word_1_707' title='bbox 3371 3209 3566 3275; x_wconf 84' lang='lat' dir='ltr'><strong>deinde</strong></span> <span class='ocrx_word' id='word_1_708' title='bbox 3588 3235 3677 3277; x_wconf 81' lang='lat' dir='ltr'><strong>se-</strong></span> 
     </span>
    </p>
   </div>
   <div class='ocr_carea' id='block_1_88' title="bbox 2093 3309 3681 3389">
    <p class='ocr_par' dir='ltr' id='par_1_88' title="bbox 2093 3309 3681 3389">
     <span class='ocr_line' id='line_1_88' title="bbox 2093 3309 3681 3389; baseline 0.002 -25"><span class='ocrx_word' id='word_1_709' title='bbox 2093 3320 2365 3381; x_wconf 90' lang='lat' dir='ltr'><strong>quuntur,</strong></span> <span class='ocrx_word' id='word_1_710' title='bbox 2394 3319 2451 3366; x_wconf 93' lang='lat' dir='ltr'><strong>ut</strong></span> <span class='ocrx_word' id='word_1_711' title='bbox 2475 3325 2630 3366; x_wconf 90' lang='lat' dir='ltr'><strong>suum</strong></span> <span class='ocrx_word' id='word_1_712' title='bbox 2657 3316 2780 3367; x_wconf 80' lang='lat' dir='ltr'><strong>esse</strong></span> <span class='ocrx_word' id='word_1_713' title='bbox 2812 3309 2970 3389; x_wconf 87' lang='lat' dir='ltr'><strong>faciat</strong></span> <span class='ocrx_word' id='word_1_714' title='bbox 2997 3311 3140 3382; x_wconf 89' lang='lat' dir='ltr'><strong>quod</strong></span> <span class='ocrx_word' id='word_1_715' title='bbox 3181 3320 3327 3366; x_wconf 85' lang='lat' dir='ltr'><strong>recte</strong></span> <span class='ocrx_word' id='word_1_716' title='bbox 3364 3313 3597 3383; x_wconf 87' lang='lat' dir='ltr'><strong>geritur,-</strong></span> <span class='ocrx_word' id='word_1_717' title='bbox 3626 3315 3681 3367; x_wconf 85' lang='lat' dir='ltr'><strong>et</strong></span> 
     </span>
    </p>
   </div>
   <div class='ocr_carea' id='block_1_89' title="bbox 2093 3401 3681 3474">
    <p class='ocr_par' dir='ltr' id='par_1_89' title="bbox 2093 3401 3681 3474">
     <span class='ocr_line' id='line_1_89' title="bbox 2093 3401 3681 3474; baseline 0.003 -18"><span class='ocrx_word' id='word_1_718' title='bbox 2093 3416 2214 3457; x_wconf 89' lang='lat' dir='ltr'><strong>esse</strong></span> <span class='ocrx_word' id='word_1_719' title='bbox 2258 3401 2412 3457; x_wconf 88' lang='lat' dir='ltr'><strong>liberi</strong></span> <span class='ocrx_word' id='word_1_720' title='bbox 2459 3403 2544 3457; x_wconf 87' lang='lat' dir='ltr'><strong>sui</strong></span> <span class='ocrx_word' id='word_1_721' title='bbox 2585 3401 2791 3457; x_wconf 88' lang='lat' dir='ltr'><strong>arbitrii</strong></span> <span class='ocrx_word' id='word_1_722' title='bbox 2826 3419 2839 3457; x_wconf 92' lang='lat'><strong>:</strong></span> <span class='ocrx_word' id='word_1_723' title='bbox 2875 3402 2944 3456; x_wconf 90' lang='lat' dir='ltr'><strong>ita</strong></span> <span class='ocrx_word' id='word_1_724' title='bbox 2974 3413 3027 3458; x_wconf 91' lang='lat' dir='ltr'><strong>et</strong></span> <span class='ocrx_word' id='word_1_725' title='bbox 3062 3402 3221 3457; x_wconf 92' lang='lat' dir='ltr'><strong>hunc.</strong></span> <span class='ocrx_word' id='word_1_726' title='bbox 3260 3401 3393 3457; x_wconf 87' lang='lat' dir='ltr'><strong>Nam</strong></span> <span class='ocrx_word' id='word_1_727' title='bbox 3428 3406 3552 3474; x_wconf 88' lang='lat' dir='ltr'><strong>quia</strong></span> <span class='ocrx_word' id='word_1_728' title='bbox 3590 3405 3681 3474; x_wconf 85' lang='lat' dir='ltr'><strong>qui</strong></span> 
     </span>
    </p>
   </div>
   <div class='ocr_carea' id='block_1_90' title="bbox 2092 3492 3681 3566">
    <p class='ocr_par' dir='ltr' id='par_1_90' title="bbox 2092 3492 3681 3566">
     <span class='ocr_line' id='line_1_90' title="bbox 2092 3492 3681 3566; baseline 0.001 -19"><span class='ocrx_word' id='word_1_729' title='bbox 2092 3492 2365 3547; x_wconf 81' lang='lat' dir='ltr'><strong>maxillam</strong></span> <span class='ocrx_word' id='word_1_730' title='bbox 2409 3492 2708 3563; x_wconf 87' lang='lat' dir='ltr'><strong>percussit,</strong></span> <span class='ocrx_word' id='word_1_731' title='bbox 2739 3508 2846 3548; x_wconf 92' lang='lat' dir='ltr'><strong>non</strong></span> <span class='ocrx_word' id='word_1_732' title='bbox 2874 3493 2940 3549; x_wconf 88' lang='lat' dir='ltr'><strong>ad</strong></span> <span class='ocrx_word' id='word_1_733' title='bbox 2971 3493 3073 3547; x_wconf 88' lang='lat' dir='ltr'><strong>hoe</strong></span> <span class='ocrx_word' id='word_1_734' title='bbox 3099 3493 3246 3547; x_wconf 81' lang='lat' dir='ltr'><strong>venit</strong></span> <span class='ocrx_word' id='word_1_735' title='bbox 3270 3509 3335 3550; x_wconf 78' lang='lat' dir='ltr'><strong>ex</strong></span> <span class='ocrx_word' id='word_1_736' title='bbox 3361 3505 3541 3551; x_wconf 90' lang='lat' dir='ltr'><strong>mente</strong></span> <span class='ocrx_word' id='word_1_737' title='bbox 3564 3497 3681 3566; x_wconf 78' lang='lat' dir='ltr'><strong>ejus</strong></span> 
     </span>
    </p>
   </div>
   <div class='ocr_carea' id='block_1_91' title="bbox 2091 3576 3680 3657">
    <p class='ocr_par' dir='ltr' id='par_1_91' title="bbox 2091 3576 3680 3657">
     <span class='ocr_line' id='line_1_91' title="bbox 2091 3576 3680 3657; baseline 0.004 -21"><span class='ocrx_word' id='word_1_738' title='bbox 2091 3584 2181 3653; x_wconf 89' lang='lat' dir='ltr'><strong>qui</strong></span> <span class='ocrx_word' id='word_1_739' title='bbox 2219 3592 2304 3639; x_wconf 88' lang='lat' dir='ltr'><strong>est</strong></span> <span class='ocrx_word' id='word_1_740' title='bbox 2336 3599 2622 3652; x_wconf 91' lang='lat' dir='ltr'><strong>percussus</strong></span> <span class='ocrx_word' id='word_1_741' title='bbox 2644 3625 2660 3650; x_wconf 93' lang='lat'><strong>,</strong></span> <span class='ocrx_word' id='word_1_742' title='bbox 2689 3585 2782 3640; x_wconf 91' lang='lat' dir='ltr'><strong>sed</strong></span> <span class='ocrx_word' id='word_1_743' title='bbox 2822 3600 2852 3639; x_wconf 88' lang='lat' dir='ltr'><strong>a</strong></span> <span class='ocrx_word' id='word_1_744' title='bbox 2889 3600 2983 3639; x_wconf 89' lang='lat' dir='ltr'><strong>sua</strong></span> <span class='ocrx_word' id='word_1_745' title='bbox 3024 3576 3284 3655; x_wconf 85' lang='lat' dir='ltr'><strong>pravitate</strong></span> <span class='ocrx_word' id='word_1_746' title='bbox 3306 3627 3321 3651; x_wconf 91' lang='lat'><strong>,</strong></span> <span class='ocrx_word' id='word_1_747' title='bbox 3359 3587 3483 3657; x_wconf 88' lang='lat' dir='ltr'><strong>quid</strong></span> <span class='ocrx_word' id='word_1_748' title='bbox 3513 3587 3680 3642; x_wconf 80' lang='lat' dir='ltr'><strong>dicit?</strong></span> 
     </span>
    </p>
   </div>
   <div class='ocr_carea' id='block_1_92' title="bbox 2092 3663 3676 3748">
    <p class='ocr_par' dir='ltr' id='par_1_92' title="bbox 2092 3663 3676 3748">
     <span class='ocr_line' id='line_1_92' title="bbox 2092 3663 3676 3748; baseline 0.005 -22"><span class='ocrx_word' id='word_1_749' title='bbox 2092 3674 2274 3727; x_wconf 77' lang='lat' dir='ltr'><strong>Prwbe</strong></span> <span class='ocrx_word' id='word_1_750' title='bbox 2310 3674 2389 3728; x_wconf 85' lang='lat' dir='ltr'><strong>illi</strong></span> <span class='ocrx_word' id='word_1_751' title='bbox 2412 3684 2458 3728; x_wconf 90' lang='lat' dir='ltr'><strong>et</strong></span> <span class='ocrx_word' id='word_1_752' title='bbox 2485 3677 2699 3729; x_wconf 83' lang='lat' dir='ltr'><strong>alteram</strong></span> <span class='ocrx_word' id='word_1_753' title='bbox 2727 3674 2944 3746; x_wconf 77' lang='lat' dir='ltr'><strong>(Matth.</strong></span> <span class='ocrx_word' id='word_1_754' title='bbox 2973 3676 3026 3732; x_wconf 84' lang='lat'><strong>5.</strong></span> <span class='ocrx_word' id='word_1_755' title='bbox 3059 3663 3191 3747; x_wconf 73' lang='lat'><strong>39);</strong></span> <span class='ocrx_word' id='word_1_756' title='bbox 3223 3677 3510 3733; x_wconf 81' lang='lat' dir='ltr'><strong>ostendens</strong></span> <span class='ocrx_word' id='word_1_757' title='bbox 3534 3678 3676 3748; x_wconf 90' lang='lat' dir='ltr'><strong>quod</strong></span> 
     </span>
    </p>
   </div>
   <div class='ocr_carea' id='block_1_93' title="bbox 2091 3764 3678 3837">
    <p class='ocr_par' dir='ltr' id='par_1_93' title="bbox 2091 3764 3678 3837">
     <span class='ocr_line' id='line_1_93' title="bbox 2091 3764 3678 3837; baseline 0.004 -20"><span class='ocrx_word' id='word_1_758' title='bbox 2091 3779 2198 3819; x_wconf 92' lang='lat' dir='ltr'><strong>non</strong></span> <span class='ocrx_word' id='word_1_759' title='bbox 2229 3764 2426 3819; x_wconf 86' lang='lat' dir='ltr'><strong>invitus</strong></span> <span class='ocrx_word' id='word_1_760' title='bbox 2455 3780 2573 3821; x_wconf 88' lang='lat' dir='ltr'><strong>eam</strong></span> <span class='ocrx_word' id='word_1_761' title='bbox 2602 3766 2812 3835; x_wconf 88' lang='lat' dir='ltr'><strong>alapam</strong></span> <span class='ocrx_word' id='word_1_762' title='bbox 2856 3766 3196 3822; x_wconf 87' lang='lat' dir='ltr'><strong>sustinueris.</strong></span> <span class='ocrx_word' id='word_1_763' title='bbox 3229 3767 3360 3822; x_wconf 78' lang='lat' dir='ltr'><strong>Nam</strong></span> <span class='ocrx_word' id='word_1_764' title='bbox 3388 3769 3478 3837; x_wconf 89' lang='lat' dir='ltr'><strong>qui</strong></span> <span class='ocrx_word' id='word_1_765' title='bbox 3516 3769 3583 3823; x_wconf 90' lang='lat' dir='ltr'><strong>ad</strong></span> <span class='ocrx_word' id='word_1_766' title='bbox 3625 3768 3678 3824; x_wconf 91' lang='lat' dir='ltr'><strong>id</strong></span> 
     </span>
    </p>
   </div>
   <div class='ocr_carea' id='block_1_94' title="bbox 2091 3854 3675 3930">
    <p class='ocr_par' dir='ltr' id='par_1_94' title="bbox 2091 3854 3675 3930">
     <span class='ocr_line' id='line_1_94' title="bbox 2091 3854 3675 3930; baseline 0.003 -21"><span class='ocrx_word' id='word_1_767' title='bbox 2091 3854 2232 3925; x_wconf 91' lang='lat' dir='ltr'><strong>quod</strong></span> <span class='ocrx_word' id='word_1_768' title='bbox 2258 3864 2341 3910; x_wconf 89' lang='lat' dir='ltr'><strong>est</strong></span> <span class='ocrx_word' id='word_1_769' title='bbox 2371 3856 2508 3911; x_wconf 89' lang='lat' dir='ltr'><strong>male</strong></span> <span class='ocrx_word' id='word_1_770' title='bbox 2537 3871 2754 3927; x_wconf 89' lang='lat' dir='ltr'><strong>passum</strong></span> <span class='ocrx_word' id='word_1_771' title='bbox 2779 3872 2899 3913; x_wconf 89' lang='lat' dir='ltr'><strong>esse</strong></span> <span class='ocrx_word' id='word_1_772' title='bbox 2917 3898 2935 3925; x_wconf 94' lang='lat'><strong>,</strong></span> <span class='ocrx_word' id='word_1_773' title='bbox 2962 3858 3163 3912; x_wconf 70' lang='lat' dir='ltr'><strong>affatim</strong></span> <span class='ocrx_word' id='word_1_774' title='bbox 3191 3859 3354 3913; x_wconf 80' lang='lat' dir='ltr'><strong>etiam</strong></span> <span class='ocrx_word' id='word_1_775' title='bbox 3392 3865 3675 3930; x_wconf 43' lang='lat' dir='ltr'><strong>supereroé</strong></span> 
     </span>
    </p>
   </div>
   <div class='ocr_carea' id='block_1_95' title="bbox 2090 3947 3681 4020">
    <p class='ocr_par' dir='ltr' id='par_1_95' title="bbox 2090 3947 3681 4020">
     <span class='ocr_line' id='line_1_95' title="bbox 2090 3947 3681 4020; baseline 0.003 -20"><span class='ocrx_word' id='word_1_776' title='bbox 2090 3947 2267 4018; x_wconf 82' lang='lat' dir='ltr'><strong>gavit;</strong></span> <span class='ocrx_word' id='word_1_777' title='bbox 2297 3949 2347 4002; x_wconf 88' lang='lat' dir='ltr'><strong>id</strong></span> <span class='ocrx_word' id='word_1_778' title='bbox 2375 3948 2516 4020; x_wconf 89' lang='lat' dir='ltr'><strong>quod</strong></span> <span class='ocrx_word' id='word_1_779' title='bbox 2544 3965 2650 4005; x_wconf 92' lang='lat' dir='ltr'><strong>non</strong></span> <span class='ocrx_word' id='word_1_780' title='bbox 2687 3962 2802 4006; x_wconf 90' lang='lat' dir='ltr'><strong>erat</strong></span> <span class='ocrx_word' id='word_1_781' title='bbox 2840 3964 2998 4006; x_wconf 77' lang='lat' dir='ltr'><strong>Suum</strong></span> <span class='ocrx_word' id='word_1_782' title='bbox 3020 3993 3035 4013; x_wconf 91' lang='lat'><strong>,</strong></span> <span class='ocrx_word' id='word_1_783' title='bbox 3065 3966 3220 4006; x_wconf 91' lang='lat' dir='ltr'><strong>suum</strong></span> <span class='ocrx_word' id='word_1_784' title='bbox 3266 3966 3388 4007; x_wconf 90' lang='lat' dir='ltr'><strong>esse</strong></span> <span class='ocrx_word' id='word_1_785' title='bbox 3425 3952 3580 4018; x_wconf 79' lang='lat' dir='ltr'><strong>fecit,</strong></span> <span class='ocrx_word' id='word_1_786' title='bbox 3614 3958 3681 4007; x_wconf 78' lang='lat' dir='ltr'><strong>eo</strong></span> 
     </span>
    </p>
   </div>
   <div class='ocr_carea' id='block_1_96' title="bbox 2090 4026 3680 4113">
    <p class='ocr_par' dir='ltr' id='par_1_96' title="bbox 2090 4026 3680 4113">
     <span class='ocr_line' id='line_1_96' title="bbox 2090 4026 3680 4113; baseline 0.003 -19"><span class='ocrx_word' id='word_1_787' title='bbox 2090 4039 2235 4111; x_wconf 88' lang='lat' dir='ltr'><strong>quod</strong></span> <span class='ocrx_word' id='word_1_788' title='bbox 2262 4026 2415 4097; x_wconf 85' lang='lat' dir='ltr'><strong>alteri</strong></span> <span class='ocrx_word' id='word_1_789' title='bbox 2442 4042 2669 4098; x_wconf 64' lang='lat' dir='ltr'><strong>maxillae</strong></span> <span class='ocrx_word' id='word_1_790' title='bbox 2694 4043 2763 4098; x_wconf 86' lang='lat' dir='ltr'><strong>sit</strong></span> <span class='ocrx_word' id='word_1_791' title='bbox 2790 4043 2985 4097; x_wconf 87' lang='lat' dir='ltr'><strong>inﬂicta</strong></span> <span class='ocrx_word' id='word_1_792' title='bbox 3011 4043 3187 4113; x_wconf 89' lang='lat' dir='ltr'><strong>alapa,</strong></span> <span class='ocrx_word' id='word_1_793' title='bbox 3212 4057 3316 4098; x_wconf 90' lang='lat' dir='ltr'><strong>non</strong></span> <span class='ocrx_word' id='word_1_794' title='bbox 3343 4043 3514 4098; x_wconf 90' lang='lat' dir='ltr'><strong>solum</strong></span> <span class='ocrx_word' id='word_1_795' title='bbox 3538 4036 3680 4112; x_wconf 88' lang='lat' dir='ltr'><strong>quod</strong></span> 
     </span>
    </p>
   </div>
   <div class='ocr_carea' id='block_1_97' title="bbox 2092 4120 3683 4192">
    <p class='ocr_par' dir='ltr' id='par_1_97' title="bbox 2092 4120 3683 4192">
     <span class='ocr_line' id='line_1_97' title="bbox 2092 4120 3683 4192; baseline 0.002 -4"><span class='ocrx_word' id='word_1_796' title='bbox 2092 4134 2293 4190; x_wconf 89' lang='lat' dir='ltr'><strong>tulerit.</strong></span> <span class='ocrx_word' id='word_1_797' title='bbox 2324 4133 2437 4190; x_wconf 85' lang='lat' dir='ltr'><strong>Hoc</strong></span> <span class='ocrx_word' id='word_1_798' title='bbox 2465 4134 2607 4191; x_wconf 90' lang='lat' dir='ltr'><strong>enim</strong></span> <span class='ocrx_word' id='word_1_799' title='bbox 2642 4120 2869 4191; x_wconf 66' lang='lat' dir='ltr'><strong>fortasse</strong></span> <span class='ocrx_word' id='word_1_800' title='bbox 2895 4135 3164 4192; x_wconf 86' lang='lat' dir='ltr'><strong>videbitur</strong></span> <span class='ocrx_word' id='word_1_801' title='bbox 3189 4137 3349 4191; x_wconf 90' lang='lat' dir='ltr'><strong>etiam</strong></span> <span class='ocrx_word' id='word_1_802' title='bbox 3376 4151 3499 4192; x_wconf 86' lang='lat' dir='ltr'><strong>esse</strong></span> <span class='ocrx_word' id='word_1_803' title='bbox 3527 4136 3683 4191; x_wconf 91' lang='lat' dir='ltr'><strong>timo-</strong></span> 
     </span>
    </p>
   </div>
   <div class='ocr_carea' id='block_1_98' title="bbox 2092 4224 3680 4298">
    <p class='ocr_par' dir='ltr' id='par_1_98' title="bbox 2092 4224 3680 4298">
     <span class='ocr_line' id='line_1_98' title="bbox 2092 4224 3680 4298; baseline 0 -18"><span class='ocrx_word' id='word_1_804' title='bbox 2092 4225 2202 4291; x_wconf 89' lang='lat' dir='ltr'><strong>ris;</strong></span> <span class='ocrx_word' id='word_1_805' title='bbox 2243 4225 2375 4281; x_wconf 91' lang='lat' dir='ltr'><strong>illud</strong></span> <span class='ocrx_word' id='word_1_806' title='bbox 2407 4236 2585 4281; x_wconf 89' lang='lat' dir='ltr'><strong>autem</strong></span> <span class='ocrx_word' id='word_1_807' title='bbox 2626 4226 2808 4281; x_wconf 67' lang='lat' dir='ltr'><strong>multae</strong></span> <span class='ocrx_word' id='word_1_808' title='bbox 2845 4237 2931 4282; x_wconf 90' lang='lat' dir='ltr'><strong>est</strong></span> <span class='ocrx_word' id='word_1_809' title='bbox 2972 4224 3348 4298; x_wconf 84' lang='lat' dir='ltr'><strong>philosophiae.</strong></span> <span class='ocrx_word' id='word_1_810' title='bbox 3388 4226 3680 4282; x_wconf 88' lang='lat' dir='ltr'><strong>Ostendiin</strong></span> 
     </span>
    </p>
   </div>
   <div class='ocr_carea' id='block_1_99' title="bbox 2093 4308 3679 4391">
    <p class='ocr_par' dir='ltr' id='par_1_99' title="bbox 2093 4308 3679 4391">
     <span class='ocr_line' id='line_1_99' title="bbox 2093 4308 3679 4391; baseline 0.001 -19"><span class='ocrx_word' id='word_1_811' title='bbox 2093 4317 2251 4388; x_wconf 88' lang='lat' dir='ltr'><strong>igitur</strong></span> <span class='ocrx_word' id='word_1_812' title='bbox 2280 4316 2422 4388; x_wconf 88' lang='lat' dir='ltr'><strong>quod</strong></span> <span class='ocrx_word' id='word_1_813' title='bbox 2456 4317 2558 4375; x_wconf 92' lang='lat' dir='ltr'><strong>hoc</strong></span> <span class='ocrx_word' id='word_1_814' title='bbox 2587 4319 2748 4374; x_wconf 87' lang='lat' dir='ltr'><strong>etiam</strong></span> <span class='ocrx_word' id='word_1_815' title='bbox 2778 4308 2966 4375; x_wconf 87' lang='lat' dir='ltr'><strong>tuleris</strong></span> <span class='ocrx_word' id='word_1_816' title='bbox 3010 4330 3228 4391; x_wconf 88' lang='lat' dir='ltr'><strong>propter</strong></span> <span class='ocrx_word' id='word_1_817' title='bbox 3263 4319 3679 4391; x_wconf 86' lang='lat' dir='ltr'><strong>philosophiam.</strong></span> 
     </span>
    </p>
   </div>
   <div class='ocr_carea' id='block_1_100' title="bbox 2092 4405 3682 4485">
    <p class='ocr_par' dir='ltr' id='par_1_100' title="bbox 2092 4405 3682 4485">
     <span class='ocr_line' id='line_1_100' title="bbox 2092 4405 3682 4485; baseline 0.001 -19"><span class='ocrx_word' id='word_1_818' title='bbox 2092 4411 2276 4482; x_wconf 86' lang='lat' dir='ltr'><strong>Itaque</strong></span> <span class='ocrx_word' id='word_1_819' title='bbox 2302 4428 2445 4468; x_wconf 92' lang='lat' dir='ltr'><strong>nunc</strong></span> <span class='ocrx_word' id='word_1_820' title='bbox 2468 4416 2679 4483; x_wconf 85' lang='lat' dir='ltr'><strong>quoque</strong></span> <span class='ocrx_word' id='word_1_821' title='bbox 2704 4405 2949 4478; x_wconf 85' lang='lat' dir='ltr'><strong>ostende,</strong></span> <span class='ocrx_word' id='word_1_822' title='bbox 2981 4410 3122 4485; x_wconf 89' lang='lat' dir='ltr'><strong>quod</strong></span> <span class='ocrx_word' id='word_1_823' title='bbox 3152 4427 3343 4485; x_wconf 90' lang='lat' dir='ltr'><strong>sponte</strong></span> <span class='ocrx_word' id='word_1_824' title='bbox 3374 4414 3514 4470; x_wconf 87' lang='lat' dir='ltr'><strong>feras</strong></span> <span class='ocrx_word' id='word_1_825' title='bbox 3543 4414 3682 4468; x_wconf 83' lang='lat' dir='ltr'><strong>hanc</strong></span> 
     </span>
    </p>
   </div>
   <div class='ocr_carea' id='block_1_101' title="bbox 2092 4495 3683 4578">
    <p class='ocr_par' dir='ltr' id='par_1_101' title="bbox 2092 4495 3683 4578">
     <span class='ocr_line' id='line_1_101' title="bbox 2092 4495 3683 4578; baseline 0.001 -19"><span class='ocrx_word' id='word_1_826' title='bbox 2092 4505 2402 4561; x_wconf 88' lang='lat' dir='ltr'><strong>servitutem</strong></span> <span class='ocrx_word' id='word_1_827' title='bbox 2425 4547 2442 4573; x_wconf 93' lang='lat'><strong>,</strong></span> <span class='ocrx_word' id='word_1_828' title='bbox 2470 4521 2576 4563; x_wconf 92' lang='lat' dir='ltr'><strong>non</strong></span> <span class='ocrx_word' id='word_1_829' title='bbox 2607 4515 2663 4562; x_wconf 93' lang='lat' dir='ltr'><strong>ut</strong></span> <span class='ocrx_word' id='word_1_830' title='bbox 2688 4507 2995 4564; x_wconf 89' lang='lat' dir='ltr'><strong>hominibus</strong></span> <span class='ocrx_word' id='word_1_831' title='bbox 3023 4495 3254 4578; x_wconf 85' lang='lat' dir='ltr'><strong>placeas.</strong></span> <span class='ocrx_word' id='word_1_832' title='bbox 3283 4505 3382 4576; x_wconf 88' lang='lat' dir='ltr'><strong>Qui</strong></span> <span class='ocrx_word' id='word_1_833' title='bbox 3413 4522 3541 4578; x_wconf 87' lang='lat' dir='ltr'><strong>ergo</strong></span> <span class='ocrx_word' id='word_1_834' title='bbox 3567 4516 3683 4561; x_wconf 86' lang='lat' dir='ltr'><strong>stu-</strong></span> 
     </span>
    </p>
   </div>
   <div class='ocr_carea' id='block_1_102' title="bbox 2093 4596 3685 4669">
    <p class='ocr_par' dir='ltr' id='par_1_102' title="bbox 2093 4596 3685 4669">
     <span class='ocr_line' id='line_1_102' title="bbox 2093 4596 3685 4669; baseline 0.001 -17"><span class='ocrx_word' id='word_1_835' title='bbox 2093 4596 2184 4652; x_wconf 89' lang='lat' dir='ltr'><strong>det</strong></span> <span class='ocrx_word' id='word_1_836' title='bbox 2199 4596 2503 4653; x_wconf 91' lang='lat' dir='ltr'><strong>hominibus</strong></span> <span class='ocrx_word' id='word_1_837' title='bbox 2528 4597 2761 4668; x_wconf 89' lang='lat' dir='ltr'><strong>placere,</strong></span> <span class='ocrx_word' id='word_1_838' title='bbox 2788 4614 2895 4654; x_wconf 88' lang='lat' dir='ltr'><strong>non</strong></span> <span class='ocrx_word' id='word_1_839' title='bbox 2918 4607 3003 4655; x_wconf 88' lang='lat' dir='ltr'><strong>est</strong></span> <span class='ocrx_word' id='word_1_840' title='bbox 3026 4596 3213 4655; x_wconf 77' lang='lat' dir='ltr'><strong>Servus</strong></span> <span class='ocrx_word' id='word_1_841' title='bbox 3233 4600 3463 4664; x_wconf 82' lang='lat' dir='ltr'><strong>Christi;</strong></span> <span class='ocrx_word' id='word_1_842' title='bbox 3489 4599 3576 4669; x_wconf 81' lang='lat' dir='ltr'><strong>qui</strong></span> <span class='ocrx_word' id='word_1_843' title='bbox 3600 4604 3685 4654; x_wconf 83' lang='lat' dir='ltr'><strong>est</strong></span> 
     </span>
    </p>
   </div>
   <div class='ocr_carea' id='block_1_103' title="bbox 2093 4672 3681 4761">
    <p class='ocr_par' dir='ltr' id='par_1_103' title="bbox 2093 4672 3681 4761">
     <span class='ocr_line' id='line_1_103' title="bbox 2093 4672 3681 4761; baseline 0 -18"><span class='ocrx_word' id='word_1_844' title='bbox 2093 4697 2270 4745; x_wconf 89' lang='lat' dir='ltr'><strong>autem</strong></span> <span class='ocrx_word' id='word_1_845' title='bbox 2301 4702 2491 4744; x_wconf 85' lang='lat' dir='ltr'><strong>servus</strong></span> <span class='ocrx_word' id='word_1_846' title='bbox 2515 4672 2736 4755; x_wconf 84' lang='lat' dir='ltr'><strong>Christi,</strong></span> <span class='ocrx_word' id='word_1_847' title='bbox 2768 4706 2875 4745; x_wconf 91' lang='lat' dir='ltr'><strong>non</strong></span> <span class='ocrx_word' id='word_1_848' title='bbox 2914 4690 3094 4747; x_wconf 88' lang='lat' dir='ltr'><strong>studet</strong></span> <span class='ocrx_word' id='word_1_849' title='bbox 3117 4691 3330 4761; x_wconf 88' lang='lat' dir='ltr'><strong>placere</strong></span> <span class='ocrx_word' id='word_1_850' title='bbox 3353 4690 3681 4746; x_wconf 81' lang='lat' dir='ltr'><strong>hominibus.</strong></span> 
     </span>
    </p>
   </div>
   <div class='ocr_carea' id='block_1_104' title="bbox 2093 4762 3685 4853">
    <p class='ocr_par' dir='ltr' id='par_1_104' title="bbox 2093 4762 3685 4853">
     <span class='ocr_line' id='line_1_104' title="bbox 2093 4762 3685 4853; baseline 0.001 -19"><span class='ocrx_word' id='word_1_851' title='bbox 2093 4779 2224 4847; x_wconf 84' lang='lat' dir='ltr'><strong>Quis</strong></span> <span class='ocrx_word' id='word_1_852' title='bbox 2251 4762 2418 4845; x_wconf 88' lang='lat' dir='ltr'><strong>enim,</strong></span> <span class='ocrx_word' id='word_1_853' title='bbox 2447 4795 2568 4836; x_wconf 91' lang='lat' dir='ltr'><strong>cum</strong></span> <span class='ocrx_word' id='word_1_854' title='bbox 2604 4780 2675 4835; x_wconf 89' lang='lat' dir='ltr'><strong>sit</strong></span> <span class='ocrx_word' id='word_1_855' title='bbox 2709 4780 2803 4836; x_wconf 87' lang='lat' dir='ltr'><strong>Dei</strong></span> <span class='ocrx_word' id='word_1_856' title='bbox 2846 4782 3035 4837; x_wconf 82' lang='lat' dir='ltr'><strong>servus</strong></span> <span class='ocrx_word' id='word_1_857' title='bbox 3054 4824 3070 4850; x_wconf 90' lang='lat'><strong>,</strong></span> <span class='ocrx_word' id='word_1_858' title='bbox 3095 4782 3209 4836; x_wconf 87' lang='lat' dir='ltr'><strong>vult</strong></span> <span class='ocrx_word' id='word_1_859' title='bbox 3238 4781 3546 4837; x_wconf 88' lang='lat' dir='ltr'><strong>hominibus</strong></span> <span class='ocrx_word' id='word_1_860' title='bbox 3572 4782 3685 4853; x_wconf 77' lang='lat' dir='ltr'><strong>pla-</strong></span> 
     </span>
    </p>
   </div>
   <div class='ocr_carea' id='block_1_105' title="bbox 2093 4871 3687 4943">
    <p class='ocr_par' dir='ltr' id='par_1_105' title="bbox 2093 4871 3687 4943">
     <span class='ocr_line' id='line_1_105' title="bbox 2093 4871 3687 4943; baseline 0.001 -16"><span class='ocrx_word' id='word_1_861' title='bbox 2093 4873 2257 4928; x_wconf 84' lang='lat' dir='ltr'><strong>cere?</strong></span> <span class='ocrx_word' id='word_1_862' title='bbox 2283 4880 2337 4926; x_wconf 91' lang='lat' dir='ltr'><strong>et</strong></span> <span class='ocrx_word' id='word_1_863' title='bbox 2364 4871 2484 4943; x_wconf 86' lang='lat' dir='ltr'><strong>quis</strong></span> <span class='ocrx_word' id='word_1_864' title='bbox 2523 4873 2827 4928; x_wconf 79' lang='lat' dir='ltr'><strong>hominibus</strong></span> <span class='ocrx_word' id='word_1_865' title='bbox 2850 4873 3085 4943; x_wconf 85' lang='lat' dir='ltr'><strong>placens,</strong></span> <span class='ocrx_word' id='word_1_866' title='bbox 3111 4882 3288 4943; x_wconf 90' lang='lat' dir='ltr'><strong>potest</strong></span> <span class='ocrx_word' id='word_1_867' title='bbox 3307 4888 3428 4929; x_wconf 90' lang='lat' dir='ltr'><strong>esse</strong></span> <span class='ocrx_word' id='word_1_868' title='bbox 3452 4874 3550 4928; x_wconf 87' lang='lat' dir='ltr'><strong>Dei</strong></span> <span class='ocrx_word' id='word_1_869' title='bbox 3571 4883 3687 4928; x_wconf 44' lang='lat' dir='ltr'><strong>sets</strong></span> 
     </span>
    </p>
   </div>
   <div class='ocr_carea' id='block_1_106' title="bbox 2096 4964 3681 5036">
    <p class='ocr_par' dir='ltr' id='par_1_106' title="bbox 2096 4964 3681 5036">
     <span class='ocr_line' id='line_1_106' title="bbox 2096 4964 3681 5036; baseline -0.001 -19"><span class='ocrx_word' id='word_1_870' title='bbox 2096 4964 2227 5020; x_wconf 86' lang='lat' dir='ltr'><strong>vus?</strong></span> <span class='ocrx_word' id='word_1_871' title='bbox 2251 4964 2333 5019; x_wconf 78' lang='lat' dir='ltr'><strong>Ex</strong></span> <span class='ocrx_word' id='word_1_872' title='bbox 2358 4965 2549 5033; x_wconf 89' lang='lat' dir='ltr'><strong>animo,</strong></span> <span class='ocrx_word' id='word_1_873' title='bbox 2583 4965 2789 5036; x_wconf 88' lang='lat' dir='ltr'><strong>inquit,</strong></span> <span class='ocrx_word' id='word_1_874' title='bbox 2814 4964 2930 5020; x_wconf 79' lang='lat' dir='ltr'><strong>cum</strong></span> <span class='ocrx_word' id='word_1_875' title='bbox 2956 4966 3086 5020; x_wconf 88' lang='lat' dir='ltr'><strong>bona</strong></span> <span class='ocrx_word' id='word_1_876' title='bbox 3114 4966 3369 5020; x_wconf 85' lang='lat' dir='ltr'><strong>voluntate</strong></span> <span class='ocrx_word' id='word_1_877' title='bbox 3394 4966 3681 5019; x_wconf 83' lang='lat' dir='ltr'><strong>servientes.</strong></span> 
     </span>
    </p>
   </div>
   <div class='ocr_carea' id='block_1_107' title="bbox 2095 5041 3686 5129">
    <p class='ocr_par' dir='ltr' id='par_1_107' title="bbox 2095 5041 3686 5129">
     <span class='ocr_line' id='line_1_107' title="bbox 2095 5041 3686 5129; baseline -0.001 -18"><span class='ocrx_word' id='word_1_878' title='bbox 2095 5056 2260 5112; x_wconf 82' lang='lat' dir='ltr'><strong>Recte</strong></span> <span class='ocrx_word' id='word_1_879' title='bbox 2284 5056 2361 5111; x_wconf 91' lang='lat' dir='ltr'><strong>sic</strong></span> <span class='ocrx_word' id='word_1_880' title='bbox 2383 5055 2545 5111; x_wconf 77' lang='lat' dir='ltr'><strong>dixit:</strong></span> <span class='ocrx_word' id='word_1_881' title='bbox 2566 5071 2687 5111; x_wconf 90' lang='lat' dir='ltr'><strong>nam</strong></span> <span class='ocrx_word' id='word_1_882' title='bbox 2709 5059 2959 5129; x_wconf 85' lang='lat' dir='ltr'><strong>quoniam</strong></span> <span class='ocrx_word' id='word_1_883' title='bbox 2981 5060 3035 5113; x_wconf 78' lang='lat' dir='ltr'><strong>&#39;et</strong></span> <span class='ocrx_word' id='word_1_884' title='bbox 3058 5041 3110 5112; x_wconf 86' lang='lat' dir='ltr'><strong>in</strong></span> <span class='ocrx_word' id='word_1_885' title='bbox 3133 5056 3475 5126; x_wconf 86' lang='lat' dir='ltr'><strong>simplicitate</strong></span> <span class='ocrx_word' id='word_1_886' title='bbox 3497 5056 3686 5111; x_wconf 65' lang='lat' dir='ltr'><strong>Servii‘i</strong></span> 
     </span>
    </p>
   </div>
   <div class='ocr_carea' id='block_1_108' title="bbox 2098 5147 3685 5220">
    <p class='ocr_par' dir='ltr' id='par_1_108' title="bbox 2098 5147 3685 5220">
     <span class='ocr_line' id='line_1_108' title="bbox 2098 5147 3685 5220; baseline -0.003 -16"><span class='ocrx_word' id='word_1_887' title='bbox 2098 5159 2295 5220; x_wconf 89' lang='lat' dir='ltr'><strong>potest,</strong></span> <span class='ocrx_word' id='word_1_888' title='bbox 2314 5159 2368 5204; x_wconf 91' lang='lat' dir='ltr'><strong>et</strong></span> <span class='ocrx_word' id='word_1_889' title='bbox 2391 5164 2497 5203; x_wconf 92' lang='lat' dir='ltr'><strong>non</strong></span> <span class='ocrx_word' id='word_1_890' title='bbox 2520 5164 2683 5220; x_wconf 82' lang='lat' dir='ltr'><strong>prave</strong></span> <span class='ocrx_word' id='word_1_891' title='bbox 2707 5164 2770 5204; x_wconf 92' lang='lat' dir='ltr'><strong>ac</strong></span> <span class='ocrx_word' id='word_1_892' title='bbox 2788 5149 3038 5220; x_wconf 89' lang='lat' dir='ltr'><strong>maligne,</strong></span> <span class='ocrx_word' id='word_1_893' title='bbox 3056 5148 3149 5204; x_wconf 91' lang='lat' dir='ltr'><strong>sed</strong></span> <span class='ocrx_word' id='word_1_894' title='bbox 3172 5153 3279 5203; x_wconf 86' lang='lat' dir='ltr'><strong>non</strong></span> <span class='ocrx_word' id='word_1_895' title='bbox 3308 5148 3433 5202; x_wconf 87' lang='lat' dir='ltr'><strong>totls</strong></span> <span class='ocrx_word' id='word_1_896' title='bbox 3461 5147 3685 5212; x_wconf 79' lang='lat' dir='ltr'><strong>viribus,</strong></span> 
     </span>
    </p>
   </div>
   <div class='ocr_carea' id='block_1_109' title="bbox 2097 5238 3687 5310">
    <p class='ocr_par' dir='ltr' id='par_1_109' title="bbox 2097 5238 3687 5310">
     <span class='ocr_line' id='line_1_109' title="bbox 2097 5238 3687 5310; baseline -0.001 -16"><span class='ocrx_word' id='word_1_897' title='bbox 2097 5241 2191 5296; x_wconf 89' lang='lat' dir='ltr'><strong>sed</strong></span> <span class='ocrx_word' id='word_1_898' title='bbox 2214 5250 2415 5295; x_wconf 89' lang='lat' dir='ltr'><strong>tantum</strong></span> <span class='ocrx_word' id='word_1_899' title='bbox 2446 5240 2655 5310; x_wconf 88' lang='lat' dir='ltr'><strong>impleri</strong></span> <span class='ocrx_word' id='word_1_900' title='bbox 2672 5240 2812 5310; x_wconf 90' lang='lat' dir='ltr'><strong>quod</strong></span> <span class='ocrx_word' id='word_1_901' title='bbox 2832 5240 3059 5296; x_wconf 88' lang='lat' dir='ltr'><strong>debetur</strong></span> <span class='ocrx_word' id='word_1_902' title='bbox 3086 5258 3100 5295; x_wconf 90' lang='lat'><strong>:</strong></span> <span class='ocrx_word' id='word_1_903' title='bbox 3126 5248 3409 5310; x_wconf 88' lang='lat' dir='ltr'><strong>propterea</strong></span> <span class='ocrx_word' id='word_1_904' title='bbox 3428 5238 3580 5305; x_wconf 90' lang='lat' dir='ltr'><strong>dicit,</strong></span> <span class='ocrx_word' id='word_1_905' title='bbox 3608 5239 3687 5293; x_wconf 82' lang='lat' dir='ltr'><strong>Ex</strong></span> 
     </span>
    </p>
   </div>
   <div class='ocr_carea' id='block_1_110' title="bbox 2098 5331 3694 5400">
    <p class='ocr_par' dir='ltr' id='par_1_110' title="bbox 2098 5331 3694 5400">
     <span class='ocr_line' id='line_1_110' title="bbox 2098 5331 3694 5400; baseline 0.001 -15"><span class='ocrx_word' id='word_1_906' title='bbox 2098 5333 2259 5387; x_wconf 85' lang='lat' dir='ltr'><strong>animi</strong></span> <span class='ocrx_word' id='word_1_907' title='bbox 2287 5332 2561 5387; x_wconf 88' lang='lat' dir='ltr'><strong>alacritate</strong></span> <span class='ocrx_word' id='word_1_908' title='bbox 2585 5374 2598 5400; x_wconf 92' lang='lat'><strong>,</strong></span> <span class='ocrx_word' id='word_1_909' title='bbox 2632 5347 2738 5387; x_wconf 90' lang='lat' dir='ltr'><strong>non</strong></span> <span class='ocrx_word' id='word_1_910' title='bbox 2769 5349 2834 5388; x_wconf 75' lang='lat' dir='ltr'><strong>ex</strong></span> <span class='ocrx_word' id='word_1_911' title='bbox 2875 5333 3228 5399; x_wconf 87' lang='lat' dir='ltr'><strong>necessitate;</strong></span> <span class='ocrx_word' id='word_1_912' title='bbox 3259 5349 3328 5388; x_wconf 83' lang='lat' dir='ltr'><strong>ex</strong></span> <span class='ocrx_word' id='word_1_913' title='bbox 3371 5331 3542 5387; x_wconf 89' lang='lat' dir='ltr'><strong>libera</strong></span> <span class='ocrx_word' id='word_1_914' title='bbox 3578 5331 3694 5386; x_wconf 83' lang='lat' dir='ltr'><strong>ele-</strong></span> 
     </span>
    </p>
   </div>
   <div class='ocr_carea' id='block_1_111' title="bbox 2098 5424 3687 5491">
    <p class='ocr_par' dir='ltr' id='par_1_111' title="bbox 2098 5424 3687 5491">
     <span class='ocr_line' id='line_1_111' title="bbox 2098 5424 3687 5491; baseline -0.001 -12"><span class='ocrx_word' id='word_1_915' title='bbox 2098 5425 2296 5490; x_wconf 85' lang='lat' dir='ltr'><strong>Ctione,</strong></span> <span class='ocrx_word' id='word_1_916' title='bbox 2318 5440 2422 5479; x_wconf 92' lang='lat' dir='ltr'><strong>non</strong></span> <span class='ocrx_word' id='word_1_917' title='bbox 2441 5440 2506 5479; x_wconf 79' lang='lat' dir='ltr'><strong>ex</strong></span> <span class='ocrx_word' id='word_1_918' title='bbox 2530 5440 2593 5489; x_wconf 90' lang='lat' dir='ltr'><strong>pr</strong></span> <span class='ocrx_word' id='word_1_919' title='bbox 2604 5425 2808 5480; x_wconf 69' lang='lat' dir='ltr'><strong>tritate.</strong></span> <span class='ocrx_word' id='word_1_920' title='bbox 2827 5424 2884 5480; x_wconf 90' lang='lat' dir='ltr'><strong>Si</strong></span> <span class='ocrx_word' id='word_1_921' title='bbox 2905 5425 2984 5480; x_wconf 87' lang='lat' dir='ltr'><strong>sic</strong></span> <span class='ocrx_word' id='word_1_922' title='bbox 3006 5424 3233 5491; x_wconf 74' lang='lat' dir='ltr'><strong>servias,</strong></span> <span class='ocrx_word' id='word_1_923' title='bbox 3256 5439 3362 5479; x_wconf 92' lang='lat' dir='ltr'><strong>non</strong></span> <span class='ocrx_word' id='word_1_924' title='bbox 3386 5439 3446 5480; x_wconf 88' lang='lat' dir='ltr'><strong>es</strong></span> <span class='ocrx_word' id='word_1_925' title='bbox 3466 5438 3687 5481; x_wconf 85' lang='lat' dir='ltr'><strong>servus:</strong></span> 
     </span>
    </p>
   </div>
   <div class='ocr_carea' id='block_1_112' title="bbox 2095 5515 3687 5582">
    <p class='ocr_par' dir='ltr' id='par_1_112' title="bbox 2095 5515 3687 5582">
     <span class='ocr_line' id='line_1_112' title="bbox 2095 5515 3687 5582; baseline -0.002 -11"><span class='ocrx_word' id='word_1_926' title='bbox 2095 5516 2144 5571; x_wconf 71' lang='lat' dir='ltr'><strong>ai</strong></span> <span class='ocrx_word' id='word_1_927' title='bbox 2168 5532 2233 5573; x_wconf 81' lang='lat' dir='ltr'><strong>ex</strong></span> <span class='ocrx_word' id='word_1_928' title='bbox 2257 5516 2424 5572; x_wconf 87' lang='lat' dir='ltr'><strong>libero</strong></span> <span class='ocrx_word' id='word_1_929' title='bbox 2450 5517 2672 5572; x_wconf 84' lang='lat' dir='ltr'><strong>arbitrio</strong></span> <span class='ocrx_word' id='word_1_930' title='bbox 2702 5526 2755 5571; x_wconf 87' lang='lat' dir='ltr'><strong>et</strong></span> <span class='ocrx_word' id='word_1_931' title='bbox 2776 5517 3039 5582; x_wconf 89' lang='lat' dir='ltr'><strong>instituto,</strong></span> <span class='ocrx_word' id='word_1_932' title='bbox 3062 5518 3106 5572; x_wconf 90' lang='lat' dir='ltr'><strong>si</strong></span> <span class='ocrx_word' id='word_1_933' title='bbox 3130 5532 3253 5573; x_wconf 87' lang='lat' dir='ltr'><strong>eum</strong></span> <span class='ocrx_word' id='word_1_934' title='bbox 3289 5515 3687 5577; x_wconf 82' lang='lat' dir='ltr'><strong>benevolentia,</strong></span> 
     </span>
    </p>
   </div>
   <div class='ocr_carea' id='block_1_113' title="bbox 2101 5608 3691 5679">
    <p class='ocr_par' dir='ltr' id='par_1_113' title="bbox 2101 5608 3691 5679">
     <span class='ocr_line' id='line_1_113' title="bbox 2101 5608 3691 5679; baseline -0.003 -14"><span class='ocrx_word' id='word_1_935' title='bbox 2101 5623 2149 5665; x_wconf 70' lang='grc' dir='ltr'><strong>ει</strong></span> <span class='ocrx_word' id='word_1_936' title='bbox 2169 5608 2233 5664; x_wconf 78' lang='lat' dir='ltr'><strong>e&#39;x</strong></span> <span class='ocrx_word' id='word_1_937' title='bbox 2260 5621 2457 5675; x_wconf 79' lang='lat' dir='ltr'><strong>animo,</strong></span> <span class='ocrx_word' id='word_1_938' title='bbox 2482 5611 2525 5665; x_wconf 77' lang='lat' dir='ltr'><strong>si</strong></span> <span class='ocrx_word' id='word_1_939' title='bbox 2549 5618 2766 5679; x_wconf 89' lang='lat' dir='ltr'><strong>propter</strong></span> <span class='ocrx_word' id='word_1_940' title='bbox 2789 5608 3086 5665; x_wconf 89' lang='lat' dir='ltr'><strong>Christum.</strong></span> <span class='ocrx_word' id='word_1_941' title='bbox 3115 5609 3265 5665; x_wconf 82' lang='lat' dir='ltr'><strong>Hanc</strong></span> <span class='ocrx_word' id='word_1_942' title='bbox 3289 5609 3433 5665; x_wconf 88' lang='lat' dir='ltr'><strong>enim</strong></span> <span class='ocrx_word' id='word_1_943' title='bbox 3456 5608 3691 5663; x_wconf 60' lang='lat' dir='ltr'><strong>servittio</strong></span> 
     </span>
    </p>
   </div>
   <div class='ocr_carea' id='block_1_114' title="bbox 2102 5694 3689 5769">
    <p class='ocr_par' dir='ltr' id='par_1_114' title="bbox 2102 5694 3689 5769">
     <span class='ocr_line' id='line_1_114' title="bbox 2102 5694 3689 5769; baseline -0.001 -11"><span class='ocrx_word' id='word_1_944' title='bbox 2102 5711 2208 5758; x_wconf 77' lang='lat' dir='ltr'><strong>tem</strong></span> <span class='ocrx_word' id='word_1_945' title='bbox 2233 5699 2398 5759; x_wconf 85' lang='lat' dir='ltr'><strong>servit</strong></span> <span class='ocrx_word' id='word_1_946' title='bbox 2434 5701 2595 5757; x_wconf 90' lang='lat' dir='ltr'><strong>etiam</strong></span> <span class='ocrx_word' id='word_1_947' title='bbox 2623 5694 2822 5757; x_wconf 87' lang='lat' dir='ltr'><strong>Paulus</strong></span> <span class='ocrx_word' id='word_1_948' title='bbox 2861 5702 2952 5757; x_wconf 90' lang='lat' dir='ltr'><strong>ille</strong></span> <span class='ocrx_word' id='word_1_949' title='bbox 2992 5702 3156 5769; x_wconf 91' lang='lat' dir='ltr'><strong>liber,</strong></span> <span class='ocrx_word' id='word_1_950' title='bbox 3181 5712 3237 5758; x_wconf 91' lang='lat' dir='ltr'><strong>et</strong></span> <span class='ocrx_word' id='word_1_951' title='bbox 3260 5702 3455 5757; x_wconf 86' lang='lat' dir='ltr'><strong>clamat</strong></span> <span class='ocrx_word' id='word_1_952' title='bbox 3480 5700 3689 5757; x_wconf 82' lang='lat' dir='ltr'><strong>dicens.</strong></span> 
     </span>
    </p>
   </div>
   <div class='ocr_carea' id='block_1_115' title="bbox 2104 5789 3693 5864">
    <p class='ocr_par' dir='ltr' id='par_1_115' title="bbox 2104 5789 3693 5864">
     <span class='ocr_line' id='line_1_115' title="bbox 2104 5789 3693 5864; baseline -0.003 -17"><span class='ocrx_word' id='word_1_953' title='bbox 2104 5792 2227 5848; x_wconf 85' lang='lat' dir='ltr'><strong>Non</strong></span> <span class='ocrx_word' id='word_1_954' title='bbox 2253 5795 2384 5848; x_wconf 88' lang='lat' dir='ltr'><strong>enim</strong></span> <span class='ocrx_word' id='word_1_955' title='bbox 2409 5800 2500 5847; x_wconf 82' lang='lat' dir='ltr'><strong>nas</strong></span> <span class='ocrx_word' id='word_1_956' title='bbox 2529 5796 2665 5862; x_wconf 81' lang='lat' dir='ltr'><strong>ipsos</strong></span> <span class='ocrx_word' id='word_1_957' title='bbox 2707 5789 3043 5864; x_wconf 63' lang='lat' dir='ltr'><strong>praedicamus</strong></span> <span class='ocrx_word' id='word_1_958' title='bbox 3065 5834 3080 5859; x_wconf 94' lang='lat'><strong>,</strong></span> <span class='ocrx_word' id='word_1_959' title='bbox 3110 5794 3199 5848; x_wconf 87' lang='lat' dir='ltr'><strong>sed</strong></span> <span class='ocrx_word' id='word_1_960' title='bbox 3229 5793 3486 5849; x_wconf 86' lang='lat' dir='ltr'><strong>Christum</strong></span> <span class='ocrx_word' id='word_1_961' title='bbox 3513 5792 3693 5847; x_wconf 83' lang='lat' dir='ltr'><strong>Jesum</strong></span> 
     </span>
    </p>
   </div>
   <div class='ocr_carea' id='block_1_116' title="bbox 2102 5865 3694 5955">
    <p class='ocr_par' dir='ltr' id='par_1_116' title="bbox 2102 5865 3694 5955">
     <span class='ocr_line' id='line_1_116' title="bbox 2102 5865 3694 5955; baseline -0.002 -17"><span class='ocrx_word' id='word_1_962' title='bbox 2102 5865 2398 5951; x_wconf 78' lang='lat' dir='ltr'><strong>Dominum,</strong></span> <span class='ocrx_word' id='word_1_963' title='bbox 2418 5900 2511 5938; x_wconf 82' lang='lat' dir='ltr'><strong>nos</strong></span> <span class='ocrx_word' id='word_1_964' title='bbox 2535 5893 2701 5938; x_wconf 87' lang='lat' dir='ltr'><strong>autent</strong></span> <span class='ocrx_word' id='word_1_965' title='bbox 2719 5884 2853 5955; x_wconf 83' lang='lat' dir='ltr'><strong>ipsos</strong></span> <span class='ocrx_word' id='word_1_966' title='bbox 2876 5900 3042 5938; x_wconf 84' lang='lat' dir='ltr'><strong>servos</strong></span> <span class='ocrx_word' id='word_1_967' title='bbox 3071 5893 3257 5939; x_wconf 82' lang='lat' dir='ltr'><strong>vestros</strong></span> <span class='ocrx_word' id='word_1_968' title='bbox 3283 5892 3491 5955; x_wconf 84' lang='lat' dir='ltr'><strong>propter</strong></span> <span class='ocrx_word' id='word_1_969' title='bbox 3514 5882 3694 5937; x_wconf 68' lang='lat' dir='ltr'><strong>Iesum</strong></span> 
     </span>
    </p>
   </div>
   <div class='ocr_carea' id='block_1_117' title="bbox 2105 5974 2527 6047">
    <p class='ocr_par' dir='ltr' id='par_1_117' title="bbox 2105 5974 2527 6047">
     <span class='ocr_line' id='line_1_117' title="bbox 2105 5974 2527 6047; baseline 0.005 -19"><span class='ocrx_word' id='word_1_970' title='bbox 2105 5974 2182 6047; x_wconf 72' lang='lat'><strong>(2.</strong></span> <span class='ocrx_word' id='word_1_971' title='bbox 2215 5974 2332 6030; x_wconf 85' lang='lat' dir='ltr'><strong>Cor.</strong></span> <span class='ocrx_word' id='word_1_972' title='bbox 2362 5976 2414 6030; x_wconf 71' lang='grc'><strong>4.</strong></span> <span class='ocrx_word' id='word_1_973' title='bbox 2444 5974 2527 6046; x_wconf 82' lang='lat'><strong>5).</strong></span> 
     </span>
    </p>
   </div>
   <div class='ocr_carea' id='block_1_118' title="bbox 2175 6059 3689 6137">
    <p class='ocr_par' dir='ltr' id='par_1_118' title="bbox 2175 6059 3689 6137">
     <span class='ocr_line' id='line_1_118' title="bbox 2175 6059 3689 6137; baseline -0.005 -14"><span class='ocrx_word' id='word_1_974' title='bbox 2175 6068 2228 6123; x_wconf 76' lang='grc'><strong>2.</strong></span> <span class='ocrx_word' id='word_1_975' title='bbox 2280 6065 2412 6122; x_wconf 88' lang='lat' dir='ltr'><strong>Vide</strong></span> <span class='ocrx_word' id='word_1_976' title='bbox 2441 6065 2709 6137; x_wconf 80' lang='lat' dir='ltr'><strong>quomodo</strong></span> <span class='ocrx_word' id='word_1_977' title='bbox 2742 6065 2833 6121; x_wconf 87' lang='lat' dir='ltr'><strong>tibi</strong></span> <span class='ocrx_word' id='word_1_978' title='bbox 2881 6064 3054 6122; x_wconf 83' lang='lat' dir='ltr'><strong>aufert</strong></span> <span class='ocrx_word' id='word_1_979' title='bbox 3098 6064 3490 6137; x_wconf 80' lang='lat' dir='ltr'><strong>ignobilitatem</strong></span> <span class='ocrx_word' id='word_1_980' title='bbox 3518 6059 3689 6116; x_wconf 85' lang='lat' dir='ltr'><strong>servi-</strong></span> 
     </span>
    </p>
   </div>
  </div>
