4092 6518
475 479 576 541 155

468 603 620 667 τοὺς,
644 598 742 652 καὶ
767 597 828 652 ἐν
853 597 934 669 τῷ
952 595 1197 658 ἐκείνους
1229 590 1642 665 ρυθμίζειν,τὺν
1665 587 1798 643 Θεὸν
1831 608 2080 661 παρακα-

468 685 680 756 λῶμεν,
723 681 867 734 ὥστε
895 677 1385 735 συναντιλαὸέσθαι
1425 678 1559 747 ἡμῖν
1586 673 1680 729 τοῦ
1736 673 1918 745 ἔργου.
1981 677 2079 728 Ἂν

471 766 558 840 ἴδῃ
599 769 750 839 ἡμᾶς
777 764 939 820 τοῦτο
972 762 1376 836 μεριμνῶντας,
1438 761 1635 814 τούτου
1670 759 2077 832 φροντίζοντας,

471 849 960 920 συναντιλήψεται·
1001 848 1068 902 ἂν
1098 846 1157 899 δέ
1194 846 1400 917 μηδένα
1428 846 1786 916 ποιουμένους
1810 845 1990 911 λόγον,
2017 843 2078 895 οὑ

468 935 837 1006 δώσειχεφα.
873 934 950 988 Οὑ
976 934 1086 1003 γὰρ
1132 930 1486 986 καθεύδουσιν
1537 932 1667 1002 ἡμῖν
1707 932 1936 1002 χορηγεῖ
1979 927 2080 998 τὴν

474 1019 734 1091 βοήθειαν
791 1023 819 1073 6
852 1020 1010 1084 Θεὸς,
1041 1016 1181 1072 ἀλλά
1233 1016 1589 1087 πονουμένοις
1637 1017 1732 1070 καὶ
1766 1017 1972 1079 αὐτοῖς.
2041 1019 2081 1068 υ

471 1103 581 1175 γὰρ
616 1104 813 1176 βοηθὸς
847 1103 910 1156 οὐ
937 1103 1032 1155 τοῦ
1078 1099 1382 1172 ἀργοῦντός
1423 1103 1540 1154 ἐστι
1567 1099 1783 1173 βοηθὸς,
1815 1099 1951 1156 ἀλλὰ
1983 1097 2079 1153 τοῦ

1293 475 1361 533 IN
1403 476 1628 534 EPIST.
1676 475 1769 530 AD
1811 474 2052 532 EPHES.
2095 474 2251 530 CAP.
2279 464 2373 529 VI.
2415 467 2659 530 HOMIL:
2702 469 2877 528 ΧΧΠ.

3678 475 3782 532 156

2179 588 2274 642 καὶ
2294 588 2461 640 αὑτοῦ
2491 585 2891 657 ἐργαζομένου.
2922 585 3157 649 Δυνατδς
3183 586 3239 640 δέ
3272 587 3300 640 6
3322 587 3526 656 ἀγαθὸς
3556 587 3780 652 Θεὺςῆιν

2180 669 2378 725 ἑαυτοῦ
2407 671 2468 723 τὸ
2499 671 2662 742 ἔργον
2703 673 2783 734 εἰς
2828 668 2982 734 τέλος
3012 671 3264 739 ἀγαγεῖν,
3321 672 3410 725 ἵνα
3454 671 3786 743 ἀξιωθῶμεν

2181 757 2382 818 πάντες
2409 757 2688 825 ἐπιτυχεῖν
2718 755 2826 809 τῶν
2854 755 3284 826 ἐπηγγελμένων
3318 757 3560 826 ἀγαθῶν,
3595 757 3778 828 χάριτι

2180 840 2276 894 καὶ
2307 839 2653 911 φιλανθωπίᾳ
2682 839 2775 892 τοῦ
3011 841 3218 912 Κυρίου
3246 841 3405 912 ἡμῶν
3448 840 3620 912 Ἰησοῦ
3645 842 3780 912 Χρι-

2182 925 2331 989 στοῦ,
2367 923 2487 995 μεθ’
2512 916 2574 976 οὗ
2603 924 2682 995 τῷ
2697 925 2873 994 Πατρὶ
2902 924 3017 995 ἅμα
3047 924 3124 996 τῷ
3155 925 3295 996 ἁγίῳ
3319 925 3600 995 Πνεύματι
3625 925 3774 990 δόξα,

2181 1009 2405 1082 κράτος,
2435 1009 2596 1080 τιμὴ,
2629 1009 2726 1064 νῦν
2749 1009 2843 1064 καὶ
2865 1009 2972 1075 ἀεὶ,
3009 1009 3105 1062 καὶ
3144 1011 3222 1074 είς
3245 1011 3372 1074 τοὺς
3401 1010 3606 1076 αἰῶνας
3664 1010 3776 1064 τῶν

2183 1095 2414 1150 αἰώνων.
2451 1093 2646 1165 Ἀμήν.
2670 1140 2692 1160 ς
2744 1107 2750 1115 ·

1926 1311 2334 1328 m

1993 1516 2243 1580 OMIAIA
2283 1519 2422 1584 KB’.-
2497 1513 2499 1515 ’

469 1691 539 1746 bi
592 1689 824 1754 δοῦλοι,
859 1687 1202 1744 ὖπακούετε
1241 1679 1368 1752 τοῖς
1418 1687 1648 1756 κυρίοις
1692 1687 1844 1742 κατὰ
1874 1687 2072 1754 σάρκα

537 1763 690 1832 μετὰ
719 1762 911 1830 φόϐου
958 1759 1060 1832 καὶ
1098 1760 1340 1832 τρόμου,
1385 1757 1454 1832 ἐν
1492 1759 1784 1832 ἁπλότητι
1826 1757 2071 1832 καρδίας

544 1821 731 1900 ῦμὼν,
776 1832 858 1897 ὠς
906 1831 988 1895 τῷ
1048 1821 1283 1898 Χριστῷ
1308 1821 1333 1858 ’ὴ
1360 1821 1445 1898 μὴ
1487 1830 1615 1883 κατ’
1656 1821 2072 1900 ὀφθαλμοδοιξ

541 1897 720 1957 λείαν
751 1903 831 1968 ὡς
859 1897 1376 1971 ἀνθρωπάρεσκοι,
1405 1899 1554 1971 *ἀλλ’
1597 1897 1936 1971 ὡςλδοῦλοι
1961 1897 2070 1971 τοῦ

547 1973 836 2042 Χριστοῦ,
875 1969 1198 2036 ποιοῦντες
1229 1970 1310 2042 τὸ
1352 1969 1583 2038 θέλημα
1626 1970 1737 2024 τοῦ
1793 1969 1950 2042 θεοῦ
1992 1969 2068 2042 ,ἐκ

548 2040 776 2114 ψυχῆς,
798 2045 927 2111 μετ’
949 2043 1195 2106 εὐνοίας
1215 2040 1618 2126 δουλεύοντες
1637 2042 1716 2107 ὡς
1741 2040 1823 2106 τῷ
1847 2041 2066 2107 Κυρίῳ,

548 2115 645 2169 καί
676 2117 785 2168 οὐκ
816 2112 1152 2178 ἀνθρώποις
1171 2126 1185 2141 ⁸
1217 2111 1446 2176 ειδότες
1479 2109 1569 2165 ὅτι
1603 2111 1713 2165 ἐάν
1734 2128 1825 2177 τις
1845 2110 2069 2178 ἄνθρω-

548 2131 645 2169 και
676 2131 785 2168 ουκ
816 2131 1152 2181 ανυρωποις
1171 2131 1185 2141 ·
1217 2131 1446 2176 ειοοτες
1479 2131 1569 2165 οτι
1603 2131 1713 2165 εαν
1734 2131 1825 2177 τις
1845 2131 2069 2178 ανυρω-

545 2199 657 2251 πος
688 2182 918 2251 ποιήσῃ
955 2183 1204 2252 ἀγαθὸν,
1239 2182 1417 2235 τοῦτο
1450 2182 1738 2251 κομιεῖται
1770 2181 1930 2250 παρὰ
1962 2178 2070 2235 τοῦ

543 2256 787 2325 Κυρίου,
810 2255 932 2308 εἴτε
967 2255 1212 2320 δοῦλος,
1244 2252 1366 2306 εἴτε
1393 2252 1732 2322 ἐλεύθερος.

541 2406 610 2454 α’.
638 2400 804 2453 Ὥστε
829 2399 930 2454 οὑκ
957 2399 1097 2473 ἀνὴρ
1131 2399 1313 2470 μόνον,
1350 2397 1476 2453 οὔτε
1506 2399 1668 2470 γυνὴ,
1694 2397 1820 2453 οὔτε
1854 2397 2066 2465 παιδία,

463 2487 605 2541 ἀλλά
637 2488 733 2540 καὶ
784 2487 1018 2542 οἰκετῶν
1050 2488 1223 2557 ἀρετὴ
1273 2487 1519 2542 συντελεῖ
1551 2489 1632 2550 εἰς
1674 2487 1937 2539 σύστασιν
1970 2485 2067 2538 καὶ

465 2575 770 2647 πρόστασιν
823 2575 1027 2630 οἰκίας.
1083 2574 1186 2629 Διά
1237 2573 1398 2629 τοῦτο
1446 2577 1474 2629 6
1532 2575 1805 2646 μακάριος
1853 2572 2069 2637 Παῦλος

461 2665 788 2719 οὑδὲτούτου
803 2663 895 2713 τοῦ
915 2663 1118 2730 μέρους
1143 2664 1418 2736 ἠμέλησεν
1444 2677 1459 2692 ⁸
1519 2652 1636 2716 ἀλλ’
1685 2663 1907 2734 ἔρχεται
1967 2662 2066 2732 μὲν

462 2753 695 2824 ἔσχατον
724 2755 812 2805 ἐπ’
841 2751 996 2816 αὑτὸ,
1029 2751 1218 2824 ἐπειδὴ
1239 2753 1333 2806 καὶ
1353 2751 1582 2823 ἔσχατον
1606 2753 1786 2804 κεῖται
1806 2748 1885 2821 τῷ
1903 2749 2068 2814 ἀξιὼ-

466 2859 620 2912 ματι.
660 2841 841 2896 Πολλά
869 2842 926 2895 δὲ
967 2841 1061 2895 καὶ
1092 2841 1230 2912 πρὸς
1268 2842 1467 2905 αὑτοὺς
1501 2840 1834 2909 διαλέγεται,
1875 2839 2064 2894 οὐκέτι

459 2931 540 2994 ὡς
587 2933 700 2994 τοῖς
749 2931 961 2995 παισὶν,
1008 2929 1148 2984 ἀλλά
1193 2931 1374 3000 πολλῷ
1424 2929 1797 3000 τελειότερον’
1844 2930 1904 2983 οὑ
1951 2928 2060 3000 γὰρ

459 3018 704 3074 ἐνταῦθα
738 3019 955 3073 δίδωσιν
993 3019 1178 3083 αὑτοῖς
1211 3022 1311 3089 τὴν
1356 3020 1652 3091 ὑπόσχεσιν
1674 3059 1689 3083 ,
1728 3018 1841 3072 ἀλλ’
1878 3019 1935 3072 ἐν
1982 3017 2062 3090 τῷ

408 3165 432 3187 I
460 3107 738 3176 μέλλοντι.
790 3105 1058 3173 Εἰδότες,
1106 3107 1306 3179 φησὶν,
1356 3108 1444 3161 ὅτι
1483 3107 1515 3161 δ
1560 3107 1670 3161 ἐάν
1701 3124 1756 3161 τι
1801 3106 2063 3174 ἕκαστος

460 3194 690 3265 ποιήσῃ
715 3195 946 3265 ἀγαθὸν
965 3194 1004 3263 ἢ
1023 3195 1234 3260 κακὸν,
1263 3195 1442 3250 τοῦτο
1466 3195 1754 3264 κομιεῖται
1777 3195 1938 3265 παρὰ
1955 3193 2064 3249 τοῦ

461 3285 708 3353 Κυρίου.
762 3284 872 3338 Καὶ
920 3283 1236 3354 φιλοσοφεῖν
1270 3284 1371 3355 ἤδη
1413 3284 1678 3338 διδάσκει.
1710 3285 1774 3338 Εἰ
1821 3282 1932 3353 γὰρ
1967 3283 2064 3336 καὶ⁵

458 3371 539 3442 τῷ
589 3372 864 3443 ἀξιώματι
904 3373 1013 3427 τῶν
1059 3372 1270 3426 παίδων
1315 3373 1458 3426 εἰσὶν
1497 3373 1774 3437 ἐλάττους,
1808 3371 1948 3426 ἀλλά
1985 3370 2063 3442 τῷ

457 3461 775 3533 φρονήματι
815 3461 1058 3532 μείζους.
1107 3463 1173 3514 Οί
1212 3460 1445 3525 δοῦλοι,
1490 3461 1692 3531 φησὶν,
1723 3461 2063 3515 ὑπακούετε

355 3555 364 3560 “
456 3549 586 3616 τοῖς
615 3551 849 3619 κυρίοις
880 3551 1031 3605 κατὰ
1059 3549 1280 3618 σάρκα.
1310 3550 1528 3613 Εὐθέως
1552 3547 1654 3618 τὴν
1676 3547 2062 3620 λελυπημένην

456 3639 728 3709 ἀνέστησε
763 3639 966 3711 ψυχὴν,
1002 3638 1207 3701 εὐθέως
1247 3638 1696 3710 παρεμυθήσατο.
1737 3634 1830 3710 Μὴ
1879 3637 2058 3706 ἄλγει,

455 3731 649 3799 φησὶν,
678 3731 759 3784 ὅτι
786 3730 1009 3785 ἔλαττον
1040 3731 1186 3802 ἔχεις
1226 3731 1320 3785 καὶ
1358 3730 1459 3800 τῆς
1491 3730 1772 3798 γυναικὸς,
1814 3731 1909 3783 καί
1950 3729 2061 3782 τῶν

457 3818 666 3873 παίδων
687 3835 700 3849 ο
731 3820 903 3889 ὄνομα
932 3818 1182 3884 δουλείας
1219 3819 1339 3872 ἐστὶ
1370 3819 1532 3888 μόνον
1552 3834 1564 3847 ⁸
1603 3818 1744 3872 κατὰ
1793 3817 1974 3889 σάρκα
2001 3819 2058 3870 έ-

458 3907 577 3961 στὶν
601 3909 634 3977 ἡ
668 3907 977 3974 δεσποτεία,
1013 3909 1350 3980 πρόσκαιρος
1377 3906 1471 3960 καὶ
1500 3906 1749 3977 βραχεῖαο
1785 3907 1924 3977 ὅπερ
1949 3905 2058 3978 γὰρ

454 3995 526 4048 ἂν
561 3990 595 4068 ἧ
637 3996 940 4065 σαρκικὸν,
978 3995 1248 4067 ἐπίκηρόν
1277 3997 1414 4048 ἐστι.
1441 3993 1606 4049 Μετὰ
1649 3996 1862 4064 φόϐου,
1901 3995 2054 4066 φησὶ,

451 4099 558 4136 και
587 4073 833 4152 τρόμου.
887 4084 1051 4156 ὐρᾷς
1093 4085 1176 4138 δτι
1223 4084 1285 4136 οὐ
1328 4082 1420 4137 τὸν
1454 4082 1620 4136 αὑτὸν
1647 4083 1871 4136 ἀπαιτεῖ
1904 4080 2058 4153 παρά

451 4170 714 4238 γυναικὸς
759 4174 854 4226 καὶ
890 4172 1096 4226 δούλων
1134 4171 1332 4240 φόϐον;
1387 4171 1535 4224 Ἐκεῖ
1575 4173 1674 4242 μὲν
1714 4171 1823 4243 γὰρ
1868 4172 2056 4237 ἁπλῶς

450 4255 630 4311 εἶπενο
670 4257 739 4315 Ἡ
776 4258 846 4312 δὲ
893 4260 1070 4329 γυνὴ,
1119 4259 1222 4312 ἵνα
1262 4258 1521 4328 φοϐῆται
1562 4258 1671 4312 τὸν
1707 4258 1932 4328 ἅνδρα“
1961 4263 2049 4314 ἐν-

450 4345 628 4400 ταῦθα
673 4347 731 4400 δὲ
785 4349 900 4419 μετ’
939 4350 1265 4412 ἐπιτάσεως,
1314 4345 1478 4402 Μετὰ
1508 4349 1722 4415 φόϐου,
1759 4350 1916 4420 φησὶ,
1952 4348 2053 4404 καί

449 4439 692 4507 τρόμου.
746 4438 850 4491 Ἐν
881 4439 1174 4505 ἁπλότητι
1212 4436 1322 4506 τῆς
1351 4436 1601 4506 καρδίας
1623 4438 1816 4508 ὑμῶν,
1856 4439 1938 4506 ὡς
1973 4439 2054 4506 τῷ

447 4523 708 4592 Χριστῷ.
739 4524 989 4596 Συνεχῶς
1014 4525 1173 4579 τοῦτό
1205 4543 1358 4595 φησι.
1398 4525 1464 4577 Τί
1500 4526 1703 4594 λέγεις,
1737 4520 1782 4581 ὦ
1816 4528 2053 4600 μακάριε

451 4613 668 4681 Ιιαῦλε;
707 4615 936 4683 ἀδελφός
968 4617 1107 4678 ἐστι,
1139 4614 1247 4668 τῶν
1289 4614 1471 4668 αὐτῶν
1509 4615 1840 4682 ἀπέλαυσεν,
1878 4619 1959 4680 εἰς
1991 4617 2053 4670 τὸ

445 4704 582 4756 αὑτὸ
607 4703 769 4774 σῶμα
806 4703 954 4756 τελεῖ
977 4722 988 4735 ο
1029 4704 1233 4774 μᾶλλον
1264 4703 1320 4757 δέ
1351 4703 1582 4774 ἀδελφὸς
1609 4705 1829 4774 ἐγένετο
1857 4706 1918 4759 οὑ
1957 4705 2051 4760 τοῦ

448 4793 640 4863 κυρίου
671 4794 767 4846 τοῦ
795 4791 1016 4861 ἑαυτοῦ,
1042 4792 1179 4846 ἀλλά
1211 4794 1304 4846 καὶ
1331 4791 1425 4846 τοῦ
1472 4793 1595 4846 Υἰοῦ
1624 4793 1717 4847 τοῦ
1746 4794 1905 4857 Θεοῦ,
1942 4794 2052 4848 τῶν

446 4879 634 4934 αὑτῶν
679 4878 948 4933 ἀπολαύει
992 4884 1242 4942 πάντων,
1286 4879 1379 4933 καὶ
1423 4880 1635 4950 λέγεις,
1683 4881 2052 4937 ’Υπακούετε

446 4967 574 5034 τοῖς
607 4967 762 5023 κατὰ
789 4967 993 5037 σάρκα
1025 4969 1254 5038 κυρίοις
1276 4968 1429 5038 μετὰ
1454 4971 1644 5039 φόϐου
1673 4971 1771 5024 καί
1795 4974 2050 5041 τρόμου;

444 5057 548 5112 Διά
583 5057 693 5130 γὰρ
728 5057 1098 5130 τοῦτομφησὶ,
1137 5058 1296 5130 φημί.
1348 5059 1408 5113 Εἰ
1435 5059 1544 5131 γὰρ
1576 5059 1706 5123 τοὺς
1729 5059 2051 5134 ἐλευθέρους

444 5146 699 5216 ἀλλήλοις
733 5146 1137 5200 ὑποτάσσεσθαι
1178 5147 1386 5200 κελεύω
1417 5147 1504 5201 διά
1533 5147 1625 5201 τὸν
1657 5147 1752 5200 τοῦ
1783 5148 1918 5201 Θεοῦ
1955 5149 2051 5218 φό-

444 5234 572 5296 ϐον,
628 5233 887 5305 καθάπερ
933 5236 1194 5306 ἀνωτέρω
1239 5235 1454 5304 ἔλεγεν·
1529 5235 2050 5307 ’Υποτασσόμενοι

442 5323 745 5392 ἀλλήλοις
777 5324 846 5377 ἐν
875 5326 1037 5393 φόϐῳ
1066 5325 1215 5379 Θεοῦ
1241 5341 1252 5353 ·
1285 5327 1334 5378 εἰ
1362 5326 1472 5397 γὰρ
1495 5326 1596 5395 τὴν
1623 5329 1856 5394 γυναῖκα
1878 5344 2042 5398 προσ-

443 5413 632 5466 τάσσω
676 5412 966 5482 φοϐεῖσθαι
995 5415 1086 5467 τὸν
1125 5413 1315 5484 ἄνδρα,
1348 5415 1528 5467 καίτοι
1556 5413 1694 5485 αῦτη
1739 5415 1833 5469 καὶ
1863 5417 2046 5486 ὁμότι-

445 5502 547 5570 μός
573 5503 690 5555 ἐστι
715 5518 727 5530 ’
762 5501 944 5572 πολλῷ
979 5503 1180 5573 μᾶλλον
1207 5503 1298 5556 τὸν
1321 5503 1561 5572 οἰκέτην.
1600 5505 1673 5556 Οὑ
1708 5504 1818 5575 γάρ
1849 5506 2046 5575 δυσγέ-

441 5607 563 5643 νεια
603 5590 664 5644 τὸ
699 5591 940 5662 πρᾶγμά
988 5594 1174 5656 ἐστιν,
1210 5591 1326 5644 ἀλλ’
1368 5594 1401 5663 ἡ
1448 5593 1640 5662 πρώτη
1680 5593 1956 5662 εὐγένεια,
1986 5595 2048 5648 τὸ

439 5678 642 5733 εἰδέναι
673 5680 1055 5746 ἐλαττοῦσθαι,
1090 5681 1186 5734 καὶ
1209 5679 1358 5752 [166]
1391 5681 1729 5752 μετριάζειν,
1760 5683 1855 5736 καὶ
1878 5684 2047 5737 εἴκειν

439 5767 520 5837 τῷ
554 5768 805 5840 πλησίον.
845 5769 957 5822 Καὶ
1001 5769 1280 5840 ἐλεύθεροι
1319 5769 1626 5840 ἐλευθέροις
1664 5769 1803 5841 μετά
1847 5770 2044 5826 πολλοῦ

440 5856 611 5924 φόϐου
646 5859 741 5936 καὶ
770 5857 976 5927 τρόμου
1006 5858 1312 5912 ἐδούλευον.
1355 5859 1453 5911 Ἑν
1496 5860 1791 5928 ἁπλότητι
1813 5899 1827 5924 ,
1875 5861 2041 5930 φησὶ,

437 5945 712 6013 καρδίας.
751 5945 948 6011 Καλῶς
981 5943 1135 6002 εἶπεν
1161 5965 1172 5979 ν
1227 5945 1416 6019 ἐπειδὴ
1448 5945 1526 6001 ἔνι
1574 5948 1713 6016 μετά
1746 5948 1914 6015 φόϐου
1949 5948 2044 6002 καὶ

2175 1686 2384 1760 τρόμου
2407 1680 2701 1754 δουλεύειν,
2732 1683 2832 1744 οὑκ
2857 1687 2917 1754 ἐξ
2946 1686 3164 1750 εὐνοίας
3192 1686 3272 1753 δὲ,
3303 1687 3422 1742 ἀλλ’
3452 1688 3527 1753 ὡς
3557 1686 3624 1742 ἂν
3653 1686 3772 1757 ἐξῇ,

2175 1777 2519 1833 Λανθάνουσι
2571 1780 2680 1854 γὰρ
2717 1779 2906 1834 πολλοὶ
2945 1778 3118 1833 πολλά
3163 1778 3604 1850 κακουργοῦντες
3649 1778 3776 1850 περὶ

2171 1865 2301 1928 τοὺς
2329 1865 2598 1931 δεσπότας
2625 1869 2753 1930 τοὺς
2778 1866 2981 1922 αὐτῶν.
3017 1868 3127 1921 Καὶ
3152 1866 3356 1939 ταύτην
3397 1867 3529 1936 γοῦν
3561 1868 3778 1936 ἀναιρεῖ

2172 1952 2270 2024 τὴν
2297 1955 2656 2028 κακουργίαν,
2685 1955 2883 2026 λέγων·
2929 1957 3031 2010 Ἐν
3057 1956 3351 2025 ἁπλότητι
3385 1956 3499 2024 τῆς
3528 1953 3777 2024 καρδίας

2171 2039 2373 2111 ὑμῶν,
2404 2043 2487 2109 ὠς
2526 2043 2608 2109 τῷ
2644 2045 2863 2114 Κυρίῳ.
2891 2042 2990 2112 Μὴ
3038 2043 3168 2097 κατ’
3209 2041 3777 2112 ὀφθαλμοδουλείαν

2170 2128 2252 2195 ὡς
2285 2131 2798 2199 ἀνθρωπάρεσκοι,
2823 2131 2960 2187 ἀλλ’
2991 2132 3072 2199 ὠς
3099 2130 3311 2186 δοῦλοι
3346 2131 3452 2186 τοῦ
3491 2130 3771 2201 Χριστοῦ,

2171 2217 2490 2286 ποιοῦντες
2533 2219 2600 2273 τὸ
2650 2219 2882 2290 θέλημα
2927 2219 3034 2275 τοῦ
3077 2220 3226 2275 Θεοῦ
3256 2220 3325 2273 ἐκ
3355 2220 3597 2290 ψυχῆς,
3643 2220 3773 2288 μετ’

2170 2307 2416 2374 εὐνοίας
2453 2307 2874 2374 δουλεύοντες,
2921 2309 3003 2373 ὡς
3029 2306 3110 2372 τῷ
3141 2308 3358 2376 Κιρίῳ,
3389 2307 3492 2364 καὶ
3528 2308 3638 2361 οὐκ
3672 2306 3776 2361 ἀν-

2171 2393 2448 2463 θρώποις.
2509 2397 2674 2468 Ὁρᾷς
2715 2396 2902 2450 πόσων
2947 2395 3178 2468 ἐδεήθη,
3223 2393 3366 2450 ὥστε
3396 2394 3557 2449 τοῦτο
3599 2396 3775 2467 ἐμφυ-

2167 2481 2437 2536 τεῦσαιτὸ
2458 2483 2642 2550 καλὸν,
2672 2484 2752 2549 τὸ,
2774 2483 3199 2549 Μετέύνοίας,
3231 2483 3400 2552 λέγω,
3429 2483 3526 2537 καὶ
3557 2483 3626 2536 ἐκ
3656 2485 3775 2552 ψυ-

2168 2570 2324 2641 χῆς;
2362 2571 2572 2626 Ἐκεῖνο
2593 2573 2691 2644 μὲν
2713 2572 2826 2645 γὰρ
2847 2573 3078 2636 πολλοὺς
3100 2571 3321 2644 ὁρῶμεν
3343 2574 3456 2635 τοῖς
3479 2572 3772 2637 δεσπόταις

2171 2660 2533 2731 παρέχοντας,
2563 2661 2625 2714 τὸ
2651 2659 2759 2716 τοῦ
2783 2661 2974 2732 φόϐου
3005 2661 3105 2714 καί
3133 2660 3196 2713 τὸ
3222 2659 3329 2714 τοῦ
3356 2661 3579 2729 τρόμου
3603 2659 3769 2728 λέγω,

2168 2751 2262 2804 καὶ
2289 2750 2424 2819 πρὸς
2454 2752 2630 2804 ἐκεῖνο
2660 2754 2692 2823 ή
2720 2753 2815 2805 τοῦ
2837 2748 3114 2804 Δεσπότου
3137 2749 3337 2820 ἀπειλὴ
3370 2749 3543 2804 πολλά
3571 2750 3727 2804 ἀνύει
3754 2767 3769 2780 ’

2167 2836 2332 2893 Ἀλλά
2360 2839 2554 2908 δεῖξον,
2585 2841 2772 2912 φησὶν,
2793 2842 2876 2895 ὅτι
2895 2842 2969 2904 ὡς
2987 2837 3228 2912 Χριστοῦ
3258 2838 3444 2902 δοῦ).ος
3471 2838 3770 2904 δουλεύεις,

2167 2930 2266 3001 οὑχ
2289 2930 2365 2994 ὼς
2401 2931 2694 3003 ἀνθρώπου
2715 2946 2729 2959 ⁸
2761 2931 2992 3002 ποίησον
3024 2926 3164 2983 εἶναι
3195 2928 3285 2983 σὺν
3317 2929 3380 2982 τὸ
3413 2929 3768 3001 κατόρθωμα.

2171 3017 2248 3090 μὴ
2276 3019 2376 3089 τῆς
2404 3020 2672 3090 ἀνάγκης.
2701 3020 2914 3091 Ὥσπερ
2943 3019 3036 3072 τὸν
3073 3017 3206 3090 παρ’
3239 3017 3430 3088 ἐτέρου
3452 3017 3640 3082 κακῶς
3664 3019 3772 3073 πά-

2169 3124 2366 3177 σχοντα
2395 3107 2573 3162 πείθει
2603 3110 2699 3161 καὶ
2727 3108 2968 3162 διδάσκει
2989 3103 3078 3160 διὰ
3108 3106 3216 3160 τῶν
3240 3106 3390 3178 ἐξῆς,
3418 3104 3584 3161 αὑτοῦ
3614 3106 3771 3177 ποιῆ-

2169 3213 2260 3250 σαι
2286 3196 2346 3249 τὸ
2377 3195 2715 3270 κατόρθωμα
2746 3196 2839 3250 καὶ
2868 3199 2967 3268 τῆς
2990 3195 3156 3250 αὑτοῦ
3182 3193 3597 3268 προαιρέσεως]
3628 3195 3781 3249 οὔτε)

2166 3286 2263 3339 καὶ
2284 3286 2496 3341 τοῦτον.
2550 3285 2771 3357 Ἐπειδὴ
2806 3285 2917 3357 γὰρ
2956 3285 2984 3337 ὁ
3021 3283 3229 3355 πλήξας
3253 3284 3354 3355 τὴν
3385 3283 3635 3360 σιαγόνα,
3671 3285 3773 3339 οὑκ

2166 3372 2276 3426 ἀπὸ
2303 3373 2404 3443 τῆς
2432 3373 2672 3436 διανοίας
2701 3374 2800 3444 τῆς
2825 3372 2918 3426 τοῦ
2955 3371 3256 3442 πληγέντος
3283 3373 3364 3435 εἰς
3389 3371 3551 3424 τοῦτο
3576 3367 3767 3443 ἦλθεν,

2164 3459 2280 3514 ἀλλ’
2305 3461 2414 3514 ἀπὸ
2434 3462 2534 3532 τῆς
2556 3460 2768 3524 οἰκείας
2785 3461 3004 3524 κακίας,
3031 3460 3084 3513 τί
3107 3477 3275 3531 φησι;
3301 3456 3579 3530 Στρέψον
3609 3461 3772 3528 αὐτῷ

2163 3549 2264 3603 καὶ
2303 3550 2420 3619 τὴν
2447 3551 2668 3620 ἄλλην,
2698 3550 2786 3604 ἵνα
2809 3549 2991 3623 δείξῃς
3023 3551 3106 3604 ὅτι
3133 3551 3230 3604 καί¹
3253 3550 3460 3622 ταύτην
3488 3551 3589 3604 οὑκ
3619 3550 3772 3608 ἄκων

2165 3635 2431 3708 ὑπέστης.
2479 3638 2538 3692 '0
2573 3638 2683 3710 γὰρ
2716 3637 3393 3710 ἐπιδαψιλευσάμενος,τῷ
3438 3640 3634 3694 παθεῖν
3665 3658 3770 3697 κα-

2162 3727 2297 3795 κῶς,
2340 3727 2435 3780 καὶ
2486 3727 2624 3797 ὅπερ
2660 3726 2763 3780 οὑκ
2803 3721 2872 3798 ἦν
2915 3727 3102 3792 αὑτοῦ,
3145 3727 3406 3799 ἐποίησεν
3451 3727 3650 3783 ἑαυτοῦ
3689 3730 3770 3801 τῷ

2163 3815 2504 3888 ραπισθῆναι
2555 3815 2651 3881 καὶ
2691 3813 2791 3885 τὴν
2830 3813 3000 3885 ἄλλην
3041 3813 3304 3883 σιαγόνα,
3362 3816 3437 3889 μὴ
3480 3817 3558 3889 τῷ
3605 3817 3769 3888 μόνον
3815 3853 3822 3856 -

2161 3907 2429 3973 ἐνεγκεῖν.
2459 3904 2632 3957 Τοῦτο
2653 3903 2752 3973 μὲν
2787 3902 2896 3974 γάρ
2922 3903 3053 3967 ίσως
3103 3901 3244 3969 δόξει
3271 3905 3365 3959 καὶ
3386 3905 3554 3975 φόϐου
3586 3903 3726 3961 εἶναι
3751 3924 3766 3939 ο

2161 3997 2340 4048 ἐκεῖνο
2377 3993 2434 4047 δὲ
2473 3993 2796 4064 φιλοσοφίας
2845 3992 3069 4065 πολλῆς.
3129 3993 3344 4048 Οὐκοῦν
3389 3993 3638 4062 ἔδειξας,
3683 3997 3767 4050 ὅτι

2161 4083 2257 4137 καὶ
2301 4081 2463 4135 τοῦτο
2508 4081 2597 4136 διὰ
2649 4081 2971 4150 φιλοσοφίαν
3007 4081 3268 4152 ἤνεγκας.
3306 4083 3474 4136 Ὥστε
3522 4085 3620 4139 καὶ
3672 4085 3768 4139 νῦν

2161 4169 2334 4237 δεῖξον
2362 4168 2620 4232 ἐνταῦθα,
2642 4169 2724 4222 ὅτι
2746 4170 2841 4222 καὶ
2859 4169 3064 4240 ταύτην
3087 4170 3271 4223 ἐκοντὶ
3301 4189 3492 4244 φερεις
3522 4173 3620 4244 τὴν
3645 4173 3767 4230 δου-

2160 4259 2334 4324 λείαν,
2365 4258 2460 4312 ua}.
2490 4259 2588 4328 οὐχ
2621 4257 2698 4321 ὡς
2730 4256 3216 4330 ἀνθρωπάρεσκος.
3262 4257 3320 4312 '0
3353 4260 3462 4330 ἄρα
3493 4260 3763 4328 τοιοῦτος,

2157 4350 2219 4403 οὑ
2242 4348 2428 4410 δοῦλος
2447 4347 2542 4401 τοῦ
2578 4345 2817 4422 Χριστοῦ
2843 4365 2855 4376 ·
2885 4350 2913 4402 ὀ
2942 4347 2998 4400 δὲ
3024 4347 3211 4412 δοῦ).ος
3244 4347 3339 4401 τοῦ
3371 4348 3634 4422 Χριστοῦ,
3661 4351 3756 4404 οὑι

2157 4437 2644 4509 ἀνθρωπάρεσκος.
2675 4434 2772 4499 Τίς
2797 4433 2908 4506 γὰρ
2938 4435 3074 4489 Θεοῦ
3105 4435 3291 4500 δοῦλος
3315 4435 3412 4500 ὢν,
3445 4435 3754 4510 ἀνθρώποις

2156 4525 2415 4595 ἀρέσκειν
2453 4522 2741 4594 βούλεται;
2779 4524 2862 4586 τίς
2889 4523 2946 4576 δὲ
2973 4523 3284 4596 ἀνθρώποις
3311 4525 3585 4597 ἀρέσκων,
3621 4525 3761 4584 Θεοῆ

2155 4610 2379 4667 δύναται
2400 4607 2540 4667 εἶναι
2558 4611 2745 4675 δοῦλος
2766 4630 2781 4680 ;
2814 4612 2916 4666 Ἐκ
2939 4611 3173 4682 ψυχῆς,
3196 4615 3352 4686 φησι,
3369 4616 3500 4684 μετ’
3516 4616 3756 4682 εὐνοία(

2154 4701 2578 4768 δουλεύοντες.
2608 4699 2809 4765 Καλῶς
2845 4699 3021 4764 οὕτως
3060 4697 3214 4754 εἶπεν
3240 4718 3253 4732 ν
3291 4702 3480 4773 ἐπειδὴ
3527 4701 3639 4774 γὰρ
3678 4703 3762 4760 ἔνι

2155 4791 2247 4845 καὶ
2279 4793 2338 4846 ἐν
2369 4791 2632 4864 ἁπλότητι
2663 4789 2958 4858 δουλεύειν,
3000 4791 3094 4845 καὶ
3124 4792 3199 4864 μὴ
3256 4791 3586 4862 κακούργως
3606 4831 3620 4856 ,
3681 4793 3757 4863 μὴ

2158 4878 2265 4950 μὴν
2307 4880 2458 4952 πάσῃ
2493 4879 2744 4950 δυνάμει,
2777 4879 2914 4934 ἀλλά
2940 4880 3000 4934 τὺ
3026 4881 3380 4952 ὀφειλόμενον
3420 4879 3580 4950 μόνον
3615 4881 3760 4952 πλη-

2158 4968 2305 5040 ροῦν,
2329 4967 2417 5022 διά
2434 4966 2594 5022 τοῦτό
2626 4986 2812 5040 φησιν,
2840 4969 2950 5024 ἀπὸ
2975 4969 3310 5040 προθυμίας,
3340 4967 3416 5040 μὴ
3443 4968 3550 5021 ἀπὸ
3581 4969 3758 5038 ἀνάγ-

2154 5076 2278 5127 κης,
2308 5057 2418 5112 ἀπὸ
2457 5058 2852 5131 προαιρέσεως,
2888 5061 2963 5132 μὴ
2994 5060 3102 5114 ἀπὸ
3133 5059 3274 5129 βίας.
3313 5061 3412 5114 Ἂν
3450 5058 3594 5115 οὕτω
3629 5060 3757 5114 δου-

2150 5147 2374 5218 λεύσῃς,
2405 5147 2506 5200 οὑκ
2549 5143 2601 5200 εί
2628 5148 2839 5212 δοῦλος,
2875 5147 2942 5202 ἂν
2985 5151 3051 5202 ἐκ
3091 5150 3492 5220 προαιρέσεως,
3530 5145 3599 5203 ἂν
3633 5151 3754 5218 μετ’

2152 5235 2386 5300 εὑνοίας,
2429 5235 2496 5289 ἂν
2530 5235 2639 5288 ἀπὸ
2666 5235 2865 5306 ψυχῆς,
2897 5235 2964 5290 ἂν
3003 5237 3094 5292 διὰ
3123 5239 3215 5292 τὸν
3241 5237 3500 5310 Χριστόν.
3534 5235 3754 5307 Ταύτην

2151 5323 2258 5393 γάρ
2298 5321 2394 5393 τὴν
2420 5322 2663 5376 δουλείαν
2703 5324 2798 5378 καὶ
2836 5323 3047 5389 Παῦλος
3082 5325 3328 5379 δουλεύει
3384 5328 3412 5379 6
3442 5325 3748 5396 ἐλεύθερος,

2153 5414 2246 5467 καὶ
2269 5412 2369 5484 βοᾷ
2394 5412 2568 5480 λέγων
2588 5429 2601 5443 ·
2633 5415 2716 5468 Οὐ
2749 5415 2857 5484 γὰρ
2878 5414 3133 5481 ἑαυτοὺς
3155 5417 3570 5485 κηρύσσομεν,
3591 5416 3754 5471 ἀλλὰ

2150 5501 2410 5572 Χριστὸν
2471 5501 2709 5568 Ἰησοῦν
2755 5504 3011 5571 Κύριον,
3064 5503 3324 5571 ἑαυτοὺς
3360 5504 3431 5557 δὲ
3485 5504 3746 5573 δούλους

2147 5591 2319 5660 ὑμῶν
2349 5589 2448 5643 διὰ
2491 5591 2745 5658 Ἰησοῦν.
3097 5625 3100 5628 ‹

2221 5679 2252 5748 β
2273 5680 2436 5750 ,Ὅρα
2459 5678 2575 5741 πῶς
2599 5679 2916 5748 ἀφαιρεῖταί
2937 5696 3028 5733 σου
3048 5677 3148 5751 τὴν
3166 5679 3484 5748 δυσγένειαν
3511 5678 3608 5748 τῆς
3631 5678 3744 5730 δουη

2145 5770 2314 5831 λείας.
2360 5769 2573 5838 Ὥσπερ
2599 5772 2708 5840 γὰρ
2740 5772 2768 5823 6
2807 5770 3070 5841 χρήματα
3121 5769 3504 5840 ἀφῃρημένος,
3553 5768 3620 5822 ἂν
3652 5767 3741 5820 καῖ

2145 5857 2308 5928 ἕτερα
2343 5855 2560 5929 προσδῷ
2599 5858 2675 5929 τῷ
2705 5858 2944 5923 λαϐόντι,
2975 5857 3076 5910 οὑκ
3106 5859 3165 5910 ἐν
3198 5861 3310 5920 τοῖς
3337 5857 3741 5928 ἀφῃρημένοις.

2145 5946 2259 6000 ἀλλ’
2303 5947 2359 5999 ἐν
2407 5947 2516 6008 τοῖς
2548 5946 2854 6016 φιλοτίμοις
2885 5949 3083 6012 κεῖται,
3126 5945 3225 5999 οὑκ
3259 5947 3315 5999 ἐν
3363 5945 3474 6007 τοῖς
3510 5942 3738 5997 παθοῦσι
