4092 6492
421 476 525 534 157

420 593 575 650 tutis.
628 587 781 644 Sicut
833 581 977 639 enim
1025 580 1071 634 is
1095 618 1110 644 ,
1141 576 1225 632 cui
1273 583 1398 629 sunt
1442 571 1635 626 ablata:
1667 564 1907 636 pecunia:
1932 604 1948 629 ,
1978 561 2025 616 si

418 689 587 742 etiam
618 681 754 735 alias
783 674 997 732 dederit
1036 673 1087 726 ei
1132 669 1221 739 qui
1254 664 1504 728 abstulit,
1536 677 1642 717 non
1674 658 1906 715 refertur
1950 656 2031 708 in-

421 792 511 834 ter
557 792 653 841 eos
684 770 881 842 quibus
932 774 1014 820 est
1041 763 1317 825 ablatum,
1362 755 1456 810 sed
1501 753 1639 807 inter
1683 747 1937 803 liberales
1977 754 2033 842 et

422 835 774 938 magniﬁcos;
806 875 913 914 non
955 858 1094 910 inter
1119 867 1213 908 eos
1240 851 1329 919 qui
1368 847 1508 901 male
1534 852 1659 898 sunt
1688 839 1866 894 allecti
1892 878 1908 902 ,
1938 835 2031 890 sed

430 935 572 1016 inter
599 972 697 1012 eos
722 953 815 1024 qui
842 952 979 1005 bene
998 947 1201 1002 faciunt
1223 961 1237 1009 ;
1258 952 1311 997 et
1338 940 1457 1011 plus
1483 936 1662 1008 probri
1686 935 1738 988 in
1761 948 1880 987 eum
1905 945 2032 984 con-

427 1053 592 1125 gessit
620 1047 765 1119 quod
815 1043 1060 1108 donarit,
1109 1053 1270 1109 quam
1315 1033 1514 1104 probro
1545 1031 1659 1099 ipse
1700 1027 1770 1081 sit
1812 1024 2035 1125 affectus

429 1116 569 1217 quod
600 1116 703 1211 ipsi
742 1138 815 1194 sit
843 1135 1082 1191 ablatum
1110 1151 1122 1186 :
1155 1131 1226 1184 ita
1260 1129 1344 1182 hic
1387 1138 1599 1195 quoque
1622 1138 1689 1176 ex
1735 1116 2034 1174 abundanti

429 1212 742 1308 erogatione
790 1228 1075 1301 apparebit
1123 1224 1284 1280 etiam
1329 1216 1644 1275 excelsioris
1715 1212 1881 1267 animi
1910 1251 1924 1275 ,
1981 1217 2036 1263 et

430 1305 727 1388 ostendens
759 1324 903 1395 quod
932 1321 1175 1390 rapinam
1216 1332 1321 1369 non
1354 1312 1624 1375 senserit,
1655 1309 1801 1363 illum
1832 1305 2037 1375 pudore

428 1422 651 1478 afﬁciet.
683 1417 828 1486 Ergo
861 1421 1081 1484 propter
1110 1407 1386 1461 Christum
1431 1401 1730 1457 serviamus
1760 1395 1993 1451 dominis
2015 1434 2032 1461 ,

430 1515 681 1575 Scieutes,
720 1508 913 1577 inquit,
942 1501 1078 1569 quod
1102 1497 1444 1567 unusquisque
1465 1494 1599 1571 quod
1624 1490 1797 1560 fecerit
1823 1489 2032 1553 bonum,

432 1610 529 1663 hoc
572 1603 781 1673 recipiet
829 1618 859 1653 α
903 1596 1131 1651 Domino
1156 1636 1171 1654 ,
1204 1593 1306 1646 sive
1345 1604 1517 1643 servus
1546 1628 1560 1652 ,
1590 1586 1693 1639 sive
1719 1582 1868 1637 liber.
1900 1579 2033 1633 Nam

433 1671 687 1770 quoniam
717 1702 835 1749 erat
859 1686 1156 1745 verisimile
1198 1682 1396 1737 multos
1426 1679 1675 1734 dominos
1700 1717 1715 1743 ,
1760 1688 1882 1729 cum
1928 1671 2036 1725 sint

438 1793 716 1854 infideles,
747 1785 956 1858 pudore
995 1797 1101 1835 non
1129 1777 1306 1840 afﬁci;
1340 1788 1441 1828 nec
1481 1783 1669 1826 servos
1699 1779 2031 1822 remunerari

438 1896 661 1955 propter
687 1876 1094 1937 obedientiam;
1131 1870 1252 1925 vide
1296 1864 1566 1937 quomodo
1606 1876 1700 1917 eos
1746 1860 1816 1915 sit
1840 1871 2035 1913 conso-

444 1952 584 2033 latus
605 2019 620 2043 ,
651 1985 706 2029 ut
740 1980 1046 2040 suspectam
1092 1981 1197 2019 non
1228 1961 1465 2016 habeant
1491 1952 1987 2011 remunerationem
2014 1989 2031 2013 ,

446 2073 539 2128 sed
585 2040 735 2123 valde
763 2062 1039 2120 conﬁdant
1064 2058 1132 2114 de
1162 2050 1624 2123 compensatione.
1668 2045 1738 2101 Ut
1766 2043 1909 2099 enirn
1942 2040 2033 2110 qui

445 2162 704 2219 beneﬁcio
743 2157 1055 2212 afﬁciuntur
1080 2194 1094 2218 ,
1128 2148 1343 2219 quando
1373 2160 1478 2199 non
1526 2142 1767 2197 referunt
1806 2137 2032 2207 gratiam

438 2248 920 2313 benefactoribus,
952 2246 1031 2299 eis
1084 2243 1251 2296 Deum
1300 2237 1503 2291 faciunt
1550 2232 1848 2287 debitorem
1896 2244 1910 2280 :
1963 2227 2034 2280 ita

434 2346 597 2400 etiam
647 2341 893 2406 domini,
923 2338 968 2392 si
1012 2352 1040 2390 a
1076 2345 1128 2390 te
1170 2330 1434 2388 beneﬁcio
1478 2326 1654 2381 affecti
1687 2323 1780 2378 tibi
1807 2320 2032 2392 gratiam

438 2454 543 2491 non
574 2434 853 2498 referant,
885 2429 1056 2498 magis
1090 2426 1329 2480 referunt
1351 2464 1365 2488 ,
1411 2420 1503 2473 tibi
1534 2417 1833 2472 debitorem
1867 2413 2032 2466 Deum

433 2528 850 2584 constituentes.
876 2522 932 2576 9.
952 2520 1023 2575 Et
1038 2511 1575 2586 vos,domim,eadem
1601 2509 1751 2578 facite
1776 2506 1898 2559 illis.
1928 2502 2033 2556 Ea-

432 2621 550 2673 dem
571 2660 584 2682 ,
618 2612 914 2687 quaenam?
943 2611 1154 2667 Servite
1180 2622 1305 2662 cuin
1354 2599 1756 2661 benevolentia,
1802 2596 1896 2650 sed
1928 2611 2032 2648 non

435 2712 599 2772 dixit,
649 2708 870 2763 Servite
896 2746 911 2770 ,
943 2701 1154 2759 etiamsi
1208 2699 1428 2762 dicens,
1461 2693 1690 2755 Eadem,
1735 2691 1837 2744 hoc
1866 2688 2035 2757 signi-

439 2805 720 2860 ﬁcaverit:
754 2817 878 2856 nam
909 2798 1160 2854 dominus
1191 2807 1403 2863 quoque
1431 2784 1618 2843 servit.
1646 2785 1725 2839 Nc
1765 2793 2033 2851 tamquam

436 2897 718 2953 studentes
750 2894 967 2963 placere
998 2886 1310 2943 hominibus
1335 2926 1349 2949 ,
1376 2880 1575 2949 inquit,
1604 2893 1726 2932 cum
1760 2876 1953 2929 timore
1980 2883 2037 2928 et

440 2966 675 3044 tremore
696 3027 712 3053 ,
750 2987 802 3040 id
836 2993 953 3048 est,
984 2996 1110 3051 erga
1161 2979 1329 3033 Deum
1355 3018 1369 3042 ,
1414 2975 1665 3027 timentes
1697 2985 1763 3023 ne
1791 2968 1912 3037 quis
1940 2980 2036 3019 vos

438 3090 656 3136 accuset
714 3089 938 3148 prepter
998 3081 1231 3129 vestram
1286 3070 1336 3122 in
1394 3078 1581 3120 servos
1632 3059 2036 3132 negligentiam.

443 3172 771 3226 Remittentes
802 3169 991 3221 minus.
1021 3164 1139 3219 Non
1168 3157 1487 3231 importuni,
1522 3156 1693 3223 inquit
1720 3194 1733 3217 ,
1765 3161 1818 3206 et
1846 3161 2040 3218 graves

441 3276 635 3321 estote.
681 3261 912 3317 Scientes
945 3256 1078 3326 quod
1124 3262 1284 3306 vester
1331 3260 1376 3303 et
1422 3248 1629 3301 illorum
1667 3242 1919 3296 Dominus
1966 3246 2040 3293 est

441 3358 493 3408 in
522 3356 659 3409 cadis
682 3350 904 3423 (Matth.
935 3349 988 3401 7.
1013 3346 1067 3399 2.
1097 3355 1142 3399 et
1171 3344 1255 3398 18.
1286 3340 1400 3410 32).
1428 3339 1617 3406 Papai,
1645 3344 1900 3405 quantam
1924 3344 2040 3385 rem

440 3441 839 3501 subiudicavit!
872 3436 1147 3508 quomodo
1190 3430 1412 3487 terruit!
1450 3430 1561 3483 lloc
1591 3434 1673 3481 est
1700 3467 1713 3489 ,
1745 3424 1858 3491 Qua
1887 3436 2041 3475 men-

439 3553 568 3592 sura
597 3535 807 3590 metiris
832 3573 846 3596 ,
881 3530 1071 3586 eadem
1106 3527 1201 3581 tibi
1248 3523 1502 3579 reddetur
1531 3532 1804 3573 mensura.
1837 3513 1913 3568 Ne
1939 3527 2038 3565 au-

440 3631 559 3684 dias
585 3671 599 3694 ,
626 3627 784 3683 Serve
811 3640 1028 3692 nequam
1049 3663 1065 3688 ,
1092 3635 1244 3675 omne
1286 3616 1418 3671 illud
1445 3614 1667 3667 debitum
1709 3610 1880 3663 remisi
1930 3605 2039 3660 tibi.

448 3724 512 3777 Et
546 3735 880 3792 personarum
906 3715 1131 3784 acceptio
1160 3728 1261 3766 non
1293 3722 1367 3764 est
1406 3707 1547 3778 apud
1572 3722 1710 3760 eum.
1742 3702 1820 3759 Ne
1849 3701 2041 3756 existi-

446 3832 560 3871 mes
582 3858 598 3882 ,
631 3814 805 3883 inquit
830 3854 844 3875 ,
874 3809 1017 3880 quod
1039 3824 1159 3877 qua:
1191 3807 1244 3859 in
1272 3818 1489 3859 servum
1521 3802 1688 3864 ﬁunt,
1725 3797 1963 3873 remittet
1988 3803 2046 3848 ut

446 3909 499 3963 in
530 3921 747 3961 servum
790 3903 950 3956 facta.
986 3899 1117 3953 Nam
1164 3907 1403 3951 externa:
1449 3892 1664 3963 quidem
1697 3891 1842 3960 leges
1869 3889 2047 3943 sciunt

448 4005 641 4055 horum
674 4011 936 4068 generum
967 3991 1326 4047 diﬁ'ereutiam
1349 4030 1364 4053 ,
1398 3996 1459 4041 ut
1488 4002 1608 4055 qua:
1634 3985 1744 4038 sint
1771 3983 1918 4053 leges
1944 3981 2044 4035 ho-

447 4095 649 4148 minum
682 4109 697 4145 :
729 4092 814 4146 lex
861 4098 1041 4143 autem
1079 4084 1288 4139 Domini
1318 4081 1623 4136 Communis
1670 4077 1867 4132 millam
1900 4076 2048 4130 novit

445 4184 829 4245 differentiam,
864 4190 923 4235 ut
947 4180 1037 4249 qui
1060 4175 1420 4233 communiter
1446 4172 1698 4227 omnibus
1722 4168 2042 4233 benefaciat,

446 4292 504 4334 et
531 4277 787 4334 omnibus
814 4273 1003 4329 eadem
1036 4269 1328 4338 impertiat.

522 4372 605 4425 Ea:
636 4377 843 4440 peccato
871 4367 1063 4434 factum
1103 4373 1157 4415 ut
1184 4361 1277 4414 alii
1303 4358 1412 4412 lteri
1436 4398 1450 4423 ,
1480 4356 1571 4409 alii
1600 4354 1731 4409 servi
1756 4363 1938 4408 essent.
1990 4351 2048 4408 Si

447 4465 569 4535 quis
593 4472 773 4518 autem
804 4470 957 4529 roget
985 4457 1251 4511 undenam
1292 4452 1561 4513 servitus,
1592 4458 1645 4503 et
1683 4464 1778 4502 cur
1806 4447 2048 4515 ingressa

447 4568 532 4613 est
554 4558 608 4610 in
635 4556 798 4609 vitam
824 4553 1112 4606 humanam
1139 4549 1275 4621 (scio
1317 4546 1459 4599 enim
1483 4541 1685 4597 multos
1724 4549 1777 4595 et
1799 4539 2047 4594 lubenter

450 4650 567 4703 hmc
584 4661 797 4717 rogare,
821 4653 875 4699 et
892 4644 1031 4697 velle
1052 4639 1285 4709 discere)
1305 4656 1318 4704 ;
1340 4652 1439 4707 ego
1461 4634 1613 4690 vobis
1638 4634 1833 4688 dicam.
1857 4633 2047 4686 Avari-

451 4742 525 4794 tia
553 4738 762 4810 peperit
782 4737 1118 4796 servitutem,
1138 4746 1345 4785 necnon
1367 4727 1561 4783 invidia
1581 4734 1634 4780 et
1655 4724 2048 4779 insatiabilitas.

451 4832 584 4888 Nam
615 4830 731 4885 Noe
785 4844 890 4883 non
923 4826 1107 4881 habuit
1134 4839 1349 4879 servum
1375 4865 1389 4888 ,
1436 4836 1611 4890 neque
1658 4819 1795 4873 Abel
1825 4860 1839 4883 ,
1874 4831 2050 4887 neque

450 4926 582 4980 Seth
606 4965 619 4991 ,
645 4938 743 4978 nec
773 4922 806 4976 ii
834 4920 927 4991 qui
954 4920 1170 4974 fuerunt
1205 4925 1408 4986 postea.
1438 4914 1721 4969 Peccatum
1769 4926 1887 4965 eam
1934 4924 2048 4964 rem

451 5019 697 5088 peperit,
728 5014 1052 5071 contumelia
1076 5014 1128 5067 in
1154 5019 1425 5082 parentes.
1452 5007 1685 5062 Audiant
1720 5006 1813 5059 lilii
1840 5019 1900 5059 se
1931 5018 2052 5059 esse

448 5114 644 5182 dignos
689 5109 779 5181 qui
812 5109 943 5162 ﬁant
982 5106 1124 5161 servi
1154 5148 1167 5170 ,
1201 5102 1417 5174 quando
1449 5102 1501 5155 in
1548 5108 1800 5169 parentes
1850 5090 2052 5152 fuerint

452 5207 672 5278 ingrati.
713 5204 816 5271 Qui
848 5212 931 5258 est
974 5199 1276 5271 ejusmodi,
1323 5197 1423 5252 sibi
1469 5195 1689 5249 abstulit
1716 5193 2053 5248 nobilitatem

449 5301 674 5373 generis
700 5317 713 5353 :
747 5313 870 5352 nam
900 5297 991 5366 qui
1018 5304 1227 5366 patrem
1251 5290 1579 5346 contumelia
1608 5287 1807 5351 afﬁcit,
1838 5303 1943 5342 non
1969 5297 2056 5345 est

452 5394 688 5465 amplius
722 5392 882 5445 ﬁlius.
931 5388 985 5444 Si
1019 5401 1150 5442 vero
1180 5386 1270 5455 qui
1320 5395 1526 5455 patrem
1561 5380 1884 5436 sontumelia
1931 5378 2040 5433 alli-

451 5489 548 5551 rit,
576 5501 683 5540 non
705 5494 788 5539 est
812 5483 986 5547 ﬁlius;
1012 5483 1102 5551 qui
1125 5475 1455 5533 contumelia
1485 5474 1647 5528 allicit
1668 5488 1791 5528 eum
1814 5471 1906 5542 qui
1931 5486 2057 5527 vere

453 5590 537 5635 est
580 5586 737 5649 pater
782 5586 970 5629 noster
996 5615 1010 5638 ,
1044 5569 1316 5641 (plorando
1344 5568 1446 5621 erit
1476 5566 1654 5619 ﬁlius?
1704 5563 1977 5619 descendit
2027 5580 2055 5617 a

454 5671 673 5742 generis
698 5668 979 5723 nobilitate
998 5706 1013 5729 ,
1039 5674 1285 5719 naturam
1310 5659 1489 5714 aﬁecit
1521 5657 1866 5712 contumelia.
1903 5656 2060 5711 Dein-

454 5765 527 5820 de
552 5771 609 5819 et
636 5762 779 5817 bella
806 5769 860 5815 et
888 5758 1068 5830 praelia
1099 5762 1360 5825 ceperunt
1391 5751 1656 5821 captivos.
1693 5754 1761 5803 At
1788 5747 2056 5803 Abraham

458 5855 649 5913 habuit
700 5867 926 5919 servos,
970 5850 1162 5920 inquit.
1194 5846 1303 5903 Sed
1356 5861 1458 5899 non
1508 5859 1637 5898 usus
1663 5853 1746 5896 est
1777 5852 1832 5894 ut
1862 5841 2059 5896 servis.

463 5950 603 6005 Vide
652 5946 925 6020 quomodo
974 5942 1152 6000 omnia
1205 5940 1363 6009 capiti
1422 5948 1693 6007 tamquam
1747 5933 2062 6004 appeadens

1279 457 1344 514 IN
1384 454 1602 512 EPIST.
1644 451 1737 506 AD
1777 443 2018 505 EPHES.
2061 444 2215 501 CAP.
2265 448 2351 501 Vl.
2396 446 2626 503 HOMIL.
2671 446 2836 501 XXII.

3634 451 3734 505 158

2134 561 2353 630 adaptet
2380 582 2392 617 :
2424 579 2682 631 uxorem,
2713 563 2781 619 Ut
2808 578 2926 618 eam
2949 605 2964 630 ,
2997 564 3199 634 inquit,
3225 564 3443 635 diligat;
3475 565 3632 631 ﬁlios,
3664 567 3734 622 Ut

2136 667 2230 706 eos
2252 654 2488 708 enutriat
2515 656 2566 707 in
2590 654 2873 723 disciplina
2916 667 2971 709 et
3002 656 3371 710 admonitione
3399 657 3607 709 Domini
3635 673 3650 721 ;
3681 668 3735 712 et

2136 759 2340 810 servos,
2378 744 2609 800 Scientes
2654 746 2791 815 quod
2821 757 2983 800 vester
3031 761 3230 817 quoque
3278 746 3531 801 Dominus
3557 759 3629 801 est
3677 750 3733 801 in

2134 841 2293 894 cretis.
2329 839 2455 906 Sic,
2500 841 2708 910 inquit,
2742 856 2836 895 vos
2877 858 3126 911 quoque,
3165 852 3221 894 ut
3262 841 3353 911 qui
3396 841 3512 895 sitis
3540 842 3681 896 servi
3713 883 3727 907 ,

2133 930 2253 983 sitis
2272 930 2486 999 benigni
2506 941 2559 983 et
2581 931 2874 985 clementes
2892 942 2944 985 et
2965 932 3213 1001 propensi
3237 933 3302 985 ad
3326 932 3731 1000 ignoscendum.

2137 1020 2192 1075 Si
2224 1033 2403 1074 autem
2434 1022 2595 1075 vultis
2636 1021 2854 1086 audire,
2886 1022 3077 1075 eadem
3121 1023 3363 1076 dicemus
3403 1022 3471 1076 de
3514 1023 3686 1077 servis
3713 1064 3733 1091 ,

2136 1132 2255 1186 qua:
2280 1116 2428 1185 prius
2458 1115 2694 1170 diximus
2724 1116 2791 1168 de
2821 1113 2945 1170 ﬁliis
2971 1132 2983 1169 :
3034 1115 3231 1169 Docctc
3260 1129 3354 1169 eos
3385 1130 3507 1169 esse
3535 1116 3650 1184 pios
3680 1125 3735 1170 et

2135 1206 2454 1277 religiosos;
2481 1216 2536 1261 et
2561 1207 2782 1261 omnino
2809 1215 3113 1275 sequuntur
3140 1206 3343 1260 omnia.
3371 1205 3521 1259 Nune
3552 1217 3733 1261 autem

2135 1298 2441 1355 ascendens
2467 1299 2731 1370 quispiam
2760 1300 2811 1354 in
2848 1300 3119 1355 theatrum
3151 1342 3164 1365 ,
3196 1308 3246 1353 et
3293 1299 3495 1354 vadens
3524 1299 3590 1353 ad
3624 1300 3739 1353 bal-

2138 1406 2339 1458 neum,
2374 1408 2559 1446 secum
2620 1391 2786 1446 trahit
2835 1406 3024 1445 omnes
3077 1406 3311 1460 pueros;
3348 1408 3397 1444 In
3449 1392 3735 1445 ecclesiam

2136 1497 2316 1541 autem
2349 1501 2455 1540 non
2486 1487 2613 1540 item
2641 1527 2654 1549 ,
2690 1501 2868 1554 neque
2910 1485 3054 1555 cogit
3082 1500 3178 1539 eos
3206 1484 3396 1538 adesse
3443 1496 3495 1537 et
3524 1484 3732 1537 audire.

2138 1578 2419 1646 Quomodo
2441 1588 2621 1633 autem
2653 1579 2835 1633 audiet
2861 1593 3069 1643 servus,
3096 1594 3217 1631 cum
3251 1585 3305 1631 tu
3337 1577 3588 1632 dominus
3615 1577 3738 1632 aliis

2139 1670 2383 1723 animum
2416 1670 2715 1725 adhibeas?
2740 1670 2929 1724 Emisti
2958 1709 2973 1735 ,
2998 1668 3324 1738 comparasti
3356 1683 3567 1723 servum
3593 1668 3616 1720 ?
3641 1668 3738 1721 im-

2138 1776 2266 1831 pera
2296 1762 2343 1816 ei
2376 1778 2495 1832 qua:
2523 1778 2589 1817 ex
2617 1762 2729 1817 Deo
2760 1770 2885 1815 sunt
2906 1803 2921 1828 ,
2957 1772 3014 1815 ut
3045 1762 3116 1815 sit
3146 1762 3293 1815 mitis
3326 1761 3377 1814 in
3406 1775 3700 1815 conservos
3720 1802 3735 1827 ,

2139 1862 2196 1905 ut
2228 1852 2443 1907 virtutis
2477 1868 2727 1922 magnam
2758 1851 2953 1906 habeat
2984 1852 3268 1905 rationem.
3305 1849 3739 1922 Uniuscujusque

2136 1942 2331 1997 domus
2362 1952 2445 1998 est
2489 1942 2677 1997 civitas
2700 1984 2715 2008 ,
2749 1942 3119 2012 unusquisque
3146 1953 3229 1995 est
3258 1942 3511 2011 princeps
3554 1951 3607 1996 et
3651 1958 3737 1997 res

2136 2043 2253 2090 etor
2279 2050 2391 2091 suae
2430 2035 2643 2091 domus.
2692 2036 2762 2089 Et
2792 2034 2846 2090 id
2873 2035 3090 2105 quidem
3122 2044 3202 2089 est
3237 2034 3458 2089 evidens
3492 2035 3543 2088 in
3574 2035 3739 2089 domo

2136 2127 2359 2181 divitum
2381 2169 2396 2195 ,
2434 2127 2520 2181 ubi
2548 2137 2675 2181 sunt
2700 2136 2754 2181 et
2782 2127 2894 2197 agri
2926 2134 2979 2181 et
3008 2137 3386 2195 procuratores
3413 2138 3467 2181 et
3495 2126 3736 2197 pra-fecti

2136 2234 2298 2290 supra
2328 2219 2651 2289 prmfcctos:
2683 2236 2782 2289 ego
2804 2231 2982 2274 autem
3005 2220 3169 2273 etiam
3195 2218 3412 2273 domum
3440 2235 3737 2288 pauperum

2134 2313 2257 2368 dico
2284 2328 2405 2369 esse
2435 2313 2729 2367 civitatem.
2759 2312 2898 2391 Sunt
2929 2313 3073 2365 enim
3109 2312 3195 2365 hic
3223 2328 3437 2382 quoque
3468 2313 3738 2381 principa-

2138 2415 2254 2460 tus:
2278 2415 2483 2474 utputa,
2517 2406 2740 2459 maritus
2776 2405 3131 2475 principatum
3164 2406 3370 2459 obtinet
3401 2406 3451 2459 in
3492 2422 3734 2469 uxorem,

2138 2514 2272 2551 uxor
2287 2499 2337 2551 in
2352 2512 2554 2563 servos,
2576 2498 2715 2552 servi
2734 2497 2785 2551 in
2806 2512 2998 2551 uxores
3014 2512 3157 2550 suas:
3179 2511 3363 2550 rursus
3381 2496 3476 2550 viri
3496 2507 3548 2551 et
3564 2498 3745 2552 nmliec

2138 2606 2224 2644 res
2245 2591 2298 2644 in
2328 2605 2542 2660 pueros.
2566 2591 2759 2643 Annon
2779 2589 2873 2643 tibi
2906 2588 3119 2643 videtur
3140 2603 3260 2643 esse
3282 2589 3445 2643 veluti
3473 2604 3565 2643 rex
3595 2590 3741 2658 quis-

2138 2685 2301 2753 piam,
2321 2698 2441 2737 emn
2465 2692 2541 2737 tot
2560 2680 2865 2736 habeatsibi
2884 2681 3154 2750 subjectos
3175 2681 3476 2750 principes;
3498 2691 3551 2734 et
3573 2696 3739 2750 opor—

2136 2785 2247 2829 teat
2280 2792 2403 2831 eum
2435 2791 2555 2830 esse
2595 2774 2834 2829 omnium
2878 2773 3261 2844 peritissimum
3302 2772 3741 2828 administranda:

2136 2869 2331 2923 donius
2352 2879 2405 2922 et
2426 2867 2687 2921 civitatis?
2708 2865 2841 2921 Nam
2861 2866 3066 2936 quiseit
3085 2865 3229 2920 varie
3251 2874 3304 2920 et
3323 2866 3633 2920 diﬁ'erentcr
3657 2867 3742 2921 his

2138 2965 2238 3029 uti,
2259 2963 2359 3018 scit
2386 2972 2540 3031 aptos
2568 2963 2769 3031 eligere
2792 2962 3086 3030 principes,
3110 2969 3163 3014 et
3184 2960 3396 3029 quidem
3421 2959 3579 3027 eliget
3599 2976 3740 3028 prie-

2140 3058 2336 3110 claros.
2368 3055 2512 3125 Ergo
2549 3070 2687 3108 uxor
2716 3053 2819 3108 erit
2845 3052 2993 3106 domi
3032 3068 3125 3106 rex
3154 3052 3293 3105 alius
3321 3091 3335 3116 ,
3368 3050 3587 3120 dempto
3619 3051 3737 3105 dia-

2142 3152 2398 3202 demate:
2450 3147 2542 3216 qui
2592 3146 2695 3199 scit
2743 3144 2886 3198 hunc
2914 3159 3092 3213 regem
3126 3143 3363 3213 eligere,
3412 3142 3516 3197 alia
3563 3145 3743 3198 omnia

2146 3250 2297 3296 recte
2341 3247 2492 3310 reget
2529 3248 2581 3293 et
2613 3237 2968 3306 dispensabit.
3001 3238 3090 3292 10.
3126 3234 3204 3289 De
3256 3246 3436 3289 cauere
3462 3276 3475 3301 ,
3520 3236 3692 3304 inquit
3724 3277 3742 3303 ,

2151 3335 2357 3405 fratres,
2388 3329 2749 3401 confer-lumini
2781 3331 2833 3381 in
2862 3327 3109 3381 Domino.
3139 3326 3365 3395 Quando
3399 3326 3631 3381 ﬁnienda
3659 3336 3745 3383 est

2149 3426 2325 3481 oratio
2352 3466 2365 3487 ,
2398 3425 2499 3477 hoc
2526 3424 2686 3476 modo
2710 3437 2929 3491 semper
2954 3422 3140 3477 utitur.

2218 3519 2272 3572 '5.
2314 3517 2507 3570 Annon
2541 3523 2686 3569 recte
2713 3513 2957 3567 dicebam
2986 3513 3054 3567 ab
3082 3513 3234 3567 initio
3257 3555 3273 3580 ,
3306 3512 3453 3583 quod
3494 3514 3747 3570 uniuscu-

2142 3608 2336 3680 jusque
2361 3606 2555 3662 domus
2596 3607 2665 3659 sit
2693 3605 2901 3673 integer
2925 3605 3234 3659 exercitus?
3269 3605 3409 3661 Ecce
3439 3608 3587 3661 enim
3631 3623 3748 3662 om-

2148 3703 2306 3757 nibus
2330 3700 2637 3755 constitutis
2671 3700 3054 3769 principatibus
3075 3741 3090 3766 ,
3120 3715 3216 3755 eos
3255 3700 3511 3771 deinceps
3538 3711 3746 3767 armat,

2148 3807 2204 3851 et
2252 3794 2434 3849 educit
2461 3795 2527 3848 ad
2561 3793 2785 3848 bellum.
2828 3792 2963 3845 Nam
2993 3793 3037 3846 si
3084 3808 3243 3847 nemo
3273 3793 3499 3862 arripiat
3528 3795 3751 3849 alterius

2153 3887 2546 3957 principatum,
2575 3885 2671 3941 sed
2704 3885 3070 3954 unusquisque
3114 3894 3329 3939 maneat
3358 3887 3410 3938 in
3445 3886 3564 3941 loco
3606 3902 3704 3940 suo
3728 3929 3743 3951 ,

2151 3981 2329 4037 omnia
2360 3989 2505 4035 recte
2555 3978 2849 4033 habebunt.
2881 3978 3284 4049 Confortamini,
3318 3979 3519 4047 inquit,
3559 3980 3611 4031 in
3643 3978 3752 4033 Do-

2152 4076 2291 4128 mino
2312 4115 2329 4141 ,
2356 4084 2405 4129 et
2448 4074 2501 4127 in
2527 4074 2753 4144 potentia
2795 4072 2991 4126 virtutis
3019 4074 3130 4142 ejus
3152 4087 3171 4126 :
3198 4071 3301 4126 hoc
3332 4083 3444 4133 est,
3475 4072 3528 4125 in
3560 4087 3657 4141 Spe
3698 4074 3750 4127 in

2156 4168 2333 4237 ipsum
2366 4181 2462 4235 per
2492 4165 2609 4235 ejus
2638 4164 2921 4218 auxilium.
2950 4162 3082 4216 Nam
3107 4162 3359 4232 quoniam
3393 4162 3559 4216 multa
3590 4163 3754 4232 jussit

2156 4275 2275 4329 quae
2304 4258 2422 4313 ﬁeri
2448 4264 2751 4327 oporteret,
2782 4254 2988 4319 Nolite,
3020 4254 3226 4324 inquit,
3261 4253 3484 4318 timere,
3516 4268 3667 4322 Spem
3697 4255 3751 4310 in

2160 4351 2447 4405 Dominum
2476 4347 2732 4417 conjicite
2754 4387 2770 4411 ,
2804 4356 2857 4400 et
2887 4344 3067 4399 omnia
3098 4343 3287 4399 reddet
3316 4343 3512 4399 facilia.
3554 4345 3641 4399 11.
3684 4344 3754 4400 Et

2156 4441 2353 4494 induite
2382 4455 2468 4493 vos
2516 4447 2833 4492 armaturam
2876 4435 2997 4503 Dei,
3032 4446 3087 4489 ut
3114 4435 3317 4506 possitis
3346 4444 3483 4489 stare
3510 4436 3755 4493 adversus

2156 4533 2371 4587 insidias
2399 4532 2610 4585 diaboli.
2635 4520 2758 4585 Non
2801 4529 2969 4593 dixit,
3001 4529 3276 4584 Adversus
3308 4545 3543 4599 pugnas,
3578 4545 3776 4602 neque,

2158 4625 2417 4681 adversus
2446 4625 2586 4679 bella
2613 4667 2627 4691 ,
2656 4623 2750 4680 sed
2777 4666 2792 4688 ,
2828 4622 3083 4676 Adversus
3124 4622 3336 4676 insidias
3358 4639 3377 4675 :
3410 4637 3584 4692 neque
3610 4623 3754 4677 enim

2160 4723 2374 4777 incaute
2400 4729 2455 4775 et
2476 4704 2665 4790 aperte
2686 4717 2963 4773 nobiscum
2988 4715 3185 4771 bellum
3209 4714 3348 4784 gerit
3369 4715 3636 4778 inimicus,
3659 4716 3757 4771 sed

2161 4832 2223 4871 ex
2275 4813 2503 4869 insidiis.
2547 4811 2684 4879 Quid
2714 4818 2797 4865 est
2823 4820 3003 4863 autem
3031 4807 3292 4873 μεθοδείαῖ
3335 4811 3631 4861 Μεθοδεῡσαι
3675 4817 3760 4863 est

2160 4908 2410 4977 decipere
2433 4947 2449 4973 ,
2479 4913 2536 4960 et
2565 4918 2661 4973 per
2688 4900 2969 4956 machinas
3010 4913 3203 4966 capere
3232 4914 3245 4949 :
3277 4896 3419 4965 quod
3450 4896 3666 4967 quidem
3696 4896 3759 4952 ﬁt

2162 5008 2216 5054 et
2258 5000 2311 5053 in
2339 4997 2624 5060 artibus,et
2657 4996 2711 5047 in
2736 4988 3085 5052 orationibus,
3116 4987 3232 5041 etin
3282 4987 3436 5041 factis
3461 5031 3474 5049 ,
3509 4997 3564 5042 et
3590 4987 3643 5042 in
3677 4989 3762 5043 lu-

2163 5104 2247 5150 cta
2272 5134 2285 5158 ,
2320 5108 2414 5161 per
2442 5103 2536 5141 eos
2559 5086 2649 5157 qui
2681 5099 2778 5138 nos
2802 5082 3085 5137 seducunt.
3120 5080 3363 5148 Exempli
3391 5094 3552 5134 causa
3581 5079 3702 5134 dico
3741 5098 3757 5135 :

2166 5200 2456 5256 numquam
2482 5191 2665 5251 aperta
2713 5176 2965 5248 proponit
2996 5184 3212 5245 peccata
3241 5190 3255 5228 :
3285 5191 3390 5227 non
3423 5174 3552 5227 dicit
3583 5173 3759 5227 idolo-

2166 5278 2379 5334 latriam
2412 5290 2506 5329 seu
2550 5272 2752 5326 cultum
2786 5268 3090 5334 idolorum,
3138 5266 3231 5321 sed
3264 5266 3419 5320 aliter
3462 5266 3513 5319 id
3547 5267 3765 5320 instruit

2166 5390 2232 5429 ex
2282 5370 2525 5437 insidiis,
2574 5367 2679 5422 hoc
2722 5375 2839 5431 est,
2885 5361 3227 5434 probabilem
3280 5359 3512 5414 reddens
3566 5361 3767 5415 oratio-

2167 5480 2290 5521 nem
2317 5505 2331 5531 ,
2365 5474 2421 5518 et
2475 5470 2631 5516 utens
2682 5456 2993 5513 involucris.
3024 5455 3137 5509 Hoc
3180 5468 3308 5523 ergo
3358 5453 3518 5507 modo
3554 5455 3765 5508 excita-

2170 5559 2245 5612 vit
2290 5557 2485 5611 milites
2510 5596 2524 5621 ,
2557 5563 2611 5608 et
2661 5550 2839 5605 elfecit
2870 5559 2926 5603 ut
2971 5556 3154 5602 essent
3193 5545 3399 5609 sobrii,
3431 5546 3768 5616 persuadens

2172 5660 2225 5704 ct
2255 5648 2458 5702 docens
2486 5645 2733 5714 praelium
2766 5642 2924 5696 nobis
2955 5639 3246 5695 ineundum
3275 5638 3537 5694 adversus
3568 5640 3644 5693 rei
3664 5639 3779 5696 bel-

2171 5743 2287 5797 licae
2311 5739 2541 5811 peritum
2568 5747 2623 5791 ct
2649 5752 2755 5790 non
2779 5737 2991 5791 incaute
3020 5749 3119 5788 nec
3143 5743 3329 5802 aperte
3354 5732 3549 5786 bellum
3576 5749 3771 5802 geren-

2173 5846 2302 5901 tem,
2326 5832 2421 5887 scd
2449 5847 2513 5887 ex
2544 5829 2751 5884 insidiis
2777 5837 2832 5883 et
2860 5827 3164 5883 methodica
3192 5826 3420 5880 ratione.
3452 5825 3519 5878 Et
3541 5826 3768 5893 primum
3810 5810 3824 5832 ’

2172 5930 2239 5986 ab
2262 5928 2378 5997 ejus
2409 5934 2545 5989 arte,
2579 5922 2816 5979 secundo
2846 5938 2871 5975 a
2911 5929 3095 5975 natura
3129 5927 3181 5973 et
3209 5916 3551 5973 multitudine
3574 5916 3771 5984 excitat
