4092 6496
480 454 583 523 {39

478 581 788 650 discipulos.
824 568 1025 633 Nolens
1068 576 1301 645 dejicere
1332 576 1560 642 milites,
1588 575 1678 645 qui
1708 590 1889 630 secum
1921 580 2064 627 stant

481 675 741 727 adversus
774 673 977 741 ipSttm,
1008 669 1102 723 sed
1129 669 1370 723 excitare
1396 678 1450 722 et
1476 671 1684 738 erigere
1705 709 1719 733 ,
1751 667 1887 722 dixit
1919 677 2063 719 astu-

486 767 587 819 tias
634 773 686 817 et
727 750 942 816 subtilia
994 760 1259 830 cogitata,
1294 769 1348 814 et
1396 760 1572 814 effecit
1618 768 1674 813 ut
1720 759 1828 813 sint
1873 755 2059 810 sobrii.

484 854 617 909 Nam
662 854 706 907 si
747 852 918 906 solum
950 850 1179 906 narratis
1208 866 1395 911 eorum
1445 851 1646 904 viribus
1684 850 1843 904 ﬁnem
1886 848 2058 916 impo-

478 948 676 1002 suisset
713 945 941 1000 orationi
967 986 982 1011 ,
1005 960 1099 1000 eos
1126 944 1410 1015 dejecisset
1434 961 1446 996 :
1477 943 1521 997 si
1549 952 1725 998 autem
1749 953 1803 997 et
1826 951 1979 994 antea
2007 948 2059 993 et

471 1047 656 1106 postea
683 1035 917 1092 ostendit
941 1051 1062 1091 eum
1090 1047 1246 1106 posse
1269 1036 1386 1105 capi
1416 1043 1471 1090 et
1493 1034 1802 1104 expugnari,
1824 1046 1917 1088 eos
1947 1045 2059 1085 mas

480 1130 562 1198 gis
590 1128 807 1183 excitat.
860 1125 993 1181 Nam
1034 1128 1173 1180 vires
1212 1125 1642 1179 adversariorum
1685 1140 1790 1193 quo
1832 1138 1863 1177 a
1904 1122 2057 1177 nobis

473 1218 712 1288 apertius
760 1216 1135 1271 renuntiantur
1181 1216 1411 1281 nostris,
1445 1230 1511 1271 eo
1567 1224 1781 1270 nostros
1826 1212 2055 1267 reddunt

471 1310 861 1379 diligentiores.
920 1307 1008 1363 12.
1063 1307 1347 1375 Quoniam,
1394 1308 1600 1376 inquit,
1647 1322 1747 1360 non
1793 1315 1863 1359 est
1914 1305 2055 1359 nobis

472 1403 761 1457 colluctatio
789 1401 1027 1455 adversus
1054 1401 1349 1470 sanguinem
1391 1406 1438 1454 e‘t
1467 1414 1669 1452 carnem
1692 1439 1706 1464 ,
1737 1396 1830 1451 sed
1867 1397 2051 1449 adver-

468 1511 557 1549 sus
583 1492 833 1565 principes
854 1502 899 1545 et
931 1500 1197 1560 potestates
1219 1531 1234 1557 ,
1262 1489 1501 1544 adversus
1526 1488 1704 1541 mundi
1730 1496 1946 1541 rectores
1974 1495 2050 1539 te-

469 1586 737 1639 nebramus
755 1582 936 1636 harum
953 1623 972 1651 ,
993 1590 1168 1635 contra
1188 1580 1483 1650 spiritualia
1511 1580 1746 1647 nequitia:
1765 1578 1819 1632 in
1841 1577 2053 1632 cretesti-

469 1679 579 1732 bus.
610 1676 896 1745 Postquam
921 1690 949 1729 a
976 1688 1172 1744 genere
1199 1688 1387 1744 pugna:
1415 1672 1660 1728 hortatus
1689 1679 1807 1737 est,
1844 1669 2039 1726 deinde

466 1783 497 1821 a
545 1766 776 1836 praemiis
816 1765 1102 1836 propositis
1141 1779 1235 1819 eos
1274 1764 1497 1820 excitat.
1547 1761 1868 1830 Quomodo?
1913 1758 2050 1815 Cum

465 1857 693 1913 dixisset
722 1856 903 1911 hostes
944 1868 1068 1912 esse
1116 1857 1463 1911 vehementes
1481 1898 1496 1923 ,
1524 1855 1799 1925 subjunin
1827 1868 1922 1909 eos
1950 1867 2049 1909 nos

473 1949 680 2019 magnis
697 1948 922 2017 privare.
945 1947 1269 2014 Quibusnam
1287 1947 1311 2000 ?
1326 1943 1506 2017 Pugna
1531 1959 1613 2001 est
1634 1948 1685 2001 in
1702 1947 2001 2002 cmlestibus
2028 1963 2043 2001 :

469 2056 575 2094 non
600 2048 836 2100 certatur
862 2054 955 2108 pro
998 2038 1234 2108 pecuniis
1258 2079 1274 2103 ,
1304 2054 1409 2093 non
1441 2054 1536 2108 pro
1570 2038 1768 2108 gloria,
1801 2036 1895 2092 sed
1925 2052 2047 2092 cer-

464 2141 605 2186 tatur
635 2145 703 2185 ne
750 2129 1056 2201 redigamur
1104 2131 1157 2184 in
1204 2130 1516 2185 servitutem
1564 2138 1619 2185 et
1660 2130 2042 2199 captivitatem.

462 2224 817 2291 Quamobrem
863 2222 1153 2276 inimicitia:
1196 2229 1323 2276 sunt
1368 2221 1882 2277 irreconciliabiles:
1912 2235 2046 2274 con-

465 2315 631 2369 tentio
660 2322 713 2368 et
743 2328 913 2383 pugna
941 2320 1024 2367 est
1058 2313 1432 2367 veltementior
1456 2352 1471 2377 ,
1501 2313 1713 2382 quando
1740 2326 1835 2380 pro
1881 2310 2045 2365 rebus

466 2407 669 2476 tnaguis
694 2405 980 2474 suscipitur
1004 2421 1016 2457 :
1045 2404 1176 2459 illud
1207 2406 1346 2458 cnim
1370 2444 1385 2468 ,
1431 2403 1498 2457 In
1528 2404 1809 2458 cretestibus
1832 2444 1848 2470 ,
1875 2402 2042 2472 signi-

465 2496 589 2551 iicat
610 2538 625 2563 ,
658 2511 753 2566 pro
785 2495 1116 2549 ca:lestibus.
1164 2493 1279 2548 Non
1314 2501 1372 2547 nt
1412 2494 1510 2563 ipsi
1555 2494 1831 2548 victoriam
1861 2491 2038 2562 adepti

461 2589 660 2656 aliquid
690 2598 1119 2657 eonseqnantur,
1149 2586 1244 2641 sed
1268 2594 1323 2639 ut
1350 2600 1445 2639 nos
1473 2585 1701 2655 privent.
1732 2584 1801 2640 Ut
1823 2585 1869 2639 si
1897 2584 2043 2639 dice-

461 2688 539 2733 ret
563 2721 576 2743 ,
606 2687 816 2747 pactum
869 2685 1192 2731 conventum
1241 2684 1323 2730 est
1372 2678 1423 2729 in
1468 2676 1647 2745 aliquo
1672 2715 1688 2740 ,
1723 2675 1847 2730 illud
1877 2676 1931 2728 in
1959 2683 2043 2729 est

459 2778 585 2838 pro,
617 2769 751 2822 etin
791 2766 874 2822 e'st
902 2776 1127 2837 prapter.
1159 2764 1293 2821 Vide
1338 2765 1604 2836 quomodo
1649 2765 1791 2820 vires
1838 2764 2039 2820 inimici

457 2867 558 2914 nos
604 2860 873 2923 excitant,
922 2867 977 2914 et
1022 2858 1226 2913 faciunt
1254 2867 1308 2913 ut
1340 2858 1506 2913 simus
1533 2857 1742 2925 sobrii,
1788 2872 1854 2913 eo
1896 2855 2039 2927 quod

457 2950 687 3004 sciamus
720 2949 786 3004 de
814 2949 977 3004 rebus
1006 2950 1211 3019 magnis
1242 2964 1364 3004 esse
1392 2949 1683 3019 periculum
1705 2989 1719 3015 ,
1747 2958 1802 3004 et
1826 2947 1894 3002 de
1921 2962 2037 3002 mae

456 3042 578 3112 guis
604 3043 716 3096 iure
749 3043 1027 3096 victoriam
1053 3059 1067 3095 :
1098 3041 1275 3095 studet
1299 3041 1439 3095 enim
1472 3056 1570 3095 nos
1597 3056 1627 3095 e
1650 3040 1785 3094 caelo
1814 3039 2032 3108 ejicere.

457 3134 725 3200 Quosnam
772 3133 901 3188 dicit
928 3132 1199 3203 principes
1238 3140 1293 3186 et
1323 3140 1611 3200 potestates
1644 3140 1701 3186 et.
1742 3130 1925 3185 mundi
1953 3144 2038 3186 re-

455 3235 634 3282 ctores
665 3225 821 3297 hujus
847 3226 1028 3281 smculi
1061 3223 1400 3279 tenebrarum
1430 3223 1658 3277 barum?
1685 3237 2036 3293 quarumnam

457 3316 841 3372 tenebrarum?
872 3314 1129 3385 numquid
1162 3313 1376 3367 noctis?
1404 3313 1743 3382 Nequaquam
1766 3354 1781 3380 ,
1810 3312 1904 3367 sed
1937 3327 2033 3367 ne-

453 3410 680 3480 quitim:
723 3409 949 3462 Eramus
993 3411 1135 3462 enim
1162 3446 1176 3471 ,
1226 3406 1428 3475 inquit,
1470 3405 1754 3474 aliquando
1797 3404 2035 3459 tenebrae

452 3500 668 3571 (Ep/tes.
701 3500 754 3555 5.
785 3499 878 3571 8);
909 3497 1197 3568 nequitiam
1241 3497 1425 3552 dicens
1449 3505 1505 3552 et
1547 3496 1884 3567 praxitatem,
1915 3510 2033 3566 quae

452 3592 607 3647 estin
631 3591 732 3645 vita
756 3589 1025 3661 praasenti.
1048 3588 1163 3643 Non
1187 3587 1405 3644 habebit
1423 3589 1563 3644 enim
1587 3588 1811 3643 ulterius
1830 3589 2028 3655 locum,

453 3700 558 3741 non
587 3684 639 3739 in
666 3684 796 3739 caelo
818 3725 833 3749 ,
865 3699 972 3738 non
1000 3683 1053 3737 in
1084 3682 1281 3737 saaculo
1309 3680 1508 3737 futuro.

526 3775 754 3830 Mundus
782 3775 836 3828 in
886 3775 1157 3843 Scriptura
1204 3774 1366 3829 malos
1394 3773 1622 3827 homines
1651 3770 1926 3841 aliquando
1957 3771 2031 3824 si-

452 3868 682 3939 gniﬁcat.
719 3896 791 3906 —
817 3865 923 3919 Eos
950 3873 1125 3919 autem
1152 3864 1282 3919 dicit
1307 3864 1486 3919 mundi
1517 3873 1755 3918 rectores
1779 3903 1794 3928 ,
1828 3879 1934 3916 non
1974 3871 2034 3917 ut

451 3957 542 4027 qui
574 3957 625 4010 in
665 3955 866 4010 mundo
895 3955 1170 4010 obtineant
1198 3955 1559 4019 dominatum,
1592 3954 1685 4008 sed
1732 3952 1875 4023 quod
1916 3967 2031 4007 ma-

456 4048 628 4102 iorum
659 4062 879 4117 operum
907 4047 1015 4101 sint
1039 4061 1230 4103 causai.
1278 4046 1409 4101 Nam
1444 4045 1586 4099 hunc
1610 4045 1868 4099 mundum
1896 4045 2032 4099 solet

451 4137 722 4208 Scriptura
769 4138 1039 4208 appellare
1083 4138 1373 4192 sceleratas
1416 4136 1689 4200 actiones;
1719 4143 1777 4189 ut
1815 4134 2030 4205 quando

450 4228 581 4285 dicit
606 4229 850 4284 Christus
877 4270 891 4294 ,
935 4228 1034 4282 Vos
1064 4245 1165 4282 non
1192 4228 1311 4282 estis
1340 4243 1404 4282 ea:
1430 4229 1525 4281 hoc
1547 4226 1755 4293 mundo,
1788 4226 1916 4280 sicut
1937 4241 2028 4296 ego

453 4337 553 4374 non
581 4337 692 4374 sum
722 4338 783 4375 ea:
812 4321 1021 4375 orando.
1052 4320 1239 4375 Nonne
1287 4330 1438 4376 erant
1467 4334 1531 4375 ex
1577 4318 1819 4375 mundo?
1850 4333 2028 4373 nonne

447 4422 613 4466 carne
639 4421 793 4465 erant
816 4410 1166 4466 circumdati?
1193 4426 1370 4466 nonne
1404 4418 1560 4467 erant
1584 4426 1649 4464 ex
1682 4409 1747 4465 iis
1774 4411 1863 4480 qui
1900 4416 2027 4463 sunt

447 4503 499 4555 in
529 4502 765 4557 mundo?
806 4502 874 4557 Et
917 4518 1141 4557 rursus:
1192 4500 1417 4556 Mundus
1446 4519 1525 4556 me
1568 4502 1673 4556 odit
1698 4517 1715 4557 :
1744 4518 1829 4556 vos
1858 4511 2026 4555 autem

445 4610 546 4647 non
577 4604 734 4663 potest
760 4595 924 4648 odisse
951 4593 1127 4665 (Joan.
1154 4593 1240 4649 l7.
1275 4594 1358 4647 14.
1383 4603 1428 4647 et
1456 4594 1509 4648 '7.
1534 4576 1590 4663 ³7)
1610 4611 1624 4657 ;
1648 4593 1814 4648 malas
1839 4607 2025 4647 rursus

446 4687 629 4742 dicens
659 4688 917 4741 actiones.
950 4686 1044 4740 Vel
1085 4686 1339 4742 mundum
1384 4687 1471 4741 hic
1495 4687 1630 4741 dicit
1653 4687 1821 4741 malos
1852 4687 2024 4742 homi-

445 4792 577 4841 nes;
607 4776 877 4831 daemones
904 4777 1045 4830 enim
1090 4777 1145 4831 in
1173 4792 1265 4832 eos
1308 4781 1477 4847 magis
1507 4778 1835 4833 dominatum
1878 4780 2022 4834 obti-

443 4878 591 4924 nent.
621 4866 809 4923 Contra
838 4867 1130 4938 spiritualia
1154 4869 1407 4938 nequitiae,
1430 4869 1618 4938 inquit,
1647 4870 1699 4923 in
1720 4872 2019 4925 caelestibus.

442 4959 719 5029 Principes
744 4959 876 5014 dicit
899 4968 953 5013 ct
982 4967 1310 5027 potestates;
1352 4960 1491 5013 sicut
1517 4960 1676 5014 etiam
1704 4963 1756 5016 in
1787 4963 2009 5018 caelesti-

441 5050 543 5106 bus
591 5060 715 5106 snnt
765 5050 985 5116 throni,
1017 5049 1443 5118 dominationes,
1474 5054 1832 5124 principatus,
1868 5064 2018 5126 pote-

444 5150 628 5196 states.
659 5138 747 5195 15.
783 5140 1083 5211 Propterea,
1113 5142 1305 5212 inquit,
1334 5145 1547 5214 accipite
1566 5157 1879 5200 armaturam
1897 5146 2015 5212 Dei,

444 5242 500 5286 ut
531 5233 731 5302 possitis
769 5234 1001 5286 resistere
1037 5234 1088 5286 in
1114 5235 1196 5288 die
1225 5236 1359 5289 malo
1381 5277 1394 5301 ,
1424 5246 1471 5290 et
1510 5236 1563 5289 in
1593 5240 1823 5294 omnibus
1851 5243 2019 5311 perfe-

439 5326 507 5378 rti
554 5333 709 5377 stare.
763 5324 912 5378 Diem
957 5326 1154 5379 malum
1198 5326 1324 5381 dicit
1365 5330 1527 5383 vitam
1576 5342 1892 5399 praesentem
1919 5350 1932 5386 :
1963 5342 2018 5387 et

441 5417 639 5469 malum
667 5415 918 5470 sa'cnlum
951 5414 1053 5470 hoc
1076 5416 1201 5472 dicit
1228 5459 1242 5483 ,
1264 5433 1329 5473 ex
1358 5419 1511 5474 malis
1538 5422 1735 5489 quaejn
1767 5436 1833 5476 eo
1863 5421 2013 5476 tiuut.

440 5504 496 5559 id
527 5514 609 5560 est
631 5545 644 5567 ,
673 5520 886 5575 semper
915 5509 1105 5563 armati
1142 5519 1335 5566 estote.
1384 5510 1449 5564 Et
1491 5512 1720 5567 omnibus
1750 5552 1764 5580 ,
1799 5513 1967 5582 inquit
1996 5554 2013 5581 ,

443 5594 717 5662 confectis;
762 5596 863 5652 hoc
902 5607 983 5652 est
1004 5637 1019 5664 ,
1068 5599 1296 5655 devictis
1325 5603 1469 5657 vitiis
1497 5644 1509 5668 ,
1541 5603 1789 5658 absurdis
1818 5618 2016 5658 concu-

437 5687 710 5754 piscentiis
729 5729 745 5753 ,
772 5698 828 5744 et
855 5692 1103 5747 omnibus
1123 5708 1241 5763 quae
1269 5694 1422 5748 nobis
1442 5695 1671 5749 afferunt
1691 5695 2012 5751 molestiam.

439 5775 555 5831 Non
586 5776 717 5833 dixit
742 5781 912 5836 solum
946 5783 1121 5840 facere
1142 5826 1156 5849 ,
1180 5785 1273 5840 sed
1306 5785 1590 5855 perficere;
1615 5797 1674 5840 ut
1703 5803 1808 5842 non
1837 5789 2014 5843 solum

433 5867 497 5924 de
528 5871 703 5927 medio
736 5872 957 5945 tollant,
994 5875 1087 5932 sed
1117 5877 1280 5932 etiam
1306 5885 1450 5932 stent
1474 5888 1753 5948 postquam
1784 5871 2015 5937 sustulc~

1203 467 1263 549 s.
1299 452 1574 521 JOANNIS
1611 448 2085 519 CllttYSOSTOMt
2125 451 2443 521 suculae.
2481 454 3014 530 CONSTANl’lNOP.

3652 481 3753 542 ιθσ

2170 575 2315 630 rint:
2349 593 2471 632 nam
2508 581 2661 635 multi
2690 582 2827 639 hanc
2854 586 3029 655 adepti
3062 588 3335 647 victoriam
3381 611 3564 653 rursus
3602 607 3745 658 ceci-

2164 666 2380 724 derunt.
2414 671 2659 728 Omnibus
2677 715 2692 741 ,
2723 676 2892 746 inquit
2916 720 2929 743 ,
2954 684 3198 751 confectis
3224 701 3243 738 :
3272 701 3376 740 non
3407 688 3508 744 hoc
3528 693 3742 761 quidem

2161 761 2406 857 confecto
2432 803 2447 828 ,
2496 765 2586 819 illo
2638 783 2764 823 vero
2815 785 2919 825 nou
2953 790 2966 826 :
2995 784 3139 830 stare
3181 780 3323 834 enim
3369 795 3580 852 oportet
3624 801 3744 857 post

2159 850 2454 954 victoriam.
2479 856 2690 926 Dejecta
2710 863 3255 935 suntaliquando,sed
3282 850 3743 946 quaeﬁdejiciuntnr

2159 948 2522 1000 reviviscunt:
2564 948 2662 1002 nisi
2694 953 3000 1008 steterimus
3024 997 3039 1021 ,
3088 959 3249 1015 etiam
3282 978 3402 1033 qua:
3433 969 3741 1027 ceciderunt

2161 1043 2462 1103 resurgunt.
2489 1036 2667 1093 Donec
2686 1048 2909 1110 stamus,
2931 1045 3136 1116 dejecta
3156 1062 3280 1107 sunt
3297 1070 3311 1109 :
3331 1055 3500 1114 donec
3516 1076 3619 1116 nou
3635 1066 3740 1119 ciris

2157 1124 2510 1193 cumagimur,
2530 1128 2619 1184 ille
2636 1144 2739 1184 non
2760 1136 3005 1205 resurgit.
3026 1137 3313 1199 lnduamur
3332 1160 3599 1206 armatura
3622 1155 3735 1212 Dei.

2226 1213 2281 1268 4.
2318 1214 2477 1271 Vides
2514 1220 2785 1287 quomodo
2823 1235 3023 1281 metum
3068 1231 3348 1291 ademerit.
3382 1237 3515 1294 Nam
3544 1245 3588 1296 si
3617 1244 3732 1299 fieri

2156 1311 2329 1402 potest
2356 1313 2413 1359 ut
2435 1306 2783 1402 contieiamus
2803 1321 2856 1368 et
2875 1323 3099 1383 stemus,
3124 1335 3222 1375 cur
3247 1327 3445 1396 refugis
3467 1338 3737 1402 pugnam?

2153 1392 2244 1494 Sta
2277 1397 2459 1494 hostes
2484 1400 2797 1494 conficiens,
2828 1415 2882 1459 et
2911 1409 3105 1464 vicisti.
3140 1413 3203 1467 Et
3231 1430 3301 1472 ne
3341 1392 3573 1487 mireris,
3592 1429 3734 1494 quod

2154 1492 2298 1540 tanta
2339 1486 2407 1542 de
2448 1489 2679 1546 hostium
2710 1494 2915 1551 viribus
2951 1515 3225 1560 recenseat
3251 1523 3267 1563 :
3298 1523 3418 1564 nam
3452 1486 3731 1571 recensere

2152 1576 2296 1678 vires
2313 1578 2684 1680 inimicorum,
2715 1600 2821 1639 non
2854 1597 3052 1643 metum
3080 1592 3234 1649 aﬂ‘ert
3254 1606 3309 1652 et
3336 1600 3602 1670 timorem,
3634 1611 3733 1662 sed-

2152 1674 2651 1772 ignaviam-cxcutit
2689 1684 2745 1772 et
2782 1679 3104 1737 socordiam.
3153 1685 3222 1740 (lt
3250 1692 3488 1761 possitis,
3520 1696 3726 1767 inquit,

2149 1763 2377 1815 resistere
2413 1763 2465 1817 in
2505 1763 2587 1818 die
2625 1767 2781 1822 malo.
2827 1772 2871 1825 Α
2904 1780 3148 1843 tempore
3191 1781 3350 1835 etiam
3398 1763 3725 1845 consolatur.

2149 1849 2402 1941 Tempus,
2434 1854 2622 1923 inquit,
2663 1866 2745 1913 est
2776 1859 2936 1918 breve
2966 1880 2980 1917 :
3013 1882 3178 1936 quare
3204 1882 3415 1941 oportet
3438 1886 3582 1935 stare
3615 1897 3628 1934 :
3659 1897 3728 1938 ne

2145 1940 2340 1997 defessi
2369 1943 2486 1999 sitis
2513 1956 2634 2015 post
2660 1949 2883 2008 caedem.
2912 1952 2968 2009 Si
2994 1967 3076 2011 est
3099 1973 3229 2031 ergo
3242 1940 3453 2021 bellum
3478 2007 3492 2032 ,
3519 1970 3564 2023 si
3590 1972 3725 2029 tales

2146 2042 2271 2135 sunt
2287 2035 2531 2135 Iaciesisi
2560 2038 2864 2112 incorporei
2887 2047 3175 2119 principes,
3193 2054 3238 2109 si
3261 2060 3441 2114 mundi
3464 2072 3722 2135 rectores,

2145 2122 2192 2219 si
2218 2126 2512 2219 spiritualia
2537 2133 2820 2202 nequitiae;
2849 2141 3139 2209 quomodo,
3173 2146 3487 2219 dic,quaeso,
3517 2122 3723 2215 deliciis

2145 2213 2429 2287 indulges?
2457 2224 2727 2290 quomodo
2752 2241 2810 2280 es
2836 2227 3127 2289 dissolutus
3148 2236 3171 2289 ?
3198 2213 3719 2307 quo-modo'inermes

2143 2319 2399 2399 superare
2452 2312 2794 2380 poterimus?
2849 2317 2975 2374 Haec
3019 2330 3378 2399 unusquisque
3423 2333 3526 2388 sibi
3580 2337 3718 2394 dicat

2143 2398 2400 2498 quotidie,
2428 2403 2639 2498 quando
2661 2405 2709 2459 ei
2738 2406 3042 2466 dominatur
3068 2415 3165 2482 ira,
3193 2398 3406 2488 quando
3436 2427 3714 2498 cupiditas,

2142 2491 2353 2559 quando
2381 2494 2572 2562 quaerit
2615 2496 2753 2553 hanc
2796 2502 3015 2558 mollem
3044 2508 3206 2563 vitam
3239 2491 3592 2574 lubricam‘et
3638 2491 3719 2577 in;

2141 2590 2496 2638 constantem.
2525 2586 2721 2642 Audiat
2745 2590 2957 2647 beatum
2999 2594 3218 2653 Paulum
3261 2601 3549 2674 dicentem,
3598 2610 3718 2666 Non

2139 2682 2213 2767 est
2242 2673 2383 2729 nobis
2412 2676 2700 2733 colluctatio
2729 2681 2968 2739 adversus
2991 2690 3286 2758 sanguinem
3311 2704 3358 2747 et
3384 2673 3604 2767 carnem,
3625 2706 3715 2757 sed

2140 2764 2379 2821 adversus
2418 2769 2693 2838 principes,
2738 2773 2980 2830 adversus
3024 2789 3316 2848 potestates.
3362 2787 3472 2844 Hoc
3522 2764 3714 2850 bellum

2139 2863 2223 2909 est
2251 2856 2434 2911 sensili
2470 2860 2689 2929 gravius
2709 2902 2724 2926 ,
2761 2879 2934 2935 pugna
2965 2868 3351 2929 vehementior.
3381 2877 3563 2951 Cogita
3590 2898 3717 2954 ergo

2138 2958 2649 3043 quantumtempus
2690 2955 2790 3011 iste
2832 2955 3095 3027 luctatur,
3144 2979 3240 3032 pro
3269 2983 3374 3035 quo
3405 2984 3632 3043 pugnat,
3662 2986 3717 3032 et

2137 3046 2255 3093 esto
2283 3041 2508 3095 cautior.
2544 3043 2746 3109 Etiam,
2779 3047 3020 3118 inquies;
3056 3053 3151 3109 sed
3178 3060 3504 3126 oportuisset
3529 3041 3715 3123 diabo-

2140 3129 2244 3182 lum
2266 3129 2334 3185 de
2362 3132 2538 3187 medio
2570 3134 2708 3200 tolli,
2735 3146 2789 3191 et
2810 3152 2997 3195 omnes
3025 3141 3156 3197 salvi
3191 3156 3389 3202 essent.
3422 3151 3548 3209 Haec
3576 3172 3715 3225 prae.

2138 3220 2363 3317 tendunt
2401 3223 2615 3292 quidam
2644 3229 2897 3284 socordes
2926 3239 2982 3285 et
3011 3232 3203 3303 ignavi.
3234 3237 3368 3294 Cum
3400 3220 3710 3317 oporteret,

2135 3326 2169 3366 ο
2198 3311 2378 3380 homo,
2415 3322 2465 3368 te
2492 3329 2650 3384 agere
2671 3318 2868 3387 gratias
2893 3322 3052 3390 quod,
3084 3325 3128 3379 si
3150 3326 3300 3395 velis,
3330 3311 3451 3385 eum
3472 3311 3711 3406 superes,

2135 3413 2324 3460 contra
2352 3407 2516 3461 etiam
2542 3423 2849 3475 succenses,
2879 3415 3038 3469 verba
3067 3417 3290 3488 loquens
3319 3423 3597 3493 cujusdam
3621 3430 3715 3486 dea

2135 3495 2267 3551 sidis
2290 3504 2347 3551 et
2371 3498 2695 3554 somnolenti
2736 3502 2939 3559 militis.
2983 3505 3158 3575 Nosti,
3205 3511 3251 3565 si
3294 3514 3446 3582 velis,
3481 3519 3711 3580 rationes

2133 3586 2329 3657 quibus
2348 3587 2804 3657 apprehenditur:
2828 3593 3064 3665 undique
3090 3598 3457 3672 circumspice,
3484 3607 3705 3676 teipsum

2135 3676 2301 3731 muni.
2334 3677 2449 3732 Non
2475 3687 2561 3734 est
2588 3681 2762 3736 solum
2793 3698 2969 3754 pugna
2999 3686 3256 3747 adversus
3280 3677 3551 3751 diabolum
3569 3739 3585 3763 ,
3614 3699 3708 3754 sed

2133 3769 2294 3823 etiam
2342 3770 2598 3826 adversus
2643 3773 2785 3829 illius
2830 3785 3138 3843 potestates.
3175 3784 3455 3848 Quomodo
3479 3803 3607 3858 ergo
3633 3790 3711 3845 lu-

2133 3857 2395 3913 ctabimur
2422 3874 2545 3914 cum
2574 3863 2845 3918 tenebris?
2880 3865 2936 3920 Si
2965 3866 3057 3922 lux
3085 3870 3205 3924 facti
3237 3871 3517 3931 fuerimus.
3552 3857 3711 3947 iQuo-

2134 3949 2293 4005 modo
2329 3964 2450 4005 cum
2478 3953 2848 4022 spiritualibus
2885 3960 3179 4028 nequitiae?
3206 3962 3261 4018 Si
3292 3964 3412 4019 laeti
3458 3966 3710 4028 fuerimus

2132 4040 2279 4096 boui.
2312 4043 2460 4098 Bono
2484 4046 2626 4099 enim
2656 4050 2989 4105 contrarium
3016 4061 3098 4106 est
3129 4057 3360 4123 nequitia
3381 4068 3435 4113 et
3453 4063 3708 4134 pravitas,

2131 4141 2186 4188 et
2215 4133 2301 4189 lux
2331 4136 2547 4206 expellit
2590 4139 2836 4195 tenebras
2865 4158 2879 4195 :
2906 4144 3047 4212 quod
3085 4145 3131 4198 si
3168 4147 3262 4216 ipsi
3294 4165 3505 4220 quoque
3544 4155 3711 4211 simus

2133 4226 2365 4281 tenebrae
2390 4266 2406 4295 ,
2458 4228 2678 4283 omnino
2721 4231 2994 4301 capientur
3035 4244 3089 4289 et
3127 4240 3519 4306 superabimur.
3563 4245 3712 4312 Quo-

2130 4316 2290 4372 modo
2335 4331 2465 4389 ergo
2511 4319 2658 4388 ipsos
2700 4323 3109 4391 superabimus?
3139 4328 3194 4383 Si
3239 4331 3380 4399 quod
3410 4333 3483 4388 illi
3511 4345 3637 4390 sunt
3679 4352 3710 4392 a

2129 4419 2338 4478 natura,
2369 4410 2543 4466 effecti
2578 4411 2836 4470 fuerimus
2876 4430 2944 4470 ex
2988 4417 3158 4475 libero
3196 4422 3417 4479 arbitrio
3455 4436 3509 4481 et
3548 4429 3711 4484 animi

2129 4503 2390 4569 instituto,
2416 4519 2610 4575 nempe
2649 4515 2799 4561 extra
2839 4523 3054 4565 carnem
3077 4521 3131 4567 et
3154 4515 3486 4585 sanguinem,
3511 4519 3588 4574 sic
3614 4535 3709 4575 eos

2127 4594 2398 4665 capiemus
2424 4605 2478 4651 et
2505 4597 2801 4653 vincemus.
2844 4599 2972 4655 Nam
3003 4605 3255 4673 quoniam
3299 4618 3382 4662 est
3422 4611 3709 4666 verisimile

2128 4687 2273 4756 ipsos
2292 4702 2323 4740 a
2344 4688 2527 4743 multis
2541 4690 2751 4759 agitari,
2775 4691 2851 4747 Ne
2872 4693 3211 4763 exiStimetis,
3234 4698 3425 4769 inquit,
3444 4702 3583 4768 quod
3609 4704 3706 4772 ipsi

2127 4781 2402 4836 nobiscum
2433 4780 2630 4836 bellum
2659 4796 2848 4853 gerant
2876 4803 2890 4840 :
2923 4787 3013 4857 qui
3043 4789 3093 4842 in
3122 4790 3253 4859 ipsis
3281 4804 3571 4862 operantur
3593 4796 3707 4850 dce-

2126 4887 2312 4927 mones
2334 4882 2476 4939 sunt,
2507 4876 2594 4944 qui
2624 4875 2818 4931 bellum
2846 4891 3040 4948 gerunt
3072 4899 3086 4934 :
3116 4881 3374 4939 adversus
3403 4886 3528 4941 illos
3555 4888 3709 4942 nobis

2125 4974 2207 5019 est
2236 4979 2429 5034 pugna.
2465 4965 2577 5020 Duo
2602 4977 2784 5022 autem
2812 4985 2879 5024 ex
2909 4970 2990 5026 bis
3031 4972 3216 5039 efﬁcit,
3253 4984 3309 5029 ut
3350 4978 3437 5046 qui
3478 4988 3533 5032 et
3564 4978 3707 5048 ipsos

2123 5056 2313 5113 reddat
2348 5058 2661 5114 audaciores
2706 5062 2967 5118 adversus
3006 5079 3099 5119 eos
3143 5067 3234 5136 qui
3272 5084 3332 5123 se
3375 5082 3701 5141 oppugnant,

2124 5148 2446 5219 illorumque
2476 5151 2714 5205 animum
2751 5167 2937 5208 contra
2965 5154 3148 5212 hostes
3173 5158 3358 5228 erigat.
3387 5159 3454 5214 Et
3477 5175 3705 5231 quanam

2122 5242 2189 5297 de
2212 5258 2371 5298 causa
2398 5243 2550 5298 nobis
2581 5260 2751 5316 pugna
2782 5246 3040 5304 adversus
3070 5265 3165 5307 eos
3189 5262 3375 5308 exorta
3410 5256 3532 5309 est?
3559 5255 3706 5324 Quo-

2123 5333 2268 5387 niam
2319 5334 2372 5388 in
2432 5334 2576 5389 bello
2627 5338 2827 5391 sociam
2877 5338 3134 5396 habemus
3192 5343 3656 5414 inexpugnabilem
3692 5387 3706 5410 ,

2123 5440 2317 5492 nempe
2354 5425 2578 5494 Spiritus
2621 5428 2881 5496 gratiam,
2915 5445 3034 5485 eam
3078 5443 3247 5488 artem
3295 5435 3603 5501 didicimus,
3654 5446 3710 5490 ut

2122 5515 2378 5570 adversus
2404 5517 2648 5573 homines
2669 5534 2776 5574 non
2802 5523 3067 5589 possimus
3097 5524 3308 5593 luctari,
3333 5528 3427 5582 sed
3449 5529 3707 5583 adversus

2121 5607 2414 5665 daemones.
2438 5608 2493 5664 Si
2526 5623 2703 5666 autem
2728 5615 2971 5675 velimus.
3002 5633 3069 5671 ne
3099 5618 3421 5674 iactabimur
3440 5622 3652 5691 quidem
3687 5640 3703 5678 :

2123 5715 2243 5753 nam
2278 5701 2417 5754 Lucta
2460 5711 2543 5755 est
2580 5706 2831 5772 quooiatn
2875 5707 3139 5763 Volumus.
3181 5710 3309 5780 Ejus
3344 5712 3486 5767 enim
3522 5714 3611 5782 qui
3655 5715 3706 5767 in

2125 5792 2277 5846 nobis
2309 5784 2568 5846 inhabitat
2598 5804 2742 5848 tanta
2771 5806 2856 5851 est
2892 5800 3082 5864 virtus,
3114 5810 3171 5856 ut
3193 5802 3334 5857 dicat
3378 5820 3393 5857 :
3436 5802 3568 5859 Ecce
3591 5804 3707 5859 dedi

2120 5884 2256 5938 vobis
2283 5894 2574 5953 potestatem
2604 5885 2837 5943 calcandi
2860 5906 3012 5959 super
3045 5904 3299 5963 serpentes
3325 5905 3373 5950 et
3394 5895 3704 5965 scorpiones,
