4092 6560
418 519 437 585 ἰ
452 530 520 585 ιίο

413 651 468 702 δὲ
487 645 583 701 καὶ
606 643 713 715 πρὸ
726 641 915 696 τούτου
937 643 1031 696 καί
1050 642 1186 712 μετᾶ
1207 641 1362 696 τοῦτο
1377 643 1613 695 δείκνυσί
1632 641 1854 695 δυνατὸν
1870 637 2009 694 εἰναι

1241 508 1308 579 iN
1348 509 1566 580 EPIST.
1611 473 1699 577 Ab
1741 506 1982 576 EPHES.
2022 499 2174 575 CAP.
2220 505 2309 574 vi.
2350 508 2585 576 HOMIL.
2614 507 2785 577 κιαι.

3608 523 3706 577 Ιτῖθ

2118 638 2440 694 πέπτωκεν·
2467 639 2574 704 ἕως
2614 641 2682 694 ἂν
2731 639 2805 709 μὴ
2869 636 3314 708 περιφερώμεθα,
3374 639 3578 700 ἐκεῖνος
3603 638 3709 692 ούκ

411 732 760 788 τὸντοιοῦτον
791 732 951 794 ἐλεῖν,
977 730 1177 799 μᾶλλον
1208 730 1406 791 αὐτοὺς
1448 725 2012 800 ἐπαίρει.Ἦγαρτῶν
2114 724 2419 780 ἀνίσταται.
2458 726 2838 795 Ἐνδυσώμεθα
2900 724 2998 796 τὴν
3049 725 3351 779 πανοπλίᾶν
3401 726 3490 778 τοῦ
3549 727 3706 780 Θεοῦ.

413 822 680 876 ἐναντίων
712 821 867 888 ἰσχὺς
896 817 1089 887 ὃσῳᾶν
1115 817 1450 888 σαφέστερον
1485 818 1793 887 παρ’ήμῶν
1834 819 2016 883 ἀπαγ-

413 909 679 979 γέλληται
700 907 838 976 πρὸς
866 905 993 964 τοὺς
1013 905 1272 970 οἰκείους,
1295 903 1536 973 τοσούτῳ
1565 903 2014 974 σπουδαιοτέρους

417 998 562 1050 ποιεῖ
587 995 716 1055 τοὺς
752 989 1078 1063 ἡμετέρους.
1114 983 1246 1043 ’Ὀτι
1275 993 1388 1044 οὐκ
1423 989 1598 1043 ἐστιν
1623 989 1789 1058 ἡμῖν,
1825 991 2011 1059 φησὶν,

419 1086 458 1151 ἡ
483 1083 648 1148 πάλη
664 1079 818 1148 πρὸς
833 1073 976 1148 αἷμα
991 1076 1090 1130 καὶ
1106 1077 1326 1145 σάρκα,
1345 1077 1506 1131 ἀλλὰ
1518 1077 1668 1144 πρὸς
1685 1077 1790 1142 τὰς
1801 1078 1876 1144 ἀρ
1880 1077 2012 1145 χὰς,

419 1174 570 1239 πρὸς
622 1169 734 1234 τὰς
791 1163 1102 1231 ἐξουσίας,
1138 1167 1287 1232 πρὸς
1330 1163 1473 1230 τοὺς
1530 1165 2017 1233 κοσμοκράτορας

417 1257 524 1313 τοῦ
541 1257 806 1322 σκότους
827 1254 934 1308 τοῦ
950 1252 1165 1318 αἰῶνος
1181 1253 1416 1317 τούτου,
1449 1252 1596 1321 πρὸς
1614 1254 1684 1306 τὰ
1700 1267 2018 1320 πνευματι-

425 1344 504 1398 κὰ
541 1343 654 1410 τὴς
673 1341 973 1410 πονηρίας
1005 1339 1078 1392 ἐν
1113 1339 1238 1405 τοῖς
1261 1341 1664 1406 ἐπουρανίοις.
1697 1339 2018 1410 Προτρέψας

424 1431 538 1486 ἀπὺ
560 1429 656 1483 τοῦ
679 1429 853 1491 εἴδους
875 1431 971 1494 τῆς
987 1428 1188 1496 μάχης,
1203 1427 1386 1480 λοιπὸν
1403 1427 1497 1479 καὶ
1519 1427 1626 1480 ἀπὸ
1644 1425 1752 1481 τῶν
1769 1426 2019 1479 ἐπάθλων

424 1519 537 1573 τῶν
563 1517 832 1586 κειμένων
844 1515 1040 1577 αὐτοὺς
1056 1497 1330 1584 διεγείρει.
1348 1515 1411 1566 Τί
1429 1515 1536 1584 γάρ
1553 1534 1568 1580 ;
1587 1513 1769 1566 Εἰπὼν
1789 1515 1870 1567 ὅτι
1888 1531 2019 1584 σφο-

418 1606 543 1677 δροὶ
572 1606 620 1658 οἰ
653 1603 865 1674 ἐχθροὶ,
890 1602 1194 1672 ἐπήγαγεν,
1225 1601 1309 1654 ὅτι
1341 1602 1435 1655 καὶ
1470 1602 1682 1672 μεγάλα
1709 1589 1858 1673 ἡμάς
1882 1605 2018 1656 ἀπο-

424 1694 703 1766 στεροῦσι.
755 1687 934 1757 Heia;
978 1691 1066 1744 ’Ev
1108 1691 1220 1754 τοῖς
1258 1693 1604 1760 ἐπουρανίοις
1641 1694 1674 1762 ἡ
1718 1692 1866 1762 μάχη
1900 1695 2016 1745 κεῖ..

421 1782 514 1835 ται
547 1797 562 1812 ·
611 1781 672 1833 οὐ
729 1778 862 1848 περὶ
891 1777 1190 1852 χρημάτων
1213 1815 1228 1841 ,
1258 1777 1318 1830 ού
1367 1778 1496 1846 περὶ
1526 1778 1702 1849 δόξης,
1738 1780 1852 1833 ἀλλ’
1878 1781 2019 1851 ὑπὲρ

423 1867 869 1940 ἀνδραποδισμοῦ
897 1868 926 1919 ό
951 1864 1121 1934 ἁγών.
1156 1864 1319 1917 Ὥστε
1354 1866 1764 1930 ἀκατάλλακτος
1798 1866 2017 1938 ήέχθρα

427 1961 661 2028 γίνεται.
692 1956 1037 2027 Σφοδροτέρα
1071 1956 1103 2025 ἡ
1139 1954 1443 2024 φιλονεικία
1473 1956 1568 2009 καὶ
1597 1957 1630 2024 ἡ
1674 1957 1854 2026 μάχη,
1889 1958 2017 2010 ὅταν

433 2047 578 2118 ὑπὲρ
619 2045 865 2116 μεγάλων
1006 2042 1080 2094 Τὸ
1123 2042 1253 2113 γὰρ,
1299 2042 1401 2096 Ἐν
1433 2042 1556 2109 τοῖς
1600 2043 2014 2112 ἐπουρανίοις,

435 2135 556 2188 ἀντὶ
583 2133 693 2198 τοῦ,
729 2131 870 2200 ὑπὲρ
897 2130 1008 2182 τῶν
1039 2129 1400 2200 ἐπουρανίων,
1429 2131 1598 2183 ἐστίν’
1637 2131 1735 2201 οὐχ
1757 2131 1845 2184 ἵνα
1867 2132 2018 2185 αὐτοί

429 2239 575 2286 τινος
608 2220 812 2289 τύχωσι
842 2219 1184 2288 νικήσαντες,
1240 2217 1466 2270 ἀλλ’ἵνα
1520 2218 1666 2288 ἡμᾶς
1717 2216 2021 2289 ἀποστερή-

429 2327 597 2363 σωσιν
617 2327 630 2340 ο
665 2308 741 2372 ὡς
774 2307 841 2361 ἂν
865 2308 914 2360 εἰ
944 2305 1236 2373 ἐλεγεν,Ἥ
1265 2303 1505 2374 συνθήκη
1524 2305 1578 2357 ἐν
1606 2322 1712 2358 τινι
1737 2309 1932 2369 κεῖται,
1961 2308 2022 2358 τὸ

423 2400 519 2461 ἐν,
554 2397 707 2464 ὑπὲρ
762 2397 903 2459 ἐστι,
958 2394 1054 2447 καὶ
1107 2394 1168 2445 τὸ
1213 2393 1314 2455 ἐν,
1347 2392 1446 2446 διά
1500 2394 1666 2447 ἐστιν.
1714 2395 1859 2464 Ὅρα
1905 2395 2022 2457 πῶς

423 2488 577 2558 ἡμᾶς
610 2483 870 2554 διεγείρει
917 2485 950 2551 ἠ
999 2481 1229 2550 δύναμις
1275 2479 1371 2533 τοῦ
1427 2480 1656 2552 ἐχθροῦ,
1708 2484 1801 2535 καὶ
1831 2483 2022 2552 νήφειν

426 2579 595 2640 ποιεῖ,
637 2573 700 2626 τό
740 2573 942 2626 εἰδέναι
989 2571 1129 2641 ὑπὲρ
1189 2570 1444 2639 μεγάλων
1488 2570 1617 2623 ὄντα
1639 2571 1728 2623 τὸν
1752 2571 2017 2634 κίνδυνον,

427 2665 526 2718 καὶ
543 2662 688 2732 ὑπὲρ
720 2660 979 2732 μεγάλων
1000 2659 1100 2730 τὴν
1124 2658 1314 2730 νίκην·
1347 2659 1442 2711 τοῦ
1469 2658 1580 2730 γὰρ
1615 2659 1845 2728 ούρανοῦ
1875 2661 2022 2729 ἡμᾶς

428 2750 720 2807 ἐκϐάλλειν
779 2746 1091 2810 σπουδάζει.
1142 2744 1342 2815 Ἀρχὰς
1397 2746 1550 2807 τίνας
1601 2745 1734 2816 φησὶ
1791 2746 1883 2798 καὶ
1939 2745 2026 2811 ἐξ-

427 2841 620 2902 ουσίας
645 2840 742 2893 καὶ
759 2836 1206 2908 κοσμοκράτορας
1227 2833 1318 2886 τοῦ
1338 2833 1561 2896 σκότους
1583 2832 1676 2885 τοῦ
1691 2831 1883 2896 αἰῶνος
1898 2835 2022 2885 τού-

428 2946 563 2993 τους
598 2927 752 2980 ποίου
785 2925 1046 2990 σκότους;
1077 2918 1186 2994 ἆρα
1207 2922 1306 2990 τῆς
1324 2920 1548 2985 νυκτός;
1575 2920 1860 2990 Οὐδαμῶς,
1889 2920 2024 2974 ἀλλὰ

430 3017 532 3085 τῆς
573 3013 844 3084 πονηρίας
875 3027 889 3044 ο
923 3005 1111 3080 *Ημεν
1139 3009 1267 3079 γὰρ,
1301 3008 1454 3076 φησι,
1486 3008 1673 3070 σκότος
1706 3007 1857 3070 ποτὲ,
1883 3007 2024 3060 οὕτω

433 3106 536 3176 τὴν
595 3101 863 3172 πονηρίαν
900 3099 1078 3166 λέγων
1097 3098 1196 3167 τὴν
1219 3097 1276 3149 ἐν
1299 3095 1376 3164 τῷ
1402 3095 1630 3166 παρόντι
1663 3095 1780 3166 βίῳ.
1807 3098 1881 3149 Οὐ
1917 3097 2024 3167 γὰρ

432 3193 549 3259 ἔξει
602 3188 919 3260 περαιτέρω
975 3185 1182 3257 χώραν,
1239 3184 1340 3236 οὐκ
1384 3185 1443 3236 ἐν
1486 3183 1718 3254 οὐρανῷ,
1741 3183 1839 3238 οὐκ
1866 3186 1922 3236 ἐν
1948 3186 2026 3256 τῷ

437 3278 578 3350 μετὰ
616 3277 789 3331 ταῦτα
815 3272 991 3328 αἰῶνι.

508 3399 981 3473 Κοσμοκράτορας
1031 3395 1087 3451 δέ
1134 3395 1331 3459 αὐτούς
1370 3411 1534 3468 φησιν
1557 3437 1570 3460 ,
1598 3395 1694 3467 οὐχ
1721 3396 1795 3461 ὡς
1816 3396 1906 3451 τοῦ
1932 3397 2024 3451 κό-

437 3509 579 3564 σμου
613 3488 970 3561 κρατοῦντας,
992 3485 1104 3539 ἀλλ’
1137 3485 1212 3547 ὡς
1242 3484 1350 3536 τῶν
1387 3485 1638 3555 πονηρῶν
1668 3485 1843 3556 ἔργων
1869 3486 2028 3550 ὄντας

437 3579 669 3640 αἰτίους.
703 3571 829 3630 Οἵδε
862 3577 972 3642 γὰρ
1008 3573 1212 3643 κόσμον
1233 3570 1419 3624 καλεῖν
1452 3572 1483 3641 ὴ
1518 3571 1704 3642 Γραφὴ
1728 3571 1826 3636 τὰς
1858 3586 2026 3644 πονη-

440 3670 543 3741 ρὰς
588 3665 815 3735 πράξεις
841 3680 855 3694 ο
893 3661 967 3724 ὡς
996 3661 1125 3712 ὅταν
1177 3659 1312 3730 λέγῃ
1341 3661 1368 3710 ὁ
1394 3659 1625 3727 Χριστός
1655 3676 1666 3688 ·
1715 3659 1897 3728 Ὑμεῖς
1917 3662 2027 3714 οὐκ

437 3757 584 3811 ἐστὲ
617 3756 686 3809 ἐκ
732 3752 839 3806 τοῦ
873 3749 1104 3817 κόσμου
1150 3747 1387 3809 τούτου,
1410 3745 1611 3813 ὥσπερ
1626 3745 1740 3814 ἐγὼ
1764 3749 1874 3801 οὐκ
1911 3749 2028 3816 εἰμί

437 3847 511 3898 ἐκ
543 3842 650 3896 τοῦ
678 3841 932 3908 κόσμου.
964 3833 1114 3904 Ἀρα
1142 3829 1234 3887 οὖν
1264 3834 1362 3886 οὐκ
1392 3829 1532 3904 ἦσαν
1560 3835 1622 3886 ἐκ
1651 3833 1744 3886 τοῦ
1773 3837 1979 3906 κόσμου
2009 3852 2024 3902 ;

437 3936 564 4004 ούχὶ
586 3933 766 4002 σάρκα
792 3928 1165 4000 περιέκειντο;
1196 3926 1258 3978 οὐ
1283 3923 1392 3976 τῶν
1416 3925 1473 3976 ἐν
1502 3923 1692 3994 κόσμῳ
1715 3920 1855 3996 ἦσαν
1881 3944 1894 3993 ;
1919 3927 2028 3980 Καὶ

439 4022 606 4075 πάλιν
634 4035 648 4048 ·
703 4019 758 4070 Ὁ
781 4021 1010 4085 κόσμος
1031 4011 1134 4082 ἐμὲ
1150 4008 1352 4080 μισεῖ,
1396 4009 1550 4078 ὑμᾶς
1573 4009 1641 4062 δὲ
1673 4013 1743 4064 οὐ
1780 4010 2027 4065 δύναται

434 4109 644 4180 μισεῖν
669 4124 681 4136 -
714 4105 878 4159 πάλιν
925 4101 1026 4164 τὰς
1059 4098 1300 4172 πονηρὰς
1359 4096 1588 4168 πράξεις
1624 4097 1800 4166 λέγων
1830 4098 2024 4162 οὕτως,

440 4195 598 4270 [I70]
628 4195 698 4247 Ἦ
739 4193 944 4260 κόσμον
992 4186 1230 4240 ἐνταῦθα
1265 4184 1390 4248 τοὺς
1413 4185 1681 4254 πονηροὺς
1709 4184 2029 4256 ἀνθρώπους

436 4289 590 4354 λέγει
623 4285 709 4336 ὀἰ
758 4281 868 4351 γὰρ
926 4279 1180 4348 δαίμονες
1222 4275 1422 4344 μᾶλλον
1480 4273 1686 4326 τούτων
1743 4275 2024 4346 κρατοῦσι.

440 4377 593 4447 Πρὸς
637 4377 848 4443 ἀρχὰς,
878 4369 1028 4437 πρὸς
1059 4368 1167 4433 τὰς
1202 4365 1491 4430 ἐξουσίας
1517 4390 1532 4429 ,
1573 4364 1724 4434 πρὸς
1752 4366 1824 4420 τὰ
1846 4383 2028 4422 πνευ-

434 4462 681 4536 ιιιιτικὰ,
709 4461 864 4531 φησὶ,
899 4457 1006 4526 τῆς
1040 4455 1334 4522 πονηρίας
1355 4453 1426 4506 ἐν
1449 4453 1573 4519 τοῖς
1606 4454 1984 4523 ἐπουρανίοις
2010 4498 2024 4512 ,

453 4554 656 4625 Ἀρχὰς
712 4551 807 4603 καὶ
863 4545 1110 4612 ἐξουσίας
1143 4545 1298 4613 φησὶ,
1351 4541 1601 4610 καθάπερ
1650 4541 1744 4593 καὶ
1789 4541 2028 4595 ἐπὶτῶν

441 4641 786 4711 ἐπουρανίων
811 4636 916 4689 εἰσὶ
945 4634 1144 4705 θρόνοι,
1175 4630 1514 4700 κυριότητες,
1547 4628 1732 4698 ἁρχαὶ,
1765 4629 2024 4692 ἐξουσίαι.

441 4730 547 4784 Διὰ
570 4727 766 4790 τοῦτο,
794 4723 959 4793 φησιν
987 4763 1002 4786 ,
1034 4716 1364 4774 ἀναι-ίάὸετε
1398 4716 1512 4782 τὴν
1545 4716 1896 4770 πανοπλίαν
1921 4719 2027 4772 τοῦ

445 4817 620 4881 Θεοῦ,
646 4815 749 4868 ἵνα
796 4807 1100 4876 δυνηθῆτε
1133 4799 1491 4870 ἀντιστῆναι
1539 4803 1608 4857 ἐν
1632 4801 1708 4872 τῇ
1730 4805 1920 4873 ἡμέρᾳ
1952 4805 2029 4874 τῇ

440 4903 680 4974 πονηρᾷ
706 4947 721 4969 ,
777 4900 878 4954 καὶ
933 4898 1169 4953 ἅπαντα
1227 4893 1732 4962 κατεργασάμενοι
1783 4894 2023 4963 στῆναι,

449 4994 699 5064 Ἡμέραν
749 4987 1010 5057 πονηρὰν,
1040 4983 1131 5038 τὸν
1177 4982 1420 5052 παρόντα
1472 4980 1604 5051 βίον,
1640 4982 1733 5035 καὶ
1770 4982 1942 5036 αἰῶνα
1971 4984 2028 5036 δέ

441 5081 679 5152 πονηρὸν
736 5077 928 5130 τοῦτον
971 5073 1144 5138 καλεῖ,
1175 5071 1281 5122 ἀπὸ
1330 5067 1440 5120 τῶν
1473 5069 1530 5119 ἐν
1550 5067 1698 5136 αὐτῷ
1727 5070 2028 5139 γινομένων

440 5170 647 5226 κακῶν,
668 5167 983 5226 Τουτέστιν,
1002 5161 1112 5214 Ἀεὶ
1137 5155 1442 5220 ὁπλίζεσθε.
1469 5153 1575 5208 Καὶ
1597 5154 1852 5221 ἅπαντα,
1872 5160 2024 5228 φησὶ,

438 5254 981 5327 κατεργασάμενον
1003 5245 1269 5305 τουτέστι,
1312 5243 1408 5296 καὶ
1436 5243 1584 5312 πάθη
1617 5245 1708 5296 καὶ
1732 5244 2028 5314 ἐπιθυμίας

437 5349 675 5408 ἀτόπους
705 5343 803 5396 καὶ
826 5342 896 5394 τὰ
930 5334 1252 5406 ἐνοχλοῦντα
1276 5333 1411 5402 ἡμῖν
1442 5331 1676 5384 ἅπαντα.
1707 5332 1820 5401 Οὐχ
1839 5333 2027 5398 ἁπλῶς

439 5431 781 5506 ἐργάσασθαι
829 5424 1002 5487 εἶπεν,
1059 5422 1196 5476 ἀλλὰ
1236 5417 1702 5506 κατεργάσασθαι,
1727 5419 1868 5472 ὥστε
1927 5423 2027 5475 οὑκ

439 5505 651 5576 ἀνελεῖν
676 5518 857 5588 μόνον,
887 5511 1024 5567 ἀλλὰ
1046 5511 1142 5563 καὶ
1161 5508 1354 5577 στῆναι
1389 5505 1526 5576 μετὰ
1549 5506 1610 5559 τὸ
1638 5507 1866 5562 ἀνελεῖν.
1887 5509 2022 5563 Πολ-

437 5607 520 5662 ῐοὶ
542 5609 652 5678 γὰρ
671 5605 770 5676 τὴν
799 5602 958 5672 νίκην
989 5601 1192 5666 ταύτην
1222 5595 1542 5664 νικήσαντες
1564 5634 1578 5658 ,
1615 5594 1777 5648 πάλιν
1807 5593 2022 5652 ἔπεσον.

441 5698 663 5759 Πάντα,
699 5691 853 5762 φησὶ,
890 5682 1414 5755 κατεργασάμενοι,
1444 5681 1505 5733 οὐ
1534 5682 1594 5732 τὸ
1635 5681 1731 5750 μὲν
1753 5683 1860 5744 ναὶ,
1893 5683 1953 5736 τὸ
1967 5685 2023 5737 δὲ

438 5785 500 5840 οῦ
531 5802 545 5814 ·
577 5784 658 5837 δεῖ
699 5781 807 5851 γὰρ
853 5776 950 5830 καὶ
996 5772 1135 5845 μετὰ
1173 5769 1270 5840 τὴν
1296 5769 1453 5838 νίκην
1481 5769 1740 5829 στάσεως.
1788 5769 2018 5842 Ἐϐληθη

440 5876 573 5929 ποτέ
599 5911 614 5936 ,
645 5869 782 5925 ἀλλὰ
820 5865 983 5922 πάλιν
1007 5859 1180 5931 ἀναζῇ
1208 5858 1276 5912 τὰ
1308 5858 1613 5926 βαλλόμενα
1634 5872 1646 5883 ·
1682 5858 1748 5909 ἂν
1777 5857 1852 5928 μὴ
1879 5859 2017 5911 στῶ-

441 5978 565 6034 μεν,
600 5959 700 6033 ἤδη
723 5958 817 6012 καὶ
852 5952 1082 6008 πεσόντα
1109 5947 1414 6002 ἀνίσταται.
1437 5946 1580 6006 Ἕως
1611 5943 1675 5996 ἂν
1706 5945 2015 6015 στὴκωμεν,

2185 825 2248 878 δ’.
2295 824 2458 896 Ὁρᾷς
2493 828 2610 889 πῶς
2642 826 2734 879 τὸν
2769 825 2934 893 φόϐον
2977 825 3177 889 ἐξεῖλεν
3210 843 3224 891 ;
3258 825 3319 878 Εἰ
3344 825 3454 897 γὰρ
3482 826 3709 880 δυνατὸν

2117 912 2564 982 κατεργάσασθαι
2593 915 2688 967 καὶ
2715 902 2927 984 στῆναι,
2950 907 3001 966 τί
3018 912 3348 982 ἀποφεύγεις
3367 914 3467 985 τὴν
3492 914 3701 984 μάχην;

2117 998 2280 1068 Στῆθι
2315 1000 2818 1076 κατεργασάμενος,
2846 1002 2940 1052 καὶ
2983 1001 3295 1070 νενίκηκας.
3328 995 3438 1054 Καὶ
3466 1000 3542 1070 μὴ
3575 1001 3706 1053 θαυι

2121 1087 2299 1156 μάσῃς
2325 1071 2692 1156 smmi“
2746 1076 2876 1156 περί
2920 1087 3020 1157 τῆς
3054 1087 3160 1140 τῶν
3187 1088 3395 1159 ἐχθρῶν
3421 1089 3708 1159 δυνάμεως

2117 1169 2451 1243 διεξέρχεται
2485 1192 2499 1207 ο
2533 1175 2594 1228 τὸ
2649 1175 2758 1244 γὰρ
2787 1176 2958 1229 ταῦτα
3005 1175 3261 1241 διεξιέναι
3283 1177 3342 1228 οὑ
3375 1177 3579 1230 δειλίαν
3606 1178 3708 1248 ἐμ-

2121 1252 2265 1313 ποιεῖ
2283 1262 2376 1314 καὶ
2401 1263 2586 1332 φόϐον,
2604 1263 2745 1317 ’ἀλλὰ
2768 1262 2866 1333 τὴν
2888 1264 3026 1335 ρᾳθυ
3037 1251 3164 1333 μίαν
3186 1264 3559 1340 ἀποτινάσσει.
3587 1265 3712 1318 Ἵνα

2120 1342 2420 1417 δυνηθῆτε
2452 1392 2466 1412 ,
2524 1351 2722 1425 φησὶν,
2771 1350 3129 1420 ἀντιστῆναι
3171 1353 3241 1405 ἐν
3290 1351 3363 1420 τῇ
3411 1351 3603 1421 ἡμέρᾳ
3637 1350 3712 1420 τῇ

2119 1427 2374 1516 πονηρᾷ.
2406 1431 2516 1492 Καὶ
2574 1439 2682 1493 ἀπὸ
2721 1437 2814 1492 τοῦ
2849 1440 3042 1510 χρόνου
3093 1441 3524 1510 παραμυθεῖται.
3571 1439 3713 1510 Βρα-

2119 1525 2239 1593 χὺς,
2275 1526 2464 1595 φησὶν,
2499 1527 2527 1578 ὁ
2574 1527 2763 1597 καιρός
2797 1542 2809 1555 ⁸
2843 1525 2984 1579 ὥστε
3018 1527 3123 1598 χρὴ
3191 1518 3415 1580 ἑστάναι
3447 1543 3462 1556 ο
3507 1527 3582 1597 μὴ
3613 1526 3716 1580 κά·-

2124 1615 2261 1680 μητε
2290 1612 2428 1681 μετὰ
2465 1611 2567 1683 τὴν
2619 1613 2852 1684 σφαγήν.
2905 1601 2966 1667 Εἰ
2995 1615 3174 1667 τοίνυν
3197 1599 3430 1684 πόλεμός
3461 1615 3630 1676 ἐστιν,
3664 1614 3713 1665 εἰ

2119 1701 2367 1752 τοιαῦται
2399 1700 2455 1753 αἰ
2494 1697 2829 1771 παρατάξεις
2853 1702 3012 1765 εἰσιν,
3047 1703 3096 1754 εἰ
3121 1701 3405 1772 ἀσώματοι
3429 1688 3485 1754 αἰ
3516 1703 3708 1772 ἁρχαὶ,

2121 1787 2170 1838 εἰ
2199 1788 2662 1858 κοσμοκράτορες,
2695 1791 2742 1841 εἰ
2762 1790 3108 1857 πνευματικὰ
3141 1789 3241 1858 τῆς
3271 1788 3560 1859 πονηρίας,
3591 1788 3712 1851 πῶς

2121 1877 2350 1946 τρυφᾷς,
2391 1876 2515 1928 εἰπέ
2559 1881 2684 1946 μοί;
2712 1875 2828 1938 πῶς
2857 1876 3245 1946 διακεχυμένος
3285 1871 3373 1941 ἐῖ;
3430 1876 3546 1939 πῶς
3603 1877 3712 1944 ὰφ-

2121 1959 2458 2034 ωπλίσμένοι
2476 1963 2860 2034 περιγενέσθαι
2883 1961 3224 2034 δυνησόμεθα
3245 1982 3259 2030 ;
3278 1965 3462 2018 Ταῦτα
3485 1964 3714 2027 ἕκαστος

2121 2037 2300 2120 ἐαυτῷ
2338 2050 2547 2119 λεγέτω
2595 2051 2717 2104 καθ’
2741 2043 2978 2119 ἑκάστην
3037 2051 3251 2121 ἡμέραν
3282 2067 3294 2079 ⁸
3321 2038 3451 2104 ὅταν
3485 2052 3589 2103 ὑπὸ
3617 2051 3713 2103 τοῦ

2122 2139 2294 2209 θυμοῦ
2313 2139 2606 2210 κρατῆται,
2630 2140 2757 2192 ὅταν
2787 2137 2891 2192 ὑπὸ
2910 2138 3233 2208 ἐπιθυμίας,
3267 2141 3397 2192 ὅταν
3425 2140 3518 2191 τὸν
3540 2139 3712 2208 ὑγρὸν

2119 2228 2308 2281 τοῦτον
2343 2221 2456 2298 βίον
2503 2229 2600 2280 καὶ
2641 2212 2770 2297 εἰκῆ
2807 2227 3062 2298 ἐπιζητῇ.
3107 2228 3378 2281 Ἀκουέτω
3405 2226 3496 2280 τοῦ
3535 2245 3714 2297 μακα-

2124 2315 2239 2389 ρίου
2298 2315 2510 2369 Παύλου
2572 2314 2858 2383 λέγοντος·
2901 2308 3027 2368 Οὐκ
3084 2315 3257 2369 ἔστιν
3308 2311 3452 2382 ἡμῖν
3482 2317 3514 2382 ἡ
3549 2314 3713 2382 πάλη

2122 2403 2272 2469 πρὸς
2298 2397 2441 2471 αἷμα
2471 2401 2804 2470 καίσάρκιι,
2838 2401 3168 2469 ἀλλὰπρὸς
3195 2403 3302 2467 τὰς
3329 2402 3540 2470 ἀρχὰς,
3565 2402 3717 2469 πρὸς

2124 2491 2230 2556 τὰς
2272 2490 2578 2555 ἐξοῠσίας.
2609 2489 3008 2559 Χαλεπώτερος
3068 2480 3225 2550 οὗτος
3295 2491 3322 2541 ὁ
3353 2489 3588 2558 πόλεμος
3621 2489 3716 2540 τοῦ

2123 2576 2406 2648 αἰσθητοῦ,
2453 2573 2786 2647 σφοδροτέρα
2820 2578 2852 2646 ἡ
2889 2577 3062 2647 μάχη.
3104 2574 3389 2658 Ἐννόησον
3414 2576 3537 2628 ὅσον
3560 2570 3718 2638 οὗτος
3825 2645 3831 2650 ἱ

2124 2665 2343 2718 παλαίει
2401 2665 2612 2734 χρόνον,
2647 2663 2787 2734 ὑπὲρ
2835 2663 2981 2726 τίνος
3048 2659 3348 2727 πυκτεύει,
3412 2664 3505 2715 καὶ
3555 2661 3716 2731 γενοῦ

2126 2751 2354 2805 σεαυτοῦ
2414 2750 2838 2819 ἀσφαλέστερος.
2869 2751 2996 2813 Ναὶ,
3049 2752 3234 2820 φησὶν,
3290 2736 3407 2803 an"
3439 2751 3544 2803 ἔδει
3587 2750 3718 2804 ὅντα

2122 2839 2364 2893 διάϐολον
2391 2840 2456 2891 ἐκ
2486 2838 2654 2907 μέσου
2685 2836 2961 2904 γενέσθαι,
2998 2839 3092 2890 καὶ
3122 2839 3322 2902 πάντες
3377 2837 3442 2891 ἂν
3483 2837 3717 2902 ἐσώζον-

2124 2944 2206 2980 το.
2237 2925 2423 2979 Ταῦτά
2452 2937 2600 2988 τινες
2625 2926 2732 2976 τῶν
2770 2923 3031 2995 ῥᾳθύμων
3065 2924 3525 2994 προφασιζόμενοι
3548 2925 3717 2994 φθέγ-

2125 3022 2334 3082 γονται.
2387 3012 2515 3065 Δέον
2571 3013 2630 3064 σε
2664 3011 3028 3082 εὐχαριστεῖν,
3060 3011 3335 3083 ἄνθρωπε,
3362 2998 3442 3064 ὅτι
3473 3011 3717 3065 τοιούτου

2126 3104 2382 3172 περιγίνῃ
2408 3140 2423 3166 ,
2453 3100 2520 3153 ἂν
2550 3099 2741 3171 ἐθέλῃς
2775 3139 2788 3161 ,
2823 3099 2887 3150 ἐκ
2927 3100 3036 3152 τῶν
3091 3101 3350 3152 ἐνᾶντίων
3403 3100 3496 3151 καὶ
3547 3103 3720 3168 ἀγαν-

2128 3192 2333 3254 ακτεῖς,
2363 3187 2572 3258 νωθροῦ
2603 3203 2746 3250 τινος
2769 3187 2862 3241 καὶ
2882 3187 3118 3264 ὑπνηλοῦ
3142 3187 3472 3258 στρατιώτου
3488 3188 3722 3258 φθεγγό-

2131 3293 2294 3348 μενος
2330 3276 2572 3346 ρήματα.
2621 3270 2784 3338 Οἶδας
2839 3273 2938 3338 τὰς
2978 3273 3168 3337 λαϐὰς,
3193 3275 3259 3328 ἂν
3288 3273 3482 3346 ἐθέλῃς
3521 3293 3535 3306 ·
3559 3293 3718 3347 περι-

2131 3365 2325 3419 σκόπει
2353 3362 2636 3428 πάντοθεν,
2666 3363 2860 3416 σαυτὸν
2895 3361 3120 3432 τείχιζε.
3154 3363 3287 3431 Οὐχὶ
3315 3363 3451 3432 πρὸς
3483 3363 3577 3414 τὸν
3611 3363 3720 3416 διά-

2128 3453 2284 3506 ϐολόν
2314 3454 2460 3505 ἐστιν
2485 3454 2516 3519 ή
2543 3451 2688 3522 μάχη
2721 3455 2900 3522 μόνον,
2926 3450 3059 3504 ἀλλὰ
3091 3451 3183 3504 καὶ
3213 3451 3348 3520 πρὸς
3380 3451 3477 3513 τὰς
3509 3451 3716 3502 ἐκείνου

2127 3540 2411 3612 δυνάμεις.
2455 3540 2580 3603 Πῶς
2630 3535 2724 3592 οῦν
2786 3539 3126 3608 παλαίσομεν
3165 3537 3244 3608 τῷ
3304 3539 3499 3609 σκότῳ,
3533 3540 3715 3608 φησίς

2125 3628 2247 3692 Φῶς
2280 3629 2582 3698 γενόμενοι.
2607 3627 2733 3690 Πῶς
2756 3628 2870 3690 τοῖς
2890 3627 3280 3696 πνευματικοῖς
3302 3625 3399 3694 τῆς
3428 3626 3714 3697 πονηρίας;

2140 3718 2359 3786 Ἀγαθοὶ
2395 3717 2697 3788 γενόμενοι.
2740 3715 2954 3785 Ἀγαθῷ
2986 3717 3096 3786 γὰρ
3120 3714 3360 3769 ἐναντίον
3394 3717 3425 3784 ἡ
3458 3716 3714 3784 πονηρία,

2129 3807 2226 3860 καὶ
2274 3805 2388 3874 φῶς
2435 3804 2729 3858 ἀπελαύνει
2784 3805 2976 3866 σκότος
3003 3819 3015 3833 ·
3052 3802 3202 3874 [171]
3235 3801 3301 3856 ἂν
3352 3803 3408 3854 δὲ
3447 3803 3539 3855 καὶ
3564 3802 3720 3856 αὐτοὶ

2129 3891 2283 3965 ὦμεν
2336 3895 2546 3957 σκότος,
2576 3893 2900 3963 ἁλωσόμεθα
2955 3893 3193 3955 πάντως.
3246 3891 3370 3954 Πίένς
3417 3889 3511 3944 οὖν
3540 3891 3718 3944 αὐτῶν

2129 3981 2538 4052 περιεσόμεθα;
2585 3982 2685 4033 “AV
2730 3981 2868 4051 ὅπερ
2897 3981 3034 4033 εἰσιν
3085 3979 3193 4031 ἀπὸ
3223 3977 3441 4047 φύσεως
3497 3980 3717 4043 ἐκεῖνοι,

2127 4070 2288 4124 τοῦτο
2338 4068 2624 4138 γενώμεθα
2681 4060 2792 4122 ἀπὸ
2854 4067 3228 4139 προαιρέσεως
3281 4068 3462 4136 ἡμεῖς,
3515 4066 3717 4135 σαρκὸς

2129 4158 2284 4218 ἐκτὸς
2310 4157 2404 4209 καὶ
2433 4156 2665 4227 αἵματος
2685 4172 2699 4186 ·
2727 4154 2900 4217 οὕτως
2931 4154 3132 4233 αὐτοὺς
3154 4154 3476 4223 αἱρήσομεν.
3497 4153 3717 4224 Ἐπειδὴ

2130 4247 2242 4316 γὰρ
2291 4244 2439 4308 είκδς
2495 4240 2564 4314 ἦν
2617 4243 2814 4305 αὐτοὺς
2865 4243 2973 4296 ὑπὸ
3020 4241 3231 4294 πολλῶν
3257 4239 3596 4305 ἐλαύνεσθαι,
3641 4243 3716 4311 μὴ

2130 4334 2409 4405 νομίσητε,
2433 4334 2618 4403 φησιν,
2650 4333 2731 4385 ὅτι
2762 4331 2917 4384 αὐτοὶ
2945 4328 3279 4400 πολεμοῦσιν
3302 4331 3453 4399 ἡμῖν.
3484 4330 3547 4381 Oi
3566 4332 3716 4400 ἐνερ-

2130 4422 2352 4492 γοῦντες
2393 4423 2449 4472 ἐν
2497 4419 2679 4482 αὐτοῖς
2715 4418 2967 4488 δαίμονές
3002 4419 3160 4480 εἰσιν,
3198 4418 3246 4469 οἰ
3305 4415 3672 4486 πολεμοῦντες
3699 4433 3714 4446 θ

2131 4509 2266 4581 πρὸς
2317 4506 2558 4569 ἐκείνους
2608 4506 2742 4576 ἡμῖν
2771 4507 2804 4575 ἡ
2842 4505 3010 4574 μάχη.
3041 4502 3144 4555 Δύο
3186 4503 3242 4555 δὲ
3265 4502 3371 4556 ἀπὸ
3391 4501 3598 4555 τούτων
3621 4519 3720 4554 κα-

2129 4594 2479 4658 τασκευάζει,
2513 4593 2712 4657 αὐτούς
2770 4609 2828 4646 τε
2889 4591 3332 4665 προθυμοτέρους
3383 4591 3553 4644 ποιῶν
3583 4587 3717 4661 πρὸς

2130 4685 2254 4748 τοὺς
2280 4681 2655 4752 πολεμοῦντας
2689 4681 2872 4744 αὐτοῖς
2892 4693 2940 4744 ιι,
2966 4680 3060 4733 καὶ
3094 4679 3228 4750 πρὸς
3254 4678 3498 4740 ἐκείνους
3520 4677 3610 4730 τὸν
3632 4678 3720 4731 θυ-

2135 4772 2232 4843 μδν
2258 4771 2510 4842 ἐγείρων.
2569 4771 2678 4823 Καὶ
2726 4769 2872 4832 τίνος
2893 4769 3078 4822 ἐνεκεν
3101 4765 3240 4837 πρὸς
3269 4765 3486 4829 τούτουςΙ
3518 4768 3648 4834 ἡμῖν
3683 4767 3716 4835 ἠ

2135 4859 2282 4929 μάχη
2314 4859 2641 4927 γεγένηται;
2678 4856 2898 4926 Ἐπειδὴ
2921 4855 3015 4908 καὶ
3043 4853 3336 4923 σύμμαχον
3367 4853 3562 4922 ἐχομεν
3579 4853 3717 4922 άμα-
3794 4866 3797 4870 ·

2131 4963 2253 5016 χον,
2283 4945 2380 4998 τοῦ
2427 4945 2745 5014 Πνεύματος
2794 4941 2894 5012 τὴν
2924 4942 3104 5011 χάριν,
3129 4939 3324 5010 τέχνην
3359 4938 3716 5010 ἐδιδάχθημεν

2130 5031 2405 5102 τοιαύτην,
2437 5030 2579 5084 ὥστε
2635 5030 2710 5100 μὴ
2767 5029 2902 5100 πρὸς
2945 5026 3265 5096 ἀνθρώπους
3303 5024 3566 5079 δύνασθαι
3611 5043 3714 5080 πα-

2131 5119 2307 5172 λαίειν
2335 5161 2350 5185 ,
2387 5118 2525 5172 ἀλλὰ
2556 5119 2692 5190 πρὸς
2738 5116 3023 5187 δαίμονας.
3063 5115 3160 5166 Ἂν
3196 5113 3254 5166 δὲ
3275 5113 3573 5183 ἐθέλωμεν,
3594 5114 3716 5166 οὐδὲ

2133 5207 2492 5276 παλαίσομεν,
2509 5205 2697 5276 ἐπειδὴ
2726 5205 2834 5275 γὰρ
2867 5203 3190 5274 βουλόμεθα,
3215 5201 3360 5270 πάλη
3385 5201 3532 5253 ἐστίν
3557 5217 3570 5229 ·
3593 5201 3717 5254 ἐπεὶ

2133 5293 2367 5363 τοσαύτη
2415 5295 2448 5364 ὴ
2491 5292 2720 5361 δύναμις
2757 5293 2852 5345 τοῦ
2879 5290 3213 5352 ἐνοικοῦντος
3254 5292 3310 5343 ἐν
3341 5291 3491 5357 ἡμῖν,
3522 5289 3596 5352 ὡς
3629 5289 3714 5341 λέ-

2131 5397 2271 5448 γειν*
2315 5380 2466 5436 Ἰδοὺ
2509 5382 2739 5434 δέδωκα
2767 5381 2911 5450 ὑμῖν
2943 5379 3237 5444 ἐξουσίαν
3275 5378 3486 5430 πατεῖν
3515 5377 3716 5430 ἐπάνω

2135 5471 2329 5540 ὁρεων
2356 5469 2452 5523 καὶ
2469 5469 2794 5537 σκορπίων,
2821 5469 2919 5522 καί
2946 5467 3043 5520 ἐπὶ
3077 5466 3285 5520 πᾶσαν
3313 5465 3427 5532 τὴν
3458 5466 3716 5534 δύναμιν

2131 5559 2237 5610 tui}
2270 5557 2509 5626 ἐχθροῦ.
2548 5559 2734 5611 Ilio-av
2764 5558 2895 5624 ἡμῖν
2930 5555 3161 5607 δέδωκεν
3205 5554 3453 5618 ἐξουσίαν
3501 5555 3595 5608 καὶ
3618 5553 3714 5606 τοῦ

2130 5643 2400 5708 παλαίειν,
2432 5645 2526 5696 καὶ
2559 5644 2650 5697 τοῦ
2695 5643 2770 5714 μὴ
2800 5642 3050 5696 παλαίειν
3078 5658 3092 5672 ’
3121 5642 3310 5713 ἐπειδὴ
3339 5642 3395 5694 δὲ
3427 5645 3588 5713 ἡμεῖς
3610 5660 3714 5696 νω-

2190 5913 2214 5937 ﬂ
2241 5899 2388 5962 Μαι-ις.
2417 5899 2592 5960 S:u\'il.,
2634 5901 3008 5962 αὐστηροτέρους
3040 5901 3208 5956 ποιῶν,
3251 5900 3430 5946 καὶτὸν
3453 5899 3568 5961 πρὸς
3588 5895 3715 5947 ἐκεί-

2126 5978 2231 6017 νους
2265 5960 2406 6026 θυμόν
2433 5966 2590 6012 καλῶν
2616 5964 2721 6018 τοὺς
2751 5960 3073 6023 πολεμοῦντας
3100 5962 3274 6016 αὐτοῖς.
