4092 6564
397 489 493 544 161

394 604 508 666 θεῖς
548 606 734 674 ἐσμεν,
763 603 1065 674 παλαίομεν
1096 604 1281 667 αὐτοῖς
1305 621 1320 636 ο
1354 603 1476 656 ἐπεὶ
1521 603 1603 656 δτι
1636 602 1850 665 Παῦλος
1878 600 1980 654 οὐκ

394 691 711 754 ἐπάλαισεν,
747 690 979 743 ἄκουσον
1010 688 1175 742 αὑτοῦ
1208 690 1459 759 λέγοντος
1487 707 1501 721 ο
1534 688 1635 755 Τίς
1673 687 1832 757 ἡμᾶς
1873 705 1983 757 χωσ

389 780 549 846 ρίσει
595 776 713 831 ἀπὸ
749 775 861 844 τῆς
887 775 1128 845 ἀγάπης
1159 775 1267 830 τοῦ
1330 775 1590 845 Χριστοῦ
1618 793 1638 841 ;
1681 776 1910 845 θλῖψις,
1944 774 1983 841 ἢ

396 864 785 931 στενοχωρία,
817 863 855 930 ἢ
890 862 1089 931 λιμὸς,
1116 863 1155 930 ἢ
1198 862 1473 933 διωγμὸς,
1504 862 1543 931 ἣ
1586 864 1908 934 γυμνότης,
1947 861 1985 928 ἢ

395 950 697 1016 κίνδυνος,
730 951 769 1018 ἢ
819 950 1127 1020 μάχαιρα;
1159 951 1269 1003 Καὶ
1296 951 1458 1005 πάλιν
1510 951 1676 1005 ἄκουε
1702 949 1869 1003 αὐτοῦ
1903 947 1991 1001 λέ-

395 1052 582 1104 γοντος
607 1053 622 1067 ·
655 1035 709 1087 Ὀ
745 1036 890 1101 Θεὸς
909 1039 1229 1106 συντρίψει
1262 1037 1374 1090 τὸν
1396 1035 1673 1092 σατανᾶν
1706 1036 1824 1091 ὑπὸ
1847 1033 1988 1100 τοὺς

394 1121 586 1187 πόδας
620 1122 786 1191 ὑμῶν
814 1123 884 1176 ἐν
903 1122 1091 1190 τάχει.
1125 1120 1256 1194 Εἶχε
1279 1123 1389 1196 γὰρ
1430 1123 1592 1178 αὐτὸν
1616 1122 1991 1192 ὑποτεταγμέ-

394 1224 485 1262 νον
511 1222 524 1237 ’
577 1207 659 1261 διδ
703 1210 800 1262 καὶ
851 1209 1026 1278 ἔλεγε·
1084 1209 1485 1281 Παραγγέλλω
1509 1224 1609 1266 σοι
1647 1210 1719 1264 ἐν
1749 1211 1991 1278 ὀνόματι

396 1295 506 1350 τοῦ
556 1295 781 1364 Κυρίου
828 1296 1023 1363 Ἰησοῦ
1061 1297 1334 1361 ἐξελθεῖν
1359 1298 1463 1352 ἀπ’
1488 1297 1700 1366 αὐτῆς.
1730 1297 1903 1351 Τοῦτο
1933 1296 1992 1349 δὲ

396 1385 501 1439 οὐκ
527 1383 646 1438 ἐστι
684 1384 1103 1448 παλαίοντος.⁹0
1142 1386 1250 1456 γάρ
1280 1385 1528 1440 παλαίων
1555 1385 1770 1439 οὐδέπω
1806 1385 1992 1455 ἐνίκη-

403 1489 520 1538 σεν,
557 1476 586 1528 6
615 1474 672 1527 δὲ
699 1474 933 1545 νικήσας
984 1475 1167 1526 οὐκέτι
1204 1474 1445 1529 παλαίει.
1487 1473 1781 1539 Ύπέταξεν
1809 1473 1991 1540 αὐτὸν,

406 1560 847 1634 ἐξῃχμαλώτισε.
875 1563 986 1614 Καὶ
1012 1562 1217 1635 Πέτρος
1246 1563 1302 1616 δὲ
1325 1563 1424 1616 οὐκ
1454 1562 1681 1617 ἐπάλαιε
1703 1562 1781 1634 τῷ
1815 1561 1996 1614 διαϐόο

399 1650 495 1719 λῳ,
530 1648 647 1703 ἀλλ’
671 1647 700 1701 ὃ
738 1648 833 1701 τοῦ
870 1648 1129 1702 παλαῖσαι
1160 1649 1367 1720 βέλτιον
1395 1645 1486 1720 ἦν,
1509 1650 1667 1703 τοῦτο
1684 1649 1990 1720 εἰργάζετο.

414 1738 504 1791 Ἐν
555 1741 666 1802 τοῖς
696 1740 929 1801 πιστοῖς,
956 1740 1013 1791 ἐν
1049 1741 1161 1802 τοῖς
1193 1739 1581 1803 ὑπακούουσιν,
1610 1740 1670 1791 ἐν
1720 1740 1832 1802 τοῖς
1864 1755 1996 1791 κατ-

404 1844 441 1897 η
453 1844 551 1897 χου
562 1826 747 1896 μένοις
767 1829 831 1879 ἐκ
850 1826 1045 1879 πολλοῦ
1062 1826 1156 1879 τοῦ
1180 1827 1463 1897 περιόντος
1482 1825 1749 1898 ἐκράτουν
1764 1825 1926 1879 αὑτοῦ
1943 1838 1990 1879 ει.

402 1914 495 1967 Διὸ
544 1913 641 1966 καὶ
674 1912 907 1982 ἐλεγενὸ
939 1913 1210 1984 μακάριος
1250 1913 1462 1977 Παῦλος
1493 1929 1507 1943 ’
1552 1914 1634 1967 Οὐ
1660 1912 1773 1982 γὰρ
1806 1912 1995 1967 αὐτοῦ

402 2001 477 2056 τὰ
498 2000 769 2070 νοήματα
818 2000 1176 2070 ἀγνοοῦμεν.
1211 2000 1377 2054 Ὅθεν
1427 2000 1524 2054 καὶ
1557 1999 1792 2071 μάλιστα
1828 1999 1995 2053 αὑτοῦ

405 2089 774 2156 περιεγένετο.
811 2088 920 2140 Καὶ
974 2071 1138 2142 πάλιν
1192 2088 1358 2143 ἀκουε
1388 2087 1554 2142 αὐτοῦ
1586 2087 1838 2156 λέγοντος
1870 2104 1883 2116 ·
1911 2089 1995 2142 Οὐ

403 2174 777 2245 θαυμαστόν,
806 2177 858 2228 ει
892 2174 990 2227 καί
1015 2176 1070 2228 οἱ
1090 2173 1360 2228 διάκονοι
1385 2172 1575 2228 αὐτοῦ
1606 2189 1995 2244 μετασχημα-

402 2262 680 2325 τίζονται,
712 2262 795 2326 ὡς
847 2260 1112 2315 διάκονοι
1165 2260 1580 2329 δικαιοσύνης,
1636 2260 1825 2324 Οῦτως
1874 2260 1992 2332 ⁴ᾔδει

406 2352 587 2404 πᾶσαν
636 2350 735 2420 τὴν
800 2348 1001 2421 μάχην,
1037 2348 1133 2402 καὶ
1175 2340 1326 2400 οὐδὲν
1368 2348 1531 2403 αὑτὸν
1553 2348 1834 2402 ἐλάνθανε.
1862 2348 1992 2414 Καὶ,

411 2437 487 2492 Τὸ
512 2436 853 2505 μυστήριον
898 2436 1029 2506 γὰρ,
1090 2436 1277 2505 φησὶν,
1327 2434 1444 2504 ἤδη
1507 2435 1831 2506 ἐνεργεῖται
1885 2434 1998 2504 τῆς

407 2525 682 2593 ἀνομίας.
729 2523 889 2576 Ἀλλά
941 2523 1078 2593 πρὸς
1136 2524 1284 2592 ἡμᾶς
1348 2524 1382 2593 ή
1444 2523 1592 2592 πάλη
1630 2523 1799 2577 ἐστίν.
1843 2521 1999 2576 Ἐπεὶ

412 2614 579 2665 ἄκουε
635 2610 798 2665 πάλιν
843 2609 1010 2664 αὑτοῦ
1031 2607 1282 2678 λέγοντος
1308 2627 1323 2641 ’
1356 2608 1687 2680 Πέπεισμαι
1726 2609 1815 2663 ὅτι
1860 2610 2000 2663 οὔτε

407 2698 673 2767 ἄγγελοι,
710 2699 851 2751 οὔτε
897 2697 1097 2766 ἀρχαί,
1146 2696 1285 2750 οὒτε
1320 2696 1615 2763 ἐξουσίαι,
1644 2698 1782 2751 οὔτε
1818 2694 2000 2750 δυνά-

403 2790 558 2857 μεις,
591 2786 729 2840 οὔτε
756 2784 1056 2838 ἐνεστῶτα
1081 2824 1097 2850 ,
1138 2785 1276 2840 οὔτε
1291 2783 1619 2853 μέλλοντα,
1644 2785 1782 2838 οὔτε
1804 2785 2000 2850 κτίσις

407 2872 581 2942 ἑτέρα
629 2871 963 2941 δυνήσεται
994 2872 1153 2942 ἡμᾶς
1197 2874 1446 2943 χωρίσαι
1480 2873 1596 2927 ἀπὸ
1618 2871 1728 2939 τῆς
1761 2872 2000 2941 ἀγάπης

409 2961 516 3015 τοῦ
550 2960 829 3031 Χριστοῦ.
854 2960 968 3014 Οὐκ
1005 2956 1160 3012 εἶπεν
1186 2960 1396 3025 άπλῶς,
1456 2960 1590 3014 Ἀπὸ
1617 2958 1712 3012 τοῦ
1735 2960 1997 3029 Χριστοῦ,

409 3048 547 3114 ἀλλ’,
590 3047 734 3101 Ἀπὸ
766 3045 878 3115 τῆς
913 3046 1151 3117 ἀγάπης
1201 3047 1307 3102 τοῦ
1339 3047 1620 3117 Χριστοῦ.
1650 3047 1843 3100 Πολλοὶ
1891 3048 2000 3117 γάρ

411 3136 550 3189 εἰσιν
581 3135 850 3207 ἡνωμένοι
880 3135 1040 3204 δῆθεν
1078 3134 1156 3204 τῷ
1190 3134 1437 3208 Χριστῷ,
1460 3136 1561 3189 οὐκ
1588 3134 1910 3204 ἀγαπῶντες
1943 3136 2001 3189 δὲ

412 3223 594 3278 αὐτόν.
623 3223 698 3275 Οὐ
732 3222 890 3293 μόνον
911 3261 927 3285 ,
963 3222 1130 3291 φησὶν
1151 3261 1167 3288 ,
1201 3222 1541 3293 ἀρνήσασθαι
1575 3240 1643 3293 με
1664 3224 1724 3276 ού
1766 3223 1997 3287 πείσεις,

411 3310 526 3366 ἀλλ’
559 3310 679 3363 οὐδὲ
708 3305 868 3381 ἦττον
900 3310 1063 3363 αὑτὸν
1089 3309 1391 3379 ἀγαπῆσαι.
1416 3311 1479 3363 Et
1517 3309 1573 3364 δέ
1613 3312 1668 3364 αί
1707 3311 1821 3365 ἀνω
1840 3309 2001 3364 δυνά-

415 3417 538 3472 μεις
561 3399 662 3453 οὐκ
717 3398 785 3452 ἂν
836 3396 996 3451 τοῦτο
1035 3397 1284 3466 ἴσχυσαν,
1318 3394 1469 3469 [172]
1507 3395 1593 3461 τίς
1622 3397 1807 3469 ἕτερος
1839 3398 2001 3453 αὑτὸν

415 3486 749 3558 μετέστησεν
775 3503 789 3552 ;
823 3484 935 3555 Οὐχ
956 3483 1032 3546 ὡς
1052 3482 1108 3536 δὲ
1136 3483 1361 3536 ἐκείνων
1387 3484 1800 3555 ἐπιχειρουσῶν,
1826 3485 2002 3541 ταῦτά

412 3593 598 3648 φησιν,
616 3574 751 3629 ἀλλά
770 3573 895 3628 καθ’
911 3572 1190 3627 ὑπόθεσιν.
1216 3573 1306 3625 Διὸ
1325 3573 1420 3627 καὶ
1441 3572 1615 3643 ἔλεγε·
1641 3574 1996 3645 Πέπεισμαι.

413 3663 625 3717 οὐκοῦν
653 3664 755 3716 οὐκ
782 3661 1045 3716 ἐπάλαιεν
1076 3702 1094 3726 ,
1125 3660 1240 3714 ἀλλ’
1278 3661 1430 3732 ὅμως
1458 3662 1883 3733 φοϐεῖταιαύτοῦ
1902 3664 2003 3727 τὰς

358 3772 363 3777 ι
415 3751 774 3822 πανουργίας.
805 3750 1004 3803 Ἀκουε
1032 3748 1142 3819 7&9
1164 3749 1328 3803 αὐτοῦ
1355 3749 1607 3819 λέγοντος
1634 3766 1648 3780 ο
1677 3751 1999 3821 Φοϐοῦμαι,

411 3837 496 3909 μή
560 3854 685 3903 πως
720 3838 800 3902 ὠς
842 3840 877 3891 ό
915 3836 1047 3905 ὄφις
1084 3838 1252 3892 Εὔαν
1273 3837 1664 3907 ἐξηπάτησεν
1689 3838 1760 3891 ἐν
1787 3837 1862 3906 τῇ
1887 3852 2002 3892 πα-

413 3925 666 3995 νουργίᾳ
719 3923 927 3989 αὐτοῦ,
980 3924 1133 3978 οὕτω
1184 3924 1384 3995 φθαρῇ
1441 3926 1515 3979 τὰ
1537 3925 1808 3995 νοήματα
1834 3924 2004 3995 ὑμῶν

414 4012 536 4069 ἀπὸ
570 4009 678 4077 τῆς
696 4010 1038 4080 ἁπλότητος
1060 4011 1168 4081 τῆς
1188 4018 1275 4080 εις
1304 4015 1408 4067 τὸν
1438 4014 1718 4083 Χριστόν.
1740 4012 1870 4078 Ναὶ,
1897 4030 2003 4085 φη-

420 4100 524 4153 σίν·
549 4098 685 4153 ἀλλά
706 4100 799 4153 καὶ
820 4099 962 4172 ὑπὲρ
982 4102 1173 4155 ἑαυτοῦ
1190 4102 1365 4173 τούτῳ
1384 4101 1463 4173 τῷ
1484 4104 1689 4174 ῥήματι
1716 4106 2001 4177 κέχρηται,

417 4187 591 4257 λέγων
613 4206 627 4219 ·
663 4187 961 4257 Φοϐοῦμαι
1010 4189 1140 4260 γὰρ,
1161 4188 1247 4259 μή
1282 4203 1408 4255 πως
1458 4190 1674 4259 ἄλλοις
1706 4193 2002 4263 κηρύξας,

416 4276 605 4341 αὐτὸς
662 4276 950 4347 ἀδόκιμος
989 4278 1265 4348 γένωμαι.
1321 4278 1448 4344 Πῶς
1473 4274 1890 4362 οὖνκπέπεισαι,
1921 4281 2005 4335 ὅτι

419 4364 596 4427 οὐδείς
623 4380 684 4416 σε
719 4365 947 4434 χωρίσει
978 4383 994 4433 ;

491 4457 557 4519 ε’,
599 4451 767 4523 Ὀρᾷς
795 4453 880 4506 δτι
920 4454 1428 4526 ταπεινοφροσύνης
1468 4455 1531 4510 τὸ
1567 4456 1722 4529 ῥῆμά
1756 4457 1875 4511 ἐστι
1910 4456 2008 4511 καὶ

426 4540 813 4612 μετριότητος;
841 4541 981 4612 Ἤδη
1014 4540 1124 4612 γάρ
1151 4543 1360 4606 ἐκεῖνος
1379 4542 1516 4613 ᾤκει
1535 4530 1628 4598 τὸν
1648 4544 1899 4616 οὐρανόν·
1924 4543 2005 4597 διὸ

421 4633 519 4686 και
538 4630 747 4700 ελεγενο
771 4630 968 4686 Οὐδὲν
1001 4631 1104 4700 γορ
1126 4630 1367 4702 ἐμαυτῷ
1390 4619 1678 4688 σύνὸιδα·
1703 4635 1796 4688 και
1818 4634 2002 4701 πάλιν,

430 4718 541 4773 Τὸν
566 4718 792 4789 δρόμον
820 4717 1120 4773 τετέλεκα.
1164 4720 1330 4773 Ὥστε
1372 4719 1473 4774 οὐκ
1502 4722 1583 4784 είς
1610 4721 1785 4777 ταῦτα
1812 4724 2005 4776 ἐνεπό-

423 4807 569 4871 διζεν
603 4806 753 4878 αὑτῴ
784 4810 813 4861 6
840 4806 1109 4870 διάϐολος,
1145 4806 1262 4860 ἀλλ’
1289 4810 1369 4871 είς
1392 4808 1465 4861 τὰ
1487 4809 1596 4862 τῶν
1629 4808 1909 4884 μαθητῶν.
1941 4809 2005 4864 Τί

423 4895 659 4968 δήποτε;
697 4894 919 4966 Ἐπειδὴ
949 4894 1157 4949 τούτων
1192 4895 1293 4947 οὐκ
1324 4886 1579 4967 αύτὺς’ἦν
1602 4896 1789 4969 κύριος
1821 4899 2003 4969 μόνον,

426 4983 565 5046 ἀλλὰ
598 4983 693 5037 καὶ
725 4984 760 5054 ή
812 4983 1039 5038 ἐκείνων
1074 4983 1419 5054 προαίρεσις.
1488 4983 1638 5039 Ἐκεῖ
1684 4987 1832 5041 ἐστιν
1869 4988 2004 5041 ὅπου

425 5072 648 5143 ἐκράτει
667 5081 691 5100 ί
721 5070 924 5141 μᾶλλον
953 5070 1012 5123 δὲ
1059 5069 1180 5137 οὐδὲ
1230 5071 1347 5123 ἐκεῖ
1396 5069 1562 5125 αὐτοῦ
1597 5073 1840 5144 ἐκράτει,
1870 5074 2008 5130 ἀλλά

423 5161 525 5231 τῆς
560 5157 834 5231 ῥᾳθυμίας
871 5157 981 5211 τῶν
1022 5157 1099 5228 μὴ
1130 5158 1533 5229 προσεχόντων.
1563 5161 1626 5215 El
1673 5165 1770 5232 μὲν
1801 5163 1910 5235 7&9
1936 5163 2005 5217 τά

428 5248 560 5316 παρ’
602 5245 768 5298 αὑτοῦ
807 5246 883 5316 μὴ
915 5244 1181 5315 ἐπλήρου,
1214 5244 1249 5315 ἦ
1280 5244 1370 5298 διὰ
1410 5246 1726 5322 νωθείαν,ἢ
1771 5250 1839 5304 δι’
1879 5251 2008 5305 ἄλλο

427 5350 482 5386 τι
518 5332 779 5397 τοιοῦτον,
816 5331 984 5385 αὑτοῦ
1018 5333 1272 5401 ἐκράτει’
1308 5335 1356 5385 εἰ
1396 5333 1453 5386 δὲ
1496 5335 1660 5399 αὐτὸς
1702 5338 1801 5408 μὲν
1828 5338 2008 5393 πάντα

428 5420 721 5490 ἔπραττεν,
748 5420 950 5473 ἐκεῖνοι
975 5418 1033 5471 δὲ
1062 5419 1163 5473 οὐκ
1196 5419 1493 5484 ἐπείθοντο,
1516 5423 1617 5477 οὐκ
1653 5425 1818 5479 αὐτοῦ
1842 5428 2007 5497 ἐκρά-

429 5525 531 5603 τειϋ,
561 5504 708 5606 ἀλλὰ
722 5505 839 5604 ’τῇς
865 5504 1087 5606 ἐκείνων
1124 5506 1405 5571 ἀπειθείας
1424 5526 1437 5537 ·
1477 5511 1572 5563 καὶ
1611 5511 1673 5564 τὸ
1701 5513 1917 5583 νόσημα
1946 5514 2006 5567 ού
2030 5544 2041 5606 (

432 5588 526 5646 τοῦ
561 5591 750 5663 ἰατροῦ
774 5591 1018 5660 ἐκράτει,
1047 5594 1181 5649 ἀλλά
1202 5596 1303 5666 τῆς
1325 5598 1549 5663 ἀταξίας
1568 5600 1663 5653 τοῦ
1686 5601 2005 5672 κάμνοντος.

434 5678 605 5733 ὐταν
636 5679 744 5751 7&9
780 5679 941 5745 αὐτὸς
975 5681 1072 5753 μὲν
1112 5684 1291 5739 πάντα
1326 5688 1836 5759 παρασκευάσηται,
1875 5692 2011 5745 ἐκεῖ·

500 5904 522 5963 ί
544 5909 683 5962 Addil
715 5910 780 5962 id.
789 5949 803 5974 ,
828 5914 907 5962 καὶ
932 5915 1027 5962 τῶν
1049 5915 1294 5979 δυνάμεων
1319 5917 1415 5963 τῶν
1440 5914 1606 5965 αὐτοῦ.

1048 486 1108 544 S.
1144 485 1435 545 JOANNIS
1470 481 1967 541 CIIRYSOSTOMI
2006 480 2336 540 ARCIHEP.
2374 481 2932 540 CONSTANTINOP.

3552 484 3657 543 162

2084 617 2175 665 νος
2202 598 2258 654 δὲ
2288 601 2469 654 πάντα
2496 599 2811 672 διαφθείρῃ,
2835 601 3043 662 ἐκεῖνος
3073 598 3323 669 ἥττηται,
3352 596 3453 667 οὐχ
3479 591 3655 664 οὗτος.

2087 689 2249 742 ’Ὥστε
2274 685 2509 759 οὐδαμοῦ
2546 688 2816 758 ἐκράτησε
2845 687 2938 741 τοῦ
2980 685 3216 740 Παύλου.
3257 685 3406 756 Πλὴν
3435 685 3549 739 ἀλλ’
3573 685 3659 755 ἐφ’

2085 776 2241 847 ἡμῶν
2262 775 2542 845 ἀγαπητὸν
2565 775 2626 828 τὸ
2654 775 2748 829 καὶ
2776 774 3035 829 δύνασθαι
3058 773 3328 828 παλαίειν.
3368 773 3663 843 Ῥωμαίοις

2092 863 2191 934 μὲν
2212 865 2273 916 οὐ
2304 862 2462 916 τοῦτο
2484 862 2798 933 ἐπεύχεται,
2817 862 2953 916 ἀλλά
2971 863 3023 915 τί
3041 880 3056 926 ;
3081 861 3404 929 Συντρίψει
3423 860 3532 914 τὸν
3551 876 3664 914 σα-

2086 946 2276 1005 ταναν
2301 950 2419 1005 ὑπὸ
2464 948 2607 1015 τοὺς
2635 949 2826 1016 πόδας
2875 949 3045 1019 ὑμῶν
3076 950 3148 1002 ἐν
3177 947 3345 1018 τάχει
3364 965 3378 979 ο
3413 948 3514 1002 καὶ
3539 947 3666 1001 τού-

2087 1054 2199 1098 τοις
2236 1036 2410 1099 οῦτως
2442 1037 2757 1106 ἐπεύχεται.
2814 1037 2897 1102 Τῴ
2934 1035 3247 1105 δυναμένῳ
3279 1034 3431 1102 ὑπὲρ
3468 1035 3667 1089 πάντα

2088 1123 2341 1193 ποιῆσαι
2370 1123 2916 1199 ὑπερεκπερισσοῦ,
2955 1118 3043 1177 ὧν
3072 1126 3395 1190 αίτούμεθα
3422 1123 3460 1190 ἢ
3490 1121 3666 1177 νοοῦ-

2082 1228 2217 1282 μεν.
2252 1211 2312 1265 Ὀ
2335 1211 2604 1275 παλαίων,
2640 1210 2722 1264 ἔτι
2761 1212 3081 1281 κατέχεται·
3116 1211 3257 1283 πλὴν
3299 1209 3414 1263 ἀλλ’
3446 1212 3665 1280 ἀγαπη-

2090 1299 2181 1352 τὸν
2213 1299 2308 1353 καὶ
2336 1301 2399 1353 τὸ
2428 1298 2505 1370 μὴ
2539 1301 2748 1355 πεσεῖν.
2778 1300 2914 1352 Τότε
2945 1301 2978 1371 ή
3012 1300 3136 1371 νίκη
3169 1298 3400 1371 λαμπρά
3428 1297 3661 1366 γίνεται,

2090 1390 2219 1443 ὃταν
2264 1388 2568 1459 ἐξέλθωμεν
2623 1386 2889 1443 ἐντεῦθεν.
2921 1382 3069 1451 Οἷον,
3109 1388 3248 1441 ἔστω
3278 1404 3361 1449 τις
3400 1385 3665 1457 ἐπιθυμία

2094 1476 2343 1546 πονηρά’
2375 1475 2438 1529 τὸ
2471 1475 2570 1546 μὲν
2610 1474 2933 1547 παράδοξον,
2981 1475 3118 1546 μηδὲ
3142 1472 3393 1543 δέχεσθαι
3425 1472 3663 1542 ταύτην,

2093 1563 2231 1618 ἀλλά
2248 1562 2531 1618 σϐεννύναι
2555 1579 2569 1594 °
2592 1566 2641 1617 εί
2668 1563 2725 1617 δὲ
2740 1562 2900 1617 τοῦτο
2914 1563 2976 1615 ού
3006 1562 3254 1628 δυνατὸν,
3287 1561 3393 1619 κᾶν
3422 1559 3666 1615 παλαίω-

2096 1668 2194 1721 μεν
2245 1650 2342 1704 καὶ
2378 1651 2671 1715 διαπαντὸς
2713 1651 3056 1722 κατέχωμεν·
3076 1650 3143 1703 ἂν
3166 1649 3489 1710 παλαίοντες
3521 1646 3670 1713 ἐξέλ-

2094 1739 2310 1809 θωμεν,
2340 1739 2727 1809 νενικήκαμεν.
2754 1738 2827 1790 Ού
2863 1736 2972 1808 γάρ
3014 1736 3090 1799 ὡς
3114 1737 3208 1790 ἐπὶ
3245 1734 3352 1789 τῶν
3395 1734 3666 1805 ἀθλητῶν,

2092 1826 2235 1881 οὕτω
2273 1828 2367 1881 καὶ
2394 1826 2629 1882 ἐνταῦθα
2648 1842 2663 1856 ⁸
2703 1828 2824 1880 ἐκεῖ
2856 1827 2955 1896 μὲν
2985 1829 3094 1898 γάρ
3124 1826 3189 1880 ἂν
3222 1826 3297 1896 μὴ
3326 1824 3666 1896 καταϐάλῃς,

2092 1917 2155 1970 οὐ
2201 1916 2492 1986 νενίκηκας
2513 1933 2527 1946 ·
2559 1915 2795 1970 ἐνταῦθα
2823 1916 2878 1968 δὲ
2906 1914 2974 1969 ἀν
3019 1914 3095 1986 μὴ
3139 1912 3509 1985 καταϐληθῇς,
3529 1913 3670 1966 νενί-

2093 2019 2306 2072 κηκαςο
2357 2002 2423 2057 ἂν
2476 2003 2551 2074 μὴ
2602 2002 2973 2074 καταϐληθῇς,
3019 2001 3338 2065 κατέϐαλες.
3392 2000 3629 2063 Είκότως
3651 2013 3666 2029 ⁸

2093 2090 2212 2144 ἐκεῖ
2241 2090 2342 2161 μὲν
2391 2091 2501 2161 γάρ
2544 2090 2845 2162 ἀμφότεροι
2879 2090 3018 2162 ὑπὲρ
3067 2089 3226 2159 νίκης
3285 2087 3666 2152 σπουδάζουσι,

2096 2178 2201 2233 κᾶν
2244 2181 2273 2232 6
2312 2179 2498 2251 ἕτερος
2553 2178 2893 2249 καταϐληθῇ,
2948 2180 2977 2232 6
3027 2178 3213 2249 ἕτερος
3266 2176 3624 2246 στεφανοῦται
3650 2191 3666 2205 ο

2095 2266 2331 2320 ἐνταῦθα
2358 2267 2415 2321 δὲ
2439 2268 2537 2338 οὐχ
2562 2266 2755 2331 οὕτως,
2783 2266 2900 2320 ἀλλ’
2926 2267 2954 2319 6
2980 2265 3225 2329 διάϐολος
3245 2265 3386 2336 ὑπὲρ
3410 2265 3509 2334 τῆς
3535 2264 3671 2333 ήμε-

2095 2355 2259 2425 τέρας
2292 2355 2461 2428 ἥττης
2504 2354 2814 2419 σπουδάζει.
2859 2355 3031 2409 Ὅταν
3058 2351 3153 2409 οὖν
3192 2354 3354 2408 αὐτὸν
3383 2351 3670 2422 ἀφέλωμαι

2095 2444 2255 2498 τοῦτο
2290 2445 2432 2516 ὑπὲρ
2452 2439 2514 2499 οὗ
2541 2445 2852 2510 σπουδάζει,
2879 2445 3109 2515 ἐνίκησα
3131 2461 3147 2477 σ
3176 2444 3238 2497 οὐ
3264 2443 3373 2514 7&9
3406 2442 3548 2495 ὥστε
3574 2457 3674 2494 κα-

2096 2532 2376 2598 ταϐαλεῖν,
2407 2532 2522 2586 ἀλλ’
2549 2530 2692 2585 ὥστε
2727 2530 3163 2596 συγκαταϐαλεῖν
3192 2531 3499 2599 ἐπείγεται.
3533 2528 3672 2599 Ἤδη

2097 2619 2192 2675 οὖν
2224 2621 2537 2692 νενίκηται·
2583 2621 2747 2683 αὐτὸς
2770 2620 2881 2692 γὰρ
2904 2620 3012 2691 ήδη
3056 2617 3338 2689 βέϐληται,
3386 2617 3482 2670 καὶ
3510 2618 3572 2670 ἐν
3606 2619 3676 2687 τῇ

2098 2708 2349 2781 ἀπωλείᾳ
2377 2711 2549 2763 ἐστιν.
2591 2709 2657 2761 Ἡ
2696 2708 2753 2762 δὲ
2781 2708 2909 2778 νίκη
2951 2705 3115 2761 αὐτοῦ
3150 2706 3250 2758 οὐκ
3281 2707 3340 2757 ἐν
3366 2703 3445 2772 τῷ
3475 2719 3678 2772 στεφα-

2099 2799 2358 2866 νωθῆναι,
2390 2796 2506 2851 ἀλλ’
2548 2798 2606 2851 ἐν
2638 2795 2719 2865 τῷ
2747 2796 2848 2867 ἐμὲ
2876 2794 3143 2850 ἀπολέσαι
3162 2810 3175 2823 ·
3211 2792 3354 2846 ὥστε
3379 2791 3446 2847 ἀν
3479 2790 3555 2860 μὴ
3578 2806 3680 2842 κα-

2099 2887 2338 2952 ταϐάλω,
2373 2885 2448 2957 μὴ
2485 2884 2815 2954 καταϐληθῶ
2850 2884 2929 2949 δὲ,
2975 2882 3258 2953 νενίκηκα.
3300 2881 3397 2944 Τίς
3436 2875 3527 2932 οὖν
3557 2881 3677 2932 ἐστι

2099 2973 2331 3046 λαμπρά
2362 2975 2521 3044 νίκη;
2553 2973 2629 3026 Τὸ
2657 2974 2722 3025 ἐκ
2760 2970 3080 3042 περιουσίας
3115 2969 3449 3023 καταπατεῖν
3493 2966 3677 3031 αὑτὸν,

2100 3058 2212 3117 οἷον
2249 3065 2278 3116 6
2319 3062 2530 3125 Παῦλος
2564 3060 2761 3123 ἐποίει,
2801 3058 2953 3112 οὐδὲν
2992 3056 3294 3128 ἡγούμενος
3337 3055 3488 3129 [175]
3537 3047 3681 3107 εἶναι

2099 3151 2170 3205 τά
2187 3150 2433 3222 παρόντα
2455 3149 2775 3219 πράγματα.
2806 3147 3010 3201 Τοῦτον
3040 3146 3137 3199 καὶ
3163 3146 3327 3217 ήμεῖς
3360 3142 3677 3219 μιμώμεθα,

2100 3239 2198 3293 καὶ
2218 3237 2612 3307 σπουδάζωμεν
2646 3235 2912 3307 ἀνώτεροι
2938 3233 3218 3304 γενέσθαι,
3242 3233 3334 3287 καὶ
3366 3222 3695 3302 μηδαμόθεν

2101 3324 2363 3397 παρέχειν
2391 3323 2540 3395 αὐτῷ
2566 3323 2758 3394 λαϐήν.

2184 3430 2245 3483 '0
2282 3428 2513 3492 πλοῦτος
2540 3429 2755 3482 δίδωσιν
2793 3426 2945 3498 αὑτῷ
2972 3426 3167 3499 λαϐὴν,
3214 3426 3284 3480 τά
3323 3426 3607 3497 χρήματα,
3648 3427 3682 3495 ή

2100 3517 2377 3585 κενοδοξία
2397 3534 2411 3547 ·
2448 3519 2544 3572 καὶ
2574 3516 2835 3579 πολλάκις
2865 3517 2965 3587 μὲν
2983 3514 3145 3569 αὑτὸν
3169 3515 3462 3586 ἀνέστησε,
3483 3514 3684 3567 πολλά-

2101 3624 2189 3671 κις
2210 3606 2266 3660 δὲ
2307 3606 2588 3677 ήγρίανεν.
2636 3603 2799 3658 ’Δλλά
2841 3604 2927 3667 τίς
2965 3604 3127 3676 χρεία
3163 3601 3378 3675 πάλης;
3412 3602 3494 3666 τίς
3521 3601 3680 3672 χρεία

2104 3711 2170 3748 συ
2178 3694 2459 3765 μπλοκῆς;
2506 3693 2563 3747 '0
2587 3692 3038 3763 συμπλεκόμενος
3060 3690 3255 3762 ἄδηλον
3277 3691 3393 3761 ἔχει
3415 3688 3476 3742 τὺ
3505 3688 3678 3752 τέλος,

2102 3782 2334 3851 πότερον
2367 3780 2442 3851 μὴ
2475 3780 2737 3852 ἡττηθείη
2769 3780 2865 3833 καὶ
2908 3779 3069 3843 αὐτὸς
3101 3779 3200 3833 καὶ
3239 3778 3535 3833 ἁλώσεται·
3568 3778 3598 3830 6
3624 3775 3683 3829 Bt

2103 3870 2459 3933 καταπατῶν,
2490 3870 2658 3941 δήλην
2687 3870 2802 3941 ἔχει
2832 3869 2934 3942 τὴν
2974 3871 3156 3940 νίκην.
3188 3868 3399 3923 υύκοῦν
3427 3884 3684 3923 καταπα-

2102 3960 2360 4030 τήσωμεν
2379 3960 2473 4013 τοῦ
2506 3959 2756 4014 διαϐόλου
2787 3958 2887 4031 τὴν
2919 3959 3172 4031 δύναμιν,
3204 3960 3682 4030 καταπατήσωμεν

2100 4050 2202 4112 τὰς
2227 4048 2522 4120 ἁμαρτίας,
2562 4048 2744 4103 πάντα
2774 4048 2918 4117 λέγω
2950 4049 3020 4101 τά
3046 4047 3297 4118 βιωτικά,
3329 4046 3519 4117 θυμὸν,
3558 4048 3679 4098 ἐπισ

2104 4139 2327 4210 θυμίαν,
2348 4139 2687 4206 ἀλαζονείαν,
2717 4140 2897 4193 πάντα
2925 4140 2994 4194 τὰ
3024 4139 3176 4207 πάθη
3205 4155 3219 4170 ο
3246 4140 3332 4193 ἵνα
3353 4136 3683 4200 ἀπελθόντες

2104 4232 2242 4293 ἐκεῖ.
2269 4230 2369 4301 τὴν
2397 4228 2668 4295 ἐξουσίαν,
2691 4229 2761 4298 ἢν
2783 4227 2986 4283 ἔδωκεν
3013 4229 3147 4300 ἡμῖν
3169 4228 3198 4281 6
3225 4227 3381 4293 Θεὸς,
3413 4227 3488 4298 μή
3521 4227 3683 4298 εὑρε-

2105 4316 2288 4388 θῶμεν
2319 4316 2687 4390 προδιδόντες.
2723 4315 2882 4371 Οὕτω
2926 4315 3036 4386 7&9
3082 4317 3179 4370 καὶ
3217 4316 3327 4369 τῶν
3378 4314 3683 4385 μελλόντων

2104 4404 2524 4477 ἐπιτευξόμεθα.
2575 4405 2639 4459 El
2693 4404 2752 4458 δὲ
2810 4404 2940 4475 περὶ
2981 4403 3140 4457 τοῦτο
3184 4403 3451 4473 γινόμεθα
3494 4404 3679 4467 κακοὶ,

2104 4495 2187 4558 τίς
2218 4497 2350 4565 ήμῖν
2380 4495 2678 4566 ἐγχειρίσει
2707 4493 2774 4547 τά
2801 4494 3060 4565 μείζονας
3092 4493 3157 4546 Εἰ
3186 4491 3296 4564 γὰρ
3325 4492 3417 4545 τὸν
3442 4508 3682 4562 προσκε-

2105 4585 2392 4655 κρουκότα,
2426 4584 2517 4638 τὸν
2563 4584 2932 4654 ἠτιμωμένον,
2962 4582 3055 4636 τὸν
3088 4582 3680 4653 καταπεφρονημένον,

2104 4672 2196 4726 τὸν
2227 4672 2332 4725 ὑπὸ
2359 4674 2484 4735 τοὺς
2526 4670 2695 4734 πόδας
2729 4671 2984 4740 κείμενον
3006 4711 3020 4734 ,
3061 4666 3303 4741 πατῆσαι
3344 4670 3447 4723 οὑκ
3481 4671 3681 4741 ἠδυνή-

2106 4759 2304 4831 θημεν,
2341 4758 2460 4821 πῶς
2486 4760 2621 4829 ἡμῖν
2649 4757 2811 4812 δώσει
2833 4759 2905 4813 τὰ
2936 4758 3170 4831 πατρῷα
3196 4760 3226 4812 6
3248 4760 3476 4828 Πατήρ;
3511 4759 3561 4811 εί
3587 4757 3681 4811 τοῦ

2105 4848 2278 4913 οὓτως
2339 4848 2783 4920 ὑποτεταγμένον
2862 4848 2925 4902 ού
2997 4848 3462 4919 περιεγενόμεθα,
3520 4847 3683 4901 ποίαν

2106 4938 2304 5008 ἕξομεν
2329 4937 2644 5009 παρρησίαν
2672 4939 2751 5001 εἰς
2771 4936 2872 5008 τήν
2899 4935 3164 5008 πατρῴαν
3183 4935 3440 4990 εἰσελθεῖν
3465 4934 3681 5001 οίκίαν;

2107 5028 2242 5081 Εἰπὲ
2274 5026 2385 5098 γάρ
2421 5044 2513 5097 μοι
2547 5043 2562 5059 ο
2593 5025 2648 5079 εῖ
2680 5043 2806 5081 τινα
2835 5027 2952 5079 υίὺν
2981 5025 3148 5096 ἔχοις,
3190 5027 3399 5090 ἐκεῖνος
3427 5025 3486 5080 δὲ
3520 5025 3684 5093 ἀφεὶς

2104 5116 2234 5178 τοὺς
2271 5115 2755 5185 εὐγνωμονοῦντας
2809 5113 2920 5168 τῶν
2976 5113 3223 5179 οἰκετῶν,
3280 5113 3684 5184 ἀναμιγνύηται
3799 5158 3807 5165 .

2104 5206 2221 5266 τοῖς
2249 5221 2308 5257 σε
2331 5203 2685 5275 λελυπηκόσι,
2715 5206 2830 5269 τοῖς
2870 5205 3258 5259 ἐκπεπτωκόσι
3282 5205 3384 5276 τῆς
3419 5203 3684 5276 πατρῴας

2105 5292 2305 5357 οίκίας,
2335 5294 2449 5355 τοῖς
2483 5294 2612 5364 περὶ
2646 5291 2875 5346 κυϐείαν
2907 5292 3328 5363 ἠσχολημένοις,
3370 5294 3468 5346 καὶ
3517 5292 3683 5363 μέχρι

2104 5376 2294 5440 τέλους
2322 5376 2482 5430 τοῦτο
2521 5379 2673 5447 ποιῇ,
2714 5379 2838 5448 οὐχὶ
2875 5378 3322 5449 ἀποκληρονόμος
3350 5378 3535 5446 έσται;
3577 5378 3685 5433 Εὗ-

2092 5463 2263 5543 ὶδηλον
2293 5465 2397 5519 ὅτι.
2433 5464 2592 5518 Οῦτω
2633 5465 2728 5518 καὶ
2759 5467 2937 5536 ἡμεῖς,
2970 5464 3037 5520 ἂν
3072 5467 3307 5535 ἀφέντες
3331 5466 3460 5530 τοὺς
3488 5467 3686 5538 εύηρε-

2110 5553 2377 5623 στηκότας
2423 5554 2518 5608 καὶ
2563 5555 2691 5617 τοὺς
2724 5555 3185 5625 ἐπιτεταγμένους
3227 5557 3358 5627 ήμῖν
3397 5556 3681 5624 ἀγγέλους,

2108 5642 2576 5715 ἁναστρεφώμεθα
2602 5645 2739 5713 μετὰ
2767 5645 2860 5699 τοῦ
2893 5644 3164 5710 διαϐόλου,
3199 5647 3416 5708 πάντως
3443 5644 3684 5713 ἀποκληο

2112 5731 2332 5801 ρονόμοι
2353 5731 2609 5802 ἐσόμεθα.
2650 5731 2810 5785 Ἀλλά
2837 5731 2912 5803 μὴ
2940 5732 3151 5800 γένοιτο
3167 5732 3325 5786 τοῦτο
3353 5732 3560 5803 μηδένα
3582 5750 3687 5786 πα-

2110 5816 2224 5870 θεῖν
2243 5818 2419 5888 ήμῶν,
2447 5819 2584 5872 ἀλλὰ
2600 5818 2693 5872 τὸν
2717 5820 2952 5891 πόλεμον
2962 5821 3406 5892 ἀναδεξαμένους
3432 5821 3525 5876 τὸν
3548 5823 3685 5891 πρὸς

2114 5903 2299 5972 αὑτὸν,
2333 5909 2423 5965 καὶ
2459 5908 2788 5979 νικήσαντας
2819 5910 2956 5980 μετὰ
2983 5907 3081 5978 τῆς
3111 5908 3319 5964 ἀνωθεν
3346 5910 3683 5980 συμμαχίας,
