4092 6492
419 318 510 373 161

408 449 453 488 α
482 450 636 503 super
663 448 864 487 onmem
897 442 1183 505 potestatem
1212 434 1401 488 inimici
1432 432 1578 504 (Luc.
1619 430 1699 485 l0.
1742 430 1846 498 l9).
1872 428 2001 483 Om-

407 541 532 579 nem
566 524 721 578 nobis
764 525 912 579 dedit
950 535 1307 595 potestatem,
1354 534 1407 579 et
1434 522 1663 578 luctandi
1695 531 1749 576 et
1778 536 1882 574 non
1924 519 2005 573 lu-

403 619 587 672 ctandi
633 636 647 671 :
681 617 775 672 sed
826 620 1081 688 quoniam
1110 634 1209 673 nos
1251 633 1437 672 sumus
1466 602 1598 686 pigri
1645 627 1698 669 et
1740 614 1959 668 hebetes
1985 653 2001 679 ,

402 725 526 763 eum
552 709 628 762 eis
655 709 946 764 luctamur.
974 709 1105 762 Nam
1130 709 1271 779 quod
1294 709 1493 762 Paulus
1520 724 1625 761 non
1656 707 1718 760 sit
1752 706 2000 768 Iuctatus,

398 801 528 855 audi
584 817 706 855 eum
758 802 1051 869 dicentem,
1116 802 1243 869 Quis
1291 818 1383 855 nos
1434 800 1685 870 separabit
1726 816 1756 851 a
1795 799 2006 851 caritate

402 893 643 947 Christi?
687 894 971 960 tribulatio,
1014 912 1081 948 an
1128 897 1384 965 angustia,
1435 912 1501 947 an
1553 895 1891 964 persequutio,
1936 909 2003 944 an

405 986 630 1051 auditas,
676 1003 745 1038 an
773 986 1088 1055 periculum,
1130 1003 1196 1039 an
1227 986 1428 1056 gladius
1455 988 1472 1054 (
1501 983 1647 1039 Rom.
1681 985 1732 1039 8.
1765 984 1832 1039 55
1854 984 1908 1053 )?
1937 983 2005 1036 Et

408 1095 590 1133 rursus
617 1079 743 1133 audi
773 1095 894 1133 eum
924 1079 1216 1145 dicentem,
1250 1077 1385 1131 Deus
1413 1087 1633 1131 conteret
1658 1086 1890 1131 satanam
1910 1075 2003 1129 sub

407 1172 613 1239 pedibus
641 1174 821 1225 vestris
850 1173 948 1224 cito
977 1171 996 1241 (
1024 1172 1173 1227 Rom.
1208 1171 1294 1226 16.
1328 1169 1453 1242 20).
1488 1170 1638 1224 Illum
1672 1170 1816 1224 enim
1842 1168 2003 1223 habe-

408 1266 491 1317 bat
536 1265 845 1327 Subditum;
880 1273 933 1317 et
962 1264 1082 1317 ideo
1113 1263 1345 1323 diccbat,
1396 1262 1651 1332 Principio
1681 1263 1768 1315 tibi
1812 1263 1863 1315 in
1904 1278 1999 1314 no-

403 1357 537 1408 mine
579 1352 790 1407 Domini
829 1354 956 1407 Jesu
1000 1362 1054 1407 ut
1089 1358 1151 1406 ab
1178 1372 1236 1408 ea
1274 1371 1421 1407 exeas
1452 1354 1591 1419 (Aet.
1627 1354 1714 1407 16.
1745 1353 1852 1421 18).
1890 1351 2001 1405 lloc

402 1458 581 1502 autem
616 1463 722 1501 non
754 1456 837 1501 est
869 1448 1141 1501 luctantis.
1174 1447 1304 1501 Nam
1335 1447 1424 1517 qui
1458 1448 1685 1500 luctatur
1708 1488 1723 1509 ,
1764 1445 1999 1499 nondmn

402 1541 568 1605 vicit;
604 1543 689 1609 qui
724 1550 904 1593 autem
938 1540 1097 1605 vicit,
1145 1555 1249 1593 non
1290 1540 1525 1593 luctatur
1568 1540 1797 1608 amplius
1830 1555 1842 1590 :
1878 1552 1998 1590 nam

402 1650 524 1686 cum
573 1632 839 1701 subjecit,
884 1641 937 1687 et
969 1634 1235 1702 captivum
1273 1633 1523 1687 reddidit.
1562 1633 1749 1686 l’etrus
1789 1646 2001 1701 quoque

406 1741 514 1778 non
545 1726 854 1779 luctabatur
889 1740 1010 1779 cum
1040 1724 1291 1787 diabolo,
1340 1725 1433 1779 sed
1472 1724 1611 1793 quod
1654 1734 1771 1778 erat
1810 1723 2001 1778 melius

405 1836 564 1889 quam
602 1819 813 1884 luctari,
839 1818 891 1872 id
915 1816 1160 1872 faciebat.
1194 1817 1403 1873 Fideles
1426 1819 1596 1882 multi,
1619 1819 1994 1885 obsequentes,

403 1911 773 1966 catechumeni
825 1926 893 1965 ex
940 1926 1133 1981 magna
1177 1909 1665 1979 superabundantia
1716 1910 1804 1962 illo
1844 1917 1999 1963 erant

411 2008 741 2073 superiores.
772 2005 835 2058 Et
863 2004 987 2058 ideo
1017 2004 1227 2058 dicebat
1271 2004 1455 2057 beatus
1486 2004 1696 2059 Paulus.
1728 2001 1844 2055 Non
1869 2003 1998 2055 enim

414 2101 704 2168 ignoramus
745 2099 1075 2169 cogitationes
1116 2100 1228 2168 ejus
1259 2098 1354 2167 (2.
1398 2098 1516 2152 Cor.
1567 2098 1618 2152 2.
1674 2099 1800 2166 11).
1849 2097 2001 2153 Unde

410 2192 569 2243 etiam
599 2206 718 2243 eum
765 2192 996 2244 maxime
1044 2193 1334 2259 superavit.
1385 2191 1449 2244 Et
1491 2206 1677 2246 rursus
1715 2190 1837 2245 audi
1879 2208 1999 2245 eum

405 2283 696 2347 dicentem,
732 2282 854 2336 Non
892 2295 964 2335 est
990 2285 1174 2335 mirum
1197 2326 1210 2346 ,
1240 2285 1283 2335 si
1314 2284 1529 2337 ministri
1559 2285 1696 2337 illius
1723 2286 2001 2354 trans/igu-

404 2384 584 2427 rantur
613 2376 872 2444 taquam
903 2376 1123 2428 ministri
1138 2377 1362 2445 justitite
1388 2374 1462 2447 (ἐζ.
1494 2375 1613 2429 Cor.
1645 2378 1731 2431 11.
1762 2379 1849 2446 15)
1887 2396 1897 2431 :
1931 2380 2001 2433 ita

406 2475 630 2520 novt-rat
669 2481 887 2522 omnem
932 2484 1183 2537 pugnam,
1235 2478 1288 2522 et
1331 2468 1463 2521 nihil
1490 2485 1611 2523 eum
1641 2469 1857 2524 latebat.
1898 2471 1999 2537 Et,

407 2556 706 2628 .llysterium
762 2560 934 2623 enim,
994 2559 1200 2628 inquit,
1262 2560 1375 2630 jam
1432 2571 1671 2630 operatur
1722 2562 2003 2630 iniquitatis

403 2649 479 2719 (Ξ.
512 2649 691 2704 Thess.
721 2652 776 2703 2.
812 2652 883 2715 7).
920 2650 1026 2705 Sed
1058 2651 1319 2707 adversus
1347 2667 1443 2706 nos
1472 2653 1617 2722 ipsos
1640 2662 1722 2707 est
1741 2654 2002 2707 collucta-

405 2744 496 2795 tio.
526 2741 659 2796 Nam
688 2743 811 2796 audi
843 2758 966 2797 eum
996 2759 1182 2797 rursus
1213 2744 1498 2811 dicentem,
1529 2743 1703 2799 Certus
1724 2762 1835 2799 sum
1867 2746 2003 2813 quod

405 2852 561 2902 neque
586 2836 761 2905 angeli
779 2878 794 2903 ,
828 2852 989 2907 neque
1014 2836 1349 2905 principatus,
1383 2853 1541 2907 neque
1580 2846 1848 2905 potestates
1868 2880 1881 2900 ,
1912 2854 2001 2890 ne-

404 2944 499 2993 que
524 2929 766 2992 virtutes,
808 2944 969 2997 neque
998 2929 1265 2994 instantia,
1294 2944 1453 2998 neque
1490 2932 1685 2999 futura,
1720 2946 1875 2999 neque
1900 2930 2004 2982 alia

406 3032 636 3074 creatura
663 3022 848 3092 poterit
873 3039 965 3075 nos
991 3039 1231 3091 separare
1260 3040 1288 3074 a
1320 3024 1587 3076 dilectione
1615 3022 1803 3077 Christi
1826 3022 2001 3095 (Rom.

406 3115 577 3169 8.58.
609 3116 724 3185 59).
760 3114 877 3168 Non
912 3116 1083 3180 dixit,
1133 3118 1171 3170 Α
1219 3115 1469 3182 Christo,
1521 3116 1635 3178 sed,
1660 3119 1700 3169 Α
1742 3118 2008 3170 dilectione

407 3208 597 3261 Christi
629 3222 647 3260 :
678 3223 800 3260 nam
835 3208 987 3262 multi
1030 3218 1153 3262 sunt
1183 3208 1313 3263 uniti
1339 3208 1557 3263 Christo
1581 3251 1593 3271 ,
1626 3210 1799 3280 ipsum
1828 3220 2005 3264 autem

406 3313 515 3351 non
548 3297 856 3368 diligentes.
887 3297 1001 3351 Non
1032 3300 1205 3353 Solum
1229 3340 1243 3363 ,
1283 3299 1490 3369 inquit,
1522 3315 1627 3353 non
1662 3301 2006 3369 persuadebis

407 3398 469 3442 ut
494 3405 683 3457 negem
706 3431 720 3455 ,
755 3389 847 3443 sed
881 3405 981 3444 nec
1008 3400 1063 3444 ut
1092 3406 1214 3444 eum
1249 3391 1424 3444 minus
1452 3391 1691 3461 diligam.
1729 3392 1784 3447 Si
1827 3402 2005 3446 autem

408 3494 660 3550 supernm
682 3483 910 3536 virtutes
941 3482 1042 3535 hoc
1072 3498 1178 3536 non
1212 3484 1539 3551 potuissent,
1573 3485 1692 3554 quis
1718 3484 1856 3537 alius
1885 3500 2006 3538 eum

410 3576 867 3629 transmutasset?
907 3572 1020 3628 Non
1058 3574 1159 3627 hoc
1188 3586 1366 3629 autem
1408 3575 1537 3628 dicit
1581 3590 1645 3629 ac
1687 3576 1729 3629 si
1776 3577 1878 3629 illa:
1911 3576 2011 3631 hoc

412 3668 837 3737 aggrederentur
860 3711 874 3734 ,
911 3668 1003 3721 sed
1051 3685 1145 3738 per
1190 3668 1551 3740 hypothesim.
1583 3668 1650 3723 Et
1682 3670 1801 3723 ideo
1842 3670 2007 3737 dicit,

413 3762 593 3815 Certus
614 3777 747 3825 sum,
783 3775 900 3826 seu,
937 3760 1033 3816 Est
1064 3760 1191 3814 mihi
1226 3776 1561 3830 persuasum.
1596 3761 1763 3831 Igitur
1789 3778 1892 3815 non
1926 3762 2011 3815 lu-

413 3854 691 3917 ctabatur,
725 3853 820 3907 sed
855 3863 1033 3907 tamen
1080 3855 1231 3909 timet
1271 3855 1388 3923 ejus
1425 3854 1671 3908 astutias.
1708 3855 1842 3909 Audi
1868 3856 2010 3910 enim

414 3962 536 3999 eum
568 3945 859 4010 dicentem,
911 3944 1088 3999 Timeo
1130 3947 1266 4000 enim
1310 3963 1391 4014 ne,
1443 3949 1573 4000 sicut
1610 3964 1814 4016 serpens
1855 3946 2016 4002 Evam

416 4038 614 4091 seduxit
646 4038 836 4091 astutia
862 4054 955 4091 sua
976 4079 990 4103 ,
1022 4039 1095 4090 ita
1125 4048 1519 4108 corrumpantur
1547 4055 1721 4093 sensus
1751 4041 1901 4093 vestri
1925 4083 1939 4105 ,
1969 4050 2017 4094 et

416 4133 656 4185 excidant
687 4149 717 4183 a
747 4130 1073 4200 simplicitate
1098 4147 1213 4201 qute
1252 4142 1324 4184 est
1352 4132 1401 4183 in
1434 4130 1634 4185 Christo
1662 4129 1737 4202 (2.
1773 4131 1892 4184 Cor.
1923 4134 2011 4187 11.

417 4220 495 4294 5).
529 4223 739 4285 Etiam,
772 4221 899 4274 dicit
932 4239 943 4273 :
978 4230 1031 4275 ct
1063 4237 1158 4290 pro
1197 4223 1375 4291 seipse
1405 4223 1573 4275 utitur
1603 4222 1704 4275 hoc
1739 4223 1901 4276 verbo
1932 4222 2016 4275 di-

417 4328 565 4379 cens,
597 4312 774 4367 Timeo
802 4314 935 4367 enim
963 4331 1023 4366 ne
1046 4317 1195 4384 forte,
1228 4329 1343 4365 cunt
1374 4314 1491 4367 aliis
1519 4312 1881 4383 prwdicavero,
1909 4314 2017 4382 ipse

417 4410 658 4478 reprobus
703 4408 889 4478 e/ﬁciar
938 4410 1013 4475 (l.
1060 4407 1176 4461 Cor.
1210 4406 1265 4460 9.
1305 4404 1425 4477 27).
1455 4406 1736 4473 Quomodo
1778 4422 1905 4476 ergo
1936 4416 2020 4461 est

420 4502 512 4555 tibi
544 4516 858 4570 persuasum
890 4500 1029 4571 quod
1065 4515 1223 4554 nemo
1252 4512 1303 4554 te
1334 4500 1645 4568 separabit?

493 4597 545 4650 5.
580 4594 740 4649 Vides
768 4596 908 4665 quod
941 4594 1040 4648 hoc
1070 4595 1291 4648 verbum
1325 4596 1393 4648 sit
1442 4596 1757 4649 humilitatis
1799 4606 1852 4650 et
1899 4613 2009 4649 llt0~

416 4688 625 4743 destitc.
650 4686 746 4741 Ille
775 4688 916 4741 enim
941 4691 1051 4755 jam
1080 4688 1269 4741 caelum
1295 4685 1596 4749 habitabat;
1631 4699 1683 4741 et
1716 4688 1837 4741 ideo
1868 4688 2016 4742 dicc-

416 4781 539 4841 bat,
584 4776 735 4831 Nihil
764 4778 895 4831 enim
924 4777 1050 4830 mihi
1076 4777 1308 4831 conscius
1348 4793 1462 4830 sum
1492 4778 1570 4847 (l.
1603 4774 1721 4831 Cor.
1753 4779 1803 4832 4.
1840 4778 1894 4848 η1)
1921 4796 1935 4843 ;
1966 4789 2014 4832 cl

418 4890 625 4939 rursus,
656 4870 873 4927 Cursum
904 4873 1250 4925 consunnnavi
1277 4870 1353 4943 (2.
1392 4869 1522 4923 Tim.
1556 4871 1609 4927 4.
1642 4872 1717 4941 7).
1752 4871 1931 4939 Quare
1952 4871 2016 4924 ad

418 4966 535 5020 hrcc
584 4981 691 5019 non
738 4966 785 5017 ci
835 4964 1278 5034 impedimeulum
1310 4962 1567 5017 allcrebut
1610 4962 1875 5027 diabolus,
1924 4964 2018 5017 St‘d

415 5057 482 5112 ad
523 5074 584 5113 ea
613 5074 733 5129 quae
764 5069 922 5113 erant
947 5058 1355 5127 discipulorum.
1385 5057 1603 5125 Quare?
1628 5058 1888 5125 Quoniam
1914 5074 2017 5111 non

415 5169 513 5207 eos
555 5154 787 5207 habebat
829 5154 880 5207 in
935 5162 1199 5223 porestatc
1241 5152 1416 5206 solum
1441 5194 1454 5208 .
1500 5153 1591 5206 sed
1638 5168 1823 5205 eorum
1857 5154 2017 5207 etiam

416 5246 650 5300 liberum
682 5246 985 5300 arbitrium.
1020 5246 1131 5299 Illic
1159 5256 1273 5299 erat
1304 5244 1591 5315 superior;
1631 5244 1739 5297 imo
1766 5261 1893 5297 vero
1923 5261 2019 5297 nuc

416 5336 529 5391 illic
572 5337 693 5391 ideo
737 5347 855 5391 erat
894 5336 1162 5406 superior,
1208 5336 1302 5391 sed
1347 5352 1410 5390 ex
1443 5335 1687 5389 socordia
1728 5346 1781 5389 ct
1814 5333 2018 5405 ignavia

416 5444 608 5481 eorum
641 5429 732 5499 qui
766 5445 873 5481 non
906 5429 1274 5481 attendi-quit.
1306 5427 1438 5481 Nam
1468 5428 1511 5481 si
1547 5428 1595 5481 id
1630 5427 1844 5497 quidem
1876 5429 2017 5499 quod

415 5538 638 5577 suarum
669 5531 786 5579 erat
824 5523 1054 5592 partium
1082 5538 1185 5576 non
1216 5522 1523 5591 implesset,
1561 5532 1653 5577 aut
1680 5534 1900 5594 propter
1928 5540 2017 5599 sc,-

413 5615 660 5685 gnitiem,
709 5626 805 5670 aut
857 5625 1075 5685 prepter
1124 5615 1325 5686 aliquid
1372 5615 1514 5670 aliud
1566 5617 1865 5686 ejusmodi,
1921 5618 2014 5672 illo

415 5706 608 5761 fuisset
631 5706 882 5775 superior
916 5726 929 5759 :
963 5707 1005 5761 si
1034 5716 1212 5761 autem
1242 5708 1355 5777 ipse
1389 5708 1604 5778 quidem
1636 5708 1865 5763 faciebat
1890 5725 2011 5763 om-

414 5799 539 5861 nia;
574 5798 647 5852 illi
681 5808 859 5852 autem
901 5813 1006 5852 non
1044 5800 1337 5869 parebant,
1374 5815 1479 5855 non
1511 5800 1660 5857 illum
1690 5803 2002 5872 superavit,

1277 318 1342 374 IN
1382 315 1591 372 Ειηςτ.
1641 318 1727 371 All
1768 315 2005 371 EPllES.
2050 315 2207 375 CAP.
2250 319 2335 374 Vl.
2383 322 2591 379 ll(l.\ilL
2655 327 2819 382 XXII.

3605 344 3706 399 itii

2115 433 2207 485 st-d
2247 450 2431 490 eorum
2477 439 2920 505 inubedientiam;
2965 457 3012 499 et
3044 450 3260 505 morbus
3300 467 3403 505 non
3432 457 3700 523 superavit

2113 524 2414 590 medicum,
2460 529 2553 583 sed
2600 535 2783 601 :cgroti
2832 536 3319 605 intemperantiam.
3371 543 3503 597 Cum
3555 547 3699 599 enim

2112 616 2227 687 ipse
2256 620 2468 689 quidem
2497 625 2675 677 omnia
2710 630 2992 693 paraverit,
3038 634 3125 687 ille
3160 645 3335 689 autem
3358 638 3546 701 omnia
3572 655 3697 693 cor-

2112 710 2336 778 ruperit,
2388 712 2475 767 ille
2521 714 2619 768 fuit
2668 730 2969 787 superatus,
3026 739 3130 777 non
3185 725 3289 781 hic.
3338 727 3697 794 Quamobrem

2112 800 2280 854 Paulo
2325 817 2583 874 nusquam
2637 807 2736 862 fuit
2791 812 3056 879 superior.
3104 814 3370 871 Czctcrum
3419 819 3697 873 nobiscmn

2110 890 2247 945 bene
2288 896 2461 961 agitur
2491 897 2629 965 quod
2678 901 2943 967 possimus
2985 905 3143 958 etiam
3188 906 3396 962 luctari.
3444 908 3699 965 Romanis

2109 984 2322 1052 quidem
2367 985 2468 1040 hoc
2516 1004 2620 1042 non
2662 1003 2829 1060 aptat,
2877 994 2973 1049 sed
3014 998 3181 1066 quid?
3210 999 3438 1054 Couteret
3467 1014 3699 1058 satanam

2109 1076 2200 1129 sub
2240 1078 2449 1146 pedibus
2477 1084 2653 1137 vestris
2689 1086 2788 1138 cito
2831 1085 3005 1159 (Rom.
3047 1090 3134 1144 16.
3176 1092 3268 1165 20)
3301 1113 3312 1146 :
3347 1096 3430 1149 his
3460 1112 3587 1151 vero
3616 1099 3694 1152 sic

2108 1180 2289 1239 optat,
2324 1171 2386 1226 Ei
2414 1185 2579 1229 autem
2606 1218 2619 1240 ,
2652 1178 2737 1247 qui
2766 1190 2940 1249 potens
2976 1192 3048 1235 est
3088 1185 3257 1236 omnia
3288 1188 3456 1256 facere
3482 1206 3695 1257 supera-

2108 1263 2395 1317 bundanter
2442 1284 2594 1337 quam
2638 1273 2853 1338 petimus
2894 1283 2983 1326 aut
3020 1274 3349 1346 intelligimus
3380 1278 3595 1348 (Ep/tes.
3636 1281 3692 1336 5.

2106 1354 2221 1427 20).
2256 1356 2355 1423 Qui
2387 1357 2651 1423 luctatur,
2684 1362 2857 1417 adhuc
2885 1374 3133 1432 tenetur;
3174 1368 3269 1422 sed
3311 1370 3445 1423 bene
3484 1386 3603 1424 cum
3632 1387 3697 1425 eo

2107 1448 2284 1517 agitur
2322 1449 2364 1501 si
2411 1466 2515 1503 non
2547 1452 2821 1507 ceciderit.
2854 1455 3003 1510 Tunc
3033 1460 3289 1526 prarclara
3329 1471 3410 1514 est
3436 1462 3653 1514 victoria
3678 1504 3693 1527 ,

2108 1539 2321 1607 quando
2348 1538 2471 1595 hinc
2512 1546 2924 1599 excesserimus.
2961 1547 3202 1618 Exempli
3223 1565 3406 1617 causa,
3436 1552 3697 1622 sitaliqua

2108 1632 2573 1701 concupiscentia;
2605 1636 2921 1693 admirabile
2950 1639 3167 1709 quidem
3211 1652 3294 1695 est
3320 1658 3438 1697 eam
3467 1660 3569 1697 non
3598 1645 3696 1698 ad-

2109 1724 2354 1788 mittere,
2402 1726 2496 1779 sed
2540 1728 2883 1798 exstinguere
2927 1750 2940 1785 :
2988 1731 3033 1786 si
3078 1732 3178 1787 hoc
3209 1744 3387 1788 autem
3434 1736 3543 1789 tieri
3591 1752 3696 1791 nou

2109 1816 2311 1884 possit,
2360 1825 2411 1871 et
2450 1818 2712 1873 luctemur
2742 1829 2796 1875 et
2835 1837 2933 1875 nos
2960 1838 3175 1893 semper
3206 1826 3574 1880 contineamus
3606 1844 3620 1881 :
3650 1828 3696 1881 si

2109 1904 2371 1961 luctantes
2398 1912 2790 1965 excesserimus
2814 1953 2827 1974 ,
2858 1913 3164 1970 vicerimus.
3196 1916 3310 1971 Non
3344 1918 3483 1971 enim
3523 1920 3591 1974 ita
3639 1933 3699 1973 se

2106 2014 2196 2053 res
2225 2000 2384 2056 habet
2412 2002 2498 2057 hic
2524 2004 2661 2058 sicut
2692 2007 2743 2059 in
2775 2006 2989 2063 athletis
3018 2025 3030 2062 :
3060 2008 3182 2063 nam
3216 2010 3325 2064 illic
3353 2012 3567 2081 quidem
3595 2013 3698 2067 nisi

2107 2092 2371 2161 dejeceris
2394 2137 2408 2158 ,
2442 2111 2546 2150 non
2573 2098 2777 2163 vicisti;
2812 2099 2897 2153 hic
2928 2111 3104 2156 autem
3133 2102 3342 2169 vicisti,
3371 2104 3414 2157 si
3445 2119 3549 2157 non
3580 2106 3698 2159 fue-

2109 2186 2183 2239 ris
2213 2185 2489 2255 dejectus;
2520 2191 2563 2242 si
2596 2206 2702 2243 non
2731 2206 2789 2245 es
2815 2192 3078 2260 dejectus,
3101 2194 3342 2263 dejecisti
3366 2214 3378 2257 ;
3406 2204 3459 2249 et
3481 2197 3697 2250 merito.

2109 2276 2238 2331 Nam
2274 2279 2623 2350 illic~qnidem
2653 2283 2812 2337 ambo
2838 2285 3168 2340 contendunt
3194 2272 3260 2341 de
3286 2288 3505 2341 victoria
3526 2330 3540 2354 ,
3570 2298 3623 2341 et
3652 2290 3697 2342 si

2107 2368 2247 2423 alter
2278 2370 2435 2425 fuerit
2463 2372 2727 2443 dejectus,
2751 2376 2889 2431 alter
2921 2388 3210 2432 coronatur
3237 2400 3248 2434 :
3281 2378 3366 2434 hic
3392 2391 3698 2436 autemnon

2110 2462 2207 2527 sic,
2238 2462 2332 2517 sed
2359 2464 2605 2520 diabolus
2637 2468 2915 2523 contendit
2942 2479 2998 2523 ut
3026 2485 3125 2525 nos
3151 2486 3489 2540 superemur.
3515 2473 3700 2538 Quan-

2109 2553 2179 2607 do
2207 2570 2337 2623 ergo
2383 2556 2434 2609 id
2476 2558 2524 2611 ei
2556 2557 2812 2613 ademero
2837 2561 2904 2615 de
2933 2578 3040 2631 quo
3069 2564 3384 2628 contendit,
3417 2565 3515 2618 vici
3551 2584 3562 2617 :
3594 2582 3699 2620 non

2109 2646 2253 2700 enim
2299 2646 2557 2702 incumbit
2606 2658 2664 2703 ut
2710 2650 2946 2719 dejiciat,
2994 2653 3088 2707 sed
3133 2662 3189 2707 ut
3233 2670 3415 2709 secum
3460 2656 3695 2723 dojiciat.

2113 2738 2229 2792 Jam
2262 2748 2344 2793 est
2371 2756 2497 2810 ergo
2524 2740 2695 2795 victus
2725 2759 2739 2796 :
2769 2744 2882 2812 ipse
2909 2745 3051 2797 enim
3091 2745 3202 2814 jam
3230 2754 3313 2800 est
3342 2745 3617 2816 dejectus,
3647 2756 3702 2801 et

2111 2839 2194 2883 est
2223 2830 2273 2882 in
2308 2831 2609 2901 perditione
2637 2843 2690 2888 et
2718 2834 2953 2889 interitu.
2987 2836 3116 2907 Ejus
3139 2847 3316 2892 autem
3347 2840 3569 2892 victoria
3594 2855 3702 2894 non

2111 2931 2193 2975 est
2224 2922 2274 2975 in
2304 2922 2405 2975 hoc
2433 2932 2491 2976 ut
2518 2934 2827 2987 coronetur,
2861 2926 2953 2980 sed
2988 2938 3043 2980 ut
3075 2944 3160 2982 me
3190 2928 3395 2997 perdat.
3428 2931 3701 2996 Quamob-

2111 3030 2225 3068 rem
2256 3017 2300 3068 si
2334 3032 2437 3069 non
2466 3016 2736 3086 dejecero,
2765 3035 2869 3072 non
2900 3019 3056 3074 fuero
3088 3031 3267 3075 autem
3290 3020 3555 3091 dejectus,
3576 3023 3699 3078 vici.

2112 3106 2368 3173 Quamnam
2403 3118 2484 3162 est
2514 3124 2641 3179 ergo
2674 3111 2925 3178 prmclara
2963 3112 3230 3167 victoria?
3262 3114 3341 3168 Ex
3370 3115 3706 3182 superabun-

2114 3197 2295 3253 dantia
2324 3216 2446 3254 cum
2480 3203 2823 3267 conculcare,
2860 3215 2917 3257 ut
2949 3203 3174 3259 iaciebat
3206 3206 3422 3270 Paulus,
3456 3221 3543 3261 res
3573 3222 3707 3277 pra:-

2115 3303 2294 3349 sentes
2327 3294 2457 3348 nihil
2488 3310 2608 3350 esse
2646 3297 2978 3351 existimans.
3011 3297 3116 3352 Nos
3144 3315 3355 3370 quoque
3381 3316 3501 3354 eum
3534 3302 3710 3355 imite-

2118 3402 2258 3453 mur,
2315 3396 2370 3441 ct
2412 3388 2644 3442 studium
2690 3404 2952 3457 ponamus
2995 3399 3053 3445 ut
3092 3390 3262 3447 simus
3292 3392 3616 3463 superiores,
3653 3401 3709 3447 et

2115 3481 2312 3535 nullam
2345 3482 2393 3535 ei
2422 3481 2611 3535 demus
2639 3498 2849 3537 ansam.

2189 3570 2394 3625 Divitia:
2435 3583 2480 3626 et
2518 3574 2686 3627 inanis
2713 3576 2876 3644 gloria
2906 3592 3082 3629 ansam
3113 3576 3237 3629 dant
3265 3576 3487 3631 diabolo.
3518 3607 3590 3617 —
3620 3576 3711 3631 Di-

2117 3667 2260 3721 vitia:
2290 3666 2422 3720 dant
2450 3666 2498 3721 ei
2525 3681 2732 3733 ansam,
2763 3670 3024 3737 pecunize,
3058 3669 3232 3722 inanis
3260 3669 3452 3739 gloria,
3482 3680 3535 3725 ct
3564 3684 3711 3740 smpe

2118 3759 2332 3830 quidem
2364 3775 2485 3814 eum
2514 3761 2743 3831 erigunt,
2788 3776 2931 3830 smpe
2972 3768 3152 3814 autem
3196 3760 3365 3815 ferum
3397 3761 3627 3815 reddunt
3657 3770 3714 3817 et

2124 3853 2434 3906 immanem.
2469 3852 2573 3907 Sed
2605 3851 2730 3921 quid
2765 3867 2898 3922 opus
2923 3861 3004 3906 est
3032 3852 3207 3906 luela?
3234 3852 3358 3922 quid
3388 3868 3522 3923 opus
3547 3861 3630 3913 est
3655 3861 3714 3907 ut

2122 3945 2532 3999 concertemus?
2570 3945 2670 4010 Qui
2712 3958 2901 3997 manus
2938 3944 3195 4008 coiiserit,
3243 3944 3402 3997 ﬁnem
3431 3942 3592 3999 habet
3618 3944 3705 3998 iu-

2122 4047 2363 4103 certum,
2408 4052 2533 4091 num
2581 4037 2694 4105 ipse
2744 4036 2903 4090 etiam
2946 4035 3286 4105 superabitur
3329 4044 3382 4090 et
3424 4036 3713 4106 capietur:

2122 4130 2213 4200 qui
2256 4138 2446 4183 autem-
2476 4129 2791 4193 conculcat,
2833 4139 3034 4183 certam
3075 4138 3129 4183 et
3179 4127 3511 4182 manifestam
3555 4126 3717 4183 habet

2124 4222 2426 4278 victoriam.
2455 4221 2846 4276 Conculcenms
2873 4220 3073 4275 diaboli
3109 4221 3407 4293 potentiam
3430 4260 3446 4286 ,
3489 4220 3713 4275 eoncul-

2125 4330 2311 4372 cemus
2343 4323 2595 4384 peccata;
2625 4314 2826 4376 omnia,
2874 4313 3110 4383 inquam,
3145 4329 3264 4383 qua:
3290 4312 3356 4366 ad
3387 4311 3524 4366 hanc
3550 4312 3713 4366 vitam

2127 4412 2431 4481 pertinent,
2489 4406 2619 4459 iram
2644 4446 2657 4469 ,
2726 4404 3215 4473 concupiscentiam
3240 4445 3255 4469 ,
3312 4408 3672 4474 arrogantiam
3696 4441 3713 4467 ,

2130 4515 2319 4554 orunes
2366 4499 2527 4552 animi
2582 4496 3014 4567 perturbationes
3053 4504 3108 4550 et
3138 4496 3264 4549 vitia
3293 4514 3307 4550 :
3341 4505 3394 4549 ut
3437 4510 3558 4550 cum
3590 4494 3715 4551 illuc

2126 4593 2538 4655 cxcesserimus,
2568 4606 2671 4644 non
2700 4589 3036 4643 inveniamur
3059 4587 3363 4658 prodidisse
3395 4596 3714 4658 potestatem

2126 4702 2284 4759 quam
2330 4684 2485 4739 nobis
2513 4683 2661 4737 dedit
2692 4681 2854 4737 Deus.
2889 4680 2965 4735 lla
2994 4680 3139 4735 enim
3167 4680 3327 4735 etiam
3365 4678 3539 4733 futura
3580 4692 3715 4731 con-

2128 4793 2434 4850 sequemur.
2467 4775 2522 4831 Si
2552 4783 2728 4829 antem
2754 4773 2806 4827 in
2838 4773 2938 4827 hoc
2966 4772 3221 4826 fuerimus
3252 4771 3447 4839 ignavi,
3473 4769 3593 4839 quis
3620 4784 3720 4821 no-

2130 4873 2210 4927 bis
2241 4870 2442 4940 majora
2465 4864 2810 4923 committet?
2832 4864 2889 4919 Si
2914 4864 3057 4918 enim
3088 4878 3209 4917 eum
3237 4861 3325 4930 qui
3356 4859 3596 4921 olli-indit,
3625 4858 3715 4927 qui

2126 4975 2211 5020 cst
2241 4962 2627 5033 ignominiosus
2649 5001 2663 5022 ,
2693 4960 2783 5029 qui
2824 4965 2908 5012 est
2946 4964 3305 5021 contemptus,
3336 4951 3424 5020 qui
3452 4952 3595 5021 jacet
3619 4950 3717 5005 sub

2128 5058 2376 5131 pedibus,
2419 5070 2525 5109 non
2575 5052 2847 5123 potuimus
2888 5047 3228 5109 conculcare,
3273 5045 3544 5115 quomodo
3573 5042 3721 5098 dabit

2130 5153 2283 5208 nobis
2310 5152 2469 5207 Pater
2492 5164 2581 5203 res
2615 5143 2910 5218 paternas?
2937 5143 2981 5197 si
3009 5157 3131 5197 eum
3159 5139 3248 5209 qui
3272 5147 3355 5193 est
3385 5138 3520 5191 adeo
3543 5135 3719 5206 subjc«

2126 5258 2243 5302 ctus
2268 5260 2371 5299 non
2399 5241 2791 5314 superavimus,
2816 5251 3103 5309 quamnam
3130 5232 3448 5288 habebimus
3470 5229 3715 5284 ﬁduciam

2128 5335 2458 5411 ingrediendi
2491 5336 2540 5388 in
2569 5333 2789 5388 domum
2821 5328 3142 5402 paternam?
3179 5326 3334 5390 Nam,
3367 5323 3454 5378 dic
3483 5321 3642 5391 mihi,
3670 5321 3718 5375 si

2127 5432 2327 5487 habeas
2348 5430 2579 5500 aliquem
2616 5424 2923 5492 ﬁlium,‘ille
2948 5432 3125 5477 autem
3162 5419 3362 5474 relictis
3393 5414 3601 5471 famulis
3627 5411 3721 5485 qui

2125 5534 2249 5579 sunt
2280 5522 2513 5584 honesti,
2544 5528 2793 5575 versetur
2817 5532 2938 5571 cum
2977 5515 3044 5569 iis
3069 5514 3157 5583 qui
3189 5511 3282 5566 tibi
3308 5509 3521 5564 fuerunt
3551 5506 3719 5561 mole-

2125 5620 2216 5685 sti,
2247 5617 2334 5687 qui
2366 5632 2396 5671 c
2426 5615 2586 5670 domo
2613 5612 2751 5682 pulsi
2780 5618 2924 5675 sunt,
2951 5607 3040 5679 qui
3073 5606 3123 5660 in
3152 5605 3269 5659 alea
3294 5610 3420 5658 sunt
3448 5598 3718 5670 occupati,

2124 5723 2176 5767 et
2214 5714 2314 5766 hoc
2344 5709 2503 5764 faciat
2531 5716 2814 5777 perpetuo,
2858 5718 2965 5758 non
3010 5694 3462 5756 exheretlabitur?
3507 5691 3722 5761 Perspi-

2130 5820 2285 5860 cuum
2315 5812 2393 5857 est
2413 5844 2426 5869 ,
2454 5813 2577 5854 eum
2603 5812 2724 5855 esse
2750 5791 3211 5852 exheredandum.
3245 5790 3320 5845 ita
3348 5804 3446 5846 nos
3471 5796 3683 5855 quoque
3702 5819 3720 5849 ,
