4092 6562
412 314 523 370 403

412 429 464 483 si
506 425 743 481 dimissis
783 421 984 495 angelis
1015 421 1106 491 qui
1139 419 1253 475 Deo
1281 418 1619 489 placuerunt,
1647 422 1702 469 et
1736 413 1826 482 qui
1853 411 2008 468 nobis

417 527 547 573 sunt
577 514 833 585 praefecti,
856 526 1134 569 versemur
1159 524 1281 564 cum
1302 507 1539 575 diabolo,
1562 504 1784 560 omnino
1804 505 2010 559 erimus

418 606 740 663 exheredes.
774 605 973 661 Verum
1017 602 1176 665 absit,
1223 608 1285 655 ut
1323 607 1563 659 nostrum
1591 596 1873 668 quisquam
1907 594 2011 649 hoc

418 698 690 769 patiatur;
722 696 816 752 sed
850 696 991 751 bello
1020 693 1277 751 adversus
1305 690 1478 764 ipsum
1509 697 1759 757 suscepto
1804 694 1861 745 et
1887 700 2010 739 cum

423 803 662 859 superno
701 787 899 841 auxilio
928 785 1181 847 victores,
1216 780 1444 838 heredes
1483 779 1653 834 simus
1679 775 1828 847 regni
1853 775 2014 839 caelo-

353 887 357 891 '
427 897 573 943 num.
605 880 662 935 Si
689 880 809 950 quis
839 878 1001 939 habet
1028 875 1323 937 inimicum,
1351 873 1395 927 si
1425 870 1617 940 injuria
1645 869 1712 933 ab
1732 868 1911 943 aliquo
1932 873 2016 920 est

428 970 651 1036 affectus
673 1010 688 1034 ,
732 969 778 1024 si
818 967 939 1038 quis
965 976 1052 1022 est
1079 964 1336 1021 efferatus
1354 1005 1367 1027 ,
1397 976 1612 1017 onmem
1638 967 2014 1029 congregatam

424 1059 772 1129 asperitatem
792 1066 848 1112 et
873 1056 1131 1113 ferociam
1155 1053 1393 1111 effundat
1418 1053 1471 1107 in
1494 1060 1654 1121 caput
1676 1049 1895 1112 diaboli.
1918 1047 2016 1108 Hic

425 1152 504 1209 ira
534 1166 622 1206 res
644 1161 728 1207 est
747 1150 888 1206 bona
915 1159 971 1205 et
996 1150 1251 1213 honesta;
1275 1146 1364 1202 hic
1383 1143 1678 1214 indignatio
1697 1156 1786 1199 res
1811 1147 1892 1203 est
1915 1140 1992 1194 uti

426 1242 530 1307 lis;
564 1243 650 1297 hic
681 1243 893 1312 injuria:
918 1249 1151 1311 accepta:
1177 1237 1482 1294 recordatio
1512 1245 1566 1290 et
1593 1234 1775 1289 odium
1816 1245 1906 1288 res
1935 1240 2020 1286 est

432 1333 737 1399 laudabilis.
790 1332 940 1387 Sicut
980 1330 1123 1385 enim
1170 1329 1225 1389 in
1255 1326 1494 1384 externis
1532 1323 1744 1393 injuriae
1787 1330 2021 1391 acceptae

429 1426 703 1492 recordari
729 1433 814 1486 est
841 1425 1059 1488 malum,
1090 1423 1159 1477 ita
1199 1421 1286 1475 hic
1324 1419 1533 1490 injuria:
1571 1423 1805 1489 accepta:
1833 1413 2023 1468 memi-

437 1517 583 1570 nisse
611 1524 695 1570 est
719 1515 939 1577 bonum.
972 1513 1155 1582 itaque
1175 1511 1221 1566 si
1247 1508 1411 1563 habes
1437 1508 1563 1569 vitia
1593 1515 1646 1561 et
1670 1504 1930 1570 defectus,
1957 1516 2020 1557 ea

434 1607 522 1668 hic
551 1606 759 1675 depone
784 1621 801 1675 ;
850 1606 895 1659 si
941 1618 1046 1658 non
1078 1611 1228 1671 potes
1255 1615 1318 1656 ea
1346 1598 1641 1670 deponere,
1679 1597 1871 1653 saltem
1899 1609 2020 1649 cum

434 1698 694 1762 membris
723 1698 827 1751 tuis
856 1695 1087 1767 depone.
1137 1692 1407 1748 Percussit
1433 1690 1669 1761 aliquis?
1698 1688 1786 1743 Sis
1813 1685 2024 1761 injuriae

433 1805 467 1845 a
511 1788 727 1853 diabolo
767 1798 1002 1857 acceptae
1050 1800 1280 1851 memor,
1325 1791 1381 1839 et
1426 1796 1717 1850 numquam
1764 1778 2025 1833 adversus

433 1897 557 1943 eum
579 1889 856 1949 susceptas
875 1893 1138 1952 compone
1164 1875 1489 1931 inimicitias.
1514 1874 1583 1927 At
1602 1888 1706 1927 non
1730 1867 2026 1941 percussit?

434 1973 527 2037 Sic
555 1986 765 2043 quoque
790 1971 866 2026 sis
889 1984 1099 2024 memor
1123 1976 1357 2037 acceptae
1384 1964 1623 2043 injuriae;
1654 1961 1798 2034 quod
1840 1958 2025 2027 Domi-

1176 305 1235 361 S.
1264 301 1542 360 JOANNIS
1579 297 2053 357 CllitYSOSTOMI
2092 295 2406 353 ARCHIEP.
2446 296 2976 356 CONSTANTINOP.

3600 302 3702 359 IN

2113 426 2242 467 num
2268 420 2416 466 tuum
2443 410 2681 468 aﬂ‘ecerit
2698 412 3047 481 contumelia,
3069 412 3213 484 quod
3228 412 3532 483 offenderit,
3556 418 3698 489 quod

2114 502 2368 557 fratribus
2395 511 2586 559 noceat
2607 543 2621 566 ,
2653 512 2710 559 et
2736 518 2859 559 cum
2888 504 2970 560 eis
2997 502 3197 559 bellum
3226 513 3398 574 gerat.
3429 505 3518 563 Sis
3558 522 3699 564 sem-

2114 605 2213 667 per
2242 591 2512 660 inimicus,
2545 608 2761 664 semper
2785 594 3032 660 acerbus,
3058 609 3273 667 semper
3292 595 3516 653 immitis
3535 607 3591 654 et
3619 597 3703 656 fe-

2116 697 2226 737 rus.
2267 683 2344 738 Ita
2389 682 2482 740 ille
2521 685 2627 740 erit
2669 684 2905 752 humilis,
2953 686 3033 741 sic
3071 685 3175 741 erit
3218 684 3585 757 despicabilis,
3628 690 3707 745 sic

2115 780 2274 843 captu
2306 772 2497 836 facilis.
2525 773 2584 830 Si
2612 788 2711 832 nos
2731 776 2900 831 simus
2925 775 2977 830 in
3004 790 3128 831 eum
3156 775 3384 843 feroces,
3417 778 3508 833 ille
3528 779 3582 833 in
3605 794 3708 836 nos

2118 878 2223 925 non
2265 864 2369 919 erit
2406 863 2584 931 ferus;
2634 867 2683 921 si
2731 880 2830 920 nos
2858 867 3028 922 simus
3053 866 3346 923 clementes
3372 877 3428 924 et
3448 869 3707 940 benigni,

2120 962 2246 1009 tunc
2285 954 2375 1010 ille
2403 955 2499 1010 erit
2535 954 2681 1010 ferox
2713 979 2729 1009 ι
2763 971 2869 1010 non
2905 957 3047 1015 sicut
3073 972 3199 1028 erga
3246 957 3441 1014 fratres
3488 970 3706 1017 nostros

2118 1059 2245 1115 erga
2288 1045 2439 1099 illum
2483 1044 2659 1103 affecti
2687 1047 2876 1101 simus.
2912 1047 3004 1104 llle
3031 1055 3118 1104 est
3155 1049 3403 1107 inimicus
3440 1061 3495 1107 et
3538 1051 3712 1111 hostis

2119 1136 2244 1189 vitae
2271 1142 2327 1190 et
2352 1134 2560 1200 salutis,
2590 1144 2645 1191 et
2672 1145 2872 1192 nostra:
2897 1146 2952 1193 et
2979 1152 3112 1193 suae.
3142 1139 3198 1194 Si
3222 1140 3460 1210 seipsum
3491 1157 3598 1197 non
3627 1142 3714 1198 di—

2122 1225 2239 1297 ligit
2258 1267 2273 1293 ,
2303 1226 2574 1297 quomodo
2616 1228 2811 1297 poterit
2853 1243 2952 1284 nos
2980 1227 3245 1299 diligere?
3269 1230 3553 1288 Struantus
3583 1248 3712 1304 ergo

2137 1318 2330 1385 aciem,
2379 1326 2435 1372 et
2475 1333 2596 1375 eum
2643 1317 2921 1385 feriamus,
2965 1334 3086 1378 cum
3130 1335 3378 1392 magnum
3421 1321 3713 1380 habeamus

2129 1410 2259 1465 belli
2296 1411 2498 1469 socium
2526 1421 2580 1467 et
2603 1410 3212 1481 adjutoremDominum
3238 1423 3478 1469 nostrum
3522 1415 3705 1477 Jesum

2124 1499 2396 1562 Christum
2423 1542 2438 1565 ,
2482 1502 2571 1572 qui
2615 1502 2812 1572 poterit
2836 1501 3054 1558 efficere
3095 1512 3155 1557 ut
3182 1503 3401 1559 minime
3441 1507 3714 1576 capiamur

2126 1593 2244 1666 ejus
2285 1593 2522 1663 laqueis,
2565 1602 2622 1649 et
2664 1609 2763 1657 nos
2809 1594 2963 1649 bonis
2993 1593 3189 1650 futuris
3211 1595 3521 1667 dignabitur
3548 1616 3564 1654 :
3590 1614 3714 1668 quae

2128 1684 2284 1744 nobis
2310 1684 2560 1746 omnibus
2604 1683 2762 1744 detur
2800 1686 3055 1756 consequi
3093 1690 3261 1757 gratia
3292 1697 3349 1743 et
3392 1689 3717 1758 benignitate

2133 1775 2340 1833 Domini
2370 1776 2538 1841 nostri
2571 1774 2701 1831 Jesu
2728 1774 2950 1842 Christi,
2979 1777 3066 1832 cui
3095 1792 3217 1831 cum
3250 1778 3405 1833 Patre
3434 1786 3490 1834 et
3516 1778 3715 1849 Spiritu

2131 1876 2316 1921 saneto
2344 1865 2537 1942 gloria,
2572 1866 2854 1936 imperium
2872 1907 2888 1932 ,
2917 1867 3092 1923 honor
3112 1908 3127 1933 ,
3157 1883 3299 1930 nunc
3322 1877 3377 1924 et
3398 1883 3635 1940 semper,
3662 1879 3719 1927 et

2133 1956 2187 2011 in
2213 1957 2408 2011 saecula
2439 1955 2783 2013 saeculorum.
2813 1958 3007 2013 Amen.

437 2097 1763 2121 Μ»
1766 2095 1861 2107 -ΙΙ
1890 2114 1895 2121 ,
2532 2112 2556 2119 ,α
2716 2095 2721 2109 Ι
3160 2112 3187 2121 ι-
3272 2098 3711 2121 .¹›.-¹“ι

1773 2169 2121 2239 HOMILIA
2166 2169 2408 2231 XXIII.

436 2327 567 2393 Cap.
609 2326 664 2384 6.
705 2342 756 2381 ν.
792 2326 880 2381 14.
921 2324 1064 2381 State
1108 2340 1224 2396 ergo
1252 2321 1490 2384 succincti
1513 2318 1708 2379 lumbos
1747 2326 1934 2379 vestros
1972 2313 2024 2366 in

1125 2414 1351 2468 ueritate.

513 2513 563 2566 1.
598 2510 728 2566 Cum
763 2509 1059 2565 exercitum
1093 2506 1234 2561 hunc
1261 2505 1564 2560 ordinasset
1586 2542 1601 2567 ,
1629 2511 1685 2557 et
1712 2513 1896 2555 eorum
1926 2512 2023 2551 ex-

439 2604 657 2658 citasset
679 2600 841 2655 animi
868 2597 1195 2654 alacritatem
1224 2598 1241 2668 (
1269 2596 1546 2665 utriusque
1569 2593 1712 2648 enim
1732 2599 1847 2655 erat
1868 2600 2024 2670 opus,

441 2703 495 2748 et
524 2703 583 2749 ut
618 2702 798 2749 essent
826 2688 1100 2755 ordinati,
1144 2697 1200 2746 et
1230 2696 1287 2741 ut
1321 2686 1646 2741 exeimretur
1678 2695 1866 2738 eorum
1909 2678 2028 2733 ani-

445 2783 606 2854 mus)
632 2800 646 2851 ;
677 2798 798 2838 cum
829 2782 910 2837 eis
937 2781 1176 2845 animum
1201 2778 1496 2844 addidisset
1523 2777 1541 2845 (
1569 2790 1693 2831 nam
1724 2787 1788 2828 eo
1816 2785 2030 2844 quoque

444 2885 561 2931 erat
585 2873 796 2943 opus),
830 2870 1086 2941 deinceps
1108 2883 1202 2925 eos
1227 2877 1417 2923 armat.
1448 2866 1589 2922 Nihil
1619 2865 1761 2921 enim
1782 2866 2031 2934 juvarent

444 2981 594 3021 arma
615 3007 630 3030 ,
661 2965 706 3020 si
733 2964 808 3018 illi
838 2963 985 3033 prius
1014 2976 1121 3016 non
1147 2969 1330 3016 essent
1356 2957 1618 3021 ordinati,
1651 2970 1825 3026 neque
1850 2952 2033 3008 militis

446 3059 656 3113 animus
702 3064 846 3111 esset
893 3056 1171 3111 excitatus.
1234 3054 1460 3124 Oportet
1512 3052 1658 3106 enim
1715 3051 1863 3121 prius
1911 3062 2033 3103 eum

447 3162 658 3205 armare
703 3148 1024 3202 intrinsecus
1048 3186 1065 3212 ,
1113 3154 1168 3201 et
1204 3143 1400 3200 deinde
1438 3142 1798 3199 extrinsecus.
1849 3141 1904 3197 Si
1934 3139 2037 3199 hoc

448 3250 628 3305 autem
672 3239 830 3309 vulgo
876 3237 936 3293 ﬁt
965 3238 1019 3292 in
1068 3236 1367 3302 militibus,
1418 3233 1587 3289 multo
1635 3232 1804 3303 magis
1854 3235 1908 3286 in
1953 3230 2038 3298 his

451 3331 704 3386 militibus
734 3331 827 3400 qui
852 3328 1055 3385 cadunt
1081 3327 1180 3382 sub
1207 3326 1614 3396 intelligentiam
1640 3340 1656 3403 ;
1686 3326 1794 3380 imo
1828 3340 1954 3381 vero
1983 3325 2036 3379 in

456 3422 540 3476 his
585 3436 652 3477 ne
679 3420 806 3476 licet
846 3419 1061 3491 quidem
1097 3432 1307 3472 armare
1344 3417 1710 3484 extrinsecus,
1739 3415 1833 3471 sed
1860 3416 2041 3478 omnia

456 3514 804 3580 intrinsecus,
835 3511 1072 3567 animum
1103 3508 1355 3565 excitavit
1382 3517 1437 3563 et
1464 3508 1813 3563 inflammavit
1832 3548 1848 3573 ,
1876 3507 2043 3562 auda-

453 3605 592 3663 ciam
638 3582 864 3678 indidit,
896 3599 1203 3666 ordinavit;
1232 3599 1449 3655 demum
1475 3607 1666 3653 armat.
1705 3596 1811 3655 Sed
1836 3598 1958 3655 vide
1986 3606 2045 3653 ut

454 3710 552 3754 eos
594 3696 757 3753 armis
796 3693 1004 3749 induat.
1050 3693 1196 3749 State
1240 3708 1394 3762 ergo,
1426 3691 1619 3761 inquit.
1654 3692 1893 3749 Primum
1921 3691 2042 3746 offi-

456 3788 598 3841 cium
637 3802 823 3845 eorum
852 3785 944 3855 qui
988 3785 1040 3838 in
1070 3784 1312 3839 ordinata
1341 3791 1466 3838 sunt
1489 3783 1606 3839 acie
1630 3822 1644 3845 ,
1676 3791 1761 3838 est
1788 3793 1850 3836 ut
1874 3785 2047 3837 sciant

461 3886 606 3933 recte
648 3886 829 3942 stare;
866 3885 916 3931 et
967 3890 1032 3930 ex
1081 3891 1147 3931 eo
1192 3876 1359 3932 multa
1407 3876 1708 3931 evenerint.
1755 3874 2047 3944 Propterea

462 3968 626 4023 multa
661 3968 790 4026 dicit
821 3967 890 4027 de
928 3968 1200 4039 statione,
1246 3970 1375 4025 alibi
1403 3969 1563 4025 etiam
1603 3968 1788 4023 dicens
1817 3986 1830 4022 :
1865 3969 2045 4035 State,

460 4059 702 4130 vigilate;
731 4068 785 4115 et
808 4074 1030 4126 rursus,
1060 4059 1150 4116 Sic
1177 4069 1306 4115 state
1332 4060 1387 4113 in
1429 4057 1648 4113 Domino
1679 4057 1774 4133 (1.
1806 4059 1925 4115 Cor.
1958 4061 2047 4117 16.

463 4153 614 4221 15);
666 4162 720 4207 et
761 4167 982 4222 rursus,
1033 4153 1134 4220 Qui
1177 4170 1230 4217 se
1277 4152 1531 4205 existimat
1572 4161 1741 4216 stare,
1788 4152 1954 4207 videat
1990 4170 2053 4208 ne

467 4241 613 4296 cadat
645 4241 912 4315 (Philipp.
947 4244 999 4297 4.
1031 4224 1059 4297 1
1082 4241 1104 4314 )
1131 4259 1146 4307 ;
1179 4250 1235 4297 et
1278 4230 1466 4296 rursus
1486 4282 1501 4307 ,
1536 4239 1604 4296 Ut
1643 4241 1844 4311 possitis
1882 4243 2051 4297 omni-

465 4336 556 4388 bus
580 4336 822 4405 confectis
846 4318 980 4389 stare
1011 4346 1031 4405 ί
1054 4336 1106 4388 1.
1135 4332 1253 4389 Cor.
1286 4333 1373 4389 10.
1409 4332 1534 4405 12).
1568 4334 1684 4389 Non
1711 4349 1839 4405 ergo
1868 4350 2056 4421 quam-

466 4425 594 4480 libet
637 4425 766 4481 dicit
805 4426 1122 4488 stationem,
1152 4424 1249 4480 sed
1293 4440 1411 4481 eam
1457 4441 1577 4499 qua:
1620 4436 1704 4482 est
1730 4435 1875 4487 recte
1905 4426 2054 4493 ordi-

466 4525 588 4571 nata
603 4532 632 4587 ,ς
661 4525 710 4571 et
748 4516 839 4586 qui
877 4516 953 4571 rei
986 4515 1233 4570 militaris
1259 4525 1383 4571 sunt
1404 4518 1611 4586 periti,
1639 4516 1818 4580 sciunt
1859 4525 2055 4586 quanta

465 4607 537 4660 sit
572 4606 745 4661 standi
774 4607 984 4677 peritia.
1018 4605 1149 4661 Nam
1174 4607 1219 4662 si
1248 4607 1301 4675 i_n
1333 4606 1634 4677 pugilibus,
1664 4617 1718 4662 et
1760 4607 1826 4661 iis
1853 4609 1943 4678 qui
1972 4608 2057 4664 lu-

465 4705 711 4764 ctantur,
747 4700 848 4752 huc
892 4709 1017 4761 ante
1045 4697 1146 4755 alia
1178 4697 1547 4767 ludimagister
1572 4696 1831 4767 praecipit,
1862 4713 2056 4781 nempe

467 4799 641 4853 stare,
669 4788 838 4843 multo
864 4790 1033 4860 magis
1072 4788 1126 4842 in
1152 4788 1309 4843 hellis
1345 4797 1403 4843 et
1443 4788 1495 4842 in
1527 4788 1689 4844 rebus
1712 4787 2053 4857 militaribus.

469 4880 570 4945 Qui
605 4887 714 4936 stat
751 4889 931 4935 rectus
951 4921 967 4945 ,
1000 4888 1108 4934 stat
1155 4893 1261 4933 non
1293 4878 1585 4934 dissolutus
1609 4917 1626 4944 ,
1657 4881 1787 4936 nulli
1813 4881 2010 4939 cedens
2036 4899 2052 4938 :

467 4979 720 5024 accurata
767 4970 1032 5025 rectitude
1077 4970 1319 5024 cernitur
1362 4971 1416 5023 in
1466 4971 1716 5026 statione.
1760 4972 1934 5040 Quare
1963 4976 2053 5045 qui

468 5078 593 5117 vere
632 5072 758 5117 sunt
801 5066 969 5133 recti,
1001 5064 1035 5118 ii
1064 5071 1205 5117 stant
1234 5084 1247 5118 :
1273 5064 1362 5141 qui
1390 5072 1568 5119 autem
1601 5080 1705 5120 non
1741 5077 1917 5132 stant,
1947 5085 2055 5125 non

467 5155 664 5208 fuerint
691 5153 863 5217 recti,
912 5155 1007 5208 sed
1060 5154 1302 5208 dissoluti
1346 5162 1401 5209 et
1448 5154 1626 5211 eﬂ‘usi.
1676 5155 1790 5211 Non
1833 5167 1938 5213 stat
1965 5161 2055 5230 qui

467 5242 611 5312 degit
639 5242 691 5297 in
722 5242 927 5297 deliciis
950 5283 964 5302 .
1005 5242 1098 5296 sed
1129 5242 1401 5309 declinat;
1433 5244 1559 5299 item
1589 5245 1821 5303 lascivus
1844 5290 1859 5318 ,
1887 5237 2054 5320 pecn-

468 5336 569 5388 ni:e
616 5333 861 5404 cupidus.
917 5334 1015 5401 Qui
1065 5334 1167 5389 scit
1217 5343 1394 5401 stare,
1446 5351 1512 5391 ex
1556 5337 1744 5393 eadem
1785 5342 2053 5409 statione,

469 5437 738 5494 tamquam
782 5440 848 5480 ex
895 5426 1125 5496 quodam
1165 5427 1547 5498 fundamento,
1597 5446 1946 5503 quaecumque
1987 5435 2055 5489 ad

468 5518 664 5570 luctam
710 5516 983 5585 pertinent
1030 5518 1245 5574 habebit
1291 5519 1466 5575 facilia
1513 5530 1568 5576 et
1609 5522 1877 5592 expedita.
1910 5523 2056 5579 State

470 5622 608 5676 ergo,
640 5607 841 5677 inquit,
872 5610 1111 5665 succincti
1139 5612 1333 5666 lumbos
1368 5626 1557 5668 vestros
1596 5614 1648 5669 iu
1684 5615 1906 5675 veritate.
1939 5616 2054 5672 Non

467 5698 595 5752 dicit
619 5698 687 5755 de
723 5716 853 5755 zona
885 5703 1067 5760 scnsili
1102 5722 1117 5762 :
1149 5720 1272 5760 nam
1298 5706 1477 5761 omnia
1519 5721 1640 5778 quae
1683 5707 1769 5763 hic
1797 5717 1952 5781 sunt,
1984 5710 2054 5766 ita

2139 2312 2270 2366 dicit
2299 2319 2358 2377 ut
2395 2310 2591 2375 cadant
2625 2314 2726 2377 sub
2754 2314 3179 2387 intelligentiam.
3224 2316 3355 2377 Vide
3381 2329 3558 2375 autem
3585 2336 3719 2391 quo-

2139 2403 2300 2459 modo
2351 2405 2624 2473 procedat.
2692 2406 2929 2463 Primum
2978 2410 3241 2481 succingit
3285 2413 3530 2468 militem.
3579 2413 3723 2483 Quid

2141 2495 2243 2551 hoc
2289 2506 2372 2552 est
2417 2499 2639 2554 autem?
2667 2500 2799 2555 Eum
2838 2502 2928 2571 qui
2972 2502 3284 2565 libidinibus
3322 2506 3518 2562 diffluit
3552 2517 3608 2562 et
3643 2516 3726 2564 est

2141 2586 2466 2655 dissolutus,
2527 2599 2584 2644 et
2623 2589 2772 2646 humi
2818 2602 3072 2662 repentes
3133 2594 3293 2651 habet
3332 2598 3722 2668 cogitationes,

2142 2691 2241 2746 per
2279 2692 2467 2733 zonam
2509 2681 2788 2750 reprimit,
2847 2698 2954 2737 non
3017 2684 3199 2741 sinens
3241 2702 3365 2743 eum
3409 2688 3653 2758 impediri
3693 2703 3726 2743 a

2142 2768 2381 2833 vestibus
2425 2785 2546 2840 quae
2592 2772 2736 2827 tibiis
2775 2773 3147 2845 implicantur,
3199 2778 3294 2834 sed
3335 2778 3613 2835 dimittens
3662 2790 3719 2839 ut

2143 2873 2323 2919 currat
2352 2862 2575 2933 pedibus
2603 2864 2820 2921 solutis.
2870 2865 3018 2922 State
3055 2885 3203 2940 ergo,
3246 2870 3488 2925 succincti
3534 2871 3728 2930 funibus

2143 2963 2348 3009 uestros.
2391 2953 2628 3010 Lumbos
2655 2965 2833 3013 autem
2870 2956 2958 3014 hic
2981 2957 3111 3014 dicit
3144 2978 3157 3014 :
3190 2976 3313 3015 nam
3340 2962 3473 3017 sicut
3496 2962 3549 3017 in
3576 2963 3730 3017 navi-

2082 3115 2100 3123 ς
2145 3043 2243 3099 bus
2289 3047 2509 3112 carina,
2570 3047 2644 3101 ita
2695 3048 2857 3103 etiam
2905 3048 2959 3105 in
3007 3050 3164 3113 nobis
3209 3051 3513 3125 subjectum
3569 3055 3731 3109 totius

2145 3136 2388 3204 corporis
2414 3136 2579 3192 lumbi
2606 3147 2733 3196 sunt
2761 3156 2774 3191 :
2806 3138 2946 3207 sicut
2971 3140 3118 3203 enim
3147 3140 3553 3204 fundamentum
3581 3153 3726 3211 sunt,

2147 3237 2202 3282 et
2242 3242 2404 3298 super
2431 3229 2576 3299 ipsos
2618 3239 2785 3295 totum
2831 3230 3164 3301 aedificatur,
3214 3243 3269 3286 ut
3303 3233 3488 3291 dicunt
3518 3234 3727 3292 medici.

2147 3320 2396 3376 Nostram
2425 3336 2552 3392 ergo
2580 3324 2905 3395 constringit
2932 3324 3166 3379 animam
3187 3365 3204 3393 ,
3238 3326 3448 3382 lumbos
3474 3328 3731 3398 cingens:

2150 3427 2256 3466 non
2302 3412 2446 3469 enim
2488 3412 2589 3474 hos
2637 3414 2769 3470 dicit
2817 3415 3062 3482 lumbos,
3111 3416 3208 3471 sed
3238 3416 3311 3470 ita
3356 3417 3591 3488 loquitur
3615 3427 3676 3474 ut
3701 3418 3737 3475 ii

2149 3503 2343 3566 cadant
2372 3504 2473 3561 sub
2510 3504 2940 3576 intelligentiam.
2976 3506 3047 3562 Et
3090 3509 3229 3562 sicut
3254 3523 3440 3564 eorum
3466 3524 3586 3579 qua:
3616 3520 3737 3565 sunt

2152 3612 2312 3668 supra
2346 3607 2401 3652 et
2440 3597 2580 3654 infra
2622 3598 2788 3655 lumbi
2833 3610 2958 3655 sunt
2988 3599 3392 3667 fundamentum
3424 3619 3438 3654 :
3468 3603 3541 3656 ita
3579 3603 3736 3666 etiam

2152 3690 2206 3743 in
2251 3689 2446 3746 lumbis
2497 3689 2884 3759 Spiritualibus.
2945 3692 3045 3773 Qui
3089 3707 3217 3763 ergo
3260 3692 3532 3763 defatigati
3580 3701 3737 3761 sunt,

2154 3780 2262 3836 illic
2290 3795 2434 3850 saepe
2461 3782 2614 3850 quasi
2655 3785 2707 3837 in
2738 3782 3087 3849 fundamento
3126 3799 3317 3839 manus
3346 3784 3658 3854 imponunt,
3686 3795 3743 3843 ut

2156 3885 2215 3927 se
2244 3873 2543 3937 sustineant
2574 3891 2588 3928 :
2621 3884 2675 3939 et
2721 3891 2857 3930 zona
2908 3877 3031 3941 ideo
3076 3877 3128 3932 in
3171 3876 3331 3933 bellis
3374 3877 3659 3933 adhibetur
3683 3888 3740 3941 ut

2156 3963 2562 4020 fundamentum
2615 3976 2857 4033 nostrum
2903 3971 3180 4027 contineat
3226 3978 3284 4025 et
3325 3972 3568 4041 stringat.
3616 3970 3741 4031 ldeo

2157 4063 2444 4111 currentes
2491 4056 2756 4137 cingimur
2787 4076 2800 4113 :
2831 4074 2964 4126 zona
3011 4059 3179 4114 robur
3228 4071 3467 4116 nostrum
3521 4061 3575 4119 in
3626 4070 3784 4125 tuto-

2161 4146 2329 4214 ponit.
2378 4145 2490 4202 Hoc
2530 4161 2694 4217 ergo,
2748 4149 2953 4219 inquit,
3001 4152 3092 4205 tiat
3138 4150 3300 4206 etiam
3348 4152 3402 4207 in
3445 4152 3661 4220 anima,
3689 4162 3747 4216 et

2160 4237 2369 4306 quidvis
2407 4237 2663 4299 facientes
2705 4241 2907 4307 erimus
2949 4240 3117 4303 fortes
3155 4258 3219 4297 ac
3263 4244 3423 4299 validi
3454 4263 3469 4300 :
3500 4245 3551 4300 id
3600 4247 3748 4302 enim

2162 4329 2393 4384 maxime
2418 4328 2575 4386 decet
2605 4331 2824 4399 milites.
2850 4332 3026 4391 Etiam
3048 4376 3064 4402 ,
3098 4335 3307 4406 inquies
3324 4379 3340 4403 ,
3364 4336 3459 4392 sed
3487 4339 3585 4394 hos
3613 4338 3751 4396 lum-

2162 4416 2260 4475 bos
2303 4420 2570 4490 cingimus
2618 4421 2735 4478 loro
2782 4423 3030 4480 coriaceo
3058 4443 3073 4491 ;
3102 4440 3200 4481 nos
3246 4436 3425 4482 autem
3472 4432 3751 4500 quonam?

2162 4506 2292 4575 lllo,
2326 4509 2471 4579 quod
2500 4520 2584 4566 est
2612 4521 2773 4582 caput
2799 4522 2854 4567 et
2875 4528 3083 4570 summa
3112 4516 3492 4588 cogitationum
3511 4559 3528 4587 ,
3554 4534 3753 4591 nempe

2160 4603 2383 4657 veritate
2418 4623 2430 4660 :
2463 4605 2725 4659 Succincti
2742 4647 2755 4672 ,
2782 4607 2989 4677 inquit,
3015 4608 3212 4669 tumbas
3232 4621 3430 4665 nostra:
3450 4612 3505 4677 in
3525 4613 3753 4679 veritate.

2162 4693 2305 4767 Ergo
2330 4697 2533 4759 nullum
2568 4697 2854 4769 diligamus
2882 4701 3221 4757 mendacium
3254 4721 3269 4757 :
3302 4719 3393 4761 res
3420 4720 3609 4762 omnes
3640 4716 3757 4765 tra-

2160 4797 2370 4843 ctemus
2397 4789 2449 4852 in
2485 4791 2708 4849 veritate
2742 4808 2756 4846 :
2787 4792 2929 4857 alter
2967 4793 3124 4850 alteri
3153 4810 3261 4852 non
3296 4797 3668 4865 mentiamur:
3701 4808 3760 4855 et

2161 4879 2207 4934 si
2234 4879 2304 4934 sit
2331 4880 2499 4950 gloria
2525 4922 2543 4947 ,
2576 4881 2717 4960 quod
2748 4898 2937 4939 verum
2968 4893 3052 4940 est
3085 4901 3425 4956 quaeramus;
3455 4898 3510 4944 et
3532 4890 3579 4944 si
3607 4890 3718 4955 vita
3741 4934 3758 4958 ,

2162 4988 2365 5029 veram.
2397 4974 2451 5030 Si
2483 4975 2586 5042 hoc
2628 4992 2756 5047 ergo
2786 4993 2886 5033 nos
2913 4979 3378 5037 circumvallemus
3400 5023 3417 5049 ,
3456 4983 3500 5036 si
3530 4984 3763 5047 veritate

2161 5067 2534 5138 accingamur,
2585 5069 2764 5124 nullus
2802 5085 2901 5130 nos
2964 5072 3261 5142 superabit.
3299 5072 3401 5139 Qui
3432 5076 3625 5145 qumrit
3655 5076 3761 5135 do-

2160 5174 2281 5229 gma
2300 5160 2560 5227 veritatis,
2593 5176 2696 5218 non
2735 5162 2948 5219 decidet
2974 5164 3025 5218 in
3056 5174 3277 5220 terram.
3305 5164 3437 5220 Nam
3464 5167 3607 5236 quod
3637 5182 3763 5238 qua:

2159 5265 2287 5305 vera
2317 5265 2422 5305 non
2449 5260 2605 5318 sunt,
2653 5252 2760 5308 sint
2787 5270 2851 5309 ex
2895 5264 3035 5311 terra
3060 5295 3076 5321 ,
3108 5254 3233 5313 inde
3262 5257 3435 5327 palam
3466 5269 3586 5323 est,
3614 5260 3761 5331 quod

2159 5344 2369 5398 externi
2407 5359 2596 5400 omnes
2624 5346 2858 5400 serviant
2885 5346 3029 5403 vitiis
3051 5356 3106 5402 et
3130 5348 3414 5407 affectibus
3431 5390 3449 5417 ,
3481 5350 3608 5405 dum
3631 5366 3763 5406 suas

2160 5444 2460 5505 mquuntur
2481 5435 2857 5506 cogitationes.
2886 5438 3248 5507 Quamobrem
3276 5438 3323 5496 si
3349 5439 3535 5512 vigiles
3564 5443 3757 5507 simus,

2161 5529 2213 5583 in
2237 5528 2546 5585 Graecorum
2567 5531 2716 5586 libris
2737 5540 2791 5587 et
2815 5533 3039 5609 scriptis
3053 5531 3298 5594 doctrina
3322 5549 3428 5590 non
3457 5535 3757 5605 egebimus.

2162 5622 2348 5677 Viden'
2393 5640 2554 5695 quam
2581 5635 2709 5680 sunt
2746 5626 2819 5682 illi
2852 5625 3043 5682 molles
3084 5633 3141 5680 et
3180 5628 3455 5696 enervati,
3489 5637 3547 5684 ut
3572 5628 3661 5698 qui
3690 5625 3761 5681 de

2162 5713 2272 5782 Deo
2296 5714 2425 5771 nihil
2459 5717 2665 5803 possint
2693 5732 2856 5787 grave
2883 5725 2935 5781 et
2962 5726 3240 5788 austerum
3270 5718 3548 5792 suspicere
3568 5759 3583 5785 ,
3611 5717 3759 5791 quod
