4092 6496
454 311 558 366 163

451 425 831 498 κληρονόμους
875 421 1126 492 γενέσθαι
1170 421 1268 490 τῆς
1312 419 1588 492 βασιλείας
1633 419 1742 472 τῶν
1783 420 2048 492 οὐρανῶν.

449 513 622 576 Εἴτις
658 511 858 582 ἐχθρὸν
883 510 1019 581 ἔχει,
1052 509 1220 572 εἴτις
1261 510 1354 561 ὑπ’
1385 508 1550 562 αὐτοῦ
1585 507 1861 576 ἠδίκηται,
1894 507 1945 559 εί
1969 524 2054 570 τις

445 598 752 671 ἀγριαίνει,
782 597 962 652 πάντα
990 597 1080 650 τὸν
1101 596 1276 665 θυμὸν
1303 597 1532 659 ἐκεῖνον,
1566 595 1747 646 πᾶσαν
1776 593 1873 664 τὴν
1902 593 2055 664 χαλε-

448 689 666 757 πότητα
703 684 1034 753 συναγαγὼν
1076 684 1318 738 κενούτω
1349 682 1493 736 κατά
1528 682 1625 752 τῆς
1665 680 1762 733 τοῦ
1803 680 2051 734 διαθόλου

449 777 723 847 κεφαλῆς.
755 773 1026 828 Ἐνταῦθα
1068 776 1096 827 ὁ
1127 773 1296 842 θυμὸς
1340 773 1529 836 καλὸν,
1567 769 1800 825 ἐνταῦθα
1839 773 1872 840 ὴ
1915 770 2054 842 ὀργὴ

451 867 750 938 χρήσιμον,
777 861 1014 917 ἐνταῦθα
1054 863 1088 932 ἡ
1129 861 1466 933 μνησικακία
1498 859 1805 914 ὲςιαινετὸν.
1839 859 2053 928 Ὥσπερ

455 956 564 1025 γὰρ
599 953 696 1006 ἐπὶ
714 951 826 1005 τῶν
850 951 1052 1016 ἔξωθεν
1077 949 1238 1003 τοῦτο
1269 949 1332 1002 τὸ
1361 949 1725 1020 μνησικακεῖν
1752 946 1941 1012 κακὸν,
1971 946 2056 999 οὖ-

454 1060 562 1105 τως
585 1039 832 1094 ἐνταῦθα
861 1039 924 1092 τὸ
961 1039 1322 1109 μνησικακεῖν
1361 1035 1589 1104 ἀγαθόν.
1629 1035 1793 1087 Ὥστε
1825 1035 1875 1087 εἰ
1902 1034 2055 1088 ἑλατ·

453 1130 686 1200 τώματα
725 1127 891 1198 ἔχεις,
925 1125 1163 1178 ἐνταῦθα
1200 1124 1342 1178 αὑτά
1383 1121 1767 1188 ἀποσκεύαζεο
1799 1124 1848 1180 εἰ
1880 1122 1937 1175 δὲ
1978 1122 2052 1192 μὴ

450 1218 680 1271 δύνασαι
704 1215 870 1278 αὐτὸς
900 1212 1227 1277 ἀποθέσθαι,
1269 1212 1374 1266 κᾶν
1408 1211 1548 1282 μετά
1580 1211 1688 1264 τῶν
1735 1209 1915 1279 μελῶν
1946 1211 2053 1266 τῶν

452 1306 584 1360 σῶν.
617 1301 865 1374 Ἐπληξέ
916 1302 975 1354 σέ
1019 1318 1139 1367 τις;
1175 1302 1605 1370 Μνησ-ικάκησον
1665 1297 1742 1368 τῷ
1781 1296 2049 1368 διαϐόλῳ,

449 1396 544 1449 καὶ
574 1393 848 1464 μηδέποτε
875 1388 1192 1460 καταλύσῃς
1221 1388 1322 1456 τὴν
1345 1386 1546 1457 ἔχθραν
1571 1385 1669 1456 τὴν
1698 1383 1836 1454 πρὸς
1865 1384 2048 1438 αὐτόν.

462 1484 608 1536 Ἀλλ’
627 1484 730 1536 οὐκ
757 1479 994 1550 ἑπληξες
1029 1477 1139 1532 Καὶ
1170 1475 1314 1530 οὕτω
1347 1475 1700 1547 μνησικάκει,
1731 1474 1813 1525 ὅτι
1840 1471 1932 1525 τὸν
1964 1475 2054 1525 Δε-

452 1571 664 1640 σπότην
697 1568 888 1639 ὕϐρισε
928 1566 1019 1618 τὸν
1064 1564 1178 1629 σὺν,
1217 1565 1299 1616 ὅτι
1331 1562 1762 1633 προσέκρουσεν,
1809 1559 1894 1612 ὅτι
1923 1560 2052 1621 τοὺς

447 1657 718 1726 ἀδελφοὺς
749 1653 1075 1724 λυμαίνεται
1120 1652 1213 1704 καὶ
1250 1649 1505 1720 πολεμεῖ.
1551 1648 1663 1701 Ἀεὶ
1689 1647 1883 1718 ἐχθρὸς
1935 1645 2048 1708 ἔσο,

449 1747 544 1804 ἀεὶ
568 1743 785 1817 πικρὸς,
818 1742 906 1796 ἀεὶ
939 1740 1244 1810 ἀνήμερος’
1277 1735 1420 1791 οὕτω
1447 1735 1703 1799 ταπεινὸς
1722 1735 1876 1788 ἔσται
1905 1734 2049 1787 έκεῖ-

1341 304 1407 358 ΙΝ
1436 301 1656 359 EPIST.
1697 302 1788 355 AD
1836 299 2076 356 hl’lll‘lS.
2112 303 2264 358 CAP.
2307 304 2394 361 Vl.
2429 305 2662 362 IIOMIL.
2705 308 2896 363 XXIII.

3644 313 3744 368 ιοι

2157 441 2268 488 νος,
2299 423 2472 487 οὕτως
2515 424 3009 495 εὐκαταφρόνητος,
3055 421 3228 488 οὕτως
3268 424 3611 496 εὐχείρωτος.
3647 429 3744 480 ’Λν

2155 513 2318 580 ἡμεῖς
2369 511 2748 582 ἀγριαίνωμεν
2788 512 2921 581 πρὸς
2961 511 3146 576 αὑτὸν,
3196 513 3403 576 ἐκεῖνος
3444 514 3544 567 οὐκ
3591 514 3743 575 ἔσται

2156 601 2289 670 ἡμῖν
2320 599 2540 668 ἄγριος’
2583 599 2649 652 ἂν
2681 601 2842 678 ἡμεῖς
2883 596 3032 670 ὦμεν
3065 600 3350 664 ἐπιεικεῖς,
3379 602 3500 654 τότε
3534 605 3743 665 ἐκεῖνος

2156 689 2347 758 ἄγριος
2378 688 2526 740 ἔσται
2547 705 2560 719 ·
2602 688 2699 758 οὐχ
2733 688 2808 751 ώς
2849 689 2944 740 ἐπὶ
2975 688 3084 741 τῶν
3110 688 3356 758 ἀδελφῶν
3387 689 3495 744 τῶν
3537 691 3736 761 ἡμετέσ

2160 793 2288 846 ρων.
2321 774 2470 847 [174]
2515 775 2738 846 Ἐχθρὸς
2768 779 2881 828 ἑστι
2925 776 3018 828 καὶ
3049 777 3309 847 πολέμιος
3338 777 3430 830 καὶ
3460 777 3560 848 τῆς
3599 778 3744 847 ζωῆς

2158 865 2252 916 καὶ
2289 864 2386 932 τῆς
2420 863 2692 932 σωτηρίας
2746 864 2843 933 τῆς
2878 863 3155 936 ἡμετέρας
3198 866 3292 919 καὶ
3323 866 3423 934 τῆς
3457 867 3645 921 αὑτοῦ.
3681 867 3743 920 Εἰ

2157 952 2349 1006 ἑαυτὸν
2374 951 2434 1005 οὐ
2465 951 2626 1020 φιλεῖ,
2658 949 2776 1013 πῶς
2813 952 2958 1020 ἡμᾶς
2990 952 3216 1022 φιλῆσαι
3259 952 3585 1023 δυνήσεται;
3629 956 3744 1007 Πα-

2161 1038 2556 1111 ραταττώμεθα
2595 1037 2773 1091 τοίνυν
2806 1039 2899 1091 καὶ
2949 1038 3237 1108 βάλλωμεν
3283 1040 3467 1107 αὐτὸν,
3527 1042 3740 1113 ἔχοντες

2158 1128 2446 1199 σύμμαχον
2503 1127 2674 1197 μέγαν
2721 1126 2811 1178 τὸν
2866 1126 3071 1194 Κύριον
3131 1128 3338 1198 Ἰησοῦν
3389 1130 3645 1200 Χριστὸν,
3685 1130 3744 1192 ὃς

2155 1217 2446 1288 δυνήσεται
2471 1217 2565 1278 καὶ
2590 1216 2736 1284 ἡμᾶς
2761 1214 3096 1285 ἀχειρώτους
3126 1218 3351 1284 ποιῆσαι
3382 1220 3504 1281 ταῖς
3533 1218 3743 1271 ἐκείνου

2158 1306 2383 1373 πάγαις,
2416 1305 2512 1357 καὶ
2534 1305 2642 1355 τῶν
2673 1302 2977 1372 μελλόντων
3001 1302 3232 1369 ἀξιῶσαι
3259 1303 3484 1372 ἀγαθῶν
3504 1322 3515 1333 ·
3549 1299 3622 1358 ὧν
3651 1305 3744 1372 7i-

2153 1411 2298 1446 νοιτο
2331 1393 2541 1455 πάντας
2577 1393 2726 1462 ἡμᾶς
2752 1393 3048 1460 ἐπιτυχεῖν,
3093 1393 3278 1462 χάριτι
3307 1392 3402 1446 καὶ
3436 1391 3745 1462 φιλανθρω-

2156 1482 2256 1551 πίᾳ
2301 1480 2394 1533 τοῦ
2438 1479 2646 1550 Κυρίου
2682 1477 2840 1547 ἡμῶν
2903 1476 3079 1547 Ἰησοῦ
3131 1478 3391 1549 Χριστοῦ,
3428 1480 3546 1548 μεθ’
3576 1474 3638 1534 οῦ
3667 1480 3746 1551 τῷ

2157 1570 2340 1638 Πατρὶ
2367 1570 2484 1637 ᾶμα
2514 1567 2592 1637 τῷ
2621 1566 2761 1636 ἁγίῳ
2801 1564 3081 1635 Πνεύματι
3118 1565 3268 1632 δόξα,
3315 1567 3537 1636 κράτος,
3585 1569 3745 1637 τιμὴ,

2155 1658 2252 1711 νῦν
2277 1656 2370 1710 καὶ
2410 1656 2518 1720 ἀεὶ,
2546 1654 2639 1708 καὶ
2662 1657 2741 1716 εἰς
2766 1655 2892 1716 τοὺς
2915 1653 3118 1717 αἰῶνας
3135 1653 3246 1707 τῶν
3273 1653 3506 1710 αἰώνων.
3544 1657 3738 1726 ’Δμήν.

1930 2155 2183 2214 ,ΟΜΙΛΙΑ
2224 2157 2349 2210 Kl“.

447 2331 645 2402 Ὲτῆτε
681 2325 793 2386 οὖν
842 2326 1464 2402 περιζωσάμενοι-τὴν
1516 2322 1720 2393 ὀσφὺν
1765 2319 1936 2391 ὑμῶν
1980 2319 2052 2373 ἐν

1113 2398 1387 2466 ἀληθείῃ.

529 2515 605 2562 α’.
639 2504 917 2569 Συντάξας
953 2504 1015 2556 τὸ
1051 2502 1414 2572 στρατόπεδον
1438 2498 1619 2566 τοῦτο,
1653 2498 1746 2553 καὶ
1773 2495 2049 2566 διεγείρας

451 2595 639 2660 αὐτῶν
674 2596 774 2665 τὴν
806 2592 1118 2664 προθυμίαν
1152 2591 1498 2662 (ἀμφοτέροιν
1523 2587 1632 2660 γὰρ
1667 2586 1798 2646 ἔδει,
1826 2585 1922 2637 καὶ
1954 2581 2050 2636 τοῦ

454 2681 928 2753 συντεταγμένους
966 2675 1127 2744 εἰναι,
1165 2678 1258 2732 καὶ
1296 2677 1390 2731 τοῦ
1415 2677 1585 2747 θυμὸν
1611 2673 1791 2728 αὐτῶν
1834 2674 2049 2742 διεγερ-

451 2773 660 2842 θῆναι),
719 2771 817 2823 καὶ
874 2767 1305 2838 παραθαρσύνας
1370 2764 1570 2827 αὐτοὺς
1627 2761 1744 2835 (καὶ
1793 2760 1902 2831 γὰρ
1959 2758 2052 2812 καὶ

452 2858 647 2912 τούτου
679 2858 833 2925 ἔδει),
885 2855 1072 2908 λοιπὸν
1119 2854 1318 2916 αὐτοὺς
1362 2854 1456 2906 καὶ
1491 2848 1833 2914 καθοπλίζει.
1884 2845 2050 2899 Οὐδὲν

451 2947 564 3018 γὰρ
597 2947 708 2999 τῶν
740 2945 923 2999 ὅπλων
953 2943 1167 3012 ὄφελος,
1200 2941 1428 3000 ἐκείνων
1469 2939 1734 3010 πρότερον
1767 2935 1842 3008 μὴ
1875 2934 2051 2989 διατε-

450 3037 768 3106 ταγμένων,
822 3033 959 3104 μηδὲ
1012 3031 1107 3084 τοῦ
1151 3029 1328 3100 θυμοῦ
1387 3027 1760 3098 διεγερθέντος
1806 3024 1907 3094 τῆς
1952 3021 2048 3075 τοῦ

453 3123 797 3196 στρατιώτου
832 3121 1030 3191 ψυχῆς.
1065 3121 1155 3172 Δεῖ
1199 3119 1310 3190 γάρ
1348 3117 1616 3193 πρότερον
1644 3112 1806 3167 αὑτὸν
1837 3110 2050 3165 ἔνδοθεν

451 3213 719 3278 ὁπλίζειν,
764 3211 859 3264 καί
896 3209 1018 3262 τότε
1055 3205 1276 3273 ἔξωθεν.
1314 3205 1373 3257 Εἰ
1406 3205 1462 3262 δὲ
1501 3203 1595 3254 ἐπὶ
1632 3200 1744 3254 τῶν
1771 3199 2049 3270 αἰσθητῶν

451 3302 635 3369 τοῦτο,
667 3300 849 3372 πολλῷ
901 3299 1105 3371 μᾶλλον
1135 3297 1229 3349 ἐπὶ
1260 3295 1368 3348 τῶν
1403 3293 1610 3364 νοητῶν
1659 3289 2006 3362 στρατιωτῶν
2031 3305 2044 3320 ο

442 3393 662 3462 ,μᾶλλον
683 3390 740 3443 δὲ
768 3391 863 3442 ἑπὶ
895 3386 1102 3440 τούτων
1139 3384 1261 3438 οὐδὲ
1291 3383 1438 3436 ἐστιν
1467 3379 1668 3448 ἔξωθεν
1697 3377 2046 3441 ὁπλίσασθαι,

447 3481 593 3542 ,ἀλλά
622 3481 804 3533 πάντα
837 3474 1070 3537 ἔνδοθεν.
1123 3473 1380 3544 Διήγειρε
1433 3470 1526 3524 τὸν
1581 3469 1754 3539 θυμὸν
1803 3468 1898 3519 καὶ
1957 3465 2047 3519 ἀν-

447 3571 688 3632 ,έκαυσε,
723 3564 1035 3638 προσέθηκε
1061 3562 1120 3616 τὸ
1147 3562 1369 3631 θάρσος,
1396 3558 1622 3628 ἔστησεν
1658 3556 1856 3617 αὐτοὺς
1891 3553 2048 3607 εὐτά-

458 3671 640 3720 κτως·
667 3654 854 3709 λοιπὸν
891 3650 1232 3714 καθοπλίζει.
1284 3647 1426 3700 Ἀλλ’
1456 3647 1558 3717 ὅρα
1608 3643 1725 3706 πῶς
1763 3643 1857 3696 καὶ
1897 3657 2052 3711 περι-

456 3746 640 3814 τίθησι
673 3743 743 3796 τὰ
771 3740 935 3794 ὅπλα.
978 3736 1168 3804 Στῆτε
1195 3730 1330 3798 οὖν,
1376 3733 1532 3804 φησί.
1567 3731 1791 3803 Πρῶτον
1824 3729 1932 3782 τῶν
1953 3746 2051 3781 τα-

457 3835 666 3888 κτικῶν
693 3828 852 3894 εἶδος,
888 3830 949 3882 τὸ
981 3826 1184 3881 εἰδέναι
1224 3824 1450 3878 ἑστάναι
1497 3821 1699 3884 καλῶς,
1751 3820 1849 3873 καὶ
1878 3818 2051 3872 πολλὰ

458 3923 613 3994 παρὰ
643 3919 803 3974 τοῦτο
845 3917 1056 3985 γένοιτο
1103 3913 1191 3968 ἄν.
1245 3911 1344 3965 Διά
1385 3909 1545 3962 τοῦτο
1576 3908 1749 3962 πολλὰ
1799 3907 1926 3979 περὶ
1955 3905 2047 3961 τοῦ

459 4013 652 4081 στῆναι
685 4007 1018 4070 διαλέγεται,
1054 4002 1149 4056 καὶ
1175 3999 1403 4072 ἑτέρωθι
1428 3999 1624 4065 λέγων’
1659 3996 1870 4065 Στῆτε,
1905 4013 2049 4066 γρη-

455 4098 686 4170 γορεῖτε
708 4114 722 4128 ο
763 4095 857 4150 καὶ
889 4092 1074 4154 πάλιν,
1104 4089 1270 4142 Οὕτω
1302 4085 1560 4153 στήκετε
1594 4085 1664 4138 ἐν
1689 4085 1884 4156 Κυρίῳ
1909 4100 1921 4113 ·
1954 4082 2049 4137 καὶ

459 4189 647 4252 πάλιν,
687 4188 750 4240 '0
775 4181 971 4238 δοκῶν
997 4179 1268 4244 ἑστάναι,
1297 4177 1578 4242 ,βλεπέτω
1601 4173 1688 4244 μὴ
1721 4175 1882 4243 πέσῃ
1901 4191 1914 4204 ο
1950 4174 2048 4227 καὶ

458 4276 660 4339 πάλιν,
729 4274 854 4328 Ἵνα
915 4267 1222 4336 δυνηθῆτε
1276 4265 1475 4326 πάντα
1541 4261 2051 4332 κατεργασάμενοι

455 4362 697 4430 στῆναι.
742 4361 858 4414 Οὐκ
893 4358 1002 4429 ἄρα
1059 4354 1248 4420 ἁπλῶς
1289 4370 1413 4406 τινα
1466 4353 1655 4406 στάσιν
1702 4353 1891 4421 φησὶν,
1928 4349 2047 4404 ἀλλ’

457 4453 750 4507 εῦτακτον·
783 4451 878 4504 καὶ
911 4450 1027 4502 ὅσοι
1070 4445 1325 4516 πολέμων
1370 4442 1508 4494 εἰσὶν
1553 4441 1832 4512 ἔμπειροι,
1867 4440 2048 4495 ἴσασιν

455 4545 582 4597 ὅσον
615 4539 733 4593 ἐστί
764 4537 825 4591 τὸ
859 4536 1061 4594 εἰδέναι
1110 4533 1355 4585 ἑστάναι.
1409 4531 1470 4583 Εἰ
1512 4529 1624 4600 γὰρ
1661 4529 1755 4589 ἐπὶ
1791 4529 1900 4581 τῶν
1931 4547 2049 4582 πυ..

463 4631 772 4684 κτευόντων
823 4625 920 4678 καὶ
954 4619 1297 4682 παλαιόντων
1327 4616 1488 4681 τοῦτο
1532 4617 1640 4688 πρὸ
1669 4616 1778 4679 τῶν
1811 4616 1986 4681 ἄλλων
2020 4617 2048 4668 ὁ

459 4713 821 4784 παιδοτρίϐης
846 4709 1162 4781 παρεγγυᾷ,
1189 4706 1252 4758 τὸ
1276 4705 1524 4770 ἑστάναι,
1554 4703 1735 4778 πολλῷ
1765 4705 1966 4775 μᾶλλον
1989 4707 2047 4758 ἑν

453 4809 568 4868 τοῖς
598 4803 854 4881 πολέμοις
883 4801 979 4852 καὶ
1007 4801 1120 4860 τοῖς
1150 4798 1560 4867 στρατιωτικοῖς
1593 4795 1938 4867 πράγμασιν.
1986 4797 2044 4850 Ὀ

456 4894 629 4957 ἑστὼς
657 4891 836 4964 ὀρθὸς,
870 4889 1106 4959 ἔστηκεν
1136 4886 1194 4938 οὐ
1242 4883 1651 4954 διακεχυμένος,
1692 4885 1793 4938 οὐκ
1829 4885 2043 4938 ἑπικλι-

453 4982 679 5053 νόμενός
715 4997 822 5032 τινι
847 4995 862 5008 ⁶
899 4979 932 5048 ἡ
964 4973 1199 5047 ἀκριϐὴς
1236 4973 1468 5043 ὀρθότης
1499 4973 1557 5024 ἐν
1593 4975 1657 5042 τῇ
1691 4973 1880 5027 στάσει
1921 4974 2042 5042 φαί.

453 5087 629 5123 νεται.
663 5069 828 5122 Ὥστε
865 5065 916 5118 οἰ
945 5063 1115 5126 ὅντως
1156 5060 1330 5131 ὀρθοὶ,
1365 5055 1512 5113 οὗτοι
1550 5059 1846 5132 ἑστήκασιν
1867 5077 1880 5091 ⁸
1911 5063 1960 5115 οἱ
1987 5062 2046 5116 δὲ

457 5158 534 5229 μὴ
566 5156 824 5220 ἑστῶτες,
869 5154 972 5206 οὐκ
1015 5152 1082 5205 ἂν
1117 5145 1228 5202 εἷεν
1260 5149 1436 5218 ὀρθοὶ,
1483 5147 1618 5202 ἀλλά
1666 5149 2040 5221 διαλελυμένοι

452 5248 550 5300 καὶ
589 5243 994 5316 διακεχυμένοι.
1062 5240 1120 5292 '0
1177 5238 1403 5310 τρυφῶν
1448 5238 1545 5308 οὐχ
1581 5237 1812 5308 ἕστηκεν
1863 5240 2042 5311 ὀρθὸς,

453 5335 591 5390 ἀλλά
612 5332 886 5398 κέκλιται,
913 5332 942 5383 ὁ
967 5329 1186 5397 λάγνος,
1217 5329 1243 5378 ὁ
1273 5325 1704 5396 φιλοχρήματος.
1738 5326 1797 5379 '0
1819 5328 2043 5392 ἑστάναι

453 5423 628 5487 εἰδὼς,
689 5423 784 5476 ἀπ’
833 5423 1007 5491 αὐτῆς
1035 5421 1136 5488 τῆς
1175 5416 1440 5479 στάσεως,
1492 5413 1682 5484 ὥσπερ
1737 5416 1843 5469 ἀπό
1900 5435 2045 5481 τινος

454 5512 708 5582 θεμελίου
741 5511 922 5566 πάντα
959 5507 1178 5578 εὐμαρῆ
1219 5504 1332 5570 ἓξει
1371 5503 1441 5556 τὰ
1474 5502 1574 5570 τῆς
1618 5503 1818 5572 πάλης.
1857 5504 2046 5574 Στῆτε

452 5601 586 5665 οὗν,
640 5599 797 5670 φησὶ,
850 5595 1315 5667 περιζωσάμενοι
1362 5591 1476 5659 τὴν·
1523 5590 1726 5658 ὀσφὺν
1767 5590 1938 5661 ὑμῶν
1974 5595 2045 5649 ἐν

453 5691 727 5759 ἀληθείᾳ.
772 5689 847 5743 Οὐ
880 5688 1009 5759 περὶ
1036 5683 1304 5756 αἰσθητῆς
1327 5680 1503 5750 ζώνης
1533 5679 1700 5750 φησί·
1729 5680 1904 5735 πάντα
1934 5684 2044 5754 γὰρ

449 5779 522 5833 τὰ
556 5781 612 5832 ἑν
639 5778 717 5849 τῷ
753 5775 938 5848 χωρίῳ
979 5773 1154 5843 τούτῳ
1190 5769 1398 5842 νοητῶς
1431 5767 1602 5835 λέγει.
1635 5767 1746 5826 Καὶ
1782 5769 1893 5841 ,ὅρα
1925 5773 2043 5838 πῶς

2154 2315 2262 2388 ὁδῷ
2303 2315 2456 2389 [I75]
2497 2317 2800 2388 προϐαίνει.
2835 2319 3061 2389 Πρῶτον
3095 2317 3435 2381 ἀναζώννυσι
3456 2318 3546 2372 τὸν
3579 2337 3744 2391 στρα-

2154 2404 2376 2477 τιώτην.
2407 2406 2472 2458 Τί
2508 2406 2572 2478 δὴ
2607 2406 2766 2461 τοῦτό
2806 2409 2951 2474 ἑστι;
3027 2409 3360 2479 Διαῤῥέοντα
3406 2408 3501 2462 καὶ
3561 2409 3743 2463 διακε-

2155 2495 2388 2566 χυμένον
2413 2498 2532 2560 ταῖς
2573 2498 2918 2568 ἐπιθυμίαις,
2953 2497 3047 2551 καὶ
3070 2499 3249 2568 χαμαὶ
3283 2500 3410 2562 τοὺς
3447 2498 3743 2570 λογισμοὺς

2155 2584 2348 2654 ἔχοντα
2394 2585 2732 2656 συρομένους
2765 2586 3082 2639 ἀναστέλλει
3126 2586 3216 2639 διὰ
3263 2587 3359 2657 τῆς
3397 2587 3596 2658 ζώνης,
3640 2590 3742 2642 οὐκ

2155 2673 2260 2728 ἑῶν
2285 2674 2450 2727 αὐτὸν
2479 2675 2871 2746 ἐμποδίζεσθαι
2896 2675 3002 2727 ὑπὸ
3029 2674 3137 2727 τῶν
3169 2676 3401 2744 ἱματίων
3437 2677 3746 2746 συμπλεκο-

2157 2762 2333 2832 μένων
2364 2766 2482 2827 ταῖς
2508 2765 2789 2833 κνημῖσιν,
2829 2763 2946 2816 ἀλλ’
2978 2762 3224 2826 εὐλύτοις
3253 2767 3367 2827 τοῖς
3401 2767 3563 2819 ποσὶν
3582 2766 3744 2836 ἀφεὶς

2153 2849 2389 2921 τρέχειν.
2443 2849 2633 2919 Στῆτε
2695 2846 2810 2906 οὖν
2859 2850 3369 2925 περιζίυσάμενοιν
3425 2854 3579 2922 φησὶν
3627 2854 3746 2918 τὴν

2155 2939 2359 3006 ὀσφὺν
2392 2938 2579 3009 ὑμῶν.
2625 2940 2828 3008 ὐσφὺν
2882 2939 2938 2996 δὲ
2989 2938 3226 2993 ἐνταῦθά
3275 2957 3440 3010 φησι’
3490 2941 3744 3014 καθάπερ

2154 3028 2247 3080 ἐπὶ
2282 3027 2392 3080 τῶν
2421 3027 2569 3096 νηῶν
2605 3028 2636 3097 ἡ
2669 3028 2884 3098 τρόπις,
2922 3027 3066 3080 οὕτω
3099 3027 3196 3080 καὶ
3235 3030 3321 3097 ἐφ’
3356 3029 3513 3099 ἡμῶν
3539 3031 3572 3099 ἡ
3606 3030 3736 3084 ὑπόο

2155 3115 2303 3178 θεσις
2333 3116 2534 3180 παντὸς
2551 3114 2644 3168 τοῦ
2676 3115 2929 3185 σώματος
2949 3117 2984 3186 ἠ
3007 3114 3176 3183 ὀσφύς
3199 3117 3346 3168 ἐστιν
3372 3132 3386 3146 ·
3419 3115 3611 3188 ὥσπερ
3635 3117 3743 3187 γὰρ

2153 3203 2406 3274 θεμέλιόν
2451 3204 2587 3267 ἑστι,
2633 3202 2728 3258 καὶ
2779 3203 2866 3255 ἐπ’
2911 3203 3061 3274 αὐτῷ
3107 3202 3168 3256 τὸ
3208 3205 3317 3258 πᾶν
3355 3205 3740 3275 οἰκοδομεῖται.

2152 3292 2406 3362 καθάπερ
2472 3291 2675 3362 ἰατρῶν
2731 3292 2918 3355 παῖδές
2972 3309 3125 3362 φασι.
3178 3291 3288 3364 Τὴν
3338 3294 3517 3346 τοίνυν
3563 3294 3742 3365 ψυχὴν

2152 3381 2312 3451 ἡμῶν
2351 3381 2668 3450 συσφίγγει,
2725 3378 2980 3443 ζωννύων
3018 3381 3118 3450 τὴν
3164 3379 3371 3448 ὀσφύν·
3432 3382 3492 3433 ού
3533 3383 3642 3456 γὰρ
3675 3383 3740 3454 δὴ

2151 3468 2359 3537 ταύτην
2391 3467 2490 3538 τὴν
2533 3466 2705 3538 ὀσφύν
2751 3485 2936 3539 φησιν,
2984 3466 3122 3521 ἀλλὰ
3169 3467 3378 3539 νοητῶς
3407 3468 3737 3537 διαλέγεται.

2155 3557 2265 3611 Καὶ
2294 3554 2486 3625 ῶσπερ
2509 3556 2624 3608 τῶν
2669 3555 2840 3621 κάτω,
2882 3557 2977 3608 καὶ
3009 3555 3120 3610 τῶν
3149 3557 3261 3612 ἄνω
3296 3559 3326 3627 ὴ
3357 3558 3530 3626 ὀσφὺς
3572 3557 3740 3628 θεμέ-

2152 3643 2265 3706 λιός
2303 3642 2475 3706 ἐστιν,
2505 3643 2650 3696 οὕτω
2673 3644 2767 3696 καὶ
2800 3644 2892 3705 ἐπὶ
2913 3643 3016 3714 τῆς
3042 3645 3240 3715 νοητῆς
3267 3645 3487 3714 ὀσφύος.
3517 3647 3578 3698 υἱ
3610 3646 3740 3714 γοῦν

2152 3730 2416 3795 πολλάκις
2451 3732 2857 3802 ἀποκαμόντες,
2895 3732 3148 3804 καθάπερ
3193 3734 3273 3796 είς
3323 3751 3446 3789 τινα
3486 3734 3738 3804 θεμέλιον

2151 3821 2271 3884 ἐκεῖ
2307 3819 2407 3882 τὰς
2454 3822 2645 3889 χεῖρας
2696 3818 2905 3884 θέντες,
2961 3819 3136 3885 οὕτως
3171 3823 3399 3886 ἑαυτοὺς
3444 3823 3742 3877 διαϐαστά-

2150 3909 2304 3973 ζουσι
2329 3924 2343 3937 ο
2375 3907 2524 3976 καὶὴ
2563 3906 2709 3977 ζώνη
2754 3907 2843 3960 διά
2888 3907 3049 3960 τοῦτο
3083 3907 3296 3975 γίνεται
3330 3911 3388 3962 ἑν
3422 3913 3536 3974 τοῖς
3580 3911 3741 3965 πολέ-

2153 4014 2296 4068 μοις,
2327 3996 2415 4049 ’ίνα
2452 3998 2735 4067 συγκρατῇ
2765 3996 2861 4049 καὶ
2896 3996 3097 4075 συνέχῃ
3133 3996 3226 4050 τὸν
3264 3997 3517 4068 θεμέλιον
3556 4000 3647 4054 τὸν
3681 4000 3741 4053 ἑν

2148 4086 2305 4156 ἡμῖν.
2341 4083 2641 4142 Διὰιτοῦτο
2687 4084 2783 4144 καὶ
2823 4084 3111 4156 τρέχοντες
3152 4084 3507 4157 ζωννύμεθα·
3556 4089 3739 4159 ἐκείνη

2149 4172 2510 4243 ἀσφαλίζεται
2535 4173 2597 4226 τὸ
2621 4175 2679 4227 ὲν
2702 4174 2835 4244 ἡμῖν
2874 4172 3115 4244 ἰσχυρόν.
3143 4173 3315 4238 Τοῦτο
3341 4175 3544 4240 τοίνυν,
3579 4161 3736 4247 φησί,

2149 4264 2247 4318 καὶ
2285 4265 2380 4318 ἑπὶ
2410 4264 2512 4333 τῆς
2535 4263 2714 4333 ψυχῆς
2753 4261 3013 4332 γινέσθω,
3039 4265 3134 4316 καὶ
3162 4265 3272 4318 πᾶν
3305 4264 3486 4330 ὁτιοῦν
3522 4267 3739 4320 ποιοῦν-

2147 4369 2260 4419 τες,
2296 4352 2512 4423 ἰσχυροὶ
2534 4353 2795 4422 ἐσόμεθα.
2817 4351 3070 4407 Μάλιστα
3093 4352 3202 4424 γὰρ
3233 4356 3346 4417 τοῖς
3377 4353 3741 4425 στρατιώταις

2148 4441 2210 4494 τὸ
2257 4428 2495 4510 πράγμα
2528 4439 2738 4512 πρέπον
2778 4440 2915 4494 ἑστί.
2966 4439 3096 4505 Ναὶ,
3131 4427 3317 4511 φησὶν,
3356 4442 3492 4496 ἀλλά
3535 4444 3739 4516 ταύτην

2147 4529 2248 4598 τὴν
2292 4529 2465 4598 ὀσφὺν
2497 4528 2682 4600 ἱμάντι
2727 4527 3037 4600 δερματίνῳ
3070 4528 3393 4600 ζωννύμεθα
3431 4548 3444 4560 °
3497 4533 3658 4603 ἡμεῖς
3682 4532 3739 4587 δὲ

2150 4617 2294 4683 τίνι;
2328 4615 2418 4697 Τῷ
2451 4616 2736 4688 κεφαλαίῳ
2767 4617 2877 4670 τῶν
2898 4616 3178 4688 λογισμῶν
3208 4618 3386 4689 ἡμῶν,
3420 4618 3565 4689 λέγω
3590 4621 3648 4674 δὲ
3670 4627 3737 4705 τῇ

2150 4705 2399 4777 ἀληθείᾳ.
2426 4705 2912 4776 Περιεζὶυσμένοι,
2950 4706 3108 4775 φησὶ,
3152 4706 3270 4775 τὴν
3317 4709 3520 4778 ὀσφὺν
3569 4710 3741 4780 ἡμῶν

2148 4796 2219 4848 ἐν
2238 4795 2511 4862 ἀληθείᾳ.
2538 4793 2749 4859 Οὐκοῦν
2781 4793 2948 4866 μηδὲν
2970 4793 3167 4863 ψεῦδος
3196 4795 3528 4867 ἀγαπῶμεν,
3557 4798 3738 4856 πάντα

2146 4885 2215 4936 τά
2241 4884 2545 4954 πράγματα
2587 4881 2866 4954 μετίωμεν
2914 4883 2971 4936 ἑν
3003 4881 3254 4954 ἀληθείᾳ,
3292 4883 3368 4955 μὴ
3411 4884 3738 4956 ψευδώμεθα

2148 4975 2228 5035 εἰς
2251 4971 2516 5044 ἀλλήλους
2539 4987 2550 4998 ·
2586 4971 2690 5034 κᾶν
2720 4969 2848 5036 δόξα
2877 4965 2935 5042 ᾖ,
2972 4970 3034 5023 τὸ
3067 4970 3267 5042 ἀληθὲς
3307 4971 3563 5044 ζητῶμεν
3585 4989 3600 5005 ⁸
3635 4976 3737 5040 κᾶν

2150 5058 2264 5130 βίος
2288 5055 2348 5131 ᾖ,
2371 5059 2462 5112 τὸν
2484 5057 2683 5136 ἀληθῆ.
2716 5059 2812 5111 Ἂν
2835 5059 3009 5129 τούτῳ
3033 5060 3262 5124 ἑαυτοὺς
3281 5061 3734 5134 περιφράξωμεν,

2149 5152 2218 5205 ἂν
2237 5153 2302 5222 τῇ
2321 5148 2550 5228 ἀληθείᾳ
2590 5147 2916 5218 ζωσώμεθα,
2936 5149 3112 5213 οὐδεὶς
3138 5150 3297 5220 ἡμῶν
3329 5153 3637 5222 περιέσται.
3676 5153 3737 5218 ὐ

2151 5241 2326 5310 ζῖόγμα
2349 5239 2604 5310 ἀληθείας
2631 5237 2830 5310 ζητῶν,
2850 5239 2912 5291 ού
2935 5243 3334 5294 καταπεσεῖται
3366 5243 3447 5305 εἰς
3477 5240 3576 5310 τὴν
3607 5248 3732 5314 γῆν.

2152 5331 2277 5382 Ὀτι
2306 5327 2416 5402 γὰρ
2449 5326 2518 5380 τὰ
2567 5325 2641 5397 μὴ
2671 5324 2844 5396 ἀληθῆ
2881 5326 2989 5380 ἀπὸ
3023 5328 3123 5398 τῆς
3163 5329 3267 5400 γῆς
3301 5329 3438 5394 ἑστι,
3483 5330 3644 5402 δῆλον
3675 5332 3736 5400 ἑξ

2150 5413 2226 5474 ὧν
2267 5419 2379 5479 τοῖς
2419 5414 2615 5481 πάθεσι
2665 5413 2980 5467 δουλεύουσι
3033 5417 3236 5480 πάντες
3280 5419 3331 5470 οἰ
3362 5416 3582 5484 ἔξωθεν,
3620 5423 3735 5493 τοῖς

2147 5507 2369 5569 οἰκείοις
2397 5503 2678 5573 λογισμοῖς
2703 5501 3255 5570 κατακολουθοῦντες.
3298 5506 3391 5559 Διὸ
3417 5506 3513 5561 ἑάν
3542 5509 3733 5578 νήφω-

2152 5612 2273 5666 μεν,
2324 5595 2382 5646 ἐν
2439 5594 2552 5656 τοῖς
2580 5591 2687 5646 τῶν
2733 5591 2998 5664 Ἑλλήνων
3049 5593 3230 5660 λόγοις
3282 5595 3343 5647 οὺ
3381 5593 3734 5663 διδασκαλίας

2147 5683 2472 5756 δεησόμεθα.
2531 5683 2697 5754 Ὁρᾷς
2743 5681 2861 5746 πῶς
2913 5683 3051 5735 εἰσιν
3105 5684 3304 5738 ἐκεῖνοι
3360 5684 3593 5755 μαλακοὶ
3640 5689 3734 5740 καὶ
3825 5733 3841 5740 -

2149 5773 2364 5847 χαῦνοι,
2395 5770 2546 5824 οὐδὲν
2575 5769 2870 5842 αὐστηρὸν,
2915 5770 3066 5825 οὐδὲν
3096 5771 3237 5843 ὑπὲρ
3267 5771 3358 5825 τὸν
3389 5773 3731 5846 ἀνθρώπινον
