4092 6564
405 338 509 392 Ιϐὕ

407 447 670 519 λογισμὸν
723 448 853 520 περὶ
903 448 1038 503 Θεοῦ
1084 448 1339 515 δέξασθαι
1387 445 1712 527 δυνάμενοι;
1756 443 1817 496 ού
1875 442 1987 513 γάρ

408 537 546 589 εἰσιν
581 535 881 606 ἐζωσμέναι
913 538 971 589 ἐν
1000 535 1253 607 ἀληθείᾳ.
1292 535 1493 601 Διόπερ
1538 529 1720 583 αὐτῶν
1747 531 1781 600 ή
1817 530 1989 599 ὀσφὺς

318 620 326 627 ’
407 623 719 684 ἐκλέλυται,
744 623 806 674 τὸ
842 622 1090 676 δεκτικὸν
1126 623 1236 675 τῶν
1264 618 1597 690 γεννητικῶν
1634 617 1988 687 σπερμάτων,

410 710 506 764 καὶ
546 710 654 763 τῶν
703 708 983 779 λογισμῶν
1035 708 1097 762 τὸ
1148 707 1388 780 ίσχυρόν.
1434 705 1599 760 Οὐδὲν
1649 700 1742 759 οὖν
1785 703 1991 757 τούτων

408 797 818 867 ἀσθενέστερον.

476 883 549 954 β’.
579 883 917 954 Μανιχαίους
944 882 1001 936 δὲ
1025 883 1160 955 ὁρᾷς
1189 881 1372 946 πάλιν,
1400 884 1519 945 πῶς
1546 881 1723 936 πάντα
1754 879 1861 933 ἀπὸ
1883 877 1991 931 τῶν

406 969 621 1023 οἰκείων
642 960 916 1042 λογισμῶν
938 971 1177 1042 τολμῶσι
1207 969 1568 1040 φθέγγεσθαι;
1604 969 1719 1021 Οὐκ
1743 966 1990 1036 ἠδύνατο,

410 1058 594 1127 φησὶν,
624 1061 652 1113 6
682 1058 816 1122 Θεὸς
850 1060 976 1114 ἄνευ
1010 1057 1143 1128 ὕλης
1171 1060 1395 1129 ποιῆσαι
1420 1057 1513 1111 τὸν
1546 1057 1770 1127 κόσμον.
1822 1054 1994 1107 Πόθεν

407 1146 567 1201 τοῦτο
592 1147 748 1218 δῆλον
770 1164 785 1213 ;
816 1146 1069 1218 Χαμόθεν
1088 1146 1259 1199 ταῦτα
1281 1146 1499 1215 λέγουσι
1527 1145 1621 1200 καὶ
1643 1143 1754 1199 ἀπὸ
1772 1143 1874 1213 τῆς
1888 1143 1994 1212 γῆς

407 1236 506 1291 καὶ
546 1236 655 1289 ἀπὸ
694 1236 804 1289 τῶν
848 1238 978 1309 παρ’
1021 1238 1173 1307 ἡμῖν.
1208 1236 1330 1290 Ὅτι
1372 1236 1677 1307 ἄνθρωπος,
1712 1232 1897 1303 φησὶν,
1930 1231 1993 1285 ού

414 1325 631 1380 δύναται
669 1325 873 1396 ἑτέρως
900 1328 1146 1397 ποιῆσαι.
1177 1324 1349 1378 Πάλιν
1378 1323 1645 1396 Μαρκίων
1673 1318 1775 1394 ὅρα
1803 1321 1854 1374 τι
1886 1338 1994 1391 φη⁴

411 1427 517 1467 σιν·
540 1413 656 1465 Ούκ
690 1412 924 1482 ἠδύνατο
951 1413 980 1466 6
1002 1412 1134 1475 Θεὸς
1160 1411 1340 1482 σάρκα
1359 1409 1647 1464 ἀναλαϐὼν
1683 1412 1862 1480 μεῖναι
1890 1425 1993 1461 κα-

411 1499 596 1571 θαρός.
642 1498 810 1551 Πόθεν
852 1497 1011 1550 τοῦτο
1042 1497 1231 1568 δῆλον;
1268 1496 1391 1549 Ὀτι
1431 1496 1551 1549 οὐδὲ
1604 1497 1654 1549 οἰ
1694 1494 1991 1565 ἄνθρωποι,

410 1586 565 1656 φησί.
603 1586 793 1639 Καίτοι
822 1584 1101 1656 ἄνθρωποι
1133 1585 1408 1641 δύνανται.
1446 1583 1796 1645 Οὐαλεντίνος
1832 1580 1994 1637 πάλιν

407 1674 583 1745 χαμαὶ
614 1673 947 1743 συρομένους
973 1673 1112 1743 ἔχων
1140 1675 1265 1737 τοὺς
1286 1672 1599 1743 λογισμοὺς,
1621 1670 1729 1724 ἀπὸ
1760 1670 1861 1739 τῆς
1890 1669 1996 1739 γῆς

410 1760 743 1830 φθέγγεταιο
785 1759 985 1827 ὁμοίως
1027 1760 1118 1812 καὶ
1167 1759 1375 1822 Παῦλος
1413 1761 1443 1811 6
1486 1758 1856 1829 Σαμοσατεῦς,
1900 1754 1996 1810 καὶ

411 1847 562 1920 [176]
591 1849 825 1916 Ἀρειος.
846 1847 909 1899 Τί
925 1848 1033 1918 γάρ
1063 1864 1257 1918 φησινς
1282 1848 1395 1901 Οὐκ
1410 1847 1637 1916 ἠδύνατο
1662 1846 1690 1898 6
1721 1843 1853 1906 Θεὸς
1869 1859 1993 1912 γεν-

408 1932 536 1999 νῶν,
564 1934 822 2003 γεννῆσαι
853 1928 1101 1995 ἀπαθῶς.
1127 1933 1296 1987 Πόθεν
1315 1932 1474 1986 τοῦτο
1498 1930 1704 2002 τολμᾷς
1727 1930 1925 1999 λέγειν,
1944 1923 1989 1981 ὧ

412 2021 627 2091 Ἀρειες
663 2019 797 2071 Ἀπὸ
816 2019 923 2072 τῶν
948 2021 1075 2091 παρ’
1104 2020 1257 2090 ἡμῖν.
1287 2020 1451 2089 Ὀρᾷς
1470 2019 1687 2072 πάντων
1712 2017 1887 2088 χαμαὶ
1907 2033 1996 2068 συ-

409 2106 672 2176 ρομένους
692 2107 817 2169 τοὺς
840 2105 1151 2176 λογισμοὺς,
1172 2106 1388 2159 πάντων
1411 2105 1874 2176 κεχαλασμένους,
1896 2103 1997 2173 τῆς

408 2193 514 2263 γῆς
543 2193 835 2257 πνέοντας;
872 2194 983 2247 Καὶ
1009 2192 1295 2263 δογμάτων
1321 2193 1419 2263 μὲν
1450 2193 1632 2256 ἕνεκα,
1669 2190 1845 2244 οὕτω·
1881 2190 1997 2261 βίου

408 2280 464 2334 δὲ
484 2280 665 2344 πάλιν,
693 2282 742 2333 οἰ
774 2280 980 2351 πόρνοι,
1006 2280 1052 2333 οί
1078 2279 1378 2350 χρημάτων
1411 2278 1730 2350 ἐρῶντες,οί
1751 2278 1927 2348 δόξης,
1948 2279 1998 2330 οἱ

409 2369 518 2421 τῶν
560 2369 736 2422 ἄλλων
784 2368 1056 2432 ἁπάντων,
1104 2368 1279 2439 χαμαὶ
1322 2366 1574 2438 σύρονται
1599 2382 1612 2396 '
1648 2367 1749 2421 οὐκ
1785 2368 1997 2437 ἔχουσιν

411 2456 703 2525 ἑστηκυῖαν
733 2454 901 2526 αὐτὴν
932 2455 1029 2525 τὴν
1063 2456 1253 2523 ὀσφὺν,
1287 2456 1427 2510 ὥστε
1477 2453 1749 2525 καμόντες
1792 2455 1996 2507 ἐπανα-

411 2540 712 2606 παύεσθαι,
750 2540 863 2594 ἀλλ’
897 2540 992 2594 ἐὰν
1027 2542 1277 2611 κάμωσιν
1300 2581 1313 2604 ,
1360 2542 1419 2593 οὐ
1462 2541 1673 2593 τιθέασι
1706 2542 1805 2611 τὴν
1839 2543 1996 2614 χεῖρα

409 2629 504 2681 καὶ
528 2629 842 2699 ἑστήκασιν,
871 2627 1005 2681 ἀλλὰ
1028 2628 1356 2681 διαλύονται.
1396 2629 1454 2680 Ὀ
1487 2627 1667 2698 μέντοι
1690 2626 1997 2698 ἐζωσμένος

410 2720 478 2789 τῇ
501 2716 746 2788 ἀληθείᾳ,
776 2717 992 2790 πρῶτον
1016 2719 1114 2788 μὲν
1141 2717 1394 2770 οὐδέποτε
1418 2719 1677 2786 καμεῖται
1705 2735 1718 2748 ·
1746 2718 1996 2788 δεύτερον

410 2804 488 2869 δέ,
532 2804 633 2857 κᾶν
680 2805 853 2878 κάμῃ,
903 2805 983 2868 είς
1021 2804 1187 2873 αὐτὴν
1235 2798 1685 2859 ἐπαναπαύσεται
1726 2803 1824 2874 τὴν
1857 2804 1994 2876 ἀλή-

413 2894 583 2947 θειαν.
628 2891 692 2943 Τί
730 2891 857 2963 γὰρ,
907 2892 1027 2945 εἰπέ
1059 2907 1181 2961 μοι;
1222 2891 1382 2945 πενία
1409 2890 1572 2944 αὑτὸν
1601 2893 1801 2961 καμεῖν
1841 2893 1996 2962 ποιή-

412 2992 531 3043 σει;
594 2977 860 3048 οὐδαμῶς
888 2995 900 3008 ·
947 2977 1355 3031 ἐπαναπαύεται
1409 2977 1517 3049 γὰρ
1557 2978 1649 3031 ἐπὶ
1690 2978 1784 3032 τὸν
1829 2978 1997 3042 ὅντως

411 3062 661 3130 πλοῦτον,
690 3067 784 3118 καὶ
807 3065 893 3118 διὰ
913 3068 1009 3134 τῆς
1032 3064 1219 3128 πενίας
1239 3065 1444 3118 εἵσεται
1470 3066 1570 3133 τὴν
1591 3065 1758 3129 ὅντως
1784 3065 1993 3120 πενίαν.

422 3148 587 3203 Ἀλλά
612 3150 825 3204 δουλεία
856 3153 1072 3223 ποιήσει
1105 3150 1267 3204 αὐτὸν
1296 3151 1529 3219 καμεῖν;
1563 3150 1824 3219 Οὐδαμῶς
1846 3165 1860 3180 ⁶
1887 3147 1994 3204 οἶδε

409 3236 518 3309 γὰρ
546 3237 642 3309 τὴν
665 3238 832 3301 ὅντως
858 3238 1122 3293 δουλείαν.
1158 3238 1320 3291 Ἀλλά
1338 3238 1527 3301 νόσος;
1563 3238 1701 3290 Ἀλλ’
1729 3238 1847 3291 οὐδὲ
1870 3238 1995 3291 τοῦ-

408 3341 471 3378 το
492 3341 506 3355 ’
526 3329 594 3379 Al
613 3326 843 3395 ὀσφύες
862 3324 1052 3394 ὑμῶν,
1066 3324 1232 3395 φησὶν
1252 3323 1546 3396 ὁΧριστὸς,
1572 3324 1851 3378 ἔστωσαν
1864 3318 1997 3385 ἐζω-

409 3411 648 3482 σμέναι,
685 3412 783 3466 καὶ
803 3415 856 3465 οί
875 3413 1092 3480 λύχνοι
1116 3411 1437 3481 καιόμενοι,
1467 3409 1605 3463 ὥστε
1630 3411 1690 3464 τὸ
1712 3411 1827 3482 φῶς
1854 3412 1996 3483 ἐχειν

409 3499 693 3553 ἄσϐεστον.
729 3497 896 3551 Τοῦτο
929 3498 1025 3551 καὶ
1058 3498 1108 3551 οἱ
1151 3496 1211 3562 ἐξ
1249 3498 1525 3565 Αἰγύπτου
1561 3499 1797 3564 ἐξιόντες
1823 3502 1995 3555 ποιεῖν

409 3585 786 3652 ἐπετάττοντο,
830 3586 925 3639 καὶ
965 3584 1265 3654 ἐζωσμένοι
1308 3585 1369 3639 τὸ
1406 3586 1590 3656 πάσχα
1629 3584 1836 3657 ἤσθιον.
1883 3588 1996 3642 Καὶ

406 3675 550 3737 τίνος
579 3675 784 3739 ἕνεκεν,
809 3675 993 3746 φησὶν,
1017 3673 1187 3738 οὕτως
1210 3673 1430 3746 ήσθιον;
1462 3673 1649 3727 Βούλει
1680 3674 1872 3745 μαθεῖν
1896 3677 1995 3749 τὴν

410 3762 668 3815 ὑπόθεσιν
701 3762 922 3816 ἃπασαν
967 3760 1089 3814 καθ’
1132 3762 1393 3831 ἱστορίαν,
1434 3762 1468 3831 ἢ
1498 3761 1640 3814 κατά
1663 3763 1993 3833 άναγωγήν;

421 3847 564 3917 Ἐγὼ
589 3850 688 3917 μὲν
724 3845 817 3902 οὖν
847 3848 1133 3919 ἀμφότερα
1158 3849 1268 3920 ἐρῶ
1288 3866 1300 3878 ο
1330 3849 1488 3920 ὑμεῖς
1530 3848 1587 3902 δὲ
1617 3849 1895 3920 κατέχετε.
1919 3851 1993 3903 Ού

408 3936 519 4007 γάρ
562 3935 767 4000 ἁπλῶς,
799 3936 888 3988 ἴνα
931 3936 1088 4006 μόνον
1136 3937 1275 3990 είπω
1314 3937 1411 4007 τὴν
1444 3935 1619 4003 λύσιν,
1658 3936 1916 4006 ποιοῦμαι
1941 3949 1991 4004 α,

410 4024 526 4079 ἀλλ’
566 4025 653 4078 ἵνα
690 4026 783 4078 καὶ
816 4024 974 4096 ἔργον
1016 4027 1074 4080 ἐν
1103 4026 1233 4096 ύμῖν
1268 4026 1495 4096 γένηται.
1522 4025 1590 4078 τά
1618 4026 1865 4098 ἡμέτερα
1893 4028 1991 4100 ρή-

414 4131 580 4185 ματα.
616 4108 830 4177 Ἦσαν,
863 4113 1048 4185 φησὶν,
1075 4113 1390 4184 ἐζωσμένοι
1411 4153 1426 4178 ,
1462 4114 1561 4168 καὶ
1593 4118 1651 4167 al
1672 4115 1994 4184 βακτηρίαι

408 4201 610 4256 αὐτῶν
647 4203 717 4257 ἐν
760 4202 891 4268 ταῖς
914 4206 1108 4273 χερσὶ,
1157 4204 1257 4257 καὶ
1301 4202 1371 4257 τὰ
1404 4201 1753 4272 ὑποδήματα
1775 4205 1844 4258 ἐν
1875 4205 1995 4273 τοῖς

409 4289 577 4353 ποσί,
596 4290 695 4343 καί
723 4291 912 4360 οὕτως
934 4289 1153 4359 ἤσθιον
1178 4290 1245 4344 τὸ
1259 4289 1486 4358 πάσχα.
1502 4292 1708 4363 Φρικτά
1722 4293 1811 4345 καὶ
1830 4291 1991 4361 φοϐε-

413 4378 480 4445 ρά
506 4376 575 4430 τὰ
603 4379 896 4449 μυστήρια,
930 4378 1026 4430 καί
1063 4376 1197 4431 πολὺ
1231 4376 1292 4430 τὸ
1319 4376 1482 4447 βάθος
1514 4379 1728 4450 ἔχοντα.
1758 4373 1823 4434 Εἰ
1852 4380 1910 4433 δέ
1934 4381 1992 4432 ἐν

408 4467 521 4527 τοῖς
534 4464 724 4529 τύποις
740 4462 882 4518 οὕτω
903 4464 1033 4533 φοϐε
1043 4464 1133 4535 ρά,
1162 4463 1340 4535 πολλῷ
1361 4464 1560 4536 μᾶλλον
1584 4468 1640 4521 ἐν
1656 4469 1722 4538 τῇ
1742 4466 1988 4538 ἀληθεία.

421 4552 513 4617 Ἐξ
543 4552 816 4621 Αἰγύπτου
845 4552 1177 4624 ἐξέρχονται,
1208 4551 1269 4605 τὸ
1297 4555 1482 4623 πάσχα
1519 4550 1777 4606 ἐσθίουσι.
1816 4553 1993 4624 Πρόσ-

409 4656 523 4710 εχε,
563 4638 622 4693 τὸ
663 4640 849 4711 σχῆμα
885 4637 1308 4710 ὁδοιπορούντων
1355 4638 1509 4691 ἐστί·
1544 4638 1604 4692 τὸ
1640 4638 1749 4711 γὰρ
1796 4640 1995 4712 ὑποδή-

413 4744 555 4799 ματα
583 4726 746 4797 ἔχειν,
780 4726 876 4780 καὶ
907 4725 1134 4798 ῥάϐδους
1172 4727 1230 4778 ἐν
1259 4728 1375 4788 ταῖς
1403 4725 1595 4796 χερσὶ,
1627 4726 1723 4782 καὶ
1752 4727 1992 4792 ἑστῶτας

409 4814 632 4879 ἐσθίειν,
656 4814 807 4868 οὐδὲν
825 4814 910 4867 ἒτε
920 4830 1012 4884 ρον
1027 4813 1061 4884 ἢ
1078 4812 1234 4865 τοῦτο
1253 4811 1418 4883 δηλοῖ.
1448 4811 1711 4865 Βούλεσθε
1728 4812 1826 4887 τὴν
1850 4815 1991 4868 ἱστο-

415 4901 535 4971 ρίαν
549 4903 778 4956 ἀκοῦσαι
802 4902 1039 4973 πρῶτον,
1067 4900 1100 4971 ἢ
1129 4901 1227 4971 τὴν
1251 4902 1576 4972 ἀναγωγήν;
1609 4901 1719 4974 Τὴν
1750 4904 1990 4976 ἱστορίαν

407 4991 650 5061 ἄμεινον.
666 4991 733 5043 Τί
757 4988 851 5045 οὖν
875 4993 908 5062 ή
931 4992 1141 5061 ἱστορία
1168 4989 1448 5060 βούλεταις
1486 4991 1824 5063 ’Δγνώμονες
1848 4989 1990 5065 ἦσαν

407 5078 459 5130 οἱ
506 5077 777 5146 Ἰουδαῖοι,
830 5082 924 5134 καὶ
962 5079 1201 5149 συνεχῶς
1259 5079 1353 5132 τοῦ
1394 5078 1528 5133 Θεοῦ
1567 5081 1990 5136 ἐπελανθάνοντο

406 5164 516 5219 τῶν
541 5154 885 5239 εὐεργεσιῶν.
909 5168 1234 5238 Βουλόμενος
1263 5163 1354 5222 οὖν
1378 5169 1470 5222 καὶ
1493 5168 1723 5233 ἄκοντας
1744 5171 1823 5233 είς
1853 5173 1990 5243 μνή-

411 5271 519 5324 μην
566 5255 747 5308 αύτῶν
778 5255 1052 5326 ἔρχεσθαι,
1092 5258 1184 5310 τὸν
1214 5259 1414 5329 τρόπον
1456 5259 1557 5329 τῆς
1592 5258 1847 5331 βρώσεως
1891 5259 1985 5313 τοῦ

409 5342 594 5410 πάσχα
627 5340 815 5396 τοῦτον
847 5345 1142 5413 νομοθετεῖ.
1184 5344 1250 5397 Τί
1296 5345 1527 5415 δήποτε;
1555 5348 1676 5401 Ἵνα
1701 5346 1822 5402 καθ’
1855 5347 1988 5401 ἐκα-

409 5442 533 5480 στον
561 5429 751 5499 χρόνον
788 5430 999 5501 ἔχοντες
1027 5433 1269 5505 ἀνάγκην
1295 5433 1390 5505 τὴν
1425 5435 1745 5506 νομοθεσίαν
1779 5438 1986 5507 τηρεῖν,

412 5515 825 5586 μνημονεύωσιν
857 5518 1168 5589 ἀναγκαίως
1202 5522 1296 5576 καὶ
1343 5521 1438 5576 τοῦ
1467 5522 1666 5586 αὐτοὺς
1691 5521 1986 5592 ἐξαγαγόν-

407 5685 499 5798 “at
521 5674 761 5733 Danaus:
786 5680 934 5746 Legas
955 5679 1124 5734 melius
1139 5684 1222 5734 τὸν
1242 5683 1384 5748 λόγον
1400 5683 1477 5737 vel
1494 5687 1581 5744 τὴν
1600 5684 1801 5742 διάλεξιν
1820 5684 1989 5736 ποιοῦ-

1085 336 1146 392 S.
1185 331 1479 392 JOANMS
1512 323 2011 384 CIIRYSUSTOMI
2051 324 2373 382 ARCHIEP.
2413 327 2957 387 CONSTANTINOP.

3565 326 3671 386 £66

2090 457 2182 505 τος
2219 442 2376 497 Θεοῦ.
2422 444 2535 497 Ούκ
2577 446 2684 517 ἄρα
2732 442 2824 499 οὖν
2860 444 2939 516 τῷ
2981 444 3156 516 χρόνῳ
3190 443 3348 512 μόνον
3373 442 3672 514 κατέδησεν

2092 528 2254 583 αὐτοῦ
2298 531 2396 594 τὰς
2438 532 2758 602 εὐεργεσίας
2790 534 2819 585 ό
2851 532 3003 595 Θεὸς,
3040 529 3179 584 ἀλλά
3201 529 3295 584 καὶ
3321 529 3402 599 τῷ
3428 531 3671 600 σχήματι

2089 613 2200 667 τῶν
2227 616 2535 671 ἐσθιόντων.
2567 619 2665 671 Διά
2690 619 2848 671 τοῦτο
2869 618 2979 689 γὰρ
3007 616 3310 689 ἐζωσμένοι
3341 617 3440 670 καὶ
3475 617 3672 670 ὑποδε-

2091 701 2303 772 δεμένοι
2325 705 2617 771 ἐσθίουσιν,
2647 707 2734 759 ἵνα
2762 705 3107 777 ἐρωτώμενοι
3138 705 3389 774 λέγωσιν,
3423 705 3507 757 ὅτι
3530 705 3674 774 Πρὸς

2091 791 2398 862 ὁδοιπορίαν
2440 789 2585 864 ἦμεν
2626 795 2854 865 Ξτοιμοι,
2878 796 2973 848 καὶ
2993 795 3076 848 ὅτι
3116 793 3445 865 Ἐμέλλομεν
3472 792 3673 858 ἐξιέναι

2092 880 2157 932 ἐκ
2176 881 2275 950 τῆς
2314 882 2590 951 Αἰγύπτου
2621 885 2714 937 ἐπὶ
2735 885 2833 955 τὴν
2862 885 2966 956 γῆν
2996 883 3096 953 τῆς
3122 883 3473 952 ἐπαγγελίας.
3501 881 3675 936 Τοῦτο

2097 966 2197 1039 μὲν
2219 972 2247 1023 6
2279 970 2400 1024 καθ’
2425 973 2666 1043 ἱστορίαν
2695 973 2866 1036 τύπος
2888 989 2904 1005 '
2935 975 2968 1043 ή
3003 973 3060 1026 δὲ
3084 971 3337 1042 ἀλήθεια,
3370 970 3532 1041 αὕτη.
3560 968 3672 1024 Καὶ

2094 1056 2253 1126 ἡμεῖς
2286 1059 2536 1130 ἐσθίομεν
2567 1062 2772 1131 πάσχα,
2805 1061 2897 1114 τὸν
2926 1060 3162 1130 Χριστόν
3182 1075 3196 1087 ⁸
3240 1058 3311 1112 Τὸ
3328 1058 3439 1127 γὰρ
3461 1055 3674 1123 πάσχα

2092 1141 2264 1211 ἡμῶν
2284 1144 2462 1214 ἐτύθη
2491 1149 2765 1216 Χριστὸς,
2798 1146 2981 1218 φησίν.
3017 1148 3159 1216 ’Δρα
3179 1148 3275 1200 καὶ⁸
3302 1148 3465 1215 ἡμεῖς
3488 1149 3673 1213 πάσχα

2094 1229 2347 1302 ἐσθίομεν
2373 1233 2507 1288 πολὺ
2536 1235 2632 1289 τοῦ
2654 1236 2880 1305 νομικοῦ
2902 1238 3167 1307 κρεῖττον.
3192 1234 3402 1288 Οὐκοῦν
3423 1232 3518 1286 καὶ
3542 1233 3675 1284 ὑπο-

2094 1317 2365 1389 δεδεμένοι
2412 1323 2508 1374 καὶ
2530 1321 2830 1392 ἐζωσμένοι
2865 1323 3154 1392 ὀφείλομεν
3186 1321 3408 1374 ἐσθίειν.
3453 1319 3551 1373 Διά
3579 1319 3670 1384 τίς

2099 1403 2217 1458 Ἵνα
2252 1407 2348 1459 καὶ
2374 1410 2536 1479 ἡμεῖς
2573 1411 2779 1479 ’ἐτοιμοι
2804 1404 2955 1480 ὦμεν
2980 1410 3118 1481 πρὸς
3155 1408 3254 1478 τὴν
3298 1406 3496 1471 ἔξοδον.
3535 1403 3671 1475 πρὸς

2098 1490 2246 1562 [1771
2275 1493 2374 1565 τήν
2398 1495 2646 1550 ἐντεῦθεν
2675 1497 3004 1568 ἀποδημίαν.
3027 1496 3232 1567 Μηδεὶς
3263 1494 3373 1547 τῶν
3398 1494 3459 1546 τὸ
3487 1492 3673 1561 πάσχα

2077 1576 2242 1635 τοῦτο
2261 1580 2547 1637 ἐσθιόντων
2565 1584 2700 1655 πρὸς
2712 1585 2987 1653 Αἴγυπτον
3000 1583 3264 1654 βλεπέτω,
3281 1579 3418 1635 ἀλλὰ
3434 1581 3568 1651 πρὸς
3581 1578 3674 1631 τὸν

2095 1664 2344 1736 οὐρανὸν,
2379 1669 2516 1740 πρὸς
2540 1670 2639 1742 τὴν
2665 1671 2776 1725 ἄνω
2813 1671 3120 1744 Ἱερουσαλή
3130 1687 3189 1739 μ.
3235 1667 3333 1722 Διὰ
3358 1665 3515 1720 τοῦτο
3537 1665 3673 1729 ἐζω-

2098 1752 2312 1820 σμένος,
2360 1755 2448 1809 διὰ
2485 1757 2645 1810 τοῦτο
2681 1758 3069 1829 ὑποδεδεμένος
3106 1756 3327 1820 ἐσθίεις,
3367 1754 3454 1807 ἵνα
3495 1751 3674 1823 μάθῃς

2100 1834 2179 1891 ὁτι
2209 1840 2324 1910 ἅμα
2354 1840 2432 1912 τῷ
2472 1843 2741 1915 ἄρξασθαι
2783 1845 2981 1898 ἐσθίειν
3027 1843 3088 1896 τὸ
3118 1844 3337 1913 πάσχα,
3372 1839 3673 1910 ἀποδημεῖν

2097 1925 2332 1992 ὀφείλεις
2380 1931 2477 1982 καὶ
2500 1930 2725 1984 ὁδεύειν.
2764 1931 2872 1984 Δύο
2910 1931 2970 1984 δέ
3002 1929 3322 1983 αἰνίττεται·
3348 1928 3442 1981 καὶ
3479 1925 3538 1979 τὸ
3563 1924 3673 1977 δεῖν

2105 2012 2307 2075 ἐξιέναι
2328 2014 2437 2067 ἀπὸ
2458 2016 2755 2084 Αἰγύπτου,
2780 2018 2875 2071 καὶ
2907 2018 2968 2071 τὸ
3003 2018 3281 2089 μένοντας,
3306 2016 3383 2078 ῶς
3412 2015 3489 2076 είς
3521 2012 3675 2066 ἀλλο-

2097 2100 2254 2170 τρίαν
2277 2100 2462 2155 λοιπὸν
2486 2102 2693 2172 μένεινο
2722 2102 2911 2174 Ἠμῶν
2932 2106 3060 2174 γὰρ,
3080 2103 3233 2174 φησὶ,
3254 2101 3322 2155 τὸ
3343 2100 3674 2167 πολίτευμα

2097 2186 2168 2238 ὲν
2183 2188 2481 2255 οὐρανοῖς,
2500 2190 2594 2243 καὶ
2606 2190 2667 2243 τὸ
2687 2191 2867 2245 πάντα
2881 2193 2970 2244 τὸν
2985 2191 3097 2260 βίον
3108 2189 3196 2242 ἀεὶ
3220 2184 3672 2258 ἐμπαρασκεύους

2098 2269 2257 2339 εῖναι,
2278 2274 2419 2328 ὥστε
2445 2277 2741 2348 κληθέντας
2765 2278 2839 2350 μὴ
2865 2277 3280 2341 ἀναϐάλλεσθαι,
3312 2273 3447 2329 ἀλλά
3468 2273 3669 2341 λέγειν·

2109 2360 2348 2433 Ἕτοίμη
2376 2366 2414 2433 ἠ
2462 2366 2679 2435 καρδία
2700 2366 2886 2436 ἡμῶν.
2933 2365 3094 2420 Ἀλλὰ
3130 2365 3288 2417 τοῦτο
3319 2363 3420 2435 μὲν
3464 2359 3675 2423 Παῦλος

2100 2450 2329 2520 ἠδύνατο
2365 2453 2564 2521 λέγειν,
2612 2457 2640 2508 6
2677 2455 2844 2527 μηδὲν
2880 2454 3056 2527 ἐαυτῷ
3098 2452 3353 2516 συνειδώς
3379 2467 3395 2484 ⁶
3421 2449 3534 2521 ἐγὼ
3563 2449 3622 2503 δέ
3645 2451 3676 2502 6

2099 2538 2294 2592 πολλοῦ
2336 2541 2527 2611 χρόνου
2566 2542 2817 2613 δεόμενος
2861 2545 2938 2605 είς
2980 2543 3287 2613 μετάνοιαν,
3330 2539 3390 2592 οὗ
3439 2537 3675 2595 δύναμαι

2097 2626 2292 2681 εἰπεῖν.
2318 2626 2514 2681 Ὅτιδέ
2535 2629 2596 2682 τὸ
2621 2629 2854 2694 ἐζῶσθαι
2877 2628 3257 2701 γρηγορούσης
3281 2625 3482 2697 ψυχῆς,
3510 2623 3673 2678 ἄκουε

2096 2714 2191 2767 τοῦ
2242 2714 2376 2768 Θεοῦ
2436 2716 2683 2785 λέγοντος
2729 2718 2807 2789 τῷ
2842 2718 3035 2788 δικαίῳ
3078 2716 3268 2787 ἐκείνῳ
3307 2731 3323 2745 ·
3349 2713 3468 2782 Μὴ,
3514 2713 3677 2766 ἀλλὰ

2098 2800 2277 2862 ζῶσαι
2298 2801 2500 2871 ὥσπερ
2529 2804 2685 2873 ἀνὴρ
2713 2806 2829 2874 τὴν
2869 2806 3070 2874 ὀσφύν
3098 2821 3214 2857 σου
3241 2820 3253 2831 ·
3286 2800 3566 2870 ἐρωτήσω
3608 2798 3677 2851 δέ

2096 2904 2191 2951 σε,
2216 2890 2297 2943 σὺ
2324 2889 2391 2943 δέ
2411 2909 2513 2961 μοι
2546 2892 2915 2961 ἀποκρίθητι.
2949 2892 3119 2944 Τοῦτο
3160 2890 3254 2942 καὶ
3294 2887 3429 2960 πρὸς
3467 2885 3676 2946 πάντας

2098 2972 2287 3038 ἁγίους
2321 2976 2474 3044 φησί,
2526 2973 2686 3027 τοῦτο
2731 2974 2789 3028 δέ
2821 2974 2917 3027 καὶ¹
2956 2974 3093 3045 πρὸς
3124 2972 3217 3026 τὸν
3250 2972 3505 3025 Μωῦσέα.
3564 2971 3676 3023 Καὶ

2096 3060 2260 3123 αὐτὸς
2291 3061 2348 3114 δὲ
2373 3063 2618 3131 φαίνεται
2642 3062 2948 3133 ἐζωσμένος
2968 3064 3026 3115 ἐν
3048 3061 3124 3132 τῷ
3151 3061 3416 3132 Ἰεζεκιήλ
3439 3076 3453 3091 ·
3477 3058 3677 3129 μᾶλλον

2096 3147 2154 3200 δὲ
2202 3148 2297 3201 καί
2335 3150 2386 3201 οἰ
2432 3149 2651 3218 ἄγγελοι
2698 3152 2829 3221 ⁴ἡμῖν
2867 3149 3170 3220 ὲζωσμένοι
3215 3148 3533 3218 φαίνονται,
3580 3146 3678 3201 ἅτε

2101 3235 2430 3299 στρατιῶται
2456 3236 2630 3300 ὄντες.
2662 3236 2794 3290 Ἀπὸ
2820 3238 2915 3290 τοῦ
2943 3235 3371 3308 περιζώσασθαι.
3405 3235 3466 3290 τὸ
3488 3236 3677 3306 στῆναι

2097 3322 2302 3391 γίνεται
2322 3324 2602 3392 γενναίως,
2622 3323 2809 3394 ὥσπερ
2832 3324 2942 3379 ἀπὸ
2957 3323 3049 3379 τοῦ
3065 3326 3274 3396 στῆναι,
3294 3324 3356 3377 τὸ
3376 3324 3679 3388 ζώσασθαι.

2097 3410 2307 3464 Οὐκοῦν
2324 3413 2419 3465 καὶ
2446 3413 2673 3475 ἑαυτοὺς
2696 3411 3092 3483 περιζώσωμεν
3109 3428 3123 3441 ⁶
3156 3411 3376 3482 καὶγὰρ
3401 3412 3493 3464 καί
3514 3412 3679 3481 ἡμεῖς

2095 3499 2297 3564 ἐξιέναι
2340 3500 2642 3571 μέλλομεν,
2697 3501 2792 3553 καὶ
2850 3500 3019 3553 πολλά
3062 3498 3267 3571 μεταξὺ
3314 3499 3383 3553 τὰ
3440 3499 3674 3569 χαλεπά.

2099 3588 2269 3639 Ὅταν
2286 3587 2348 3639 τὸ
2371 3588 2553 3643 πεδίον
2568 3586 2724 3640 τοῦτο
2743 3586 3062 3658 διέλθωμεν,
3079 3589 3107 3640 6
3119 3587 3361 3650 διάϐολος
3375 3588 3677 3660 ἐφέστηκεν

2096 3676 2318 3741 εὐθέως,
2364 3678 2540 3731 πάντα
2591 3677 2760 3731 ποιῶν
2801 3678 2894 3730 καὶ
2923 3676 3335 3748 μηχανώμενος,
3385 3676 3529 3730 ὥστε
3552 3678 3680 3741 τοὺς

2096 3761 2155 3828 ἐξ
2190 3763 2464 3829 Αἰγύπτου
2502 3762 2953 3829 σωθέντας,ὥστε
2986 3764 3114 3826 τοὺς
3139 3763 3238 3833 τὴν
3288 3762 3557 3834 Ἐρυθρὰν
3582 3762 3678 3816 θά-

2095 3849 2300 3902 λασσαν
2343 3850 2653 3916 διαϐάντας,
2698 3852 2825 3915 τοὺς
2865 3850 2973 3904 ἀπὸ
3001 3850 3111 3904 τῶν
3144 3851 3417 3920 δαιμόνων
3445 3850 3676 3905 καὶτῶν

2099 3939 2308 4010 μυρίων
2338 3939 2564 4010 πληγῶν
2600 3941 2716 4011 ἆμα
2762 3939 3187 4011 ἀπολυομένους,
3232 3940 3454 4005 τούτους
3497 3941 3672 3995 λαϐὼν

2096 4026 2381 4079 ἀπολέσαι.
2435 4027 2598 4091 Ἀλλ’,
2645 4027 2742 4080 ἐὰν
2787 4029 3081 4099 νήφωμεν,
3129 4027 3328 4099 ἔχομεν
3373 4030 3467 4083 καί
3511 4031 3673 4100 ἡμεῖς

2098 4111 2289 4168 στῦλον
2340 4114 2543 4183 πυρὸς,
2596 4113 2696 4185 τὴν
2734 4112 2828 4167 τοῦ
2866 4115 3184 4185 Πνεύματος
3227 4115 3388 4188 χάριν
3412 4134 3426 4148 ·
3451 4118 3479 4169 ὁ
3510 4117 3672 4180 αὐτὸς

2096 4203 2191 4256 καὶ
2237 4203 2481 4272 φωτίζει,
2503 4204 2600 4256 καὶ
2636 4202 2847 4267 σκιάζει
2880 4219 2893 4232 ·
2920 4204 3114 4275 ἔχομεν
3142 4206 3348 4273 μάννα·
3382 4206 3582 4277 μᾶλλον
3616 4205 3674 4260 δέ

2094 4291 2155 4343 ού
2208 4291 2406 4361 μάννα,
2464 4290 2600 4345 ἀλλά
2639 4291 2820 4361 πολλῷ
2869 4291 3032 4346 πλέον
3078 4292 3173 4345 τοῦ
3218 4293 3392 4363 μάννα
3442 4294 3673 4365 ἔχομεν’

2095 4378 2246 4446 πόμα
2287 4378 2675 4448 πνευματικὸν,
2721 4378 2819 4449 ούχ
2866 4378 3011 4449 ὕδωρ
3056 4380 3163 4435 ἀπὸ
3205 4381 3411 4451 πέτρας
3453 4381 3670 4446 ἔξεισιν.

2099 4463 2337 4533 Ἐχομεν
2378 4466 2470 4517 καὶ
2514 4464 2888 4536 παρεμϐολὴν,
2914 4466 3013 4536 τὴν
3045 4467 3251 4538 ἔρημον
3279 4467 3553 4531 οἰκοῦντες
3578 4468 3674 4522 καὶ

2095 4549 2209 4604 νῦν.
2240 4553 2446 4614 Ὄντως
2478 4551 2608 4623 γὰρ,
2650 4552 2818 4615 ὅντως
2861 4554 3066 4625 ἕρημος
3109 4556 3204 4608 καὶ
3231 4555 3327 4608 νῦν
3355 4556 3455 4625 τῆς
3475 4557 3677 4627 ἀρετῆς

2091 4639 2126 4709 ή
2162 4637 2233 4709 γῆ
2262 4639 2474 4707 γέγονε,
2515 4640 2607 4692 καὶ
2647 4640 2907 4712 μᾶλλονῆ
2940 4641 3147 4710 ἐκείνη.
3197 4643 3297 4697 Διὰ
3344 4644 3396 4696 τί
3434 4644 3615 4715 ἐκείνη
3637 4646 3674 4712 ἡ

2093 4725 2298 4796 ἔρημος
2336 4725 2542 4797 φευκτὴ
2587 4722 2688 4797 ἦνς
2730 4724 2819 4800 ἆρ’
2857 4730 2955 4800 οὐχ
2990 4730 3069 4783 ὅτι
3114 4730 3409 4801 σκορπίους
3438 4728 3583 4801 εῖχεν
3616 4734 3681 4786 ἐν

2093 4814 2256 4885 ἑαυτῇ
2298 4815 2392 4868 καί
2430 4814 2606 4886 ἔχεις;
2641 4817 2698 4868 ἐν
2729 4810 2786 4890 ᾖ,
2815 4819 2999 4888 φησὶν,
3036 4817 3099 4870 οὐ
3132 4816 3346 4888 διῆλθεν
3364 4819 3671 4891 ἄνθρωπος.

2105 4901 2245 4954 Ἀλλ’
2269 4903 2368 4955 οὐκ
2389 4902 2557 4967 ἔστιν,
2581 4904 2683 4956 οὐκ
2709 4903 2855 4957 ἐστιν
2884 4903 3055 4961 οὕτως
3083 4906 3289 4979 ἄφορος
3318 4905 3501 4978 ἐκείνη
3541 4924 3677 4977 καρ-

2092 4989 2230 5055 πῶν,
2254 4991 2330 5055 Lb;
2356 4994 2389 5062 ἠ
2418 4991 2730 5064 ἀνθρωπίνη
2756 4992 2938 5061 φύσις.

2162 5083 2232 5146 γ’.
2253 5077 2368 5130 Νῦν
2390 5079 2545 5132 πόσοι
2572 5080 2845 5151 σκορπίοι,
2874 5080 3037 5133 πόσαι
3062 5075 3248 5150 ἔχειςιι
3265 5081 3406 5135 κατά
3429 5082 3525 5154 τὴν
3545 5081 3676 5154 ἔρη-

2093 5182 2191 5234 μον
2215 5165 2441 5234 ταύτην.
2474 5165 2630 5219 πόσοι
2668 5168 2840 5236 δφεις,
2901 5167 3054 5220 πόσοι
3089 5169 3404 5239 γεννήματα
3450 5170 3675 5241 ἐχιδνῶν

2088 5245 2253 5316 οῦτοι,
2293 5251 2387 5318 οὓς
2413 5251 2508 5306 νῦν
2527 5252 2846 5325 διήλθομεν;
2882 5253 3041 5307 Ἀλλά
3073 5254 3148 5324 μὴ
3179 5254 3535 5326 φοϐηθῶμενο
3570 5257 3673 5326 τῆς

2088 5339 2199 5413 γάρ
2249 5341 2428 5408 ἐξόδου
2465 5340 2671 5411 ταύτης
2720 5344 3036 5412 στρατηγεῖ,
3108 5343 3168 5395 οὐ
3221 5344 3484 5413 Μωῦσῆς,
3537 5344 3674 5399 ἀλλὰ

2100 5427 2323 5500 Ἰησοῦς.
2349 5428 2474 5493 Πῶς
2498 5426 2591 5483 οὖν
2616 5429 2692 5502 μὴ
2714 5428 2784 5482 τά
2802 5430 2941 5483 αὐτὰ
2970 5429 3267 5502 πάθωμεν;
3313 5431 3405 5503 Μὴ
3431 5431 3502 5488 τὰ
3531 5431 3672 5485 αὐτὰ

2086 5517 2396 5590 δράσωμεν,
2417 5520 2512 5572 καὶ
2531 5519 2592 5571 οὐ
2616 5519 2918 5591 πεισόμεθα
2951 5519 3020 5573 τὰ
3046 5519 3205 5574 αὑτά.
3253 5519 3484 5574 Ἐκεῖνοι
3515 5521 3673 5589 ἐγόγ-

2087 5606 2270 5676 γυζον,
2297 5608 2493 5660 ἐκεῖνοι
2518 5605 2832 5678 ἀγνώμονες
2852 5602 2991 5679 ἦσαν
3016 5622 3032 5637 ⁸
3063 5608 3140 5680 μὴ
3163 5607 3342 5662 τοίνυν
3361 5607 3533 5666 ταῦτα
3562 5609 3670 5664 πά-

2154 5752 2187 5793 ὶι
2207 5748 2290 5802 Sic
2309 5750 2507 5815 quidam
2526 5764 2644 5802 mss.
2678 5748 2811 5802 Editi
2834 5765 2959 5804 vero
2979 5757 3033 5803 et
3056 5751 3139 5804 alii
3161 5754 3308 5804 πόσοι
3330 5754 3471 5818 ἔχεις.
