4092 6490
411 349 511 404 165

407 463 697 517 humanam
725 465 946 527 superet
974 453 1283 511 rationem?
1314 468 1418 508 non
1461 452 1757 506 suuteuim
1790 449 2007 506 succin-

402 554 475 610 cti
505 554 556 606 in
591 550 838 605 veritate.
871 546 1233 614 Quamobrem
1266 545 1425 600 soluti
1454 553 1580 598 sunt
1601 559 1790 598 eorum
1819 541 2005 606 lumbi,

404 650 456 704 in
480 648 633 718 queis
655 655 781 700 sunt
801 643 1051 715 gignendi
1082 642 1284 697 semina
1310 652 1364 695 et
1389 640 1791 694 ratiociniorum
1822 638 2007 692 robur.

400 745 547 799 Nihil
580 753 664 797 est
692 757 824 809 ergo
856 740 940 793 his
968 738 1308 792 imbecillius.
1443 806 1446 809 η

474 835 530 888 2.
578 834 788 887 Rursus
840 840 1018 884 autem
1068 828 1218 882 vides
1261 826 1584 882 Manicbmos
1628 824 1899 895 quomodo
1943 839 2008 877 ex

407 928 637 998 pmpriis
668 923 965 979 rationibus
987 922 1166 977 omnia
1191 921 1337 991 loqui
1354 920 1623 975 audeant?
1646 919 1758 973 Non
1779 925 2007 987 poterat,

410 1018 601 1089 inquit.
641 1017 781 1071 Deus
822 1014 1079 1069 mundum
1111 1028 1299 1067 creare
1322 1014 1526 1082 absque
1554 1010 1795 1065 materia.
1826 1008 2010 1064 Unde-

412 1129 531 1165 nam
576 1112 679 1164 hoc
705 1106 955 1162 constat?
992 1106 1108 1160 haec
1138 1104 1285 1158 humi
1319 1114 1595 1159 versantes
1622 1103 1824 1165 dicunt,
1857 1110 1912 1155 et
1940 1115 2009 1154 ex

410 1217 578 1268 terra,
617 1213 777 1272 atque
804 1201 870 1254 iis
896 1214 1017 1269 quae
1047 1208 1172 1251 sunt
1197 1198 1337 1267 apud
1371 1212 1488 1251 nos.
1517 1196 1778 1263 Quoniam
1811 1194 1973 1247 homo
1992 1233 2007 1255 ,

408 1298 656 1367 inquiunt
676 1337 690 1357 ,
728 1310 832 1346 non
880 1299 1053 1353 potest
1081 1291 1238 1344 aliter
1280 1289 1473 1344 facere.
1503 1289 1711 1343 Rursus
1733 1286 1853 1341 vide
1882 1286 2008 1355 quid

404 1392 549 1443 dicat
578 1388 816 1441 Marcion
842 1387 987 1441 :Nou
1016 1393 1223 1452 poterat
1254 1384 1392 1436 Deus
1416 1390 1684 1448 assumpta
1706 1393 1865 1432 carne
1893 1393 2007 1431 ina-

406 1496 539 1535 nere
581 1478 835 1532 mundus.
866 1474 1147 1529 Undcnam
1191 1473 1293 1527 hoc
1339 1473 1589 1527 constat?
1617 1470 1880 1537 Quoniam
1912 1484 2010 1524 nec

406 1574 655 1628 homines
699 1568 918 1640 quidem
972 1576 1214 1637 possunt.
1258 1568 1418 1637 Atqui
1468 1566 1712 1620 homines
1762 1573 2006 1635 possunt.

408 1665 728 1720 Valentinus
760 1676 947 1715 rursus
971 1661 1115 1713 lmmi
1141 1670 1419 1731 serpentes
1447 1659 1648 1712 habens
1676 1659 1908 1712 rationes
1931 1697 1946 1723 ,
1979 1672 2010 1711 e

410 1770 552 1813 terra
586 1755 851 1825 loquitur,
884 1754 1242 1823 similiterque
1273 1752 1468 1808 Paulus
1513 1752 1927 1816 Samosatcnus,
1955 1760 2009 1805 et

408 1851 589 1903 Arius.
622 1847 757 1915 Quid
787 1849 931 1899 enim
961 1846 1127 1899 dicit?
1170 1844 1284 1898 Non
1327 1853 1537 1913 poterat
1576 1843 1716 1897 Deus
1745 1856 2010 1912 generans

409 1956 670 2010 generare
698 1936 1085 2006 impatibiliter.
1120 1935 1399 1991 Uudcnam
1438 1936 1539 1989 hoc
1581 1935 1745 1989 audes
1796 1935 2006 1998 dicere,

417 2054 449 2083 υ
501 2032 627 2086 Ari?
681 2032 753 2085 Ex
787 2032 850 2085 iis
880 2046 1000 2100 qua:
1038 2040 1165 2085 sunt
1206 2030 1343 2099 apud
1390 2045 1508 2083 nos.
1542 2028 1729 2082 Viden‘
1774 2029 2009 2082 rationes

416 2125 652 2178 omnium
684 2123 826 2176 hutni
859 2123 1088 2192 repere?
1128 2122 1283 2191 plane
1319 2121 1581 2175 demissas
1609 2135 1729 2174 esse
1756 2130 1809 2173 et
1847 2134 2007 2173 ener-

414 2226 595 2281 vatas,
650 2228 701 2271 et
746 2228 944 2269 terram
991 2215 1229 2284 spirare?
1255 2215 1317 2267 Et
1363 2215 1429 2267 ita
1461 2213 1677 2283 quidem
1715 2227 1771 2266 se
1814 2212 2011 2266 habent

408 2309 552 2379 quod
583 2309 774 2362 attinet
801 2308 866 2361 ad
896 2307 1164 2376 dogmata.
1210 2306 1418 2359 Rursus
1445 2318 1623 2359 autem
1652 2304 1791 2374 quod
1821 2303 1886 2356 ad
1931 2304 2010 2356 vi-

408 2413 539 2463 tam,
565 2399 653 2469 qui
678 2409 803 2453 sunt
832 2406 1182 2461 scortatores,
1210 2397 1450 2466 pecunia:
1477 2407 1722 2450 amantes
1744 2404 1797 2449 et
1824 2395 2009 2464 gloriae

405 2506 457 2546 et
484 2493 713 2546 aliorum
741 2490 1009 2555 omnium,
1037 2489 1184 2543 humi
1204 2497 1397 2559 repunt
1418 2507 1430 2542 :
1451 2504 1555 2543 non
1580 2488 2009 2544 babentlumbos

406 2588 594 2641 ﬁrmos
620 2595 675 2641 et
701 2594 911 2640 stantes
940 2594 995 2639 ut
1041 2583 1237 2639 defessi
1271 2584 1477 2652 possint
1504 2583 1783 2654 quiescere
1802 2623 1817 2646 ,
1846 2581 1938 2636 sed
1964 2581 2007 2635 si

403 2680 602 2734 fuerint
633 2679 830 2734 defessi
851 2719 867 2745 ,
902 2693 1006 2731 non
1038 2677 1329 2731 admovent
1351 2691 1564 2729 manum
1597 2690 1699 2729 nec
1723 2682 1886 2739 stant,
1911 2673 2006 2727 sed

404 2773 773 2826 resolvuntur.
798 2770 899 2837 Qui
922 2779 1099 2823 autem
1126 2777 1210 2823 est
1233 2768 1541 2823 succinctus
1563 2768 1807 2831 veritate,
1834 2766 2009 2835 primo

404 2863 626 2933 quidem
656 2877 949 2934 nmnquatn
978 2860 1080 2915 erit
1109 2859 1353 2915 defessus
1384 2877 1397 2913 :
1423 2858 1663 2913 secundo
1701 2866 1883 2913 autem
1906 2899 1921 2923 ,
1963 2857 2009 2912 si

405 2956 569 3009 fuerit
591 2954 860 3020 defessus,
886 2954 1190 3022 requiescet
1210 2953 1259 3005 in
1282 2953 1395 3022 ipsa
1418 2953 1660 3006 veritate.
1685 2951 1821 3019 Quid
1840 2951 2007 3017 enim,

405 3051 495 3102 dic
522 3050 678 3109 mihi,
704 3056 1065 3118 paupertasne
1085 3061 1208 3100 eum
1230 3044 1580 3115 defatigabit?
1610 3043 1959 3114 Nequaquam
1990 3061 2005 3097 :

407 3143 705 3210 requiescit
721 3141 865 3194 enim
884 3154 1043 3210 super
1064 3154 1157 3193 eas
1175 3153 1293 3207 quae
1316 3153 1445 3192 vere
1467 3147 1590 3191 sunt
1606 3135 1825 3198 divitiae,
1846 3147 1898 3190 et
1916 3150 2011 3204 per

406 3242 781 3303 paupertatem
806 3231 945 3286 sciet
971 3246 1091 3301 quae
1113 3229 1184 3284 sit
1209 3245 1333 3283 vere
1350 3237 1658 3298 paupertas.
1684 3231 1755 3283 At
1780 3228 2011 3282 servitus

403 3342 531 3381 eum
584 3323 945 3394 defatigabit?
991 3323 1211 3377 Minime
1245 3320 1389 3376 :scit
1434 3322 1574 3374 enim
1625 3336 1743 3389 quae
1774 3320 1843 3373 sit
1884 3335 2010 3373 vere

402 3420 659 3473 servitus.
704 3421 776 3471 At
804 3415 1061 3471 morbus?
1088 3414 1192 3469 Sed
1240 3430 1413 3483 neque
1440 3412 1543 3467 hoc
1574 3431 1587 3466 :
1616 3412 1798 3466 Lumbi
1824 3414 1971 3466 vestri
1991 3453 2007 3477 ,

404 3510 580 3580 inquit
617 3509 903 3573 Christus,
945 3508 1049 3561 sint
1094 3507 1356 3571 succincti,
1408 3516 1454 3558 et
1508 3506 1730 3558 lucernw
1775 3504 2010 3557 ardentes

404 3602 574 3671 (Luc.
606 3600 695 3655 12.
726 3601 796 3655 55
820 3601 874 3668 );
923 3601 991 3653 ita
1016 3608 1073 3651 ut
1104 3600 1277 3651 lucem
1309 3598 1538 3651 habeant
1566 3612 1683 3666 quae
1708 3611 1815 3650 non
1843 3596 2010 3663 possit

403 3695 696 3765 exstingui.
731 3693 845 3746 lloc
898 3693 1061 3745 etiam
1110 3700 1432 3761 praeceptum
1472 3689 1567 3743 fuit
1594 3687 1915 3742 exeuntibus
1943 3702 2007 3741 ex

406 3789 679 3859 Egypto,
732 3796 788 3843 et
830 3783 1090 3840 succincti
1130 3783 1328 3854 pascha
1379 3782 1755 3837 comedebant.
1788 3781 1856 3836 Et
1879 3796 2005 3845 cur,

406 3880 621 3951 inquies
640 3920 655 3945 ,
680 3878 759 3932 sic
786 3876 1180 3932 comedebant?
1208 3873 1301 3928 Vis
1330 3874 1470 3927 scire
1495 3882 1660 3927 totam
1686 3886 1903 3926 causam
1926 3887 2010 3925 se-

405 3974 644 4030 cundum
691 3972 1004 4035 historiam,
1065 3985 1134 4023 an
1189 3968 1482 4023 secundum
1542 3965 1856 4036 anagogen?
1903 3964 2008 4019 Sed

406 4079 695 4137 utrumque
724 4064 897 4119 dicam
925 4081 937 4115 :
966 4076 1060 4116 vos
1089 4070 1267 4116 autem
1293 4060 1539 4115 retinete.
1568 4058 1685 4113 Non
1713 4058 1856 4112 enim
1888 4057 2010 4112 dico

408 4173 465 4216 ut
496 4161 657 4215 verba
718 4157 1021 4227 proferam,
1051 4155 1146 4209 sed
1179 4164 1233 4207 ut
1263 4154 1422 4208 verba
1464 4168 1581 4207 mea
1609 4151 1749 4222 apud
1807 4165 1903 4205 vos
1954 4151 2007 4203 in

405 4267 543 4321 Opus
564 4259 779 4305 exeant.
810 4247 995 4313 Erant,
1027 4247 1220 4315 inquit,
1244 4244 1476 4310 accincti,
1507 4254 1552 4297 et
1583 4244 1751 4296 baculi
1787 4252 1928 4296 erant
1957 4247 2008 4295 in

404 4360 584 4399 eorum
609 4341 841 4395 manibus
866 4380 882 4405 ,
915 4350 963 4392 et
983 4337 1143 4392 calcei
1170 4340 1225 4391 in
1251 4336 1486 4408 pedibus,
1518 4345 1563 4389 et
1590 4338 1662 4389 ita
1686 4330 2011 4389 camedebant

406 4436 603 4507 pascha
647 4433 854 4503 (Exod.
903 4433 993 4487 12.
1026 4432 1148 4502 11).
1193 4429 1473 4485 Terribilia
1502 4438 1556 4484 et
1586 4429 1860 4485 tremenda
1890 4445 2012 4500 myo

404 4526 597 4591 steria,
630 4542 750 4596 qua:
778 4540 1025 4595 magnam
1054 4523 1251 4578 habent
1273 4521 1716 4593 profunditatem.
1749 4524 1805 4577 Si
1831 4533 2009 4578 autem

406 4621 465 4677 in
490 4619 635 4691 typis
659 4629 712 4673 et
740 4618 925 4688 figuris
953 4626 1080 4672 sunt
1105 4617 1240 4673 adeo
1260 4616 1542 4684 terribilia,
1569 4617 1741 4671 multo
1766 4617 1934 4687 magis
1960 4616 2010 4669 in

405 4716 661 4769 veritate.
699 4712 917 4766 Excutit
947 4728 1010 4765 ex
1039 4710 1295 4783 Egypto,
1325 4712 1518 4780 pascha
1550 4710 1860 4767 comedunt.
1911 4712 2011 4764 At-

409 4807 573 4863 tende
600 4824 613 4859 :
643 4805 959 4861 csthabitus
982 4806 1244 4859 viatorum
1273 4822 1286 4858 :
1313 4819 1437 4859 nam
1468 4802 1667 4860 habere
1696 4804 1932 4869 calceos,
1960 4813 2015 4858 et

407 4901 589 4971 virgas
619 4898 673 4953 in
708 4899 976 4963 manibus,
1008 4907 1062 4952 et
1088 4906 1295 4952 stantes
1327 4897 1634 4965 comedere,
1687 4897 1821 4955 nihil
1871 4898 2012 4953 aliud

404 5008 570 5064 quam
591 4990 694 5046 hoc
722 4990 1012 5061 signiﬁcat.
1047 4989 1216 5044 Vultis
1236 4989 1465 5059 primum
1494 4988 1681 5044 audire
1711 4989 2011 5053 historiam,

405 5102 477 5140 an
511 5084 834 5154 anagogen?
881 5082 1062 5137 Satius
1094 5090 1179 5136 est
1231 5083 1529 5135 historiam.
1570 5081 1708 5148 Quid
1753 5097 1885 5152 ergo
1913 5082 2013 5136 sibi

406 5181 524 5233 vult
555 5177 819 5231 historia?
857 5175 1327 5231 Obliviscebantur
1354 5191 1498 5245 saepe
1522 5175 1692 5229 Judaei
1720 5175 2014 5230 beneficio-

404 5288 529 5329 rum
564 5272 680 5326 Dei.
716 5270 781 5326 Ut
811 5270 973 5340 igitur
998 5269 1106 5324 illis
1141 5270 1223 5324 vel
1267 5269 1446 5322 invitis
1478 5268 1666 5321 horum
1700 5270 2014 5324 memoriam

407 5364 714 5427 refricaret,
744 5361 889 5415 hunc
915 5359 1234 5415 comedendi
1273 5362 1472 5430 pascha
1500 5360 1717 5414 modum
1763 5362 1878 5430 lege
1908 5371 2012 5413 sta-

410 5463 531 5511 tuit.
557 5456 777 5523 Quare?
806 5452 875 5510 Ut
901 5468 1021 5507 cum
1044 5453 1283 5522 singulis
1312 5453 1467 5506 annis
1496 5463 1820 5521 cogerentur
1846 5453 2015 5522 legem

409 5551 561 5605 illam
587 5563 830 5610 servare,
878 5546 1186 5600 necessario
1236 5544 1365 5607 Dei,
1407 5543 1500 5613 qui
1542 5545 1685 5612 ipsos
1718 5545 2016 5609 eduxerat,

408 5646 850 5697 recordareotur.
915 5638 1096 5707 ltaque
1146 5650 1252 5690 non
1297 5636 1524 5705 tempori
1564 5636 1739 5689 solum
1783 5636 2022 5705 alligavit

410 5738 558 5791 Deus
586 5750 681 5789 sua
713 5733 999 5801 beneficia,
1024 5730 1120 5785 sed
1160 5730 1322 5785 etiam
1354 5728 1555 5783 babitui
1597 5728 2015 5783 comedentium.

402 5827 706 5900 Propterea
730 5827 873 5880 enim
894 5839 1035 5878 nunc
1060 5820 1351 5878 comedunt
1368 5821 1591 5876 accincti
1611 5831 1660 5876 et
1681 5821 1927 5888 calceati,
1946 5824 2018 5877 uti

756 5924 1024 5983 ΡΑτιιοι..
1072 5925 1188 5982 (in.
1245 5923 1431 5985 LXII.

1308 336 1377 393 IN
1417 334 1635 392 EPIST.
1680 334 1771 389 AD
1810 334 2051 389 EPIIES.
2094 332 2248 390 CAP.
2293 334 2380 391 VI.
2424 334 2656 392 HOMIL.
2702 337 2889 393 XXIII.

3612 343 3712 397 MSS

2117 449 2162 504 si
2192 460 2465 520 rogentur,
2490 452 2672 510 dicant
2697 474 2709 509 :
2735 456 2957 512 Eramus
2977 458 3145 528 parati
3173 459 3239 515 ad
3270 462 3391 527 iter,
3422 472 3476 519 et
3499 477 3718 523 eramus

2118 544 2309 599 exituri
2332 561 2397 600 ex
2429 545 2664 619 Egypto
2684 550 2733 604 in
2766 561 2961 606 terram
2985 555 3379 623 promissionis.
3407 557 3712 613 Secundum
3756 598 3767 603 -

2120 636 2419 705 historiam,
2455 640 2555 695 hoc
2585 643 2801 710 quidem
2831 654 2909 699 est
2946 652 3132 716 typus;
3161 646 3468 705 haecautem
3493 651 3711 710 veritas.

2115 727 2224 782 Nos
2277 745 2491 799 quoque
2534 733 2735 802 pascha
2765 736 3130 806 comedimus,
3164 755 3357 809 nempe
3386 742 3661 799 Christum
3696 762 3713 799 :

2124 818 2326 873 Pascha
2351 823 2481 875 enim
2514 834 2743 878 nostrum
2769 827 3063 882 immolatus
3098 841 3169 885 est
3209 832 3442 889 Christus
3472 835 3562 909 (l.
3590 836 3712 892 Cor.

2116 911 2169 965 5.
2205 910 2312 982 7),
2346 914 2536 983 inquit.
2571 916 2712 987 Ergo
2744 934 2844 973 nos
2872 936 3084 991 quoque
3127 924 3321 991 pascha
3355 928 3711 997 comedimus,

2082 1084 2087 1089 ι
2120 1006 2271 1075 legali
2306 1008 2462 1078 longe
2512 1014 2878 1078 prtestanlius.
2929 1015 3114 1087 Itaque
3154 1027 3209 1072 et
3238 1021 3461 1077 calceati
3502 1033 3557 1079 et
3594 1040 3705 1080 suc-

2084 1098 2279 1152 't.'illcli
2329 1105 2677 1157 comedamus
2721 1116 2954 1174 Oportet.
2988 1108 3197 1175 Quare?
3245 1111 3312 1166 Ut
3353 1128 3452 1169 nos
3498 1131 3715 1188 quoque

2117 1192 2285 1243 simus
2314 1194 2481 1259 parati
2514 1195 2579 1247 ad
2609 1196 2843 1263 exitum,
2876 1208 2930 1253 et
2961 1201 3026 1253 ad
3062 1203 3543 1271 peregrinationem
3591 1208 3715 1264 hinc

2119 1282 2370 1339 futuram.
2397 1286 2564 1341 Nemo
2586 1306 2646 1342 ex
2680 1290 2763 1353 iis,
2787 1293 2875 1361 qui
2896 1292 2996 1346 hoc
3023 1295 3221 1364 pascha
3243 1299 3550 1369 comedunt,
3576 1305 3716 1372 aspi-

2116 1375 2222 1426 ciat
2266 1376 2330 1428 ad
2379 1377 2704 1449 A‘Lgyntum,
2762 1383 2854 1437 scd
2914 1385 2978 1439 ad
3028 1388 3259 1453 caelum,
3305 1390 3371 1443 ad
3427 1406 3713 1462 supernam

2115 1465 2434 1524 Jerusalem.
2480 1473 2771 1543 Propterea
2802 1480 3090 1545 accinctus,
3131 1492 3415 1552 propterea
3448 1488 3729 1543 calceatus

2115 1562 2379 1626 Comedis,
2413 1574 2467 1616 ut
2497 1563 2672 1619 discas
2706 1568 2846 1637 quod
2890 1571 3047 1625 simul
3076 1581 3237 1642 atque
3282 1576 3521 1645 iueepisti
3562 1594 3711 1633 com-

2114 1651 2277 1707 edere
2299 1656 2514 1723 pascha,
2548 1658 2712 1713 debes
2755 1663 3079 1731 peregrinari
3124 1675 3177 1720 et
3216 1666 3317 1720 iter
3359 1667 3557 1724 facere.
3603 1670 3717 1725 Duo

2115 1754 2294 1800 autem
2322 1749 2479 1803 tacite
2505 1751 2789 1819 significat,
2820 1766 2871 1809 et
2898 1768 3150 1825 Oportei-e
3170 1761 3350 1830 egredi
3369 1778 3433 1817 ex
3460 1763 3713 1835 Aigypto,

2117 1844 2169 1890 et
2197 1851 2477 1897 manentes
2526 1847 2677 1913 quasi
2724 1847 2774 1899 in
2824 1848 3000 1903 aliena
3042 1860 3178 1906 terra
3227 1870 3476 1923 manere;
3522 1858 3717 1915 Nostra

2113 1929 2267 1995 enim,
2301 1932 2490 2002 inquit,
2524 1940 2838 1991 conversatio
2868 1951 2939 1994 est
2968 1942 3019 1995 in
3045 1943 3184 1997 aclis
3211 1945 3471 2019 (Philipp.
3508 1952 3561 2005 5.
3582 1952 3711 2023 20);

2113 2028 2167 2073 et
2200 2030 2304 2074 tota
2339 2024 2441 2077 vita
2470 2039 2685 2095 semper
2710 2044 2831 2083 csse
2872 2043 3107 2100 paratos,
3142 2045 3201 2089 ut
3228 2040 3398 2092 vocati
3429 2057 3532 2094 non
3564 2043 3718 2097 ditio-

2114 2122 2234 2165 raut
2254 2155 2267 2178 ,
2298 2115 2389 2168 sed
2414 2115 2615 2183 dicant,
2651 2117 2899 2175 Paratum
2921 2134 2995 2176 est
3019 2140 3105 2178 cor
3123 2138 3350 2181 nostrum
3377 2130 3559 2200 (I’sal.
3590 2134 3712 2190 107.

2113 2203 2202 2275 2).
2232 2206 2337 2261 Sed
2367 2219 2579 2278 poterat
2605 2214 2714 2267 haec
2746 2214 2927 2272 dicere
2959 2217 3176 2286 Paulus,
3206 2223 3296 2291 qui
3324 2224 3423 2278 sibi
3451 2226 3718 2283 nihilerat

2113 2301 2362 2357 conscius
2393 2324 2405 2358 :
2438 2319 2538 2374 ego
2567 2320 2746 2361 autem
2780 2324 2887 2362 non
2936 2327 3153 2381 possunt
3186 2315 3386 2382 dicere,
3426 2320 3517 2389 qui
3549 2322 3717 2376 multo

2116 2400 2357 2463 tempore
2384 2410 2519 2466 OpllS
2539 2398 2710 2454 habeo
2732 2403 2796 2455 ad
2828 2406 3217 2472 paenitentiam.
3242 2410 3394 2477 Quod
3422 2422 3600 2469 autem
3627 2431 3718 2472 ae-

2113 2485 2349 2541 cinctum
2378 2506 2501 2545 esse
2529 2493 2598 2545 sit
2628 2494 2900 2563 vigilantis
2929 2499 3142 2567 animai,
3174 2504 3296 2558 audi
3333 2504 3499 2559 Deum
3529 2506 3717 2563 dicen-'-

2117 2584 2223 2631 tetn
2258 2579 2331 2632 illi
2354 2580 2500 2649 justo
2533 2601 2544 2636 :
2581 2583 2738 2651 Non;
2766 2589 2855 2641 sed
2885 2597 3143 2660 tamquam
3174 2594 3251 2646 vir
3284 2596 3492 2667 uccinge
3520 2598 3717 2653 lumbos

2116 2679 2228 2762 tuos
2256 2685 2275 2723 :
2301 2689 2391 2741 ego
2412 2686 2581 2729 autent
2609 2687 2659 2732 te
2682 2680 3025 2749 interrogabo,
3078 2693 3132 2738 tu
3168 2701 3285 2741 vero
3306 2690 3432 2743 mihi
3470 2695 3719 2762 responde

2115 2761 2268 2857 (Job
2297 2766 2512 2838 58.5).
2559 2768 2821 2828 Omnibus
2871 2773 2972 2830 hoc
3026 2776 3169 2832 Deus
3221 2777 3372 2844 dicit,
3424 2793 3479 2836 et
3526 2784 3715 2857 Moysi.

2119 2855 2236 2925 Ipse
2287 2874 2500 2930 quoque
2548 2874 2771 2932 apparet
2816 2866 3088 2923 accinctus
3143 2872 3196 2924 in
3249 2870 3533 2930 Ezechiele
3567 2895 3579 2930 :
3609 2855 3718 2933 imo

2117 2950 2279 3005 etiam
2336 2955 2510 3023 angeli
2564 2968 2825 3026 apparent
2866 2960 3022 3015 nobis
3068 2964 3336 3033 accincti,
3372 2977 3428 3021 ut
3473 2970 3565 3039 qui
3612 2973 3717 3026 sint

2118 3045 2335 3100 milites.
2371 3047 2446 3100 Ex
2490 3063 2555 3103 eo
2594 3050 2738 3104 enim
2772 3052 2914 3122 quod
2960 3054 3329 3127 accingamur,
3365 3063 3423 3114 lit
3476 3075 3532 3117 ut
3576 3075 3718 3122 stent

2115 3148 2377 3205 generose
2406 3147 2462 3193 et
2509 3140 2757 3207 fortiter;
2802 3145 2869 3197 ita
2919 3160 2983 3199 ex
3029 3162 3096 3201 eo
3140 3150 3281 3218 quod
3330 3162 3493 3218 stent,
3549 3156 3609 3210 fit
3663 3168 3714 3212 ut

2115 3228 2481 3298 accinguntur.
2532 3230 2642 3287 Nos
2680 3248 2810 3303 ergo
2859 3236 3202 3307 accingamus
3236 3259 3247 3294 :
3277 3244 3470 3299 exituri
3522 3249 3718 3320 quippe

2116 3334 2322 3386 sumus,
2343 3333 2396 3376 et
2426 3323 2589 3377 multa
2622 3324 2835 3381 interim
2878 3338 3006 3383 sunt
3029 3330 3289 3388 difﬁcilia.
3316 3335 3542 3401 Quando
3575 3339 3717 3403 hunc

2116 3425 2364 3480 campum
2412 3417 2912 3483 pertransierimus,
2947 3423 3125 3475 statim
3180 3423 3377 3480 insistit
3422 3427 3713 3498 diabolus,
3757 3406 3763 3412 ’

2116 3507 2294 3559 omnia
2344 3521 2509 3579 agens
2539 3518 2594 3563 et
2625 3511 2941 3568 machinans
2967 3555 2981 3581 ,
3012 3527 3069 3569 ut
3108 3517 3199 3587 qui
3232 3522 3431 3576 servati
3476 3533 3601 3578 sunt
3648 3540 3715 3580 ex

2116 3596 2373 3669 .‘Egyplo,
2405 3600 2496 3666 qui
2547 3617 2697 3655 mare
2740 3602 2979 3658 Rubrum
3028 3610 3379 3676 transierunt,
3407 3615 3494 3681 qui
3537 3631 3564 3667 a
3605 3616 3717 3670 da:-

2118 3694 2365 3749 monibus
2388 3704 2441 3748 ct
2461 3710 2489 3747 a
2514 3695 2685 3766 plagis
2710 3697 3187 3754 innmnerabilibus
3209 3703 3367 3757 simul
3398 3707 3713 3770 liberantur,

2116 3800 2211 3839 eos
2240 3786 2414 3854 capiat
2456 3796 2511 3840 et
2543 3787 2747 3855 perdat.
2790 3787 2895 3844 Sed
2941 3791 2984 3843 si
3017 3791 3203 3861 vigiles
3234 3794 3422 3861 simus,
3459 3797 3717 3854 habemus

2118 3895 2215 3933 nos
2237 3895 2450 3949 quoque
2479 3881 2783 3935 eolumnam
2810 3882 2967 3953 ignis,
2990 3899 3183 3955 nempe
3200 3888 3431 3958 Spiritus
3450 3894 3675 3961 gratiam
3699 3910 3714 3948 :

2116 3970 2305 4025 eadem
2341 3972 2603 4025 illuminat
2624 3982 2677 4027 ct
2705 3972 2987 4029 adumbrat
3016 3992 3030 4028 :
3066 3976 3324 4033 habemus
3351 3993 3578 4048 manna;
3610 3984 3717 4037 imo

2119 4078 2245 4115 Vero
2284 4080 2388 4117 non
2419 4080 2609 4117 manna
2633 4106 2648 4130 ,
2696 4066 2789 4119 sed
2819 4067 2961 4137 quod
2988 4078 3070 4122 est
3098 4070 3215 4138 plus
3266 4084 3425 4142 quam
3472 4090 3664 4130 manna
3698 4097 3713 4132 :

2118 4168 2276 4225 potus
2304 4157 2597 4224 spiritualis
2622 4199 2637 4219 ,
2669 4174 2773 4213 non
2806 4175 2940 4229 aqua
2969 4164 3081 4216 exit
3106 4178 3137 4218 e
3167 4174 3336 4234 petra.
3374 4168 3640 4226 llabemus
3663 4183 3718 4227 et

2117 4259 2329 4312 castra,
2382 4265 2524 4303 nunc
2563 4265 2775 4321 quoque
2805 4251 3079 4307 desertum
3133 4255 3457 4313 habitantes.
3510 4261 3714 4317 Revera

2117 4342 2283 4406 enim,
2311 4356 2496 4396 revera
2529 4358 2671 4396 nunc
2691 4359 2903 4415 queque
2923 4356 3060 4402 terra
3089 4359 3172 4403 est
3197 4368 3223 4403 a
3253 4354 3449 4409 virtute
3479 4355 3713 4416 deserta.

2117 4444 2172 4487 et
2202 4435 2371 4503 magis
2394 4451 2552 4504 quam
2583 4435 2692 4490 illa.
2736 4435 2844 4491 Cur
2882 4450 3062 4495 autem
3096 4443 3401 4513 fugiendum
3444 4426 3561 4505 erat
3588 4452 3715 4507 illud

2117 4524 2428 4579 desertum?
2456 4541 2634 4584 nonne
2656 4530 2777 4598 quia
2810 4530 3038 4587 habebat
3066 4535 3116 4588 in
3150 4551 3208 4591 se
3233 4543 3473 4611 scorpios
3493 4554 3547 4598 et
3573 4548 3717 4617 vipe-

2121 4618 2246 4671 ras?
2278 4616 2333 4671 In
2363 4633 2505 4687 quo,
2536 4620 2727 4690 inquit,
2764 4637 2868 4677 non
2902 4628 3109 4680 transiit
3149 4629 3330 4685 homo.
3370 4634 3474 4689 Sed
3504 4651 3609 4691 non
3637 4650 3718 4692 est

2120 4710 2247 4763 illml
2285 4710 2555 4765 desertum
2592 4715 2727 4769 adeo
2754 4717 2935 4772 sterile
2961 4726 3018 4773 et
3054 4735 3160 4776 non
3191 4722 3371 4779 ferens
3402 4728 3634 4796 fructus,
3665 4743 3721 4785 ut

2121 4811 2309 4856 natura
2356 4804 2609 4859 humana.

2194 4896 2243 4950 3.
2278 4894 2431 4950 Nunc
2463 4905 2592 4966 quot
2621 4909 2746 4952 sunt
2769 4902 2966 4971 scorpii
2987 4942 3001 4964 ,
3033 4912 3164 4972 quot
3190 4902 3389 4975 viperae
3417 4907 3469 4962 in
3500 4910 3600 4965 hoc
3620 4917 3718 4968 dc-

2122 4998 2290 5055 serto,
2309 5000 2440 5058 quot
2466 4993 2773 5059 serpentes!
2809 5004 2937 5062 quot
2958 4997 3231 5066 genimina
3262 4999 3566 5070 viperarum
3594 5019 3720 5062 sunt

2126 5079 2177 5134 hi
2210 5096 2345 5150 quos
2392 5082 2791 5139 recensuimus!
2833 5085 2938 5139 Sed
2969 5102 3035 5141 ne
3061 5087 3343 5147 timeamus
3377 5111 3391 5146 :
3425 5092 3583 5164 hujus
3604 5101 3720 5152 exi-

2126 5185 2210 5229 tus
2236 5175 2341 5229 dux
2371 5185 2485 5243 est,
2512 5193 2619 5230 non
2646 5176 2887 5249 Moyses,
2919 5181 3013 5234 sed
3043 5180 3225 5242 Jesus.
3255 5185 3534 5253 Quomodo
3563 5190 3724 5261 igitur

2127 5283 2230 5321 non
2256 5267 2441 5321 eadem
2476 5268 2628 5322 nobis
2654 5270 2934 5326 accidant?
2960 5272 3037 5328 Ne
3063 5276 3250 5331 eadem
3276 5294 3515 5347 agamus,
3543 5294 3595 5337 et
3618 5301 3723 5339 non

2125 5358 2311 5411 cadent
2339 5359 2618 5427 patiemur.
2645 5359 2724 5415 Illi
2743 5364 3171 5432 murmurabant,
3212 5369 3282 5421 illi
3309 5369 3523 5425 fuerunt
3543 5374 3724 5444 ingra-

2128 5452 2200 5503 ti:
2235 5466 2301 5503 ne
2346 5449 2531 5503 eadem
2570 5466 2699 5521 ergo
2727 5451 2881 5507 nobis
2907 5456 3172 5511 accidant.
3201 5460 3485 5528 Quomodo
3512 5468 3728 5524 cet-ide-

2129 5552 2254 5597 runt
2279 5542 2353 5596 illi
2377 5544 2600 5597 omnes?
2626 5543 2786 5599 Nihili
2806 5546 3039 5601 fecerunt
3068 5561 3263 5606 terram
3287 5554 3722 5618 desiderabilem.

2130 5635 2412 5701 Quomodo
2462 5635 2613 5689 nihili
2662 5636 2945 5694 fecerunt?
2988 5642 3135 5711 alqui
3176 5645 3598 5709 admirabantur.
3650 5654 3727 5709 Eo

2131 5729 2270 5797 quod
2305 5729 2494 5785 molles
2525 5734 2831 5798 evaserint,
2884 5744 2935 5788 ct
2974 5749 3072 5805 pro
3118 5752 3180 5790 ea
3214 5738 3427 5797 labores
3458 5746 3727 5803 uoluerint

2136 5823 2426 5890 suscipite.
2479 5821 2555 5877 Nc
2584 5838 2710 5893 ergo
2750 5824 2939 5880 cadum
2982 5827 3135 5882 nihili
3183 5829 3438 5888 faciamus
3468 5853 3480 5887 :
3515 5834 3619 5891 hoc
3645 5848 3729 5893 est

3284 5938 3347 5998 11
