4170 6506
493 355 596 411 187

487 469 642 526 nihili
671 467 870 524 facere.
905 467 946 522 E
972 466 1105 522 cado
1133 465 1338 520 fructus
1366 471 1450 518 est
1470 461 1535 516 ad
1564 475 1662 516 nos
1697 459 1907 515 delatus
1927 499 1942 522 ,
1977 473 2081 513 non

496 578 594 615 uva
629 576 748 632 qua:
775 569 1016 630 portatur
1043 556 1096 614 in
1129 554 1438 626 amphoris,
1467 551 1562 608 sed
1604 551 1761 607 arrha
1806 549 2038 620 Spiritus
2068 565 2082 602 :

494 654 617 706 vitae
645 651 868 722 agendae
896 649 1058 712 ratio,
1086 662 1210 718 quae
1257 654 1343 700 est
1392 645 1446 699 in
1499 645 1668 707 ctelis,
1717 657 1873 713 qnam
1903 640 2084 695 docuit

496 743 692 797 Paulus
718 750 774 796 et
800 751 945 796 totus
962 739 1330 808 apostolorum
1365 735 1584 803 chorus,
1617 733 1915 790 admirandi
1942 734 2084 803 agri-

493 836 645 888 colar.
665 833 782 888 Non
803 831 1008 887 Chaleb
1038 830 1184 885 ﬁlius
1208 829 1488 900 Jephonm,
1538 843 1712 895 neque
1755 826 1910 883 Jesns
1948 826 2085 879 lilins

494 926 637 980 Nave
667 926 766 980 hos
793 925 913 979 tulit
945 923 1188 989 fructus;
1219 922 1313 977 sed
1358 921 1549 984 Jesus,
1588 920 1754 974 Filius
1794 918 1966 974 Patris
1987 917 2086 972 mi-

494 1015 928 1079 sericordiarum,
964 1013 1132 1070 Filius
1159 1013 1278 1082 ejus
1304 1014 1391 1082 qui
1423 1021 1505 1067 est
1529 1027 1655 1066 vere
1683 1011 1843 1076 Deus,
1871 1024 2084 1063 onmem

498 1111 618 1166 tulit
661 1110 933 1174 virtutem,
958 1121 1148 1162 onmes
1177 1105 1268 1175 qui
1308 1105 1434 1159 inde
1459 1112 1586 1159 sunt
1606 1102 1828 1166 fructus,
1859 1101 2087 1173 hymnos

500 1216 692 1272 nempe
717 1200 785 1256 ad
814 1215 912 1255 nos
941 1199 1133 1254 detulit
1159 1198 1422 1255 caelestes.
1451 1195 1582 1250 Nam
1606 1211 1724 1265 qua:
1745 1194 1799 1249 in
1831 1193 1977 1248 caelis
2004 1193 2086 1247 di-

499 1305 629 1349 cunt
650 1293 963 1358 Cberubim,
985 1307 1050 1347 ea
1077 1305 1176 1346 nos
1195 1306 1407 1361 quoque
1429 1289 1590 1359 jussit
1613 1289 1816 1352 dicere.
1842 1287 2084 1353 Sanctus,

498 1395 721 1450 amictus,
747 1393 950 1438 sanctus
980 1381 1188 1453 (Marc.
1222 1380 1308 1435 12.
1335 1380 1407 1435 25
1428 1379 1470 1450 ).
1495 1379 1574 1433 Ad
1603 1393 1703 1432 nos
1723 1379 1898 1434 attulit
1923 1378 2084 1432 vitam

498 1477 810 1547 angelorum
841 1492 857 1535 ;
892 1474 1076 1544 Neque
1131 1472 1328 1526 ducunt
1379 1485 1614 1535 uxores,
1666 1483 1841 1538 neque
1883 1469 2090 1522 nulnmt

500 1566 705 1638 angeli;
734 1568 835 1621 hoc
871 1579 1084 1636 quoque
1123 1565 1209 1618 hic
1239 1562 1494 1634 plantavit
1538 1563 1737 1616 bonum
1773 1579 1785 1615 :
1815 1559 1890 1616 illi
1922 1575 2085 1630 pecu—

502 1661 619 1714 nias
651 1675 756 1714 non
785 1665 988 1724 amant,
1020 1671 1192 1726 neque
1219 1656 1355 1721 alia;
1390 1654 1490 1708 hoc
1517 1669 1729 1725 quoque
1768 1654 1920 1708 nobis
1942 1653 2086 1707 inse-

500 1754 607 1807 ruit
633 1768 646 1805 :
678 1751 752 1806 illi
784 1765 893 1806 non
924 1748 1262 1812 moriuntur;
1309 1747 1410 1801 hoc
1439 1761 1653 1816 quoque
1683 1745 1836 1799 nobis
1866 1744 2086 1815 largitus

500 1855 579 1899 est
607 1861 620 1897 :
644 1842 785 1897 Mors
819 1858 923 1896 non
960 1850 1042 1894 est
1063 1841 1292 1909 amplius
1319 1853 1466 1894 mors
1486 1880 1500 1904 ,
1533 1838 1627 1892 sed
1657 1852 1898 1893 somnus.
1945 1836 2086 1891 Audi

499 1937 642 1991 enim
667 1937 838 2005 ipsum
876 1934 1141 1989 dicentem
1179 1951 1191 1986 :
1227 1932 1452 1985 Lazarus
1481 1932 1674 1987 amicus
1710 1942 1878 1984 noster
1902 1931 2087 1984 dormit

500 2026 678 2096 (Joan.
712 2027 800 2081 11.
829 2023 941 2095 11).
966 2023 1153 2078 Vidisti
1179 2023 1379 2076 fructus
1401 2037 1647 2090 supernae
1665 2021 1999 2076 Jerusalem?
2019 2019 2088 2075 Et

498 2117 638 2189 quod
661 2126 741 2172 est
770 2114 1158 2175 admirabilius,
1185 2114 1379 2167 bellum
1414 2129 1516 2166 non
1544 2123 1625 2167 est
1653 2113 1926 2167 decretum
1950 2128 1966 2177 ;
1988 2111 2084 2171 sed

498 2210 624 2256 ante
647 2199 1057 2270 promissionem
1082 2198 1236 2252 nobis
1257 2196 1478 2250 donavit
1497 2196 1610 2249 haec
1632 2197 1835 2249 omnia.
1857 2194 1987 2250 Nam
2011 2197 2085 2250 illi

497 2293 750 2364 quidem,
801 2292 961 2346 etiam
1017 2307 1140 2344 cum
1179 2290 1449 2346 venissent
1494 2289 1563 2344 ad
1607 2299 1802 2344 terram
1854 2289 2085 2359 promis-

498 2383 687 2449 sionis,
712 2381 1059 2444 laborabant;
1091 2381 1196 2434 imo
1217 2394 1347 2433 vero
1378 2395 1483 2432 non
1517 2379 1866 2434 laborabant:
1891 2395 2012 2434 nam
2040 2380 2084 2434 si

501 2476 611 2531 Deo
638 2488 827 2544 parere
853 2473 1168 2538 voluissent,
1183 2471 1383 2541 absque
1407 2471 1572 2526 armis
1602 2481 1655 2526 et
1682 2472 1799 2526 sine
1828 2472 2087 2526 instructa

498 2570 614 2624 acie
658 2583 848 2624 omnes
893 2568 1163 2640 cepissent
1211 2567 1369 2622 urbes
1396 2583 1410 2620 :
1439 2566 1654 2621 .Iericho
1685 2577 1863 2632 certe,
1889 2568 2086 2623 chorus

495 2661 806 2716 ducentium
831 2661 1000 2729 magis
1023 2675 1185 2730 quam
1205 2658 1512 2713 bellantium
1537 2658 1792 2714 habentes
1819 2659 2080 2725 habitmn,

497 2760 892 2822 expugnarunt.
922 2750 1031 2805 Nos
1059 2759 1239 2805 autem
1269 2760 1546 2819 postquam
1571 2751 1792 2818 ingrcssi
1820 2767 2003 2805 sumus
2032 2753 2081 2805 in

499 2854 699 2900 terram
729 2843 1132 2914 promissionis,
1161 2841 1263 2896 hoc
1291 2850 1373 2896 est
1394 2841 1445 2894 in
1476 2841 1688 2907 caelum,
1721 2857 1826 2895 non
1854 2842 2080 2913 bellige-

498 2949 701 2998 ramnr,
734 2933 826 2988 sed
855 2932 1108 3004 quamdiu
1134 2931 1394 2987 fuerimus
1415 2932 1467 2986 in
1495 2932 1728 2995 deserto,
1763 2934 1864 2987 hoc
1883 2942 1966 2988 est
1985 2975 1998 2998 ,
2027 2934 2080 2987 in

499 3025 746 3095 prasenti
769 3025 896 3078 vita.
925 3021 1192 3093 Ingressus
1223 3023 1353 3076 enim
1382 3024 1435 3076 in
1478 3025 1698 3091 requiem
1722 3041 1886 3090 suam,
1917 3041 2084 3077 cessa-

497 3118 565 3170 uit
589 3132 620 3169 a
647 3117 751 3171 suis
777 3114 1009 3185 operibus
1029 3114 1155 3167 sicut
1180 3111 1320 3166 Deus
1340 3131 1372 3166 a
1403 3115 1621 3183 propriis
1647 3116 1665 3184 (
1688 3113 1844 3168 llebr.
1863 3118 1914 3169 4.
1951 3117 2079 3185 10).

501 3208 583 3262 Ne
606 3225 724 3279 ergo
748 3208 1086 3278 defatigemur
1109 3207 1244 3276 quod
1271 3207 1453 3258 bonum
1484 3217 1558 3259 est
1581 3209 1856 3278 facientes(
1883 3207 1997 3262 Gal.
2026 3211 2079 3265 6.

496 3301 568 3372 9')
607 3319 622 3355 :
655 3298 874 3369 proprio
901 3297 1044 3352 enim
1077 3307 1318 3366 tempore
1341 3307 1627 3362 metenms,
1657 3300 1700 3352 si
1733 3315 1838 3352 non
1867 3299 2083 3355 delicia-

499 3405 636 3444 nms.
673 3388 831 3444 Vides
858 3386 1130 3459 quomodo
1145 3399 1201 3443 ut
1227 3387 1368 3452 illos,
1393 3389 1472 3443 sic
1499 3403 1597 3443 nos
1611 3406 1821 3460 quoque
1837 3390 2082 3448 duxerit?

499 3483 608 3538 Illic
659 3479 727 3536 de
766 3495 960 3535 manna
1000 3481 1164 3544 dicit,
1220 3491 1274 3536 ct
1320 3481 1387 3536 de
1424 3482 1754 3537 solitudine:
1797 3484 1898 3550 Qui
1945 3487 2079 3540 mul-

498 3585 640 3638 tum,
685 3589 785 3626 non
824 3573 941 3643 plus
990 3572 1202 3637 habuit;
1255 3581 1304 3626 et
1353 3573 1442 3642 qui
1494 3591 1671 3643 parum
1695 3616 1710 3640 ,
1765 3591 1866 3629 non
1915 3577 2081 3632 minus

1315 343 1376 399 S.
1415 341 1688 399 JOANNIS
1723 337 2200 396 CIIRYSOSTOMI
2239 335 2554 393 ARCIIIEP.
2597 336 3124 395 CONSTANTINOP.

3673 332 3779 394 168

2192 452 2408 528 (Exod.
2467 455 2551 508 16.
2610 453 2715 518 18;
2748 464 2794 508 et
2841 454 2896 507 2.
2939 454 3058 509 Cor.
3091 455 3146 508 8.
3185 453 3302 523 15).
3331 451 3397 507 Et
3445 453 3600 509 nobis
3638 471 3774 526 quo-

2187 561 2293 614 que
2320 555 2402 599 est
2442 559 2766 614 praeceptum
2795 585 2810 610 ,
2844 559 2911 621 tie
2935 544 3356 600 thesaurizemus
3382 559 3543 615 super
3571 556 3770 601 terram

2189 638 2422 708 (Matth.
2469 638 2525 692 6.
2566 638 2692 707 19).

2265 729 2366 795 Qui
2387 729 2724 792 thesaurizat,
2753 730 2907 782 cermi
2944 729 3218 783 immortali
3257 739 3406 799 parat
3453 730 3772 787 alimentum.

2187 824 2366 878 —Sin
2397 831 2574 876 autem
2608 821 3063 886 thesaurizemus,
3109 836 3212 875 non
3238 822 3350 892 jam
3387 825 3685 893 corrumpit
3721 835 3774 880 et

2191 916 2364 986 perdit
2416 916 2614 970 vermis
2661 917 2874 970 sensilis
2915 916 3053 970 sicut
3095 917 3146 970 in
3178 930 3406 982 manna,
3431 916 3524 970 scd
3576 918 3777 972 vermis

2189 1009 2300 1079 qui,
2335 1019 2391 1063 ut
2422 1009 2557 1077 ignis
2588 1008 2711 1075 ille,
2748 1019 2980 1062 :rternus
3026 1017 3129 1063 est.
3173 1007 3361 1064 Omnia
3401 1025 3529 1080 ergo
3572 1009 3776 1064 cilicia-

2190 1115 2331 1167 mus,
2371 1115 2439 1154 ne
2469 1101 2634 1154 vermi
2674 1114 2923 1169 paremus
2951 1100 3263 1154 alimentum
3297 1117 3309 1152 :
3344 1115 3464 1154 nam
3501 1101 3602 1167 Qui
3643 1103 3776 1154 mul-

2190 1199 2317 1253 tum,
2342 1188 2530 1258 inquit,
2557 1205 2658 1242 non
2684 1189 2800 1258 plus
2822 1189 3015 1242 habuit.
3048 1188 3158 1243 Hoc
3187 1190 3330 1243 enim
3353 1191 3513 1244 etiam
3542 1191 3592 1244 in
3623 1191 3775 1245 nobis

2192 1281 2251 1335 ﬁt
2277 1280 2518 1352 quotidie
2550 1297 2563 1332 :
2603 1295 2726 1333 nam
2758 1294 2947 1334 omnes
2989 1277 3235 1335 eamdem
3265 1280 3550 1350 implemus
3575 1271 3776 1335 ventris

2191 1387 2496 1427 mensuram
2527 1389 2540 1425 2
2569 1372 2711 1442 1111011
2738 1379 2822 1426 081
2845 1380 3026 1426 autem
3066 1386 3545 1441 supervacaneum,
3576 1381 3660 1426 est
3687 1387 3772 1425 ac-

2190 1463 2369 1519 cessio
2406 1465 2690 1519 stultarum
2743 1463 3184 1519 sollicitudinum.
3229 1463 3361 1519 Nam
3407 1464 3549 1532 quod
3591 1475 3773 1535 postea

2190 1565 2306 1611 erat
2378 1557 2633 1622 daturus,
2686 1557 2951 1622 dicendo,
3017 1557 3214 1628 Sufﬁcit
3269 1557 3370 1612 diei
3435 1559 3632 1612 malitia
3683 1577 3775 1613 sua

2191 1651 2210 1720 (
2238 1648 2371 1702 Ibid.
2400 1667 2446 1704 υ.
2471 1649 2576 1721 51)
2599 1693 2613 1714 ,
2646 1649 2748 1704 hoc
2791 1651 2900 1720 jam
2949 1649 3195 1720 superius
3236 1649 3448 1716 docuit,
3480 1662 3533 1705 et
3574 1667 3671 1705 nec
3699 1653 3776 1706 sic

2190 1750 2559 1810 susceperunt.
2592 1740 2696 1795 Sed
2725 1757 2824 1795 nos
2848 1755 2916 1795 ne
2941 1741 3109 1795 simus
3127 1740 3479 1810 inexplebiles
3499 1783 3514 1807 ,
3544 1758 3650 1796 non
3679 1743 3778 1796 in-

2189 1833 2344 1902 grati.
2387 1847 2454 1886 ne
2491 1832 2636 1886 ardes
2660 1847 2962 1902 quaeramus
2996 1832 3303 1901 splendidas
3333 1850 3347 1888 :
3376 1848 3497 1888 nam
3530 1835 3628 1888 iter
3657 1834 3778 1888 faci-

2189 1938 2332 1986 mus,
2371 1937 2477 1976 non
2507 1919 2831 1976 habitamus.
2860 1921 3219 1988 Quamobrem
3252 1922 3297 1976 si
3325 1923 3444 1992 quis
3469 1923 3612 1976 novit
3633 1924 3775 1993 quod

2193 2028 2430 2084 praesens
2460 2013 2564 2067 vita
2586 2014 2651 2067 sit
2683 2013 2928 2083 quaedam
2955 2013 3038 2066 via
3065 2023 3119 2067 et
3143 2012 3420 2076 militia,et
3447 2025 3502 2067 ut
3531 2018 3599 2068 ita
3627 2014 3776 2069 dixe-

2191 2105 2313 2170 rim,
2348 2103 2488 2170 quod
2528 2104 2596 2157 ab
2642 2104 2722 2157 eis
2761 2103 3062 2173 appellatur
3106 2103 3388 2172 fossatum,
3436 2119 3542 2158 non
3571 2115 3777 2174 quaeret

2189 2196 2466 2265 Splendida
2494 2195 2741 2249 aedilicia.
2775 2195 2905 2262 Quis
2933 2194 3450 2265 enim,dic,qu:eso,
3479 2197 3580 2249 etsi
3617 2196 3772 2252 valde

2190 2290 2498 2358 opulentus,
2532 2303 2626 2344 sua
2670 2297 2860 2358 sponte
2896 2289 3040 2344 volet
3062 2289 3114 2344 in
3163 2290 3355 2358 fossato
3375 2291 3515 2361 quod
3544 2291 3770 2357 dicitur,

2191 2383 2474 2453 pra‘claras
2499 2381 2690 2436 domos
2713 2381 3021 2436 aediﬁcare?
3051 2381 3218 2436 Nemo
3251 2399 3263 2434 :
3291 2392 3430 2436 esset
3471 2385 3613 2439 enim
3649 2383 3778 2439 ridi-

2187 2476 2360 2539 culus,
2404 2485 2460 2530 et
2498 2474 2788 2529 a-diliearet
2836 2474 3087 2539 inimicis,
3119 2484 3170 2528 et
3198 2474 3341 2544 ipsos
3370 2479 3684 2531 attralieret.
3715 2475 3770 2533 Si

2188 2570 2480 2637 sapiamus,
2510 2565 2740 2635 idipsnm
2775 2565 3050 2620 faciemus.
3083 2567 3122 2620 A
3154 2565 3341 2620 militia
3371 2577 3426 2620 et
3465 2567 3664 2622 iossato
3693 2570 3776 2622 ni-

2191 2657 2264 2712 hil
2294 2657 2472 2712 diﬁert
2502 2658 2607 2710 vita
2653 2671 2910 2728 przesens.
2944 2656 3143 2724 Quare,
3174 2672 3327 2727 rogo,
3354 2660 3533 2713 omnia
3558 2675 3776 2730 agamus

2189 2759 2245 2803 ut
2274 2749 2406 2803 nihil
2436 2748 2520 2804 hic
2549 2748 2972 2803 thesaurizemns
3001 2764 3014 2800 :
3049 2763 3170 2802 nam
3209 2749 3252 2803 si
3279 2751 3484 2804 venerit
3510 2753 3598 2821 qui
3631 2751 3778 2805 fura-

2189 2851 2308 2906 tur,
2353 2841 2463 2894 cito
2509 2839 2911 2910 emigrabimus.
2976 2839 3227 2912 l’igilate,
3278 2842 3485 2911 inquit,
3538 2845 3778 2913 quoniam

2188 2933 2390 2987 nescitis
2433 2947 2532 3002 qua
2584 2932 2710 2984 liora
2763 2935 2848 3003 fur
2884 2932 3048 2985 ueniat
3095 2930 3237 3004 (Id.
3277 2930 3370 2986 21.
3414 2933 3484 2987 45
3529 2934 3582 2998 ),
3639 2949 3778 2987 narro

2189 3035 2295 3078 tem
2345 3024 2424 3077 sic
2469 3037 2688 3076 vocans.
2751 3021 3068 3092 Priusquam
3115 3038 3242 3092 ergo
3288 3024 3535 3088 venerit,
3589 3026 3770 3080 omnia

2187 3113 2533 3168 amandemns
2583 3113 2634 3166 in
2686 3113 2910 3182 patriam
2959 3122 3220 3167 nostram.
3255 3113 3351 3167 llic
3387 3125 3564 3168 antem
3610 3115 3777 3168 simus

2189 3205 2448 3270 accincti,
2494 3215 2550 3258 ut
2596 3207 2864 3273 possimus
2913 3221 3171 3273 superare
3224 3205 3469 3259 inimicos
3521 3222 3533 3258 :
3585 3207 3777 3275 quibus

2187 3298 2446 3361 devictis,
2501 3297 2704 3350 utinam
2775 3297 2826 3349 in
2876 3296 2966 3350 die
3010 3309 3334 3350 coronarum
3392 3296 3780 3368 iucorruptibili

2187 3391 2358 3462 gloria
2391 3389 2706 3459 dignemur,
2756 3403 2850 3458 per
2879 3389 3104 3459 gratiam
3151 3399 3208 3443 et
3251 3389 3629 3460 benignitatem
3682 3391 3783 3444 Du-

2190 3483 2318 3537 mini
2353 3483 2520 3536 nostri
2541 3479 2669 3536 Jesn
2713 3480 2949 3546 Christi,
2997 3481 3083 3534 cui
3124 3495 3245 3539 cum
3291 3477 3451 3535 Patre
3486 3491 3543 3536 et
3583 3481 3782 3551 Spiritu

2188 3587 2396 3641 sancto,
2442 3583 2546 3629 etc.

3617 3710 3780 3722 -—

1845 3783 2194 3845 HOMILIA
2240 3784 2476 3847 XXIV.

499 3927 630 3983 Cu.
664 3926 718 3980 li.
743 3941 797 3979 v.
830 3924 917 3981 ﬂ.
955 3923 1100 3980 State
1136 3940 1254 3996 ergo
1295 3924 1535 3979 succincti
1577 3924 1774 3978 lumbos
1811 3938 2001 3979 uestras
2031 3927 2087 3979 in

576 4001 805 4086 raritate,
833 4027 883 4072 et
901 4017 1067 4072 induti
1089 4018 1246 4080 lorica
1260 4016 1498 4088 justitic,
1527 4015 1615 4069 15.
1639 4025 1684 4069 et
1707 4015 1916 4070 calceati
1941 4015 2092 4086 pedes

579 4112 631 4164 in
680 4111 1102 4179 pra'parationem
1151 4107 1396 4177 evangelii
1443 4108 1602 4176 pacis,
1633 4105 1722 4161 16.
1768 4106 1824 4160 in
1863 4107 2093 4163 onmibus

578 4211 831 4258 sumentes
860 4209 1056 4255 scutum
1084 4199 1224 4268 ﬁdei,
1244 4197 1298 4251 in
1322 4211 1422 4268 quo
1453 4197 1653 4266 possitis
1683 4197 1853 4250 omnia
1875 4197 1974 4251 tela
2001 4212 2092 4251 ne—

577 4295 804 4359 quissimi
831 4295 980 4366 ignea
1010 4293 1343 4362 exstinguere,
1378 4290 1466 4344 17.
1498 4300 1546 4344 et
1570 4289 1769 4361 galeam
1805 4290 1985 4344 salutis
2008 4306 2093 4344 as-

578 4387 782 4452 sumite,
816 4395 864 4441 et
891 4384 1122 4456 gladium
1148 4382 1382 4453 spiritus,
1411 4383 1550 4452 quod
1578 4392 1649 4436 est
1670 4383 1874 4438 verbum
1900 4379 2020 4438 Dei.

585 4479 637 4531 1.
671 4477 950 4541 Succincti,
981 4475 1172 4544 inquit,
1196 4473 1389 4529 lumbos
1409 4483 1596 4528 vestros
1615 4474 1668 4528 in
1691 4476 1915 4530 ueritate.
1933 4473 2097 4542 Quid-

512 4583 636 4622 nam
675 4567 812 4622 hoc'l
851 4566 1058 4621 Dictum
1088 4573 1169 4619 est
1201 4565 1251 4618 in
1292 4579 1353 4618 ea
1393 4579 1514 4634 quae
1542 4565 1819 4634 praecessit
1860 4564 2097 4633 disputa-

511 4661 680 4727 tione,
713 4658 853 4730 quod
879 4665 1125 4728 aperteat
1142 4670 1261 4712 esse
1289 4656 1616 4726 compositos
1639 4665 1694 4711 et
1716 4655 2017 4725 expeditos,
2041 4667 2100 4713 ut

515 4751 583 4806 ad
609 4749 930 4806 currendum
959 4748 1088 4803 nihil
1107 4747 1176 4801 sit
1193 4747 1582 4818 impedimenti.
1609 4747 1675 4801 Et
1692 4748 1877 4815 induti,
1904 4749 2095 4821 inquit,

514 4843 672 4896 lorica
688 4841 924 4908 justitite.
945 4839 1094 4896 Sicut
1116 4838 1280 4893 lorica
1301 4847 1384 4894 est
1401 4839 1817 4905 invulnerabilis,
1844 4841 1914 4896 ita
1936 4843 2095 4897 etiam

513 4933 738 5003 jttstitia.
765 4931 1034 4987 Justitiam
1062 4938 1241 4986 autem
1271 4929 1360 4985 hic
1385 4929 1517 4986 dicit
1544 4930 1708 4986 vitam
1734 4932 2098 4991 omnimodam

517 5033 570 5078 et
594 5038 713 5093 quae
741 5023 914 5092 agitur
939 5036 1004 5077 ex
1028 5020 1245 5076 virtute.
1274 5019 1410 5075 Eum
1431 5021 1521 5091 qui
1549 5031 1632 5077 est
1658 5022 1777 5078 talis
1805 5039 1964 5079 nemo
1985 5041 2100 5079 um-

517 5132 676 5186 quam
731 5115 927 5185 poterit
973 5121 1352 5183 prOSternere;
1408 5113 1500 5168 sed
1553 5115 1837 5171 vulnerant
1863 5101 2098 5187 'quidem

519 5207 691 5273 multi,
724 5221 881 5258 nemo
902 5215 1080 5258 autem
1103 5203 1354 5272 dissecat,
1387 5221 1489 5260 non
1513 5205 1625 5274 ipse
1651 5205 1912 5261 diabolus.
1937 5208 2099 5272 Quasi

517 5299 688 5362 dicas,
718 5295 826 5351 Res
847 5295 1020 5365 justas
1047 5303 1264 5364 pectore
1284 5295 1570 5366 complexi.
1594 5296 1669 5351 De
1693 5297 1775 5352 his
1796 5297 1923 5352 dicit
1947 5298 2099 5353 Chri-

521 5397 659 5452 stus,
691 5385 835 5439 Beati
877 5387 962 5456 qui
1006 5386 1232 5441 esuritmt
1259 5396 1307 5441 et
1345 5386 1519 5441 sitiunt
1548 5388 1837 5458 justitiam,
1861 5390 2102 5458 quoniam

523 5479 624 5548 ipsi
679 5477 1041 5532 saturabuntur
1067 5477 1294 5548 (Matth.
1333 5480 1388 5536 5.
1420 5479 1509 5548 6).
1548 5480 1650 5547 Qui
1695 5480 1838 5535 illam
1888 5493 2103 5551 pectore

523 5567 921 5638 complectitur,
971 5581 1053 5626 est
1097 5570 1249 5626 tortis
1298 5579 1569 5641 tamquam
1619 5571 1781 5626 lorica
1825 5589 1838 5626 :
1888 5572 1976 5640 qui
2021 5581 2105 5627 est

519 5656 804 5729 ejusmodi,
839 5675 1123 5731 numquam
1157 5662 1438 5717 irascetur.
1467 5661 1690 5717 Calceati
1712 5662 1862 5733 pedes
1892 5663 1944 5716 in
1971 5679 2103 5732 pra:-

519 5747 830 5821 parationem
851 5753 1096 5824 evangelii
1116 5753 1273 5822 pacis.
1299 5753 1411 5808 Hoc
1435 5754 1632 5809 dictum
1659 5765 1738 5809 est
1769 5754 1944 5810 minus
1968 5753 2106 5810 dilu-

1717 5850 1746 5858 ’.ο

2191 3926 2330 3982 cide.
2363 3927 2502 3995 Quid
2534 3944 2662 3999 ergo
2690 3929 2816 3984 est?
2845 3929 3076 3986 Pulchra
3109 3931 3263 3987 nobis
3304 3930 3557 4000 imposuit
3585 3930 3778 3985 tibialia

2196 4031 2293 4071 seu
2322 4032 2510 4072 ocreas
2531 4061 2546 4084 ,
2578 4019 2840 4089 evangelii
2883 4022 3352 4091 praeparationem.
3393 4023 3498 4076 Aut
3528 4024 3627 4076 hoc
3652 4037 3782 4093 ergo

2196 4107 2347 4174 dicit,
2373 4119 2431 4164 ut
2460 4110 2569 4164 sint
2599 4111 2766 4179 parati
2795 4111 2860 4166 ad
2889 4112 3246 4181 evangelium,
3276 4124 3330 4168 et
3355 4113 3421 4168 ad
3445 4114 3543 4167 hoc
3569 4123 3784 4168 utantur

2201 4198 2457 4267 pedibus,
2489 4208 2546 4255 et
2575 4202 2623 4256 ei
2661 4202 2800 4255 viam
2831 4213 3136 4273 praeparent
3178 4212 3234 4258 et
3273 4206 3545 4268 muniant;
3577 4215 3698 4270 aut,
3738 4206 3782 4260 si

2199 4289 2302 4344 hoc
2328 4306 2432 4345 non
2464 4293 2555 4358 sit,
2578 4303 2638 4347 ut
2661 4294 2759 4363 ipsi
2791 4296 2899 4348 sint
2920 4300 3088 4364 parati
3113 4295 3179 4350 ad
3206 4298 3428 4350 exitum.
3461 4296 3786 4366 Praeparatio

2199 4397 2328 4451 ergo
2351 4385 2610 4453 evangelii
2641 4384 2772 4438 nihil
2798 4385 2941 4439 aliud
2970 4395 3053 4441 est
3072 4427 3086 4450 ,
3117 4386 3217 4441 nisi
3248 4388 3354 4440 vita
3383 4387 3605 4456 optima.
3633 4387 3784 4454 Quod

2199 4473 2414 4542 quidem
2441 4474 2652 4530 dicebat
2691 4475 2948 4545 propheta
2970 4517 2984 4539 ,
3039 4476 3475 4546 Prwparationem
3516 4479 3683 4532 cordis
3709 4479 3788 4532 sui

2200 4567 2414 4620 attendit
2440 4567 2580 4620 auris
2608 4576 2697 4620 tua
2724 4565 2894 4640 (Psal.
2926 4569 3013 4624 10.
3045 4570 3130 4623 17.
3155 4586 3256 4623 sec.
3294 4569 3500 4642 Hebr.).
3532 4570 3644 4625 iloc
3667 4579 3786 4636 est,

2203 4669 2262 4713 ut
2286 4674 2381 4714 cor
2406 4661 2476 4714 sit
2513 4668 2754 4730 paratum
2783 4671 2837 4714 et
2878 4662 3219 4716 instructum.
3252 4661 3544 4733 Evangelii,
3581 4662 3784 4732 inquit.

2205 4751 2366 4820 pacis.
2399 4749 2587 4805 Merito
2621 4751 2671 4804 id
2712 4751 2848 4806 dixit
2877 4769 2891 4808 :
2923 4767 3046 4806 nam
3082 4751 3333 4820 quoniam
3365 4752 3488 4806 belli
3516 4761 3570 4806 et
3599 4767 3790 4822 pngme

2205 4842 2476 4906 meminit,
2505 4842 2737 4898 ostendit
2765 4857 2886 4897 esse
2924 4842 3271 4914 pugnandum
3298 4841 3558 4897 adversus
3585 4843 3790 4896 damno.

2207 4947 2302 4988 nes
2332 4950 2345 4987 :
2376 4935 2708 5003 evangelium
2740 4933 2884 4990 enim
2925 4944 3012 4989 est
3038 4935 3200 5003 pacis.
3234 4933 3368 4988 lllud
3407 4933 3604 4988 bellum
3647 4934 3790 4989 aliud

2207 5024 2404 5079 bellum
2449 5025 2733 5089 dissolvit,
2785 5040 2976 5094 nempe
3024 5024 3282 5080 adversus
3325 5025 3488 5079 Deum
3522 5043 3536 5079 :
3579 5025 3624 5078 si
3667 5041 3790 5080 cum

2207 5114 2418 5170 diabolo
2448 5113 2645 5168 bellum
2675 5115 2939 5185 gerimus,
2977 5130 3160 5185 pacem
3197 5131 3319 5169 cum
3356 5115 3463 5169 Deo
3507 5114 3790 5170 habemus.

2209 5207 2284 5263 Ne
2311 5207 2499 5262 timeas
2540 5222 2696 5277 ergo,
2739 5223 2773 5262 ο
2814 5207 3047 5274 dilecte,
3080 5215 3165 5262 est
3203 5207 3576 5276 evangelium,
3621 5206 3794 5262 bonus

2210 5313 2401 5369 nempe
2440 5300 2659 5353 nuntius
2691 5315 2705 5352 :
2733 5299 2841 5376 jam
2874 5308 3022 5369 parta
3069 5308 3151 5352 est
3189 5297 3430 5352 victoria.
3467 5295 3534 5352 In
3563 5298 3796 5355 omnibus

2206 5398 2456 5443 sumentes
2479 5398 2674 5443 scutum
2701 5389 2840 5458 ﬁdei.
2866 5389 3050 5444 Fidem
3083 5389 3169 5444 hic
3194 5388 3320 5443 dicit
3339 5429 3357 5452 ,
3387 5403 3494 5443 non
3525 5389 3790 5459 cognitio-

2210 5495 2366 5546 nem;
2399 5495 2507 5534 non
2528 5479 2668 5534 enim
2695 5495 2814 5534 eam
2840 5481 3107 5550 posuisset
3135 5481 3523 5549 posteriorem;
3555 5479 3647 5535 sed
3673 5495 3794 5550 gra-

2211 5571 2336 5625 tiam
2372 5585 2468 5640 per
2493 5585 2652 5641 quam
2682 5571 2833 5640 signa
2865 5569 3019 5626 ﬁunt.
3053 5570 3246 5627 Merito
3273 5579 3450 5626 autem
3493 5571 3651 5626 ﬁdem
3693 5587 3792 5626 no-

2212 5662 2378 5716 minat
2399 5670 2613 5718 scutum
2639 5678 2654 5716 :
2682 5661 2824 5717 sicut
2847 5662 2993 5718 eiiim
3020 5673 3229 5718 scutum
3256 5673 3380 5719 ante
3407 5674 3574 5718 totum
3599 5679 3792 5733 corpus

2212 5755 2423 5823 ponitur
2451 5751 2617 5809 veluti
2642 5754 3136 5826 propugnaculum,
3165 5756 3318 5828 quasi
3345 5754 3416 5812 sit
3456 5770 3642 5812 murus
3675 5772 3687 5809 :
3721 5755 3794 5810 ita
