  <div class='ocr_page' id='page_1' title='image "/cluster/home/n/w/nwhite01/storage/ocr_20150623/62:no.11/coo.31924054869627/174.png"; bbox 0 0 4170 6490; ppageno 0'>
   <div class='ocr_carea' id='block_1_1' title="bbox 493 356 592 409">
    <p class='ocr_par' dir='ltr' id='par_1_1' title="bbox 493 356 592 409">
     <span class='ocr_line' id='line_1_1' title="bbox 493 356 592 409; baseline 0.01 -1"><span class='ocrx_word' id='word_1_1' title='bbox 493 356 592 409; x_wconf 71' lang='lat' dir='ltr'>H37</span> 
     </span>
    </p>
   </div>
   <div class='ocr_carea' id='block_1_2' title="bbox 486 463 2086 539">
    <p class='ocr_par' dir='ltr' id='par_1_2' title="bbox 486 463 2086 539">
     <span class='ocr_line' id='line_1_2' title="bbox 486 463 2086 539; baseline -0.003 -19"><span class='ocrx_word' id='word_1_2' title='bbox 486 467 673 539; x_wconf 86' lang='grc' dir='ltr'>θωμεν</span> <span class='ocrx_word' id='word_1_3' title='bbox 695 467 881 537; x_wconf 80' lang='grc' dir='ltr'>ἡμεῖς.</span> <span class='ocrx_word' id='word_1_4' title='bbox 904 465 1029 529; x_wconf 85' lang='grc' dir='ltr'>Πῶς</span> <span class='ocrx_word' id='word_1_5' title='bbox 1054 464 1249 518; x_wconf 79' lang='grc' dir='ltr'>ἔπεσον</span> <span class='ocrx_word' id='word_1_6' title='bbox 1266 467 1465 520; x_wconf 83' lang='grc' dir='ltr'>ἐκεῖνοι</span> <span class='ocrx_word' id='word_1_7' title='bbox 1495 465 1697 529; x_wconf 85' lang='grc' dir='ltr'>πάντες</span> <span class='ocrx_word' id='word_1_8' title='bbox 1717 483 1731 533; x_wconf 88' lang='lat'><strong>;</strong></span> <span class='ocrx_word' id='word_1_9' title='bbox 1769 463 2086 531; x_wconf 79' lang='grc' dir='ltr'>Ἐξουθένη-</span> 
     </span>
    </p>
   </div>
   <div class='ocr_carea' id='block_1_3' title="bbox 486 553 2085 627">
    <p class='ocr_par' dir='ltr' id='par_1_3' title="bbox 486 553 2085 627">
     <span class='ocr_line' id='line_1_3' title="bbox 486 553 2085 627; baseline -0.003 -18"><span class='ocrx_word' id='word_1_10' title='bbox 486 572 588 609; x_wconf 83' lang='grc' dir='ltr'>σαν</span> <span class='ocrx_word' id='word_1_11' title='bbox 617 553 717 626; x_wconf 78' lang='grc' dir='ltr'>τήν</span> <span class='ocrx_word' id='word_1_12' title='bbox 751 558 857 627; x_wconf 81' lang='grc' dir='ltr'>γῆν</span> <span class='ocrx_word' id='word_1_13' title='bbox 878 556 979 626; x_wconf 82' lang='grc' dir='ltr'>τὴν</span> <span class='ocrx_word' id='word_1_14' title='bbox 1000 555 1372 626; x_wconf 86' lang='grc' dir='ltr'>ἐπιθυμητήν.</span> <span class='ocrx_word' id='word_1_15' title='bbox 1410 554 1535 617; x_wconf 84' lang='grc' dir='ltr'>Πῶς</span> <span class='ocrx_word' id='word_1_16' title='bbox 1564 554 1955 625; x_wconf 80' lang='grc' dir='ltr'>ἐξουθένησαν;</span> <span class='ocrx_word' id='word_1_17' title='bbox 1988 554 2085 607; x_wconf 73' lang='grc' dir='ltr'>καὶ</span> 
     </span>
    </p>
   </div>
   <div class='ocr_carea' id='block_1_4' title="bbox 486 642 2083 716">
    <p class='ocr_par' dir='ltr' id='par_1_4' title="bbox 486 642 2083 716">
     <span class='ocr_line' id='line_1_4' title="bbox 486 642 2083 716; baseline -0.003 -19"><span class='ocrx_word' id='word_1_18' title='bbox 486 643 597 716; x_wconf 80' lang='grc' dir='ltr'>μὴν</span> <span class='ocrx_word' id='word_1_19' title='bbox 647 642 979 714; x_wconf 81' lang='grc' dir='ltr'>ἐθαύμαζον.</span> <span class='ocrx_word' id='word_1_20' title='bbox 1015 642 1106 712; x_wconf 81' lang='grc' dir='ltr'>Τῷ</span> <span class='ocrx_word' id='word_1_21' title='bbox 1150 642 1577 714; x_wconf 78' lang='grc' dir='ltr'>μαλακισθῆναι,</span> <span class='ocrx_word' id='word_1_22' title='bbox 1606 642 1701 695; x_wconf 76' lang='grc' dir='ltr'>καὶ</span> <span class='ocrx_word' id='word_1_23' title='bbox 1735 642 1810 712; x_wconf 83' lang='grc' dir='ltr'>μὴ</span> <span class='ocrx_word' id='word_1_24' title='bbox 1856 642 2083 712; x_wconf 81' lang='grc' dir='ltr'>θελῆσαι</span> 
     </span>
    </p>
   </div>
   <div class='ocr_carea' id='block_1_5' title="bbox 483 729 2084 802">
    <p class='ocr_par' dir='ltr' id='par_1_5' title="bbox 483 729 2084 802">
     <span class='ocr_line' id='line_1_5' title="bbox 483 729 2084 802; baseline -0.002 -17"><span class='ocrx_word' id='word_1_25' title='bbox 483 731 683 795; x_wconf 75' lang='grc' dir='ltr'>πόνους</span> <span class='ocrx_word' id='word_1_26' title='bbox 739 730 885 801; x_wconf 81' lang='grc' dir='ltr'>ὑπὲρ</span> <span class='ocrx_word' id='word_1_27' title='bbox 941 731 1115 802; x_wconf 84' lang='grc' dir='ltr'>αὐτῆς</span> <span class='ocrx_word' id='word_1_28' title='bbox 1167 729 1551 795; x_wconf 79' lang='grc' dir='ltr'>ἀναδέξασθαι.</span> <span class='ocrx_word' id='word_1_29' title='bbox 1592 729 1685 801; x_wconf 83' lang='grc' dir='ltr'><strong>Μὴ</strong></span> <span class='ocrx_word' id='word_1_30' title='bbox 1716 729 1896 783; x_wconf 82' lang='grc' dir='ltr'>τοίνυν</span> <span class='ocrx_word' id='word_1_31' title='bbox 1922 730 2084 799; x_wconf 73' lang='grc' dir='ltr'>ἡμεῖς</span> 
     </span>
    </p>
   </div>
   <div class='ocr_carea' id='block_1_6' title="bbox 483 817 2081 889">
    <p class='ocr_par' dir='ltr' id='par_1_6' title="bbox 483 817 2081 889">
     <span class='ocr_line' id='line_1_6' title="bbox 483 817 2081 889; baseline -0.001 -18"><span class='ocrx_word' id='word_1_32' title='bbox 483 818 937 889; x_wconf 77' lang='grc' dir='ltr'>ἐξουθενήσωμεν</span> <span class='ocrx_word' id='word_1_33' title='bbox 954 818 1045 871; x_wconf 79' lang='grc' dir='ltr'>τὸν</span> <span class='ocrx_word' id='word_1_34' title='bbox 1074 819 1303 889; x_wconf 82' lang='grc' dir='ltr'>οὐρανόν</span> <span class='ocrx_word' id='word_1_35' title='bbox 1319 835 1333 848; x_wconf 90' lang='grc'><strong>·</strong></span> <span class='ocrx_word' id='word_1_36' title='bbox 1359 817 1517 871; x_wconf 90' lang='grc' dir='ltr'>τοῦτο</span> <span class='ocrx_word' id='word_1_37' title='bbox 1540 817 1885 887; x_wconf 80' lang='grc' dir='ltr'>ἐξουθένησίς</span> <span class='ocrx_word' id='word_1_38' title='bbox 1912 817 2081 869; x_wconf 89' lang='grc' dir='ltr'>ἐστιν.</span> 
     </span>
    </p>
   </div>
   <div class='ocr_carea' id='block_1_7' title="bbox 484 898 2079 980">
    <p class='ocr_par' dir='ltr' id='par_1_7' title="bbox 484 898 2079 980">
     <span class='ocr_line' id='line_1_7' title="bbox 484 898 2079 980; baseline -0.003 -18"><span class='ocrx_word' id='word_1_39' title='bbox 484 898 637 980; x_wconf 85' lang='grc'><strong>[178]</strong></span> <span class='ocrx_word' id='word_1_40' title='bbox 668 908 899 979; x_wconf 82' lang='grc' dir='ltr'>Ἠνέχθη</span> <span class='ocrx_word' id='word_1_41' title='bbox 923 907 1019 961; x_wconf 76' lang='grc' dir='ltr'>καὶ</span> <span class='ocrx_word' id='word_1_42' title='bbox 1038 909 1166 979; x_wconf 81' lang='grc' dir='ltr'>παρ’</span> <span class='ocrx_word' id='word_1_43' title='bbox 1191 909 1325 978; x_wconf 78' lang='grc' dir='ltr'>ἡμῖν</span> <span class='ocrx_word' id='word_1_44' title='bbox 1350 907 1562 978; x_wconf 81' lang='grc' dir='ltr'>καρπὸς</span> <span class='ocrx_word' id='word_1_45' title='bbox 1579 904 1796 961; x_wconf 75' lang='grc' dir='ltr'>ἀπὸτοῦ</span> <span class='ocrx_word' id='word_1_46' title='bbox 1826 904 2079 976; x_wconf 86' lang='grc' dir='ltr'>ούρανοῦ,</span> 
     </span>
    </p>
   </div>
   <div class='ocr_carea' id='block_1_8' title="bbox 482 995 2081 1071">
    <p class='ocr_par' dir='ltr' id='par_1_8' title="bbox 482 995 2081 1071">
     <span class='ocr_line' id='line_1_8' title="bbox 482 995 2081 1071; baseline -0.002 -20"><span class='ocrx_word' id='word_1_47' title='bbox 482 999 582 1052; x_wconf 84' lang='grc' dir='ltr'>οὐκ</span> <span class='ocrx_word' id='word_1_48' title='bbox 597 1002 655 1053; x_wconf 86' lang='grc' dir='ltr'>ἐν</span> <span class='ocrx_word' id='word_1_49' title='bbox 668 1000 703 1052; x_wconf 93' lang='grc' dir='ltr'>ἀ</span> <span class='ocrx_word' id='word_1_50' title='bbox 710 998 979 1071; x_wconf 87' lang='grc' dir='ltr'>μφορεῦσι</span> <span class='ocrx_word' id='word_1_51' title='bbox 998 998 1404 1068; x_wconf 78' lang='grc' dir='ltr'>βασταζόμενος</span> <span class='ocrx_word' id='word_1_52' title='bbox 1417 996 1631 1068; x_wconf 83' lang='grc' dir='ltr'>βότρυς,</span> <span class='ocrx_word' id='word_1_53' title='bbox 1651 996 1765 1049; x_wconf 84' lang='grc' dir='ltr'>ἀλλ’</span> <span class='ocrx_word' id='word_1_54' title='bbox 1781 997 1809 1049; x_wconf 99' lang='lat'>6</span> <span class='ocrx_word' id='word_1_55' title='bbox 1820 995 2081 1068; x_wconf 73' lang='grc' dir='ltr'>ἀρῤασὼν</span> 
     </span>
    </p>
   </div>
   <div class='ocr_carea' id='block_1_9' title="bbox 480 1085 2081 1159">
    <p class='ocr_par' dir='ltr' id='par_1_9' title="bbox 480 1085 2081 1159">
     <span class='ocr_line' id='line_1_9' title="bbox 480 1085 2081 1159; baseline -0.002 -18"><span class='ocrx_word' id='word_1_56' title='bbox 480 1088 575 1141; x_wconf 88' lang='grc' dir='ltr'>τοῦ</span> <span class='ocrx_word' id='word_1_57' title='bbox 618 1088 963 1159; x_wconf 82' lang='grc' dir='ltr'>Πνεύματος,</span> <span class='ocrx_word' id='word_1_58' title='bbox 1004 1088 1065 1141; x_wconf 74' lang='grc' dir='ltr'>τὸ</span> <span class='ocrx_word' id='word_1_59' title='bbox 1098 1088 1402 1156; x_wconf 86' lang='grc' dir='ltr'>πολίτευμα</span> <span class='ocrx_word' id='word_1_60' title='bbox 1430 1088 1492 1140; x_wconf 83' lang='grc' dir='ltr'>τὸ</span> <span class='ocrx_word' id='word_1_61' title='bbox 1518 1089 1577 1139; x_wconf 86' lang='grc' dir='ltr'>ἐν</span> <span class='ocrx_word' id='word_1_62' title='bbox 1602 1088 1717 1149; x_wconf 82' lang='grc' dir='ltr'>τοῖς</span> <span class='ocrx_word' id='word_1_63' title='bbox 1745 1086 2015 1156; x_wconf 76' lang='grc' dir='ltr'>οὐρανοῖς,</span> <span class='ocrx_word' id='word_1_64' title='bbox 2052 1085 2081 1137; x_wconf 85' lang='lat'>6</span> 
     </span>
    </p>
   </div>
   <div class='ocr_carea' id='block_1_10' title="bbox 481 1174 2079 1245">
    <p class='ocr_par' dir='ltr' id='par_1_10' title="bbox 481 1174 2079 1245">
     <span class='ocr_line' id='line_1_10' title="bbox 481 1174 2079 1245; baseline -0.002 -16"><span class='ocrx_word' id='word_1_65' title='bbox 481 1175 696 1240; x_wconf 78' lang='grc' dir='ltr'>Παῦλος</span> <span class='ocrx_word' id='word_1_66' title='bbox 736 1175 1048 1239; x_wconf 86' lang='grc' dir='ltr'>ἐπαίδευσε,</span> <span class='ocrx_word' id='word_1_67' title='bbox 1094 1175 1123 1228; x_wconf 83' lang='grc' dir='ltr'><strong>ὃ</strong></span> <span class='ocrx_word' id='word_1_68' title='bbox 1162 1176 1271 1238; x_wconf 81' lang='grc' dir='ltr'>πᾶς</span> <span class='ocrx_word' id='word_1_69' title='bbox 1315 1175 1425 1227; x_wconf 87' lang='grc' dir='ltr'>τῶν</span> <span class='ocrx_word' id='word_1_70' title='bbox 1476 1175 1794 1229; x_wconf 83' lang='grc' dir='ltr'>ἀποστόλων</span> <span class='ocrx_word' id='word_1_71' title='bbox 1820 1174 2001 1245; x_wconf 72' lang='grc' dir='ltr'>χορὸς,</span> <span class='ocrx_word' id='word_1_72' title='bbox 2029 1175 2079 1226; x_wconf 81' lang='grc' dir='ltr'>οἱ</span> 
     </span>
    </p>
   </div>
   <div class='ocr_carea' id='block_1_11' title="bbox 479 1262 2079 1336">
    <p class='ocr_par' dir='ltr' id='par_1_11' title="bbox 479 1262 2079 1336">
     <span class='ocr_line' id='line_1_11' title="bbox 479 1262 2079 1336; baseline -0.002 -19"><span class='ocrx_word' id='word_1_73' title='bbox 479 1264 778 1335; x_wconf 86' lang='grc' dir='ltr'>θαυμάσιοι</span> <span class='ocrx_word' id='word_1_74' title='bbox 819 1264 1082 1335; x_wconf 84' lang='grc' dir='ltr'>γεωργοί.</span> <span class='ocrx_word' id='word_1_75' title='bbox 1130 1265 1204 1319; x_wconf 84' lang='grc' dir='ltr'>Ού</span> <span class='ocrx_word' id='word_1_76' title='bbox 1255 1263 1446 1336; x_wconf 78' lang='grc' dir='ltr'>Χάλησ</span> <span class='ocrx_word' id='word_1_77' title='bbox 1489 1263 1636 1317; x_wconf 83' lang='grc' dir='ltr'>ὁτοῦ</span> <span class='ocrx_word' id='word_1_78' title='bbox 1678 1264 1910 1334; x_wconf 85' lang='grc' dir='ltr'>Ἰεφονῆ,</span> <span class='ocrx_word' id='word_1_79' title='bbox 1955 1262 2079 1316; x_wconf 85' lang='grc' dir='ltr'>ούδέ</span> 
     </span>
    </p>
   </div>
   <div class='ocr_carea' id='block_1_12' title="bbox 489 1349 2078 1424">
    <p class='ocr_par' dir='ltr' id='par_1_12' title="bbox 489 1349 2078 1424">
     <span class='ocr_line' id='line_1_12' title="bbox 489 1349 2078 1424; baseline -0.003 -17"><span class='ocrx_word' id='word_1_80' title='bbox 489 1352 702 1424; x_wconf 86' lang='grc' dir='ltr'>Ἰησοῦς</span> <span class='ocrx_word' id='word_1_81' title='bbox 721 1354 750 1405; x_wconf 93' lang='lat'>6</span> <span class='ocrx_word' id='word_1_82' title='bbox 766 1351 860 1406; x_wconf 88' lang='grc' dir='ltr'>τοῦ</span> <span class='ocrx_word' id='word_1_83' title='bbox 878 1353 1035 1422; x_wconf 84' lang='grc' dir='ltr'>Ναυῆ</span> <span class='ocrx_word' id='word_1_84' title='bbox 1056 1354 1181 1415; x_wconf 75' lang='grc' dir='ltr'>τοὺς</span> <span class='ocrx_word' id='word_1_85' title='bbox 1199 1353 1449 1420; x_wconf 85' lang='grc' dir='ltr'>καρποὺς</span> <span class='ocrx_word' id='word_1_86' title='bbox 1465 1353 1666 1422; x_wconf 75' lang='grc' dir='ltr'>ἦνεγκε</span> <span class='ocrx_word' id='word_1_87' title='bbox 1686 1350 1930 1414; x_wconf 89' lang='grc' dir='ltr'>τούτους,</span> <span class='ocrx_word' id='word_1_88' title='bbox 1962 1349 2078 1403; x_wconf 83' lang='grc' dir='ltr'>ἀλλ’</span> 
     </span>
    </p>
   </div>
   <div class='ocr_carea' id='block_1_13' title="bbox 474 1438 2076 1512">
    <p class='ocr_par' dir='ltr' id='par_1_13' title="bbox 474 1438 2076 1512">
     <span class='ocr_line' id='line_1_13' title="bbox 474 1438 2076 1512; baseline -0.002 -18"><span class='ocrx_word' id='word_1_89' title='bbox 474 1442 505 1494; x_wconf 93' lang='lat'>6</span> <span class='ocrx_word' id='word_1_90' title='bbox 546 1439 756 1511; x_wconf 84' lang='grc' dir='ltr'>Ἰησοῦς</span> <span class='ocrx_word' id='word_1_91' title='bbox 784 1443 813 1494; x_wconf 92' lang='lat'>6</span> <span class='ocrx_word' id='word_1_92' title='bbox 848 1440 943 1493; x_wconf 88' lang='grc' dir='ltr'>τοῦ</span> <span class='ocrx_word' id='word_1_93' title='bbox 987 1440 1202 1511; x_wconf 86' lang='grc' dir='ltr'>Πατρὺς</span> <span class='ocrx_word' id='word_1_94' title='bbox 1229 1440 1339 1492; x_wconf 84' lang='grc' dir='ltr'>τῶν</span> <span class='ocrx_word' id='word_1_95' title='bbox 1376 1439 1700 1512; x_wconf 77' lang='grc' dir='ltr'>οἰκτιρμῶν,</span> <span class='ocrx_word' id='word_1_96' title='bbox 1725 1441 1753 1493; x_wconf 93' lang='lat'>6</span> <span class='ocrx_word' id='word_1_97' title='bbox 1778 1439 1874 1493; x_wconf 88' lang='grc' dir='ltr'>τοῦ</span> <span class='ocrx_word' id='word_1_98' title='bbox 1907 1438 2076 1503; x_wconf 76' lang='grc' dir='ltr'>ὅντως</span> 
     </span>
    </p>
   </div>
   <div class='ocr_carea' id='block_1_14' title="bbox 474 1527 2075 1600">
    <p class='ocr_par' dir='ltr' id='par_1_14' title="bbox 474 1527 2075 1600">
     <span class='ocr_line' id='line_1_14' title="bbox 474 1527 2075 1600; baseline -0.002 -17"><span class='ocrx_word' id='word_1_99' title='bbox 474 1529 613 1585; x_wconf 90' lang='grc' dir='ltr'>Θεοῦ</span> <span class='ocrx_word' id='word_1_100' title='bbox 639 1528 791 1593; x_wconf 79' lang='grc' dir='ltr'>Υἱὸς,</span> <span class='ocrx_word' id='word_1_101' title='bbox 843 1528 1044 1600; x_wconf 69' lang='grc' dir='ltr'>ἤνεγκε</span> <span class='ocrx_word' id='word_1_102' title='bbox 1080 1529 1261 1581; x_wconf 80' lang='grc' dir='ltr'>πᾶσαν</span> <span class='ocrx_word' id='word_1_103' title='bbox 1294 1527 1391 1598; x_wconf 84' lang='grc' dir='ltr'>τὴν</span> <span class='ocrx_word' id='word_1_104' title='bbox 1427 1527 1649 1599; x_wconf 85' lang='grc' dir='ltr'>ἀρετήν,</span> <span class='ocrx_word' id='word_1_105' title='bbox 1690 1528 1902 1589; x_wconf 86' lang='grc' dir='ltr'>πάντας</span> <span class='ocrx_word' id='word_1_106' title='bbox 1948 1528 2075 1589; x_wconf 80' lang='grc' dir='ltr'>τοὺς</span> 
     </span>
    </p>
   </div>
   <div class='ocr_carea' id='block_1_15' title="bbox 474 1610 2075 1688">
    <p class='ocr_par' dir='ltr' id='par_1_15' title="bbox 474 1610 2075 1688">
     <span class='ocr_line' id='line_1_15' title="bbox 474 1610 2075 1688; baseline -0.001 -19"><span class='ocrx_word' id='word_1_107' title='bbox 474 1617 687 1670; x_wconf 84' lang='grc' dir='ltr'>ἐκεῖθεν</span> <span class='ocrx_word' id='word_1_108' title='bbox 719 1617 968 1688; x_wconf 83' lang='grc' dir='ltr'>καρποὺς</span> <span class='ocrx_word' id='word_1_109' title='bbox 993 1617 1124 1686; x_wconf 79' lang='grc' dir='ltr'>ἡμῖν</span> <span class='ocrx_word' id='word_1_110' title='bbox 1156 1610 1515 1685; x_wconf 81' lang='grc' dir='ltr'>κατήνεγκεν,</span> <span class='ocrx_word' id='word_1_111' title='bbox 1543 1616 1667 1679; x_wconf 78' lang='grc' dir='ltr'>τοὺς</span> <span class='ocrx_word' id='word_1_112' title='bbox 1700 1614 1901 1686; x_wconf 78' lang='grc' dir='ltr'>ὕμνους</span> <span class='ocrx_word' id='word_1_113' title='bbox 1928 1614 2075 1683; x_wconf 83' lang='grc' dir='ltr'>λέγω</span> 
     </span>
    </p>
   </div>
   <div class='ocr_carea' id='block_1_16' title="bbox 474 1698 2069 1775">
    <p class='ocr_par' dir='ltr' id='par_1_16' title="bbox 474 1698 2069 1775">
     <span class='ocr_line' id='line_1_16' title="bbox 474 1698 2069 1775; baseline -0.002 -18"><span class='ocrx_word' id='word_1_114' title='bbox 474 1698 602 1769; x_wconf 73' lang='grc' dir='ltr'>τοῦς</span> <span class='ocrx_word' id='word_1_115' title='bbox 640 1705 1018 1775; x_wconf 79' lang='grc' dir='ltr'>ἐπουρανίους.</span> <span class='ocrx_word' id='word_1_116' title='bbox 1058 1705 1126 1756; x_wconf 82' lang='grc' dir='ltr'>’Λ</span> <span class='ocrx_word' id='word_1_117' title='bbox 1170 1700 1280 1774; x_wconf 83' lang='grc' dir='ltr'>γὰρ</span> <span class='ocrx_word' id='word_1_118' title='bbox 1324 1702 1393 1755; x_wconf 89' lang='grc' dir='ltr'>τά</span> <span class='ocrx_word' id='word_1_119' title='bbox 1438 1704 1721 1773; x_wconf 71' lang='grc' dir='ltr'>Χερουϐὶμ</span> <span class='ocrx_word' id='word_1_120' title='bbox 1760 1703 1873 1756; x_wconf 85' lang='grc' dir='ltr'>άνω</span> <span class='ocrx_word' id='word_1_121' title='bbox 1899 1702 2069 1771; x_wconf 87' lang='grc' dir='ltr'>λέγει,</span> 
     </span>
    </p>
   </div>
   <div class='ocr_carea' id='block_1_17' title="bbox 474 1788 2072 1863">
    <p class='ocr_par' dir='ltr' id='par_1_17' title="bbox 474 1788 2072 1863">
     <span class='ocr_line' id='line_1_17' title="bbox 474 1788 2072 1863; baseline -0.003 -17"><span class='ocrx_word' id='word_1_122' title='bbox 474 1792 651 1846; x_wconf 89' lang='grc' dir='ltr'>ταῦτα</span> <span class='ocrx_word' id='word_1_123' title='bbox 695 1793 790 1846; x_wconf 76' lang='grc' dir='ltr'>καὶ</span> <span class='ocrx_word' id='word_1_124' title='bbox 845 1792 982 1862; x_wconf 80' lang='grc' dir='ltr'>ἡμῖν</span> <span class='ocrx_word' id='word_1_125' title='bbox 1031 1789 1337 1863; x_wconf 81' lang='grc' dir='ltr'>προσέταξε</span> <span class='ocrx_word' id='word_1_126' title='bbox 1374 1789 1582 1858; x_wconf 83' lang='grc' dir='ltr'>λέγειν,</span> <span class='ocrx_word' id='word_1_127' title='bbox 1624 1791 1856 1859; x_wconf 75' lang='grc' dir='ltr'>Ἄγιος,</span> <span class='ocrx_word' id='word_1_128' title='bbox 1886 1788 2072 1857; x_wconf 79' lang='grc' dir='ltr'>ἅγιος,</span> 
     </span>
    </p>
   </div>
   <div class='ocr_carea' id='block_1_18' title="bbox 474 1876 2071 1951">
    <p class='ocr_par' dir='ltr' id='par_1_18' title="bbox 474 1876 2071 1951">
     <span class='ocr_line' id='line_1_18' title="bbox 474 1876 2071 1951; baseline -0.005 -15"><span class='ocrx_word' id='word_1_129' title='bbox 474 1881 637 1951; x_wconf 77' lang='grc' dir='ltr'>ἅγιος</span> <span class='ocrx_word' id='word_1_130' title='bbox 653 1921 667 1934; x_wconf 93' lang='grc'>.</span> <span class='ocrx_word' id='word_1_131' title='bbox 695 1882 966 1948; x_wconf 86' lang='grc' dir='ltr'>Ἠνεγκεν</span> <span class='ocrx_word' id='word_1_132' title='bbox 987 1880 1118 1950; x_wconf 76' lang='grc' dir='ltr'>ἡμῖν</span> <span class='ocrx_word' id='word_1_133' title='bbox 1141 1878 1252 1932; x_wconf 86' lang='grc' dir='ltr'>τῶν</span> <span class='ocrx_word' id='word_1_134' title='bbox 1273 1878 1525 1946; x_wconf 86' lang='grc' dir='ltr'>ἀγγέλων</span> <span class='ocrx_word' id='word_1_135' title='bbox 1545 1876 1644 1949; x_wconf 82' lang='grc' dir='ltr'>τὴν</span> <span class='ocrx_word' id='word_1_136' title='bbox 1670 1878 1944 1929; x_wconf 79' lang='grc' dir='ltr'>πολιτείαν</span> <span class='ocrx_word' id='word_1_137' title='bbox 1963 1893 1974 1905; x_wconf 84' lang='grc'><em>’</em></span> <span class='ocrx_word' id='word_1_138' title='bbox 1996 1877 2071 1929; x_wconf 78' lang='grc' dir='ltr'>Ού</span> 
     </span>
    </p>
   </div>
   <div class='ocr_carea' id='block_1_19' title="bbox 479 1964 2072 2039">
    <p class='ocr_par' dir='ltr' id='par_1_19' title="bbox 479 1964 2072 2039">
     <span class='ocr_line' id='line_1_19' title="bbox 479 1964 2072 2039; baseline -0.004 -17"><span class='ocrx_word' id='word_1_139' title='bbox 479 1969 772 2039; x_wconf 77' lang='grc' dir='ltr'>γαμοῦσιν,</span> <span class='ocrx_word' id='word_1_140' title='bbox 800 1967 923 2022; x_wconf 84' lang='grc' dir='ltr'>οὑδέ</span> <span class='ocrx_word' id='word_1_141' title='bbox 958 1966 1289 2038; x_wconf 78' lang='grc' dir='ltr'>γαμίζονται</span> <span class='ocrx_word' id='word_1_142' title='bbox 1319 1968 1367 2021; x_wconf 83' lang='grc' dir='ltr'>οί</span> <span class='ocrx_word' id='word_1_143' title='bbox 1394 1966 1616 2035; x_wconf 76' lang='grc' dir='ltr'>ἄγγελοι</span> <span class='ocrx_word' id='word_1_144' title='bbox 1643 1982 1656 1995; x_wconf 90' lang='grc'><strong>·</strong></span> <span class='ocrx_word' id='word_1_145' title='bbox 1683 1964 1841 2019; x_wconf 88' lang='grc' dir='ltr'>τοῦτο</span> <span class='ocrx_word' id='word_1_146' title='bbox 1866 1966 1962 2019; x_wconf 74' lang='grc' dir='ltr'>καὶ</span> <span class='ocrx_word' id='word_1_147' title='bbox 1983 1966 2072 2017; x_wconf 69' lang='grc' dir='ltr'>ἐν»</span> 
     </span>
    </p>
   </div>
   <div class='ocr_carea' id='block_1_20' title="bbox 480 2053 2072 2128">
    <p class='ocr_par' dir='ltr' id='par_1_20' title="bbox 480 2053 2072 2128">
     <span class='ocr_line' id='line_1_20' title="bbox 480 2053 2072 2128; baseline -0.003 -17"><span class='ocrx_word' id='word_1_148' title='bbox 480 2058 654 2111; x_wconf 87' lang='grc' dir='ltr'>ταῦθα</span> <span class='ocrx_word' id='word_1_149' title='bbox 677 2057 938 2127; x_wconf 82' lang='grc' dir='ltr'>ἐφύτευσε</span> <span class='ocrx_word' id='word_1_150' title='bbox 959 2056 1023 2110; x_wconf 83' lang='grc' dir='ltr'>τὸ</span> <span class='ocrx_word' id='word_1_151' title='bbox 1044 2056 1207 2110; x_wconf 82' lang='grc' dir='ltr'>καλόν</span> <span class='ocrx_word' id='word_1_152' title='bbox 1230 2072 1243 2087; x_wconf 85' lang='lat'><strong><em>°</em></strong></span> <span class='ocrx_word' id='word_1_153' title='bbox 1268 2054 1569 2128; x_wconf 82' lang='grc' dir='ltr'>χρημάτων</span> <span class='ocrx_word' id='word_1_154' title='bbox 1585 2055 1685 2109; x_wconf 82' lang='grc' dir='ltr'>ούκ</span> <span class='ocrx_word' id='word_1_155' title='bbox 1708 2053 1928 2125; x_wconf 84' lang='grc' dir='ltr'>ἐρῶσιν,</span> <span class='ocrx_word' id='word_1_156' title='bbox 1950 2054 2072 2107; x_wconf 87' lang='grc' dir='ltr'>ούδέ</span> 
     </span>
    </p>
   </div>
   <div class='ocr_carea' id='block_1_21' title="bbox 477 2129 2071 2214">
    <p class='ocr_par' dir='ltr' id='par_1_21' title="bbox 477 2129 2071 2214">
     <span class='ocr_line' id='line_1_21' title="bbox 477 2129 2071 2214; baseline -0.003 -15"><span class='ocrx_word' id='word_1_157' title='bbox 477 2145 587 2199; x_wconf 88' lang='grc' dir='ltr'>τῶν</span> <span class='ocrx_word' id='word_1_158' title='bbox 606 2145 775 2200; x_wconf 76' lang='grc' dir='ltr'>ἄλλων</span> <span class='ocrx_word' id='word_1_159' title='bbox 795 2147 994 2198; x_wconf 88' lang='grc' dir='ltr'>ἐκεῖνοι</span> <span class='ocrx_word' id='word_1_160' title='bbox 1012 2160 1030 2175; x_wconf 75' lang='grc' dir='ltr'><strong>ο</strong></span> <span class='ocrx_word' id='word_1_161' title='bbox 1053 2144 1151 2198; x_wconf 74' lang='grc' dir='ltr'>καὶ</span> <span class='ocrx_word' id='word_1_162' title='bbox 1170 2129 1330 2197; x_wconf 81' lang='grc' dir='ltr'>τοῦτο</span> <span class='ocrx_word' id='word_1_163' title='bbox 1348 2145 1480 2214; x_wconf 75' lang='grc' dir='ltr'>ἡμῖν</span> <span class='ocrx_word' id='word_1_164' title='bbox 1496 2142 1925 2214; x_wconf 78' lang='grc' dir='ltr'>ἐγκατέσπειρεν</span> <span class='ocrx_word' id='word_1_165' title='bbox 1940 2157 1952 2169; x_wconf 94' lang='grc'><strong>·</strong></span> <span class='ocrx_word' id='word_1_166' title='bbox 1972 2142 2071 2195; x_wconf 86' lang='grc' dir='ltr'>ούκ</span> 
     </span>
    </p>
   </div>
   <div class='ocr_carea' id='block_1_22' title="bbox 473 2230 2066 2305">
    <p class='ocr_par' dir='ltr' id='par_1_22' title="bbox 473 2230 2066 2305">
     <span class='ocr_line' id='line_1_22' title="bbox 473 2230 2066 2305; baseline -0.001 -19"><span class='ocrx_word' id='word_1_167' title='bbox 473 2233 916 2305; x_wconf 77' lang='grc' dir='ltr'>ἀποθνήσκουσιν</span> <span class='ocrx_word' id='word_1_168' title='bbox 960 2234 1194 2286; x_wconf 62' lang='grc' dir='ltr'>ἐκεῖνον</span> <span class='ocrx_word' id='word_1_169' title='bbox 1219 2230 1379 2284; x_wconf 88' lang='grc' dir='ltr'>τοῦτο</span> <span class='ocrx_word' id='word_1_170' title='bbox 1428 2231 1524 2284; x_wconf 73' lang='grc' dir='ltr'>καὶ</span> <span class='ocrx_word' id='word_1_171' title='bbox 1572 2232 1705 2302; x_wconf 86' lang='grc' dir='ltr'>ήμῖν</span> <span class='ocrx_word' id='word_1_172' title='bbox 1741 2231 2066 2303; x_wconf 75' lang='grc' dir='ltr'>ἐχαρίσατο³</span> 
     </span>
    </p>
   </div>
   <div class='ocr_carea' id='block_1_23' title="bbox 470 2320 2069 2393">
    <p class='ocr_par' dir='ltr' id='par_1_23' title="bbox 470 2320 2069 2393">
     <span class='ocr_line' id='line_1_23' title="bbox 470 2320 2069 2393; baseline -0.001 -17"><span class='ocrx_word' id='word_1_173' title='bbox 470 2323 655 2376; x_wconf 86' lang='grc' dir='ltr'>ούκέτι</span> <span class='ocrx_word' id='word_1_174' title='bbox 703 2324 811 2393; x_wconf 88' lang='lat'>7&amp;9</span> <span class='ocrx_word' id='word_1_175' title='bbox 851 2322 1083 2379; x_wconf 75' lang='grc' dir='ltr'>θάνατος</span> <span class='ocrx_word' id='word_1_176' title='bbox 1129 2322 1157 2373; x_wconf 86' lang='lat'>6</span> <span class='ocrx_word' id='word_1_177' title='bbox 1196 2320 1448 2384; x_wconf 83' lang='grc' dir='ltr'>θάνατος,</span> <span class='ocrx_word' id='word_1_178' title='bbox 1486 2320 1600 2374; x_wconf 82' lang='grc' dir='ltr'>ἀλλ’</span> <span class='ocrx_word' id='word_1_179' title='bbox 1638 2320 1826 2384; x_wconf 80' lang='grc' dir='ltr'>ὕπνος.</span> <span class='ocrx_word' id='word_1_180' title='bbox 1870 2323 2069 2374; x_wconf 81' lang='grc' dir='ltr'>Ἀκουε</span> 
     </span>
    </p>
   </div>
   <div class='ocr_carea' id='block_1_24' title="bbox 466 2409 2070 2484">
    <p class='ocr_par' dir='ltr' id='par_1_24' title="bbox 466 2409 2070 2484">
     <span class='ocr_line' id='line_1_24' title="bbox 466 2409 2070 2484; baseline -0.001 -19"><span class='ocrx_word' id='word_1_181' title='bbox 466 2413 580 2484; x_wconf 99' lang='lat'>7&amp;9</span> <span class='ocrx_word' id='word_1_182' title='bbox 597 2412 762 2465; x_wconf 82' lang='grc' dir='ltr'>αὐτοῦ</span> <span class='ocrx_word' id='word_1_183' title='bbox 786 2412 1037 2479; x_wconf 87' lang='grc' dir='ltr'>λέγοντος</span> <span class='ocrx_word' id='word_1_184' title='bbox 1056 2427 1068 2440; x_wconf 87' lang='grc'><strong>·</strong></span> <span class='ocrx_word' id='word_1_185' title='bbox 1090 2409 1359 2477; x_wconf 74' lang='grc' dir='ltr'>Λάζαρος</span> <span class='ocrx_word' id='word_1_186' title='bbox 1376 2413 1408 2464; x_wconf 92' lang='lat' dir='ltr'>o&#39;</span> <span class='ocrx_word' id='word_1_187' title='bbox 1428 2410 1610 2479; x_wconf 67' lang='grc' dir='ltr'>φίλος</span> <span class='ocrx_word' id='word_1_188' title='bbox 1624 2409 2070 2480; x_wconf 77' lang='grc' dir='ltr'>ἡμῶνκεκοίμη-</span> 
     </span>
    </p>
   </div>
   <div class='ocr_carea' id='block_1_25' title="bbox 467 2495 2068 2570">
    <p class='ocr_par' dir='ltr' id='par_1_25' title="bbox 467 2495 2068 2570">
     <span class='ocr_line' id='line_1_25' title="bbox 467 2495 2068 2570; baseline -0.001 -16"><span class='ocrx_word' id='word_1_189' title='bbox 467 2518 584 2554; x_wconf 81' lang='grc' dir='ltr'>ται.</span> <span class='ocrx_word' id='word_1_190' title='bbox 620 2495 775 2563; x_wconf 77' lang='grc' dir='ltr'>Εἶδες</span> <span class='ocrx_word' id='word_1_191' title='bbox 806 2502 931 2563; x_wconf 79' lang='grc' dir='ltr'>τοὺς</span> <span class='ocrx_word' id='word_1_192' title='bbox 962 2497 1211 2569; x_wconf 82' lang='grc' dir='ltr'>καρποὺς</span> <span class='ocrx_word' id='word_1_193' title='bbox 1253 2499 1351 2570; x_wconf 78' lang='grc' dir='ltr'>τῆς</span> <span class='ocrx_word' id='word_1_194' title='bbox 1383 2499 1496 2553; x_wconf 78' lang='grc' dir='ltr'>ἅνω</span> <span class='ocrx_word' id='word_1_195' title='bbox 1536 2498 1919 2570; x_wconf 77' lang='grc' dir='ltr'>Ἰερουσαλήμς</span> <span class='ocrx_word' id='word_1_196' title='bbox 1957 2500 2068 2553; x_wconf 78' lang='grc' dir='ltr'>Καὶ</span> 
     </span>
    </p>
   </div>
   <div class='ocr_carea' id='block_1_26' title="bbox 463 2585 2065 2661">
    <p class='ocr_par' dir='ltr' id='par_1_26' title="bbox 463 2585 2065 2661">
     <span class='ocr_line' id='line_1_26' title="bbox 463 2585 2065 2661; baseline -0.001 -20"><span class='ocrx_word' id='word_1_197' title='bbox 463 2590 525 2641; x_wconf 74' lang='grc' dir='ltr'>τὸ</span> <span class='ocrx_word' id='word_1_198' title='bbox 555 2588 621 2661; x_wconf 82' lang='grc' dir='ltr'>δὴ</span> <span class='ocrx_word' id='word_1_199' title='bbox 675 2587 1141 2660; x_wconf 76' lang='grc' dir='ltr'>θαυμαστότερον,</span> <span class='ocrx_word' id='word_1_200' title='bbox 1185 2587 1267 2639; x_wconf 83' lang='grc' dir='ltr'>ὅτι</span> <span class='ocrx_word' id='word_1_201' title='bbox 1311 2585 1466 2641; x_wconf 82' lang='grc' dir='ltr'>οῠπω</span> <span class='ocrx_word' id='word_1_202' title='bbox 1505 2586 1534 2639; x_wconf 84' lang='lat'>6</span> <span class='ocrx_word' id='word_1_203' title='bbox 1567 2586 1803 2656; x_wconf 86' lang='grc' dir='ltr'>πόλεμος</span> <span class='ocrx_word' id='word_1_204' title='bbox 1848 2586 2065 2657; x_wconf 84' lang='grc' dir='ltr'>ἐκρίθη,</span> 
     </span>
    </p>
   </div>
   <div class='ocr_carea' id='block_1_27' title="bbox 462 2673 2067 2748">
    <p class='ocr_par' dir='ltr' id='par_1_27' title="bbox 462 2673 2067 2748">
     <span class='ocr_line' id='line_1_27' title="bbox 462 2673 2067 2748; baseline -0.003 -18"><span class='ocrx_word' id='word_1_205' title='bbox 462 2677 603 2730; x_wconf 82' lang='grc' dir='ltr'>ἀλλά</span> <span class='ocrx_word' id='word_1_206' title='bbox 635 2677 743 2748; x_wconf 87' lang='grc' dir='ltr'>πρὸ</span> <span class='ocrx_word' id='word_1_207' title='bbox 772 2678 871 2746; x_wconf 81' lang='grc' dir='ltr'>τῆς</span> <span class='ocrx_word' id='word_1_208' title='bbox 896 2673 1230 2743; x_wconf 75' lang='grc' dir='ltr'>ἐπαγγελίας</span> <span class='ocrx_word' id='word_1_209' title='bbox 1260 2676 1440 2728; x_wconf 81' lang='grc' dir='ltr'>πάντα</span> <span class='ocrx_word' id='word_1_210' title='bbox 1466 2674 1641 2728; x_wconf 86' lang='grc' dir='ltr'>ταῦτα</span> <span class='ocrx_word' id='word_1_211' title='bbox 1672 2676 1805 2745; x_wconf 85' lang='grc' dir='ltr'>ήμῖν</span> <span class='ocrx_word' id='word_1_212' title='bbox 1829 2674 2067 2744; x_wconf 82' lang='grc' dir='ltr'>δεδώρη-</span> 
     </span>
    </p>
   </div>
   <div class='ocr_carea' id='block_1_28' title="bbox 461 2763 2065 2835">
    <p class='ocr_par' dir='ltr' id='par_1_28' title="bbox 461 2763 2065 2835">
     <span class='ocr_line' id='line_1_28' title="bbox 461 2763 2065 2835; baseline -0.002 -18"><span class='ocrx_word' id='word_1_213' title='bbox 461 2783 574 2819; x_wconf 88' lang='grc' dir='ltr'>ται.</span> <span class='ocrx_word' id='word_1_214' title='bbox 616 2767 848 2819; x_wconf 84' lang='grc' dir='ltr'>Ἐκεῖνοι</span> <span class='ocrx_word' id='word_1_215' title='bbox 883 2765 983 2835; x_wconf 89' lang='grc' dir='ltr'>μέν</span> <span class='ocrx_word' id='word_1_216' title='bbox 1005 2764 1113 2832; x_wconf 83' lang='grc' dir='ltr'>γὰρ</span> <span class='ocrx_word' id='word_1_217' title='bbox 1136 2764 1230 2818; x_wconf 67' lang='grc' dir='ltr'>καὶ</span> <span class='ocrx_word' id='word_1_218' title='bbox 1252 2764 1331 2826; x_wconf 85' lang='grc' dir='ltr'>είς</span> <span class='ocrx_word' id='word_1_219' title='bbox 1360 2764 1459 2833; x_wconf 74' lang='grc' dir='ltr'>τὴν</span> <span class='ocrx_word' id='word_1_220' title='bbox 1490 2764 1592 2834; x_wconf 77' lang='grc' dir='ltr'>γῆν</span> <span class='ocrx_word' id='word_1_221' title='bbox 1609 2763 1705 2834; x_wconf 82' lang='grc' dir='ltr'>τῆς</span> <span class='ocrx_word' id='word_1_222' title='bbox 1732 2763 2065 2831; x_wconf 74' lang='grc' dir='ltr'>ἐπαγγελίας</span> 
     </span>
    </p>
   </div>
   <div class='ocr_carea' id='block_1_29' title="bbox 460 2850 2065 2925">
    <p class='ocr_par' dir='ltr' id='par_1_29' title="bbox 460 2850 2065 2925">
     <span class='ocr_line' id='line_1_29' title="bbox 460 2850 2065 2925; baseline -0.001 -19"><span class='ocrx_word' id='word_1_223' title='bbox 460 2854 744 2919; x_wconf 87' lang='grc' dir='ltr'>ἐλθόντες,</span> <span class='ocrx_word' id='word_1_224' title='bbox 799 2854 1027 2908; x_wconf 77' lang='grc' dir='ltr'>ἐπόνουν</span> <span class='ocrx_word' id='word_1_225' title='bbox 1057 2871 1070 2884; x_wconf 78' lang='grc'><strong><em>⁸</em></strong></span> <span class='ocrx_word' id='word_1_226' title='bbox 1110 2852 1310 2925; x_wconf 81' lang='grc' dir='ltr'>μᾶλλον</span> <span class='ocrx_word' id='word_1_227' title='bbox 1344 2851 1401 2904; x_wconf 83' lang='grc' dir='ltr'>δὲ</span> <span class='ocrx_word' id='word_1_228' title='bbox 1439 2852 1541 2905; x_wconf 74' lang='grc' dir='ltr'>οὐκ</span> <span class='ocrx_word' id='word_1_229' title='bbox 1581 2851 1810 2904; x_wconf 82' lang='grc' dir='ltr'>ἐπόνουν</span> <span class='ocrx_word' id='word_1_230' title='bbox 1835 2868 1847 2882; x_wconf 88' lang='grc'><strong>·</strong></span> <span class='ocrx_word' id='word_1_231' title='bbox 1878 2852 1927 2903; x_wconf 87' lang='grc' dir='ltr'>εί</span> <span class='ocrx_word' id='word_1_232' title='bbox 1955 2850 2065 2923; x_wconf 87' lang='grc' dir='ltr'>γὰρ</span> 
     </span>
    </p>
   </div>
   <div class='ocr_carea' id='block_1_30' title="bbox 460 2939 2061 3012">
    <p class='ocr_par' dir='ltr' id='par_1_30' title="bbox 460 2939 2061 3012">
     <span class='ocr_line' id='line_1_30' title="bbox 460 2939 2061 3012; baseline -0.001 -17"><span class='ocrx_word' id='word_1_233' title='bbox 460 2942 749 2995; x_wconf 81' lang='grc' dir='ltr'>ἐϐούλοντο</span> <span class='ocrx_word' id='word_1_234' title='bbox 778 2941 1062 2996; x_wconf 88' lang='grc' dir='ltr'>πείθεσθαι</span> <span class='ocrx_word' id='word_1_235' title='bbox 1090 2941 1168 3012; x_wconf 82' lang='grc' dir='ltr'>τῷ</span> <span class='ocrx_word' id='word_1_236' title='bbox 1193 2939 1333 3010; x_wconf 82' lang='grc' dir='ltr'>Θεῷ,</span> <span class='ocrx_word' id='word_1_237' title='bbox 1362 2940 1532 3011; x_wconf 78' lang='grc' dir='ltr'>χωρὶς</span> <span class='ocrx_word' id='word_1_238' title='bbox 1561 2939 1743 2992; x_wconf 87' lang='grc' dir='ltr'>ὃπλων</span> <span class='ocrx_word' id='word_1_239' title='bbox 1764 2939 1860 2993; x_wconf 76' lang='grc' dir='ltr'>καὶ</span> <span class='ocrx_word' id='word_1_240' title='bbox 1881 2957 2061 3011; x_wconf 88' lang='grc' dir='ltr'>παρα-</span> 
     </span>
    </p>
   </div>
   <div class='ocr_carea' id='block_1_31' title="bbox 459 3024 2061 3100">
    <p class='ocr_par' dir='ltr' id='par_1_31' title="bbox 459 3024 2061 3100">
     <span class='ocr_line' id='line_1_31' title="bbox 459 3024 2061 3100; baseline -0.001 -17"><span class='ocrx_word' id='word_1_241' title='bbox 459 3031 671 3098; x_wconf 79' lang='grc' dir='ltr'>τάξεως</span> <span class='ocrx_word' id='word_1_242' title='bbox 702 3030 883 3093; x_wconf 85' lang='grc' dir='ltr'>πάσας</span> <span class='ocrx_word' id='word_1_243' title='bbox 908 3028 976 3083; x_wconf 84' lang='grc' dir='ltr'>ἂν</span> <span class='ocrx_word' id='word_1_244' title='bbox 1002 3024 1148 3083; x_wconf 77' lang='grc' dir='ltr'>εἷλον</span> <span class='ocrx_word' id='word_1_245' title='bbox 1177 3029 1277 3091; x_wconf 83' lang='grc' dir='ltr'>τὰς</span> <span class='ocrx_word' id='word_1_246' title='bbox 1300 3028 1485 3090; x_wconf 86' lang='grc' dir='ltr'>πόλεις</span> <span class='ocrx_word' id='word_1_247' title='bbox 1507 3043 1521 3058; x_wconf 72' lang='grc'><strong>⁸</strong></span> <span class='ocrx_word' id='word_1_248' title='bbox 1547 3026 1645 3099; x_wconf 85' lang='grc' dir='ltr'>τὴν</span> <span class='ocrx_word' id='word_1_249' title='bbox 1665 3028 1795 3097; x_wconf 90' lang='grc' dir='ltr'>γοῦν</span> <span class='ocrx_word' id='word_1_250' title='bbox 1827 3026 2061 3100; x_wconf 82' lang='grc' dir='ltr'>Ἱεριχὼ,</span> 
     </span>
    </p>
   </div>
   <div class='ocr_carea' id='block_1_32' title="bbox 458 3115 2058 3189">
    <p class='ocr_par' dir='ltr' id='par_1_32' title="bbox 458 3115 2058 3189">
     <span class='ocr_line' id='line_1_32' title="bbox 458 3115 2058 3189; baseline -0.001 -18"><span class='ocrx_word' id='word_1_251' title='bbox 458 3118 801 3189; x_wconf 82' lang='grc' dir='ltr'>χορευόντων</span> <span class='ocrx_word' id='word_1_252' title='bbox 826 3119 1028 3189; x_wconf 83' lang='grc' dir='ltr'>μᾶλλον</span> <span class='ocrx_word' id='word_1_253' title='bbox 1057 3118 1089 3189; x_wconf 80' lang='grc' dir='ltr'>ἢ</span> <span class='ocrx_word' id='word_1_254' title='bbox 1116 3115 1498 3187; x_wconf 84' lang='grc' dir='ltr'>πολεμούντων</span> <span class='ocrx_word' id='word_1_255' title='bbox 1526 3118 1585 3169; x_wconf 76' lang='grc' dir='ltr'>τὸ</span> <span class='ocrx_word' id='word_1_256' title='bbox 1607 3120 1793 3187; x_wconf 83' lang='grc' dir='ltr'>σχῆμα</span> <span class='ocrx_word' id='word_1_257' title='bbox 1821 3115 2058 3187; x_wconf 79' lang='grc' dir='ltr'>ἔχοντες,</span> 
     </span>
    </p>
   </div>
   <div class='ocr_carea' id='block_1_33' title="bbox 458 3204 2062 3277">
    <p class='ocr_par' dir='ltr' id='par_1_33' title="bbox 458 3204 2062 3277">
     <span class='ocr_line' id='line_1_33' title="bbox 458 3204 2062 3277; baseline 0 -19"><span class='ocrx_word' id='word_1_258' title='bbox 458 3205 867 3277; x_wconf 85' lang='grc' dir='ltr'>ἐτροπώσαντο.</span> <span class='ocrx_word' id='word_1_259' title='bbox 899 3206 1093 3277; x_wconf 85' lang='grc' dir='ltr'>Ἡμεῖς</span> <span class='ocrx_word' id='word_1_260' title='bbox 1122 3206 1180 3259; x_wconf 91' lang='grc' dir='ltr'>δέ</span> <span class='ocrx_word' id='word_1_261' title='bbox 1197 3206 1259 3258; x_wconf 82' lang='grc' dir='ltr'>ού</span> <span class='ocrx_word' id='word_1_262' title='bbox 1283 3204 1631 3275; x_wconf 85' lang='grc' dir='ltr'>πολεμοῦμεν</span> <span class='ocrx_word' id='word_1_263' title='bbox 1651 3204 1789 3275; x_wconf 78' lang='grc' dir='ltr'>μετὰ</span> <span class='ocrx_word' id='word_1_264' title='bbox 1808 3207 1869 3258; x_wconf 84' lang='grc' dir='ltr'>τὸ</span> <span class='ocrx_word' id='word_1_265' title='bbox 1890 3205 2062 3259; x_wconf 76' lang='grc' dir='ltr'>εἰσελ-</span> 
     </span>
    </p>
   </div>
   <div class='ocr_carea' id='block_1_34' title="bbox 460 3293 2060 3366">
    <p class='ocr_par' dir='ltr' id='par_1_34' title="bbox 460 3293 2060 3366">
     <span class='ocr_line' id='line_1_34' title="bbox 460 3293 2060 3366; baseline 0.001 -20"><span class='ocrx_word' id='word_1_266' title='bbox 460 3295 577 3348; x_wconf 89' lang='grc' dir='ltr'>θεῖν</span> <span class='ocrx_word' id='word_1_267' title='bbox 605 3298 686 3358; x_wconf 84' lang='grc' dir='ltr'>είς</span> <span class='ocrx_word' id='word_1_268' title='bbox 700 3294 802 3366; x_wconf 80' lang='grc' dir='ltr'>τὴν</span> <span class='ocrx_word' id='word_1_269' title='bbox 820 3294 928 3365; x_wconf 84' lang='grc' dir='ltr'>γῆν</span> <span class='ocrx_word' id='word_1_270' title='bbox 956 3293 1313 3362; x_wconf 83' lang='grc' dir='ltr'>ἐπαγγελίας,</span> <span class='ocrx_word' id='word_1_271' title='bbox 1340 3294 1640 3356; x_wconf 84' lang='grc' dir='ltr'>τουτέστιν,</span> <span class='ocrx_word' id='word_1_272' title='bbox 1670 3294 1751 3356; x_wconf 81' lang='grc' dir='ltr'>εἰς</span> <span class='ocrx_word' id='word_1_273' title='bbox 1769 3293 1862 3346; x_wconf 72' lang='grc' dir='ltr'>τὸν</span> <span class='ocrx_word' id='word_1_274' title='bbox 1895 3294 2060 3365; x_wconf 89' lang='grc' dir='ltr'>ούρα-</span> 
     </span>
    </p>
   </div>
   <div class='ocr_carea' id='block_1_35' title="bbox 457 3376 2058 3459">
    <p class='ocr_par' dir='ltr' id='par_1_35' title="bbox 457 3376 2058 3459">
     <span class='ocr_line' id='line_1_35' title="bbox 457 3376 2058 3459; baseline -0.001 -22"><span class='ocrx_word' id='word_1_275' title='bbox 457 3384 570 3448; x_wconf 76' lang='grc' dir='ltr'>νὸν,</span> <span class='ocrx_word' id='word_1_276' title='bbox 604 3383 718 3437; x_wconf 84' lang='grc' dir='ltr'>ἀλλ’</span> <span class='ocrx_word' id='word_1_277' title='bbox 743 3384 849 3447; x_wconf 73' lang='grc' dir='ltr'>ἕως</span> <span class='ocrx_word' id='word_1_278' title='bbox 878 3384 945 3436; x_wconf 81' lang='grc' dir='ltr'>ἂν</span> <span class='ocrx_word' id='word_1_279' title='bbox 964 3376 1116 3453; x_wconf 81' lang='grc' dir='ltr'>ὦμεν</span> <span class='ocrx_word' id='word_1_280' title='bbox 1146 3383 1203 3434; x_wconf 89' lang='grc' dir='ltr'>ἐν</span> <span class='ocrx_word' id='word_1_281' title='bbox 1223 3384 1291 3453; x_wconf 78' lang='grc' dir='ltr'>τῇ</span> <span class='ocrx_word' id='word_1_282' title='bbox 1318 3382 1534 3459; x_wconf 79' lang='grc' dir='ltr'>ἐρήμῳ,</span> <span class='ocrx_word' id='word_1_283' title='bbox 1567 3380 1866 3447; x_wconf 77' lang='grc' dir='ltr'>τουτέστιν,</span> <span class='ocrx_word' id='word_1_284' title='bbox 1898 3383 1956 3433; x_wconf 87' lang='grc' dir='ltr'>ἐν</span> <span class='ocrx_word' id='word_1_285' title='bbox 1980 3381 2058 3452; x_wconf 82' lang='grc' dir='ltr'>τῷ</span> 
     </span>
    </p>
   </div>
   <div class='ocr_carea' id='block_1_36' title="bbox 460 3469 2060 3545">
    <p class='ocr_par' dir='ltr' id='par_1_36' title="bbox 460 3469 2060 3545">
     <span class='ocr_line' id='line_1_36' title="bbox 460 3469 2060 3545; baseline -0.001 -19"><span class='ocrx_word' id='word_1_286' title='bbox 460 3474 692 3545; x_wconf 78' lang='grc' dir='ltr'>παρόντι</span> <span class='ocrx_word' id='word_1_287' title='bbox 728 3472 850 3543; x_wconf 82' lang='grc' dir='ltr'>βίῳ.</span> <span class='ocrx_word' id='word_1_288' title='bbox 893 3471 956 3526; x_wconf 85' lang='lat'>&#39;0</span> <span class='ocrx_word' id='word_1_289' title='bbox 972 3473 1082 3541; x_wconf 83' lang='grc' dir='ltr'>γὰρ</span> <span class='ocrx_word' id='word_1_290' title='bbox 1101 3470 1395 3525; x_wconf 83' lang='grc' dir='ltr'>είσελθὼν</span> <span class='ocrx_word' id='word_1_291' title='bbox 1419 3473 1507 3535; x_wconf 85' lang='grc' dir='ltr'>είς</span> <span class='ocrx_word' id='word_1_292' title='bbox 1534 3469 1649 3537; x_wconf 82' lang='grc' dir='ltr'>τὴν</span> <span class='ocrx_word' id='word_1_293' title='bbox 1674 3471 2060 3524; x_wconf 80' lang='grc' dir='ltr'>κατάπαυσιν</span> 
     </span>
    </p>
   </div>
   <div class='ocr_carea' id='block_1_37' title="bbox 461 3559 2056 3632">
    <p class='ocr_par' dir='ltr' id='par_1_37' title="bbox 461 3559 2056 3632">
     <span class='ocr_line' id='line_1_37' title="bbox 461 3559 2056 3632; baseline 0 -16"><span class='ocrx_word' id='word_1_294' title='bbox 461 3562 673 3626; x_wconf 86' lang='grc' dir='ltr'>αὐτοῦ,</span> <span class='ocrx_word' id='word_1_295' title='bbox 708 3565 1099 3615; x_wconf 82' lang='grc' dir='ltr'>κατέπαυσεν</span> <span class='ocrx_word' id='word_1_296' title='bbox 1117 3564 1235 3615; x_wconf 78' lang='grc' dir='ltr'>ἀπὸ</span> <span class='ocrx_word' id='word_1_297' title='bbox 1266 3559 1388 3614; x_wconf 85' lang='grc' dir='ltr'>τῶν</span> <span class='ocrx_word' id='word_1_298' title='bbox 1410 3561 1601 3629; x_wconf 76' lang='grc' dir='ltr'>ἔργων</span> <span class='ocrx_word' id='word_1_299' title='bbox 1620 3563 1828 3627; x_wconf 79' lang='grc' dir='ltr'>αὐτοῦ,</span> <span class='ocrx_word' id='word_1_300' title='bbox 1851 3562 2056 3632; x_wconf 79' lang='grc' dir='ltr'>ὥσπερ</span> 
     </span>
    </p>
   </div>
   <div class='ocr_carea' id='block_1_38' title="bbox 455 3648 2058 3721">
    <p class='ocr_par' dir='ltr' id='par_1_38' title="bbox 455 3648 2058 3721">
     <span class='ocr_line' id='line_1_38' title="bbox 455 3648 2058 3721; baseline 0 -16"><span class='ocrx_word' id='word_1_301' title='bbox 455 3651 579 3706; x_wconf 82' lang='grc' dir='ltr'>ἀπὸ</span> <span class='ocrx_word' id='word_1_302' title='bbox 622 3648 744 3703; x_wconf 87' lang='grc' dir='ltr'>τῶν</span> <span class='ocrx_word' id='word_1_303' title='bbox 779 3650 945 3703; x_wconf 83' lang='grc' dir='ltr'>ὶδίων</span> <span class='ocrx_word' id='word_1_304' title='bbox 979 3653 1012 3703; x_wconf 84' lang='grc' dir='ltr'>ό</span> <span class='ocrx_word' id='word_1_305' title='bbox 1054 3650 1217 3715; x_wconf 84' lang='grc' dir='ltr'>Θεός.</span> <span class='ocrx_word' id='word_1_306' title='bbox 1254 3648 1349 3716; x_wconf 74' lang='grc' dir='ltr'>Μὴ</span> <span class='ocrx_word' id='word_1_307' title='bbox 1402 3649 1612 3703; x_wconf 88' lang='grc' dir='ltr'>τοίνυν</span> <span class='ocrx_word' id='word_1_308' title='bbox 1658 3650 2058 3721; x_wconf 73' lang='grc' dir='ltr'>ἀποκάμωμεν</span> 
     </span>
    </p>
   </div>
   <div class='ocr_carea' id='block_1_39' title="bbox 456 3735 2052 3810">
    <p class='ocr_par' dir='ltr' id='par_1_39' title="bbox 456 3735 2052 3810">
     <span class='ocr_line' id='line_1_39' title="bbox 456 3735 2052 3810; baseline 0.001 -18"><span class='ocrx_word' id='word_1_309' title='bbox 456 3740 525 3793; x_wconf 79' lang='grc' dir='ltr'>τὸ</span> <span class='ocrx_word' id='word_1_310' title='bbox 568 3738 764 3794; x_wconf 83' lang='grc' dir='ltr'>καλὸν</span> <span class='ocrx_word' id='word_1_311' title='bbox 802 3738 1160 3804; x_wconf 75' lang='grc' dir='ltr'>ποιοῦντεςο</span> <span class='ocrx_word' id='word_1_312' title='bbox 1196 3735 1374 3809; x_wconf 87' lang='grc' dir='ltr'>καιρῷ</span> <span class='ocrx_word' id='word_1_313' title='bbox 1425 3736 1526 3807; x_wconf 82' lang='grc' dir='ltr'>γὰρ</span> <span class='ocrx_word' id='word_1_314' title='bbox 1577 3737 1694 3807; x_wconf 85' lang='grc' dir='ltr'>ίδίῳ</span> <span class='ocrx_word' id='word_1_315' title='bbox 1741 3737 2052 3810; x_wconf 79' lang='grc' dir='ltr'>θερίσομεν,</span> 
     </span>
    </p>
   </div>
   <div class='ocr_carea' id='block_1_40' title="bbox 1318 350 2888 409">
    <p class='ocr_par' dir='ltr' id='par_1_40' title="bbox 1318 350 2888 409">
     <span class='ocr_line' id='line_1_40' title="bbox 1318 350 2888 409; baseline 0 0"><span class='ocrx_word' id='word_1_316' title='bbox 1318 353 1386 409; x_wconf 83' lang='lat' dir='ltr'>IN</span> <span class='ocrx_word' id='word_1_317' title='bbox 1426 352 1649 409; x_wconf 80' lang='lat' dir='ltr'>EPIST.</span> <span class='ocrx_word' id='word_1_318' title='bbox 1688 353 1781 408; x_wconf 82' lang='lat' dir='ltr'>AD</span> <span class='ocrx_word' id='word_1_319' title='bbox 1818 351 2065 408; x_wconf 83' lang='lat' dir='ltr'>EPHES.</span> <span class='ocrx_word' id='word_1_320' title='bbox 2102 350 2257 408; x_wconf 80' lang='lat' dir='ltr'><strong>CAP.</strong></span> <span class='ocrx_word' id='word_1_321' title='bbox 2298 352 2362 407; x_wconf 80' lang='lat' dir='ltr'>VI</span> <span class='ocrx_word' id='word_1_322' title='bbox 2418 352 2652 408; x_wconf 83' lang='lat' dir='ltr'>HOMIL.</span> <span class='ocrx_word' id='word_1_323' title='bbox 2701 353 2888 409; x_wconf 69' lang='lat' dir='ltr'><strong>XXIV.</strong></span> 
     </span>
    </p>
   </div>
   <div class='ocr_carea' id='block_1_41' title="bbox 3676 358 3779 413">
    <p class='ocr_par' dir='ltr' id='par_1_41' title="bbox 3676 358 3779 413">
     <span class='ocr_line' id='line_1_41' title="bbox 3676 358 3779 413; baseline 0.01 -2"><span class='ocrx_word' id='word_1_324' title='bbox 3676 358 3779 413; x_wconf 70' lang='lat'>108</span> 
     </span>
    </p>
   </div>
   <div class='ocr_carea' id='block_1_42' title="bbox 2194 463 3783 540">
    <p class='ocr_par' dir='ltr' id='par_1_42' title="bbox 2194 463 3783 540">
     <span class='ocr_line' id='line_1_42' title="bbox 2194 463 3783 540; baseline 0.005 -24"><span class='ocrx_word' id='word_1_325' title='bbox 2194 463 2269 535; x_wconf 82' lang='grc' dir='ltr'>μὴ</span> <span class='ocrx_word' id='word_1_326' title='bbox 2300 464 2639 537; x_wconf 79' lang='grc' dir='ltr'>ἐκλυόμενοι.</span> <span class='ocrx_word' id='word_1_327' title='bbox 2672 467 2834 539; x_wconf 78' lang='grc' dir='ltr'>Ὁρᾷς</span> <span class='ocrx_word' id='word_1_328' title='bbox 2860 467 2978 532; x_wconf 83' lang='grc' dir='ltr'>πῶς</span> <span class='ocrx_word' id='word_1_329' title='bbox 3005 468 3257 540; x_wconf 88' lang='grc' dir='ltr'>καθάπερ</span> <span class='ocrx_word' id='word_1_330' title='bbox 3288 469 3533 533; x_wconf 76' lang='grc' dir='ltr'>ἱκείνους</span> <span class='ocrx_word' id='word_1_331' title='bbox 3554 469 3783 540; x_wconf 68' lang='grc' dir='ltr'>ἤγαγεν,</span> 
     </span>
    </p>
   </div>
   <div class='ocr_carea' id='block_1_43' title="bbox 2187 552 3783 630">
    <p class='ocr_par' dir='ltr' id='par_1_43' title="bbox 2187 552 3783 630">
     <span class='ocr_line' id='line_1_43' title="bbox 2187 552 3783 630; baseline 0.005 -26"><span class='ocrx_word' id='word_1_332' title='bbox 2187 552 2329 606; x_wconf 80' lang='grc' dir='ltr'>οὕτω</span> <span class='ocrx_word' id='word_1_333' title='bbox 2354 556 2446 608; x_wconf 75' lang='grc' dir='ltr'>καὶ</span> <span class='ocrx_word' id='word_1_334' title='bbox 2465 557 2616 626; x_wconf 79' lang='grc' dir='ltr'>ἡμᾶς</span> <span class='ocrx_word' id='word_1_335' title='bbox 2636 573 2649 621; x_wconf 91' lang='lat'><strong>;</strong></span> <span class='ocrx_word' id='word_1_336' title='bbox 2694 557 2843 611; x_wconf 87' lang='grc' dir='ltr'>Ἐκεῖ</span> <span class='ocrx_word' id='word_1_337' title='bbox 2874 557 2967 610; x_wconf 70' lang='grc' dir='ltr'>ἐπὶ</span> <span class='ocrx_word' id='word_1_338' title='bbox 2991 556 3085 610; x_wconf 89' lang='grc' dir='ltr'>τοῦ</span> <span class='ocrx_word' id='word_1_339' title='bbox 3105 557 3281 628; x_wconf 82' lang='grc' dir='ltr'>μάννα</span> <span class='ocrx_word' id='word_1_340' title='bbox 3301 561 3397 611; x_wconf 82' lang='grc' dir='ltr'>καὶ</span> <span class='ocrx_word' id='word_1_341' title='bbox 3419 559 3519 623; x_wconf 75' lang='grc' dir='ltr'>τῆς</span> <span class='ocrx_word' id='word_1_342' title='bbox 3548 559 3783 630; x_wconf 81' lang='grc' dir='ltr'>ἐρήμου,</span> 
     </span>
    </p>
   </div>
   <div class='ocr_carea' id='block_1_44' title="bbox 2188 644 3781 719">
    <p class='ocr_par' dir='ltr' id='par_1_44' title="bbox 2188 644 3781 719">
     <span class='ocr_line' id='line_1_44' title="bbox 2188 644 3781 719; baseline 0.008 -25"><span class='ocrx_word' id='word_1_343' title='bbox 2188 644 2373 713; x_wconf 72' lang='grc' dir='ltr'>φησὶν,</span> <span class='ocrx_word' id='word_1_344' title='bbox 2405 646 2458 697; x_wconf 87' lang='grc' dir='ltr'><em>Ὀ</em></span> <span class='ocrx_word' id='word_1_345' title='bbox 2475 646 2539 699; x_wconf 81' lang='grc' dir='ltr'>τὸ</span> <span class='ocrx_word' id='word_1_346' title='bbox 2560 647 2740 711; x_wconf 79' lang='grc' dir='ltr'>πολὺ,</span> <span class='ocrx_word' id='word_1_347' title='bbox 2765 650 2877 701; x_wconf 83' lang='grc' dir='ltr'>οὐκ</span> <span class='ocrx_word' id='word_1_348' title='bbox 2902 648 3263 703; x_wconf 82' lang='grc' dir='ltr'>ἐπλεόνασε’</span> <span class='ocrx_word' id='word_1_349' title='bbox 3291 650 3388 703; x_wconf 76' lang='grc' dir='ltr'>καί</span> <span class='ocrx_word' id='word_1_350' title='bbox 3414 653 3445 703; x_wconf 86' lang='grc' dir='ltr'>ό</span> <span class='ocrx_word' id='word_1_351' title='bbox 3463 649 3526 701; x_wconf 87' lang='grc' dir='ltr'>τὸ</span> <span class='ocrx_word' id='word_1_352' title='bbox 3549 650 3781 719; x_wconf 72' lang='grc' dir='ltr'>ὀλίγον.</span> 
     </span>
    </p>
   </div>
   <div class='ocr_carea' id='block_1_45' title="bbox 2186 734 3782 809">
    <p class='ocr_par' dir='ltr' id='par_1_45' title="bbox 2186 734 3782 809">
     <span class='ocr_line' id='line_1_45' title="bbox 2186 734 3782 809; baseline 0.005 -25"><span class='ocrx_word' id='word_1_353' title='bbox 2186 734 2298 785; x_wconf 82' lang='grc' dir='ltr'>οὐκ</span> <span class='ocrx_word' id='word_1_354' title='bbox 2328 735 2737 803; x_wconf 77' lang='grc' dir='ltr'>ἠλαττόνησε.</span> <span class='ocrx_word' id='word_1_355' title='bbox 2771 739 2883 790; x_wconf 75' lang='grc' dir='ltr'>Καὶ</span> <span class='ocrx_word' id='word_1_356' title='bbox 2910 738 3075 807; x_wconf 79' lang='grc' dir='ltr'>ἡμεῖς</span> <span class='ocrx_word' id='word_1_357' title='bbox 3101 736 3263 790; x_wconf 89' lang='grc' dir='ltr'>τοῦτο</span> <span class='ocrx_word' id='word_1_358' title='bbox 3298 738 3782 809; x_wconf 85' lang='grc' dir='ltr'>προστετάγμεθα,</span> 
     </span>
    </p>
   </div>
   <div class='ocr_carea' id='block_1_46' title="bbox 2189 820 3079 895">
    <p class='ocr_par' dir='ltr' id='par_1_46' title="bbox 2189 820 3079 895">
     <span class='ocr_line' id='line_1_46' title="bbox 2189 820 3079 895; baseline 0.006 -22"><span class='ocrx_word' id='word_1_359' title='bbox 2189 821 2263 891; x_wconf 84' lang='grc' dir='ltr'>μὴ</span> <span class='ocrx_word' id='word_1_360' title='bbox 2300 820 2657 894; x_wconf 82' lang='grc' dir='ltr'>θησαυρίζειν</span> <span class='ocrx_word' id='word_1_361' title='bbox 2695 826 2790 877; x_wconf 77' lang='grc' dir='ltr'>ἐπὶ</span> <span class='ocrx_word' id='word_1_362' title='bbox 2821 828 2920 895; x_wconf 83' lang='grc' dir='ltr'>τῆς</span> <span class='ocrx_word' id='word_1_363' title='bbox 2953 826 3079 894; x_wconf 83' lang='grc' dir='ltr'>γῆς.</span> 
     </span>
    </p>
   </div>
   <div class='ocr_carea' id='block_1_47' title="bbox 2258 910 3782 985">
    <p class='ocr_par' dir='ltr' id='par_1_47' title="bbox 2258 910 3782 985">
     <span class='ocr_line' id='line_1_47' title="bbox 2258 910 3782 985; baseline 0.003 -22"><span class='ocrx_word' id='word_1_364' title='bbox 2258 911 2358 964; x_wconf 73' lang='grc' dir='ltr'>Ἂν</span> <span class='ocrx_word' id='word_1_365' title='bbox 2393 910 2451 963; x_wconf 87' lang='grc' dir='ltr'>δὲ</span> <span class='ocrx_word' id='word_1_366' title='bbox 2487 910 2931 983; x_wconf 85' lang='grc' dir='ltr'>θησαυρίζωμεν,</span> <span class='ocrx_word' id='word_1_367' title='bbox 2981 913 3164 966; x_wconf 89' lang='grc' dir='ltr'>ούκέτι</span> <span class='ocrx_word' id='word_1_368' title='bbox 3205 911 3424 984; x_wconf 77' lang='grc' dir='ltr'>σκώληξ</span> <span class='ocrx_word' id='word_1_369' title='bbox 3453 913 3482 966; x_wconf 97' lang='lat'>6</span> <span class='ocrx_word' id='word_1_370' title='bbox 3522 913 3782 985; x_wconf 84' lang='grc' dir='ltr'>αἰσθητὸς</span> 
     </span>
    </p>
   </div>
   <div class='ocr_carea' id='block_1_48' title="bbox 2183 997 3783 1074">
    <p class='ocr_par' dir='ltr' id='par_1_48' title="bbox 2183 997 3783 1074">
     <span class='ocr_line' id='line_1_48' title="bbox 2183 997 3783 1074; baseline 0.004 -24"><span class='ocrx_word' id='word_1_371' title='bbox 2183 997 2528 1068; x_wconf 80' lang='grc' dir='ltr'>λυμαίνεται,</span> <span class='ocrx_word' id='word_1_372' title='bbox 2557 1000 2813 1072; x_wconf 88' lang='grc' dir='ltr'>καθάπερ</span> <span class='ocrx_word' id='word_1_373' title='bbox 2850 1001 2945 1054; x_wconf 77' lang='grc' dir='ltr'>ἐπὶ</span> <span class='ocrx_word' id='word_1_374' title='bbox 2966 1001 3061 1054; x_wconf 91' lang='grc' dir='ltr'>τοῦ</span> <span class='ocrx_word' id='word_1_375' title='bbox 3106 1001 3305 1071; x_wconf 85' lang='grc' dir='ltr'>μάννα,</span> <span class='ocrx_word' id='word_1_376' title='bbox 3338 1001 3453 1055; x_wconf 76' lang='grc' dir='ltr'>ἀλλ’</span> <span class='ocrx_word' id='word_1_377' title='bbox 3479 1003 3508 1055; x_wconf 94' lang='lat'>6</span> <span class='ocrx_word' id='word_1_378' title='bbox 3539 1001 3617 1071; x_wconf 82' lang='grc' dir='ltr'>τῷ</span> <span class='ocrx_word' id='word_1_379' title='bbox 3644 1004 3783 1074; x_wconf 78' lang='grc' dir='ltr'>πυρὶ</span> 
     </span>
    </p>
   </div>
   <div class='ocr_carea' id='block_1_49' title="bbox 2184 1085 3780 1162">
    <p class='ocr_par' dir='ltr' id='par_1_49' title="bbox 2184 1085 3780 1162">
     <span class='ocr_line' id='line_1_49' title="bbox 2184 1085 3780 1162; baseline 0.003 -23"><span class='ocrx_word' id='word_1_380' title='bbox 2184 1087 2629 1153; x_wconf 79' lang='grc' dir='ltr'>συνδιαιωνίζων.</span> <span class='ocrx_word' id='word_1_381' title='bbox 2672 1089 2860 1141; x_wconf 83' lang='grc' dir='ltr'>Πάντα</span> <span class='ocrx_word' id='word_1_382' title='bbox 2902 1085 2997 1142; x_wconf 80' lang='grc' dir='ltr'>οὖν</span> <span class='ocrx_word' id='word_1_383' title='bbox 3050 1088 3548 1159; x_wconf 85' lang='grc' dir='ltr'>κατεργασώμεθα,</span> <span class='ocrx_word' id='word_1_384' title='bbox 3581 1090 3670 1144; x_wconf 81' lang='grc' dir='ltr'>ἵνα</span> <span class='ocrx_word' id='word_1_385' title='bbox 3703 1090 3780 1162; x_wconf 81' lang='grc' dir='ltr'>μὴ</span> 
     </span>
    </p>
   </div>
   <div class='ocr_carea' id='block_1_50' title="bbox 2178 1174 3779 1249">
    <p class='ocr_par' dir='ltr' id='par_1_50' title="bbox 2178 1174 3779 1249">
     <span class='ocr_line' id='line_1_50' title="bbox 2178 1174 3779 1249; baseline 0.002 -22"><span class='ocrx_word' id='word_1_386' title='bbox 2178 1176 2258 1247; x_wconf 83' lang='grc' dir='ltr'>τῷ</span> <span class='ocrx_word' id='word_1_387' title='bbox 2286 1174 2526 1245; x_wconf 78' lang='grc' dir='ltr'>σκώληκι</span> <span class='ocrx_word' id='word_1_388' title='bbox 2555 1175 2761 1246; x_wconf 77' lang='grc' dir='ltr'>τροφὴν</span> <span class='ocrx_word' id='word_1_389' title='bbox 2790 1177 3203 1248; x_wconf 86' lang='grc' dir='ltr'>εύτρεπίσωμεν</span> <span class='ocrx_word' id='word_1_390' title='bbox 3223 1192 3236 1207; x_wconf 77' lang='grc' dir='ltr'><strong>ο</strong></span> <span class='ocrx_word' id='word_1_391' title='bbox 3281 1178 3333 1229; x_wconf 86' lang='lat'>&#39;0</span> <span class='ocrx_word' id='word_1_392' title='bbox 3365 1179 3428 1231; x_wconf 86' lang='grc' dir='ltr'>τὸ</span> <span class='ocrx_word' id='word_1_393' title='bbox 3463 1178 3622 1231; x_wconf 81' lang='grc' dir='ltr'>πολὺ</span> <span class='ocrx_word' id='word_1_394' title='bbox 3646 1178 3779 1249; x_wconf 84' lang='grc' dir='ltr'>γὰρ,</span> 
     </span>
    </p>
   </div>
   <div class='ocr_carea' id='block_1_51' title="bbox 2180 1263 3780 1336">
    <p class='ocr_par' dir='ltr' id='par_1_51' title="bbox 2180 1263 3780 1336">
     <span class='ocr_line' id='line_1_51' title="bbox 2180 1263 3780 1336; baseline 0.001 -21"><span class='ocrx_word' id='word_1_395' title='bbox 2180 1264 2368 1335; x_wconf 78' lang='grc' dir='ltr'>φησὶν,</span> <span class='ocrx_word' id='word_1_396' title='bbox 2393 1266 2506 1319; x_wconf 78' lang='grc' dir='ltr'>οὐκ</span> <span class='ocrx_word' id='word_1_397' title='bbox 2538 1264 2902 1318; x_wconf 80' lang='grc' dir='ltr'>ἐπλεόνασε.</span> <span class='ocrx_word' id='word_1_398' title='bbox 2934 1265 3046 1317; x_wconf 77' lang='grc' dir='ltr'>Καὶ</span> <span class='ocrx_word' id='word_1_399' title='bbox 3067 1265 3226 1317; x_wconf 84' lang='grc' dir='ltr'>τοῦτο</span> <span class='ocrx_word' id='word_1_400' title='bbox 3257 1263 3366 1335; x_wconf 86' lang='grc' dir='ltr'>γὰρ</span> <span class='ocrx_word' id='word_1_401' title='bbox 3407 1267 3502 1318; x_wconf 77' lang='grc' dir='ltr'>καὶ</span> <span class='ocrx_word' id='word_1_402' title='bbox 3536 1267 3620 1333; x_wconf 83' lang='grc' dir='ltr'>ἐφ’</span> <span class='ocrx_word' id='word_1_403' title='bbox 3646 1268 3780 1336; x_wconf 87' lang='grc' dir='ltr'>ήμῖν</span> 
     </span>
    </p>
   </div>
   <div class='ocr_carea' id='block_1_52' title="bbox 2178 1351 3780 1425">
    <p class='ocr_par' dir='ltr' id='par_1_52' title="bbox 2178 1351 3780 1425">
     <span class='ocr_line' id='line_1_52' title="bbox 2178 1351 3780 1425; baseline 0.001 -20"><span class='ocrx_word' id='word_1_404' title='bbox 2178 1354 2384 1420; x_wconf 82' lang='grc' dir='ltr'>γίνεται</span> <span class='ocrx_word' id='word_1_405' title='bbox 2437 1355 2522 1422; x_wconf 83' lang='grc' dir='ltr'>ἐφ’</span> <span class='ocrx_word' id='word_1_406' title='bbox 2569 1354 2810 1423; x_wconf 82' lang='grc' dir='ltr'>ἐκάστης</span> <span class='ocrx_word' id='word_1_407' title='bbox 2844 1370 2858 1383; x_wconf 76' lang='grc'><strong>⁸</strong></span> <span class='ocrx_word' id='word_1_408' title='bbox 2885 1352 3087 1415; x_wconf 86' lang='grc' dir='ltr'>πάντες</span> <span class='ocrx_word' id='word_1_409' title='bbox 3129 1352 3238 1422; x_wconf 86' lang='lat'>7&amp;9</span> <span class='ocrx_word' id='word_1_410' title='bbox 3285 1351 3347 1405; x_wconf 87' lang='grc' dir='ltr'>τὸ</span> <span class='ocrx_word' id='word_1_411' title='bbox 3406 1351 3540 1405; x_wconf 82' lang='grc' dir='ltr'>αὐτὸ</span> <span class='ocrx_word' id='word_1_412' title='bbox 3579 1354 3780 1425; x_wconf 80' lang='grc' dir='ltr'>μέτρον</span> 
     </span>
    </p>
   </div>
   <div class='ocr_carea' id='block_1_53' title="bbox 2178 1440 3776 1514">
    <p class='ocr_par' dir='ltr' id='par_1_53' title="bbox 2178 1440 3776 1514">
     <span class='ocr_line' id='line_1_53' title="bbox 2178 1440 3776 1514; baseline 0.001 -21"><span class='ocrx_word' id='word_1_413' title='bbox 2178 1441 2499 1512; x_wconf 81' lang='grc' dir='ltr'>πληροῦμεν</span> <span class='ocrx_word' id='word_1_414' title='bbox 2529 1442 2627 1511; x_wconf 77' lang='grc' dir='ltr'>τῆς</span> <span class='ocrx_word' id='word_1_415' title='bbox 2662 1441 2901 1514; x_wconf 89' lang='grc' dir='ltr'>γαστρός</span> <span class='ocrx_word' id='word_1_416' title='bbox 2932 1459 2946 1474; x_wconf 77' lang='grc'><em>’</em></span> <span class='ocrx_word' id='word_1_417' title='bbox 2978 1441 3041 1494; x_wconf 84' lang='grc' dir='ltr'>τὸ</span> <span class='ocrx_word' id='word_1_418' title='bbox 3074 1441 3131 1494; x_wconf 76' lang='grc' dir='ltr'>δὲ</span> <span class='ocrx_word' id='word_1_419' title='bbox 3172 1440 3451 1511; x_wconf 82' lang='grc' dir='ltr'>περιττὸν,</span> <span class='ocrx_word' id='word_1_420' title='bbox 3487 1440 3776 1513; x_wconf 82' lang='grc' dir='ltr'>προσθήκη</span> 
     </span>
    </p>
   </div>
   <div class='ocr_carea' id='block_1_54' title="bbox 2176 1528 3780 1602">
    <p class='ocr_par' dir='ltr' id='par_1_54' title="bbox 2176 1528 3780 1602">
     <span class='ocr_line' id='line_1_54' title="bbox 2176 1528 3780 1602; baseline 0.001 -20"><span class='ocrx_word' id='word_1_421' title='bbox 2176 1530 2476 1600; x_wconf 83' lang='grc' dir='ltr'>φροντίδων</span> <span class='ocrx_word' id='word_1_422' title='bbox 2511 1531 2756 1602; x_wconf 85' lang='grc' dir='ltr'>ἀνοήτων</span> <span class='ocrx_word' id='word_1_423' title='bbox 2788 1530 2956 1584; x_wconf 87' lang='grc' dir='ltr'>ἐστίν.</span> <span class='ocrx_word' id='word_1_424' title='bbox 3004 1530 3185 1601; x_wconf 84' lang='grc' dir='ltr'>Ὅπερ</span> <span class='ocrx_word' id='word_1_425' title='bbox 3240 1529 3348 1601; x_wconf 79' lang='grc' dir='ltr'>γὰρ</span> <span class='ocrx_word' id='word_1_426' title='bbox 3394 1528 3587 1597; x_wconf 76' lang='grc' dir='ltr'>ἔμελλε</span> <span class='ocrx_word' id='word_1_427' title='bbox 3639 1532 3780 1600; x_wconf 83' lang='grc' dir='ltr'>μετά</span> 
     </span>
    </p>
   </div>
   <div class='ocr_carea' id='block_1_55' title="bbox 2176 1617 3776 1690">
    <p class='ocr_par' dir='ltr' id='par_1_55' title="bbox 2176 1617 3776 1690">
     <span class='ocr_line' id='line_1_55' title="bbox 2176 1617 3776 1690; baseline 0.001 -19"><span class='ocrx_word' id='word_1_428' title='bbox 2176 1617 2349 1671; x_wconf 88' lang='grc' dir='ltr'>ταῦτα</span> <span class='ocrx_word' id='word_1_429' title='bbox 2397 1619 2772 1690; x_wconf 85' lang='grc' dir='ltr'>παραδιδόναι,</span> <span class='ocrx_word' id='word_1_430' title='bbox 2827 1619 3024 1688; x_wconf 86' lang='grc' dir='ltr'>λέγων,</span> <span class='ocrx_word' id='word_1_431' title='bbox 3070 1617 3343 1687; x_wconf 78' lang='grc' dir='ltr'>Ἀρκετὸν</span> <span class='ocrx_word' id='word_1_432' title='bbox 3390 1617 3463 1686; x_wconf 71' lang='grc' dir='ltr'>τῇ</span> <span class='ocrx_word' id='word_1_433' title='bbox 3506 1617 3699 1687; x_wconf 72' lang='grc' dir='ltr'>ἡμέρᾳ</span> <span class='ocrx_word' id='word_1_434' title='bbox 3738 1620 3776 1686; x_wconf 74' lang='grc' dir='ltr'><em>ἠ</em></span> 
     </span>
    </p>
   </div>
   <div class='ocr_carea' id='block_1_56' title="bbox 2180 1705 3777 1777">
    <p class='ocr_par' dir='ltr' id='par_1_56' title="bbox 2180 1705 3777 1777">
     <span class='ocr_line' id='line_1_56' title="bbox 2180 1705 3777 1777; baseline -0.001 -18"><span class='ocrx_word' id='word_1_435' title='bbox 2180 1707 2361 1759; x_wconf 78' lang='grc' dir='ltr'>κακία</span> <span class='ocrx_word' id='word_1_436' title='bbox 2401 1707 2616 1776; x_wconf 82' lang='grc' dir='ltr'>αὐτῆς,</span> <span class='ocrx_word' id='word_1_437' title='bbox 2653 1707 2813 1762; x_wconf 89' lang='grc' dir='ltr'>τοῦτο</span> <span class='ocrx_word' id='word_1_438' title='bbox 2840 1707 3047 1762; x_wconf 83' lang='grc' dir='ltr'>ἄνωθεν</span> <span class='ocrx_word' id='word_1_439' title='bbox 3068 1707 3172 1777; x_wconf 74' lang='grc' dir='ltr'>ήδη</span> <span class='ocrx_word' id='word_1_440' title='bbox 3198 1705 3507 1777; x_wconf 82' lang='grc' dir='ltr'>ἐπαίδευσε,</span> <span class='ocrx_word' id='word_1_441' title='bbox 3531 1707 3625 1759; x_wconf 75' lang='grc' dir='ltr'>καὶ</span> <span class='ocrx_word' id='word_1_442' title='bbox 3653 1706 3777 1759; x_wconf 85' lang='grc' dir='ltr'>ούδέ</span> 
     </span>
    </p>
   </div>
   <div class='ocr_carea' id='block_1_57' title="bbox 2178 1791 3775 1868">
    <p class='ocr_par' dir='ltr' id='par_1_57' title="bbox 2178 1791 3775 1868">
     <span class='ocr_line' id='line_1_57' title="bbox 2178 1791 3775 1868; baseline -0.003 -18"><span class='ocrx_word' id='word_1_443' title='bbox 2178 1797 2351 1861; x_wconf 77' lang='grc' dir='ltr'>οὕτως</span> <span class='ocrx_word' id='word_1_444' title='bbox 2378 1798 2653 1865; x_wconf 84' lang='grc' dir='ltr'>ἐδέξαντο.</span> <span class='ocrx_word' id='word_1_445' title='bbox 2691 1797 2832 1853; x_wconf 82' lang='grc' dir='ltr'>Ἀλλ’</span> <span class='ocrx_word' id='word_1_446' title='bbox 2862 1799 3027 1868; x_wconf 83' lang='grc' dir='ltr'>ἡμεῖς</span> <span class='ocrx_word' id='word_1_447' title='bbox 3071 1797 3147 1868; x_wconf 83' lang='grc' dir='ltr'>μὴ</span> <span class='ocrx_word' id='word_1_448' title='bbox 3187 1796 3456 1868; x_wconf 82' lang='grc' dir='ltr'>ἄπληστοι</span> <span class='ocrx_word' id='word_1_449' title='bbox 3486 1791 3658 1865; x_wconf 79' lang='grc' dir='ltr'>ὦμεν,</span> <span class='ocrx_word' id='word_1_450' title='bbox 3698 1796 3775 1866; x_wconf 83' lang='grc' dir='ltr'>μὴ</span> 
     </span>
    </p>
   </div>
   <div class='ocr_carea' id='block_1_58' title="bbox 2176 1882 3776 1958">
    <p class='ocr_par' dir='ltr' id='par_1_58' title="bbox 2176 1882 3776 1958">
     <span class='ocr_line' id='line_1_58' title="bbox 2176 1882 3776 1958; baseline -0.003 -19"><span class='ocrx_word' id='word_1_451' title='bbox 2176 1886 2516 1956; x_wconf 85' lang='grc' dir='ltr'>ἀγνώμονες,</span> <span class='ocrx_word' id='word_1_452' title='bbox 2555 1887 2630 1958; x_wconf 82' lang='grc' dir='ltr'>μὴ</span> <span class='ocrx_word' id='word_1_453' title='bbox 2664 1887 2842 1950; x_wconf 76' lang='grc' dir='ltr'>οἰκίας</span> <span class='ocrx_word' id='word_1_454' title='bbox 2895 1885 3151 1957; x_wconf 81' lang='grc' dir='ltr'>ζητῶμεν</span> <span class='ocrx_word' id='word_1_455' title='bbox 3186 1884 3451 1956; x_wconf 87' lang='grc' dir='ltr'>λαμπράς</span> <span class='ocrx_word' id='word_1_456' title='bbox 3476 1901 3491 1915; x_wconf 75' lang='grc' dir='ltr'><strong><em>ο</em></strong></span> <span class='ocrx_word' id='word_1_457' title='bbox 3513 1882 3776 1954; x_wconf 87' lang='grc' dir='ltr'>ὁδεύομεν</span> 
     </span>
    </p>
   </div>
   <div class='ocr_carea' id='block_1_59' title="bbox 2175 1968 3775 2046">
    <p class='ocr_par' dir='ltr' id='par_1_59' title="bbox 2175 1968 3775 2046">
     <span class='ocr_line' id='line_1_59' title="bbox 2175 1968 3775 2046; baseline -0.004 -18"><span class='ocrx_word' id='word_1_458' title='bbox 2175 1974 2307 2046; x_wconf 85' lang='grc' dir='ltr'>γὰρ,</span> <span class='ocrx_word' id='word_1_459' title='bbox 2351 1976 2452 2028; x_wconf 84' lang='grc' dir='ltr'>οὐκ</span> <span class='ocrx_word' id='word_1_460' title='bbox 2483 1973 2765 2045; x_wconf 88' lang='grc' dir='ltr'>οἰκοῦμεν.</span> <span class='ocrx_word' id='word_1_461' title='bbox 2812 1974 2977 2028; x_wconf 78' lang='grc' dir='ltr'>’Ὥστε</span> <span class='ocrx_word' id='word_1_462' title='bbox 3008 1973 3060 2026; x_wconf 76' lang='grc' dir='ltr'>εἷ</span> <span class='ocrx_word' id='word_1_463' title='bbox 3090 1990 3175 2033; x_wconf 88' lang='grc' dir='ltr'>τις</span> <span class='ocrx_word' id='word_1_464' title='bbox 3208 1968 3349 2027; x_wconf 79' lang='grc' dir='ltr'>οἶδεν</span> <span class='ocrx_word' id='word_1_465' title='bbox 3393 1974 3476 2026; x_wconf 84' lang='grc' dir='ltr'>ὅτι</span> <span class='ocrx_word' id='word_1_466' title='bbox 3518 1975 3546 2025; x_wconf 89' lang='lat'>6</span> <span class='ocrx_word' id='word_1_467' title='bbox 3581 1969 3775 2043; x_wconf 82' lang='grc' dir='ltr'>παρὼν</span> 
     </span>
    </p>
   </div>
   <div class='ocr_carea' id='block_1_60' title="bbox 2176 2059 3776 2136">
    <p class='ocr_par' dir='ltr' id='par_1_60' title="bbox 2176 2059 3776 2136">
     <span class='ocr_line' id='line_1_60' title="bbox 2176 2059 3776 2136; baseline -0.004 -19"><span class='ocrx_word' id='word_1_468' title='bbox 2176 2064 2291 2136; x_wconf 83' lang='grc' dir='ltr'>βίος</span> <span class='ocrx_word' id='word_1_469' title='bbox 2312 2064 2430 2129; x_wconf 88' lang='grc' dir='ltr'>ὁδός</span> <span class='ocrx_word' id='word_1_470' title='bbox 2449 2062 2534 2127; x_wconf 85' lang='grc' dir='ltr'>τίς</span> <span class='ocrx_word' id='word_1_471' title='bbox 2571 2064 2689 2117; x_wconf 83' lang='grc' dir='ltr'>ἐστι</span> <span class='ocrx_word' id='word_1_472' title='bbox 2719 2063 2815 2117; x_wconf 73' lang='grc' dir='ltr'>καὶ</span> <span class='ocrx_word' id='word_1_473' title='bbox 2844 2062 3128 2134; x_wconf 86' lang='grc' dir='ltr'>στρατεία,</span> <span class='ocrx_word' id='word_1_474' title='bbox 3162 2061 3258 2113; x_wconf 73' lang='grc' dir='ltr'>καὶ</span> <span class='ocrx_word' id='word_1_475' title='bbox 3293 2061 3369 2123; x_wconf 87' lang='grc' dir='ltr'>ὡς</span> <span class='ocrx_word' id='word_1_476' title='bbox 3396 2059 3463 2114; x_wconf 80' lang='grc' dir='ltr'>ἂν</span> <span class='ocrx_word' id='word_1_477' title='bbox 3504 2061 3647 2113; x_wconf 80' lang='grc' dir='ltr'>εἴποι</span> <span class='ocrx_word' id='word_1_478' title='bbox 3689 2076 3776 2123; x_wconf 87' lang='grc' dir='ltr'>τις</span> 
     </span>
    </p>
   </div>
   <div class='ocr_carea' id='block_1_61' title="bbox 2172 2150 3775 2226">
    <p class='ocr_par' dir='ltr' id='par_1_61' title="bbox 2172 2150 3775 2226">
     <span class='ocr_line' id='line_1_61' title="bbox 2172 2150 3775 2226; baseline -0.003 -19"><span class='ocrx_word' id='word_1_479' title='bbox 2172 2154 2233 2207; x_wconf 87' lang='grc' dir='ltr'>τὸ</span> <span class='ocrx_word' id='word_1_480' title='bbox 2253 2154 2546 2226; x_wconf 88' lang='grc' dir='ltr'>λεγόμενον</span> <span class='ocrx_word' id='word_1_481' title='bbox 2567 2154 2697 2224; x_wconf 77' lang='grc' dir='ltr'>παρ’</span> <span class='ocrx_word' id='word_1_482' title='bbox 2715 2154 2901 2217; x_wconf 79' lang='grc' dir='ltr'>αὐτοῖς</span> <span class='ocrx_word' id='word_1_483' title='bbox 2922 2151 3272 2222; x_wconf 69' lang='grc' dir='ltr'>φωσσάτον,</span> <span class='ocrx_word' id='word_1_484' title='bbox 3295 2151 3357 2204; x_wconf 85' lang='grc' dir='ltr'>ού</span> <span class='ocrx_word' id='word_1_485' title='bbox 3378 2150 3608 2221; x_wconf 82' lang='grc' dir='ltr'>ζητήσει</span> <span class='ocrx_word' id='word_1_486' title='bbox 3624 2150 3775 2203; x_wconf 77' lang='grc' dir='ltr'>οἰκο-</span> 
     </span>
    </p>
   </div>
   <div class='ocr_carea' id='block_1_62' title="bbox 2171 2237 3772 2315">
    <p class='ocr_par' dir='ltr' id='par_1_62' title="bbox 2171 2237 3772 2315">
     <span class='ocr_line' id='line_1_62' title="bbox 2171 2237 3772 2315; baseline -0.004 -19"><span class='ocrx_word' id='word_1_487' title='bbox 2171 2242 2344 2313; x_wconf 80' lang='grc' dir='ltr'>δομὰς</span> <span class='ocrx_word' id='word_1_488' title='bbox 2370 2242 2650 2315; x_wconf 88' lang='grc' dir='ltr'>λαμπράς.</span> <span class='ocrx_word' id='word_1_489' title='bbox 2711 2241 2811 2305; x_wconf 89' lang='grc' dir='ltr'>Τίς</span> <span class='ocrx_word' id='word_1_490' title='bbox 2843 2242 2974 2313; x_wconf 91' lang='lat'><strong>7&amp;9,</strong></span> <span class='ocrx_word' id='word_1_491' title='bbox 3011 2238 3135 2293; x_wconf 80' lang='grc' dir='ltr'>εἰπέ</span> <span class='ocrx_word' id='word_1_492' title='bbox 3170 2257 3283 2309; x_wconf 88' lang='grc' dir='ltr'>μοι,</span> <span class='ocrx_word' id='word_1_493' title='bbox 3316 2239 3423 2294; x_wconf 74' lang='grc' dir='ltr'>κᾶν</span> <span class='ocrx_word' id='word_1_494' title='bbox 3454 2238 3663 2308; x_wconf 85' lang='grc' dir='ltr'>σφόδρα</span> <span class='ocrx_word' id='word_1_495' title='bbox 3678 2237 3772 2290; x_wconf 72' lang='lat'>£6-</span> 
     </span>
    </p>
   </div>
   <div class='ocr_carea' id='block_1_63' title="bbox 2172 2327 3775 2406">
    <p class='ocr_par' dir='ltr' id='par_1_63' title="bbox 2172 2327 3775 2406">
     <span class='ocr_line' id='line_1_63' title="bbox 2172 2327 3775 2406; baseline -0.004 -21"><span class='ocrx_word' id='word_1_496' title='bbox 2172 2349 2339 2404; x_wconf 83' lang='grc' dir='ltr'>πορος</span> <span class='ocrx_word' id='word_1_497' title='bbox 2360 2330 2415 2406; x_wconf 78' lang='grc' dir='ltr'>ᾗ,</span> <span class='ocrx_word' id='word_1_498' title='bbox 2440 2333 2729 2404; x_wconf 84' lang='grc' dir='ltr'>αἱρήσεται</span> <span class='ocrx_word' id='word_1_499' title='bbox 2753 2332 2847 2383; x_wconf 73' lang='grc' dir='ltr'>ἐπὶ</span> <span class='ocrx_word' id='word_1_500' title='bbox 2863 2330 2959 2383; x_wconf 89' lang='grc' dir='ltr'>τοῦ</span> <span class='ocrx_word' id='word_1_501' title='bbox 2977 2328 3274 2400; x_wconf 73' lang='grc' dir='ltr'>λεγομένου</span> <span class='ocrx_word' id='word_1_502' title='bbox 3286 2327 3775 2399; x_wconf 75' lang='grc' dir='ltr'>φωσσάτουοίκο-</span> 
     </span>
    </p>
   </div>
   <div class='ocr_carea' id='block_1_64' title="bbox 2169 2416 3773 2494">
    <p class='ocr_par' dir='ltr' id='par_1_64' title="bbox 2169 2416 3773 2494">
     <span class='ocr_line' id='line_1_64' title="bbox 2169 2416 3773 2494; baseline -0.004 -18"><span class='ocrx_word' id='word_1_503' title='bbox 2169 2423 2356 2494; x_wconf 88' lang='grc' dir='ltr'>δομεῖν</span> <span class='ocrx_word' id='word_1_504' title='bbox 2399 2422 2577 2487; x_wconf 80' lang='grc' dir='ltr'>οἰκίας</span> <span class='ocrx_word' id='word_1_505' title='bbox 2625 2421 2915 2493; x_wconf 86' lang='grc' dir='ltr'>λαμπράς;</span> <span class='ocrx_word' id='word_1_506' title='bbox 2965 2420 3102 2475; x_wconf 86' lang='grc' dir='ltr'>Ούδέ</span> <span class='ocrx_word' id='word_1_507' title='bbox 3137 2416 3219 2484; x_wconf 78' lang='grc' dir='ltr'>εἷς</span> <span class='ocrx_word' id='word_1_508' title='bbox 3247 2436 3261 2450; x_wconf 76' lang='grc' dir='ltr'><strong>ο</strong></span> <span class='ocrx_word' id='word_1_509' title='bbox 3294 2418 3615 2487; x_wconf 82' lang='grc' dir='ltr'>κατάγελως</span> <span class='ocrx_word' id='word_1_510' title='bbox 3662 2417 3773 2489; x_wconf 82' lang='grc' dir='ltr'>γὰρ</span> 
     </span>
    </p>
   </div>
   <div class='ocr_carea' id='block_1_65' title="bbox 2170 2509 3773 2587">
    <p class='ocr_par' dir='ltr' id='par_1_65' title="bbox 2170 2509 3773 2587">
     <span class='ocr_line' id='line_1_65' title="bbox 2170 2509 3773 2587; baseline -0.004 -19"><span class='ocrx_word' id='word_1_511' title='bbox 2170 2512 2323 2587; x_wconf 75' lang='grc'>[179]</span> <span class='ocrx_word' id='word_1_512' title='bbox 2353 2513 2530 2576; x_wconf 73' lang='grc' dir='ltr'>ἔσται,</span> <span class='ocrx_word' id='word_1_513' title='bbox 2553 2515 2776 2576; x_wconf 78' lang='grc' dir='ltr'>καὶτοῖς</span> <span class='ocrx_word' id='word_1_514' title='bbox 2809 2512 3025 2584; x_wconf 87' lang='grc' dir='ltr'>ἐχθροῖς</span> <span class='ocrx_word' id='word_1_515' title='bbox 3046 2511 3420 2582; x_wconf 82' lang='grc' dir='ltr'>οἰκοδομήσει,</span> <span class='ocrx_word' id='word_1_516' title='bbox 3445 2510 3542 2563; x_wconf 73' lang='grc' dir='ltr'>καὶ</span> <span class='ocrx_word' id='word_1_517' title='bbox 3568 2509 3773 2580; x_wconf 82' lang='grc' dir='ltr'>μᾶλλον</span> 
     </span>
    </p>
   </div>
   <div class='ocr_carea' id='block_1_66' title="bbox 2169 2598 3768 2679">
    <p class='ocr_par' dir='ltr' id='par_1_66' title="bbox 2169 2598 3768 2679">
     <span class='ocr_line' id='line_1_66' title="bbox 2169 2598 3768 2679; baseline 0 -25"><span class='ocrx_word' id='word_1_518' title='bbox 2169 2603 2367 2665; x_wconf 81' lang='grc' dir='ltr'>αὐτοὺς</span> <span class='ocrx_word' id='word_1_519' title='bbox 2397 2603 2795 2656; x_wconf 72' lang='grc' dir='ltr'>ἐπισπάσεταισ</span> <span class='ocrx_word' id='word_1_520' title='bbox 2818 2601 2959 2679; x_wconf 76' lang='grc' dir='ltr'>ῶστε</span> <span class='ocrx_word' id='word_1_521' title='bbox 2987 2601 3083 2654; x_wconf 84' lang='grc' dir='ltr'>ἐὰν</span> <span class='ocrx_word' id='word_1_522' title='bbox 3106 2601 3390 2671; x_wconf 79' lang='grc' dir='ltr'>νήφωμεν,</span> <span class='ocrx_word' id='word_1_523' title='bbox 3424 2598 3549 2653; x_wconf 86' lang='grc' dir='ltr'>ούδέ</span> <span class='ocrx_word' id='word_1_524' title='bbox 3583 2598 3768 2668; x_wconf 76' lang='grc' dir='ltr'>ἡμεῖς.</span> 
     </span>
    </p>
   </div>
   <div class='ocr_carea' id='block_1_67' title="bbox 2169 2686 3767 2761">
    <p class='ocr_par' dir='ltr' id='par_1_67' title="bbox 2169 2686 3767 2761">
     <span class='ocr_line' id='line_1_67' title="bbox 2169 2686 3767 2761; baseline -0.003 -18"><span class='ocrx_word' id='word_1_525' title='bbox 2169 2690 2338 2744; x_wconf 75' lang='grc' dir='ltr'>Οὐδὲν</span> <span class='ocrx_word' id='word_1_526' title='bbox 2356 2691 2646 2761; x_wconf 88' lang='grc' dir='ltr'>στρατείας</span> <span class='ocrx_word' id='word_1_527' title='bbox 2657 2691 2751 2743; x_wconf 84' lang='grc' dir='ltr'>καὶ</span> <span class='ocrx_word' id='word_1_528' title='bbox 2776 2689 3064 2759; x_wconf 84' lang='grc' dir='ltr'>φωσσάτου</span> <span class='ocrx_word' id='word_1_529' title='bbox 3079 2690 3107 2741; x_wconf 95' lang='lat'>6</span> <span class='ocrx_word' id='word_1_530' title='bbox 3131 2686 3322 2758; x_wconf 84' lang='grc' dir='ltr'>παρὼν</span> <span class='ocrx_word' id='word_1_531' title='bbox 3342 2686 3455 2756; x_wconf 89' lang='grc' dir='ltr'>βίος</span> <span class='ocrx_word' id='word_1_532' title='bbox 3471 2686 3767 2757; x_wconf 86' lang='grc' dir='ltr'>διενήνοχε.</span> 
     </span>
    </p>
   </div>
   <div class='ocr_carea' id='block_1_68' title="bbox 2167 2774 3767 2851">
    <p class='ocr_par' dir='ltr' id='par_1_68' title="bbox 2167 2774 3767 2851">
     <span class='ocr_line' id='line_1_68' title="bbox 2167 2774 3767 2851; baseline -0.003 -19"><span class='ocrx_word' id='word_1_533' title='bbox 2167 2778 2259 2832; x_wconf 79' lang='grc' dir='ltr'>Διὸ</span> <span class='ocrx_word' id='word_1_534' title='bbox 2292 2778 2623 2851; x_wconf 83' lang='grc' dir='ltr'>παρακαλῶ,</span> <span class='ocrx_word' id='word_1_535' title='bbox 2670 2777 2853 2831; x_wconf 86' lang='grc' dir='ltr'>πάντα</span> <span class='ocrx_word' id='word_1_536' title='bbox 2886 2778 3239 2847; x_wconf 85' lang='grc' dir='ltr'>πράττωμεν,</span> <span class='ocrx_word' id='word_1_537' title='bbox 3287 2774 3431 2827; x_wconf 74' lang='grc' dir='ltr'>ὥστε</span> <span class='ocrx_word' id='word_1_538' title='bbox 3475 2774 3642 2845; x_wconf 83' lang='grc' dir='ltr'>μηδὲν</span> <span class='ocrx_word' id='word_1_539' title='bbox 3676 2776 3767 2828; x_wconf 85' lang='grc' dir='ltr'>ἐν-</span> 
     </span>
    </p>
   </div>
   <div class='ocr_carea' id='block_1_69' title="bbox 2166 2865 3769 2941">
    <p class='ocr_par' dir='ltr' id='par_1_69' title="bbox 2166 2865 3769 2941">
     <span class='ocr_line' id='line_1_69' title="bbox 2166 2865 3769 2941; baseline -0.004 -17"><span class='ocrx_word' id='word_1_540' title='bbox 2166 2869 2343 2924; x_wconf 81' lang='grc' dir='ltr'>ταῦθα</span> <span class='ocrx_word' id='word_1_541' title='bbox 2371 2869 2719 2941; x_wconf 81' lang='grc' dir='ltr'>θησαυρίζειν</span> <span class='ocrx_word' id='word_1_542' title='bbox 2744 2885 2757 2899; x_wconf 72' lang='grc' dir='ltr'><strong>ο</strong></span> <span class='ocrx_word' id='word_1_543' title='bbox 2787 2868 2853 2921; x_wconf 87' lang='grc' dir='ltr'>ἂν</span> <span class='ocrx_word' id='word_1_544' title='bbox 2893 2867 3002 2938; x_wconf 86' lang='lat'>7&amp;9</span> <span class='ocrx_word' id='word_1_545' title='bbox 3035 2866 3162 2937; x_wconf 75' lang='grc' dir='ltr'>ἔλθῃ</span> <span class='ocrx_word' id='word_1_546' title='bbox 3195 2865 3223 2917; x_wconf 89' lang='lat'>6</span> <span class='ocrx_word' id='word_1_547' title='bbox 3253 2865 3523 2929; x_wconf 88' lang='grc' dir='ltr'>κλέπτων,</span> <span class='ocrx_word' id='word_1_548' title='bbox 3554 2865 3769 2935; x_wconf 81' lang='grc' dir='ltr'>ταχέως</span> 
     </span>
    </p>
   </div>
   <div class='ocr_carea' id='block_1_70' title="bbox 2166 2955 3768 3033">
    <p class='ocr_par' dir='ltr' id='par_1_70' title="bbox 2166 2955 3768 3033">
     <span class='ocr_line' id='line_1_70' title="bbox 2166 2955 3768 3033; baseline -0.002 -18"><span class='ocrx_word' id='word_1_549' title='bbox 2166 2961 2686 3033; x_wconf 86' lang='grc' dir='ltr'>ἀπαναστησόμεθα.</span> <span class='ocrx_word' id='word_1_550' title='bbox 2706 2958 3081 3029; x_wconf 62' lang='grc' dir='ltr'>Γρηγορεῖτε,</span> <span class='ocrx_word' id='word_1_551' title='bbox 3107 2959 3295 3028; x_wconf 72' lang='grc' dir='ltr'>φησὶν,</span> <span class='ocrx_word' id='word_1_552' title='bbox 3313 2956 3402 3010; x_wconf 87' lang='grc' dir='ltr'>ὅτι</span> <span class='ocrx_word' id='word_1_553' title='bbox 3424 2958 3537 3010; x_wconf 86' lang='grc' dir='ltr'>οὐκ</span> <span class='ocrx_word' id='word_1_554' title='bbox 3564 2955 3768 3011; x_wconf 79' lang='grc' dir='ltr'>οἴδατε</span> 
     </span>
    </p>
   </div>
   <div class='ocr_carea' id='block_1_71' title="bbox 2166 3042 3767 3118">
    <p class='ocr_par' dir='ltr' id='par_1_71' title="bbox 2166 3042 3767 3118">
     <span class='ocr_line' id='line_1_71' title="bbox 2166 3042 3767 3118; baseline -0.004 -15"><span class='ocrx_word' id='word_1_555' title='bbox 2166 3050 2308 3116; x_wconf 78' lang='grc' dir='ltr'>ποίᾳ</span> <span class='ocrx_word' id='word_1_556' title='bbox 2330 3049 2452 3118; x_wconf 77' lang='grc' dir='ltr'>ὥρῃ</span> <span class='ocrx_word' id='word_1_557' title='bbox 2482 3053 2514 3104; x_wconf 81' lang='grc' dir='ltr'><em>ὁ</em></span> <span class='ocrx_word' id='word_1_558' title='bbox 2536 3049 2806 3115; x_wconf 81' lang='grc' dir='ltr'>κλέπτης</span> <span class='ocrx_word' id='word_1_559' title='bbox 2826 3048 3065 3116; x_wconf 76' lang='grc' dir='ltr'>ἔρχεται</span> <span class='ocrx_word' id='word_1_560' title='bbox 3086 3062 3098 3076; x_wconf 86' lang='grc'><em>’</em></span> <span class='ocrx_word' id='word_1_561' title='bbox 3122 3045 3214 3100; x_wconf 84' lang='grc' dir='ltr'>τὸν</span> <span class='ocrx_word' id='word_1_562' title='bbox 3247 3046 3476 3099; x_wconf 87' lang='grc' dir='ltr'>θάνατον</span> <span class='ocrx_word' id='word_1_563' title='bbox 3499 3042 3644 3098; x_wconf 74' lang='grc' dir='ltr'>οὕτω</span> <span class='ocrx_word' id='word_1_564' title='bbox 3668 3062 3767 3098; x_wconf 89' lang='grc' dir='ltr'>κα-</span> 
     </span>
    </p>
   </div>
   <div class='ocr_carea' id='block_1_72' title="bbox 2164 3134 3766 3211">
    <p class='ocr_par' dir='ltr' id='par_1_72' title="bbox 2164 3134 3766 3211">
     <span class='ocr_line' id='line_1_72' title="bbox 2164 3134 3766 3211; baseline -0.004 -19"><span class='ocrx_word' id='word_1_565' title='bbox 2164 3140 2295 3195; x_wconf 82' lang='grc' dir='ltr'>λῶν.</span> <span class='ocrx_word' id='word_1_566' title='bbox 2342 3141 2480 3211; x_wconf 72' lang='grc' dir='ltr'>[Ιρὶν</span> <span class='ocrx_word' id='word_1_567' title='bbox 2523 3137 2771 3208; x_wconf 79' lang='grc' dir='ltr'>ἢτοίνυν</span> <span class='ocrx_word' id='word_1_568' title='bbox 2799 3135 2949 3210; x_wconf 74' lang='grc' dir='ltr'>ἔλθῃ.</span> <span class='ocrx_word' id='word_1_569' title='bbox 3000 3137 3181 3189; x_wconf 88' lang='grc' dir='ltr'>πάντα</span> <span class='ocrx_word' id='word_1_570' title='bbox 3212 3134 3640 3204; x_wconf 88' lang='grc' dir='ltr'>ἀποπέμπωμεν</span> <span class='ocrx_word' id='word_1_571' title='bbox 3684 3134 3766 3196; x_wconf 89' lang='grc' dir='ltr'>εἰς</span> 
     </span>
    </p>
   </div>
   <div class='ocr_carea' id='block_1_73' title="bbox 2163 3215 3762 3300">
    <p class='ocr_par' dir='ltr' id='par_1_73' title="bbox 2163 3215 3762 3300">
     <span class='ocr_line' id='line_1_73' title="bbox 2163 3215 3762 3300; baseline -0.004 -19"><span class='ocrx_word' id='word_1_572' title='bbox 2163 3229 2262 3300; x_wconf 80' lang='grc' dir='ltr'>τὴν</span> <span class='ocrx_word' id='word_1_573' title='bbox 2305 3228 2541 3299; x_wconf 88' lang='grc' dir='ltr'>πατρίδα</span> <span class='ocrx_word' id='word_1_574' title='bbox 2578 3226 2680 3297; x_wconf 82' lang='grc' dir='ltr'>τὴν</span> <span class='ocrx_word' id='word_1_575' title='bbox 2724 3224 3023 3296; x_wconf 80' lang='grc' dir='ltr'>ἡμετέραν.</span> <span class='ocrx_word' id='word_1_576' title='bbox 3062 3217 3191 3275; x_wconf 78' lang='grc' dir='ltr'>Ὧδε</span> <span class='ocrx_word' id='word_1_577' title='bbox 3228 3221 3284 3274; x_wconf 85' lang='grc' dir='ltr'>δέ</span> <span class='ocrx_word' id='word_1_578' title='bbox 3314 3220 3541 3300; x_wconf 78' lang='grc' dir='ltr'>εῦζωνοι</span> <span class='ocrx_word' id='word_1_579' title='bbox 3590 3215 3762 3291; x_wconf 83' lang='grc' dir='ltr'>ὦμεν,</span> 
     </span>
    </p>
   </div>
   <div class='ocr_carea' id='block_1_74' title="bbox 2166 3298 3764 3381">
    <p class='ocr_par' dir='ltr' id='par_1_74' title="bbox 2166 3298 3764 3381">
     <span class='ocr_line' id='line_1_74' title="bbox 2166 3298 3764 3381; baseline -0.006 -16"><span class='ocrx_word' id='word_1_580' title='bbox 2166 3298 2253 3366; x_wconf 76' lang='grc' dir='ltr'>ἵνα</span> <span class='ocrx_word' id='word_1_581' title='bbox 2279 3298 2599 3381; x_wconf 82' lang='grc' dir='ltr'>δυνηθῶμεν</span> <span class='ocrx_word' id='word_1_582' title='bbox 2624 3307 3011 3380; x_wconf 82' lang='grc' dir='ltr'>περιγενέσθαι</span> <span class='ocrx_word' id='word_1_583' title='bbox 3040 3306 3148 3360; x_wconf 88' lang='grc' dir='ltr'>τῶν</span> <span class='ocrx_word' id='word_1_584' title='bbox 3175 3304 3386 3375; x_wconf 82' lang='grc' dir='ltr'>ἐχθρῶν</span> <span class='ocrx_word' id='word_1_585' title='bbox 3408 3319 3421 3333; x_wconf 73' lang='grc'><strong><em>⁸</em></strong></span> <span class='ocrx_word' id='word_1_586' title='bbox 3451 3298 3527 3357; x_wconf 83' lang='grc' dir='ltr'>ὧν</span> <span class='ocrx_word' id='word_1_587' title='bbox 3549 3303 3764 3371; x_wconf 87' lang='grc' dir='ltr'>γένοιτο</span> 
     </span>
    </p>
   </div>
   <div class='ocr_carea' id='block_1_75' title="bbox 2164 3382 3763 3470">
    <p class='ocr_par' dir='ltr' id='par_1_75' title="bbox 2164 3382 3763 3470">
     <span class='ocr_line' id='line_1_75' title="bbox 2164 3382 3763 3470; baseline -0.005 -18"><span class='ocrx_word' id='word_1_588' title='bbox 2164 3400 2591 3470; x_wconf 86' lang='grc' dir='ltr'>περιγεγονότας</span> <span class='ocrx_word' id='word_1_589' title='bbox 2614 3399 2761 3469; x_wconf 82' lang='grc' dir='ltr'>ἡμᾶς</span> <span class='ocrx_word' id='word_1_590' title='bbox 2776 3382 2934 3449; x_wconf 59' lang='grc' dir='ltr'>’κατά</span> <span class='ocrx_word' id='word_1_591' title='bbox 2975 3395 3075 3463; x_wconf 86' lang='grc' dir='ltr'>τὴν</span> <span class='ocrx_word' id='word_1_592' title='bbox 3101 3394 3315 3465; x_wconf 73' lang='grc' dir='ltr'>ἡμέραν</span> <span class='ocrx_word' id='word_1_593' title='bbox 3341 3392 3449 3445; x_wconf 86' lang='grc' dir='ltr'>τῶν</span> <span class='ocrx_word' id='word_1_594' title='bbox 3478 3390 3763 3463; x_wconf 86' lang='grc' dir='ltr'>στεφάνων</span> 
     </span>
    </p>
   </div>
   <div class='ocr_carea' id='block_1_76' title="bbox 2162 3479 3763 3558">
    <p class='ocr_par' dir='ltr' id='par_1_76' title="bbox 2162 3479 3763 3558">
     <span class='ocr_line' id='line_1_76' title="bbox 2162 3479 3763 3558; baseline -0.004 -19"><span class='ocrx_word' id='word_1_595' title='bbox 2162 3489 2264 3558; x_wconf 81' lang='grc' dir='ltr'>τῆς</span> <span class='ocrx_word' id='word_1_596' title='bbox 2297 3488 2577 3558; x_wconf 72' lang='grc' dir='ltr'>ἀφθάρτου</span> <span class='ocrx_word' id='word_1_597' title='bbox 2600 3486 2757 3555; x_wconf 81' lang='grc' dir='ltr'>δόξης</span> <span class='ocrx_word' id='word_1_598' title='bbox 2780 3484 3098 3554; x_wconf 80' lang='grc' dir='ltr'>ἀξιωθῆναι,</span> <span class='ocrx_word' id='word_1_599' title='bbox 3128 3483 3315 3553; x_wconf 81' lang='grc' dir='ltr'>χάριτι</span> <span class='ocrx_word' id='word_1_600' title='bbox 3336 3482 3432 3536; x_wconf 73' lang='grc' dir='ltr'>καὶ</span> <span class='ocrx_word' id='word_1_601' title='bbox 3452 3479 3763 3553; x_wconf 82' lang='grc' dir='ltr'>φιλανθρω-</span> 
     </span>
    </p>
   </div>
   <div class='ocr_carea' id='block_1_77' title="bbox 2165 3566 3759 3649">
    <p class='ocr_par' dir='ltr' id='par_1_77' title="bbox 2165 3566 3759 3649">
     <span class='ocr_line' id='line_1_77' title="bbox 2165 3566 3759 3649; baseline -0.004 -19"><span class='ocrx_word' id='word_1_602' title='bbox 2165 3580 2265 3649; x_wconf 69' lang='grc' dir='ltr'>πία</span> <span class='ocrx_word' id='word_1_603' title='bbox 2316 3577 2410 3630; x_wconf 86' lang='grc' dir='ltr'>τοῦ</span> <span class='ocrx_word' id='word_1_604' title='bbox 2467 3576 2672 3646; x_wconf 78' lang='grc' dir='ltr'>Κυρίου</span> <span class='ocrx_word' id='word_1_605' title='bbox 2719 3574 2879 3646; x_wconf 75' lang='grc' dir='ltr'>ἡμῶν</span> <span class='ocrx_word' id='word_1_606' title='bbox 2923 3572 3098 3644; x_wconf 81' lang='grc' dir='ltr'>Ἰησοῦ</span> <span class='ocrx_word' id='word_1_607' title='bbox 3140 3572 3403 3641; x_wconf 86' lang='grc' dir='ltr'>Χριστοῦ,</span> <span class='ocrx_word' id='word_1_608' title='bbox 3443 3570 3562 3642; x_wconf 77' lang='grc' dir='ltr'>μεθ’</span> <span class='ocrx_word' id='word_1_609' title='bbox 3590 3566 3653 3637; x_wconf 70' lang='grc' dir='ltr'>οὗ</span> <span class='ocrx_word' id='word_1_610' title='bbox 3681 3568 3759 3640; x_wconf 80' lang='grc' dir='ltr'>τῷ</span> 
     </span>
    </p>
   </div>
   <div class='ocr_carea' id='block_1_78' title="bbox 2165 3660 3490 3737">
    <p class='ocr_par' dir='ltr' id='par_1_78' title="bbox 2165 3660 3490 3737">
     <span class='ocr_line' id='line_1_78' title="bbox 2165 3660 3490 3737; baseline -0.005 -17"><span class='ocrx_word' id='word_1_611' title='bbox 2165 3668 2340 3737; x_wconf 73' lang='grc' dir='ltr'>Πατρὶ</span> <span class='ocrx_word' id='word_1_612' title='bbox 2369 3666 2485 3736; x_wconf 74' lang='grc' dir='ltr'>ἅμα</span> <span class='ocrx_word' id='word_1_613' title='bbox 2519 3664 2598 3734; x_wconf 82' lang='grc' dir='ltr'>τῷ</span> <span class='ocrx_word' id='word_1_614' title='bbox 2625 3662 2766 3734; x_wconf 84' lang='grc' dir='ltr'>ἁγίῳ</span> <span class='ocrx_word' id='word_1_615' title='bbox 2800 3661 3101 3732; x_wconf 86' lang='grc' dir='ltr'>Πνεύματι,</span> <span class='ocrx_word' id='word_1_616' title='bbox 3128 3661 3224 3714; x_wconf 73' lang='grc' dir='ltr'>καὶ</span> <span class='ocrx_word' id='word_1_617' title='bbox 3252 3661 3320 3715; x_wconf 83' lang='grc' dir='ltr'>τά</span> <span class='ocrx_word' id='word_1_618' title='bbox 3342 3660 3490 3730; x_wconf 75' lang='grc' dir='ltr'>ἑξῆς.</span> 
     </span>
    </p>
   </div>
   <div class='ocr_carea' id='block_1_79' title="bbox 473 3880 3729 3911">
    <p class='ocr_par' dir='ltr' id='par_1_79' title="bbox 473 3880 3729 3911">
     <span class='ocr_line' id='line_1_79' title="bbox 473 3880 3729 3911; baseline -0.001 -8"><span class='ocrx_word' id='word_1_619' title='bbox 473 3880 3729 3911; x_wconf 66' lang='lat' dir='ltr'>WW-</span> 
     </span>
    </p>
   </div>
   <div class='ocr_carea' id='block_1_80' title="bbox 1906 4030 2318 4084">
    <p class='ocr_par' dir='ltr' id='par_1_80' title="bbox 1906 4030 2318 4084">
     <span class='ocr_line' id='line_1_80' title="bbox 1906 4030 2318 4084; baseline -0.01 0"><span class='ocrx_word' id='word_1_620' title='bbox 1906 4030 2149 4084; x_wconf 80' lang='grc' dir='ltr'>ΟΜΙΛΙΑ</span> <span class='ocrx_word' id='word_1_621' title='bbox 2191 4030 2318 4081; x_wconf 79' lang='lat' dir='ltr'><strong>KA&#39;.</strong></span> 
     </span>
    </p>
   </div>
   <div class='ocr_carea' id='block_1_81' title="bbox 452 4134 2051 4213">
    <p class='ocr_par' dir='ltr' id='par_1_81' title="bbox 452 4134 2051 4213">
     <span class='ocr_line' id='line_1_81' title="bbox 452 4134 2051 4213; baseline 0.002 -19"><span class='ocrx_word' id='word_1_622' title='bbox 452 4137 647 4206; x_wconf 83' lang='grc' dir='ltr'>Στῆτε</span> <span class='ocrx_word' id='word_1_623' title='bbox 685 4134 804 4194; x_wconf 87' lang='grc' dir='ltr'>οὖν</span> <span class='ocrx_word' id='word_1_624' title='bbox 851 4137 1319 4210; x_wconf 72' lang='grc' dir='ltr'>περιζωσάμενοι</span> <span class='ocrx_word' id='word_1_625' title='bbox 1365 4140 1483 4210; x_wconf 77' lang='grc' dir='ltr'>τὴν</span> <span class='ocrx_word' id='word_1_626' title='bbox 1532 4144 1737 4213; x_wconf 73' lang='grc' dir='ltr'>ὀσφὺν</span> <span class='ocrx_word' id='word_1_627' title='bbox 1774 4142 1945 4213; x_wconf 81' lang='grc' dir='ltr'>ὑμῶν</span> <span class='ocrx_word' id='word_1_628' title='bbox 1980 4144 2051 4197; x_wconf 81' lang='grc' dir='ltr'>ἐν</span> 
     </span>
    </p>
   </div>
   <div class='ocr_carea' id='block_1_82' title="bbox 522 4227 2051 4301">
    <p class='ocr_par' dir='ltr' id='par_1_82' title="bbox 522 4227 2051 4301">
     <span class='ocr_line' id='line_1_82' title="bbox 522 4227 2051 4301; baseline 0.002 -19"><span class='ocrx_word' id='word_1_629' title='bbox 522 4229 819 4297; x_wconf 80' lang='grc' dir='ltr'>ἀληθείᾳ,</span> <span class='ocrx_word' id='word_1_630' title='bbox 873 4228 971 4281; x_wconf 81' lang='grc' dir='ltr'>καὶ</span> <span class='ocrx_word' id='word_1_631' title='bbox 1015 4227 1425 4299; x_wconf 75' lang='grc' dir='ltr'>ἐνδυσάμενοι</span> <span class='ocrx_word' id='word_1_632' title='bbox 1480 4230 1588 4285; x_wconf 83' lang='grc' dir='ltr'>τὸν</span> <span class='ocrx_word' id='word_1_633' title='bbox 1640 4229 1876 4301; x_wconf 84' lang='grc' dir='ltr'>θώρακα</span> <span class='ocrx_word' id='word_1_634' title='bbox 1938 4231 2051 4300; x_wconf 82' lang='grc' dir='ltr'>τῆς</span> 
     </span>
    </p>
   </div>
   <div class='ocr_carea' id='block_1_83' title="bbox 522 4314 2051 4388">
    <p class='ocr_par' dir='ltr' id='par_1_83' title="bbox 522 4314 2051 4388">
     <span class='ocr_line' id='line_1_83' title="bbox 522 4314 2051 4388; baseline 0.001 -19"><span class='ocrx_word' id='word_1_635' title='bbox 522 4315 947 4383; x_wconf 82' lang='grc' dir='ltr'>δικαιοσύνης,</span> <span class='ocrx_word' id='word_1_636' title='bbox 988 4314 1089 4369; x_wconf 79' lang='grc' dir='ltr'>καὶ</span> <span class='ocrx_word' id='word_1_637' title='bbox 1122 4315 1579 4388; x_wconf 77' lang='grc' dir='ltr'>ὑποδησάμενοι</span> <span class='ocrx_word' id='word_1_638' title='bbox 1602 4318 1744 4386; x_wconf 85' lang='grc' dir='ltr'>τοὺς</span> <span class='ocrx_word' id='word_1_639' title='bbox 1768 4318 1960 4384; x_wconf 86' lang='grc' dir='ltr'>πόδας</span> <span class='ocrx_word' id='word_1_640' title='bbox 1981 4319 2051 4372; x_wconf 82' lang='grc' dir='ltr'>ἐν</span> 
     </span>
    </p>
   </div>
   <div class='ocr_carea' id='block_1_84' title="bbox 524 4402 2049 4474">
    <p class='ocr_par' dir='ltr' id='par_1_84' title="bbox 524 4402 2049 4474">
     <span class='ocr_line' id='line_1_84' title="bbox 524 4402 2049 4474; baseline 0.003 -19"><span class='ocrx_word' id='word_1_641' title='bbox 524 4404 844 4473; x_wconf 76' lang='grc' dir='ltr'>ἑτοιμασίᾳ</span> <span class='ocrx_word' id='word_1_642' title='bbox 898 4402 1005 4457; x_wconf 86' lang='grc' dir='ltr'>τοῦ</span> <span class='ocrx_word' id='word_1_643' title='bbox 1054 4403 1431 4474; x_wconf 75' lang='grc' dir='ltr'>Εὐαγγελίου</span> <span class='ocrx_word' id='word_1_644' title='bbox 1469 4402 1579 4473; x_wconf 86' lang='grc' dir='ltr'>τῆς</span> <span class='ocrx_word' id='word_1_645' title='bbox 1632 4403 1897 4473; x_wconf 74' lang='grc' dir='ltr'>εἰρήνης,</span> <span class='ocrx_word' id='word_1_646' title='bbox 1948 4405 2049 4459; x_wconf 72' lang='grc' dir='ltr'>ἐπὶ</span> 
     </span>
    </p>
   </div>
   <div class='ocr_carea' id='block_1_85' title="bbox 524 4491 2047 4562">
    <p class='ocr_par' dir='ltr' id='par_1_85' title="bbox 524 4491 2047 4562">
     <span class='ocr_line' id='line_1_85' title="bbox 524 4491 2047 4562; baseline 0.001 -17"><span class='ocrx_word' id='word_1_647' title='bbox 524 4491 723 4547; x_wconf 78' lang='grc' dir='ltr'>πᾶσιν</span> <span class='ocrx_word' id='word_1_648' title='bbox 749 4492 1168 4558; x_wconf 76' lang='grc' dir='ltr'>ἀναλαϐόντες</span> <span class='ocrx_word' id='word_1_649' title='bbox 1214 4491 1323 4546; x_wconf 84' lang='grc' dir='ltr'>τὸν</span> <span class='ocrx_word' id='word_1_650' title='bbox 1356 4492 1575 4561; x_wconf 82' lang='grc' dir='ltr'>θυρεὸν</span> <span class='ocrx_word' id='word_1_651' title='bbox 1609 4492 1722 4562; x_wconf 86' lang='grc' dir='ltr'>τῆς</span> <span class='ocrx_word' id='word_1_652' title='bbox 1763 4494 2047 4559; x_wconf 83' lang='grc' dir='ltr'>πίστεως,</span> 
     </span>
    </p>
   </div>
   <div class='ocr_carea' id='block_1_86' title="bbox 521 4574 2045 4650">
    <p class='ocr_par' dir='ltr' id='par_1_86' title="bbox 521 4574 2045 4650">
     <span class='ocr_line' id='line_1_86' title="bbox 521 4574 2045 4650; baseline 0.001 -17"><span class='ocrx_word' id='word_1_653' title='bbox 521 4580 594 4633; x_wconf 86' lang='grc' dir='ltr'>ὲν</span> <span class='ocrx_word' id='word_1_654' title='bbox 614 4574 664 4647; x_wconf 84' lang='grc' dir='ltr'>ᾧ</span> <span class='ocrx_word' id='word_1_655' title='bbox 698 4578 1053 4648; x_wconf 78' lang='grc' dir='ltr'>δυνήσεσθε</span> <span class='ocrx_word' id='word_1_656' title='bbox 1098 4578 1299 4633; x_wconf 81' lang='grc' dir='ltr'>πάντα</span> <span class='ocrx_word' id='word_1_657' title='bbox 1330 4579 1404 4633; x_wconf 87' lang='grc' dir='ltr'>τὰ</span> <span class='ocrx_word' id='word_1_658' title='bbox 1427 4580 1589 4649; x_wconf 83' lang='grc' dir='ltr'>,ϐέλη</span> <span class='ocrx_word' id='word_1_659' title='bbox 1619 4581 1727 4636; x_wconf 84' lang='grc' dir='ltr'>τοῦ</span> <span class='ocrx_word' id='word_1_660' title='bbox 1768 4581 2045 4650; x_wconf 86' lang='grc' dir='ltr'>Πονηροῡ</span> 
     </span>
    </p>
   </div>
   <div class='ocr_carea' id='block_1_87' title="bbox 524 4666 2046 4737">
    <p class='ocr_par' dir='ltr' id='par_1_87' title="bbox 524 4666 2046 4737">
     <span class='ocr_line' id='line_1_87' title="bbox 524 4666 2046 4737; baseline 0 -16"><span class='ocrx_word' id='word_1_661' title='bbox 524 4667 598 4721; x_wconf 82' lang='grc' dir='ltr'>τὰ</span> <span class='ocrx_word' id='word_1_662' title='bbox 628 4666 1030 4737; x_wconf 68' lang='grc' dir='ltr'>πεπιφωμένα</span> <span class='ocrx_word' id='word_1_663' title='bbox 1048 4668 1291 4732; x_wconf 78' lang='grc' dir='ltr'>σϐέσαι,</span> <span class='ocrx_word' id='word_1_664' title='bbox 1316 4667 1414 4724; x_wconf 79' lang='grc' dir='ltr'>καὶ</span> <span class='ocrx_word' id='word_1_665' title='bbox 1437 4667 1553 4735; x_wconf 77' lang='grc' dir='ltr'>τὴν</span> <span class='ocrx_word' id='word_1_666' title='bbox 1571 4670 2046 4737; x_wconf 62' lang='grc' dir='ltr'>περικεφαλαίαν</span> 
     </span>
    </p>
   </div>
   <div class='ocr_carea' id='block_1_88' title="bbox 519 4754 2045 4829">
    <p class='ocr_par' dir='ltr' id='par_1_88' title="bbox 519 4754 2045 4829">
     <span class='ocr_line' id='line_1_88' title="bbox 519 4754 2045 4829; baseline 0.001 -20"><span class='ocrx_word' id='word_1_667' title='bbox 519 4754 630 4810; x_wconf 82' lang='grc' dir='ltr'>τοῦ</span> <span class='ocrx_word' id='word_1_668' title='bbox 660 4757 961 4823; x_wconf 83' lang='grc' dir='ltr'>σωτηρίου</span> <span class='ocrx_word' id='word_1_669' title='bbox 989 4754 1281 4821; x_wconf 81' lang='grc' dir='ltr'>δέξασθε,</span> <span class='ocrx_word' id='word_1_670' title='bbox 1317 4754 1415 4811; x_wconf 75' lang='grc' dir='ltr'>καί</span> <span class='ocrx_word' id='word_1_671' title='bbox 1450 4755 1565 4823; x_wconf 84' lang='grc' dir='ltr'>τὴν</span> <span class='ocrx_word' id='word_1_672' title='bbox 1597 4756 1904 4829; x_wconf 81' lang='grc' dir='ltr'>μάχαιραν</span> <span class='ocrx_word' id='word_1_673' title='bbox 1936 4755 2045 4811; x_wconf 88' lang='grc' dir='ltr'>τοῦ</span> 
     </span>
    </p>
   </div>
   <div class='ocr_carea' id='block_1_89' title="bbox 520 4841 1518 4914">
    <p class='ocr_par' dir='ltr' id='par_1_89' title="bbox 520 4841 1518 4914">
     <span class='ocr_line' id='line_1_89' title="bbox 520 4841 1518 4914; baseline -0.002 -15"><span class='ocrx_word' id='word_1_674' title='bbox 520 4845 895 4914; x_wconf 85' lang='grc' dir='ltr'>Πνεύματος,</span> <span class='ocrx_word' id='word_1_675' title='bbox 928 4843 961 4897; x_wconf 88' lang='grc' dir='ltr'><em>ὅ</em></span> <span class='ocrx_word' id='word_1_676' title='bbox 992 4844 1125 4897; x_wconf 82' lang='grc' dir='ltr'>ἑστι</span> <span class='ocrx_word' id='word_1_677' title='bbox 1141 4842 1311 4913; x_wconf 78' lang='grc' dir='ltr'>ῥῆμα</span> <span class='ocrx_word' id='word_1_678' title='bbox 1344 4841 1518 4898; x_wconf 85' lang='grc' dir='ltr'>Θεοῦ.</span> 
     </span>
    </p>
   </div>
   <div class='ocr_carea' id='block_1_90' title="bbox 526 4946 2044 5019">
    <p class='ocr_par' dir='ltr' id='par_1_90' title="bbox 526 4946 2044 5019">
     <span class='ocr_line' id='line_1_90' title="bbox 526 4946 2044 5019; baseline 0.001 -17"><span class='ocrx_word' id='word_1_679' title='bbox 526 4955 599 5002; x_wconf 84' lang='grc' dir='ltr'>α’.</span> <span class='ocrx_word' id='word_1_680' title='bbox 634 4947 1129 5018; x_wconf 81' lang='grc' dir='ltr'>Περιζωσάμενοι,</span> <span class='ocrx_word' id='word_1_681' title='bbox 1169 4949 1324 5019; x_wconf 73' lang='grc' dir='ltr'>φησὶ,</span> <span class='ocrx_word' id='word_1_682' title='bbox 1359 4946 1478 5016; x_wconf 82' lang='grc' dir='ltr'>τὴν</span> <span class='ocrx_word' id='word_1_683' title='bbox 1522 4946 1726 5016; x_wconf 77' lang='grc' dir='ltr'>ὀσφὺν</span> <span class='ocrx_word' id='word_1_684' title='bbox 1766 4946 1935 5017; x_wconf 86' lang='grc' dir='ltr'>ὑμῶν</span> <span class='ocrx_word' id='word_1_685' title='bbox 1973 4947 2044 5003; x_wconf 81' lang='grc' dir='ltr'>ἐν</span> 
     </span>
    </p>
   </div>
   <div class='ocr_carea' id='block_1_91' title="bbox 446 5036 2045 5110">
    <p class='ocr_par' dir='ltr' id='par_1_91' title="bbox 446 5036 2045 5110">
     <span class='ocr_line' id='line_1_91' title="bbox 446 5036 2045 5110; baseline -0.002 -17"><span class='ocrx_word' id='word_1_686' title='bbox 446 5039 722 5105; x_wconf 81' lang='grc' dir='ltr'>ἀληθείᾳ.</span> <span class='ocrx_word' id='word_1_687' title='bbox 749 5038 815 5090; x_wconf 89' lang='grc' dir='ltr'>Τί</span> <span class='ocrx_word' id='word_1_688' title='bbox 835 5054 962 5091; x_wconf 79' lang='grc' dir='ltr'>ποτε</span> <span class='ocrx_word' id='word_1_689' title='bbox 987 5036 1144 5091; x_wconf 87' lang='grc' dir='ltr'>τοῦτό</span> <span class='ocrx_word' id='word_1_690' title='bbox 1163 5039 1310 5091; x_wconf 82' lang='grc' dir='ltr'>ἐστιν</span> <span class='ocrx_word' id='word_1_691' title='bbox 1332 5055 1347 5104; x_wconf 86' lang='grc'>;</span> <span class='ocrx_word' id='word_1_692' title='bbox 1366 5037 1597 5109; x_wconf 77' lang='grc' dir='ltr'>Εἴρηται</span> <span class='ocrx_word' id='word_1_693' title='bbox 1616 5038 1748 5107; x_wconf 81' lang='grc' dir='ltr'>ἡμῖν</span> <span class='ocrx_word' id='word_1_694' title='bbox 1776 5041 1835 5092; x_wconf 88' lang='grc' dir='ltr'>ἐν</span> <span class='ocrx_word' id='word_1_695' title='bbox 1851 5040 1917 5109; x_wconf 81' lang='grc' dir='ltr'>τῇ</span> <span class='ocrx_word' id='word_1_696' title='bbox 1938 5037 2045 5110; x_wconf 78' lang='grc' dir='ltr'>πρὸ</span> 
     </span>
    </p>
   </div>
   <div class='ocr_carea' id='block_1_92' title="bbox 446 5122 2044 5197">
    <p class='ocr_par' dir='ltr' id='par_1_92' title="bbox 446 5122 2044 5197">
     <span class='ocr_line' id='line_1_92' title="bbox 446 5122 2044 5197; baseline 0.001 -18"><span class='ocrx_word' id='word_1_697' title='bbox 446 5126 655 5197; x_wconf 88' lang='grc' dir='ltr'>ταύτης</span> <span class='ocrx_word' id='word_1_698' title='bbox 703 5125 961 5192; x_wconf 79' lang='grc' dir='ltr'>διαλέξει,</span> <span class='ocrx_word' id='word_1_699' title='bbox 998 5127 1081 5180; x_wconf 83' lang='grc' dir='ltr'>ὅτι</span> <span class='ocrx_word' id='word_1_700' title='bbox 1129 5126 1212 5180; x_wconf 86' lang='grc' dir='ltr'>δεῖ</span> <span class='ocrx_word' id='word_1_701' title='bbox 1248 5125 1422 5189; x_wconf 76' lang='grc' dir='ltr'>οὕτως</span> <span class='ocrx_word' id='word_1_702' title='bbox 1463 5125 1746 5190; x_wconf 78' lang='grc' dir='ltr'>εὐσταλεῖς</span> <span class='ocrx_word' id='word_1_703' title='bbox 1773 5122 1933 5193; x_wconf 83' lang='grc' dir='ltr'>εἶναι,</span> <span class='ocrx_word' id='word_1_704' title='bbox 1966 5129 2044 5190; x_wconf 85' lang='grc' dir='ltr'>ὡς</span> 
     </span>
    </p>
   </div>
   <div class='ocr_carea' id='block_1_93' title="bbox 450 5211 2045 5287">
    <p class='ocr_par' dir='ltr' id='par_1_93' title="bbox 450 5211 2045 5287">
     <span class='ocr_line' id='line_1_93' title="bbox 450 5211 2045 5287; baseline 0.001 -19"><span class='ocrx_word' id='word_1_705' title='bbox 450 5216 622 5287; x_wconf 77' lang='grc' dir='ltr'>μηδὲν</span> <span class='ocrx_word' id='word_1_706' title='bbox 653 5215 914 5287; x_wconf 82' lang='grc' dir='ltr'>ἐμπόδιον</span> <span class='ocrx_word' id='word_1_707' title='bbox 943 5211 1085 5269; x_wconf 72' lang='grc' dir='ltr'>εἶναι</span> <span class='ocrx_word' id='word_1_708' title='bbox 1114 5215 1251 5287; x_wconf 85' lang='grc' dir='ltr'>πρὸς</span> <span class='ocrx_word' id='word_1_709' title='bbox 1284 5215 1345 5269; x_wconf 85' lang='grc' dir='ltr'>τὸ</span> <span class='ocrx_word' id='word_1_710' title='bbox 1372 5215 1609 5286; x_wconf 82' lang='grc' dir='ltr'>τρέχειν.</span> <span class='ocrx_word' id='word_1_711' title='bbox 1640 5214 1749 5270; x_wconf 70' lang='grc' dir='ltr'>Καὶ</span> <span class='ocrx_word' id='word_1_712' title='bbox 1783 5215 2045 5270; x_wconf 79' lang='grc' dir='ltr'>ἐνδυσά-</span> 
     </span>
    </p>
   </div>
   <div class='ocr_carea' id='block_1_94' title="bbox 440 5302 2042 5374">
    <p class='ocr_par' dir='ltr' id='par_1_94' title="bbox 440 5302 2042 5374">
     <span class='ocr_line' id='line_1_94' title="bbox 440 5302 2042 5374; baseline 0 -16"><span class='ocrx_word' id='word_1_713' title='bbox 440 5322 635 5373; x_wconf 81' lang='grc' dir='ltr'>μενοι,</span> <span class='ocrx_word' id='word_1_714' title='bbox 669 5305 827 5374; x_wconf 73' lang='grc' dir='ltr'>ιρησὶ,</span> <span class='ocrx_word' id='word_1_715' title='bbox 858 5304 965 5357; x_wconf 83' lang='grc' dir='ltr'>τὸν</span> <span class='ocrx_word' id='word_1_716' title='bbox 994 5302 1232 5372; x_wconf 87' lang='grc' dir='ltr'>θώρακα</span> <span class='ocrx_word' id='word_1_717' title='bbox 1264 5302 1377 5372; x_wconf 85' lang='grc' dir='ltr'>τῆς</span> <span class='ocrx_word' id='word_1_718' title='bbox 1408 5303 1826 5370; x_wconf 82' lang='grc' dir='ltr'>δικαιοσύνης.</span> <span class='ocrx_word' id='word_1_719' title='bbox 1856 5304 2042 5358; x_wconf 80' lang='grc' dir='ltr'>Καθά-</span> 
     </span>
    </p>
   </div>
   <div class='ocr_carea' id='block_1_95' title="bbox 446 5376 2037 5465">
    <p class='ocr_par' dir='ltr' id='par_1_95' title="bbox 446 5376 2037 5465">
     <span class='ocr_line' id='line_1_95' title="bbox 446 5376 2037 5465; baseline 0.001 -20"><span class='ocrx_word' id='word_1_720' title='bbox 446 5409 555 5463; x_wconf 83' lang='grc' dir='ltr'>περ</span> <span class='ocrx_word' id='word_1_721' title='bbox 582 5395 609 5445; x_wconf 93' lang='lat'>6</span> <span class='ocrx_word' id='word_1_722' title='bbox 639 5390 828 5465; x_wconf 81' lang='grc' dir='ltr'>θώραξ</span> <span class='ocrx_word' id='word_1_723' title='bbox 857 5376 1100 5462; x_wconf 79' lang='grc' dir='ltr'>ἄτρωτός</span> <span class='ocrx_word' id='word_1_724' title='bbox 1127 5392 1294 5454; x_wconf 90' lang='grc' dir='ltr'>ἐστιν,</span> <span class='ocrx_word' id='word_1_725' title='bbox 1325 5389 1470 5443; x_wconf 77' lang='grc' dir='ltr'>οὕτω</span> <span class='ocrx_word' id='word_1_726' title='bbox 1499 5390 1595 5444; x_wconf 72' lang='grc' dir='ltr'>καὶ</span> <span class='ocrx_word' id='word_1_727' title='bbox 1635 5391 1668 5460; x_wconf 85' lang='grc' dir='ltr'>ὴ</span> <span class='ocrx_word' id='word_1_728' title='bbox 1699 5390 2037 5461; x_wconf 80' lang='grc' dir='ltr'>δικαιοσύνη.</span> 
     </span>
    </p>
   </div>
   <div class='ocr_carea' id='block_1_96' title="bbox 444 5476 2043 5551">
    <p class='ocr_par' dir='ltr' id='par_1_96' title="bbox 444 5476 2043 5551">
     <span class='ocr_line' id='line_1_96' title="bbox 444 5476 2043 5551; baseline -0.001 -17"><span class='ocrx_word' id='word_1_729' title='bbox 444 5480 809 5551; x_wconf 85' lang='grc' dir='ltr'>Δικαιοσύνην</span> <span class='ocrx_word' id='word_1_730' title='bbox 839 5479 897 5532; x_wconf 77' lang='grc' dir='ltr'>δὲ</span> <span class='ocrx_word' id='word_1_731' title='bbox 951 5477 1187 5532; x_wconf 85' lang='grc' dir='ltr'>ἐνταῦθα</span> <span class='ocrx_word' id='word_1_732' title='bbox 1223 5478 1316 5531; x_wconf 81' lang='grc' dir='ltr'>τὸν</span> <span class='ocrx_word' id='word_1_733' title='bbox 1370 5477 1601 5532; x_wconf 88' lang='grc' dir='ltr'>καθόλου</span> <span class='ocrx_word' id='word_1_734' title='bbox 1647 5476 1742 5530; x_wconf 78' lang='grc' dir='ltr'>καὶ</span> <span class='ocrx_word' id='word_1_735' title='bbox 1785 5478 2043 5548; x_wconf 84' lang='grc' dir='ltr'>ἐνάρετόν</span> 
     </span>
    </p>
   </div>
   <div class='ocr_carea' id='block_1_97' title="bbox 444 5565 2043 5640">
    <p class='ocr_par' dir='ltr' id='par_1_97' title="bbox 444 5565 2043 5640">
     <span class='ocr_line' id='line_1_97' title="bbox 444 5565 2043 5640; baseline -0.001 -19"><span class='ocrx_word' id='word_1_736' title='bbox 444 5587 581 5640; x_wconf 77' lang='grc' dir='ltr'>φησι</span> <span class='ocrx_word' id='word_1_737' title='bbox 613 5568 749 5639; x_wconf 87' lang='grc' dir='ltr'>βίον.</span> <span class='ocrx_word' id='word_1_738' title='bbox 793 5567 897 5621; x_wconf 83' lang='grc' dir='ltr'>Τὸν</span> <span class='ocrx_word' id='word_1_739' title='bbox 934 5565 1176 5620; x_wconf 89' lang='grc' dir='ltr'>τοιοῦτον</span> <span class='ocrx_word' id='word_1_740' title='bbox 1223 5565 1401 5629; x_wconf 75' lang='grc' dir='ltr'>οὐδεὶς</span> <span class='ocrx_word' id='word_1_741' title='bbox 1452 5565 1708 5618; x_wconf 79' lang='grc' dir='ltr'>οὐδέποτε</span> <span class='ocrx_word' id='word_1_742' title='bbox 1750 5565 2043 5636; x_wconf 88' lang='grc' dir='ltr'>δυνήσεται</span> 
     </span>
    </p>
   </div>
   <div class='ocr_carea' id='block_1_98' title="bbox 444 5652 2042 5726">
    <p class='ocr_par' dir='ltr' id='par_1_98' title="bbox 444 5652 2042 5726">
     <span class='ocr_line' id='line_1_98' title="bbox 444 5652 2042 5726; baseline -0.004 -15"><span class='ocrx_word' id='word_1_743' title='bbox 444 5657 802 5722; x_wconf 75' lang='grc' dir='ltr'>καταϐαλεῖν,</span> <span class='ocrx_word' id='word_1_744' title='bbox 825 5654 962 5708; x_wconf 81' lang='grc' dir='ltr'>ἀλλὰ</span> <span class='ocrx_word' id='word_1_745' title='bbox 991 5653 1357 5726; x_wconf 89' lang='grc' dir='ltr'>τιτρώσκουσι</span> <span class='ocrx_word' id='word_1_746' title='bbox 1400 5653 1499 5723; x_wconf 86' lang='grc' dir='ltr'>μὲν</span> <span class='ocrx_word' id='word_1_747' title='bbox 1528 5652 1734 5717; x_wconf 74' lang='grc' dir='ltr'>πολλοὶ,</span> <span class='ocrx_word' id='word_1_748' title='bbox 1763 5652 2042 5724; x_wconf 80' lang='grc' dir='ltr'>διατέμνει</span> 
     </span>
    </p>
   </div>
   <div class='ocr_carea' id='block_1_99' title="bbox 438 5739 2041 5808">
    <p class='ocr_par' dir='ltr' id='par_1_99' title="bbox 438 5739 2041 5808">
     <span class='ocr_line' id='line_1_99' title="bbox 438 5739 2041 5808; baseline -0.002 -11"><span class='ocrx_word' id='word_1_749' title='bbox 438 5743 499 5797; x_wconf 72' lang='grc' dir='ltr'>δὲ</span> <span class='ocrx_word' id='word_1_750' title='bbox 538 5744 737 5808; x_wconf 79' lang='grc' dir='ltr'>οὐδεὶς,</span> <span class='ocrx_word' id='word_1_751' title='bbox 777 5744 878 5795; x_wconf 74' lang='grc' dir='ltr'>οὐκ</span> <span class='ocrx_word' id='word_1_752' title='bbox 931 5743 1095 5805; x_wconf 79' lang='grc' dir='ltr'>αὐτὸς</span> <span class='ocrx_word' id='word_1_753' title='bbox 1135 5743 1163 5793; x_wconf 93' lang='lat'>6</span> <span class='ocrx_word' id='word_1_754' title='bbox 1189 5740 1456 5805; x_wconf 77' lang='grc' dir='ltr'>διάϐολος.</span> <span class='ocrx_word' id='word_1_755' title='bbox 1505 5741 1595 5805; x_wconf 84' lang='grc' dir='ltr'>Ὦς</span> <span class='ocrx_word' id='word_1_756' title='bbox 1630 5739 1696 5794; x_wconf 78' lang='grc' dir='ltr'>ἂν</span> <span class='ocrx_word' id='word_1_757' title='bbox 1743 5740 1893 5793; x_wconf 76' lang='grc' dir='ltr'>εἴποι</span> <span class='ocrx_word' id='word_1_758' title='bbox 1935 5759 2041 5806; x_wconf 84' lang='grc' dir='ltr'>τις,</span> 
     </span>
    </p>
   </div>
   <div class='ocr_carea' id='block_1_100' title="bbox 441 5828 2038 5905">
    <p class='ocr_par' dir='ltr' id='par_1_100' title="bbox 441 5828 2038 5905">
     <span class='ocr_line' id='line_1_100' title="bbox 441 5828 2038 5905; baseline 0 -20"><span class='ocrx_word' id='word_1_759' title='bbox 441 5832 930 5905; x_wconf 70' lang='grc' dir='ltr'>ἐνστερνισαμενοι</span> <span class='ocrx_word' id='word_1_760' title='bbox 961 5831 1027 5885; x_wconf 76' lang='grc' dir='ltr'>τὰ</span> <span class='ocrx_word' id='word_1_761' title='bbox 1066 5829 1251 5883; x_wconf 85' lang='grc' dir='ltr'>δίκαια</span> <span class='ocrx_word' id='word_1_762' title='bbox 1287 5829 1612 5899; x_wconf 79' lang='grc' dir='ltr'>πράγματα.</span> <span class='ocrx_word' id='word_1_763' title='bbox 1667 5828 1804 5901; x_wconf 80' lang='grc' dir='ltr'>Περὶ</span> <span class='ocrx_word' id='word_1_764' title='bbox 1834 5828 2038 5886; x_wconf 84' lang='grc' dir='ltr'>τούτων</span> 
     </span>
    </p>
   </div>
   <div class='ocr_carea' id='block_1_101' title="bbox 2163 4136 3753 4213">
    <p class='ocr_par' dir='ltr' id='par_1_101' title="bbox 2163 4136 3753 4213">
     <span class='ocr_line' id='line_1_101' title="bbox 2163 4136 3753 4213; baseline -0.005 -17"><span class='ocrx_word' id='word_1_765' title='bbox 2163 4142 2331 4211; x_wconf 76' lang='grc' dir='ltr'>φησὶν</span> <span class='ocrx_word' id='word_1_766' title='bbox 2354 4142 2383 4194; x_wconf 91' lang='lat'>6</span> <span class='ocrx_word' id='word_1_767' title='bbox 2403 4142 2659 4213; x_wconf 77' lang='grc' dir='ltr'>Χριστόςο</span> <span class='ocrx_word' id='word_1_768' title='bbox 2689 4140 2979 4211; x_wconf 82' lang='grc' dir='ltr'>Μακάριοι</span> <span class='ocrx_word' id='word_1_769' title='bbox 2996 4142 3052 4193; x_wconf 78' lang='grc' dir='ltr'>οι</span> <span class='ocrx_word' id='word_1_770' title='bbox 3072 4140 3395 4205; x_wconf 81' lang='grc' dir='ltr'>πεινῶντες</span> <span class='ocrx_word' id='word_1_771' title='bbox 3416 4139 3514 4192; x_wconf 69' lang='grc' dir='ltr'>καί</span> <span class='ocrx_word' id='word_1_772' title='bbox 3531 4136 3753 4206; x_wconf 70' lang='grc' dir='ltr'>διψῶν-</span> 
     </span>
    </p>
   </div>
   <div class='ocr_carea' id='block_1_102' title="bbox 2154 4224 3745 4297">
    <p class='ocr_par' dir='ltr' id='par_1_102' title="bbox 2154 4224 3745 4297">
     <span class='ocr_line' id='line_1_102' title="bbox 2154 4224 3745 4297; baseline -0.002 -15"><span class='ocrx_word' id='word_1_773' title='bbox 2154 4246 2254 4295; x_wconf 85' lang='grc' dir='ltr'>τες</span> <span class='ocrx_word' id='word_1_774' title='bbox 2288 4229 2406 4297; x_wconf 70' lang='grc' dir='ltr'>τὴν</span> <span class='ocrx_word' id='word_1_775' title='bbox 2436 4229 2858 4296; x_wconf 80' lang='grc' dir='ltr'>δικαιοσύνην,</span> <span class='ocrx_word' id='word_1_776' title='bbox 2891 4228 2982 4281; x_wconf 87' lang='grc' dir='ltr'>ὅτι</span> <span class='ocrx_word' id='word_1_777' title='bbox 3002 4227 3175 4281; x_wconf 73' lang='grc' dir='ltr'>αὐτοὶ</span> <span class='ocrx_word' id='word_1_778' title='bbox 3200 4224 3745 4297; x_wconf 75' lang='grc' dir='ltr'>χορτασθήσονται.</span> 
     </span>
    </p>
   </div>
   <div class='ocr_carea' id='block_1_103' title="bbox 2165 4313 3750 4387">
    <p class='ocr_par' dir='ltr' id='par_1_103' title="bbox 2165 4313 3750 4387">
     <span class='ocr_line' id='line_1_103' title="bbox 2165 4313 3750 4387; baseline 0.011 -23"><span class='ocrx_word' id='word_1_779' title='bbox 2165 4316 2223 4370; x_wconf 85' lang='lat'>&#39;0</span> <span class='ocrx_word' id='word_1_780' title='bbox 2249 4317 2457 4387; x_wconf 81' lang='grc' dir='ltr'>ταύτην</span> <span class='ocrx_word' id='word_1_781' title='bbox 2487 4317 2971 4386; x_wconf 84' lang='grc' dir='ltr'>ἐνστερνισάμενος</span> <span class='ocrx_word' id='word_1_782' title='bbox 3001 4313 3175 4377; x_wconf 82' lang='grc' dir='ltr'>οὕτως</span> <span class='ocrx_word' id='word_1_783' title='bbox 3209 4313 3357 4371; x_wconf 77' lang='grc' dir='ltr'>ἐστὶν</span> <span class='ocrx_word' id='word_1_784' title='bbox 3399 4313 3641 4384; x_wconf 60' lang='grc' dir='ltr'>ἰσχυρὸς.</span> <span class='ocrx_word' id='word_1_785' title='bbox 3672 4313 3750 4377; x_wconf 70' lang='grc' dir='ltr'>ὡς</span> 
     </span>
    </p>
   </div>
   <div class='ocr_carea' id='block_1_104' title="bbox 2154 4401 3747 4477">
    <p class='ocr_par' dir='ltr' id='par_1_104' title="bbox 2154 4401 3747 4477">
     <span class='ocr_line' id='line_1_104' title="bbox 2154 4401 3747 4477; baseline -0.001 -19"><span class='ocrx_word' id='word_1_786' title='bbox 2154 4405 2338 4477; x_wconf 80' lang='grc' dir='ltr'>θώραξ</span> <span class='ocrx_word' id='word_1_787' title='bbox 2361 4421 2375 4435; x_wconf 81' lang='lat'><strong><em>°</em></strong></span> <span class='ocrx_word' id='word_1_788' title='bbox 2408 4408 2436 4459; x_wconf 85' lang='lat'>6</span> <span class='ocrx_word' id='word_1_789' title='bbox 2464 4403 2707 4467; x_wconf 85' lang='grc' dir='ltr'>τοιοῦτος</span> <span class='ocrx_word' id='word_1_790' title='bbox 2732 4402 2987 4458; x_wconf 75' lang='grc' dir='ltr'>οὐδέποτε</span> <span class='ocrx_word' id='word_1_791' title='bbox 3017 4401 3426 4474; x_wconf 85' lang='grc' dir='ltr'>ὀργισθήσεται.</span> <span class='ocrx_word' id='word_1_792' title='bbox 3453 4401 3565 4457; x_wconf 73' lang='grc' dir='ltr'>Καὶ</span> <span class='ocrx_word' id='word_1_793' title='bbox 3593 4402 3747 4456; x_wconf 76' lang='grc' dir='ltr'>ὐπο-</span> 
     </span>
    </p>
   </div>
   <div class='ocr_carea' id='block_1_105' title="bbox 2149 4488 3745 4562">
    <p class='ocr_par' dir='ltr' id='par_1_105' title="bbox 2149 4488 3745 4562">
     <span class='ocr_line' id='line_1_105' title="bbox 2149 4488 3745 4562; baseline -0.001 -18"><span class='ocrx_word' id='word_1_794' title='bbox 2149 4491 2484 4562; x_wconf 83' lang='grc' dir='ltr'>δησάμενοι</span> <span class='ocrx_word' id='word_1_795' title='bbox 2516 4491 2658 4559; x_wconf 86' lang='grc' dir='ltr'>τοὺς</span> <span class='ocrx_word' id='word_1_796' title='bbox 2710 4490 2903 4555; x_wconf 76' lang='grc' dir='ltr'>πόδας</span> <span class='ocrx_word' id='word_1_797' title='bbox 2952 4492 3021 4543; x_wconf 84' lang='grc' dir='ltr'>ὲν</span> <span class='ocrx_word' id='word_1_798' title='bbox 3054 4489 3368 4559; x_wconf 74' lang='grc' dir='ltr'>ἑτοιμασίᾳ</span> <span class='ocrx_word' id='word_1_799' title='bbox 3404 4488 3510 4543; x_wconf 84' lang='grc' dir='ltr'>τοῦ</span> <span class='ocrx_word' id='word_1_800' title='bbox 3549 4491 3745 4559; x_wconf 77' lang='grc' dir='ltr'>Εὐαγ-</span> 
     </span>
    </p>
   </div>
   <div class='ocr_carea' id='block_1_106' title="bbox 2149 4576 3744 4651">
    <p class='ocr_par' dir='ltr' id='par_1_106' title="bbox 2149 4576 3744 4651">
     <span class='ocr_line' id='line_1_106' title="bbox 2149 4576 3744 4651; baseline -0.003 -17"><span class='ocrx_word' id='word_1_801' title='bbox 2149 4580 2355 4651; x_wconf 76' lang='grc' dir='ltr'>γελίου</span> <span class='ocrx_word' id='word_1_802' title='bbox 2385 4579 2495 4647; x_wconf 85' lang='grc' dir='ltr'>τῆς</span> <span class='ocrx_word' id='word_1_803' title='bbox 2519 4580 2785 4649; x_wconf 70' lang='grc' dir='ltr'>εἰρήνης.</span> <span class='ocrx_word' id='word_1_804' title='bbox 2824 4577 3231 4650; x_wconf 72' lang='grc' dir='ltr'>Ἀσαφέστερόν</span> <span class='ocrx_word' id='word_1_805' title='bbox 3264 4595 3382 4641; x_wconf 83' lang='grc' dir='ltr'>πως</span> <span class='ocrx_word' id='word_1_806' title='bbox 3409 4576 3570 4630; x_wconf 86' lang='grc' dir='ltr'>τοῦτο</span> <span class='ocrx_word' id='word_1_807' title='bbox 3592 4578 3744 4649; x_wconf 84' lang='grc' dir='ltr'>εῖρη-</span> 
     </span>
    </p>
   </div>
   <div class='ocr_carea' id='block_1_107' title="bbox 2147 4665 3739 4740">
    <p class='ocr_par' dir='ltr' id='par_1_107' title="bbox 2147 4665 3739 4740">
     <span class='ocr_line' id='line_1_107' title="bbox 2147 4665 3739 4740; baseline -0.001 -17"><span class='ocrx_word' id='word_1_808' title='bbox 2147 4687 2258 4726; x_wconf 85' lang='grc' dir='ltr'>ται.</span> <span class='ocrx_word' id='word_1_809' title='bbox 2290 4665 2475 4724; x_wconf 80' lang='grc' dir='ltr'>Τί.οὖν</span> <span class='ocrx_word' id='word_1_810' title='bbox 2519 4670 2674 4737; x_wconf 84' lang='grc' dir='ltr'>ἐστι;</span> <span class='ocrx_word' id='word_1_811' title='bbox 2710 4668 2899 4733; x_wconf 81' lang='grc' dir='ltr'>Καλάς</span> <span class='ocrx_word' id='word_1_812' title='bbox 2947 4670 3082 4740; x_wconf 76' lang='grc' dir='ltr'>ἡμῖν</span> <span class='ocrx_word' id='word_1_813' title='bbox 3135 4668 3234 4732; x_wconf 78' lang='grc' dir='ltr'>τὰς</span> <span class='ocrx_word' id='word_1_814' title='bbox 3267 4668 3538 4739; x_wconf 86' lang='grc' dir='ltr'>κνημῖδας</span> <span class='ocrx_word' id='word_1_815' title='bbox 3581 4684 3739 4739; x_wconf 87' lang='grc' dir='ltr'>περι-</span> 
     </span>
    </p>
   </div>
   <div class='ocr_carea' id='block_1_108' title="bbox 2149 4772 3741 4847">
    <p class='ocr_par' dir='ltr' id='par_1_108' title="bbox 2149 4772 3741 4847">
     <span class='ocr_line' id='line_1_108' title="bbox 2149 4772 3741 4847; baseline -0.002 -20"><span class='ocrx_word' id='word_1_816' title='bbox 2149 4775 2343 4847; x_wconf 84' lang='grc' dir='ltr'>έθηκε,</span> <span class='ocrx_word' id='word_1_817' title='bbox 2362 4776 2462 4847; x_wconf 81' lang='grc' dir='ltr'>τήν</span> <span class='ocrx_word' id='word_1_818' title='bbox 2488 4775 2582 4829; x_wconf 89' lang='grc' dir='ltr'>τοῦ</span> <span class='ocrx_word' id='word_1_819' title='bbox 2608 4774 2946 4844; x_wconf 85' lang='grc' dir='ltr'>Εύαγγελίου</span> <span class='ocrx_word' id='word_1_820' title='bbox 2972 4773 3315 4843; x_wconf 89' lang='grc' dir='ltr'>ἐτοιμασίαν.</span> <span class='ocrx_word' id='word_1_821' title='bbox 3340 4774 3410 4825; x_wconf 83' lang='grc' dir='ltr'><strong>Ἦ</strong></span> <span class='ocrx_word' id='word_1_822' title='bbox 3432 4772 3592 4829; x_wconf 84' lang='grc' dir='ltr'>τοῦτο</span> <span class='ocrx_word' id='word_1_823' title='bbox 3606 4772 3741 4841; x_wconf 86' lang='grc' dir='ltr'>γοῦν</span> 
     </span>
    </p>
   </div>
   <div class='ocr_carea' id='block_1_109' title="bbox 2149 4857 3738 4935">
    <p class='ocr_par' dir='ltr' id='par_1_109' title="bbox 2149 4857 3738 4935">
     <span class='ocr_line' id='line_1_109' title="bbox 2149 4857 3738 4935; baseline -0.002 -19"><span class='ocrx_word' id='word_1_824' title='bbox 2149 4880 2343 4934; x_wconf 82' lang='grc' dir='ltr'>φησιν,</span> <span class='ocrx_word' id='word_1_825' title='bbox 2371 4862 2515 4919; x_wconf 81' lang='grc' dir='ltr'>ὥστε</span> <span class='ocrx_word' id='word_1_826' title='bbox 2537 4862 2789 4935; x_wconf 77' lang='grc' dir='ltr'>ἑτοίμους</span> <span class='ocrx_word' id='word_1_827' title='bbox 2821 4857 2962 4916; x_wconf 68' lang='grc' dir='ltr'>εἶναι</span> <span class='ocrx_word' id='word_1_828' title='bbox 2991 4862 3128 4932; x_wconf 79' lang='grc' dir='ltr'>πρὸς</span> <span class='ocrx_word' id='word_1_829' title='bbox 3158 4860 3219 4913; x_wconf 79' lang='grc' dir='ltr'>τὸ</span> <span class='ocrx_word' id='word_1_830' title='bbox 3253 4860 3608 4928; x_wconf 75' lang='grc' dir='ltr'>Εὖαγγέλιον,</span> <span class='ocrx_word' id='word_1_831' title='bbox 3642 4863 3738 4913; x_wconf 77' lang='grc' dir='ltr'>καὶ</span> 
     </span>
    </p>
   </div>
   <div class='ocr_carea' id='block_1_110' title="bbox 2146 4948 3737 5024">
    <p class='ocr_par' dir='ltr' id='par_1_110' title="bbox 2146 4948 3737 5024">
     <span class='ocr_line' id='line_1_110' title="bbox 2146 4948 3737 5024; baseline -0.001 -21"><span class='ocrx_word' id='word_1_832' title='bbox 2146 4953 2284 5024; x_wconf 83' lang='grc' dir='ltr'>πρὸς</span> <span class='ocrx_word' id='word_1_833' title='bbox 2312 4952 2475 5007; x_wconf 88' lang='grc' dir='ltr'>τοῦτο</span> <span class='ocrx_word' id='word_1_834' title='bbox 2495 4955 2609 5017; x_wconf 86' lang='grc' dir='ltr'>τοῖς</span> <span class='ocrx_word' id='word_1_835' title='bbox 2632 4953 2761 5007; x_wconf 69' lang='grc' dir='ltr'>ποσὶ</span> <span class='ocrx_word' id='word_1_836' title='bbox 2788 4950 3116 5021; x_wconf 79' lang='grc' dir='ltr'>κεχρῆσθαι,</span> <span class='ocrx_word' id='word_1_837' title='bbox 3148 4948 3244 5000; x_wconf 72' lang='grc' dir='ltr'>καὶ</span> <span class='ocrx_word' id='word_1_838' title='bbox 3271 4949 3737 5018; x_wconf 80' lang='grc' dir='ltr'>προπαρασκευά-</span> 
     </span>
    </p>
   </div>
   <div class='ocr_carea' id='block_1_111' title="bbox 2146 5037 3734 5113">
    <p class='ocr_par' dir='ltr' id='par_1_111' title="bbox 2146 5037 3734 5113">
     <span class='ocr_line' id='line_1_111' title="bbox 2146 5037 3734 5113; baseline -0.002 -19"><span class='ocrx_word' id='word_1_839' title='bbox 2146 5042 2259 5107; x_wconf 88' lang='grc' dir='ltr'>ζειν</span> <span class='ocrx_word' id='word_1_840' title='bbox 2284 5041 2450 5095; x_wconf 84' lang='grc' dir='ltr'>αὐτοῦ</span> <span class='ocrx_word' id='word_1_841' title='bbox 2495 5042 2616 5096; x_wconf 83' lang='grc' dir='ltr'>ὁδὸν</span> <span class='ocrx_word' id='word_1_842' title='bbox 2651 5043 2745 5095; x_wconf 72' lang='grc' dir='ltr'>καὶ</span> <span class='ocrx_word' id='word_1_843' title='bbox 2784 5039 3211 5113; x_wconf 84' lang='grc' dir='ltr'>προετοιμάζειν</span> <span class='ocrx_word' id='word_1_844' title='bbox 3234 5054 3247 5067; x_wconf 84' lang='lat'><strong><em>°</em></strong></span> <span class='ocrx_word' id='word_1_845' title='bbox 3294 5037 3327 5109; x_wconf 86' lang='grc' dir='ltr'>ἢ</span> <span class='ocrx_word' id='word_1_846' title='bbox 3358 5040 3405 5090; x_wconf 77' lang='grc' dir='ltr'>εί</span> <span class='ocrx_word' id='word_1_847' title='bbox 3441 5037 3517 5109; x_wconf 86' lang='grc' dir='ltr'>μὴ</span> <span class='ocrx_word' id='word_1_848' title='bbox 3557 5037 3734 5101; x_wconf 86' lang='grc' dir='ltr'>τοῦτο,</span> 
     </span>
    </p>
   </div>
   <div class='ocr_carea' id='block_1_112' title="bbox 2144 5122 3731 5198">
    <p class='ocr_par' dir='ltr' id='par_1_112' title="bbox 2144 5122 3731 5198">
     <span class='ocr_line' id='line_1_112' title="bbox 2144 5122 3731 5198; baseline -0.002 -15"><span class='ocrx_word' id='word_1_849' title='bbox 2144 5128 2259 5183; x_wconf 86' lang='grc' dir='ltr'>ἀλλ’</span> <span class='ocrx_word' id='word_1_850' title='bbox 2286 5128 2429 5182; x_wconf 82' lang='grc' dir='ltr'>ὥστε</span> <span class='ocrx_word' id='word_1_851' title='bbox 2479 5128 2680 5192; x_wconf 83' lang='grc' dir='ltr'>αὐτοὺς</span> <span class='ocrx_word' id='word_1_852' title='bbox 2710 5128 2965 5195; x_wconf 87' lang='grc' dir='ltr'>ἐτοίμους</span> <span class='ocrx_word' id='word_1_853' title='bbox 3014 5122 3153 5179; x_wconf 74' lang='grc' dir='ltr'>εἶναι</span> <span class='ocrx_word' id='word_1_854' title='bbox 3197 5126 3334 5198; x_wconf 71' lang='grc' dir='ltr'>πρὸς</span> <span class='ocrx_word' id='word_1_855' title='bbox 3380 5126 3479 5197; x_wconf 78' lang='grc' dir='ltr'>τὴν</span> <span class='ocrx_word' id='word_1_856' title='bbox 3533 5125 3731 5190; x_wconf 77' lang='grc' dir='ltr'>ἔξοδον.</span> 
     </span>
    </p>
   </div>
   <div class='ocr_carea' id='block_1_113' title="bbox 2157 5213 3735 5285">
    <p class='ocr_par' dir='ltr' id='par_1_113' title="bbox 2157 5213 3735 5285">
     <span class='ocr_line' id='line_1_113' title="bbox 2157 5213 3735 5285; baseline -0.001 -16"><span class='ocrx_word' id='word_1_857' title='bbox 2157 5217 2221 5270; x_wconf 86' lang='lat' dir='ltr'>&#39;H</span> <span class='ocrx_word' id='word_1_858' title='bbox 2266 5216 2447 5269; x_wconf 87' lang='grc' dir='ltr'>τοίνυν</span> <span class='ocrx_word' id='word_1_859' title='bbox 2500 5213 2796 5285; x_wconf 85' lang='grc' dir='ltr'>ἐτοιμασία</span> <span class='ocrx_word' id='word_1_860' title='bbox 2848 5213 2942 5267; x_wconf 90' lang='grc' dir='ltr'>τοῦ</span> <span class='ocrx_word' id='word_1_861' title='bbox 2994 5214 3330 5284; x_wconf 85' lang='grc' dir='ltr'>Εύαγγελίου</span> <span class='ocrx_word' id='word_1_862' title='bbox 3361 5215 3461 5268; x_wconf 83' lang='grc' dir='ltr'>οῦκ</span> <span class='ocrx_word' id='word_1_863' title='bbox 3511 5214 3639 5267; x_wconf 85' lang='grc' dir='ltr'>ἄλλο</span> <span class='ocrx_word' id='word_1_864' title='bbox 3683 5216 3735 5268; x_wconf 87' lang='grc' dir='ltr'>τί</span> 
     </span>
    </p>
   </div>
   <div class='ocr_carea' id='block_1_114' title="bbox 2144 5302 3732 5374">
    <p class='ocr_par' dir='ltr' id='par_1_114' title="bbox 2144 5302 3732 5374">
     <span class='ocr_line' id='line_1_114' title="bbox 2144 5302 3732 5374; baseline -0.001 -17"><span class='ocrx_word' id='word_1_865' title='bbox 2144 5306 2313 5370; x_wconf 79' lang='grc' dir='ltr'>ἐστιν,</span> <span class='ocrx_word' id='word_1_866' title='bbox 2341 5304 2508 5374; x_wconf 82' lang='grc' dir='ltr'>ἀλλ’ἢ</span> <span class='ocrx_word' id='word_1_867' title='bbox 2536 5302 2648 5372; x_wconf 85' lang='grc' dir='ltr'>βίος</span> <span class='ocrx_word' id='word_1_868' title='bbox 2674 5304 2915 5372; x_wconf 79' lang='grc' dir='ltr'>ἀριστος.</span> <span class='ocrx_word' id='word_1_869' title='bbox 2946 5304 3120 5374; x_wconf 85' lang='grc' dir='ltr'>Ὅπερ</span> <span class='ocrx_word' id='word_1_870' title='bbox 3152 5302 3337 5371; x_wconf 73' lang='grc' dir='ltr'>ἔλεγεν</span> <span class='ocrx_word' id='word_1_871' title='bbox 3361 5306 3388 5354; x_wconf 86' lang='lat'>6</span> <span class='ocrx_word' id='word_1_872' title='bbox 3417 5303 3732 5374; x_wconf 69' lang='grc' dir='ltr'>Προφήτης,</span> 
     </span>
    </p>
   </div>
   <div class='ocr_carea' id='block_1_115' title="bbox 2151 5388 3733 5462">
    <p class='ocr_par' dir='ltr' id='par_1_115' title="bbox 2151 5388 3733 5462">
     <span class='ocr_line' id='line_1_115' title="bbox 2151 5388 3733 5462; baseline -0.001 -16"><span class='ocrx_word' id='word_1_873' title='bbox 2151 5392 2271 5459; x_wconf 82' lang='grc' dir='ltr'>Τὴν</span> <span class='ocrx_word' id='word_1_874' title='bbox 2294 5391 2647 5462; x_wconf 85' lang='grc' dir='ltr'>ἐτοιμασίαν</span> <span class='ocrx_word' id='word_1_875' title='bbox 2684 5388 2795 5460; x_wconf 82' lang='grc' dir='ltr'>τῆς</span> <span class='ocrx_word' id='word_1_876' title='bbox 2827 5392 3073 5459; x_wconf 75' lang='grc' dir='ltr'>καρδίης</span> <span class='ocrx_word' id='word_1_877' title='bbox 3107 5390 3306 5447; x_wconf 83' lang='grc' dir='ltr'>αὐτῶν</span> <span class='ocrx_word' id='word_1_878' title='bbox 3338 5390 3647 5460; x_wconf 82' lang='grc' dir='ltr'>προσέσχε</span> <span class='ocrx_word' id='word_1_879' title='bbox 3670 5395 3733 5445; x_wconf 83' lang='grc' dir='ltr'>τὸ</span> 
     </span>
    </p>
   </div>
   <div class='ocr_carea' id='block_1_116' title="bbox 2140 5476 3735 5550">
    <p class='ocr_par' dir='ltr' id='par_1_116' title="bbox 2140 5476 3735 5550">
     <span class='ocr_line' id='line_1_116' title="bbox 2140 5476 3735 5550; baseline 0 -17"><span class='ocrx_word' id='word_1_880' title='bbox 2140 5476 2251 5547; x_wconf 87' lang='grc' dir='ltr'>οὖς</span> <span class='ocrx_word' id='word_1_881' title='bbox 2280 5496 2418 5547; x_wconf 86' lang='grc' dir='ltr'>σου,</span> <span class='ocrx_word' id='word_1_882' title='bbox 2452 5480 2722 5544; x_wconf 81' lang='grc' dir='ltr'>τουτέστι,</span> <span class='ocrx_word' id='word_1_883' title='bbox 2749 5479 2811 5532; x_wconf 75' lang='grc' dir='ltr'>τὸ</span> <span class='ocrx_word' id='word_1_884' title='bbox 2840 5480 3288 5550; x_wconf 79' lang='grc' dir='ltr'>ἐμπαράσκευον.</span> <span class='ocrx_word' id='word_1_885' title='bbox 3332 5479 3440 5533; x_wconf 85' lang='grc' dir='ltr'>Τοῦ</span> <span class='ocrx_word' id='word_1_886' title='bbox 3473 5481 3735 5549; x_wconf 71' lang='grc' dir='ltr'>Εὐάγγε-</span> 
     </span>
    </p>
   </div>
   <div class='ocr_carea' id='block_1_117' title="bbox 2139 5565 3734 5640">
    <p class='ocr_par' dir='ltr' id='par_1_117' title="bbox 2139 5565 3734 5640">
     <span class='ocr_line' id='line_1_117' title="bbox 2139 5565 3734 5640; baseline 0 -19"><span class='ocrx_word' id='word_1_887' title='bbox 2139 5570 2302 5630; x_wconf 85' lang='grc' dir='ltr'>λίου,</span> <span class='ocrx_word' id='word_1_888' title='bbox 2343 5568 2502 5638; x_wconf 79' lang='grc' dir='ltr'>φησὶ,</span> <span class='ocrx_word' id='word_1_889' title='bbox 2553 5565 2667 5636; x_wconf 77' lang='grc' dir='ltr'>τῆς</span> <span class='ocrx_word' id='word_1_890' title='bbox 2719 5566 3004 5636; x_wconf 68' lang='grc' dir='ltr'>εἰρήνης·</span> <span class='ocrx_word' id='word_1_891' title='bbox 3052 5567 3300 5631; x_wconf 75' lang='grc' dir='ltr'>εἰκότως.</span> <span class='ocrx_word' id='word_1_892' title='bbox 3366 5567 3583 5640; x_wconf 78' lang='grc' dir='ltr'>Ἐπειδὴ</span> <span class='ocrx_word' id='word_1_893' title='bbox 3625 5569 3734 5638; x_wconf 91' lang='lat'>7&amp;9</span> 
     </span>
    </p>
   </div>
   <div class='ocr_carea' id='block_1_118' title="bbox 2144 5655 3734 5728">
    <p class='ocr_par' dir='ltr' id='par_1_118' title="bbox 2144 5655 3734 5728">
     <span class='ocr_line' id='line_1_118' title="bbox 2144 5655 3734 5728; baseline -0.001 -19"><span class='ocrx_word' id='word_1_894' title='bbox 2144 5655 2388 5727; x_wconf 85' lang='grc' dir='ltr'>πολέμου</span> <span class='ocrx_word' id='word_1_895' title='bbox 2413 5656 2661 5728; x_wconf 83' lang='grc' dir='ltr'>ἐμνήσθη</span> <span class='ocrx_word' id='word_1_896' title='bbox 2678 5656 2771 5709; x_wconf 73' lang='grc' dir='ltr'>καὶ</span> <span class='ocrx_word' id='word_1_897' title='bbox 2799 5655 3001 5726; x_wconf 83' lang='grc' dir='ltr'>μάχης,</span> <span class='ocrx_word' id='word_1_898' title='bbox 3029 5655 3305 5709; x_wconf 83' lang='grc' dir='ltr'>δείκνυσιν</span> <span class='ocrx_word' id='word_1_899' title='bbox 3326 5657 3407 5709; x_wconf 84' lang='grc' dir='ltr'>ὅτι</span> <span class='ocrx_word' id='word_1_900' title='bbox 3429 5658 3528 5726; x_wconf 81' lang='grc' dir='ltr'>τὴν</span> <span class='ocrx_word' id='word_1_901' title='bbox 3553 5658 3734 5727; x_wconf 81' lang='grc' dir='ltr'>μάχην</span> 
     </span>
    </p>
   </div>
   <div class='ocr_carea' id='block_1_119' title="bbox 2140 5742 3730 5815">
    <p class='ocr_par' dir='ltr' id='par_1_119' title="bbox 2140 5742 3730 5815">
     <span class='ocr_line' id='line_1_119' title="bbox 2140 5742 3730 5815; baseline -0.001 -17"><span class='ocrx_word' id='word_1_902' title='bbox 2140 5746 2279 5814; x_wconf 85' lang='grc' dir='ltr'>πρὸς</span> <span class='ocrx_word' id='word_1_903' title='bbox 2322 5747 2447 5809; x_wconf 70' lang='grc' dir='ltr'>τοὺς</span> <span class='ocrx_word' id='word_1_904' title='bbox 2493 5744 2759 5813; x_wconf 86' lang='grc' dir='ltr'>δαίμονας</span> <span class='ocrx_word' id='word_1_905' title='bbox 2808 5742 2954 5811; x_wconf 78' lang='grc' dir='ltr'>ἔχειν</span> <span class='ocrx_word' id='word_1_906' title='bbox 2989 5742 3101 5794; x_wconf 75' lang='grc' dir='ltr'>δείο</span> <span class='ocrx_word' id='word_1_907' title='bbox 3141 5745 3202 5795; x_wconf 79' lang='grc' dir='ltr'>τὸ</span> <span class='ocrx_word' id='word_1_908' title='bbox 3234 5743 3343 5815; x_wconf 80' lang='grc' dir='ltr'>γὰρ</span> <span class='ocrx_word' id='word_1_909' title='bbox 3370 5744 3730 5812; x_wconf 80' lang='grc' dir='ltr'>Εὑαγγέλιον,</span> 
     </span>
    </p>
   </div>
   <div class='ocr_carea' id='block_1_120' title="bbox 2141 5830 3731 5911">
    <p class='ocr_par' dir='ltr' id='par_1_120' title="bbox 2141 5830 3731 5911">
     <span class='ocr_line' id='line_1_120' title="bbox 2141 5830 3731 5911; baseline 0.001 -28"><span class='ocrx_word' id='word_1_910' title='bbox 2141 5834 2367 5911; x_wconf 67' lang='grc' dir='ltr'>εἰρήνης</span> <span class='ocrx_word' id='word_1_911' title='bbox 2408 5830 2560 5904; x_wconf 71' lang='grc' dir='ltr'>ίιδΟ]</span> <span class='ocrx_word' id='word_1_912' title='bbox 2588 5832 2753 5886; x_wconf 70' lang='grc' dir='ltr'>ἐςτίν.</span> <span class='ocrx_word' id='word_1_913' title='bbox 2808 5831 3048 5894; x_wconf 80' lang='grc' dir='ltr'>Ἐκεῖνος</span> <span class='ocrx_word' id='word_1_914' title='bbox 3079 5831 3107 5883; x_wconf 88' lang='lat'>6</span> <span class='ocrx_word' id='word_1_915' title='bbox 3144 5831 3377 5902; x_wconf 88' lang='grc' dir='ltr'>πόλεμος</span> <span class='ocrx_word' id='word_1_916' title='bbox 3403 5830 3592 5902; x_wconf 71' lang='grc' dir='ltr'>ἕτερον</span> <span class='ocrx_word' id='word_1_917' title='bbox 3625 5848 3731 5884; x_wconf 62' lang='grc' dir='ltr'>κει.⁴</span> 
     </span>
    </p>
   </div>
  </div>
