4170 6494
421 446 441 494 1
454 443 526 496 Gil

413 563 577 613 etiam
610 556 780 621 ﬁdes;
826 550 1004 607 onmia
1035 549 1177 604 enim
1207 547 1256 600 ei
1283 547 1496 600 cedunt.
1532 539 1598 594 In
1625 556 1724 609 quo
1755 535 1980 607 poteritis
2000 573 2014 598 ,

415 652 591 722 inquit
611 692 625 712 ,
667 647 842 704 omnia
871 646 969 700 tela
997 641 1289 714 nequissimi
1315 641 1463 711 ignea
1500 635 1840 705 exstinguere.
1880 626 2020 683 Nihil

413 747 561 798 enim
589 747 768 812 potest
795 738 897 792 hoc
936 744 1145 791 scutum
1178 730 1502 787 discindere.
1533 725 1670 780 Audi
1699 724 1843 778 enim
1871 720 2024 774 Chri-

413 849 558 894 stum
591 836 867 891 dicentem
889 829 1170 900 discipulis
1197 845 1208 880 :
1243 826 1304 882 Si
1327 821 1554 877 habeatis
1583 820 1736 888 fidem
1766 827 2022 883 tamquam

414 946 637 1003 granum
664 927 864 995 sinapis
884 965 901 990 ,
933 922 1108 977 dicetis
1136 920 1253 972 huic
1281 916 1441 970 monti
1465 929 1484 967 :
1512 911 1700 967 Transi
1731 909 1848 962 hinc
1878 905 2021 971 illuc,

418 998 462 1082 et
491 1023 726 1079 transibit
760 1018 980 1086 (Matth.
1014 1017 1100 1070 l7.
1133 1014 1245 1084 l9).
1275 1007 1559 1080 Quomodo
1593 1017 1771 1059 autem
1805 998 2024 1054 habebi-

417 1136 539 1175 mus
568 1115 774 1171 fidem?
804 1111 1031 1182 Quando
1063 1109 1151 1163 illa
1197 1116 1344 1162 recte
1383 1101 1732 1174 gesserimus.
1775 1095 1901 1150 Tela
1932 1108 2026 1146 att-

422 1223 527 1267 tein
558 1210 676 1278 ejus
707 1208 838 1261 dicit
883 1201 1248 1264 tentationcs,
1293 1195 1658 1262 absurdasquc
1697 1197 1750 1243 ct
1793 1184 2027 1241 nefarias

420 1305 763 1374 cupiditates.
791 1301 959 1354 Recte
981 1294 1200 1360 adjecit,
1231 1290 1391 1361 Ignea
1415 1305 1433 1342 :
1466 1287 1600 1340 tales
1625 1284 1766 1338 enim
1791 1288 1913 1334 sunt
1933 1292 2028 1331 cu-

419 1372 692 1469 piditates.
724 1394 878 1462 Quod
907 1391 950 1446 si
982 1390 1116 1444 fides
1146 1383 1429 1456 imperavit
1457 1377 1822 1440 daemonibus,
1857 1372 2027 1428 multo

417 1493 590 1562 magis
611 1488 777 1543 animi
803 1486 966 1540 vitiis.
994 1482 1057 1537 Et
1087 1481 1306 1553 galeam,
1336 1476 1532 1544 inquit,
1559 1472 1740 1528 salutis
1765 1467 2025 1529 assumite,

415 1595 649 1650 vcstrze,
693 1585 948 1652 inquam,
991 1577 1203 1630 salutis.
1250 1575 1356 1628 lius
1385 1571 1527 1626 enim
1559 1563 1932 1623 circumvallat
1975 1569 2031 1614 et

420 1678 594 1732 munit
620 1677 774 1746 quasi
805 1673 1066 1727 ducturus
1092 1668 1159 1722 ad
1194 1680 1448 1736 pugnam.
1494 1660 1559 1716 Et
1586 1657 1817 1731 gladium
1873 1653 2028 1725 spiri-

420 1781 522 1832 tus,
555 1743 683 1838 quod
718 1779 792 1819 est
821 1764 1026 1818 verbum
1060 1760 1172 1813 Dei.
1204 1758 1330 1813 Sive
1370 1753 1622 1825 spiritum
1653 1749 1800 1807 dicit.
1832 1749 1944 1799 sive
1976 1743 2027 1796 in

419 1861 601 1931 gladio
628 1855 917 1928 spirituali.
948 1855 1052 1908 Per
1085 1867 1206 1906 eum
1237 1849 1380 1902 enitn
1413 1854 1664 1899 secantur
1691 1840 1869 1896 omnia
1892 1879 1906 1903 ,
1935 1853 2030 1908 per

425 1972 554 2008 eum
584 1953 758 2006 omnia
787 1949 1128 2012 scinduntur,
1155 1955 1210 2001 et
1235 1960 1328 2014 per
1357 1957 1478 1997 eum
1508 1949 1847 2008 amputamus
1872 1941 2034 2002 caput

433 2050 699 2101 draconis.
735 2045 819 2099 18.
857 2043 962 2096 Per
989 2058 1190 2096 onmem
1219 2038 1500 2092 orationem
1526 2045 1571 2089 et
1598 2032 1987 2088 obsecrationem
2015 2069 2028 2089 ,

432 2139 627 2210 inquit,
656 2147 857 2190 orantes
901 2134 1038 2187 muni
1069 2142 1292 2199 tempore
1321 2129 1374 2183 in
1402 2127 1586 2197 spiritu
1607 2167 1621 2188 ,
1653 2133 1698 2177 et
1728 2123 1782 2176 in
1810 2125 1924 2190 ipso
1953 2119 2033 2172 vi-

425 2232 670 2301 gilantes,
703 2229 754 2281 in
783 2227 922 2280 omni
947 2225 1195 2279 instantia
1227 2231 1272 2276 et
1303 2218 1652 2275 obsecratione
1677 2231 1768 2284 pro
1797 2213 2032 2268 omnibus

421 2323 640 2385 sanctis,
676 2320 764 2375 19.
794 2330 843 2372 et
872 2336 965 2389 pro
990 2334 1088 2381 me,
1118 2326 1170 2370 ut
1193 2314 1342 2368 detur
1366 2313 1490 2367 mihi
1512 2327 1677 2366 sermo
1698 2309 1752 2361 in
1773 2306 2036 2376 apertione

422 2417 528 2470 oris
569 2432 684 2469 cum
727 2413 955 2482 fiducia,
1002 2420 1179 2464 notum
1224 2411 1391 2478 facere
1421 2403 1715 2476 mysterium
1750 2398 2032 2470 evangelii,

420 2513 511 2566 20.
545 2527 638 2580 pro
679 2524 778 2576 quo
823 2505 1076 2577 legatione
1118 2502 1307 2570 fungar
1333 2500 1385 2552 in
1417 2506 1625 2559 catena,
1657 2495 1730 2548 ita
1761 2502 1813 2546 ut
1843 2493 1896 2545 in
1921 2492 2034 2560 ipso

423 2605 641 2659 audeam
674 2611 826 2672 prout
853 2607 1050 2669 Oportet
1081 2612 1162 2648 me
1191 2593 1349 2662 loqui.
1383 2592 1532 2646 Sicut
1562 2589 1652 2644 Dei
1685 2587 1907 2642 verbum
1941 2601 2035 2655 po-

426 2709 532 2751 test
557 2695 770 2759 omnia,
809 2693 879 2745 ita
907 2691 1070 2746 etiam
1109 2686 1199 2758 qui
1232 2687 1456 2756 gratiam
1488 2682 1650 2735 habet
1675 2677 2032 2749 spiritualem.

436 2789 590 2844 Vivus
619 2796 695 2842 est
723 2787 858 2840 enim
878 2826 894 2851 ,
929 2782 1102 2853 inquit
1121 2822 1134 2844 ,
1168 2794 1332 2833 sermo
1376 2775 1470 2829 Dei
1497 2784 1543 2828 et
1574 2773 1775 2843 efficax,
1808 2780 1856 2824 et
1888 2785 2039 2839 pene-

426 2883 662 2937 trabilior
683 2879 820 2933 ontui
841 2876 1016 2949 gladio
1036 2873 1249 2942 ancipiti
1279 2869 1462 2942 (Hebr.
1487 2869 1541 2922 4.
1571 2866 1656 2936 12)
1671 2908 1683 2919 .
1706 2864 1839 2920 Vide
1858 2873 2035 2918 autem

427 2979 568 3032 beati
599 2975 763 3044 hujus
791 2970 1156 3042 prudentiam.
1184 2964 1429 3021 Armavit
1457 2978 1553 3018 eos
1583 2958 1996 3031 diligentissime
2021 2973 2036 3009 :

425 3068 700 3142 quomodo
725 3075 911 3139 postea
942 3069 1193 3133 oporteat
1223 3059 1424 3130 Regem
1459 3056 1732 3117 invocare,
1767 3063 1820 3106 et
1848 3064 2040 3122 rogare

428 3174 484 3219 ut
514 3178 734 3218 manum
783 3158 1056 3229 porrigat,
1092 3154 1254 3209 docet
1283 3169 1296 3205 :
1345 3149 1451 3204 Per
1491 3163 1690 3202 onmem
1720 3146 2036 3210 orationem,

429 3256 638 3326 inquit,
667 3263 715 3308 et
749 3250 1148 3306 obsecrationem
1178 3253 1380 3300 orantes
1412 3241 1817 3310 omnitempore,
1849 3238 1901 3291 in
1929 3237 2040 3307 spi-

428 3349 554 3402 ritu.
590 3347 776 3401 Potest
801 3342 945 3398 enim
993 3339 1114 3411 quis
1151 3339 1203 3393 in
1243 3336 1434 3406 Spiritu
1467 3349 1574 3391 non
1607 3347 1794 3398 orare,
1825 3328 2042 3401 quando

431 3440 567 3495 futili
600 3439 771 3493 utitur
790 3435 1057 3492 oratione.
1079 3430 1146 3484 Et
1174 3431 1226 3484 in
1245 3430 1380 3498 ipso,
1406 3426 1599 3496 inquit,
1628 3424 1913 3496 vigilantes,
1939 3421 2044 3476 hoc

429 3544 544 3596 est,
593 3533 775 3587 sobrie
819 3537 1063 3600 agentes.
1109 3524 1290 3579 Talem
1339 3521 1483 3576 enim
1511 3527 1729 3589 Oportet
1769 3530 1890 3571 esse
1917 3529 2044 3569 eum

429 3629 520 3698 qui
549 3636 634 3681 est
662 3632 904 3679 armatus
924 3663 938 3685 ,
977 3620 1070 3692 qui
1099 3626 1206 3672 stat
1240 3615 1380 3686 apud
1413 3615 1648 3684 Regem,
1684 3624 1879 3680 nempe
1909 3607 2042 3676 vigi-

434 3723 636 3776 lantem
664 3729 714 3773 et
745 3715 1011 3771 sobrium.
1059 3711 1125 3766 In
1159 3711 1303 3765 omni
1325 3707 1569 3762 instantia
1608 3714 1656 3758 et
1698 3701 2045 3757 obsecratione

433 3831 537 3884 pro
559 3811 792 3868 omnibus
820 3808 1010 3863 sanctis
1036 3815 1084 3860 et
1117 3821 1211 3875 pro
1234 3818 1313 3856 nte
1332 3842 1347 3867 ,
1380 3808 1437 3854 ut-
1469 3799 1620 3852 detur
1640 3796 1764 3850 mihi
1793 3810 1958 3850 sermo
1987 3793 2042 3846 in

431 3906 700 3976 apertione
733 3906 837 3957 oris
867 3901 982 3954 mei.
1019 3897 1155 3967 Quid
1202 3895 1372 3962 dicis,
1409 3908 1443 3947 ο
1472 3891 1626 3947 beate
1673 3887 1878 3944 Paule?
1906 3903 2042 3956 opus

435 4003 602 4056 habes
625 3996 947 4069 discipulis?
968 3995 1137 4049 Recte
1169 3999 1345 4046 autem
1373 3989 1528 4049 dixit.
1560 3985 1624 4040 in
1651 3984 1915 4057 apertione
1939 3983 2044 4036 oris

434 4098 554 4151 mei.
584 4093 702 4150 Non
731 4107 862 4162 ergo
909 4086 1270 4143 meditabatur
1312 4097 1433 4151 qua!
1479 4079 1714 4144 dicebat,
1763 4075 1858 4132 sed
1905 4075 2046 4130 sicut

433 4189 571 4243 dixit
597 4185 868 4248 Christus,
904 4179 1124 4248 Quando
1148 4194 1234 4231 vos
1265 4173 1588 4240 tradiderint,
1621 4187 1684 4224 ne
1703 4169 1912 4224 solliciti
1937 4168 2044 4222 sitis

433 4280 690 4352 quomodo
715 4288 802 4332 aut
833 4275 956 4350 quid
985 4271 1263 4344 loquamini
1291 4286 1308 4323 :
1335 4268 1540 4321 dabitur
1561 4266 1693 4320 enim
1716 4248 1854 4318 vobis
1875 4263 1928 4316 in
1951 4263 2044 4316 illa

437 4351 566 4429 liora
592 4373 715 4442 quid
747 4368 1026 4438 loquamini
1054 4363 1296 4435 (Matth.
1331 4361 1419 4415 10.
1454 4357 1551 4427 19)
1581 4374 1594 4411 :
1626 4357 1694 4410 ita
1729 4355 1833 4409 ﬁde
1855 4351 2047 4423 agebat

435 4469 617 4522 omnia
637 4509 652 4534 ,
685 4465 866 4519 omnia
897 4477 992 4532 per
1020 4459 1263 4531 gratiam.
1302 4454 1430 4509 Cum
1456 4452 1648 4522 fiducia
1668 4491 1682 4516 ,
1714 4449 1918 4520 inquit,
1947 4465 2044 4501 no-

438 4574 548 4616 tum
577 4564 746 4632 facere
774 4554 1070 4628 mysterium
1099 4548 1365 4621 evangelii.
1406 4546 1520 4601 Hoc
1548 4555 1631 4600 est
1652 4585 1666 4608 ,
1700 4550 1758 4598 ut
1803 4541 2046 4611 apposite

434 4671 528 4711 me
559 4651 866 4708 defendam.
897 4644 1276 4701 Circumdatus
1309 4657 1367 4696 es
1393 4639 1601 4694 catenis
1622 4677 1637 4703 ,
1670 4643 1726 4692 et
1755 4635 1876 4690 aliis
1904 4632 2046 4688 indi-

435 4763 532 4817 ges
550 4747 582 4800 ἰδ’
601 4745 796 4808 Etiam,
831 4741 1003 4811 inquit
1027 4757 1039 4791 :
1071 4753 1192 4792 nam
1222 4736 1413 4791 Petrus
1439 4747 1651 4803 quoque.
1674 4737 1792 4786 erat
1815 4730 2049 4783 circum-

436 4843 602 4896 datus
631 4847 854 4900 catena;
902 4833 998 4888 sed
1044 4841 1221 4887 tamen
1271 4828 1445 4883 oratio
1490 4827 1606 4880 sine
1651 4821 2049 4878 intermissione

440 4935 608 4990 [iebat
638 4931 774 5000 (Art.
803 4928 889 4982 12.
920 4927 1002 4999 5).
1027 4924 1135 4979 Pro
1156 4939 1256 4993 quo
1283 4920 1536 4992 legatione
1562 4921 1751 4988 fungar
1775 4913 2047 4977 incatena,

433 5024 515 5080 ita
541 5034 596 5078 ut
622 5025 675 5076 in
705 5023 817 5090 ipso
847 5018 1066 5072 audeam
1092 5023 1241 5087 prout
1268 5019 1467 5082 oportet
1493 5025 1575 5062 me
1603 5008 1758 5075 loqui.
1789 5006 1900 5059 lloc
1929 5015 2011 5059 est
2032 5045 2047 5069 ,

442 5128 502 5173 ut
531 5133 656 5173 cum
687 5115 878 5169 llducia
907 5120 960 5167 et
987 5108 1201 5166 dicendi
1225 5109 1490 5168 libertate,
1512 5119 1634 5158 cum
1662 5101 1825 5155 animi
1856 5101 2053 5154 virtute

437 5222 498 5268 et
524 5227 648 5266 cum
674 5210 841 5264 multa
870 5204 1156 5277 prudentia
1184 5198 1562 5272 respondeam.
1592 5195 1684 5249 21.
1722 5193 1790 5248 Ut
1815 5203 1984 5247 autent
2002 5200 2052 5245 et

440 5321 531 5358 uos
559 5302 733 5356 sciatis
760 5314 875 5367 quoe
902 5298 1037 5350 circa
1068 5312 1147 5347 me
1175 5302 1312 5356 sunt,
1345 5288 1470 5359 quid
1499 5302 1686 5358 agam,
1719 5285 1890 5338 omnia
1915 5283 2054 5337 vobis

443 5406 566 5450 nota
592 5394 743 5464 faciet
769 5389 1047 5462 Tyclticus,
1070 5386 1364 5441 carissimus
1386 5381 1548 5452 frater
1568 5387 1614 5432 et
1637 5377 1805 5448 fidelis
1827 5377 2056 5430 minister

441 5490 497 5542 in
532 5485 772 5539 Domino.

516 5579 573 5633 ‘2.
621 5576 890 5645 Quoniam
932 5580 1111 5627 autem
1151 5567 1394 5623 meminit
1433 5563 1806 5626 vinculorum,
1854 5559 2061 5614 dimisit

445 5672 611 5728 etiam
645 5666 849 5738 aliquid
889 5663 1128 5738 'l‘ychico
1174 5659 1317 5731 quod
1360 5657 1428 5713 de
1456 5672 1515 5712 se
1554 5655 1719 5711 dicat.
1764 5653 1896 5708 Nam
1939 5667 2060 5722 quae

450 5765 798 5834 pertinebant
822 5759 1037 5832 quidem
1066 5757 1132 5812 ad
1163 5756 1410 5826 dogmata
1433 5761 1488 5809 et
1508 5751 1575 5807 ad
1600 5750 2057 5814 exhortationem,

448 5874 512 5914 ea
546 5854 854 5913 declarabat
900 5867 1000 5925 per
1037 5847 1319 5921 epistolam
1351 5861 1366 5901 :
1397 5860 1518 5917 quae
1553 5853 1736 5899 autem
1779 5842 1845 5897 ad
1889 5843 2059 5897 solam

449 5946 957 6015 denuntiationem,
1000 5957 1064 6007 ea
1097 5938 1436 6011 relinquebat
1467 5934 1785 6000 tabellario;
1832 5934 2057 6003 ideoque

1286 427 1348 483 IN
1393 425 1610 482 EPIST.
1656 423 1746 478 AD
1789 401 2028 477 ternas.
2072 417 2216 472 cum
2275 418 2358 472 \‘l.
2401 419 2630 476 notua.
2678 421 2866 477 xxiv.

3625 424 3734 481 l70

2134 532 2427 603 subjungit.
2467 534 2533 590 Ut
2559 536 2753 602 sciatis,
2787 536 2984 608 inquit,
3011 554 3126 609 gare
3155 540 3290 593 circa
3329 557 3420 594 nos
3449 553 3602 610 sunt,
3630 549 3732 598 hoc

2132 633 2244 689 est,
2281 637 2336 678 ut
2366 626 2606 683 discatis.
2638 629 2752 684 lloc
2786 639 2841 684 et
2869 630 2987 701 ejus
3027 632 3080 686 in
3114 633 3261 701 ipsos
3299 636 3614 689 ostendebat
3647 636 3736 690 di-

2133 717 2439 783 lectionem,
2467 727 2521 776 et
2547 721 2760 777 illorum
2787 724 2838 778 in
2873 725 3068 795 ipsum.
3099 726 3190 781 Q2.
3227 728 3388 796 Quem
3417 731 3533 785 misi
3556 733 3626 784 ad
3652 749 3735 786 τοι

2133 810 2184 864 in
2217 813 2312 865 hoc
2333 814 2522 882 ipsum,
2558 826 2610 868 ut
2635 822 2951 888 cognoscatis
2972 838 3086 891 quia
3106 825 3242 878 circa
3267 841 3360 879 nos
3381 837 3520 892 sunt,
3548 838 3594 881 et
3618 845 3738 882 con-

2132 905 2322 959 soletur
2343 909 2499 961 corda
2523 919 2709 966 vestra.
2733 911 2843 968 Nec
2871 911 2977 969 hoc
2997 915 3114 970 sine
3135 931 3295 972 causa
3323 918 3470 980 dicit,
3497 921 3590 976 sed
3613 933 3738 975 cum

2136 997 2295 1099 prius
2331 1001 2588 1069 dixisset,
2625 1001 2808 1059 Induti
2836 1015 2882 1059 et
2911 1009 3190 1075 succincti,
3233 1011 3375 1080 quod
3407 1013 3625 1083 quidem
3655 1026 3740 1068 est

2136 1089 2392 1180 indicium
2415 1134 2430 1158 ,
2463 1093 2609 1163 quod
2649 1110 2866 1166 semper
2909 1100 3284 1169 progrediatur
3320 1112 3374 1157 et
3417 1105 3537 1159 sine
3567 1106 3736 1160 inter-

2136 1183 2413 1288 missione.
2466 1189 2602 1244 Audi
2646 1192 2794 1247 cnim
2835 1193 3151 1264 prophetam
3195 1197 3508 1254 dicentem:
3543 1199 3666 1254 Fiat
3693 1204 3742 1255 ci

2135 1283 2265 1332 sicut
2296 1283 2645 1337 vestimentum
2676 1303 2777 1356 quo
2806 1288 3058 1352 induitur.
3093 1300 3140 1344 et
3165 1291 3296 1344 sicut
3323 1309 3454 1346 zona
3481 1311 3582 1363 qua
3621 1313 3738 1365 per-

2139 1376 2652 1473 petua-precingitur
2692 1378 2863 1447 (Psal.
2901 1382 3026 1435 108.
3058 1381 3174 1454 19).
3222 1383 3488 1454 Pr0phcta
3528 1401 3742 1458 quoque

2137 1462 2269 1516 (lit-it
2307 1465 2470 1519 Deum
2519 1468 2765 1523 indutum
2813 1486 2935 1526 esse
2965 1472 3186 1528 thorace
3223 1475 3482 1545 justititc,
3511 1491 3610 1546 per
3640 1479 3743 1533 hoc

2139 1570 2238 1611 nos
2267 1557 2540 1624 erudiens,
2571 1562 2712 1631 quod
2735 1578 2970 1634 semper,
2988 1567 3170 1622 nonad
3197 1567 3364 1624 breve
3386 1571 3742 1641 tempusdtasc

2138 1646 2342 1703 habere
2369 1661 2653 1720 oporteat;
2699 1670 2916 1726 semper
2962 1658 3106 1713 cnim
3154 1659 3298 1715 bello
3347 1672 3430 1717 est
3472 1678 3628 1732 opus.
3679 1665 3745 1720 Et

2138 1740 2275 1795 alius
2299 1743 2448 1811 alibi,
2477 1743 2664 1800 Justus
2688 1748 2820 1802 enim
2840 1790 2856 1815 ,
2887 1750 3090 1820 inquit,
3127 1753 3341 1820 confidit
3368 1764 3423 1808 ut
3452 1756 3528 1809 leo
3557 1754 3742 1828 (Prov.

2137 1832 2228 1887 ‘28.
2256 1833 2335 1904 1).
2370 1835 2503 1890 Nam
2533 1837 2624 1908 qui
2651 1847 2735 1894 est
2773 1841 2851 1896 sic
2883 1842 3042 1898 lorica
3075 1843 3291 1899 indutus
3312 1888 3327 1910 ,
3364 1847 3475 1901 fieri
3507 1864 3612 1902 non
3645 1863 3744 1919 po-

2142 1934 2246 1979 test
2269 1935 2324 1980 ut
2347 1927 2660 1985 instructam
2692 1933 2877 1988 timeat
2907 1936 3098 2000 aciem,
3129 1935 3222 1990 sed
3249 1938 3298 1990 in
3325 1939 3533 1994 medius
3563 1940 3744 1997 hostes

2139 2031 2220 2074 est
2249 2021 2298 2074 ei
2330 2022 2698 2080 iusiliendum.
2735 2025 2803 2081 Et
2832 2026 3032 2084 Isaias:
3071 2029 3326 2097 Speciosi,
3364 2032 3559 2102 inquit,
3591 2037 3746 2105 pedes

2139 2127 2314 2166 eorum
2346 2115 2434 2183 qui
2461 2133 2635 2186 pacem
2671 2123 2978 2175 annuntiant
3019 2120 3173 2194 (Isai.
3206 2124 3296 2179 52.
3331 2125 3407 2196 7).
3453 2126 3584 2195 Quis
3631 2145 3739 2182 non

2140 2210 2473 2276 cucurrerit,
2508 2212 2627 2281 quis
2659 2213 2785 2268 huic
2822 2214 2902 2270 rei
2947 2233 3054 2272 non
3085 2218 3365 2285 servierit,
3394 2222 3610 2292 quando
3644 2238 3747 2294 pax

2140 2305 2525 2372 annuntiatur;
2556 2322 2686 2377 pax,
2721 2311 2962 2380 inquam,
2989 2313 3081 2367 Dei
3102 2328 3223 2368 cum
3253 2314 3585 2384 hominibus,
3619 2336 3743 2387 pax,

2141 2411 2265 2451 cum
2299 2399 2547 2454 homines
2579 2402 2800 2457 minime
2837 2403 3242 2472 laboraverint,
3273 2407 3367 2462 sed
3403 2408 3546 2464 Deus
3577 2418 3746 2467 tounn

2141 2485 2370 2544 fecerit?
2400 2491 2537 2559 Quid
2567 2493 2637 2546 sit
2662 2504 2844 2550 autem
2870 2499 3197 2568 praiparatio
3225 2499 3492 2570 evangelii
3511 2541 3528 2568 ,
3560 2501 3752 2558 audia-

2143 2596 2263 2634 mus
2283 2581 2546 2638 Joannem
2581 2584 2857 2642 dicentem
2877 2629 2891 2651 ,
2932 2585 3122 2642 Parate
3155 2590 3290 2643 ciant
3319 2589 3531 2646 Domini
3548 2633 3564 2656 ,
3589 2602 3752 2648 rectas
3798 2600 3803 2604 ’

2143 2676 2296 2744 facite
2316 2677 2521 2730 semitas
2545 2679 2656 2746 ejus
2682 2679 2892 2747 (Matth.
2918 2681 2971 2735 5.
2999 2681 3080 2750 5).
3108 2681 3310 2738 Verum
3334 2683 3452 2740 lucc
3475 2684 3752 2741 dumtaxat

2145 2778 2365 2836 propter
2389 2769 2650 2838 baptisma
2675 2770 2832 2826 dixit.
2853 2770 3121 2839 Quoniam
3151 2790 3281 2829 vero
3302 2775 3404 2830 alia
3428 2777 3590 2832 etiam
3616 2795 3750 2848 pra:-

2145 2862 2426 2930 paratione
2453 2879 2589 2934 opus
2617 2875 2698 2919 est
2729 2875 2849 2935 post
2893 2868 3158 2938 baptisma
3178 2911 3191 2932 ,
3225 2869 3366 2926 hanc
3405 2873 3642 2929 ostendit.
3671 2874 3756 2929 tli-

2145 2969 2297 3021 cens,
2329 2955 2394 3010 In
2427 2961 2806 3029 praeparatione
2830 2963 3080 3031 evangelii
3105 2964 3270 3033 pacis,
3305 2965 3536 3030 inﬂuens
3563 2967 3754 3022 vidi-li-

2145 3058 2252 3114 cet,
2279 3059 2336 3103 ut
2362 3049 2498 3105 nihil
2519 3067 2741 3123 agamus
2771 3070 2906 3126 pace
2936 3055 3236 3126 indignum.
3265 3057 3399 3112 Nam
3422 3033 3674 3129 quoniam
3700 3073 3754 3116 ut

2148 3141 2436 3211 plurimum
2462 3143 2630 3212 pedes
2652 3157 2774 3199 sunt
2801 3147 2924 3202 vitae
2947 3147 3277 3216 symbolum,
3306 3160 3589 3222 propterea
3611 3167 3758 3223 smpt-

2146 3234 2447 3292 admonens
2499 3238 2670 3304 dicit,
2735 3237 2911 3294 Videte
2963 3246 3221 3308 quomodo
3274 3253 3449 3299 exacte
3491 3247 3758 3301 ambuletis

2147 3328 2385 3398 (Epltes.
2419 3331 2475 3386 5.
2510 3329 2635 3402 15),
2667 3330 2737 3387 de
2766 3333 2872 3386 vita
2917 3334 3165 3404 loquens.
3217 3336 3398 3407 Itaque
3439 3351 3663 3408 agamus
3701 3351 3758 3398 et

2147 3423 2507 3478 ostendamus
2527 3439 2648 3493 quae
2674 3434 2801 3480 sunt
2831 3425 2989 3497 digna
3013 3427 3316 3499 cvangelio,
3345 3445 3542 3500 nempe
3565 3431 3752 3494 vitam,

2147 3525 2202 3569 et
2230 3514 2458 3570 mandas
2484 3517 2729 3572 actiones
2767 3533 2865 3587 per
2894 3526 3060 3574 totam
3091 3521 3255 3575 victm
3282 3527 3548 3578 nostram.
3579 3524 3754 3578 Evan-

2145 3609 2290 3678 gelio
2319 3625 2420 3680 pax
2444 3617 2528 3664 est
2547 3610 2887 3679 annuntiata,
2913 3612 3036 3667 date
3059 3614 3197 3668 viam
3229 3625 3469 3685 paratam
3493 3616 3576 3670 his
3600 3617 3756 3672 bonis

2150 3703 2353 3757 nuntiis
2378 3721 2394 3759 :
2428 3703 2572 3774 quod
2600 3703 2647 3758 si
2676 3719 2864 3759 rursus
2892 3704 3018 3760 facti
3048 3707 3258 3762 fueritis
3282 3708 3507 3774 inimici,
3541 3726 3648 3765 non
3673 3720 3756 3766 est

2147 3796 2380 3867 amplius
2411 3797 2557 3867 pacis
2578 3797 2923 3868 prmparatio.
2947 3798 3075 3856 Sitis
3103 3801 3301 3871 parati,
3325 3811 3379 3856 et
3406 3818 3473 3858 ne
3495 3801 3757 3858 difl'eratis

2148 3891 2410 3948 accedere
2437 3891 2503 3947 ad
2535 3908 2747 3964 pacem.
2780 3893 2934 3949 Sicut
2964 3899 3133 3966 parati
3168 3895 3346 3953 fuistis
3375 3898 3442 3953 ad
3487 3915 3671 3969 pacem
3703 3913 3760 3956 et

2150 3984 2330 4051 fidem,
2381 3986 2452 4040 ita
2485 3987 2646 4040 etiam
2695 3998 3025 4058 permanete.
3064 3990 3287 4046 Scutum
3316 3999 3400 4046 est
3429 3991 3585 4060 ﬁdes,
3613 3995 3756 4064 quod

2151 4078 2384 4148 primum
2414 4078 2617 4148 excipit
2649 4078 2882 4134 insultus
2915 4079 3283 4150 inimicorum,
3314 4089 3372 4138 et
3399 4097 3550 4138 arma
3578 4095 3760 4140 servat

2152 4171 2340 4224 illaesa.
2369 4169 2428 4226 Si
2455 4185 2586 4242 ergo
2619 4170 2754 4226 fides
2799 4172 2868 4227 sit
2900 4181 3043 4227 recta
3076 4181 3130 4227 et
3161 4173 3264 4227 vita
3297 4181 3475 4238 recta,
3509 4191 3659 4230 arma
3692 4177 3758 4230 il-

2151 4265 2276 4318 laesa
2324 4275 2564 4319 manent.
2608 4263 2790 4320 Multis
2829 4275 3009 4321 autem
3053 4266 3180 4322 alibi
3229 4266 3298 4323 de
3345 4267 3450 4322 fide
3497 4268 3756 4335 disserit,

2152 4357 2388 4412 maxime
2430 4356 2676 4411 srribens
2715 4355 2784 4411 ad
2830 4356 3092 4413 llehrzcos
3121 4357 3275 4428 (Cap.
3309 4360 3424 4430 11),
3457 4360 3608 4417 etde
3637 4377 3756 4432 spe.

2149 4448 2389 4515 Credite,
2422 4449 2618 4518 inquit,
2649 4447 2808 4505 bonis
2838 4449 3055 4516 futuris,
3087 4459 3142 4507 ct
3165 4451 3300 4507 nihil
3332 4453 3524 4508 horum
3551 4456 3762 4510 saucia-

2153 4540 2314 4596 bitur.
2348 4540 2479 4595 Nam
2507 4540 2562 4596 in
2591 4540 2834 4597 adversis
2860 4551 2917 4598 et
2941 4543 2996 4598 in
3016 4542 3292 4598 laboribus
3319 4559 3472 4616 spem
3499 4545 3763 4617 objiciens

2152 4644 2209 4691 et
2239 4634 2433 4700 fidem,
2467 4635 2555 4690 illa
2597 4637 2844 4692 servabis
2885 4636 3071 4692 illaesa.
3108 4637 3188 4693 Ad
3221 4639 3387 4694 Deum
3428 4641 3574 4696 ettim
3603 4657 3762 4697 accc-
3841 4651 3845 4659 '

2153 4725 2372 4782 dentem
2402 4736 2618 4797 oportet
2655 4728 2882 4784 credere
2919 4729 3062 4800 quod
3107 4729 3208 4795 sit,
3253 4739 3309 4786 et
3355 4731 3422 4788 iis
3461 4733 3556 4804 qui
3583 4733 3756 4802 ipsum

2155 4827 2407 4889 quzerunt
2443 4821 2502 4874 lit
2547 4830 2942 4876 remunerator.
2991 4821 3153 4878 Fides
3195 4832 3282 4877 est
3327 4834 3539 4880 scutum
3572 4833 3762 4896 tegens

2157 4928 2252 4967 eos
2272 4913 2362 4983 qui
2391 4913 2510 4968 sine
2531 4913 2744 4968 curiosa
2769 4913 3159 4984 perquisitione
3179 4913 3440 4983 credunt;
3469 4915 3556 4974 sin
3578 4926 3759 4973 autem

2158 5005 2268 5061 sint
2305 5005 2638 5075 sophismata
2669 5015 2725 5061 et
2765 5006 3004 5060 rationes
3043 5015 3099 5060 et
3129 5007 3583 5078 reprehensiones
3603 5050 3622 5077 ,
3652 5024 3760 5066 non

2161 5106 2244 5153 est
2273 5106 2484 5153 scutum
2507 5139 2521 5161 ,
2553 5097 2647 5153 sed
2689 5113 2789 5152 nos
2817 5098 3059 5169 impedit.
3092 5099 3241 5157 Talis
3269 5101 3340 5158 sit
3367 5101 3504 5161 fides
3541 5113 3602 5160 ut
3639 5103 3762 5161 uni-

2161 5206 2378 5247 versum
2409 5201 2663 5264 contegat
2691 5203 2744 5246 et
2772 5193 3076 5250 obumbret.
3107 5194 3185 5250 Ne
3206 5196 3278 5250 sit
3305 5212 3436 5268 ergo
3462 5197 3640 5255 brevis
3659 5240 3676 5267 ,
3704 5213 3766 5257 ut

2164 5285 2337 5340 nudos
2363 5285 2504 5339 sinat
2534 5284 2697 5354 pedes
2715 5327 2731 5352 ,
2761 5298 2855 5341 aut
2883 5286 3087 5358 aliquid
3118 5287 3265 5344 aliud
3287 5330 3304 5354 ,
3332 5289 3430 5346 sed
3456 5291 3528 5348 sit
3553 5301 3766 5349 scutum

2157 5373 2356 5448 justam
2382 5377 2587 5432 habens
2612 5378 3005 5450 symmetriam.
3040 5378 3225 5452 Ignea.
3255 5380 3393 5438 Sunt
3417 5383 3562 5440 enim
3587 5385 3773 5442 multa:

2161 5469 2586 5540 disceptationes
2613 5468 2849 5524 animam
2877 5479 3130 5537 urentes,
3160 5471 3344 5528 multa:
3373 5472 3735 5533 dubitationes
3753 5519 3771 5544 ,

2167 5563 2350 5618 multa:
2392 5563 2721 5633 quaastiones
2763 5563 3216 5633 inexplicabiles;
3268 5566 3364 5622 sed
3407 5583 3594 5626 revera
3642 5570 3773 5628 fides

2167 5656 2295 5713 facit
2359 5665 2417 5711 ut
2477 5656 2658 5711 omnia
2716 5667 2954 5712 cessent.
3002 5656 3165 5712 Multa
3230 5657 3473 5717 immittit
3527 5661 3774 5720 diabolus

2167 5761 2407 5805 nostram
2427 5747 2769 5804 inﬂammans
2786 5749 3042 5814 animam,
3057 5749 3400 5808 etadduccns
3416 5753 3482 5808 ad
3506 5754 3775 5827 ambigui-

2169 5851 2336 5899 tatem
2359 5884 2374 5909 ,
2406 5853 2464 5897 ut
2484 5840 2702 5914 quando
2722 5840 2910 5898 dicunt
2939 5841 3141 5913 aliqui,
3167 5841 3438 5916 Numquid
3479 5855 3566 5903 cst
3591 5864 3772 5906 resur-

2172 5933 2382 5992 rectio?
2409 5931 2668 6006 numquid
2690 5944 2773 5990 est
2797 5932 3098 6006 judicium?
3135 5936 3394 6010 numquid
3417 5947 3498 5996 est
3529 5955 3775 5998 remune-
