4170 6494
455 411 544 468 l7!
1167 409 1226 464 S.
1262 403 1538 463 JOANNIS
1572 401 2040 458 CHRYSOSTOMI
2080 399 2392 456 ARCIIIEP.
2433 399 2962 458 CONSTANTINOP.

449 525 628 582 ratio?
654 525 749 580 sed
777 526 820 580 si
852 532 1060 580 scutum
1086 519 1213 577 fidei
1242 520 1472 584 habeas,
1501 518 1811 587 exstingues
1833 516 2031 572 diaboli

450 617 554 672 tela
579 618 631 671 in
660 617 783 671 fide.
815 614 1008 670 Invasit
1029 620 1082 668 te
1105 609 1335 666 absurda
1361 609 1648 680 cupiditas,
1683 610 1934 664 incensus
1955 617 2037 662 est

449 709 593 762 intus
630 706 765 778 ignis
796 707 1054 759 malarum
1081 700 1505 774 cogitationum?
1531 699 1754 770 Oppone
1782 699 1830 755 ei
1877 698 2034 752 fidem

447 800 746 853 futurorum
791 797 1085 861 bonorum,
1127 803 1184 849 et
1223 809 1291 850 ne
1327 793 1606 862 apparebit
1635 791 1849 863 quidem
1872 831 1887 857 ,
1937 790 2032 844 sed

448 889 662 961 peribit.
698 887 882 942 Omnia
905 886 1006 942 tela
1029 901 1049 942 :
1075 901 1180 942 non
1205 885 1320 941 bare
1343 885 1558 956 quidem
1589 883 1912 952 cxstinguet,
1946 881 2032 935 illa

445 996 576 1037 vero
621 996 750 1036 non.
798 981 935 1036 Audi
981 981 1207 1035 Paulum
1246 981 1560 1035 dicentem:
1607 979 1855 1033 Existimo
1899 977 2032 1030 enim

442 1071 707 1141 quodnon
750 1081 868 1126 sunt
906 1071 1174 1141 condigna:
1209 1071 1469 1142 passiones
1508 1070 1661 1140 hujus
1703 1069 1941 1138 temporis
1965 1070 2033 1120 ad

447 1167 672 1233 futuram
691 1164 930 1235 gloriam,
953 1179 1068 1235 qua:
1082 1162 1383 1218 revelabitur
1405 1163 1457 1215 in
1479 1162 1620 1216 nobis
1642 1159 1818 1230 (Rom.
1837 1161 1892 1215 8.
1915 1157 2028 1228 18).

512 1257 836 1312 Tentationes
870 1266 918 1310 et
957 1270 1200 1310 (erumna:
1227 1253 1476 1326 quomodo
1512 1252 1923 1323 repelleudw.—
1945 1251 2033 1302 \‘i-

440 1349 541 1406 des
565 1365 726 1421 quam
756 1349 922 1405 multa
957 1349 1062 1404 tela
1093 1358 1217 1403 tunc
1243 1347 1604 1402 exstinxerint
1628 1343 1803 1413 justi?
1834 1344 2027 1397 Annon

441 1440 690 1498 Videntur
719 1441 815 1496 tibi
839 1441 942 1495 tela
964 1455 1087 1495 esse
1114 1440 1278 1510 ignita
1299 1481 1315 1504 ,
1348 1438 1490 1509 quod
1519 1438 1730 1492 interno
1751 1437 1873 1506 igne
1904 1449 2029 1489 ure-

441 1541 592 1588 retur
631 1533 933 1602 patriarcha
980 1533 1149 1587 lilium
1185 1530 1464 1587 offerens?
1492 1529 1598 1584 Alii
1639 1543 1852 1599 quoque
1897 1527 2026 1598 justi

439 1624 617 1678 omnia
640 1623 758 1695 ejus
779 1624 881 1679 tela
902 1625 1294 1678 exstinxerunt.
1320 1620 1447 1677 Sive
1467 1637 1596 1690 ergo
1620 1619 1818 1675 bellum
1839 1625 2030 1688 gerant

437 1717 814 1788 cogitationes,
846 1732 964 1771 eam
988 1729 1345 1787 opponamus,
1373 1715 1486 1768 sive
1517 1712 1763 1768 libidines
1787 1721 1845 1766 et
1863 1711 2020 1780 cupi-

437 1806 655 1875 ditates,
681 1822 743 1862 ea
774 1815 1009 1872 utamur,
1043 1806 1158 1862 sive
1201 1805 1415 1859 labores
1442 1813 1497 1859 et
1523 1818 1777 1857 aerumna:
1808 1843 1822 1866 ,
1868 1801 1921 1854 in
1961 1815 2022 1854 ea

436 1899 917 1968 coitquiescamus:
947 1913 1013 1955 ea
1057 1899 1248 1954 merito
1277 1906 1361 1953 est
1389 1913 1509 1967 qua:
1548 1905 1834 1951 conservat
1876 1909 2023 1948 arma

435 1991 615 2045 omnia
648 2009 661 2045 :
692 1991 736 2046 si
766 2005 886 2046 eam
919 2005 1027 2045 non
1055 1989 1353 2045 habeamus
1372 2030 1386 2054 ,
1417 1989 1503 2045 illa
1533 1989 1640 2044 cito
1669 1987 2022 2055 perforaban-

437 2090 522 2136 tur
550 2088 606 2136 et
633 2080 920 2138 laeduntur.
949 2079 1017 2135 In
1042 2080 1297 2148 omnibus,
1332 2080 1524 2150 inquit,
1555 2089 1808 2134 sumentes
1827 2088 2024 2132 scutum

435 2173 576 2241 fidei.
605 2172 743 2241 Quid
764 2182 873 2241 est,
901 2171 968 2228 In
989 2173 1222 2228 omnibus
1246 2174 1269 2226 ?
1301 2173 1367 2234 Et
1397 2172 1449 2226 in
1479 2173 1725 2238 veritate,
1754 2171 1944 2241 inquit,
1970 2179 2025 2225 et

436 2269 488 2321 in
512 2266 720 2336 justitia
745 2307 763 2334 ,
802 2275 860 2322 et
905 2266 958 2321 in
998 2267 1393 2338 prteparatione
1419 2265 1702 2336 evangelii.
1751 2265 1864 2319 Hoc
1892 2273 1972 2319 est
2007 2306 2021 2328 ,

435 2359 617 2412 omnia
647 2358 765 2414 haec
811 2373 948 2428 opus
991 2358 1080 2413 illa
1127 2357 1346 2412 habent.
1380 2357 1668 2427 Propterea
1709 2355 2020 2425 subjnnxit,

437 2451 503 2506 Et
529 2452 730 2524 galeam
756 2451 938 2506 salutis
965 2450 1228 2504 assumite.
1264 2449 1378 2504 Hoc
1407 2458 1490 2503 est
1510 2490 1524 2513 ,
1555 2448 1658 2504 Per
1685 2463 1803 2501 eam
1829 2446 1898 2502 de
1920 2462 2020 2501 ca:-

435 2555 554 2600 tero
579 2544 824 2615 poteritis
852 2558 976 2599 esse
1006 2543 1125 2606 tuti,
1156 2553 1212 2598 et
1251 2556 1412 2596 omne
1442 2540 1735 2610 periculum
1766 2538 2019 2609 effugere.

433 2637 582 2694 Sicut
611 2636 755 2692 enim
783 2636 935 2705 galea
959 2676 975 2700 ,
1005 2642 1194 2690 exacte
1219 2642 1378 2703 caput
1402 2632 1636 2702 undique
1663 2639 1847 2703 tegens
1871 2671 1886 2696 ,
1914 2644 2021 2686 non

431 2730 561 2803 sinit
583 2737 642 2784 ut
680 2726 882 2800 aliquid
907 2741 1072 2798 grave
1099 2725 1362 2796 patiatur,
1393 2723 1489 2780 sed
1517 2723 1568 2779 id
1595 2731 1884 2778 conservat
1909 2740 1922 2777 :
1949 2722 2019 2777 ita

430 2821 592 2878 etiam
623 2819 759 2876 fides
799 2829 886 2875 est
927 2834 1025 2889 pro
1050 2827 1204 2874 scuto
1235 2858 1250 2883 ,
1281 2828 1337 2873 et
1379 2832 1476 2888 pro
1525 2817 1674 2887 galea
1724 2817 1934 2872 salutis.
1964 2816 2024 2871 Si

431 2914 579 2970 enim
605 2912 725 2984 ejus
751 2912 855 2968 tela
873 2911 1314 2977 exstinxerimus,
1341 2911 1452 2966 cite
1476 2910 1638 2965 etiam
1667 2910 2021 2978 suscipiemus

431 3007 670 3063 rationes
697 3020 818 3077 quae
841 3012 1198 3070 conservant,
1222 3018 1342 3073 quae
1370 3018 1476 3058 non
1507 3003 1688 3058 sinant
1717 3011 1774 3056 ut
1798 3001 2022 3057 facultas

430 3113 553 3168 qua:
581 3106 728 3154 tenet
761 3095 1114 3170 principatum
1157 3094 1356 3164 aliquid
1387 3094 1654 3164 patiatur.
1700 3093 1830 3147 Nam
1861 3093 1906 3147 si
1940 3093 2021 3146 has

430 3188 715 3244 contrariae
739 3187 980 3243 rationes
1008 3186 1421 3254 exstinguantur
1450 3202 1463 3237 :
1492 3184 1600 3238 cito
1619 3199 1742 3255 quae
1769 3199 1875 3238 non
1896 3194 2022 3238 sunt

432 3279 567 3351 tales
587 3319 605 3346 ,
635 3277 731 3334 sed
758 3293 857 3333 nos
885 3283 1107 3334 servant
1131 3315 1146 3340 ,
1178 3284 1235 3330 et
1261 3274 1500 3330 efﬁciunt
1529 3283 1587 3330 ut
1631 3275 1824 3330 bonam
1868 3291 2019 3346 spem

431 3372 725 3428 habeamus
744 3413 761 3437 ,
791 3373 846 3426 in
875 3369 1033 3426 nobis
1061 3375 1350 3424 nascentur
1373 3385 1388 3434 ;
1411 3377 1462 3424 et
1490 3369 1630 3428 sicut
1655 3369 1804 3440 galea
1847 3371 1899 3424 in
1927 3386 2019 3425 ea-

427 3465 560 3537 pite,
587 3464 802 3520 inerunt
839 3463 896 3520 in
929 3460 1183 3518 facultate
1212 3474 1333 3531 quae
1361 3461 1414 3516 in
1448 3460 1603 3515 nobis
1628 3460 1836 3517 obtinet
1869 3463 2016 3533 prin-

427 3558 687 3627 cipatum.

499 3655 552 3709 5.
596 3651 704 3707 Nec
729 3650 831 3705 hoc
864 3649 1038 3704 solum
1059 3691 1075 3716 ,
1107 3648 1202 3702 sed
1233 3648 1394 3704 etiam
1419 3646 1653 3718 gladium
1683 3649 2014 3716 accipiemus

429 3746 688 3815 Spiritus,
715 3755 772 3797 ιιι
799 3745 851 3797 in
879 3752 1155 3813 posterum
1184 3755 1288 3796 non
1318 3741 1492 3796 solum
1517 3741 1615 3795 tuti
1645 3742 1814 3795 simus
1841 3757 1871 3796 a
1899 3743 2020 3798 telis

427 3853 549 3908 qum
579 3837 882 3901 mittuntur,
911 3834 1006 3890 sed
1032 3850 1093 3889 ea
1116 3835 1277 3890 etiam
1301 3835 1475 3904 ipsum
1511 3833 1705 3889 feriant
1723 3834 2016 3889 diaboluzn.

429 3930 624 3983 Anima
651 3925 795 3981 enim
822 3941 944 3995 quae
963 3941 1070 3980 non
1093 3924 1383 3997 desperat,
1413 3940 1586 3994 neque
1616 3926 1719 3980 tela
1745 3926 1906 3995 ignita
1932 3942 2020 3981 ac-

429 4019 581 4089 cipit,
609 4033 732 4073 cum
773 4033 961 4088 magna
1001 4017 1166 4073 animi
1213 4017 1490 4072 alacritate
1545 4015 1709 4070 stabit
1763 4015 2020 4071 adversus

429 4111 707 4168 inimicum
730 4151 746 4175 ,
780 4108 1072 4180 perfringet
1105 4111 1205 4162 hoc
1233 4107 1412 4178 gladio
1441 4105 1558 4175 ejus
1585 4105 1859 4162 thoracem
1880 4147 1896 4173 ,
1927 4124 2021 4176 per

428 4218 590 4274 quem
615 4201 879 4272 confregit
905 4211 962 4256 et
984 4201 1101 4272 ejus
1129 4200 1358 4270 cogitata
1405 4197 1610 4270 redegit
1652 4200 1703 4253 in
1740 4201 2020 4270 captivita-

433 4305 539 4350 tem
570 4295 763 4350 Paulus
788 4335 804 4361 ,
836 4293 1234 4362 draconemque
1255 4290 1569 4347 conscindet
1592 4332 1606 4354 ,
1633 4303 1689 4347 et
1715 4293 1832 4360 ejus
1861 4303 2021 4362 caput

429 4383 760 4454 amputabit.
795 4382 950 4449 Quod
996 4392 1073 4436 est
1110 4382 1324 4437 verbum
1362 4383 1476 4438 Dei.
1507 4386 1616 4438 Aut
1641 4383 1860 4454 jussutn
1898 4384 2023 4455 ejus

431 4475 522 4531 hic
549 4475 683 4530 dicit
718 4476 969 4541 verbum,
997 4481 1094 4528 aut
1125 4483 1481 4545 praeceptum,
1511 4477 1657 4545 quod
1691 4476 1924 4546 apostoli
1966 4477 2022 4532 in

430 4567 646 4623 nomine
675 4565 802 4622 Jesu
833 4564 1033 4620 Christi
1073 4565 1270 4635 ubique
1300 4567 1558 4620 miracula
1587 4567 1810 4622 edentes
1837 4569 2018 4639 profe-

431 4657 641 4714 rebant.
670 4655 900 4712 Tantum
936 4669 1035 4711 nos
1064 4656 1116 4710 in
1145 4656 1396 4713 omnibus
1420 4656 1770 4712 observemus
1788 4699 1804 4724 ,
1838 4667 1897 4714 ut
1925 4660 2017 4716 Dei

431 4760 698 4820 przecepta
725 4748 1089 4805 custodiamus
1116 4764 1130 4802 :
1164 4748 1210 4805 si
1235 4747 1382 4804 enim
1411 4748 1499 4804 illa
1523 4749 1800 4815 faciamus,
1832 4767 1928 4822 per
1953 4769 2016 4809 ea

431 4841 500 4897 de
527 4839 707 4896 medio
749 4841 1000 4896 tollemus
1027 4845 1083 4893 et
1127 4838 1438 4894 occidemus
1484 4839 1657 4910 ipsum
1685 4839 1972 4899 draconem
2000 4886 2015 4910 ,

433 4940 732 4987 tortuosum
774 4942 1108 5001 serpentem.
1153 4929 1250 4985 Hic
1294 4929 1422 4984 mihi
1454 4930 1574 4986 vide
1603 4931 1750 4986 Pauli
1779 4934 2013 5003 pruden-

434 5027 584 5079 tiatn.
613 5023 754 5098 Quia
775 5023 919 5078 enim
956 5019 1110 5083 dixit,
1145 5019 1384 5075 Poteritis
1407 5020 1508 5075 tela
1531 5021 1721 5077 diaboli
1749 5025 1895 5096 ignea
1923 5043 2012 5082 ea:-

432 5117 726 5187 stinguere;
755 5131 822 5170 ne
847 5115 991 5183 ipsos
1022 5113 1247 5179 inflaret,
1276 5113 1509 5169 ostendit
1529 5130 1623 5170 eos
1645 5117 1875 5171 maxime
1899 5133 2014 5172 0m-

433 5211 578 5264 nium
607 5209 674 5264 ad
705 5208 808 5263 hoc
837 5209 948 5262 Deo
972 5220 1108 5276 epus
1132 5206 1350 5262 habere.
1377 5208 1514 5274 Quid
1539 5208 1680 5264 enim
1712 5211 1886 5265 dicit?
1912 5211 2015 5268 Per

429 5317 628 5355 omnem
653 5300 932 5354 orationem
953 5307 999 5352 et
1021 5296 1434 5353 obsecrationem.
1467 5301 1544 5356 Ac
1563 5301 1608 5355 si
1629 5300 1852 5365 diceret,
1887 5302 2014 5360 Haec

429 5403 607 5458 erunt,
638 5399 694 5446 et
719 5399 886 5445 totum
915 5399 1063 5445 recte
1086 5391 1286 5461 geretis
1315 5401 1553 5446 orantes.
1588 5391 1887 5463 Numquam
1913 5410 2010 5449 an.

428 5492 541 5540 tem
565 5481 832 5540 accedens
856 5499 954 5555 pro
983 5493 1033 5538 te
1058 5484 1176 5540 solo
1203 5500 1352 5555 roga,
1383 5493 1437 5540 et
1465 5485 1544 5540 sic
1574 5485 1744 5541 Deum
1787 5486 2012 5546 habebis

429 5575 737 5646 propitium.
776 5572 873 5627 Per
900 5591 1120 5642 onmem,
1152 5575 1359 5646 inquit,
1389 5577 1672 5630 orationem
1695 5588 1744 5631 et
1771 5577 2010 5632 obsecra-
2057 5571 2060 5573 Α

426 5678 609 5723 tionem
631 5676 834 5722 orantes
873 5669 926 5722 in
950 5669 1084 5723 omni
1113 5679 1337 5738 tempore
1377 5670 1431 5722 in
1459 5669 1641 5737 spiritu
1661 5711 1678 5733 ,
1720 5681 1766 5723 et
1813 5664 1889 5724 ad
1916 5671 2011 5726 hoc

431 5760 598 5831 ipsum
626 5759 889 5832 vigilantes
914 5761 967 5814 iu
995 5762 1132 5816 omni
1157 5760 1401 5814 instantia
1420 5801 1436 5826 ,
1466 5769 1510 5813 et
1539 5762 1879 5816 obsecratione
1916 5779 2009 5833 pro

424 5854 653 5909 ontutbus
677 5851 885 5925 sanctis.
918 5850 995 5928 δε
1022 5849 1153 5925 mihi
1181 5848 1408 5906 deﬁnias
1437 5858 1675 5920 tempora
1705 5851 1807 5908 dici
1841 5853 2003 5909 :audi

3629 413 3732 470 l72

2147 515 2288 569 enim
2315 515 2439 585 quid
2463 515 2622 577 dicat,
2649 516 2714 570 lu
2739 522 2878 572 omni
2906 531 3126 591 tempore
3154 527 3370 582 accede.
3403 529 3529 583 Sine
3554 531 3723 588 inter-

2145 608 2680 688 missione,,inquit,
2713 621 2948 666 orantes.
3004 613 3119 669 Non
3163 617 3411 674 audivisti
3458 625 3734 692 quomodo

2145 698 2231 751 illa
2259 697 2416 751 vidua
2458 701 2728 767 superarit
2769 703 3127 759 assiduitate?
3159 723 3264 761 non
3294 710 3540 765 audivisti
3588 715 3728 766 ami-

2141 805 2262 843 cum
2291 789 2435 843 illum
2467 791 2638 845 Inedia
2666 804 2825 847 nocte
2846 809 2938 849 sua
2969 801 3364 864 perseverantia
3394 802 3726 873 impetraiiso

2141 881 2242 934 se?
2270 897 2374 934 non
2399 882 2646 938 audivisti
2673 884 2741 938 de
2769 885 3204 957 Syropha'ettissa,
3236 895 3506 962 quomodo
3540 913 3702 966 perpe

2143 979 2228 1023 tua
2278 986 2373 1025 sua
2428 973 2862 1044 interpellatione
2916 980 3198 1037 Dominum
3256 989 3611 1042 evocaverit?
3661 990 3722 1044 lli

2138 1075 2328 1116 omnes
2360 1063 2712 1133 impetrarunt
2738 1083 2832 1122 sua
2862 1069 3196 1127 assiduitate.
3228 1072 3444 1129 Orontes
3467 1118 3484 1142 ,
3516 1078 3685 1149 inquit
3705 1122 3721 1143 .

2138 1151 2191 1203 iu
2221 1153 2359 1206 omni
2387 1164 2614 1222 tempore
2642 1157 2694 1209 in
2723 1160 2923 1225 spiritu.
2957 1159 3070 1216 Hoc
3095 1173 3197 1227 est,
3229 1182 3347 1234 qua:
3372 1182 3437 1220 ex
3464 1169 3573 1223 Deo
3598 1181 3724 1226 suut

2137 1257 2458 1310 quaeramus,
2490 1245 2618 1300 nihil
2649 1249 2993 1315 mundanum,
3031 1255 3162 1319 nihil
3194 1257 3338 1326 quod
3369 1258 3433 1311 ad
3473 1259 3610 1315 hanc
3637 1263 3718 1315 vi-

2139 1344 2244 1388 tam
2275 1338 2561 1405 pertineat.
2592 1339 2709 1394 Non
2739 1342 2913 1396 solum
2940 1360 3092 1416 ergo,
3125 1347 3336 1416 inquit,
3379 1365 3516 1420 Opus
3549 1363 3635 1408 est
3667 1363 3724 1410 ut

2135 1439 2348 1481 oremus
2379 1429 2497 1485 sine
2519 1429 2920 1489 intermissione
2945 1477 2959 1499 ,
2993 1437 3087 1490 sed
3120 1439 3282 1493 etiam
3308 1449 3366 1494 ut
3395 1443 3719 1512 vigilantes;

2136 1514 2204 1568 Et
2231 1517 2418 1572 adhoc
2446 1520 2613 1588 ipsum
2643 1562 2658 1586 ,
2709 1523 2900 1594 inquit,
2953 1526 3241 1597 vigilantes.
3273 1529 3399 1588 Sive
3447 1535 3532 1588 hic
3580 1535 3723 1590 dicat

2136 1612 2588 1678 pernoctationes,
2614 1616 2727 1670 sive
2749 1617 2906 1672 etiam
2927 1620 3118 1674 anima:
3139 1623 3504 1687 sobrietatem,
3526 1637 3722 1682 utrum«

2133 1714 2236 1768 que
2261 1701 2506 1757 admitto.
2539 1703 2696 1758 Vides
2719 1708 2988 1775 quomodo
3013 1711 3257 1781 vigilaret
3284 1715 3368 1768 illa
3397 1717 3718 1783 Chanatnea,

2132 1800 2187 1844 et
2217 1792 2441 1848 Domino
2477 1812 2582 1850 non
2623 1799 2986 1866 respondente
3006 1843 3021 1866 ,
3051 1803 3144 1856 sed
3182 1805 3344 1859 etiam
3383 1810 3678 1876 repellente
3701 1851 3719 1877 ,

2132 1894 2186 1938 et
2233 1901 2350 1940 eam
2395 1902 2582 1942 canem
2620 1891 2943 1960 appellaute,
2976 1894 3062 1947 illa
3097 1895 3339 1963 diceret,
3373 1898 3562 1965 Etiam,
3615 1901 3720 1955 Do-

2131 1977 2265 2030 mine
2297 1994 2316 2031 :
2345 1995 2464 2031 nam
2504 1989 2550 2033 et
2595 1982 2770 2035 catelli
2816 1985 3082 2039 comedunt
3121 2004 3184 2041 ea:
3213 1989 3357 2044 micis
3383 2007 3498 2060 qua:
3532 1995 3721 2048 cadunt

2130 2087 2194 2125 ea:
2236 2090 2408 2127 mensa
2453 2077 2772 2131 dominorum
2819 2096 3029 2133 suorum
3077 2082 3290 2152 (Matth.
3337 2085 3421 2140 15.
3455 2085 3551 2156 20)
3578 2107 3591 2143 :
3622 2105 3720 2146 nec

2129 2165 2331 2220 destitit
2358 2177 2645 2238 antequam
2677 2182 2963 2242 assequuta
2997 2175 3095 2228 fuit
3125 2179 3482 2246 petitionem?
3512 2191 3569 2237 et
3593 2199 3718 2254 quo-

2127 2258 2290 2313 modo
2320 2259 2476 2314 vidua
2509 2261 2593 2315 illa
2625 2262 2915 2331 clamavit,
2965 2278 3018 2320 et
3066 2269 3266 2323 tamdiu
3317 2277 3714 2342 perseveravit,

2127 2353 2300 2408 donec
2332 2355 2534 2424 pudore
2564 2356 2805 2412 affecerit
2837 2361 3131 2430 principem
3159 2403 3175 2428 ,
3204 2366 3293 2434 qui
3342 2383 3516 2436 neque
3549 2369 3714 2424 Deum

2131 2446 2349 2501 timebat
2377 2487 2393 2512 ,
2437 2464 2609 2518 neque
2658 2449 2930 2505 hominem
2981 2455 3311 2509 verebatur?
3341 2467 3395 2511 et
3442 2463 3717 2528 quomodo

2128 2539 2332 2595 amicus
2359 2541 2678 2610 intempesta
2707 2553 2866 2597 nocte
2890 2548 3252 2613 perseveravit
3279 2589 3295 2612 ,
3323 2549 3496 2604 donec
3527 2554 3717 2608 effece-

2127 2635 2198 2689 rit
2224 2644 2280 2690 ut
2307 2635 2592 2706 vigilaret,
2622 2651 2716 2691 sua
2745 2638 3058 2694 assiduitate
3104 2641 3321 2698 incusso
3366 2645 3439 2698 illi
3471 2645 3716 2716 pudore?

2129 2725 2243 2781 Hoc
2270 2736 2351 2782 est
2382 2728 2624 2798 vigilare.
2658 2728 2750 2784 Vis
2791 2729 3001 2786 discere
3041 2733 3270 2802 vigiliam
3300 2736 3492 2791 animm
3519 2738 3542 2790 ?
3583 2739 3716 2795 vade

2127 2819 2191 2873 ad
2221 2819 2452 2882 Annam,
2478 2830 2532 2875 et
2555 2820 2679 2875 audi
2703 2822 2863 2876 verba
2887 2823 3006 2890 ejus
3031 2843 3041 2877 :
3069 2825 3290 2892 Adonai,
3318 2825 3433 2883 Elei
3487 2829 3716 2886 Sabaoth

2131 2909 2207 2978 (l.
2241 2909 2368 2981 (leg.
2400 2911 2453 2964 l.
2489 2912 2600 2981 ll).
2633 2912 2746 2966 lmo
2777 2929 2907 2967 vero
2931 2914 3055 2969 audi
3096 2932 3215 2985 qua:
3267 2917 3355 2972 illa
3387 2921 3548 2976 verba
3579 2939 3714 2991 pra:-

2127 3012 2425 3057 cesseruut.
2455 3002 2837 3069 Surrexerunt,
2871 3005 3060 3076 inquit,
3091 3023 3280 3064 omnes
3307 3026 3336 3065 a
3369 3029 3554 3068 tttensa
3583 3035 3595 3070 :
3625 3017 3713 3072 illa

2128 3107 2257 3147 vero
2282 3108 2388 3146 non
2416 3092 2482 3147 ad
2508 3108 2755 3149 somnum
2779 3105 2863 3150 est
2891 3112 3151 3153 conversa
3179 3140 3194 3162 ,
3227 3116 3332 3155 non
3360 3102 3424 3155 ad
3451 3105 3710 3172 quietem.

2133 3182 2282 3238 Unde
2311 3183 2441 3238 mihi
2471 3183 2681 3240 videtur
2706 3186 2868 3240 etiam
2899 3187 2951 3241 in
2979 3203 3160 3243 mensa
3193 3191 3402 3247 sedisse
3427 3195 3580 3256 levis.
3614 3214 3715 3253 nec

2129 3268 2250 3331 ullis
2274 3277 2408 3334 cibis
2433 3288 2679 3347 gravata,
2708 3279 2909 3350 alioqui
2938 3297 3044 3336 non
3089 3291 3192 3337 tam
3235 3283 3432 3341 multas
3451 3288 3718 3346 emisisset

2129 3369 2412 3440 lacrymas.
2437 3369 2568 3424 Nam
2591 3370 2634 3424 si
2660 3386 2776 3435 nos,
2802 3386 2921 3426 cum
2945 3388 3129 3428 sumus
3146 3375 3337 3444 jejuni,
3361 3379 3447 3432 vis
3474 3395 3712 3450 oramus,

2129 3463 2237 3518 imo
2287 3478 2417 3518 vero
2459 3479 2526 3518 ne
2571 3465 2650 3519 sic
2694 3464 2912 3535 quidem
2964 3482 3217 3538 umquam
3259 3484 3476 3525 eratnus
3505 3490 3519 3528 :
3548 3475 3716 3530 multo

2127 3555 2298 3626 magis
2329 3555 2418 3610 illa
2455 3566 2577 3626 post
2606 3572 2847 3612 mensam
2893 3574 2999 3612 non
3038 3571 3274 3625 orasset,
3321 3563 3424 3618 nisi
3459 3565 3620 3620 etiam
3660 3569 3714 3622 in

2125 3663 2310 3702 mensa
2351 3647 2540 3704 fuisset
2568 3650 2761 3705 similis
2783 3651 3178 3721 jejunantihus.
3211 3654 3318 3711 Nos
3344 3657 3488 3711 viros
3513 3660 3718 3728 pudore

2126 3739 2399 3794 sulfundat
2427 3741 2542 3796 hmc
2563 3743 2793 3805 mulier;
2826 3759 2922 3797 nos
2948 3744 3147 3813 pudeat
3166 3747 3258 3816 qui
3279 3763 3375 3817 pro
3401 3765 3567 3821 regno
3586 3769 3713 3823 sup.

2128 3830 2387 3900 plicamus
2413 3841 2469 3888 et
2495 3833 2813 3902 oscitamus,
2845 3835 2987 3904 quod
3011 3851 3073 3891 ea
3102 3847 3220 3892 oret
3255 3853 3352 3908 pro
3379 3840 3487 3897 ﬁlio
3513 3852 3569 3898 et
3598 3842 3715 3899 fun-

2126 3921 2220 3976 dat
2245 3923 2527 3993 l-tcrymas.
2559 3923 2625 3978 Et
2645 3926 2799 3990 stetit,
2830 3926 3020 3996 inquit,
3048 3944 3217 3982 coram
3242 3928 3484 4000 Domino,
3511 3944 3559 3990 et
3587 3935 3714 4005 quid

2126 4012 2298 4067 dicit?
2324 4013 2526 4068 Adonai
2557 4013 2794 4077 Domine,
2827 4015 2948 4070 Eloi
2976 4017 3209 4073 sabaoth.
3245 4020 3298 4075 ld
3327 4033 3410 4077 est
3437 4034 3637 4091 autem,
3667 4029 3712 4082 si

2129 4105 2519 4174 interpreteris,
2551 4107 2779 4162 Domine
2803 4108 2943 4163 Deus
2966 4109 3219 4165 virtutum
3241 4127 3336 4167 seu
3357 4117 3712 4173 exercituum.

2127 4197 2383 4266 Linguam
2434 4199 2836 4268 pra-currebant
2878 4201 3176 4274 lacrymae;
3223 4205 3310 4260 his
3356 4208 3609 4278 sperabat
3647 4226 3708 4266 se

2129 4289 2294 4343 Deum
2317 4305 2438 4345 esse
2460 4291 2740 4346 flexuram.
2760 4291 2863 4348 Ubi
2883 4303 3006 4350 sunt
3027 4296 3296 4368 lacrymaz,
3320 4301 3540 4358 omnino
3555 4303 3714 4358 etiam

2129 4379 2241 4436 illic
2269 4392 2352 4436 est
2375 4382 2596 4438 afflictio
2622 4401 2636 4438 :
2662 4384 2748 4438 ubi
2776 4394 2954 4441 autem
2983 4397 3065 4442 est
3093 4388 3336 4453 afﬂictio,
3368 4392 3478 4448 illic
3501 4409 3716 4465 quoque

2128 4483 2210 4527 est
2239 4474 2402 4528 multa
2431 4474 2770 4546 philosophia
2797 4487 2852 4533 et
2880 4481 3127 4536 attentio.
3166 4483 3229 4537 Si
3251 4485 3487 4551 audiens,
3517 4487 3711 4558 inquit,

2127 4569 2373 4622 emudias
2396 4571 2677 4626 orationem
2701 4573 2904 4628 ancillis
2932 4584 3050 4640 tute,
3078 4585 3127 4630 et
3157 4576 3356 4633 dederis
3383 4580 3509 4633 mihi
3527 4581 3714 4650 ﬁlium,

2126 4660 2257 4716 dabo
2285 4663 2457 4728 ipsum
2505 4661 2726 4719 Domino
2758 4674 2864 4720 toto
2907 4676 3155 4737 tempore.
3203 4668 3320 4724 Non
3347 4671 3517 4738 dixit,
3557 4674 3716 4729 Anno

2126 4769 2254 4816 uno,
2281 4763 2376 4808 aut
2403 4753 2612 4810 duobus
2638 4798 2653 4822 ,
2693 4755 2838 4812 sicut
2879 4773 3012 4822 nos;
3048 4774 3149 4814 nec
3177 4759 3352 4828 dixit,
3400 4762 3456 4819 Si
3499 4762 3716 4820 dederis

2125 4847 2256 4902 mihi
2287 4847 2456 4901 lilium
2482 4887 2496 4912 ,
2525 4847 2600 4902 do
2624 4849 2881 4918 pecunias
2902 4866 2922 4916 ;
2947 4850 3074 4914 sed.
3104 4850 3284 4920 Ipsum
3313 4853 3514 4910 donum
3545 4856 3714 4912 reddo

2126 4939 2414 5010 integrum,
2452 4939 2868 5010 primogenitum
2889 4983 2904 5006 ,
2935 4943 3196 4997 orationis
3224 4943 3416 4998 filium.
3448 4945 3575 5001 Haec
3603 4945 3710 5001 filia

2123 5039 2241 5086 erat
2287 5030 2541 5085 Abrahae.
2596 5030 2690 5086 llle
2732 5039 2913 5087 autem
2961 5042 3176 5103 rogatus
3209 5049 3331 5089 eum
3360 5034 3548 5101 dedit;
3595 5035 3710 5107 ipsa

2124 5136 2253 5176 vero
2272 5120 2420 5176 dedit
2439 5121 2600 5176 etiam
2621 5130 2744 5177 ante
2767 5123 3101 5193 petitionem.
3124 5124 3230 5180 Sed
3260 5125 3384 5180 hinc
3402 5127 3564 5182 etiam
3589 5128 3714 5184 vide

2125 5211 2243 5281 ejus
2266 5212 2538 5281 pietatem.
2577 5210 2686 5266 Vox
2707 5213 2841 5282 ejus,
2867 5213 3059 5282 inquit,
3083 5231 3186 5270 non
3209 5216 3550 5284 audiebatur;
3576 5219 3715 5273 labra

2123 5314 2292 5357 autem
2323 5303 2432 5373 ejus
2456 5303 2802 5357 movebantur.
2833 5303 2924 5359 Sic
2953 5305 3162 5360 accedit
3190 5306 3258 5360 ad
3287 5307 3451 5362 Deum
3479 5308 3570 5380 qtti
3598 5309 3712 5364 vult

2127 5398 2414 5466 impetrare.
2436 5436 2450 5458 .
2480 5411 2586 5450 non
2616 5395 2796 5451 mollis
2821 5406 2877 5452 et
2917 5397 3142 5467 ignavus
3169 5440 3187 5467 ,
3215 5414 3392 5470 neque
3439 5402 3708 5467 oscitans.

2125 5503 2226 5542 nec
2249 5484 2575 5552 dissolutus,
2609 5503 2785 5558 neque
2825 5502 2886 5544 se
2912 5488 3111 5546 fricans
3135 5531 3153 5557 ,
3180 5506 3357 5562 neque
3399 5501 3618 5563 torpens
3647 5509 3711 5553 ac

2125 5577 2423 5649 negligens.
2477 5579 2671 5632 Annon
2721 5577 2865 5633 enim
2914 5588 3127 5648 poterat
3173 5579 3302 5637 dare
3358 5582 3502 5638 Deus
3545 5583 3706 5638 etiam

2122 5670 2328 5738 absque
2346 5668 2634 5724 oratione?
2661 5684 2729 5723 an
2759 5669 3036 5724 nesciebat
3057 5671 3222 5726 etiam
3247 5681 3374 5728 ante
3395 5674 3706 5744 petitionem

2121 5759 2364 5815 mulieris
2383 5758 2750 5815 desiderium?
2777 5760 2873 5839 sed
2900 5759 2945 5816 si
2969 5759 3205 5818 dedisset
3226 5773 3352 5819 ante
3371 5764 3706 5834 petitionem.

2123 5868 2228 5910 non
2260 5851 2596 5924 apparuisset
2628 5850 2868 5908 mulieris
2897 5853 3062 5912 animi
3084 5854 3357 5924 alacritas,
3388 5871 3494 5912 nun
3523 5855 3713 5912 fuisset
