4170 6532
441 408 540 463 ΠΙ

426 527 542 589 τοῖς
568 523 755 587 πόνοις
773 522 877 592 τήν
892 523 1083 576 ἐλπίδα
1109 523 1547 595 προϐαλλόμενος
1574 525 1669 580 καὶ
1697 526 1796 597 τήν
1819 525 2023 591 πίστιν,

424 614 653 685 ἄτρωτα
663 612 849 664 ἐκεῖνα
860 611 1018 683 διατη
1026 614 1092 682 ρή
1101 628 1157 664 σε
1167 631 1232 675 ις.
1260 612 1589 667 Πιστεῦσαι
1606 613 1705 666 δεῖ
1716 613 1824 667 τὸν
1838 628 2026 680 προσ-

422 706 763 771 ερχόμενον
792 701 874 767 τῷ
905 700 1049 767 Θεῷ,
1080 702 1169 756 ὅτι
1199 702 1356 766 ἔστι,
1398 703 1499 759 καί
1527 703 1654 768 τοῖς
1674 702 2030 771 ἐκζητοῦσιν

419 789 617 844 αὑτὸν
627 789 1091 859 μισθαποδότης
1111 791 1363 859 γίνεται.
1407 790 1468 843 Ἡ
1488 790 1665 854 πίστις
1689 790 1880 861 θυρεός
1910 792 2029 844 ἐστι

425 878 652 934 σκέπων
686 881 815 942 τοὺς
850 880 1205 950 ἀπεριέργως
1234 879 1591 943 πιστεύοντας
1612 897 1625 911 ο
1658 880 1756 932 ἐὰν
1786 878 1843 932 δὲ
1874 878 2024 947 σοφί-

426 986 612 1041 σματα
693 969 791 1022 καὶ
828 968 1083 1039 λογισμοὶ
1112 970 1209 1023 καὶ
1249 961 1495 1031 εύθῦναι,
1530 970 1632 1022 οὐκ
1664 968 1744 1021 ἔτι
1779 968 1899 1021 ἐστὶ
1929 967 2023 1020 θυ-

428 1056 571 1128 ρεὸς,
610 1057 752 1112 ἀλλά
786 1056 1111 1126 συμποδίξει
1139 1059 1307 1129 ἡμᾶς.
1330 1058 1569 1127 Τοιαύτη
1593 1057 1734 1110 ἔστω
1765 1057 1797 1127 ἡ
1821 1055 2022 1121 πίστις,

424 1142 567 1197 ὥστε
601 1143 1013 1213 συγκαλύπτειν
1035 1145 1130 1198 καὶ
1149 1145 1468 1211 συσκιάζειν
1491 1145 1552 1197 τὸ
1574 1147 1701 1200 πᾶν.
1730 1145 1822 1215 Μὴ
1845 1145 2025 1197 τοίνυν

424 1231 568 1286 ἔστω
616 1232 874 1304 βραχεῖα,
900 1232 1044 1287 ὥστε
1076 1235 1319 1304 γυμνοὺς
1352 1234 1480 1297 τοὺς
1527 1233 1717 1296 πόδας,
1746 1233 1779 1303 ἦ
1808 1232 1937 1287 ἀλλο
1972 1249 2025 1286 τι

425 1326 596 1399 μέρος
634 1326 755 1397 ὲᾷν,
782 1325 901 1380 ἀλλ’
925 1324 1066 1379 ἔστω
1090 1324 1409 1397 σύμμετρος
1435 1325 1464 1376 ὁ
1495 1325 1707 1396 θυρεός.
1742 1328 2023 1392 118:;va-

415 1414 597 1485 μένα.
636 1413 835 1468 Πολλοὶ
863 1413 975 1484 γὰρ
1016 1414 1363 1485 διαλογισμοὶ
1396 1415 1495 1485 τὴν
1535 1413 1717 1484 ψυχὴν
1752 1414 2019 1478 καίοντες,

421 1503 622 1557 πολλαὶ
645 1502 899 1575 ἀπορίαι,
924 1501 1119 1556 πολλαὶ
1145 1503 1474 1574 ἀμηχανίαι,
1494 1504 1629 1556 άλλά
1656 1503 1832 1555 πάντα
1852 1502 2021 1564 ὅντως

417 1594 455 1663 ἡ
486 1592 677 1655 πίστις
706 1590 1005 1645 ἀναπαύει.
1046 1590 1225 1644 Πολλά
1254 1592 1465 1662 ἐνίησιν
1492 1591 1521 1643 ὁ
1557 1591 2021 1658 διάϐολος,ὲμπυ-

422 1681 594 1753 ρίζων
619 1680 781 1752 ήμῶν
800 1679 903 1752 τήν
925 1679 1129 1753 ψυχὴν,
1156 1680 1249 1733 καὶ
1277 1682 1358 1745 εἰς
1382 1680 1717 1752 ἀμφιϐολίαν
1741 1679 1913 1747 ἄγων,
1942 1678 2018 1742 ὼς

420 1770 765 1839 ὅτανλέγωσί
780 1786 948 1834 τινες·
967 1766 1116 1841 Ἀρα
1146 1770 1448 1834 ἀνάστασις
1471 1771 1619 1824 ἔστιν
1637 1787 1651 1835 ;
1672 1765 1782 1841 ἆρα
1803 1768 2016 1840 κρίσιςς

421 1856 535 1931 ἆρα
565 1858 959 1924 ἀνταπόδοσιςς
1007 1858 1148 1912 Ἀλλ’
1177 1858 1275 1913 εάν
1304 1858 1397 1912 τὸν
1429 1858 1623 1928 θυρεὸν
1651 1860 1751 1928 τῆς
1777 1857 2018 1918 πίστεως

423 1947 591 2022 ἔχῃς,
636 1946 851 2009 σϐέσεις
894 1949 956 2000 ὲν
989 1947 1129 2017 αὐτῇ
1163 1945 1235 1999 τὰ
1269 1946 1399 2019 βέλη
1433 1945 1528 1999 τοῦ
1564 1944 1834 1999 διαϐόλου.
1880 1944 2013 1996 Ἐπ-

428 2036 597 2107 ἧλθεν
618 2036 811 2100 ἄτοπός
831 2053 921 2101 τις
952 2037 1011 2089 ὲν
1041 2036 1125 2089 σοὶ
1155 2034 1445 2105 ἐπιθυμία,
1473 2033 1688 2107 ἀνήφθη
1718 2033 1832 2103 πῦρ
1867 2032 2021 2086 ἔνδον

433 2125 687 2197 πονηρῶν
713 2123 998 2196 λογισμῶν
1023 2141 1037 2189 ;
1078 2121 1366 2195 Πρώαλοῦ
1396 2122 1498 2194 τὴν
1525 2116 1713 2175 πίστιν
1740 2121 1853 2173 τῶν
1883 2120 2015 2190 μελ-

425 2213 626 2268 λόντων
654 2213 901 2282 ἀγαθῶν,
944 2211 1040 2265 καὶ
1070 2211 1192 2265 οὐδὲ
1227 2213 1503 2281 φανεῖται,
1548 2209 1667 2263 ἀλλ’
1707 2208 2015 2263 ἀπολεῖται.

418 2302 629 2357 Πάντα
656 2305 731 2358 τὰ
769 2302 932 2372 ,βέλη
955 2318 971 2335 ·
1011 2303 1073 2355 ού
1112 2300 1183 2355 τά
1213 2304 1312 2371 μὲν
1351 2302 1461 2367 ναὶ,
1490 2300 1559 2353 τὰ
1607 2299 1662 2353 δὲ
1693 2297 1776 2353 οὗ.
1816 2298 2017 2352 ’Ἄκουε

416 2389 515 2446 τοῦ
540 2390 763 2446 Παύλου
794 2391 1051 2461 λέγοντος
1074 2402 1087 2416 '
1114 2388 1431 2459 Λογίζομαι
1453 2390 1583 2458 γὰρ,
1624 2387 1715 2441 ὅτι
1734 2389 1845 2443 οὐκ
1876 2386 2019 2451 ἄξια

414 2481 491 2536 τὰ
510 2481 837 2552 παθήματα
854 2481 961 2536 τοῦ
978 2481 1097 2536 νῦν
1118 2480 1332 2549 καιροῦ
1353 2482 1504 2549 πρὸς
1526 2479 1642 2548 τὴν
1656 2478 2020 2550 μέλλουσαν

419 2570 618 2636 δόξαν
644 2570 1158 2642 ἀποκαλυφθῆναι
1180 2572 1267 2637 είς
1291 2569 1470 2640 ἡμᾶς.

500 2653 669 2726 Ὀρᾷς
702 2655 849 2709 πόσα
896 2654 1026 2725 βέλη
1067 2655 1190 2707 τότε
1223 2653 1456 2707 ἔσϐεσαν
1499 2654 1549 2707 οί
1574 2651 1809 2718 δίκαιοι;
1850 2651 1921 2705 Ἢ
1955 2652 2016 2706 ού

413 2744 567 2797 δοκεῖ
610 2760 694 2797 σοι
724 2742 880 2814 βέλος
924 2740 1067 2797 εἶναι
1112 2741 1512 2813 πεπυρωμένον
1543 2741 1606 2794 τὸ
1636 2740 1889 2795 καίεσθαι
1926 2740 2018 2795 τὸν

415 2831 771 2904 πατριάρχην
790 2831 868 2902 τῷ
890 2830 1041 2885 ἔνδον
1062 2830 1198 2903 πυρὶ
1218 2831 1309 2885 τὸν
1332 2831 1449 2885 υίὸν
1473 2830 1884 2903 προσφέροντα;
1906 2831 2019 2885 Kal

414 2919 571 2974 ἄλλοι
599 2920 657 2974 δὲ
703 2919 905 2974 δίκαιοι
951 2920 1129 2974 πάντα
1170 2918 1336 2972 αὑτοῦ
1376 2918 1446 2971 τὰ
1487 2919 1617 2990 βέλη
1654 2919 2016 2974 κατέσϐεσαν.

423 3011 528 3064 ’Ἂν
553 3027 617 3063 τε
660 3006 755 3064 οὖν
794 3009 1049 3082 λογισμοὶ
1079 3008 1605 3079 ἐπιστρατεύωνται,
1647 3006 1853 3081 ταύτην
1882 3025 2017 3078 προ⁶

416 3099 738 3171 ϐαλώμεθα,
765 3098 833 3154 ἀν
862 3117 923 3154 τε
957 3099 1250 3171 ἐπιθυμίαι
1280 3098 1495 3163 ἄτοποι,
1522 3097 1698 3170 ταύτῃ
1730 3098 2015 3170 χρώμεθα,

414 3188 484 3243 ἀν
514 3206 575 3242 τε
602 3188 757 3242 πόνοι
794 3189 890 3243 καὶ
924 3188 1328 3261 ταλαιπωρίαι,
1357 3188 1452 3241 ἐπὶ
1481 3186 1687 3259 ταύτην
1714 3186 2015 3242 ἀναπαυὼ-

420 3277 563 3347 μεθα
586 3295 602 3310 ο
633 3277 855 3331 πάντων
899 3276 1009 3331 τῶν
1047 3276 1231 3331 ὅπλων
1274 3274 1413 3347 αὓτη
1452 3277 1570 3329 ἐστὶ
1610 3275 2014 3347 φυλακτήριον·

414 3366 484 3420 ἂν
515 3366 591 3438 μὴ
626 3365 835 3436 ταύτην
864 3363 1100 3436 ἔχωμεν,
1136 3364 1370 3420 κάκεῖνα
1404 3364 1617 3434 ταχέως
1647 3363 2015 3435 τρωθήσεται.

430 3455 558 3508 Ἐπί
584 3452 759 3518 πᾶσι,
780 3453 968 3525 φησὶν,
996 3453 1411 3518 ἀναλαϐόντες
1431 3452 1539 3505 τὸν
1553 3452 1771 3521 θυρεὸν
1792 3451 1904 3521 τῆς
1923 3452 2018 3505 πί-

417 3557 635 3608 στεως.
665 3542 730 3594 Τί
761 3544 933 3605 ἐστιν,
976 3542 1109 3596 Ἐπὶ
1131 3539 1284 3597 πᾶσι
1304 3557 1323 3604 ;
1343 3541 1452 3595 Kal
1476 3542 1534 3593 ὲν
1554 3543 1620 3611 τῇ
1647 3539 1891 3611 ἀληθείᾳ,
1922 3540 2016 3593 καὶ

416 3633 477 3684 ὲν
502 3633 570 3702 τῇ
587 3629 929 3702 δικαιοσύνῃ,
948 3631 1044 3684 καὶ
1062 3630 1120 3682 ὲν
1138 3632 1206 3701 τῇ
1224 3628 1516 3699 ἑτοιμασίᾳ
1538 3627 1633 3681 τοῦ
1654 3626 2011 3696 Εὐαγγελίου.

416 3719 703 3785 Τουτέστι,
755 3717 963 3790 ταύτης
1009 3718 1189 3770 πάντα
1233 3716 1409 3770 ταῦτα
1446 3715 1660 3787 χρῄζει.
1707 3716 1807 3768 Διὰ
1856 3713 2016 3768 τοῦτο

415 3809 693 3876 ἐπήγαγεο
719 3807 831 3862 Καὶ
853 3806 969 3875 τὴν
983 3805 1461 3875 περικεφαλαίαν
1475 3802 1583 3859 τοῦ
1601 3804 1899 3872 σωτηρίου
1921 3802 2016 3857 δέ·

416 3897 645 3962 ξασθε,
676 3896 979 3961 τουτέστιν,
1014 3897 1072 3948 ὲν
1106 3895 1378 3965 ἀσφαλείᾳ
1408 3894 1597 3947 λοιπὴν
1636 3892 1889 3963 γενέσθαι
1927 3892 2017 3947 διὰ

414 3984 628 4053 ταύτης
673 3983 1004 4055 δυνήσεσθε,
1056 3984 1152 4037 καὶ
1204 3983 1381 4036 πάντα
1424 3980 1671 4036 κίνδυνον
1730 3983 2011 4050 ἐκφυγεῖν.

417 4070 694 4141 Καθάπερ
725 4070 835 4142 γὰρ
864 4072 898 4141 ή
930 4069 1335 4141 περικεφαλαία
1356 4068 1623 4123 πάντοθεν
1648 4070 1893 4140 ἀκριϐῶς
1919 4088 2013 4123 xa-

416 4161 699 4215 λύπτουσα
731 4161 831 4233 τὴν
861 4160 1125 4230 κεφαλὴν,
1157 4160 1259 4213 οὐκ
1296 4158 1488 4229 ἀφίησί
1517 4177 1571 4213 τι
1598 4159 1769 4213 δεινὸν
1798 4159 2012 4224 παθεῖν,

414 4250 558 4304 ἀλλά
589 4249 753 4315 σώζει
772 4267 786 4280 ·
819 4249 963 4303 οὕτω
986 4252 1080 4303 καὶ
1109 4250 1143 4321 ἡ
1179 4249 1363 4310 πίστις
1397 4248 1523 4301 ἀντὶ
1555 4247 1753 4317 θυρεοῦ
1781 4248 2012 4317 γίνεται,

417 4340 516 4393 καὶ
542 4340 669 4394 ἀντὶ
691 4338 1128 4410 περικεφαλαίας
1158 4337 1453 4408 σωτηρίου.
1488 4338 1584 4389 Ἂν
1613 4337 1897 4407 σϐέσωμεν
1919 4336 2015 4389 αύ-

414 4426 515 4481 τοῦ
557 4427 625 4481 τά
677 4427 829 4499 βέλη,
865 4426 1074 4499 ταχέως
1107 4427 1361 4489 καὶτοὺς
1402 4423 1677 4489 σώζοντας
1717 4424 2013 4497 λογισμοὺς

302 4584 309 4589 _
414 4513 692 4585 δεξόμεθα
707 4515 836 4579 τοὺς
859 4515 921 4568 τὸ
946 4514 1276 4587 ἡγεμονικὸν
1298 4513 1457 4586 ἡμῶν
1482 4512 1585 4567 οὐκ
1598 4512 1805 4576 eam;
1832 4531 1885 4567 τι
1910 4531 2015 4567 πα-

416 4603 557 4656 θεῖν.
599 4602 727 4657 Ἐἀν
749 4603 861 4675 γὰρ
885 4596 1032 4657 οὗτοι
1058 4600 1421 4657 σϐεννύωνται
1444 4602 1493 4654 οί
1517 4600 1772 4671 λογισμοὶ
1794 4602 1844 4654 οί
1860 4601 2015 4655 ἐναν-

414 4691 777 4761 τίοι,ταχέως
801 4692 852 4746 οί
888 4691 964 4764 μὴ
992 4689 1248 4756 τοιοῦτοι,
1278 4688 1416 4744 ἀλλά
1447 4687 1714 4753 σώζοντες
1743 4689 1891 4760 ἡμᾶς
1920 4689 2016 4743 καὶ

413 4778 706 4844 εὐέλπιδας
741 4779 1122 4845 ποιοῦντες,ὲν
1143 4781 1279 4851 ήμῖν
1305 4777 1685 4850 τεχθήσονται,
1718 4779 1813 4832 καὶ
1844 4778 2014 4833 καθά-

414 4884 526 4939 περ
561 4866 969 4939 περικεφαλαία
1016 4869 1082 4939 τῇ
1122 4866 1356 4939 κεφαλῇ,
1387 4866 1469 4937 τῷ
1498 4866 1814 4939 ἡγεμονικῷ
1854 4866 2014 4938 ἡμῶν

411 4955 781 5025 ἐγκείσονται.

491 5049 565 5112 7'.
589 5042 951 5117 [1851Καὶοὺ
970 5042 1129 5097 τοῦτο
1155 5044 1338 5115 μόνον,
1357 5041 1494 5098 ἀλλὰ
1509 5044 1603 5098 καὶ⁵
1616 5044 1714 5117 τὴν
1736 5047 2014 5120 μάχαιραν

361 5174 370 5182 .
410 5131 687 5207 δεξόμεθα
715 5133 811 5187 τοῦ
844 5133 1186 5204 Πνεύματος,
1219 5130 1362 5186 ὥστε
1396 5131 1597 5202 μηκέτι
1618 5132 2013 5203 ἀσφαλίζεσθαι

415 5221 624 5291 μόνον’
657 5221 729 5276 τὰ
760 5222 1112 5293 πεμπόμενα,
1146 5221 1285 5275 ἀλλά
1324 5221 1418 5275 καὶ
1450 5220 1617 5274 αὑτὸν
1634 5221 1892 5294 πλήττειν
1921 5222 2013 5279 τὸν

410 5309 687 5366 διάϐολον.
728 5310 893 5382 Ψυχὴ
949 5310 1058 5383 γὰρ
1114 5311 1189 5382 μὴ
1228 5308 1545 5379 ἀπογνοῦσα
1593 5311 1817 5382 ἑαυτῆς,
1880 5313 2013 5386 μηδὲ

411 5398 682 5470 δεχομένη
732 5398 803 5452 τὰ
858 5398 1239 5471 πεπυρωμένα
1278 5398 1432 5469 βέληι
1486 5398 1626 5469 μετά
1678 5398 1881 5469 πολλῆς
1915 5405 2015 5473 τῆς

410 5486 732 5558 προθυμίας
754 5488 1015 5558 στήσεται
1041 5486 1185 5542 κατὰ
1207 5486 1302 5541 τοῦ
1323 5486 1578 5559 Ἐχθροῦ.
1597 5488 1890 5560 ἁναρρήξει
1916 5492 2015 5543 αὑ-

410 5562 512 5629 τοῦ
539 5575 634 5629 τὸν
663 5575 893 5647 θώρακα
934 5578 1003 5646 τῇ
1038 5574 1281 5647 μαχαίρᾳ
1315 5572 1510 5648 ταύτῃ,
1552 5574 1619 5630 δι’
1648 5572 1717 5648 ἦς
1748 5577 2015 5650 ἀνέρρηξε

412 5658 513 5719 καὶ
545 5664 618 5717 τά
647 5664 903 5735 νοήματα
945 5663 1114 5718 αὐτοῦ
1142 5662 1539 5735 ῂχμαλὼτευσε
1578 5663 1792 5729 Παῦλος
1812 5682 1824 5695 ·
1876 5668 2014 5721 ἀπο-

411 5758 577 5827 τεμεῖ
611 5756 704 5809 καὶ
738 5755 1117 5829 καρατομήσει
1150 5755 1244 5808 τὸν
1267 5755 1555 5827 δράκοντα.
1585 5750 1659 5809 "0
1687 5756 1820 5812 ἐστι
1847 5755 2017 5828 ῥῆμα

478 5901 508 5930 ⁸
530 5899 876 5964 Supplcndum
900 5901 968 5957 είς
990 5898 1068 5950 vel
1090 5899 1227 5962 πρός.

1337 407 1403 463 IN
1445 408 1664 467 EPIST.
1696 411 1789 465 AD
1830 409 2072 466 EPHES.
2115 410 2269 467 CAP.
2307 410 2392 467 Vl.
2426 412 2660 468 HUMIL.
2703 414 2895 469 ΧΧΞΥ.

3620 423 3724 479 172

2140 525 2307 580 Θεοῦ.
2357 526 2539 599 Ῥἧμα
2588 528 2725 582 Θεοῦ
2775 530 2894 600 ἦτοι
2943 529 3003 584 τὸ
3054 531 3385 604 πρόσταγμά
3431 551 3598 604 φησιν
3642 536 3727 590 ὲν-

2132 612 2327 680 ταῦθα,
2367 615 2401 684 ἢ
2433 616 2494 669 τὸ
2525 616 2805 688 κέλευσμα
2827 633 2842 648 ο
2873 618 3011 690 ὅπερ
3046 621 3141 673 καὶ
3180 620 3243 673 οί
3264 622 3551 676 ἀπόστολοι
3589 624 3725 680 θαυ-

2133 702 2571 773 ματουργοῦντες
2600 705 2881 778 πανταχοῦ
2913 709 2971 761 ὲν
2998 706 3077 779 τῷ
3106 708 3333 780 ὀνόματι
3376 712 3553 782 Ἰησοῦ
3581 715 3718 784 Χρι-

2131 789 2258 843 στοῦ
2290 790 2498 860 ἔλεγον.
2535 792 2714 847 Μόνον
2743 796 2838 849 καὶ
2876 797 3037 866 ήμεῖς
3071 798 3130 849 ἐν
3162 800 3298 853 πᾶσι
3338 799 3407 853 τὰ
3445 802 3721 871 προστάγ-

2131 896 2280 949 ματα
2310 879 2405 933 τοῦ
2442 880 2577 934 Θεοῦ
2602 882 2953 955 διατηρῶμεν
2974 902 2988 915 ⁸
3022 886 3117 940 ἐὰν
3147 888 3255 957 γὰρ
3284 887 3528 959 ποιῶμεν
3557 889 3722 956 αὐτὰ,

2127 967 2216 1022 διά
2243 969 2453 1024 τούτων
2497 972 2663 1027 αὑτὸν
2693 972 2993 1044 ἀνελοῦμεν
3019 977 3114 1030 καὶ
3142 977 3441 1049 κτενοῦμεν
3466 979 3558 1033 τὸν
3591 980 3723 1051 δρά-

2128 1074 2325 1125 κοντα,
2347 1059 2439 1113 τὸν
2470 1059 2594 1130 ὅφιν
2623 1061 2715 1114 τὸν
2740 1061 2976 1119 σκολιόν.
3009 1066 3118 1118 Kal
3150 1067 3344 1120 σκόπει
3378 1085 3468 1138 μοι
3504 1067 3722 1123 σύνεσιν

2126 1145 2363 1201 ἐνταῦθα
2388 1147 2483 1202 τοῦ
2522 1149 2761 1205 Παύλου.
2810 1151 3031 1223 Ἐπειδὴ
3063 1152 3173 1223 γὰρ
3192 1150 3335 1221 εἷπε,
3366 1157 3721 1225 Δυνήσεσθε

2126 1234 2198 1288 τὰ
2212 1236 2372 1304 βέλη
2398 1235 2504 1291 τοῦ
2527 1236 2813 1294 διαϐόλου
2842 1239 2915 1293 τὰ
2942 1242 3341 1311 πεπυρωμένα
3366 1243 3603 1309 σϐέσαι,
3634 1246 3721 1299 ῖνα

2128 1323 2203 1394 μὴ
2242 1325 2442 1389 αὐτοὺς
2489 1327 2730 1398 φυσήσῃ,
2762 1327 3003 1381 δείκνυσι
3050 1330 3288 1399 μάλιστα
3334 1330 3553 1385 πάντων
3583 1333 3720 1403 πρὸς

2125 1411 2282 1466 τοῦτο
2315 1413 2410 1466 τοῦ
2446 1413 2582 1467 Θεοῦ
2610 1414 2921 1485 δεομένους.
2954 1416 3019 1470 Τί
3048 1417 3159 1488 γάρ
3186 1434 3321 1489 φησι
3345 1435 3361 1485 ;
3390 1418 3493 1472 Διὰ
3514 1420 3722 1489 πάσης

2122 1500 2475 1570 προσευχῆς
2500 1503 2599 1556 καί
2629 1502 2916 1570 δεήσεως.
2943 1505 3091 1558 Ὠσεὶ
3121 1505 3298 1574 έλεγε’
3328 1505 3515 1561 Ταῦτα
3546 1507 3720 1574 ἔσται,

2123 1591 2218 1642 καὶ
2238 1590 2618 1661 κατορθώσετε
2650 1591 2711 1646 τὸ
2735 1594 2843 1647 πᾶν
2870 1594 3304 1665 προσευχόμενοι
3326 1611 3339 1625 °
3372 1596 3645 1667 μηδέποτε
3663 1596 3721 1650 δὲ

2124 1677 2387 1745 προσιὼν,
2435 1678 2580 1750 ὑπὲρ
2616 1680 2819 1734 σαυτοῦ
2869 1682 3034 1752 μόνου
3082 1682 3260 1747 ἀξίου,
3296 1684 3394 1738 καὶ
3435 1682 3581 1738 οὕτω
3626 1686 3720 1738 τὸν

2122 1767 2254 1819 Θεὸν
2284 1769 2442 1820 ἵλεων
2467 1767 2634 1833 ἕξεις.
2664 1769 2770 1824 Διά
2788 1769 3015 1837 πάσης,
3048 1774 3206 1842 φησὶ,
3234 1772 3590 1842 προσευχῆς
3617 1776 3718 1829 καί

2121 1854 2387 1921 δεήσεως
2410 1858 2886 1928 προσευχόμενοι
2912 1859 2983 1913 ἐν
3003 1860 3184 1913 παντί
3209 1858 3413 1929 καιρῷ,
3449 1861 3520 1914 ἐν
3538 1862 3721 1916 πνεύ-

2117 1960 2277 2013 ματι,
2318 1945 2420 1998 καί
2443 1947 2532 2012 είς
2570 1946 2718 2001 αὐτὸ
2748 1946 2925 2001 τοῦτο
2962 1948 3418 2017 ἀγρυπνοῦντες
3458 1950 3529 2004 ὲν
3557 1949 3716 2019 πάσῃ

2121 2032 2665 2103 προσκαρτερήσει,
2706 2034 2805 2089 καί
2854 2034 3063 2104 δεήσει
3109 2036 3243 2105 περὶ
3300 2037 3545 2091 πάντων
3597 2035 3718 2092 τῶν

2121 2121 2329 2191 ἁγίων.
2363 2123 2454 2192 Μή
2483 2140 2572 2193 μοι
2592 2126 2820 2199 καιροὺς
2842 2125 2992 2195 ὅριζε
3018 2125 3119 2196 τῆς
3142 2125 3356 2197 ἡμέρας
3375 2140 3388 2155 '
3412 2127 3577 2181 ἀκουε
3607 2124 3716 2198 γάρ

2120 2209 2173 2263 τί
2202 2227 2400 2282 φησιν’
2446 2213 2551 2267 Ἑν
2577 2214 2757 2267 παντὶ
2791 2212 2977 2282 καιρῷ
3009 2214 3253 2286 πρόσιθι.
3306 2214 3714 2280 Ἀδιαλείπτως,

2122 2299 2277 2370 φησὶ,
2310 2300 2769 2373 προσευχόμενοι.
2813 2302 2930 2355 Ούκ
2959 2302 3201 2373 ἤκουσας
3235 2303 3335 2373 τῆς
3358 2305 3536 2373 χήρας
3569 2304 3717 2356 ὲκεί-

2120 2404 2241 2458 νης,
2275 2387 2394 2453 πῶς
2434 2391 2501 2461 τῇ
2541 2389 2869 2462 προσεδρείᾳ
2916 2390 3297 2461 περιεγένετος
3341 2392 3443 2445 οὐκ
3476 2392 3713 2461 ἤκουσας

2118 2474 2215 2529 τοῦ
2246 2475 2403 2545 φίλου
2437 2478 2649 2531 ἐκείνου
2686 2477 2782 2531 τοῦ
2811 2478 2994 2549 μέσων
3018 2478 3229 2533 νυκτῶν
3260 2481 3322 2550 τῇ
3344 2480 3561 2551 εὐτονία
3589 2479 3715 2533 δυσ-

2118 2566 2477 2637 ωπήσαντοςς
2509 2566 2613 2621 οὐκ
2655 2568 2900 2639 ἤκουσας
2935 2568 3065 2637 περὶ⁹
3111 2568 3214 2638 τῆς
3261 2568 3712 2639 Συροφοινίσσης,

2121 2653 2240 2718 πῶς
2263 2655 2331 2726 τῇ
2368 2654 2623 2727 συνεχείᾳ
2649 2656 2749 2724 τῆς
2779 2654 3074 2720 ἐντεύξεως
3099 2655 3192 2708 τὸν
3219 2656 3499 2726 Δεσπότην
3523 2656 3715 2721 ὲξεκα⁸

2118 2741 2343 2805 λέσατο;
2376 2734 2537 2797 οὗτοι
2570 2744 2770 2806 πάντες
2802 2745 2868 2814 τῇ
2896 2744 3226 2814 προσεδρείᾳ
3254 2745 3480 2815 ἤνυσαν.
3518 2749 3714 2813 Προσ-

2117 2829 2456 2899 ευχόμενοι,
2495 2831 2682 2902 φησὶν,
2710 2831 2780 2884 ἐν
2802 2831 2983 2883 παντὶ
3026 2830 3214 2900 καιρῷ
3265 2831 3339 2885 ἐν
3391 2834 3706 2903 πνεύματι.

2118 2918 2404 2983 Τουτέστι,
2427 2917 2509 2971 Τά
2550 2918 2695 2972 κατά
2728 2917 2862 2971 Θεὸν
2901 2917 3177 2990 ζητῶμεν,
3212 2918 3383 2990 μηδὲν
3418 2921 3707 2992 κοσμικόν,

2121 3006 2289 3079 μηδὲν
2316 3006 2586 3076 βιωτικόν.
2620 3006 2694 3059 Ub
2732 3004 2914 3059 τοίνυν
2947 3005 3042 3059 τοῦ
3084 3005 3447 3073 ἀδιαλείπτως
3479 3008 3715 3078 προσεύ-

2118 3096 2313 3167 χεσθαι
2360 3096 2522 3169 χρεία
2570 3096 2767 3167 μόνον,
2802 3095 2942 3150 ἀλλά
2990 3096 3084 3150 καὶ
3122 3097 3536 3166 ἀγρυπνοῦντας
3560 3114 3575 3131 ο
3603 3101 3715 3155 Καὶ

2116 3188 2205 3253 είς
2243 3184 2391 3241 αὐτὸ
2414 3227 2428 3251 ,
2465 3185 2666 3256 φησιν,
2700 3183 3176 3255 ἀγρυπνοῦντες.
3215 3186 3339 3239 Εἴτε
3382 3187 3717 3259 παννυχίδας

2118 3273 2354 3329 ἐνταῦθα
2382 3272 2555 3339 λέγει,
2586 3273 2697 3327 είτε
2727 3274 2827 3345 τὴν
2859 3271 3023 3343 νῆψιν
3054 3272 3156 3343 τῆς
3189 3273 3390 3346 ψυχῆς,
3426 3276 3714 3347 ἀμφότερα

2117 3363 2365 3435 δέχομαι.
2422 3362 2587 3434 Ὁρᾷς
2630 3359 2751 3425 πῶς
2780 3359 3055 3433 ὴγρύπνει
3083 3361 3269 3433 ἐκείνη
3316 3365 3350 3433 ἡ
3401 3364 3711 3430 Χαναναία,

2117 3452 2199 3506 δτι
2225 3449 2431 3504 καὶτοῦ
2458 3448 2668 3521 Κυρίου
2700 3448 2776 3521 μὴ
2791 3449 3253 3521 ἀποκρινομένου,
3283 3450 3420 3505 ἀλλά
3450 3452 3549 3507 καὶ
3577 3453 3713 3507 ἀπο-

2121 3540 2403 3609 σειομένου
2424 3577 2440 3600 ,
2486 3538 2580 3592 καὶ
2623 3538 2882 3610 κυνάριον
2924 3538 3099 3609 αὐτὴν
3130 3537 3496 3605 καλέσαντος,
3525 3541 3711 3613 ἐκείνη

2117 3627 2295 3695 ἔλεγε,
2325 3626 2458 3691 Ναί,
2488 3628 2687 3695 Κύριε,
2715 3626 2815 3680 καί
2845 3625 2918 3679 τὰ
2947 3625 3207 3695 κυνάρια
3237 3627 3427 3681 ἐσθίει
3446 3628 3569 3683 ἀπὸ
3593 3630 3713 3683 τῶν

2116 3716 2341 3785 ψιχίων
2365 3714 2483 3767 τῶν
2500 3714 2843 3768 πιπτόντων
2862 3713 2982 3767 ἀπὸ
3003 3711 3114 3781 τῆς
3135 3714 3435 3784 τραπέζης
3453 3715 3575 3771 τῶν
3602 3735 3711 3772 xv-

2109 3804 2263 3873 ρίων
2309 3800 2541 3856 αὐτῶν·
2589 3802 2684 3855 καὶ
2716 3802 2817 3855 οὐκ
2862 3802 3159 3873 ἀφίστατο,
3202 3804 3309 3866 ἓως
3340 3803 3574 3877 ἐπέτυχε
3613 3809 3712 3877 τῆς

2117 3891 2421 3960 αίτήσεως;
2452 3889 2573 3953 πῶς
2609 3889 2667 3942 δὲ
2697 3891 2729 3962 ή
2765 3890 2912 3961 χήρα
2942 3889 3125 3961 εκείνη
3162 3889 3385 3963 ἔκραζε,
3418 3894 3513 3947 καὶ
3545 3894 3710 3967 μέχρι

2116 3977 2371 4032 τοσούτου
2399 3977 2709 4048 ἐπέμεινεν,
2736 3977 2841 4043 ἓως
2869 3979 2993 4032 ὅτου
3024 3980 3115 4032 τὸν
3149 3980 3419 4051 ἄρχοντα,
3449 3982 3545 4035 τὸν
3570 3985 3710 4056 μήτε

2116 4062 2210 4119 τὸν
2249 4061 2384 4115 Θεὸν
2437 4061 2815 4131 φοϐούμενον,
2866 4063 3008 4134 μήτε
3046 4063 3335 4135 ἄνθρωπον
3388 4066 3711 4138 αἰδούμενον

2117 4150 2358 4223 ήδυνήθη
2392 4151 2745 4222 δυσωπῆσαις
2778 4151 2897 4216 πῶς
2928 4152 2988 4205 δὲ
3024 4152 3053 4204 ὁ
3084 4152 3241 4222 φίλος
3273 4156 3543 4225 ἐπέμενεν
3570 4157 3712 4229 ἀωρὶ

2116 4240 2226 4294 τῶν
2256 4239 2469 4295 νυκτῶν
2506 4240 2869 4313 παραμένων,
2899 4240 3005 4305 ἕως
3039 4242 3164 4297 ὅτου
3212 4244 3512 4316 ἐγερθῆναι
3563 4263 3711 4315 παρ-

2123 4330 2392 4385 εσκεύασε
2413 4371 2428 4396 ,
2452 4330 2782 4402 δυσωπήσας
2807 4332 3019 4385 ἐκεῖνον
3051 4335 3116 4405 τῇ
3147 4335 3508 4407 προσεδρείᾳς
3542 4336 3712 4391 Τοῦτό

2116 4421 2269 4474 ἐστιν
2310 4422 2632 4492 ἀγρυπνεῖν.
2684 4419 2873 4475 Βούλει
2919 4420 3113 4491 μαθεῖν
3141 4423 3455 4496 ἀγρυπνίαν
3491 4425 3708 4498 ψυχῆς

2116 4509 2274 4565 ἄπιθι
2301 4510 2438 4581 πρὸς
2458 4510 2557 4581 τὴν
2586 4511 2808 4575 Ἄνναν,
2842 4510 3074 4566 ἄκουσον
3097 4513 3279 4568 αὐτῶν
3305 4516 3416 4570 τῶν
3441 4518 3711 4589 ῥημάτων

2116 4594 2287 4664 αὐτῆς
2311 4610 2323 4625 ’
2367 4594 2641 4659 Ἀδωναϊ,
2691 4596 2861 4651 Ἐλωτ
2878 4597 3144 4654 Σαϐαὼθ.
3171 4600 3385 4655 Μᾶλλον
3418 4600 3476 4655 δὲ
3501 4602 3573 4656 τὰ
3604 4604 3711 4675 πρὸ

2114 4678 2224 4732 τῶν
2265 4679 2529 4751 ῥημάτων
2565 4681 2819 4735 ἄκουσον.
2879 4683 3217 4755 ’Δνέστησαν
3235 4727 3250 4752 ,
3292 4689 3451 4759 φησὶ,
3502 4689 3707 4755 πάντες

2116 4766 2227 4821 ἀπὸ
2254 4767 2354 4837 τῆς
2378 4767 2684 4840 τραπέζης,
2716 4769 2813 4823 καὶ
2842 4770 3027 4843 εκείνη
3059 4772 3262 4836 εὐθέως
3286 4773 3444 4847 μϐὀ]
3477 4777 3539 4829 οὐ
3570 4779 3710 4849 πρὸς

2116 4855 2285 4911 ὕπνον
2308 4857 2589 4928 ἐτρέπετο,
2618 4859 2681 4911 οὐ
2707 4857 2849 4929 πρὸς
2879 4859 3212 4915 ἀνάπαυσιν.
3240 4862 3405 4916 Ὅθεν
3442 4881 3533 4933 μοι
3560 4864 3712 4919 δοκεῖ

2116 4940 2210 4994 καὶ
2255 4941 2348 4994 ἐπὶ
2392 4942 2492 5011 τῆς
2531 4943 2813 5015 τραπέζης
2845 4943 3159 5016 καθημένη.
3193 4945 3371 5016 κούφη
3419 4965 3504 5011 τις
3543 4946 3705 5015 εἶναι,

2114 5027 2211 5080 καὶ
2246 5028 2323 5099 μή
2352 5027 2691 5100 βεϐαρῆσθαι
2725 5030 2916 5093 σιτίοις
2938 5032 3085 5085 τισίν
3104 5048 3119 5064 ⁸
3148 5033 3210 5087 οὑ
3241 5033 3350 5107 γὰρ
3379 5034 3447 5089 ἀν
3466 5034 3707 5091 τοσαῦτα

2114 5110 2269 5179 ἠφίει
2295 5111 2529 5184 δάκρυα.
2560 5112 2625 5166 El
2661 5113 2773 5184 γὰρ
2817 5114 2983 5185 ἡμεῖς
3014 5117 3237 5188 νήστεις
3274 5118 3432 5183 ὅντες
3462 5122 3555 5174 καὶ
3584 5119 3707 5173 ἄσιο

2114 5218 2220 5268 τοι,
2250 5201 2406 5273 μόλις
2438 5202 2615 5267 οὕτως
2659 5203 2955 5276 εὐχόμεθα,
3000 5207 3202 5278 μᾶλλον
3236 5209 3294 5264 δὲ
3320 5209 3577 5264 οὐδέποτε
3612 5210 3707 5263 οὓ-

2115 5302 2224 5348 τως
2253 5284 2550 5356 εὐχόμεθα,
2573 5286 2756 5360 πολλῷ
2792 5289 2996 5360 μᾶλλον
3025 5292 3209 5364 ἐκείνη
3243 5293 3387 5364 μετά
3422 5293 3705 5366 τράπεζαν

2115 5372 2217 5425 οὐκ
2239 5370 2307 5425 ἂν
2336 5371 2509 5438 οὓτως
2537 5372 2774 5446 ηὔξατο,
2803 5378 2854 5432 εί
2893 5379 2969 5452 μὴ
3000 5381 3095 5436 καὶ
3127 5382 3187 5437 έν
3210 5384 3277 5455 τῇ
3314 5381 3566 5456 τραπέζῃ
3594 5385 3708 5446 τοῖς

2117 5460 2330 5525 ἀσίτοις
2357 5460 2546 5532 ἐῴκει.
2578 5465 2972 5539 Αίσχυνθῶμεν
2999 5470 3050 5523 οί
3088 5468 3282 5542 ἀνδρες
3316 5471 3417 5543 τὴν
3448 5474 3703 5540 γυναῖκα,

2118 5548 2499 5621 αἰσχυνθῶμεν
2550 5554 2601 5605 οί
2655 5552 2797 5627 ὑπὲρ
2864 5554 3146 5625 βασιλείας
3208 5558 3547 5624 ἱκετεύοντες
3610 5560 3707 5616 καὶ

2118 5635 2471 5708 χασμώμενοι
2491 5639 2592 5711 τὴν
2613 5641 2754 5712 ὑπὲρ
2779 5643 2992 5697 παιδίου
3016 5644 3281 5719 δεομένην
3314 5648 3411 5703 καὶ
3436 5647 3709 5721 δακρύου-

2120 5742 2239 5779 σαν.
2272 5726 2381 5780 Καί
2416 5726 2698 5796 κατέστη,
2730 5730 2917 5801 φησὶν,
2952 5730 3213 5786 ἐνώπιον
3246 5735 3495 5804 Κυρίου,
3532 5738 3632 5793 καὶ
3658 5737 3710 5792 τί

2120 5828 2320 5882 (mm;
2378 5813 2629 5872 Ἀδωναῖ
2662 5818 2877 5888 Κύριε,
2919 5820 3089 5875 Ἑλωῒ
3133 5822 3398 5879 Σαϐαὼθ.
3443 5824 3617 5878 Τοῦτο
3653 5824 3713 5877 δὲ

2122 5896 2561 5971 ἐρμηνευόμενόν
2608 5902 2758 5972 ἐστι,
2799 5902 2971 5977 Κύριε
3011 5906 3041 5959 ὀ
3086 5903 3219 5977 Θεὸς
3254 5906 3363 5961 τῶν
3400 5906 3707 5976 δυνάμεων.
