4170 6516
522 360 620 413 Γῖἲ

506 478 811 549 ἰίροέτρεχε
857 478 955 547 τὴς
998 476 1244 548 γλώττης
1298 478 1368 532 τὰ
1418 479 1668 552 δάκρυαο
1706 481 1919 545 τούτοις
1969 485 2088 536 ἑπι-

1245 361 1303 416 S.
1342 361 1635 417 JOANNIS’
1662 361 2161 420 CIIRYSOSTOMI
2198 366 2519 428 ABCIIIEI’.
2564 374 3117 437 CONSTANTINOP.

3681 392 3784 451 174

2197 487 2400 552 αὐτοῦ,
2433 489 2576 561 ὑπέρ
2619 493 2868 566 εἰρήνης,
2917 497 3012 551 καὶ
3055 497 3314 562 λαϐόντες
3348 499 3545 572 ἔδησαν
3585 505 3784 572 αὐτοὺς

503 568 779 633 κάμπτειν
805 566 896 620 τὸν
941 566 1072 619 Θεὸν
1106 566 1355 665 ἤλπιζεν.
1390 568 1561 621 Ἔνθα
1588 569 1836 665 δάκρυα,
2194 575 2243 626 οἰ
2278 574 2579 647 ἄνθρωποι,
2620 581 2718 635 καί
2745 583 2868 637 οὐδὲ
2903 585 2995 640 τὸν
3029 587 3208 642 κοινὸν
3241 588 3404 659 νόμον
3428 566 3781 665 νήδέσθησαν,

501 657 621 708 ἐκεῖ
651 654 746 708 καὶ
779 654 994 723 nmmo
1038 653 1166 707 ἔνθα
1210 653 1409 723 θλίψις,
1447 656 1543 709 καὶ
1586 656 1875 726 φιλοσοφία
1914 656 2088 746 πολλὴ
2190 661 2276 713 ὅτι
2320 663 2351 715 ὀ
2397 664 2717 734 πρεσϐεύων
2747 671 3007 727 οὐδέποτε
3055 676 3259 746 πάσχει
3294 653 3348 730 τι
3388 653 3581 734 κακόν.
3626 653 3782 737 "An:

500 744 594 798 καὶ
617 743 881 815 προσοχή.
929 743 1071 796 Ἐὰν
1100 743 1340 797 ἀκούων
1370 745 1732 813 εἰσακούσῃ,
1781 746 1938 816 φησί,
1976 744 2087 814 τῆς
2191 748 2343 817 ὅμως
2372 752 2483 821 ἐγὼ
2515 756 2808 826 πρεσϐεύω
2835 761 2893 813 ὲν
2927 761 3134 816 ἁλύσει.
3174 743 3243 817 Ἦ
3285 763 3474 828 διλυσις
3504 767 3782 827 ἐπίκειται

497 828 846 899 προσευχῆς
880 828 990 896 τῆς
1035 828 1265 897 δούλης
1301 846 1438 894 σου,
1476 833 1576 884 καί
1625 831 1745 898 δῷς
1782 849 1884 902 μοι
1917 833 2081 896 υἰόν,

495 916 667 971 δώσω
697 918 883 971 αὑτὸν
910 916 1090 971 δοεινὸι⁸
1115 916 1196 983 τῷ
1225 919 1421 985 Κυρίῳ
1453 919 1652 973 πάντα
1689 922 1798 973 τὸν
1832 922 2080 990 χρόνον.

494 1007 608 1060 Οὐκ
631 1001 802 1070 εἶπεν,
828 1007 1075 1061 ἐνιαυτὸν
1095 1006 1256 1078 μόνον
1280 1007 1443 1078 ἢδύο,
1462 1009 1715 1080 καθάπερ
1735 1010 1899 1079 ἡμεῖς
1919 1026 1932 1038 ⁸
1957 1007 2081 1060 οὐδὲ

502 1088 679 1158 εἶπεν,
711 1093 843 1148 Ἐὰν
861 1094 968 1164 δῷς
1002 1111 1092 1165 μοι
1124 1095 1359 1160 παιδίον,
1389 1094 1583 1165 δίδωμι
1617 1098 1875 1168 χρήματα
1899 1109 1912 1123 ⁸
1938 1094 2079 1159 ἀλλ’,

512 1182 742 1253 Ὀλόκλη
753 1200 843 1252 ρον
870 1182 1004 1236 αὐτὸ
1038 1184 1101 1237 τὸ
1124 1183 1297 1256 δῶρον
1319 1183 1653 1254 ἀντιδίδωμι,
1671 1184 1765 1237 τὸν
1799 1184 2071 1255 πρωτότο-

490 1288 606 1335 κον,
654 1270 748 1323 τδν
804 1274 906 1341 τῆς
958 1271 1126 1340 εὐχῆς
1171 1272 1310 1327 υἰόν.
1365 1271 1514 1344 Αὕτη
1564 1272 1815 1344 θυγάτηρ
1865 1269 1934 1345 ἦν
1979 1271 2074 1325 τοῦ

498 1354 771 1429 Ἀϐραάμ.
809 1359 1045 1421 Ἐκεῖνος
1071 1358 1339 1430 αἰτηθεὶς,
1363 1359 1584 1413 ἔδωκεν·
1603 1358 1742 1431 αὕτη
1772 1360 1830 1413 δὲ
1855 1361 1952 1415 καὶ
1967 1359 2076 1431 πρὸ

484 1444 587 1516 τῆς
614 1446 884 1513 αἰτήσεως
906 1445 1140 1500 δίδωσιν.
1184 1445 1326 1500 Ἀλλ’
1351 1447 1454 1516 ὅρα
1488 1449 1583 1501 καὶ
1618 1447 1870 1501 ἐντεῦθεν
1898 1447 2073 1516 αὐτῆς

483 1534 583 1606 τὴν
609 1534 917 1589 εὐλάϐειαν.
941 1534 1117 1603 Φωνὴ
1140 1534 1554 1607 αὐτῆς.φησίν,
1573 1537 1971 1605 οὐκήκούετο,
1998 1537 2073 1592 τὰ

482 1621 552 1675 δὲ
570 1624 746 1693 χείλη
763 1621 955 1690 αὐτῆς
974 1623 1249 1678 ἐκινεῖτο.
1276 1622 1463 1687 Οὕτως
1482 1626 1511 1676 ό
1531 1623 1855 1695 βουλόμενος
1872 1623 2070 1679 ἀνύσαι

482 1710 847 1781 προσέρχεται
869 1710 948 1781 τῷ
973 1710 1115 1781 Θεῷ,
1147 1713 1207 1764 οὐ
1230 1711 1667 1782 μαλακιζόμενος
1691 1712 1813 1767 οὐδὲ
1840 1711 2070 1783 χασμώ-

482 1816 645 1869 μενος
666 1800 787 1853 οὐδὲ
820 1799 1178 1871 ἐκλελυμένος
1205 1799 1327 1853 οὐδὲ
1350 1799 1629 1872 κνώμενος
1653 1801 1773 1854 οὐδὲ
1802 1796 2063 1872 ἀκηδιῶν.

477 1887 571 1960 Μή
604 1888 714 1960 γάρ
743 1889 845 1941 οὐκ
870 1888 1105 1958 ἠδύνατο
1129 1890 1157 1942 ὁ
1177 1888 1310 1952 Θεὸς
1336 1888 1430 1942 καὶ
1461 1887 1633 1962 χωρὶς
1659 1891 1824 1961 εὐχῆς
1851 1889 2063 1957 δοῦναις

480 1977 556 2047 μὴ
596 1976 707 2046 γὰρ
735 1976 836 2029 οὐκ
865 1976 982 2047 ⁴ᾔδει
1028 1977 1123 2029 καὶ
1159 1976 1269 2048 πρὸ
1306 1977 1405 2047 τῆς
1438 1979 1707 2049 αἰτήσεως
1738 1978 1838 2048 τήν
1878 1979 2069 2032 ἐπιθυ-

479 2062 608 2133 μίαν
629 2064 728 2133 τῆς
753 2062 1045 2131 γυναικός;
1081 2062 1196 2116 ἀλλ’
1219 2065 1268 2117 εἰ
1300 2062 1469 2116 ἔδωκε
1503 2064 1612 2135 πρὸ
1643 2064 1745 2135 τῆς
1773 2066 2064 2136 αἰτήσεως,

473 2150 574 2204 οὐκ
604 2150 670 2203 ἂν
697 2150 870 2222 ἐφάνη
888 2151 988 2217 τῆς
1014 2151 1273 2217 γυναικὸς
1299 2153 1333 2222 ή
1360 2150 1663 2222 προθυμία,
1693 2151 1795 2204 οὐκ
1820 2150 1887 2205 ἂν
1907 2153 2067 2221 γέγο-

473 2256 564 2291 νεν
593 2241 626 2310 ή
660 2241 827 2311 ἀρετὴ
859 2239 1031 2309 αὐτῆς
1071 2240 1207 2309 δήλη
1230 2279 1245 2303 ,
1274 2240 1375 2293 οὐκ
1406 2238 1473 2293 ἂν
1503 2238 1760 2293 τοσοῦτον
1792 2242 2065 2309 ἐκτήσατο

476 2327 689 2399 μισθόν.
716 2328 876 2380 Ὥστε
908 2328 940 2397 ή
975 2326 1233 2397 ἀναϐολὴ,
1266 2327 1388 2398 οὐχὶ
1417 2327 1612 2396 φθόνου
1632 2329 1780 2382 ἐστὶν
1813 2328 1936 2383 οὐδὲ
1965 2328 2065 2400 βα-

473 2415 701 2479 σκανίας
723 2457 737 2481 ,
774 2414 909 2468 ἀλλά
942 2413 1294 2485 κηδεμονίας.

541 2556 606 2609 δ’.
643 2555 809 2608 Ὅταν
841 2550 934 2608 οὖν
957 2554 1201 2626 ἀκούσῃς
1227 2555 1328 2626 τῆς
1348 2555 1570 2628 Γραφῆς
1604 2556 1870 2629 λεγούσης
1889 2601 1903 2623 ,
1932 2560 2061 2615 Ὀτι

465 2642 791 2697 ἀπέκλεισε
821 2643 890 2695 τὰ
906 2642 1040 2711 περί
1061 2642 1177 2710 τὴν
1187 2642 1424 2712 μήτραν
1444 2641 1656 2716 αὐτῆς,
1683 2646 1782 2700 καὶ
1806 2646 1895 2703 ὅτι
1911 2665 2061 2718 παρ-

464 2729 705 2800 ώργιζεν
750 2729 949 2798 αὐτὴν
993 2731 1031 2798 ἡ
1076 2729 1393 2797 ἀντίζηλος
1420 2729 1634 2802 αὐτῆς,
1691 2734 1944 2807 ἐννόησον
1975 2737 2059 2791 ὅτι

462 2819 565 2887 τὴν
596 2818 919 2889 φιλοσοφίαν
948 2817 1120 2885 δεῖξαι
1154 2816 1402 2887 βούλεται
1434 2819 1534 2892 τῆς
1554 2823 1834 2889 γυναικός.
1857 2824 2058 2877 Σκόπει

462 2905 606 2975 γάρ’
641 2901 768 2974 Εἶχε
801 2904 892 2956 τὸν
927 2903 1094 2974 ἄνδρα
1134 2902 1533 2977 δεδουλωμένον
1553 2924 1565 2936 ⁸
1599 2906 1753 2978 ἔλεγε
1785 2909 1894 2980 γάρ
1918 2911 2056 2981 πρὸς

462 2993 635 3061 αὐτήν
657 3009 671 3022 ⁸
699 2994 821 3045 Οὐκ
853 2991 1072 3059 ἀγαθός
1099 3007 1197 3045 σοι
1218 2990 1334 3062 ἐγὼ
1354 2993 1509 3062 ὑπὲρ
1527 2994 1678 3049 δέκα
1706 2993 1922 3062 τέκνα;
1947 2998 2055 3051 Καὶ

462 3076 825 3148 παρώργιζεν
870 3080 1102 3147 αὐτὴν,
1139 3079 1336 3151 φησὶν,
1386 3080 1426 3149 ’ή
1465 3079 1792 3150 ἁντίζηλος
1817 3081 2011 3154 αὐτῆς
2037 3102 2052 3118 ⁸

458 3165 761 3229 τουτέστιν,
795 3163 1096 3231 ὠνείδιζεν,
1133 3165 1398 3237 ὲφήλλετο
1424 3180 1439 3195 ⁸
1473 3167 1571 3221 καὶ
1598 3166 1855 3223 οὐδέποτε
1884 3171 2054 3243 αὐτὴν

460 3253 731 3324 ἠμύνατο,
761 3254 883 3306 οὐδὲ
910 3252 1220 3324 κατηύξατο
1252 3255 1446 3326 αὐτῆς,
1470 3254 1591 3308 οὐδὲ
1612 3251 1768 3310 εἶπεν
1788 3274 1802 3288 ⁸
1833 3256 2050 3330 Ἐπειδὴ

457 3340 708 3404 ὀνειδίζει
728 3357 820 3411 μοι
842 3341 875 3411 ἡ
900 3339 1210 3411 ἀντίζηλος,
1238 3339 1530 3413 ὲκδίκησόν
1561 3361 1650 3415 με.
1675 3340 1838 3417 Εἰχεν
1864 3350 2050 3420 ἐκείνη

459 3430 672 3494 παιδία,
696 3429 819 3499 ,ἀλλ’
849 3426 1001 3501 εἶχεν
1030 3430 1172 3502 αὕτη
1202 3430 1301 3504 τὴν
1330 3432 1554 3506 ἀγάπην
1589 3436 1689 3506 τὴν
1732 3436 1829 3490 τοῦ
1857 3438 2050 3511 ἀνδρὸς

454 3518 803 3597 ἀντίρροπον.
856 3519 1046 3589 Τούτῳ
1087 3519 1220 3589 γοῦν
1253 3521 1424 3590 αὐτὴν
1471 3523 1568 3576 καὶ
1616 3526 2049 3597 παρεμυθήσατο

454 3592 662 3680 λέγων⁸
692 3611 819 3665 Οὐκ
864 3610 1089 3680 ἀγαθός
1135 3627 1237 3668 σοι
1278 3612 1395 3684 ἐγὼ
1437 3614 1593 3685 ὑπὲρ
1631 3592 1782 3671 δέκα
1825 3592 2048 3685 τέκνα;

466 3699 630 3754 Ἀλλά
664 3698 829 3754 πάλιν
876 3700 1077 3771 ῐδωμεν
1106 3700 1209 3773 τῆς
1253 3704 1514 3772 γυναικὸς
1557 3704 1656 3776 τὴν
1702 3706 2044 3777 φιλοσοφίαν.

453 3786 563 3842 Kal
592 3786 915 3857 ἐλογίσατο
934 3786 1149 3856 αὐτὴν,
1171 3791 1360 3860 φησὶν,
1400 3791 1553 3844 Ἠλεί
1571 3793 1660 3858 εἰς
1670 3794 2042 3862 μεθύουσαν.

466 3875 604 3929 Ἀλλ’
626 3875 729 3945 ὅρα
748 3876 845 3928 καὶ
870 3877 1006 3948 πρὸς
1034 3877 1201 3931 αὐτὸν
1223 3878 1277 3931 τί
1303 3895 1436 3950 φησι
1456 3894 1471 3907 ⁸
1502 3878 1600 3948 Μὴ
1623 3880 1745 3947 δῷς
1764 3881 1881 3951 τὴν
1907 3884 2045 3939 δού-

449 3966 563 4031 λην
615 3980 733 4018 σου
774 3966 861 4030 εἰς
908 3965 1204 4033 θυγατέρα
1250 3967 1482 4034 λύμης,
1514 3966 1606 4020 ὅτι
1649 3968 1720 4022 ἐκ
1770 3971 2046 4040 ,πλήθους

450 4050 820 4121 ἀδολεσχίας
832 4071 953 4122 μου
976 4050 1269 4121 ἐκτέτηκα
1288 4052 1401 4118 ἕως
1422 4053 1529 4107 τοῦ
1554 4054 1691 4111 νῦν.
1718 4056 1760 4108 Τ
1763 4056 1889 4113 οῦτο
1911 4060 2044 4132 ἁλη-

450 4140 560 4205 θῶς
596 4141 825 4211 καρδίας
860 4139 1354 4212 συντετριμμένης,
1393 4138 1546 4213 [185]
1577 4142 1706 4197 ὅταν
1748 4146 1887 4215 πρὸς
1914 4150 2040 4215 τοὺς

449 4230 773 4303 ὑϐρίζοντας
809 4230 884 4302 μὴ
911 4230 1354 4301 χαλεπαίνωμεν,
1391 4230 1522 4285 ὅταν
1563 4232 1638 4303 μὴ
1671 4233 2037 4307 δυσχεραίνω.

450 4335 572 4389 μεν,
607 4319 738 4372 ὅταν
769 4315 1194 4387 ἀπολογώμεθα.
1237 4317 1404 4373 Οὐδὲν
1447 4317 1595 4387 οὕτω
1625 4324 1775 4376 ποιεῖ
1809 4324 2038 4382 καρδίαν

446 4404 759 4475 φιλόσοφον,
798 4404 875 4466 ὡς
916 4404 1097 4474 θλῖψις
1117 4419 1133 4435 ⁸
1164 4404 1319 4459 οὐδὲν
1352 4405 1497 4461 οὕτω
1543 4400 1777 4480 πρᾶγμα
1806 4411 1929 4482 ήδὺ,
1959 4412 2037 4479 ὡς

445 4491 642 4556 πένθος
668 4492 731 4545 τὸ
757 4492 898 4545 κατά
936 4490 1089 4547 Θεόν.
1129 4491 1225 4546 Ἐκ
1259 4493 1555 4562 πλήθους,
1594 4497 1783 4566 φησὶν,
1823 4499 2036 4554 ἀδολε-

444 4581 631 4650 σχίας
661 4596 782 4650 μου
820 4580 1115 4648 ἐκτέτηκα
1139 4580 1254 4646 ἔως
1278 4581 1384 4636 τοῦ
1419 4583 1556 4638 νῦν.
1601 4584 1820 4657 Ταύτην
1855 4588 2037 4660 μιμώ-

447 4668 590 4737 μεθα
619 4666 880 4732 ἀπαντες.
922 4667 1179 4722 Ἀκούετε
1211 4669 1336 4722 ὅσαι
1375 4672 1610 4740 στεῖραι,
1642 4671 1871 4728 ἀκούετε
1910 4676 2032 4734 ὅσαι

358 4786 375 4811 ι
444 4755 653 4811 παίδων
681 4757 866 4828 ἐρᾶτε,
887 4754 1116 4810 ἀκούετε
1150 4757 1243 4810 καὶ
1270 4755 1464 4827 ἄνδρες
1494 4756 1588 4811 καὶ
1614 4761 1869 4826 γυναῖκες
1887 4778 1901 4793 ⁸
1935 4763 2031 4817 καὶ

442 4844 554 4917 γὰρ
592 4845 689 4898 καὶ
724 4843 920 4915 ἄνδρες
953 4842 1345 4898 συνεϐάλλοντο
1377 4842 1657 4906 πολλάκις.
1690 4846 1889 4901 ’Δκουε
1920 4850 2030 4922 γὰρ

440 4934 539 5003 τῆς
567 4932 789 5004 Γραφῆς
812 4930 1077 5001 λεγούσης
1099 4943 1114 4962 ⁸
1147 4930 1256 4984 Καὶ
1287 4929 1479 4984 ἐδεῖτο
1512 4931 1716 4987 Ἰσαὰκ
1751 4934 2029 4993 Ῥεϐέκκα

440 5019 863 5090 τῆς-γυναικὸς
892 5018 1116 5085 αὐτοῦ,
1157 5017 1247 5072 ὅτι
1276 5018 1486 5088 στεῖρα
1514 5015 1616 5090 ἦν.
1652 5022 1882 5092 Μεγάλα
1918 5027 2027 5100 γάρ

438 5107 662 5163 δύναται
693 5109 728 5177 ή
748 5106 904 5176 εὐχή.
948 5107 1053 5159 Ἐν
1080 5105 1270 5175 πάσῃ,
1304 5109 1461 5176 φησί,
1505 5115 2026 5184 προσκαρτερήσει

438 5194 539 5249 καί
578 5195 789 5263 δεήσει
839 5192 975 5261 περὶ
1022 5191 1266 5248 πάντων
1313 5194 1433 5249 τῶν
1465 5197 1684 5266 ἁγίων,
1735 5202 1835 5255 καί
1871 5204 2026 5272 ὑπὲρ

436 5284 616 5355 ἐμοῦ,
642 5283 836 5337 ἑαυτὸν
872 5283 1098 5352 ἔσχατον
1133 5282 1326 5348 τιθείς.
1367 5285 1433 5339 Τί
1476 5291 1673 5356 ποιεῖς,
1703 5284 1749 5343 ὧ
1783 5294 2022 5362 μακάριε

437 5371 641 5432 Παῦλε,
676 5369 864 5425 ἑαυτὸν
892 5368 1120 5439 ἔσχατον
1153 5370 1352 5439 τιθείς;
1386 5373 1516 5439 Ναὶ,
1548 5378 1735 5449 φησὶν,
1768 5378 1905 5432 Ἵνα
1920 5398 2019 5450 μοι

433 5456 583 5525 δοθῇ
611 5458 797 5528 λόγος
816 5456 887 5509 ἐν
913 5455 1143 5521 ἀνοίξει
1165 5457 1272 5513 τοῦ
1300 5462 1597 5531 στόματός
1613 5482 1756 5534 μου,
1784 5466 1858 5520 ἐν
1878 5471 2021 5537 παῤ-

433 5545 617 5613 (ῐησίᾳ
659 5543 944 5614 γνωρίσαι
995 5543 1064 5597 τὸ
1087 5545 1428 5615 μυστήριον
1456 5549 1564 5604 τοῦ
1607 5553 1979 5623 Εύαγγελίου
1999 5596 2015 5623 ,

433 5632 586 5701 ὑπὲρ
648 5628 719 5690 οὗ
762 5635 1073 5701 πρεσϐεύω
1108 5636 1180 5690 ἐν
1212 5635 1453 5692 ἁλύσει.
1507 5640 1618 5694 Ποῦ
1658 5643 2013 5715 πρεσϐεύειςς

436 5722 576 5792 Πρὸς
606 5720 948 5793 ἀνθρώπους,
978 5723 1134 5795 φησί.
1160 5724 1335 5778 Βαϐαὶ
1365 5727 1464 5797 τῆς
1491 5728 1902 5803 φιλανθρωπίας
1923 5734 2012 5788 τοῦ

432 5810 595 5864 θεοῦί
639 5810 893 5881 "Ezraan
926 5812 1324 5884 πρεσϐεύοντας
1355 5816 1418 5868 ἐκ
1456 5818 1564 5872 τῶν
1594 5819 1839 5891 ούρανῶν
1870 5824 2010 5895 ὑπὲρ

2188 834 2621 929 τὴνιπαρρησίαν
2640 844 3091 918 ὲπιστομίζουσα,
3119 849 3281 921 άλλ’ή
3313 852 3449 925 εὐχή
3472 854 3507 925 ἡ
3530 855 3779 929 ὑμετέρα

2188 922 2396 1014 ἀνοίγει
2431 943 2530 996 μου
2567 929 2626 981 τὸ
2663 931 2857 1002 στόμα,
2884 934 2972 989 ἵνα
3002 937 3060 993 ἐν
3088 937 3235 1010 αὐτῷ
3265 922 3736 1014 παρρησιάσωμαι
3758 984 3776 1010 ,

2186 1010 2263 1103 ὡς
2310 1011 2391 1065 δεῖ
2425 1031 2492 1083 με
2521 1015 2787 1087 λαλῆσαι⁸
2815 1023 3125 1086 τουτέστιν,
3158 1026 3278 1079 ’Ίνα
3318 1010 3497 1083 πάντα
3522 1028 3559 1084 ἃ
3602 1010 3770 1103 ἐπέμ·

2186 1099 2328 1169 φθην
2358 1102 2562 1170 εἰπεῖν,
2596 1106 2754 1160 εῐπω.
2789 1108 2925 1164 Ἵνα
2966 1110 3036 1164 δέ
3082 1110 3279 1180 εἰδῆτε
3339 1116 3439 1170 καί
3495 1116 3665 1186 ὑμεῖς
3703 1099 3775 1176 τὰ

2183 1189 2313 1278 κατ’
2335 1189 2462 1259 ἐμὲ,
2492 1193 2549 1246 τί
2577 1194 2856 1262 πράσσω,
2882 1198 3081 1252 πάντα
3111 1200 3255 1271 ὑμῖν
3291 1205 3572 1273 γνωρίσει
3601 1209 3742 1278 Τνχι

2182 1276 2291 1342 κὸς
2342 1280 2376 1331 ό
2417 1278 2726 1349 ἀγαπητός
2774 1283 3039 1355 ἀδελνςὸς
3083 1289 3183 1342 καί
3235 1290 3454 1357 πιστὸς
3494 1276 3773 1362 διάκονος

2179 1364 2251 1419 ἐν
2278 1367 2497 1432 Κυρίῳ.
2540 1367 2604 1422 Εἰ
2644 1371 2872 1436 πιστὸς,
2909 1375 3064 1429 οὐδὲν
3098 1377 3394 1447 ψεύσεται,
3425 1380 3564 1435 ἀλλὰ
3592 1383 3772 1439 πάντα

2179 1450 2491 1522 ἀληθεύσει.
2535 1456 2646 1509 Ὃν
2689 1458 2933 1529 ἔπεμψα
2972 1464 3126 1531 πρὸς
3164 1464 3323 1534 ὑμᾶς
3361 1468 3510 1522 αὐτὸ
3556 1470 3768 1538 τοῦτο,

2177 1541 2280 1599 Ira
2327 1542 2515 1611 γνῶτε
2553 1545 2628 1600 τὰ
2666 1550 2802 1617 περὶ
2851 1550 3053 1620 ήμῶν,
3086 1554 3187 1607 καί
3216 1557 3618 1626 παρακαλέσῃ
3661 1560 3771 1626 τὰς

2177 1630 2429 1719 καρδίας
2455 1633 2645 1701 ὑμῶν.
2670 1637 2869 1704 Βαϐαἰ,
2899 1641 3040 1711 πόση
3067 1642 3105 1713 ή
3130 1643 3355 1713 ἀγάπηί
3390 1646 3510 1699 Ἵνα
3543 1645 3618 1718 μὴ
3648 1648 3768 1719 ἐξῇ.

2177 1718 2339 1785 φησί,
2377 1723 2492 1782 τοῖς
2528 1721 2872 1794 βουλομένοις
2916 1730 3101 1782 πτοεῖν
3137 1732 3283 1801 ὑμᾶς
3308 1749 3323 1765 ⁸
3354 1733 3502 1797 εἰκὸς
3531 1735 3641 1805 γὰρ
3674 1718 3773 1789 αὖ-

2172 1806 2304 1870 τοὺς
2352 1808 2409 1860 ὲν
2450 1808 2642 1874 δεινοῖς
2686 1807 2826 1866 εἶναι
2852 1831 2865 1844 ⁸
2910 1814 2971 1868 τὸ
3018 1816 3158 1888 γὰρ,
3203 1821 3621 1887 Παραηλέσει
3656 1824 3765 1885 τὰς

2174 1892 2420 1962 καρδίας
2452 1896 2639 1978 ὑμῶν,
2658 1899 2819 1953 τοῦτο
2846 1902 3163 1961 αἰνίττεται.
3199 1905 3319 1961 ἰνα
3344 1907 3420 1979 μὴ
3439 1910 3576 1980 ἁφῇ,
3605 1912 3762 1982 φησι,

2172 1988 2527 2039 καταπεσεῖν.
2551 1987 2780 2056 Εἰρήνη
2802 1990 2927 2056 τοῖς
2948 1991 3237 2062 ἀδελφοῖς
3257 1997 3357 2050 καί
3385 1997 3587 2066 ἀγάπη
3611 2001 3765 2068 μετὰ

2173 2070 2435 2138 πίστεως
2483 2074 2603 2127 ἀπὸ
2656 2077 2805 2131 Θεοῦ
2861 2080 3092 2148 Πατρός
3132 2084 3229 2135 καί
3275 2086 3498 2153 Κυρίου
3558 2087 3763 2154 Ἰησοῦ

2170 2158 2455 2226 Χριστοῦ.
2515 2163 2842 2235 Ἐπεύχεται
2897 2167 3081 2230 αὐτοῖς
3128 2171 3354 2243 εἰρήνην
3404 2175 3500 2228 καὶ
3542 2176 3762 2245 ἀγάπην

2173 2247 2314 2333 μετά
2340 2250 2603 2314 πίστεως.
2637 2252 2837 2316 Καλῶς
2871 2250 2995 2308 εἷπε
3014 2271 3028 2285 ⁸
3060 2255 3310 2326 βούλεται
3338 2262 3447 2331 γάρ
3472 2264 3547 2333 μὴ
3570 2262 3760 2329 άπλῶς

2168 2332 2314 2404 ἔχειν
2351 2335 2443 2389 τὸν
2484 2337 2584 2408 τῆς
2614 2339 2837 2411 ἀγάπης
2880 2342 3061 2410 λόγον,
3097 2345 3192 2398 καὶ
3224 2350 3340 2405 τοῖς
3385 2332 3759 2421 ἑτεροπίστοις

2169 2423 2399 2488 ἑαυτοὺς
2416 2426 2804 2496 ἀναμιγνύναι.
2837 2431 2907 2483 Ἢ
2931 2430 3109 2495 τοῦτο,
3130 2430 3162 2503 ἢ
3187 2434 3365 2488 ἐκεῖνό
3395 2453 3584 2507 φησιν,
3615 2438 3758 2492 ὥστε

2167 2510 2264 2563 καὶ
2293 2511 2476 2565 πίστιν
2507 2514 2706 2577 αὐτοὺς
2736 2515 2900 2586 ἔχειν,
2935 2516 3076 2572 ὥστε
3111 2518 3335 2593 θαρρεῖν
3365 2523 3459 2577 καί
3488 2527 3617 2595 περὶ
3643 2524 3755 2579 τῶν

2170 2598 2493 2668 μελλόντων.
2537 2602 2601 2654 Ἠ
2632 2604 2826 2674 εἰρήνη
2857 2606 2992 2674 πρὸς
3022 2606 3112 2659 τὸν
3144 2608 3297 2674 Θεὸν,
3339 2610 3439 2662 καὶ
3472 2613 3505 2682 ή
3539 2612 3752 2683 ἀγάπη.

2178 2684 2305 2739 Ἐάν
2350 2688 2460 2759 γὰρ
2489 2690 2679 2761 εἰρήνη
2729 2686 2787 2763 ᾗ,
2834 2693 2931 2745 καὶ
2959 2694 3148 2766 ἀγάπη
3194 2696 3346 2750 ἔσται
3373 2715 3389 2732 ⁸
3425 2698 3493 2752 ἃν
3527 2700 3752 2770 ἀγάπη,

2165 2773 2258 2826 καί
2287 2774 2477 2846 εἰρήνη
2510 2776 2684 2832 ἐσται.
2715 2778 2877 2833 Μετὰ
2910 2781 3193 2848 πίστεως.
3234 2784 3399 2837 Οὐδὲν
3428 2786 3536 2856 γὰρ
3561 2787 3753 2854 ὄφελος

2163 2862 2384 2932 ἀγάπης
2404 2901 2420 2927 ,
2451 2863 2689 2928 πίστεως
2717 2867 2884 2937 χωρίς
2906 2883 2920 2897 ⁸
2963 2868 3163 2938 μᾶλλον
3194 2870 3249 2924 δὲ
3294 2872 3406 2925 οὐδ’
3441 2874 3506 2927 ἂν
3543 2876 3753 2942 γένοιτο

2161 2950 2349 3020 ἀγάπη
2381 2951 2603 3022 ἑτέρως.
2635 2954 2746 3006 Καὶ
2779 2952 2953 3022 χάρις
2982 2958 3135 3024 μετὰ
3173 2959 3421 3013 πάντων
3449 2960 3565 3015 τῶν
3603 2964 3751 3033 ἁγα-

2161 3035 2411 3091 πώντων
2458 3038 2565 3092 τόν
2595 3041 2816 3107 Κύριον
2861 3039 3034 3110 ἡμῶν
3095 3046 3341 3112 Ἰησοῦν
3385 3050 3644 3116 Χριστὸν
3678 3051 3752 3105 ἐν

2160 3125 2485 3194 ἀφθαρσίᾳ.
2549 3127 2757 3196 Ἀμήν.
2821 3130 3089 3184 Ἐνταῦθα
3133 3134 3326 3196 διεῖλε,
3369 3137 3470 3205 τὴν
3520 3138 3752 3209 εἰρήνην

2159 3216 2279 3268 κατ’
2322 3216 2460 3269 ἰδίαν
2511 3216 2656 3282 θεὶς,
2705 3219 2801 3271 καὶ
2847 3219 2948 3290 τὴν
3008 3222 3191 3293 χάριν.
3257 3224 3362 3280 Ἐν
3404 3226 3743 3296 ἀφθαρσίᾳ,

2158 3303 2354 3373 φησὶν,
2392 3304 2588 3373 Ἀμήν.
2643 3303 2709 3357 Τί
2754 3306 2925 3369 ἐστιν,
2971 3308 3068 3361 Ἐν
3114 3308 3455 3378 ἀφθαρσίας
3495 3312 3653 3366 Ἤτοι
3686 3317 3745 3367 ἐν

2157 3392 2512 3461 κοσμιότητι,
2562 3394 2596 3465 ἢ
2648 3394 2786 3465 ὑπὲρ
2839 3395 2949 3448 τῶν
3004 3396 3335 3466 ἀφθάρτων·
3395 3393 3505 3452 οἷον
3560 3400 3636 3470 μὴ
3685 3402 3745 3453 ἐν

2155 3478 2393 3550 πλούτῳ,
2435 3480 2572 3550 μηδὲ
2601 3483 2660 3534 ὲν
2697 3481 2845 3557 δόξῃ,
2878 3482 2994 3537 ἀλλ’
3020 3486 3085 3537 ³ὲν
3113 3485 3344 3549 ἐκείνοις
3370 3489 3484 3551 τοῖς
3525 3488 3742 3559 ἀφθάρ·

2152 3582 2286 3630 τοις.
2317 3566 2467 3638 1186]
2505 3568 2600 3635 Τὸ,
2634 3570 2726 3633 ἐν,
2755 3570 2853 3624 διά
2890 3573 3028 3625 ἐστι.
3063 3572 3162 3627 Διά
3195 3574 3527 3645 ἀφθαρσίας,
3564 3577 3739 3646 φησί·

2151 3655 2421 3721 τουτέστι,
2446 3656 2514 3709 δι’
2539 3658 2763 3731 ἀρετῆς.
2791 3660 2949 3712 Πᾶσα
2973 3659 3085 3732 γὰρ
3119 3661 3363 3732 ἁμαρτία
3404 3662 3580 3736 φθορά
3598 3679 3615 3696 ⁸
3645 3666 3740 3718 καὶ

2152 3743 2408 3816 καθάπερ
2433 3744 2534 3816 τὴν
2555 3745 2827 3817 παρθένον
2848 3746 3168 3819 φθείρεσθαι
3190 3749 3445 3820 λέγομεν,
3467 3750 3613 3805 οὓτω
3643 3752 3739 3807 καὶ

2149 3828 2249 3900 τὴν
2267 3829 2468 3902 ψυχήν.
2494 3831 2597 3885 Διά
2619 3832 2780 3886 τοῦτο
2806 3834 3019 3898 Παῦλος
3044 3835 3199 3904 ἔλεγε
3224 3851 3239 3865 ⁸
3268 3837 3366 3907 Μή
3392 3855 3519 3905 πως
3535 3839 3737 3911 φθαρῇ

2149 3914 2222 3969 τὰ
2248 3918 2520 3988 νοήματα
2549 3919 2751 3988 ὑμῶν’
2782 3922 2879 3975 καὶ
2909 3923 3075 3979 πάλιν
3117 3924 3377 3997 ἀλλαχοῦ,
3424 3927 3521 3982 Ἐν
3544 3926 3618 3996 τῇ
3648 3927 3735 3981 διο

2147 4002 2450 4074 δασκαλίᾳ
2476 4007 2893 4077 ἀδιαφθορίαν,
2922 4010 3079 4081 φησι.

2215 4154 2276 4202 ε’.
2308 4148 2375 4203 Τί
2401 4149 2530 4219 γὰρ,
2561 4150 2682 4204 εἰπέ
2712 4168 2825 4223 μοι,
2846 4150 3023 4225 φθορά
3036 4154 3288 4227 σώματος
3309 4174 3323 4223 ;
3347 4157 3468 4228 οὐχὶ
3485 4155 3730 4221 διάλυσις

2144 4236 2240 4291 τοῦ
2272 4237 2496 4303 παντὸς,
2527 4242 2628 4295 καὶ
2672 4241 2772 4312 τῆς
2819 4241 3124 4309 συνθέσεως
3166 4245 3381 4316 αύτῆς;
3414 4246 3586 4300 Τοῦτο
3633 4249 3728 4302 καὶ

2142 4326 2237 4379 ἐπὶ
2269 4327 2371 4390 τῆς
2408 4327 2590 4398 ψυχῆς
2645 4329 2880 4398 γίνεται,
2912 4332 3013 4401 τῆς
3052 4333 3327 4405 ἁμαρτίας
3354 4334 3726 4403 εἰσελθούσης,

2142 4416 2354 4479 Κάλλος
2413 4416 2523 4487 γὰρ
2555 4415 2735 4488 ψυχῆς
2766 4419 3112 4492 σωφροσύνη,
3138 4422 3459 4494 δικαιοσύνη
3479 4439 3496 4455 ⁸
3544 4423 3725 4494 ὑγίεια

2138 4504 2319 4577 ψυχῆς
2347 4503 2590 4577 ἀνδρεία,
2625 4506 2911 4579 φρόνησις.
2947 4510 3016 4562 Ὅ
3045 4527 3105 4563 τε
3135 4511 3246 4583 γάρ
3275 4513 3502 4587 αἰσχρὸς
3539 4513 3723 4566 δυσει-

2137 4591 2255 4663 δὴς,
2288 4592 2318 4645 ὃ
2339 4608 2399 4645 τε
2440 4591 2791 4664 πλεονέκτης,
2822 4594 2852 4648 δ
2879 4611 2937 4647 τε
2986 4597 3101 4659 τοῖς
3123 4600 3377 4669 πονηροῖς
3402 4600 3721 4669 πράγμασιν

2138 4678 2328 4734 ἑαυτὸν
2387 4679 2628 4743 ἐκδιδοὺς
2652 4720 2669 4747 ,
2702 4683 2732 4736 δ
2763 4699 2821 4736 τε
2844 4682 3039 4748 δειλὸς,
3076 4685 3335 4757 ἄνανδρος
3373 4687 3468 4740 καὶ
3487 4688 3720 4757 ἀσθενὴς

2138 4770 2421 4839 καχεκτεῖ.
2458 4768 2581 4821 Ὀτι
2624 4769 2682 4822 δὲ
2740 4771 2803 4823 αἰ
2830 4771 3100 4843 ἁμαρτίαι
3136 4773 3345 4845 φθορὰν
3364 4774 3716 4847 ἐργάζονται,

2134 4854 2390 4907 ἐντεῦθεν
2408 4853 2570 4925 δῆλον
2589 4871 2603 4885 ⁸
2639 4856 2736 4909 καὶ
2765 4857 2876 4928 γὰρ
2907 4861 3165 4931 αἰσχροὺς
3188 4861 3401 4916 ποιοῦσι
3435 4864 3528 4916 καὶ
3557 4862 3719 4916 ἀσθε-

2134 4945 2269 5010 νεῖς,
2298 4941 2396 4996 καὶ
2419 4942 2650 5012 κάμνειν
2677 4947 3176 5015 παρασκευάζουσι.
3196 4948 3471 5022 Φθαρῆναι
3494 4950 3602 5021 γὰρ
3617 4951 3716 5020 τὴν

2133 5029 2407 5103 παρθένον
2447 5030 2543 5083 καὶ
2580 5029 2669 5084 διά
2694 5031 2855 5087 τοῦτο
2886 5035 3093 5107 κυρίως
3122 5034 3374 5108 λέγομεν,
3410 5039 3509 5109 οὐχ
3528 5039 3611 5091 ὅτι
3650 5038 3713 5092 τὸ

2117 5118 2294 5191 ⁸σῶμα
2326 5118 2609 5194 φθείρεται
2643 5121 2806 5195 μόνον
2835 5163 2850 5185 ,
2879 5123 3015 5177 ἀλλά
3052 5125 3141 5179 διὰ
3185 5126 3285 5196 τὴν
3320 5127 3669 5200 παρανομίαν
3696 5144 3710 5158 ⁸

2128 5207 2190 5261 τὸ
2208 5208 2319 5280 γὰρ
2342 5210 2626 5281 γινόμενον
2645 5210 2794 5281 μῖξίς
2823 5213 2995 5266 ἐστιν·
3020 5214 3069 5265 εἰ
3095 5213 3151 5266 δὲ
3174 5212 3333 5267 τοῦτο
3362 5214 3429 5286 ἦν
3450 5216 3485 5286 ή
3511 5215 3709 5287 φθορά,

2126 5292 2195 5367 ἦν
2225 5297 2293 5351 ἂν
2343 5299 2439 5352 καὶ
2485 5300 2664 5370 γάμος
2712 5299 2913 5372 φθορά.
2942 5301 3107 5355 Ὥστε
3135 5303 3234 5373 οὐχ
3267 5303 3300 5373 ή
3328 5303 3477 5373 μῖξις
3502 5303 3702 5375 φθορὰ,

2126 5384 2245 5439 ἀλλ’
2279 5387 2313 5458 ή
2370 5389 2620 5460 ἁμαρτία
2646 5406 2660 5419 ⁸
2700 5390 2902 5462 ᾔσχυνε
2948 5390 3059 5461 γάρ
3085 5393 3282 5464 αὐτήν.
3304 5394 3504 5448 Σκόπει
3530 5393 3588 5448 δὲ
3616 5395 3711 5447 καὶ

2126 5472 2300 5539 ἄλλως
2330 5490 2343 5505 ⁸
2378 5474 2555 5548 φθορά
2572 5477 2750 5540 οἰκίας
2776 5477 2830 5531 τί
2863 5478 3077 5546 γένοιτο
3101 5479 3189 5544 ἂν,
3218 5479 3252 5552 ἢ
3283 5480 3528 5545 διάλυσις
3555 5498 3573 5546 ;
3598 5481 3710 5534 Καὶ

2125 5562 2401 5634 πανταχοῦ
2436 5565 2469 5635 ἡ
2500 5564 2679 5636 φθορά
2704 5565 2982 5637 μεταϐολή
3006 5568 3090 5631 τίς
3118 5568 3270 5623 ἐστιν
3289 5569 3384 5622 ὲπί
3411 5569 3471 5623 τὸ
3502 5572 3706 5640 χεῖρον,

2128 5651 2214 5717 ἐφ’
2239 5650 2435 5729 ἑτέραν
2472 5651 2587 5717 ἕξιν
2650 5653 2744 5706 καὶ
2784 5653 3092 5725 ἀφανισμὸν
3123 5655 3218 5710 τοῦ
3258 5658 3525 5730 προτέρου
3561 5673 3707 5727 γινο-

2125 5737 2287 5810 μένη.
2341 5726 2542 5792 Ἄκουε
2588 5738 2699 5811 γὰρ
2752 5740 2848 5810 τῆς
2911 5741 3135 5814 Γραφῆς
3182 5726 3452 5816 λεγούσης
3482 5759 3499 5776 ⁸
3553 5726 3705 5800 Κατ-

2123 5823 2361 5894 ἑερθειρε
2395 5823 2563 5881 πᾶσα
2611 5825 2769 5895 σὰρξ
2802 5828 2923 5897 τὴν
2947 5829 3094 5885 ὁδὸν
3120 5830 3313 5901 αὐτῆς
3345 5848 3358 5862 ⁸
3390 5832 3485 5887 καί
3515 5830 3701 5900 πάλιν,
