4170 6534
478 441 577 494 1⁸75

465 549 750 606 Inanifesta
779 551 894 620 ejus
923 552 1090 606 virtus
1138 593 1151 615 ,
1183 568 1285 606 non
1318 562 1516 607 tantam
1550 555 1878 622 acquisiissel
1912 570 2051 606 nter-

461 648 670 703 cedem.
716 647 1080 715 Quamobrem
1127 649 1311 704 dilatio
1354 665 1459 704 nou
1496 663 1611 704 crat
1657 651 1867 704 invidia!
1898 693 1913 717 ,
1956 651 2050 704 sed

458 755 608 794 cura:
638 755 702 792 ac
734 739 1103 808 providentiae.

531 833 585 886 4.
623 831 699 886 De
743 837 894 886 Anna
934 843 1095 887 matre
1131 833 1410 888 Samuelis.
1432 864 1505 874 —
1531 835 1754 902 Quando
1795 851 1922 903 ergo
1951 851 2050 889 au-

455 922 623 976 dieris
653 923 987 992 Seriptur‘am
1018 924 1282 978 dicentem
1308 967 1320 985 ,
1359 925 1507 991 Quod
1532 927 1776 979 conclusit
1809 928 1916 989 eius
1943 928 2053 979 rul-

455 1030 591 1075 uum,
636 1024 683 1066 et
722 1015 858 1083 quod
896 1015 1062 1082 ipsum
1104 1016 1172 1067 ad
1213 1016 1348 1069 iram
1377 1017 1679 1087 provocabat
1709 1018 1816 1081 eius
1842 1017 2047 1079 a'ntula,

457 1105 630 1173 cogita
663 1105 838 1173 ipsum
869 1105 1156 1160 ostendere
1187 1106 1326 1162 velle
1355 1108 1592 1162 mulieris
1625 1107 2045 1176 philosophiam.

457 1196 756 1250 Considera
806 1197 952 1251 enim
1005 1216 1018 1252 :
1071 1197 1302 1252 habebat
1355 1199 1604 1252 maritum
1669 1199 2046 1253 inservientem

454 1289 598 1344 sibi:
633 1287 770 1343 dixit
813 1290 956 1343 enim
989 1289 1055 1343 ad
1102 1305 1250 1354 eam,
1303 1289 1424 1344 Non
1467 1307 1557 1359 ego
1589 1291 1676 1344 tibi
1720 1308 1831 1343 sum
1872 1292 2050 1344 melior

451 1397 603 1449 quam
632 1381 804 1434 decem
830 1383 927 1447 ﬁlii
954 1383 980 1435 .9
1014 1381 1076 1435 Et
1105 1383 1290 1452 ipsum,
1329 1383 1516 1452 inquit,
1552 1383 1620 1436 ad
1644 1384 1771 1436 iram
1804 1399 2048 1452 pret-oca-

450 1476 536 1529 bat
570 1479 683 1546 ejus
719 1476 907 1530 comula
938 1493 957 1541 ;
985 1477 1086 1531 hoc
1115 1487 1215 1541 est,
1249 1477 1458 1547 probris
1500 1479 1787 1542 alliciebat,
1819 1479 2043 1532 insulta-

448 1570 542 1624 bat
574 1588 590 1624 :
623 1579 678 1624 et
701 1585 819 1624 eam
851 1587 1138 1639 numquam
1173 1584 1258 1627 est
1287 1570 1417 1639 ulta,
1448 1572 1710 1639 neqneilli
1740 1581 1822 1626 est
1851 1572 2044 1639 impre-

449 1670 590 1726 rata,
625 1677 799 1730 neque
827 1662 982 1728 dixit,
1009 1663 1268 1730 Quoniam
1302 1679 1386 1717 me
1417 1665 1564 1732 probi
1584 1664 1627 1717 is
1650 1662 2040 1725 afﬁcitaunula,

448 1767 539 1806 me
587 1752 817 1806 vindica.
871 1753 1108 1807 Habebat
1159 1753 1245 1808 illa
1299 1753 1480 1818 ﬁlios;
1513 1753 1604 1806 sed
1658 1752 1774 1807 haec
1813 1752 2044 1806 habebat

448 1843 628 1897 mariti
671 1843 1014 1898 dilectiOnetn
1059 1859 1122 1898 ex
1166 1859 1321 1914 aequo
1361 1846 1407 1899 ei
1459 1844 1898 1915 respondentem.
1930 1843 2042 1898 Hoc

442 1951 582 2004 ergo
603 1935 770 2005 ipsam
795 1939 1106 1990 consolatus
1129 1948 1211 1990 est
1239 1937 1444 2002 dicens,
1477 1936 1597 1990 Non
1619 1937 1708 1990 tibi
1730 1954 1840 1990 sum
1862 1936 2041 1989 melior

452 2045 606 2095 quam
638 2029 801 2082 decem
829 2031 974 2096 ﬁlii?
1002 2030 1104 2084 Sed
1142 2045 1326 2084 rursus
1355 2031 1631 2085 videamus
1662 2031 1900 2084 mulieris
1931 2030 2040 2099 phi-

455 2121 773 2189 losophiam.
809 2120 879 2174 Et
924 2124 1245 2189 existimavit,
1291 2124 1480 2194 inquit,
1520 2123 1637 2178 Heli
1675 2141 1785 2177 eum
1826 2125 2034 2176 ebriam.

447 2211 554 2266 Sed
602 2213 716 2268 vide
746 2213 872 2283 quid
918 2214 1030 2283 ipsa
1064 2216 1112 2268 ei
1151 2217 1311 2280 dicat,
1347 2215 1431 2271 Ne
1457 2227 1676 2286 reputes,
1721 2217 1911 2285 inquit,
1946 2233 2038 2269 on-

440 2305 618 2358 cillam
649 2317 787 2359 tuum
814 2307 978 2375 ﬁliam
1009 2310 1328 2378 perditionis,
1358 2310 1599 2379 quoniam
1627 2326 1688 2363 ea:
1710 2308 2037 2362 multitudine

437 2397 785 2451 meditationis
816 2415 942 2453 mea:
985 2401 1259 2469 liquefacta
1302 2418 1413 2454 sum
1445 2403 1542 2454 huc
1587 2419 1760 2466 usque.
1798 2402 1910 2456 lloc
1954 2413 2036 2456 est

435 2504 569 2544 vere
596 2491 812 2546 (Oltll'lli
835 2491 1034 2557 cordis,
1065 2493 1278 2561 quando
1307 2510 1411 2547 non
1439 2510 1624 2546 sumus
1645 2495 1817 2562 a~pcri
1854 2496 1903 2547 in
1938 2511 2033 2550 eos

434 2582 526 2650 qui
554 2597 654 2636 nos
684 2584 1024 2638 contumeliis
1055 2584 1319 2647 afficiunt,
1356 2586 1568 2655 quando
1599 2601 1702 2639 non
1732 2601 1873 2656 mgre
1904 2587 2032 2639 feri-

434 2690 580 2741 mus,
600 2675 814 2744 quando
831 2691 933 2731 nos
958 2691 1299 2733 excusemus.
1321 2678 1461 2732 Nihil
1480 2695 1631 2748 a-que
1651 2680 1773 2732 facit
1799 2680 2030 2732 animant

436 2767 779 2837 philosophia
827 2770 1103 2838 prreditam
1144 2780 1303 2840 atque
1347 2771 1567 2825 afﬂictio
1601 2789 1611 2822 :
1647 2771 1788 2826 nulla
1835 2787 1920 2824 res
1952 2781 2034 2825 est

432 2875 592 2930 :cque
612 2860 872 2930 jucunda.
902 2872 1061 2931 atque
1088 2863 1262 2917 luctus
1288 2864 1378 2933 qui
1407 2863 1700 2918 secundum
1733 2865 1895 2918 Deum
1929 2873 2028 2917 est.

434 2951 523 3005 Ea:
568 2955 892 3008 multitudine
940 2957 1280 3010 meditationis
1327 2974 1468 3021 mea),
1519 2959 1708 3028 inquit,
1761 2959 2033 3029 liquefacta

431 3061 549 3097 smn
582 3045 680 3098 huc
707 3063 882 3114 usque.
916 3046 1061 3100 llanc
1093 3064 1281 3102 otnnes
1323 3048 1610 3102 imitemur.
1653 3049 1847 3104 Audite
1878 3061 2031 3120 quot-

430 3148 564 3207 quot
593 3139 723 3192 estis
742 3141 974 3204 steriles,
1000 3150 1053 3194 et
1071 3141 1249 3195 audite
1272 3157 1624 3212 quaecumque
1655 3144 1844 3198 annalis
1869 3145 2027 3209 filios,

435 3231 624 3286 audite
665 3241 718 3288 et
763 3233 866 3287 viri
905 3242 959 3288 et
1000 3235 1252 3289 mulieres
1287 3253 1300 3289 :
1335 3251 1457 3288 nam
1487 3237 1584 3289 viri
1632 3252 1846 3306 quoque
1886 3253 2031 3307 saepe

436 3326 802 3379 contulerunt.
848 3327 987 3380 Audi
1030 3325 1361 3396 Scripturam
1407 3328 1673 3383 dicentctn
1709 3348 1721 3384 :
1765 3330 1831 3383 Et
1871 3333 2030 3385 oravit

431 3415 597 3471 Isaac
637 3434 729 3482 pro
775 3433 934 3471 uxore
975 3435 1069 3472 sua
1113 3418 1368 3485 Rebecca,
1414 3421 1654 3489 quoniam
1697 3430 1802 3473 erat
1843 3423 2030 3475 sterilis

431 3509 603 3578 (Gen.
634 3510 723 3564 25.
757 3511 820 3565 2|
852 3513 888 3579 ).
925 3511 1141 3580 Magnas
1182 3511 1325 3567 enim
1371 3528 1461 3567 res
1507 3522 1682 3580 potest
1720 3515 1912 3568 oratio.
1964 3514 2029 3568 In

433 3603 595 3668 omni,
642 3602 836 3672 iuqttit,
882 3604 1146 3663 instantia.
1195 3613 1242 3659 et
1283 3603 1624 3659 obsecratione
1662 3623 1754 3673 pro
1799 3606 2030 3661 omnibus

427 3697 641 3760 sanctis,
675 3707 723 3751 et
756 3715 848 3766 pro
880 3714 957 3750 me
987 3715 1003 3760 ;
1050 3699 1285 3768 seipsum
1330 3713 1535 3768 ponens
1577 3699 1842 3753 ultimum.
1888 3700 2024 3768 Quid

430 3789 584 3853 facis,
615 3805 647 3843 ο
674 3789 831 3843 beate
863 3789 1042 3854 Paulo,
1080 3790 1307 3859 teipsum
1333 3791 1485 3859 ponis
1509 3792 1754 3846 ultimum
1779 3794 1802 3846 ἰν
1825 3793 2023 3858 Etiam,

431 3879 625 3949 inquit,
662 3877 730 3935 Ut
756 3881 904 3934 detur
931 3882 1057 3934 nti/ti
1077 3899 1241 3936 sermo
1265 3883 1320 3937 in
1347 3884 1607 3954 apertione
1633 3886 1736 3939 oris
1766 3886 1882 3952 mei,
1911 3904 2024 3940 cum

426 3971 624 4049 ﬁducia
663 3983 836 4026 notum
871 3975 1039 4043 [acere
1076 3975 1367 4044 mysterium
1395 3978 1656 4047 evangelii,
1693 3996 1784 4046 pro
1812 3995 1909 4049 quo
1945 3981 2022 4034 le-

425 4045 636 4132 gotiorie
672 4064 861 4134 [ungor
918 4065 969 4118 in
1005 4074 1202 4118 catena.
1249 4065 1349 4121 Ubi
1402 4065 1642 4138 fungeris
1703 4069 2022 4140 legatione?

425 4154 585 4224 Apud
613 4154 878 4220 homines,
911 4155 1101 4226 inquit.
1127 4156 1303 4226 Papar,
1332 4167 1528 4228 quanta
1557 4160 1646 4214 Dei
1677 4159 1977 4231 benignitas
2006 4165 2019 4219 !

426 4246 580 4300 misit
615 4262 647 4301 e
684 4247 830 4300 cadis
859 4247 949 4316 qui
984 4263 1078 4316 pro
1107 4249 1222 4318 ipso
1250 4247 1601 4318 fungerentur
1630 4252 1896 4321 legatione
1926 4269 2022 4323 pro

428 4352 562 4406 pace
591 4355 605 4390 :
642 4349 696 4392 et
726 4355 820 4392 eos
847 4349 1034 4408 captos
1061 4340 1347 4394 vinxerunt
1378 4340 1643 4406 homines,
1675 4353 1728 4398 et
1756 4360 1821 4399 ne
1849 4345 2019 4415 legem

423 4429 648 4498 quidem
682 4430 945 4499 publicam
977 4441 1097 4486 sunt
1125 4432 1361 4497 reveriti,
1387 4432 1528 4500 quod
1559 4433 1608 4488 ei
1638 4435 1729 4504 qui
1759 4436 2023 4506 legatione

424 4521 670 4592 {tingitur
695 4523 827 4578 nihil
870 4541 1121 4595 umquam
1153 4524 1244 4580 fiat
1286 4526 1433 4582 ntali.
1468 4527 1572 4582 Sed
1604 4538 1779 4584 tamen
1808 4545 1908 4600 ego
1941 4543 2022 4584 te-

421 4615 645 4685 gatione
688 4616 880 4686 fungor
905 4617 956 4671 in
996 4627 1204 4673 catena.
1237 4617 1404 4690 Urget
1429 4631 1620 4677 catena
1649 4637 1711 4677 os
1737 4624 2022 4680 obstruens

422 4710 680 4780 lnqoendi
716 4709 985 4776 libertati,
1015 4710 1108 4766 sed
1147 4723 1340 4767 vestrae
1377 4729 1560 4783 preces
1601 4729 1661 4769 os
1687 4731 1864 4770 meum
1895 4731 2023 4787 ape-

422 4802 592 4867 riunt,
628 4812 686 4856 ut
714 4803 765 4855 in
796 4818 862 4856 eo
891 4802 1058 4857 libere
1087 4803 1284 4869 dicam,
1315 4813 1374 4858 ut
1399 4821 1484 4859 me
1514 4813 1728 4874 Oportet
1757 4807 1898 4878 loqui
1923 4827 1936 4873 ;
1969 4809 2020 4863 id

421 4905 529 4958 est,
562 4894 630 4951 Ut
653 4910 714 4950 ea
741 4895 919 4949 omnia
950 4895 1123 4950 dicam
1156 4895 1221 4951 ad
1252 4913 1370 4965 quae
1396 4897 1618 4952 dicenda
1649 4914 1767 4952 sum
1799 4901 2015 4956 missus.

426 4986 498 5041 Ut
530 4997 699 5040 autem
726 4995 772 5040 et
803 5003 889 5042 vos
914 4988 1104 5054 sciatis,
1133 5004 1248 5060 quae
1272 4989 1407 5042 circa
1435 5005 1517 5043 me
1538 4999 1675 5056 sunt,
1700 4991 1822 5060 quid
1846 5009 2018 5063 agam,

418 5080 598 5131 omnia
639 5079 772 5133 vobis
814 5089 934 5132 nota
975 5079 1125 5146 faciet
1155 5077 1406 5149 Tyclticus
1431 5081 1723 5134 carissimus
1753 5086 1931 5154 frater,
1973 5094 2022 5136 et

419 5171 595 5239 ﬁdelis
619 5172 847 5224 minister
866 5171 918 5225 in
947 5170 1186 5225 Domino.
1214 5173 1267 5226 Si
1297 5181 1379 5226 est
1405 5172 1596 5235 lidelis,
1628 5173 1756 5227 nihil
1791 5175 2019 5228 mentie-

422 5275 536 5328 tur,
569 5262 663 5317 sed
695 5263 876 5316 omnia
908 5277 1031 5316 vera
1061 5263 1221 5317 dicet.
1260 5264 1420 5330 Quem
1462 5265 1577 5317 misi
1610 5264 1679 5318 ad
1708 5281 1793 5319 vos
1830 5266 1882 5319 in
1928 5267 2022 5319 hoc

417 5353 614 5422 ipsum,
639 5363 692 5405 ut
717 5354 1054 5424 cognoscatis,
1081 5368 1194 5424 qua:
1219 5355 1353 5407 circa
1380 5369 1471 5408 nos
1498 5364 1636 5417 sunt,
1665 5367 1712 5409 et
1733 5357 2021 5411 consoletur

417 5443 582 5498 corda
611 5454 798 5498 uestra.
837 5444 1013 5514 Papm,
1047 5455 1246 5514 quanta
1279 5447 1471 5501 caritas
1506 5447 1519 5501 ε
1549 5447 1624 5500 Ne
1647 5448 1806 5503 liccat
1835 5449 2020 5504 voleno

420 5536 568 5592 tibus
609 5552 704 5592 vos
747 5547 988 5602 terrere;
1021 5547 1104 5593 est
1139 5537 1284 5594 enim
1329 5538 1607 5595 virisimile
1634 5556 1730 5596 eos
1761 5539 1927 5597 fuisse
1964 5542 2018 5597 in

419 5629 586 5684 rebus
622 5629 864 5684 adversis
891 5638 946 5685 et
975 5630 1218 5686 molestis
1251 5648 1263 5682 :
1295 5630 1424 5685 illud
1451 5632 1593 5686 enim
1616 5674 1631 5698 ,
1663 5632 2021 5688 Consolabitur

415 5721 584 5776 corda
615 5732 811 5785 ucstra,
853 5721 956 5777 hoc
998 5723 1322 5779 subiudicat.
1361 5723 1438 5780 Ne
1468 5723 1642 5788 sinat,
1678 5725 1882 5796 inquit,
1923 5743 2020 5782 vos

413 5815 603 5884 dejici.
630 5815 722 5870 23.
762 5815 875 5870 Pas:
899 5816 1143 5888 fratribus
1164 5827 1209 5872 et
1235 5818 1425 5873 caritas
1451 5835 1564 5871 cum
1590 5819 1693 5888 ﬁde
1719 5837 1750 5872 a
1783 5819 1889 5873 Deo
1918 5819 2020 5873 Pu-

415 5918 495 5960 tre
522 5917 570 5961 et
597 5905 817 5963 Domino
847 5907 968 5963 Jesu
998 5909 1215 5967 Christo.
1251 5909 1409 5981 Optat
1436 5911 1512 5967 eis
1543 5927 1761 5981 pacem,
1793 5921 1846 5968 et
1877 5913 2012 5967 cari-

1327 441 1392 496 IN
1433 441 1643 496 EPIST.
1689 443 1778 495 Alt
1821 441 2062 497 El‘llliS.
2105 442 2258 498 CAP.
2304 445 2388 500 Vl.
2431 447 2660 503 llOMlL.
2704 451 2897 509 XXIV.

3651 459 3764 516 174

2165 563 2324 609 tatem
2358 572 2478 612 cmn
2511 560 2632 614 fide.
2669 563 2831 618 llcctc
2868 565 3000 620 dixit
3028 584 3040 626 ;
3077 570 3186 622 vult
3217 568 3358 624 enim
3389 589 3481 626 eos
3512 591 3617 628 non
3660 587 3739 630 nt-

2159 658 2390 715 cumque
2419 649 2615 704 habere
2647 654 2906 708 rationem
2941 659 3195 725 Caritatis,
3230 677 3328 715 nec
3359 678 3416 716 se
3447 664 3750 724 admiscere

2159 750 2278 790 Cum
2320 738 2388 793 iis
2429 742 2519 810 qui
2559 757 2677 796 sunt
2721 745 2949 801 diversm
2995 749 3136 804 ﬁdei.
3186 753 3293 806 Aut
3338 755 3458 820 hoc,
3493 769 3583 810 aut
3617 759 3743 812 illtul

2159 830 2306 894 dicit,
2330 842 2384 885 tit
2408 844 2461 887 et
2482 833 2581 902 ipsi
2613 837 2766 890 tidem
2793 840 3039 907 habeant,
3064 856 3115 898 et
3141 845 3209 900 de
3235 845 3426 901 futuris
3447 851 3741 908 cantidant.

2159 919 2264 972 Pax
2298 937 2422 991 erga
2455 923 2616 978 Deum
2647 937 2699 980 et
2720 931 2930 984 caritas.
2961 932 3092 986 Nam
3121 935 3167 988 si
3197 936 3267 990 sit
3297 953 3416 1006 pax,
3447 940 3552 994 erit
3581 942 3744 998 etiam

2156 1013 2352 1067 caritas
2383 1031 2395 1064 :
2425 1017 2468 1068 si
2512 1017 2741 1086 caritas,
2780 1023 2882 1076 erit
2917 1023 3077 1078 etiam
3125 1042 3245 1096 pax.
3294 1028 3417 1083 Cum
3449 1033 3568 1100 ﬁde.
3600 1033 3741 1088 Nihil

2157 1103 2300 1158 enim
2333 1107 2549 1174 prodest
2578 1111 2772 1166 caritas
2800 1113 3001 1184 absque
3031 1117 3130 1170 lide
3155 1135 3169 1175 ;
3197 1119 3304 1173 imo
3337 1137 3466 1175 vero
3495 1138 3560 1178 ne
3587 1125 3743 1178 aliter

2154 1195 2368 1262 quidem
2399 1197 2561 1252 fuerit
2587 1203 2799 1256 caritas.
2831 1205 2919 1258 24.
2960 1203 3029 1257 Et
3056 1209 3220 1276 gratia
3250 1226 3360 1262 cum
3399 1214 3625 1268 omnibus
3655 1215 3741 1282 qui

2155 1285 2375 1356 diligunt
2407 1287 2683 1344 Dominum
2712 1304 2940 1346 nostrum
2975 1295 3153 1350 Jesum
3190 1297 3447 1353 Christum
3483 1303 3536 1356 in
3573 1305 3741 1358 incor-

2149 1381 2403 1449 ruptione.
2445 1383 2624 1438 Amen.
2673 1385 2769 1440 llic
2808 1387 3006 1454 divisit,
3041 1406 3282 1446 seorsum
3316 1395 3484 1463 posita
3530 1413 3657 1464 pace
3686 1407 3739 1452 ct

2148 1471 2336 1539 gratia.
2389 1473 2455 1527 In
2490 1475 2888 1546 incorruptione,
2935 1481 3125 1547 inquit,
3158 1484 3337 1538 Amen.
3372 1486 3509 1553 Quid
3538 1499 3639 1552 est,
3670 1488 3737 1542 In

2149 1567 2529 1637 incorruptione
2551 1571 2576 1623 .9
2606 1572 2710 1625 Aut
2743 1574 2794 1626 in
2827 1575 3105 1630 honestate
3130 1587 3182 1631 et
3220 1579 3588 1634 moderatione
3610 1622 3622 1646 ,
3647 1594 3738 1636 aut

2150 1671 2245 1724 pro
2277 1659 2339 1712 iis
2371 1660 2420 1712 in
2461 1676 2596 1730 quos
2637 1680 2740 1716 non
2782 1665 2925 1719 cadit
2955 1671 3268 1736 corruptio;
3310 1687 3501 1739 nempe
3534 1688 3638 1726 non
3681 1675 3732 1726 in

2145 1749 2368 1815 divitiis,
2401 1767 2508 1806 non
2549 1754 2598 1807 in
2638 1755 2830 1824 gloria,
2869 1758 2960 1813 sed
2995 1760 3044 1813 in
3078 1760 3182 1814 illis
3211 1761 3261 1815 itt
3296 1779 3416 1832 quae
3454 1781 3558 1818 non
3589 1765 3734 1818 cadit

2143 1843 2438 1911 corruptio.
2474 1843 2621 1908 lllud,
2647 1847 2720 1911 in,
2754 1847 2894 1903 idem
2923 1859 3002 1904 est
3030 1852 3188 1919 quod,
3225 1841 3331 1920 per.
3364 1855 3464 1909 Per
3487 1856 3732 1911 incorru-

2144 1935 2413 2000 ptionem,
2451 1935 2660 2005 inquit;
2706 1939 2806 1992 hoc
2831 1951 2932 2002 est,
2964 1958 3058 2010 per
3085 1946 3352 1998 virtutem.
3386 1946 3555 2000 Omne
3586 1950 3728 2003 enim

2145 2025 2328 2079 vitium
2359 2037 2442 2080 est
2470 2031 2762 2098 corruptio,
2791 2041 2842 2085 et
2879 2034 3013 2086 sicut
3055 2036 3314 2105 virginem
3342 2041 3609 2110 corrumpi
3639 2041 3726 2094 di-

2141 2120 2334 2186 cimus,
2379 2121 2448 2174 ita
2476 2122 2634 2174 etiam
2666 2123 2919 2178 animam.
2954 2126 3238 2193 Propterea
3267 2129 3478 2183 dicebat
3509 2131 3726 2195 Paulus,

2144 2207 2226 2263 Ne
2249 2223 2640 2282 corrumpuntur
2665 2231 2842 2269 sensus
2872 2219 3021 2269 vestri
3050 2217 3117 2288 (2.
3137 2219 3254 2272 Cor.
3285 2221 3370 2274 'll.
3394 2221 3448 2292 5)
3475 2238 3488 2285 ;
3519 2232 3570 2274 et
3605 2239 3727 2276 rur-

2141 2316 2258 2355 Sum
2304 2303 2451 2368 alibi,
2500 2303 2568 2357 In
2607 2304 2834 2359 doctrina
2871 2308 3300 2380 incorruptionem
3340 2310 3514 2382 (Tim.
3543 2312 3597 2366 2.
3633 2312 3724 2385 7),

2139 2393 2333 2464 inquit.

2210 2488 2259 2541 5.
2306 2488 2442 2554 Quid
2486 2498 2567 2542 est
2596 2491 2770 2555 enim,
2805 2491 2891 2546 die
2931 2493 3057 2546 mihi
3086 2535 3100 2557 ,
3131 2495 3407 2563 corruptio
3437 2497 3677 2563 corporis
3703 2497 3726 2548 ?

2137 2594 2315 2633 annon
2345 2580 2628 2634 dissolutio
2656 2583 2851 2647 totius,
2885 2593 2939 2636 et
2961 2583 3076 2651 ejus
3115 2586 3522 2651 compositionis
3551 2587 3574 2639 ’ἶ
3613 2587 3725 2642 Hoc
3761 2607 3768 2622 ’

2135 2673 2296 2725 etiam
2330 2671 2388 2724 lit
2413 2671 2463 2724 in
2487 2671 2682 2732 anima.
2719 2673 2768 2726 in
2801 2689 2917 2727 eam
2944 2675 3182 2742 ingresso
3215 2689 3450 2745 peccato.
3485 2678 3725 2732 Pulchri-

2139 2763 2266 2817 tudo
2307 2764 2450 2817 enim
2482 2763 2674 2818 anima:
2713 2775 2794 2818 est
2824 2768 3196 2834 temperantia,
3242 2767 3446 2835 justitia
3473 2784 3487 2832 ;
3520 2771 3722 2823 sanitas

2136 2863 2328 2910 anima:
2373 2869 2452 2911 est
2486 2855 2772 2923 fortitudo,
2813 2859 3111 2927 prudentia.
3155 2859 3286 2912 Nam
3317 2860 3407 2929 qui
3444 2871 3525 2915 est
3551 2861 3720 2932 turpis

2137 2960 2190 3003 et
2218 2949 2555 3013 inhonestus,
2589 2958 2670 3002 est
2694 2948 2975 3016 deformis,
3004 2959 3058 3004 (ει
3085 2950 3172 3019 qui
3197 2961 3278 3004 est
3305 2966 3514 3015 aVarus,
3545 2963 3600 3006 et
3629 2951 3720 3021 qui

2136 3059 2194 3097 se
2221 3042 2368 3097 dedit
2399 3042 2558 3096 rebus
2595 3043 2750 3096 malis
2770 3084 2785 3108 ,
2831 3052 2883 3096 et
2912 3043 2999 3112 qui
3043 3056 3122 3097 est
3152 3044 3384 3107 timidus,
3422 3046 3640 3114 ignavus
3669 3055 3722 3100 ιοι

2135 3134 2452 3197 imbecillus,
2506 3143 2588 3188 est
2637 3135 2789 3188 malae
2841 3134 3183 3189 habitudinis.
3237 3135 3388 3203 Quod
3430 3152 3555 3190 vero
3597 3153 3720 3207 pt-c-

2135 3237 2249 3281 cata
2277 3237 2568 3296 operentur
2594 3227 3156 3296 corruptionem,hinc
3171 3228 3340 3295 palam
3372 3236 3455 3282 est
3479 3246 3492 3281 :
3523 3229 3721 3282 faciunt

2136 3319 2280 3375 enim
2311 3327 2493 3388 turpes
2535 3329 2587 3373 et
2615 3319 2932 3383 imbecillos,
2964 3329 3020 3374 et
3044 3318 3282 3373 efﬁciunt
3311 3331 3366 3373 ut
3397 3321 3637 3374 laborent
3667 3332 3720 3375 et

2134 3409 2508 3480 tit-fatigentur.
2541 3409 2858 3480 Corruptam
2900 3411 3042 3464 enim
3081 3426 3201 3464 esse
3230 3410 3520 3480 virginem,
3555 3411 3716 3465 etiam

2136 3502 2256 3556 ideo
2295 3503 2508 3571 proprie
2538 3500 2782 3566 dicimus,
2822 3519 2926 3556 non
2956 3502 3099 3571 quod
3127 3514 3498 3572 corrumpatur
3524 3519 3719 3572 corpus

2133 3594 2325 3658 solum,
2353 3593 2448 3647 sed
2488 3604 2705 3662 propter
2745 3593 3076 3664 iniquitatem
3105 3613 3117 3648 :
3148 3611 3269 3648 nam
3302 3594 3350 3649 id
3378 3594 3516 3664 quod
3551 3596 3606 3648 tit
3635 3605 3719 3650 est

2132 3685 2416 3750 euitus;si
2461 3685 2563 3739 hoc
2602 3693 2782 3739 autem
2827 3695 2971 3739 esset
3015 3687 3322 3754 corruptio,
3361 3696 3503 3741 esset
3553 3688 3712 3742 etiam

2133 3776 2530 3830 matrimonium
2567 3775 2860 3845 corruptio.
2895 3776 3011 3830 Non
3054 3778 3246 3844 coitus,
3290 3779 3382 3832 sed
3433 3789 3708 3848 peceatum

2131 3879 2213 3924 est
2249 3869 2560 3937 corruptio:
2595 3870 2767 3938 ipsum
2796 3870 2938 3924 enim
2982 3869 3246 3926 dedecore
3284 3870 3479 3926 ati'ecit.
3511 3872 3714 3926 Domus

2129 3974 2308 4019 autem
2348 3964 2474 4034 quid
2519 3962 2680 4018 fuerit
2730 3963 3036 4032 cet-ruptio,
3082 3979 3239 4033 quam
3283 3965 3612 4019 dissolutio?
3654 3966 3720 4020 Et

2131 4059 2328 4129 ubique
2374 4057 2650 4128 corruptio
2694 4067 2778 4113 est
2818 4058 3062 4128 quaedam
3113 4058 3164 4111 in
3203 4058 3437 4112 deterius
3469 4059 3714 4124 mutatio,

2129 4169 2248 4224 qua:
2279 4151 2335 4206 lit
2363 4154 2414 4207 in
2439 4151 2600 4206 alium
2627 4151 2886 4218 habitum,
2916 4161 2970 4206 et
2992 4151 3058 4206 ad
3082 4152 3404 4207 deletionem
3434 4151 3550 4220 ejus
3574 4154 3714 4222 quod

2127 4256 2245 4302 erat
2272 4245 2441 4316 prius.
2466 4244 2606 4299 Audi
2632 4245 2774 4299 enim
2804 4245 3133 4315 Scripturam
3163 4246 3448 4313 dicentem,
3476 4249 3715 4318 Corrupit

2129 4338 2291 4391 omnis
2320 4353 2439 4390 caro
2475 4339 2608 4390 viam
2650 4353 2793 4390 suam
2843 4336 3004 4406 (Gen.
3034 4339 3087 4392 6.
3119 4339 3183 4392 12
3205 4339 3261 4406 );
3306 4350 3360 4394 et
3389 4357 3574 4396 rursus
3599 4385 3612 4406 ,
3648 4342 3713 4397 In

2127 4433 2453 4497 corruptione
2482 4429 2790 4483 intolerabili
2819 4440 2917 4494 ;et
2953 4445 3158 4495 rursus,
3204 4430 3450 4487 Homines
3489 4435 3716 4505 corrupti

2127 4538 2290 4574 mente
2313 4525 2389 4593 (2.
2421 4518 2554 4574 Tim.
2583 4521 2636 4574 '5.
2664 4521 2740 4589 8).
2769 4520 3128 4589 Qorruptibile
3144 4533 3712 4594 estcorpusnostrum.

2126 4616 2223 4672 sed
2252 4617 2431 4670 anima
2461 4615 2902 4685 iucorruptibilis.
2941 4615 3018 4671 Ne
3045 4617 3224 4687 itaque
3260 4618 3428 4687 ipsam
3472 4635 3714 4675 corrum-

2127 4725 2357 4779 pamus:
2396 4709 2498 4763 hoc
2533 4708 2659 4763 fecit
2704 4709 2850 4780 prius
2888 4721 3203 4780 peccaturo;
3249 4713 3389 4782 quod
3435 4715 3492 4767 lit
3532 4723 3709 4769 autem

2128 4810 2248 4871 post
2274 4801 2544 4856 lavacrum
2567 4843 2580 4866 ,
2613 4810 2787 4871 potest
2813 4804 2971 4856 etiam
2997 4803 3230 4856 animam
3259 4820 3630 4872 corrumpere,
3661 4813 3715 4857 et

2126 4892 2341 4948 eftieere
2364 4901 2420 4946 ut
2446 4891 2598 4946 facile
2623 4894 2738 4961 capi
2771 4895 2942 4960 possit
2970 4910 2997 4945 τι
3033 4909 3220 4948 verme
3246 4895 3529 4950 immortali
3562 4913 3574 4945 :
3604 4912 3710 4950 non

2125 4984 2268 5038 enim
2288 4983 2573 5052 attigisset,
2600 4982 2702 5038 nisi
2717 4984 3116 5052 corruptibilem
3142 4984 3433 5039 invenisset
3452 4986 3707 5041 animam.

2125 5065 2481 5129 Adamantem
2521 5089 2624 5127 non
2657 5073 2867 5144 attingit
2895 5075 3113 5137 vermis,
3139 5085 3193 5129 et
3224 5074 3266 5129 si
3297 5076 3552 5145 attigerit,
3581 5077 3711 5131 nihil

2125 5167 2306 5222 efficit.
2331 5167 2406 5221 Ne
2435 5181 2753 5235 corrumpas
2777 5166 3010 5221 animam
3042 5185 3054 5220 :
3083 5184 3201 5221 nam
3234 5167 3373 5238 quod
3405 5169 3711 5238 corrumpi-

2128 5273 2233 5326 tur,
2261 5261 2473 5330 plenum
2501 5269 2582 5312 est
2605 5259 2812 5314 faetore.
2850 5258 2987 5313 Audi
3017 5259 3158 5314 enim
3188 5259 3496 5329 prophetam
3527 5261 3710 5316 dicen-

2127 5365 2254 5417 tem,
2283 5351 2605 5405 Putruerunt
2630 5361 2677 5404 et
2701 5359 2956 5419 corrupta:
2977 5361 3093 5404 sunt
3119 5351 3378 5404 cicatrices
3395 5368 3518 5406 mea:
3533 5370 3562 5405 a
3582 5354 3714 5422 facie

2124 5445 2427 5514 insipientia:
2455 5459 2580 5496 mea:
2607 5443 2625 5514 (
2651 5441 2795 5496 Psal.
2827 5445 2914 5498 57.
2944 5444 2976 5498 6
3004 5446 3042 5513 ).
3085 5444 3199 5513 Ipsa
3228 5455 3407 5498 autem
3437 5451 3714 5517 corruptio

2124 5537 2308 5591 induet
2345 5536 2840 5605 incorruptionem;
2877 5536 2991 5589 lucc
3029 5551 3158 5590 vero
3203 5552 3307 5590 non
3353 5537 3533 5591 itidetn
3578 5555 3590 5591 :
3623 5539 3711 5594 ubi

2123 5639 2206 5684 est
2233 5632 2375 5686 enim
2403 5628 2754 5699 iucorruptio,
2789 5645 2892 5684 non
2919 5639 3002 5685 est
3027 5632 3323 5701 corruptio.
3348 5632 3708 5699 Quamobrem

2123 5724 2398 5790 corruptio
2422 5733 2505 5778 est
2533 5723 2972 5792 incorruptibilis,
3018 5723 3177 5778 linem
3220 5740 3324 5782 non
3375 5725 3595 5792 habens,
3628 5735 3714 5782 est

2126 5831 2272 5870 mors
2295 5813 2609 5868 immortalis
2632 5830 2646 5878 ;
2670 5813 2809 5883 quod
2831 5814 3045 5884 quidem
3070 5816 3305 5870 futurum
3329 5817 3503 5871 eratsi
3520 5832 3714 5886 corpus

2126 5909 2410 5966 mansisset
2438 5909 2758 5965 immortale.
2775 5909 3158 5978 Quamobrem,
3183 5911 3226 5966 si
3247 5909 3371 5966 illuc
3395 5909 3714 5965 exivrrintus
