4170 6562
459 423 558 478 173
1189 409 1250 462 S.
1289 403 1574 462 JOANNIS
1609 402 2094 460 CHRYSOSTOMI
2133 401 2452 458 ARClllEP.
2495 397 3043 455 CONSTANTINOP.
3640 398 3739 454 176

457 537 716 592 habentes
769 531 1168 603 corruptionem
1195 569 1211 595 ,
1269 525 1588 581 habebimus
1618 519 2043 608 corruptionem

456 629 942 700 incorruptibilem,
969 627 1130 680 linem
1161 639 1267 678 non
1300 621 1606 676 habentem.
1636 618 1729 675 Uri
1755 618 1896 672 enim
1933 624 1987 670 ct
2014 630 2046 668 a

458 741 636 780 verme
664 732 921 794 perpetuo
955 715 1221 782 consumi,
1251 725 1333 772 est
1352 713 1650 782 corruptio,
1675 712 1727 765 in
1755 724 1913 780 quam
1936 723 2045 761 non

457 817 598 870 cadit
630 811 959 882 iucorruptio
991 827 1004 863 :
1029 806 1172 880 quod
1201 815 1319 862 erat
1345 816 1399 862 et
1427 805 1480 860 in
1504 805 1661 860 beato
1680 801 1782 858 Job
1811 801 1828 869 (
1858 799 1959 853 Job
1989 799 2046 852 7.

457 907 510 961 5.
544 908 594 958 in
625 903 830 970 timeo)
867 920 880 956 :
908 899 1358 970 corrumpebatur
1386 896 1552 961 enim,
1583 902 1637 948 et
1672 908 1778 948 non
1812 890 2043 962 peribat,

454 1011 509 1055 et
537 1000 650 1052 haec
679 1014 772 1062 per
794 996 1019 1050 multum
1043 993 1340 1063 temporis;
1368 989 1462 1044 scd
1491 1001 1707 1056 semper
1732 999 2046 1054 corrumpe.-

455 1091 542 1143 hat
585 1098 742 1142 terra:
790 1085 1012 1156 glebas,
1064 1085 1270 1140 saniem
1306 1081 1557 1137 eradeus.
1587 1078 1718 1134 Tale
1759 1076 1884 1147 quid
1918 1083 2044 1129 tunc

455 1181 689 1247 patietur
718 1179 918 1239 anima,
950 1193 1068 1233 eam
1100 1172 1624 1230 circumsistentibus
1661 1177 1716 1224 et
1738 1167 2044 1222 arrodenti-

455 1275 555 1328 hus
580 1273 874 1338 vermibus,
909 1287 1015 1325 non
1047 1270 1182 1324 duos
1207 1281 1398 1333 annos,
1428 1280 1528 1320 nec
1559 1273 1687 1326 tres,
1713 1276 1810 1316 nec
1835 1260 2042 1321 decem,

451 1382 558 1422 nec
588 1376 826 1427 centum,
861 1378 960 1418 nec
1001 1362 1181 1416 decies
1211 1358 1378 1422 mille,
1408 1355 1503 1411 sed
1543 1353 1634 1424 qui
1665 1365 1953 1420 numquam
1980 1349 2045 1403 fi-

455 1458 671 1513 nientur
703 1474 717 1511 :
756 1454 950 1509 Vermis
990 1453 1166 1516 enim,
1213 1447 1419 1520 inquit,
1451 1461 1623 1500 eorum
1667 1459 1769 1497 non
1806 1442 2047 1495 morietur

455 1550 650 1620 (.tlarc.
672 1547 726 1604 9.
746 1548 860 1616 45).
878 1548 1185 1601 Timeamus
1203 1558 1354 1612 ergo,
1378 1555 1528 1610 rogo,
1553 1538 1835 1592 timeamus
1861 1533 2043 1599 verba,

457 1660 522 1696 ne
564 1642 614 1695 iu
657 1656 744 1694 res
799 1638 943 1708 ipsas
985 1634 1301 1690 incidamus.
1339 1629 1574 1686 Avaritia
1623 1637 1707 1682 est
1747 1624 2041 1693 corruptio,

452 1732 724 1800 corruptio
770 1728 1010 1785 omnium
1049 1725 1380 1797 gravissima,
1429 1721 1687 1775 inducens
1718 1717 1786 1772 ad
1818 1717 2047 1772 idolola-

456 1822 611 1876 triam
640 1839 653 1875 :
677 1820 942 1891 fugiamus
963 1816 1388 1886 corruptionem,
1408 1813 1666 1882 eligamus
1690 1809 2049 1877 incorruptio-

455 1928 600 1966 nem.
635 1912 790 1966 Hunc
817 1909 1033 1980 quidem
1061 1918 1151 1961 aut
1183 1906 1332 1960 illum
1359 1920 1455 1974 per
1475 1903 1755 1958 avaritiam
1787 1901 2044 1956 fraudasli

454 2012 508 2057 et
539 2003 686 2072 plura
717 1999 1048 2071 acquisiristi
1079 1998 1254 2065 ?Quac
1286 2011 1380 2066 per
1401 1993 1678 2048 avaritiam
1711 2001 1836 2048 sunt
1861 1993 2046 2062 acqui-

453 2094 553 2147 sita
583 2101 1026 2162 corrumpuutur,
1058 2097 1240 2144 manet
1267 2097 1444 2142 autem
1485 2085 1729 2147 avaritia,
1774 2085 2048 2154 corruptio

452 2201 612 2239 causa
651 2182 1068 2251 incorruptioiiis
1101 2198 1114 2233 :
1160 2181 1352 2234 transit
1396 2178 1613 2249 quidem
1658 2177 1906 2247 voluptas
1942 2193 2046 2247 qua

455 2275 681 2343 frueris,
731 2283 912 2330 manet
952 2283 1132 2328 autem
1183 2279 1458 2342 peccaturo
1500 2270 1551 2323 in
1593 2269 1734 2340 quod
1768 2285 1873 2323 non
1905 2269 2050 2324 cadit

453 2369 750 2436 corruptio.
780 2366 956 2422 Grave
980 2375 1063 2420 est
1086 2365 1282 2418 malum
1313 2379 1418 2417 non
1453 2363 1502 2416 in
1528 2363 1779 2432 prmsenti
1802 2364 1909 2417 vita
1930 2379 2047 2418 om-

455 2461 540 2512 nia
578 2473 776 2513 exuere
806 2475 820 2510 :
855 2472 1042 2526 magna
1070 2465 1151 2510 est
1178 2454 1457 2510 calamitas
1487 2454 1613 2508 hinc
1656 2455 1918 2510 excedere
1947 2455 2046 2509 ha-

457 2554 644 2608 bentes
684 2567 872 2622 magna
916 2560 1257 2620 peccatorum
1305 2563 1472 2604 onera
1501 2565 1514 2600 :
1549 2564 1672 2602 nam
1703 2547 1770 2602 In
1801 2549 2004 2619 inferno
2028 2591 2044 2614 ,

456 2643 647 2711 inquit,
687 2645 800 2712 quis
837 2642 1158 2712 conﬁtebitur
1183 2641 1270 2694 tibi
1294 2639 1465 2712 (Psal.
1491 2639 1542 2695 6.
1570 2640 1626 2711 6)
1650 2641 1672 2694 ?
1705 2641 1813 2695 Illic
1842 2648 1926 2695 est
1958 2641 2050 2708 ju-

456 2735 679 2800 dicium,
713 2733 1039 2803 pmnitentire
1077 2733 1185 2802 jam
1232 2747 1338 2786 non
1381 2742 1465 2786 est
1516 2741 1746 2801 tempus.
1779 2731 2047 2798 Quantum

454 2825 614 2880 flebat
644 2826 795 2881 dives
819 2828 842 2879 ?
869 2836 923 2879 et
953 2824 1085 2879 nihil
1115 2820 1310 2879 effecit.
1377 2824 1546 2892 Quam
1594 2824 1764 2878 multa
1793 2823 2047 2880 dixerunt

2151 516 2238 586 qui
2266 514 2540 570 Christum
2561 531 2670 573 non
2696 518 2971 573 aluerunt!
3019 517 3112 583 sed
3167 530 3341 572 tamen
3371 517 3588 574 abducti
3615 529 3739 574 sunt

2153 607 2204 660 iu
2235 607 2408 676 ignem
2435 617 2718 661 :cternum.
2747 609 2916 677 Quam
2944 595 3108 663 multa
3145 609 3398 664 dixerunt
3423 611 3511 680 qui
3539 610 3737 681 iniqui-

2153 708 2312 753 tatem
2353 697 2622 774 fecerunt,
2643 698 2879 766 Domine,
2918 718 3018 755 non
3044 702 3095 755 in
3125 702 3326 755 nomine
3355 714 3441 754 luo
3464 703 3738 770 propheta-

2150 791 2330 856 vimus,
2344 801 2391 844 el
2410 792 2461 844 in
2474 793 2675 845 nomine
2689 801 2776 846 tuo
2792 793 3041 848 dwnionia
3058 794 3294 864 ejeciums
3313 793 3527 867 (Manli.
3545 796 3598 848 7.
3616 794 3688 849 2‘2
3699 796 3740 860 )?

2149 892 2205 937 et
2239 893 2414 937 tamen
2451 899 2557 938 non
2583 895 2701 939 sunt
2730 886 2948 955 cogniti.
2991 887 3180 940 Omnia
3212 887 3325 939 iure
3352 887 3566 956 quidem
3614 898 3738 939 tunc

2153 975 2307 1043 fiunt,
2336 976 2431 1030 sed
2460 976 2800 1046 nihiljuvaut
2827 978 2928 1032 nisi
2956 994 3097 1032 nunc
3121 977 3256 1032 facta
3283 978 3496 1032 fuerint.
3525 977 3741 1033 Timea-

2151 1084 2271 1123 mus
2298 1084 2427 1139 ergo
2466 1085 2532 1125 ne
2559 1071 2696 1125 forte
2727 1081 2854 1125 tunc
2880 1070 3146 1136 dicamus,
3187 1069 3427 1136 Domine,
3460 1073 3666 1142 quando
3692 1081 3740 1124 te

2150 1157 2366 1213 vidimus
2392 1161 2720 1224 esurientem,
2758 1172 2804 1214 et
2844 1177 2944 1215 non
2987 1163 3208 1216 aluinms
3257 1163 3275 1228 (
3298 1161 3436 1216 Ibid.
3469 1164 3559 1217 25.
3593 1165 3660 1218 57
3686 1165 3739 1230 )?

2149 1249 2302 1306 Nunc
2341 1252 2513 1320 ipsum
2556 1253 2874 1319 nutriamus,
2916 1268 3022 1308 non
3071 1269 3198 1318 uno,
3244 1262 3340 1307 aut
3377 1253 3606 1315 duobus.
3647 1265 3740 1308 aut

2153 1344 2321 1398 tribus
2349 1344 2536 1400 diebus
2567 1363 2581 1398 :
2613 1345 2961 1417 Eleemosynw
2995 1347 3168 1407 enim,
3203 1345 3408 1415 inquit,
3441 1354 3487 1398 et
3523 1347 3651 1414 ﬁdes
3695 1357 3742 1402 te

2151 1454 2252 1491 non
2273 1438 2504 1492 deserant
2530 1437 2710 1512 (Prov.
2734 1441 2786 1494 5.
2807 1441 2884 1509 5).
2907 1439 3022 1493 Non
3043 1439 3198 1504 dixit,
3221 1439 3328 1494 Fac
3348 1439 3537 1505 semel,
3565 1455 3740 1509 neque

2152 1529 2234 1584 bis
2269 1549 2284 1584 :
2315 1547 2435 1585 nam
2483 1531 2714 1602 virgiurs
2759 1532 3025 1587 habebant
3068 1532 3266 1595 oleum,
3310 1532 3404 1587 sed
3435 1548 3542 1586 non
3584 1533 3738 1587 sufﬁ-

2151 1622 2318 1676 ciens.
2352 1624 2708 1689 Quamobrem
2741 1624 2898 1679 nobis
2927 1625 3098 1680 multo
3123 1640 3260 1695 Opus
3285 1636 3368 1680 est
3396 1625 3538 1690 oleo,
3564 1635 3619 1681 et
3645 1642 3740 1682 nos

2154 1723 2420 1785 tamquam
2471 1715 2776 1786 frugiferam
2829 1719 3004 1772 oleam
3057 1729 3269 1786 oportet
3311 1734 3434 1775 csse
3481 1721 3534 1775 in
3579 1719 3740 1775 domo

2155 1805 2271 1861 Dei.
2304 1807 2610 1876 Cogitemus
2637 1824 2768 1878 ergo
2815 1825 2975 1880 quam
3017 1810 3214 1864 multas
3246 1820 3586 1881 peccatorum
3622 1828 3740 1866 sar-

2153 1897 2303 1951 cinas
2334 1898 2496 1953 habet
2540 1902 2911 1971 unusquisque
2943 1912 3208 1969 nostrum,
3252 1902 3616 1974 faciamusque
3646 1904 3740 1958 be-

2155 1990 2428 2060 nignitatis
2457 2005 2511 2046 et
2539 1992 2842 2048 clementiae
2871 2008 3056 2064 opera,
3089 2011 3208 2066 qua:
3235 1996 3317 2052 eis
3347 1997 3398 2051 iu
3437 1998 3740 2067 arquilibrio

2154 2083 2534 2152 respondeant,
2569 2083 2675 2139 imo
2703 2101 2832 2141 vero
2858 2086 3019 2142 etiam
3049 2088 3204 2158 longe
3235 2088 3408 2158 plura,
3433 2097 3490 2143 ut
3519 2105 3624 2143 non
3650 2104 3740 2143 so-

2155 2174 2262 2229 lum
2306 2176 2713 2248 exstinguantur
2757 2191 3010 2250 peccata.
3057 2180 3154 2237 sed
3183 2181 3345 2236 etiam
3374 2181 3441 2236 ad
3479 2180 3740 2251 justitiam

2155 2270 2312 2324 nobis
2338 2280 2653 2339 reputentur
2681 2288 2842 2342 opera
2865 2273 3107 2342 justitize.
3136 2273 3268 2328 Nam
3299 2273 3343 2327 si
3376 2290 3483 2328 non
3505 2273 3615 2329 sint
3635 2285 3743 2331 tam

2157 2363 2319 2416 multa
2354 2363 2490 2418 bona
2513 2403 2527 2428 ,
2563 2373 2620 2418 ut
2648 2374 2704 2418 et
2743 2363 2967 2420 crimina
2997 2379 3276 2430 eruamus,
3324 2379 3380 2421 et
3417 2383 3483 2422 ex
3527 2367 3594 2423 iis
3622 2384 3742 2438 qua:

2156 2468 2279 2512 sunt
2306 2459 2487 2514 relicta
2516 2459 2672 2514 nobis
2693 2459 3023 2529 imputeutur
3045 2461 3110 2516 ad
3134 2461 3420 2532 justitiam,
3461 2477 3620 2517 nemo
3645 2477 3744 2516 nos

2155 2551 2356 2608 eximet
2383 2567 2413 2606 a
2450 2553 2715 2623 supplicio
2747 2569 2762 2606 :
2796 2553 2936 2624 quod
2980 2555 3134 2610 nobis
3163 2555 3413 2611 omnibus
3435 2555 3592 2610 detur
3612 2554 3745 2609 efl‘u-

2155 2659 2302 2712 gere,
2325 2646 2494 2716 gratia
2520 2655 2575 2700 et
2595 2646 2924 2716 benignitate
2952 2646 3159 2702 Domini
3185 2647 3352 2703 nostri
3371 2647 3498 2704 Jcsu
3518 2648 3742 2714 Christi,

2156 2738 2240 2792 cui
2268 2752 2390 2792 cum
2422 2739 2580 2795 Patre
2605 2747 2660 2795 et
2689 2739 2891 2810 Spiritu
2920 2750 3130 2803 sancto.
3158 2749 3264 2798 etc.
