4170 6494
568 361 666 415 179

563 477 688 530 dem
737 475 1102 540 defensionis,
1153 488 1214 527 ac
1270 472 1598 527 liberationis
1643 480 1886 541 tempore
1929 469 2152 528 minime

564 566 802 622 adfuisse
830 566 1169 624 Timotheum
1202 553 1411 618 constat
1440 581 1453 616 :
1485 563 1655 632 inquit
1683 561 1857 627 enirn,
1892 561 1957 616 In
1988 563 2154 631 prima

563 677 676 714 mea
700 659 989 729 defensione
1016 672 1162 710 nemo
1191 657 1314 709 mihi
1345 657 1529 726 adfuit.
1559 654 1722 725 quue
1751 655 1988 709 ostendit
2015 654 2150 708 scri-

564 753 696 805 bens
731 752 807 804 sic
833 766 846 802 :
877 765 982 802 non
1021 749 1164 801 enim
1198 747 1271 800 illi
1303 761 1402 817 per
1430 747 1612 801 literas
1639 746 1975 810 nuntiasset,
2007 745 2149 814 quod

565 849 748 896 notum
775 840 871 909 ipsi
900 855 1020 894 esse
1045 839 1224 894 sciret.
1250 837 1368 906 Quo
1391 847 1567 892 autem
1595 848 1837 908 tempore
1862 839 1999 892 hanc
2019 837 2154 892 scri-

567 935 721 988 bebat
741 933 1046 1002 epistolam,
1069 929 1386 986 Timotheus
1411 946 1514 984 una
1537 945 1716 985 secum
1740 930 1926 985 aderat
1950 945 1964 984 ε
1992 928 2151 998 idque

565 1026 743 1081 verbis
789 1025 906 1080 istis
951 1023 1229 1079 ostendit:
1259 1023 1424 1089 Spero
1463 1033 1632 1076 autem
1674 1023 1728 1076 in
1769 1021 1983 1074 Domino
2021 1020 2149 1074 Jesu

567 1117 880 1172 Timotheum
917 1131 995 1168 me
1032 1116 1132 1168 cito
1174 1115 1365 1167 mittere
1403 1113 1471 1167 ad
1510 1129 1631 1178 vos;
1660 1121 1714 1166 et
1743 1127 1964 1175 rursus,
1997 1111 2150 1165 Hunc

562 1210 720 1279 igitur
742 1225 888 1278 spero
920 1224 997 1260 me
1025 1208 1124 1259 cito
1152 1207 1346 1259 mittere
1370 1205 1437 1258 ad
1467 1222 1567 1268 vos,
1598 1221 1716 1258 mox
1740 1213 1790 1257 ut
1816 1203 2006 1270 uidero,
2035 1220 2150 1273 quae

562 1302 698 1353 circa
740 1315 818 1353 me
846 1308 958 1353 sunt
984 1299 1002 1368 (
1038 1297 1268 1367 Philipp.
1297 1297 1351 1350 2.
1388 1297 1472 1351 19.
1505 1296 1576 1350 25
1599 1295 1643 1363 ).
1675 1295 1716 1349 Ε
1747 1296 1972 1350 vinculis
2000 1297 2146 1353 enim

561 1389 814 1444 dimissus
844 1400 959 1455 est;
995 1399 1156 1458 atque
1187 1388 1236 1441 in
1269 1403 1352 1450 ea,
1387 1397 1665 1456 postquam
1695 1384 1762 1440 ad
1794 1386 1939 1456 ipsos
1964 1386 2145 1441 venis-

561 1491 683 1548 set,
717 1495 903 1534 rursus
945 1481 1251 1548 conjeetns.
1288 1477 1442 1546 Quod
1485 1479 1627 1533 enim
1668 1478 1878 1548 inquit,
1912 1477 2021 1534 Sed
2053 1479 2146 1534 etsi

557 1573 794 1626 immolor
828 1589 992 1641 supra
1029 1572 1337 1640 sacri/icium
1360 1613 1375 1637 ,
1409 1580 1454 1623 et
1492 1570 1780 1640 obsequium
1815 1571 1938 1640 ﬁdei
1970 1582 2146 1626 vestra:

557 1664 576 1736 (
609 1662 741 1717 Ibid.
767 1680 814 1717 υ.
851 1665 916 1718 17
946 1664 994 1733 );
1026 1678 1130 1717 non
1180 1663 1248 1716 ita
1289 1662 1449 1725 dicit,
1479 1661 1630 1731 quasi
1661 1676 1802 1716 nunc
1829 1661 2017 1728 fieret;
2045 1663 2142 1719 sed

556 1757 818 1823 Quoniam
861 1757 903 1810 si
943 1757 993 1810 id
1031 1757 1241 1811 eveniat
1265 1797 1278 1816 .
1321 1764 1376 1809 et
1413 1755 1858 1826 quandocumque
1892 1757 2138 1825 eveniat,

555 1847 785 1916 gaudeo,
812 1847 1003 1916 inquit,
1026 1847 1270 1901 revelans
1294 1846 1412 1900 illos
1435 1860 1686 1912 llttBl’Ol‘e,
1706 1862 1862 1917 quem
1885 1863 1951 1902 ex
1973 1847 2141 1918 ipsius

555 1939 783 1992 vinculis
806 1951 1167 2007 conceperant
1195 1956 1208 1991 :
1237 1953 1378 1992 nunc
1401 1939 1543 1993 enim
1573 1954 1678 1992 non
1711 1947 1938 1994 mortem
1964 1941 2141 1996 obitu-

553 2046 668 2085 rum
707 2031 868 2085 fuisse
889 2072 903 2094 ,
937 2047 1000 2084 ex
1047 2031 1154 2084 illis
1182 2030 1360 2085 verbis
1403 2031 1741 2102 perspicuum
1773 2045 1894 2088 est:
1923 2032 2137 2104 Conﬁdo

551 2133 718 2176 autent
747 2123 800 2175 in
826 2121 1068 2187 Domino,
1099 2123 1339 2192 quoniam
1364 2132 1411 2176 et
1439 2123 1546 2194 ipse
1571 2125 1766 2178 veniam
1791 2125 1860 2178 ad
1883 2142 1970 2180 vos
1997 2126 2094 2180 cito
2116 2144 2138 2193 ;

548 2225 600 2268 et
635 2228 818 2267 rursus
839 2256 854 2278 ,
897 2213 958 2267 Et
994 2214 1088 2266 hoc
1116 2213 1375 2280 conﬁdens
1400 2215 1503 2267 scio
1529 2215 1650 2284 quia
1675 2217 1883 2269 manebo
1906 2259 1921 2282 ,
1950 2227 1998 2271 et
2024 2234 2138 2277 per-

549 2307 759 2361 manebo
785 2306 1022 2359 omnibus-
1041 2307 1177 2360 vobis
1200 2305 1458 2377 (Philipp.
1485 2306 1542 2361 2.
1567 2307 1657 2362 24.
1688 2318 1734 2361 et
1760 2311 1809 2363 1.
1836 2308 1950 2379 25).
1980 2310 2138 2364 Mise-

547 2409 668 2453 rant
709 2409 885 2453 autem
913 2398 978 2452 ad
1006 2414 1129 2454 eum
1160 2399 1530 2469 Philippenses
1559 2401 1979 2470 Epaphroditum
2001 2445 2016 2468 ,
2044 2405 2134 2474 qui

546 2489 803 2559 pecunias
841 2489 907 2542 ad
952 2489 1124 2557 ipsum
1168 2489 1420 2554 aderrat,
1465 2501 1519 2544 et
1557 2507 1663 2560 quo
1703 2492 1823 2547 loco
1851 2508 1938 2547 res
1969 2495 2134 2564 ipsius

545 2590 725 2637 essent
767 2590 1115 2652 cognosceret
1158 2598 1172 2634 :
1219 2597 1341 2635 nam
1401 2592 1741 2651 peramanter
1784 2586 1961 2640 affecti
2005 2602 2129 2658 erga

543 2675 690 2729 illum
722 2685 891 2729 erant.
933 2674 1084 2742 Quod
1114 2675 1258 2730 enim
1285 2675 1353 2730 ab
1379 2676 1484 2730 illis
1512 2677 1706 2732 missus
1736 2679 2131 2749 Epapltroditus

544 2765 739 2830 fuerit,
765 2766 886 2820 andi
919 2768 1089 2836 ipsum
1118 2765 1380 2822 dicentem
1409 2787 1421 2822 :
1452 2767 1626 2823 Habeo
1657 2779 1824 2824 autem
1850 2774 2051 2840 omnia,
2085 2786 2134 2830 et

539 2857 744 2911 abundo
768 2897 784 2920 ,
824 2858 1046 2926 repletus
1085 2875 1237 2922 sum,
1281 2860 1500 2928 acceptis
1539 2859 1600 2914 ab
1640 2861 1992 2932 Epaphrodito
2018 2882 2133 2936 qute

543 2948 750 3000 misistis
775 2947 1047 3018 (Philipp.
1080 2950 1132 3002 4.
1166 2949 1288 3020 18).
1323 2948 1403 3004 0b
1433 2951 1569 3007 hanc
1599 2953 1758 3022 igitur
1781 2969 1995 3010 causam
2027 2958 2130 3012 mi-

542 3050 745 3105 serant,
777 3051 832 3094 ut
861 3050 914 3095 et
939 3042 1087 3095 illum
1118 3043 1546 3110 consolarentur,
1572 3056 1628 3100 et
1655 3062 1742 3101 res
1769 3048 1909 3103 illius
1933 3063 2129 3121 cogno-

542 3140 774 3185 scerent.
802 3131 933 3185 Nam
962 3134 1103 3200 quod
1133 3143 1186 3188 et
1212 3133 1312 3187 hoc
1333 3136 1598 3205 cognituri
1629 3139 1902 3207 miserint,
1927 3140 1980 3194 in
2013 3145 2131 3214 ipso

540 3222 720 3277 Statim
752 3223 995 3291 epistolae
1026 3224 1179 3277 initio
1207 3225 1458 3292 ostendit,
1488 3227 1555 3282 de
1580 3243 1678 3282 suo
1704 3239 1844 3284 statu
1866 3233 2125 3297 scribens,

539 3329 603 3368 ac
641 3315 827 3369 dicens
858 3334 872 3370 :
911 3316 1058 3370 Scire
1098 3325 1265 3370 autem
1293 3334 1379 3372 vos
1414 3321 1528 3372 uolo
1552 3361 1566 3384 ,
1595 3321 1713 3389 quia
1747 3340 1858 3387 quae
1884 3326 2019 3379 circa
2052 3345 2130 3382 me

537 3418 682 3470 sunt,
721 3408 879 3478 magis
905 3408 972 3460 ad
997 3412 1275 3480 profectum
1305 3422 1544 3464 venerunt
1570 3415 1815 3483 evangelii
1839 3418 1858 3487 (
1886 3416 2125 3490 Philipp.

537 3501 593 3556 1.
624 3499 691 3554 12
713 3500 756 3568 );
786 3507 840 3555 et
884 3514 1070 3554 rursus
1095 3542 1109 3565 ,
1155 3500 1319 3571 Spero
1352 3513 1518 3556 autem
1558 3503 1872 3560 Timotheum
1912 3526 1991 3563 me
2027 3512 2127 3566 cito

536 3593 734 3646 mittere
762 3591 831 3644 ad
860 3608 966 3655 vos,
996 3602 1052 3645 ut
1081 3603 1126 3646 et
1155 3608 1246 3662 ego
1277 3593 1406 3646 bono
1433 3596 1602 3649 animo
1631 3598 1746 3661 sim,
1775 3602 1987 3671 cognitis
2013 3619 2128 3670 quis

537 3684 672 3736 circa
695 3698 782 3736 vos
812 3691 926 3737 sunt
951 3684 969 3753 (
994 3681 1227 3754 Philipp.
1256 3684 1312 3738 2.
1346 3685 1411 3741 19
1436 3686 1475 3754 ).
1513 3686 1580 3741 Ut
1605 3697 1652 3742 et
1677 3706 1768 3758 ego
1791 3731 1805 3754 ,
1847 3692 2131 3761 perspicue

538 3775 641 3828 hoc
665 3773 930 3844 significat
953 3789 967 3826 τ
993 3782 1052 3828 ιιι
1078 3775 1528 3843 quemadmodum
1557 3793 1673 3843 vos,
1703 3797 1808 3847 quo
1834 3783 1984 3836 vobis
2010 3786 2127 3838 ani-

537 3881 688 3921 mum
711 3865 1020 3935 expleretis,
1051 3868 1274 3924 misistis
1300 3869 1364 3924 ad
1399 3886 1514 3925 mea
1540 3874 1912 3941 cognoscenda
1939 3894 1950 3927 :
1979 3875 2045 3929 ita
2072 3887 2128 3932 et

537 3971 638 4025 ego
662 3998 677 4022 ,
712 3954 779 4011 Ut
806 3957 936 4009 bona
964 3957 1134 4012 animo
1159 3960 1256 4012 sim
1280 4001 1295 4026 ,
1322 3960 1536 4030 cognitis
1565 3977 1679 4028 qua:
1707 3963 1841 4018 circa
1869 3981 1956 4020 vos
1983 3980 2122 4023 sunt.

537 4049 801 4114 Quoniam
839 4048 998 4118 igitur
1020 4064 1141 4104 cum
1176 4050 1335 4121 longo
1357 4051 1466 4120 jam
1497 4051 1778 4108 intervallo
1804 4073 1911 4111 non
1944 4059 2122 4114 misis-

538 4151 679 4205 sent,
708 4141 803 4196 sed
837 4150 960 4196 tunc
991 4143 1248 4198 miserant
1272 4142 1346 4212 (id
1375 4144 1519 4198 enim
1548 4143 1746 4200 indicat
1773 4148 1875 4204 illis
1903 4152 2080 4206 verbis
2104 4197 2120 4220 ,

539 4221 790 4297 Quoniam
826 4233 1028 4284 tandem
1067 4233 1344 4302 aliquando
1381 4235 1680 4310 reﬂoruistis
1717 4256 1812 4306 pro
1834 4259 1912 4295 me
1939 4245 2125 4298 sentire

535 4323 796 4396 (Philipp.
825 4326 879 4379 4.
911 4324 1021 4397 12])
1046 4343 1061 4391 ;
1093 4326 1484 4395 audiebantque
1509 4337 1636 4385 tunc
1666 4331 1835 4400 ipsum
1864 4335 1914 4387 in
1939 4337 2123 4391 vincu-

536 4418 602 4472 lis
638 4432 759 4472 esse
789 4415 945 4488 (nam
973 4419 1016 4471 si
1047 4417 1113 4473 de
1144 4417 1492 4486 Epaphroditi
1525 4422 1659 4476 mala
1689 4425 1991 4482 valetudine
2021 4445 2119 4484 au-

535 4507 764 4569 dierant,
785 4507 1015 4561 hominis
1033 4523 1135 4561 non
1159 4508 1313 4563 valde
1328 4511 1482 4574 clari,
1499 4513 1671 4580 qualis
1690 4515 1907 4583 quidem
1927 4517 2121 4576 Paulus

535 4607 652 4653 erat
673 4639 689 4662 ,
729 4599 896 4654 multo
925 4601 1093 4670 magis
1121 4600 1188 4656 de
1214 4599 1449 4670 Paulo);
1478 4612 1531 4657 et
1559 4616 1973 4664 consentaneum
2005 4625 2122 4668 erat

538 4691 682 4760 ipsos
706 4691 1006 4760 perturbari
1027 4709 1041 4757 ;
1062 4693 1263 4748 idcirco
1281 4694 1332 4748 in
1356 4695 1594 4763 epistolae
1614 4700 1874 4765 prooemio
1900 4703 2118 4759 nmltam

539 4781 742 4837 inducit
782 4783 1203 4839 consolationem
1247 4801 1342 4853 pro
1372 4785 1502 4855 ipsis
1526 4787 1637 4841 suis
1666 4789 1909 4856 vinculis,
1940 4803 2122 4850 osten-

535 4872 667 4928 dens
695 4883 898 4929 tantum
929 4875 1120 4929 abesse
1146 4916 1160 4940 ,
1191 4885 1248 4929 ut
1281 4875 1402 4930 inde
1430 4877 1723 4946 perturbari
1753 4893 2032 4952 oporteat,
2063 4896 2122 4942 ut

533 4965 872 5034 gaudendum
905 4966 1078 5034 potius
1109 4966 1196 5020 sit.
1231 4967 1434 5022 Deinde
1462 4970 1741 5025 consilium
1773 4973 1874 5026 illis
1903 4975 2030 5042 dat,
2065 4989 2122 5032 ut

535 5058 696 5111 etiam
722 5057 1063 5112 concordiam
1091 5065 1254 5128 atque
1279 5057 1630 5116 humilitatem
1654 5065 1856 5131 colam,
1886 5065 1989 5122 hoc
2015 5068 2121 5124 illis

535 5148 860 5202 tutissimum
887 5162 1008 5201 esse
1031 5148 1334 5216 praesidium
1359 5150 1580 5219 docens,
1603 5163 1763 5224 atque
1791 5156 1888 5211 hac
1915 5158 2120 5214 ratione

533 5239 692 5294 facile
733 5239 854 5293 illos
891 5238 1120 5294 inimicis
1155 5242 1264 5296 suis
1302 5244 1607 5312 superiores
1644 5246 1756 5301 fieri
1797 5263 1974 5316 posse.
2003 5249 2116 5306 Non

539 5330 679 5385 enim
703 5330 1009 5385 doctoribus
1029 5333 1222 5388 vestris
1248 5335 1528 5390 molestum
1551 5347 1633 5392 est
1655 5339 1706 5392 in
1732 5340 1954 5395 vinculis
1975 5357 2115 5406 esse,

535 5419 631 5473 sed
654 5419 944 5490 discipulos
967 5421 1103 5476 inter
1120 5437 1179 5479 se
1201 5425 1419 5480 minime
1439 5427 1734 5482 concordes
1753 5429 1956 5484 videre.
1981 5431 2117 5488 illud

537 5512 680 5565 enim
708 5511 789 5565 vel
817 5511 882 5565 ad
909 5514 1306 5582 provehendam
1330 5519 1662 5589 evangelium
1687 5520 1844 5587 facit;
1873 5521 1974 5577 hoc
1993 5539 2120 5580 vero

537 5599 604 5654 ad
627 5600 1052 5659 disturbamlum.

611 5692 665 5743 2.
695 5692 959 5760 Quomodo
987 5696 1182 5753 Paulus
1199 5699 1251 5753 in
1276 5701 1492 5770 epistola
1507 5718 1600 5756 sua
1625 5703 1883 5772 procedat.
1907 5703 2119 5774 Philip-

537 5784 770 5848 pensium
801 5785 992 5841 laudes.
1025 5819 1094 5833 —-
1126 5791 1259 5844 Cum
1293 5791 1451 5861 igitur
1499 5793 1617 5846 illos
1655 5793 1720 5848 ad
1767 5796 2112 5853 concordiam

1237 357 1295 413 S.
1333 355 1610 412 JOANNIS
1644 352 2123 410 CHRYSOSTOMI
2160 350 2475 410 ARCHIEP.
2516 353 3048 413 CONSTANTINOP.

3745 363 3848 420 130

2261 477 2406 522 esset
2457 470 2806 536 cohortatus,
2857 471 3200 528 concordiam
3250 487 3380 527 vero
3426 473 3494 528 ab
3543 474 3847 533 humilitate

2255 556 2523 626 proficisci
2564 557 2872 624 docuisset,
2925 571 3088 631 atque
3134 563 3399 618 adversus
3446 563 3705 634 Judasos,
3753 570 3845 638 qui

2254 646 2721 706 Christianismum
2773 653 3204 721 praetendentes,
3235 655 3484 712 omnibus
3530 658 3707 713 illudis
3749 661 3846 715 do-

2253 743 2418 810 gmati
2445 742 2773 810 efficiebant,
2795 745 3034 800 invectus
3059 757 3223 813 esset,
3238 762 3400 802 canes
3427 763 3521 801 eos
3550 765 3749 807 vocans
3779 767 3844 807 ac

2256 835 2424 890 malos
2461 837 2771 905 operarios,
2822 847 2984 908 atque
3033 839 3101 893 ab
3144 839 3250 895 illis
3296 841 3673 896 abstinendum
3719 860 3841 902 esse

2253 924 2538 991 suasisset,
2566 935 2623 980 et
2650 927 2840 996 quibus
2885 928 3045 983 rebus
3099 929 3419 984 studendmn
3464 945 3610 988 esset
3654 933 3844 991 admo-

2253 1013 2487 1080 nuisset,
2534 1016 2808 1087 multaque
2850 1017 3199 1074 disseruisset
3259 1021 3328 1076 de
3379 1023 3542 1078 rebus
3565 1023 3632 1078 ad
3662 1041 3840 1082 mores

2254 1104 2680 1172 pertinentibus,
2727 1122 2932 1179 eosque
2981 1112 3378 1180 composuisset
3421 1128 3485 1167 ac
3538 1129 3837 1173 recreasset

2250 1195 2431 1252 verbis
2459 1197 2564 1253 illis
2589 1239 2605 1265 ,
2636 1197 2889 1254 Dominus
2916 1217 3074 1271 prope
3099 1211 3174 1257 est
3201 1201 3470 1278 (Philipp.
3493 1205 3548 1259 4.
3579 1207 3634 1275 5)
3671 1225 3683 1260 :
3718 1216 3831 1262 tum

2250 1304 2380 1342 vero
2404 1303 2466 1343 ea
2487 1330 2502 1355 ,
2534 1305 2654 1359 quae
2686 1291 2858 1361 ipsum
2889 1291 3134 1359 decebat,
3169 1293 3451 1363 prudentia
3476 1312 3654 1352 rerum
3673 1300 3835 1354 etiam

2249 1380 2315 1434 ad
2340 1395 2400 1435 se
2423 1381 2707 1436 missarqu
2753 1385 3084 1439 mentionem
3114 1385 3267 1450 facit,
3299 1397 3460 1458 atque
3482 1390 3554 1444 ita
3585 1406 3834 1462 magnam

2247 1472 2403 1526 all'ert
2446 1474 2891 1530 consolationem.
2941 1475 3122 1532 Facile
3167 1488 3347 1534 autem
3399 1481 3835 1540 animadvertere

2249 1563 2375 1618 licet
2400 1562 2623 1619 Paulum
2651 1567 2704 1620 in
2735 1567 3022 1622 scribendo
3047 1568 3145 1623 hos
3172 1570 3506 1640 potissimum
3541 1573 3833 1633 honorifice

2248 1665 2495 1722 tractare,
2527 1674 2624 1712 nec
2646 1658 2918 1729 quidpiam
2947 1677 3168 1730 nsquam
3199 1663 3531 1733 interjicere,
3556 1669 3700 1738 quod
3734 1670 3832 1723 ob-

2240 1749 2492 1819 jurgandi
2538 1751 2642 1804 vim
2690 1751 2906 1806 habeat.
2958 1751 3071 1806 Hoc
3125 1769 3254 1808 vero
3304 1763 3553 1826 magnum
3609 1759 3825 1815 illorum

2245 1841 2455 1896 virtutis
2501 1854 2875 1912 argumentum
2928 1853 3046 1910 est,
3101 1845 3302 1901 nullam
3357 1848 3572 1907 dedisse
3625 1852 3828 1910 doctori

2243 1933 2583 1988 occasionem
2611 1933 2950 2004 obiurgandi,
2980 1938 3268 2008 omniaque
3292 1940 3360 1994 ad
3387 1955 3482 1996 eos
3511 1959 3614 1996 non
3647 1961 3829 2016 repre-

2243 2026 2548 2092 hensionis,
2583 2026 2678 2082 sed
2706 2029 2972 2082 suasionis
2997 2031 3156 2084 modo
3175 2046 3302 2092 esse
3330 2033 3552 2104 scripta.
3585 2035 3782 2092 Verum
3808 2081 3825 2107 ,

2243 2125 2302 2170 ut
2328 2132 2470 2172 nunc
2493 2119 2656 2172 etiam
2689 2131 2922 2188 repetam
2949 2121 3091 2192 quod
3122 2124 3272 2178 initio
3288 2123 3553 2193 dicebam,
3581 2145 3824 2200 magnam

2241 2209 2356 2265 hate
2368 2197 2552 2266 civitas
2569 2212 2634 2265 ad
2659 2211 2814 2266 fidem
2833 2214 3138 2270 ostenderat
3157 2197 3828 2293 propensionem,quando-

2238 2301 2452 2370 quidem
2476 2311 2659 2357 custos
2690 2305 2805 2373 ipse
2817 2306 3049 2360 carceris
3072 2306 3250 2378 (quam
3268 2324 3395 2364 vero
3421 2311 3680 2381 ejusmodi
3705 2331 3824 2370 mu-

2239 2395 2383 2448 neris
2400 2394 2792 2448 administratio
2821 2413 3007 2467 magna
3037 2414 3159 2453 cum
3184 2400 3525 2470 improbitate
3545 2405 3824 2476 etmjuncta

2237 2501 2359 2540 esse
2377 2486 2570 2553 soleat,
2601 2503 2704 2541 non
2721 2489 2997 2560 ignoratis)
3017 2507 3121 2546 uno
3137 2494 3314 2547 Statim
3330 2495 3483 2564 signo
3495 2507 3548 2550 et
3572 2501 3823 2563 accurrit,

2236 2588 2293 2633 et
2336 2577 2632 2648 baptizatus
2672 2589 2757 2634 est
2798 2597 2920 2635 cum
2966 2592 3074 2637 tota
3103 2583 3300 2638 familia
3342 2603 3458 2641 sua.
3491 2591 3568 2660 Ae
3611 2592 3821 2660 signum

2236 2669 2450 2740 quidem
2470 2712 2484 2735 ,
2517 2670 2659 2738 quod
2692 2669 2888 2725 factum
2919 2683 3020 2733 est.
3054 2673 3168 2743 ipse
3207 2675 3355 2731 solus
3383 2679 3558 2743 vidit,
3589 2678 3820 2736 fructum

2235 2775 2365 2815 vero
2410 2759 2476 2814 ad
2507 2760 2716 2815 lucrum
2761 2778 2868 2816 non
2927 2764 3072 2818 solus
3118 2768 3394 2837 percepit,
3423 2769 3518 2824 sed
3566 2787 3669 2826 una
3698 2787 3820 2826 etim

2235 2851 2463 2907 muliere
2511 2864 2673 2922 atque
2714 2853 2964 2909 universa
3015 2855 3198 2910 domo.
3222 2857 3328 2913 Sed
3372 2869 3427 2914 et
3472 2863 3820 2932 magistratus

2235 2943 2402 3015 ipsos,
2443 2947 2528 3015 qni
2580 2946 2800 3001 Paulum
2846 2948 3164 3003 verberibus
3211 2951 3541 3021 alfecerunt,
3593 2957 3820 3013 tumultu

2235 3038 2411 3108 p0tius
2441 3049 2494 3093 et
2521 3037 2722 3108 impetu
2750 3040 3017 3110 quodam,
3050 3058 3208 3113 quam
3251 3045 3593 3115 improbitate
3641 3050 3690 3102 id
3740 3051 3820 3104 fe-

2233 3130 2374 3184 cisse
2403 3144 2468 3184 ex
2495 3145 2561 3184 eo
2591 3131 2924 3202 intelligitur,
2955 3134 3095 3203 quod
3119 3135 3228 3189 cito
3255 3135 3404 3190 illum
3431 3136 3624 3191 dimitti
3652 3138 3820 3206 jusse-

2233 3230 2396 3286 runt,
2440 3233 2601 3292 atque
2649 3224 2699 3277 in
2748 3233 2892 3278 metu
2925 3233 3111 3294 postea
3156 3229 3390 3281 fuerunt.
3423 3227 3810 3284 Testimonium

2231 3323 2410 3368 autem
2444 3313 2549 3370 illis
2578 3315 2668 3368 dat
2716 3332 2821 3370 non
2855 3318 3027 3373 solum
3062 3317 3184 3372 fidei
3230 3328 3283 3373 et
3323 3320 3680 3388 periculorum
3722 3339 3811 3375 no-

2232 3403 2378 3458 mine
2401 3444 2418 3470 ,
2447 3405 2538 3458 sed
2570 3406 2734 3459 etiam
2764 3405 3166 3470 beneﬁcentiae,
3216 3409 3306 3462 ubi
3347 3409 3552 3479 inquit,
3595 3410 3745 3479 Quod
3770 3422 3818 3467 et

2229 3497 2283 3548 in
2312 3495 2565 3566 principio
2591 3497 2860 3567 euangelii,
2891 3506 2937 3550 et
2967 3500 3118 3552 semel
3141 3508 3188 3551 et
3213 3499 3289 3554 bis
3317 3501 3370 3554 in
3398 3516 3545 3555 usum
3573 3502 3696 3556 mihi
3715 3503 3814 3555 mi-

2229 3586 2365 3640 sistis
2386 3627 2401 3651 ,
2431 3587 2630 3640 nemine
2657 3589 2763 3641 alio
2808 3588 2862 3640 id
2909 3598 3183 3658 priestante
3209 3603 3228 3644 :
3257 3605 3379 3644 nam
3403 3632 3419 3657 ,
3455 3589 3622 3645 Nulla
3648 3593 3774 3646 mihi
3794 3633 3810 3658 ,

2232 3678 2439 3747 inquit,
2474 3677 2706 3732 Ecclesia
2757 3681 3142 3734 communicauit
3182 3682 3234 3734 in
3282 3684 3478 3736 ratione
3505 3685 3611 3737 dati
3640 3694 3687 3738 et
3729 3702 3816 3738 ac-

2227 3773 2358 3838 cepti
2404 3771 2654 3839 (Ibid.v.
2686 3771 2914 3843 15.16).
2977 3773 3130 3841 Quod
3197 3775 3242 3828 sl
3307 3773 3597 3844 aliquando
3652 3778 3816 3832 inter-

2231 3865 2496 3928 miserint,
2529 3865 2873 3920 occasionem
2906 3867 3106 3934 potius,
3135 3882 3292 3936 quam
3323 3868 3655 3923 voluntatem
3684 3869 3815 3940 ipsis

2228 3957 2463 4012 defuisse
2495 3957 2611 4012 istis
2655 3959 2833 4012 verbis
2861 3958 3097 4012 ostendit
3124 3977 3137 4012 :
3169 3959 3285 4014 Non
3311 3961 3454 4030 quod
3482 3978 3588 4016 non
3627 3962 3694 4016 de
3722 3979 3812 4019 me

2229 4048 2366 4103 bene
2394 4048 2688 4114 sentiretis,
2715 4048 2922 4117 inquit,
2955 4049 3049 4103 sed
3081 4051 3326 4119 occupati
3368 4053 3552 4106 eratis.
3588 4053 3643 4108 id
3675 4069 3806 4108 vero

2227 4155 2480 4208 magnum
2524 4155 2650 4210 erga
2696 4141 2840 4209 ipsos
2878 4141 3080 4195 amoris
3127 4141 3400 4197 stimulum
3456 4159 3564 4212 prae
3590 4159 3646 4198 se
3687 4144 3809 4198 fert.

2225 4232 2378 4300 Quod
2411 4232 2556 4288 enim
2606 4233 2956 4287 vehementer
3001 4247 3097 4288 eos
3140 4233 3424 4300 dilexerit,
3473 4234 3600 4292 hinc
3647 4237 3836 4293 etiam.

2229 4322 2569 4378 manifestum
2600 4342 2616 4378 :
2652 4323 2917 4377 Neminem
2944 4325 3077 4376 enim
3099 4325 3278 4390 habeo,
3309 4326 3500 4394 inquit,
3533 4337 3635 4379 tam
3676 4344 3820 4380 unau»

2227 4418 2412 4470 nimem
2435 4458 2450 4482 ,
2481 4417 2567 4487 qui
2593 4417 2793 4470 sincera
2817 4415 3087 4482 affectione
3129 4433 3222 4488 pro
3265 4418 3401 4472 vobis
3431 4420 3679 4472 sollicitus
3703 4419 3810 4482 sit;

2227 4521 2282 4564 et
2314 4524 2522 4573 rursus,
2557 4507 2639 4562 Ea:
2665 4524 2723 4561 eo
2753 4508 2888 4578 quod
2916 4507 3127 4561 habeam
3154 4525 3240 4563 vos
3262 4510 3314 4562 in
3345 4511 3498 4564 corde
3517 4511 3569 4564 in
3601 4511 3811 4565 vinculis

2225 4605 2347 4656 meis
2369 4599 2527 4671 (Ibid.
2557 4600 2610 4654 2.
2638 4599 2728 4655 20.
2761 4610 2806 4654 et
2832 4601 2875 4654 l.
2905 4601 2984 4668 7).

2299 4695 2353 4748 5.
2378 4692 2524 4747 Bona
2553 4710 2709 4763 opera
2730 4693 3176 4747 commendantur.
3203 4723 3273 4734 -—
3300 4693 3426 4749 llzrc
3456 4694 3614 4762 igitur
3629 4703 3684 4749 et
3712 4711 3811 4750 nos

2229 4785 2606 4856 intelligentes,
2632 4801 2696 4840 ac
2717 4795 2790 4838 tot
2821 4783 3081 4839 habentes
3109 4786 3350 4840 caritatis
3371 4785 3626 4840 formulas
3652 4797 3812 4856 atque

2227 4877 2576 4947 exemplaria,
2611 4878 2944 4946 praebeamus
2973 4891 3072 4931 nos
3099 4878 3244 4947 ipsos
3272 4877 3464 4947 dignos
3506 4877 3808 4947 hujosmodi

2227 4967 2511 5038 exetnplis,
2534 4968 2763 5038 prompti
2793 4982 2856 5022 ac
2885 4967 3052 5037 parati
3081 4981 3179 5036 pro
3203 4967 3420 5022 Christo
3451 4967 3808 5036 pati.Etenim

2229 5063 2331 5118 hoc
2361 5071 2605 5132 tempore
2633 5077 2739 5116 non
2771 5071 2853 5115 est
2877 5104 2892 5126 ,
2925 5063 3012 5132 qui
3044 5061 3380 5117 Christianos
3427 5062 3720 5118 insectetur
3758 5069 3809 5117 et

2228 5163 2405 5210 vexet.
2438 5153 2604 5224 Ergo,
2638 5155 2725 5208 ubi
2754 5153 2887 5209 nihil
2913 5153 3088 5220 aliud,
3117 5154 3308 5209 saltem
3340 5155 3614 5210 efficacem
3642 5165 3696 5210 et
3723 5171 3809 5208 ve-

2227 5247 2534 5302 hementem
2576 5247 2788 5300 illorum
2837 5246 3243 5302 beneficentiam
3280 5249 3588 5313 imitemur,
3637 5262 3812 5318 neque

2227 5339 2317 5393 ubi
2344 5339 2511 5392 semel
2544 5347 2703 5408 atque
2732 5337 2926 5393 iterum
2952 5338 3284 5404 dederimus,
3313 5342 3459 5394 omni
3484 5340 3664 5396 officio
3693 5356 3815 5410 per-

2230 5431 2440 5486 functos
2494 5445 2593 5484 nos
2621 5431 2948 5486 arbitremur
2981 5449 2994 5485 :
3023 5434 3220 5486 etenim
3260 5448 3357 5502 per
3403 5449 3618 5489 onmem
3648 5436 3811 5487 vitam

2229 5522 2282 5577 id
2328 5521 2629 5576 faciendum
2672 5530 2796 5576 est:
2829 5538 2935 5577 non
2982 5525 3130 5578 enim
3177 5525 3379 5591 semel,
3409 5525 3502 5579 scd
3552 5533 3813 5596 perpetuo

2228 5614 2444 5685 placere
2473 5623 2708 5684 oportet.
2737 5613 2871 5668 Nam
2895 5615 2985 5686 qui
3014 5617 3224 5682 currit,
3252 5618 3299 5671 si
3327 5617 3514 5672 decem
3541 5618 3817 5674 circuitioo

2224 5706 2406 5770 nibus,
2432 5720 2566 5776 quas
2586 5703 2758 5762 Graeci
2790 5715 2981 5762 vocant
3005 5711 3242 5776 διαύλους,
3264 5710 3374 5780 jam
3399 5709 3575 5774 factis,
3606 5717 3817 5780 postre-

2231 5812 2373 5853 mam
2393 5797 2622 5864 omittat,
2652 5807 2823 5854 totum
2854 5799 3086 5870 perdidit
3111 5818 3124 5856 :
3148 5802 3220 5857 ita
3249 5810 3300 5855 et
3325 5817 3424 5856 nos
3447 5803 3492 5857 si
3510 5801 3579 5858 ab
3602 5802 3817 5872 incepto
