4170 6506
500 336 591 389 N2!

389 456 394 465 '
493 451 575 506 ὅτι
615 440 793 509 πάντα
827 452 1091 525 πράττειν
1117 454 1429 524 ὀφείλομεν,
1465 454 1605 508 ὥστε
1638 452 1809 519 αὐτὰς
1830 453 2083 524 κατέχειν

496 546 628 617 παρ’
671 546 904 610 ἑαυτοῖς.
942 547 1215 615 Ἔραψαι
1251 545 1321 599 δὲ
1354 547 1565 613 αὐτὰς,
1612 545 1801 618 φησὶν,
1848 545 1948 601 ἐπὶ
1994 542 2087 610 σῷ

496 637 796 706 τραχήλῳ.
835 638 1045 707 Ὥσπερ
1085 637 1194 707 γὰρ
1225 637 1295 691 τά
1337 638 1446 690 τῶν
1479 638 1732 709 εὐπόρων
1769 637 1958 691 παιδία
1989 635 2086 688 x6-

505 743 644 796 σμον
671 727 783 797 ἔχει
818 727 1053 798 χρυσοῦν
1085 728 1214 800 περὶ
1248 728 1343 782 τὸν
1382 729 1676 801 τράχηλον,
1704 729 1799 782 καὶ
1831 727 2089 781 οὐδέποτε

498 817 660 871 αὐτὸν
685 818 1021 883 ἀποτίθεται,
1060 820 1137 884 ὠς
1158 823 1257 893 τῆς
1280 820 1562 889 εὐγενείας
1584 821 1784 891 δεῖγμα
1811 819 2047 890 φέροντα
2071 835 2085 848 -

494 904 638 958 οὕτω
658 909 751 960 καὶ
778 909 879 978 τὴν
909 908 1284 980 ἐλεημοσύνην
1309 912 1397 964 ἀεὶ
1430 911 1513 965 δεῖ
1552 912 1763 975 ἑαυτοῖς
1799 927 1865 963 πε
1877 908 2084 979 ριτιθέ⁴

496 1015 605 1061 ναι,
642 999 959 1064 δεικνύντας
990 1002 1073 1056 ὃτι
1125 1003 1221 1057 τοῦ
1260 1003 1611 1074 οἰκτίρμονός
1659 1004 1827 1072 ἐσμεν
1872 999 2087 1065 παῖδες,

494 1089 590 1142 τοῦ
606 1089 698 1143 τὸν
726 1091 879 1161 ἥλιον
911 1093 1297 1157 ἀνατέλλοντος
1355 1096 1449 1147 ἐπὶ
1499 1095 1771 1166 πονηροὺς
1806 1092 1899 1146 καὶ
1949 1093 2086 1157 ἀγα-

498 1180 648 1246 θοὺς.
696 1183 835 1236 Ἀλλ’
866 1186 929 1238 οὐ
970 1186 1322 1240 πιστεύουσιν
1363 1188 1411 1239 οἱ
1455 1186 1714 1251 ἀπιστοις
1754 1183 1964 1239 Οὐκοῦν
2000 1181 2091 1236 διά

499 1273 705 1328 τούτων
742 1277 1149 1345 πιστεύσουσιν,
1177 1279 1272 1332 ἐὰν
1295 1282 1457 1350 ἡμεῖς
1488 1276 1855 1350 ἐργαζώμεθα
1888 1274 2087 1330 ταῦτα.

514 1367 641 1422 Ἐὰν
667 1367 777 1439 γάρ
822 1369 1024 1433 ἴδωσιν,
1065 1372 1148 1424 ὅτι
1184 1371 1393 1434 πάντας
1425 1370 1708 1441 ἐλεοῦμεν,
1743 1370 1840 1423 καὶ
1885 1369 2093 1421 ἐκεῖνον

503 1462 924 1535 ἐπιγραφόμεθα
970 1463 1311 1528 διδάσκαλον,
1367 1462 1604 1516 εἴσονται
1654 1463 1736 1514 ὅτι
1788 1460 1949 1514 αὑτὸν
1999 1474 2093 1528 μι-

506 1551 767 1623 μούμενοι
814 1553 971 1607 τοῦτο
1014 1552 1349 1625 πράττομεν.
1397 1553 1508 1606 Καὶ
1546 1552 1706 1607 τοῦτο
1753 1552 1851 1623 οὐχ
1907 1548 2095 1612 ἁπλῶς

503 1646 679 1699 ποιεῖν
697 1644 796 1709 δεῖ,
816 1645 951 1700 ἀλλὰ
976 1646 1114 1716 μετὰ
1139 1647 1415 1717 προσοχῆς
1438 1646 1531 1699 καὶ
1553 1645 1877 1714 ἀσφαλείας.
1910 1644 2094 1713 Ἐλεη-

508 1735 715 1808 μοσύνη
764 1737 902 1809 γάρ,
950 1741 1113 1810 φησὶ,
1166 1740 1259 1792 καὶ
1304 1740 1488 1802 πίστις
1525 1738 1667 1792 ἔστω
1719 1756 1800 1793 σοι
1859 1738 2093 1808 ἀληθής.

505 1828 703 1892 Καλῶς
732 1824 906 1898 εἶπεν,
936 1831 1142 1902 ἀληθής
1167 1848 1180 1861 ·
1213 1833 1272 1884 οὐ
1311 1833 1421 1901 γάρ
1453 1832 1511 1896 ἐξ
1536 1832 1790 1903 ἁρπαγῆς
1823 1830 2094 1901 βούλεται,

503 1920 623 1974 ούδέ
659 1920 771 1975 ἀπὸ
804 1922 1047 1990 κλοπῆςο
1099 1922 1259 1977 τοῦτο
1292 1925 1402 1996 γὰρ
1451 1925 1552 1977 οὐκ
1595 1925 1709 1977 ἐστι
1743 1922 1946 1986 πίστις,
1998 1923 2098 1975 οὐκ

504 2009 654 2063 ἐστιν
692 2011 897 2085 ἀληθὴς
940 2014 1302 2086 ἐλεημοσύνη.
1353 2016 1465 2069 Καὶ
1502 2018 1611 2086 γάρ
1658 2016 1748 2069 τὸν
1797 2016 2098 2070 κλέπτοντα

503 2101 797 2172 ψεύδεσθαι
828 2106 1064 2178 ἀνάγκη,
1093 2107 1186 2161 καὶ
1216 2107 1495 2178 ἐπιορκεῖν
1527 2110 1608 2160 δεῖ
1639 2122 1652 2137 ⁸
1690 2108 1755 2161 σὺ
1786 2108 1843 2161 δέ
1891 2110 1966 2178 μὴ
2006 2108 2099 2160 οῦ-

504 2211 633 2259 τως,
674 2195 811 2250 άλλά
846 2199 985 2267 μετά
1024 2197 1126 2268 τῆς
1159 2199 1531 2271 ἐλεημοσύνης
1570 2200 1753 2253 πίστιν
1782 2200 1894 2271 ἔχε,
1943 2199 2099 2269 φησί.

509 2285 873 2356 Περιθώμεθα
900 2287 1090 2342 τοῦτον
1120 2288 1274 2363 [195]
1302 2291 1393 2344 τὸν
1424 2292 1628 2362 κόσμον
1654 2307 1668 2321 ”
1710 2292 1984 2363 μανιάκην
2009 2293 2097 2363 ἐρ-

507 2377 813 2449 γασώμεθα
834 2383 900 2450 τῇ
925 2381 1072 2453 ψυχῇ
1106 2382 1365 2453 χρυσοῦν,
1401 2382 1499 2453 τὴν
1529 2382 1902 2453 ἐλεημοσύνην
1931 2383 2097 2450 λέγω,

507 2471 614 2535 ἕως
644 2471 710 2525 ἂν
737 2472 924 2527 ἐνθάδε
947 2467 1120 2543 ὦμεν.
1157 2475 1283 2529 Ἐάν
1316 2477 1425 2548 γάρ
1452 2476 1697 2549 παρέλθῃ
1727 2480 1758 2546 ή
1794 2476 1983 2548 ἡλικία
2002 2476 2101 2530 αὓ-

507 2580 599 2633 τη,
628 2563 810 2617 οὐκέτι
836 2566 973 2636 αὐτῇ
997 2567 1334 2637 χρησόμεθα.
1374 2568 1531 2633 Πῶς;
1566 2570 1679 2621 Οὐκ
1700 2569 1837 2621 εἰσὶν
1867 2570 1986 2622 ἐκεῖ
2012 2569 2103 2623 πέ-

507 2669 689 2722 νητες,
726 2653 827 2706 ούκ
849 2653 997 2707 ἐστιν
1025 2656 1142 2707 ἐκεῖ
1169 2657 1448 2726 χρήματα,
1490 2657 1590 2710 οὐκ
1621 2655 1769 2711 ἐστιν
1797 2660 1915 2710 ἐκεῖ
1953 2676 2103 2713 πτω-

507 2742 631 2813 χεία
653 2760 667 2774 ’
694 2742 800 2807 ἕως
828 2744 995 2815 ἐσμὲν
1026 2747 1235 2809 παῖδες,
1273 2748 1348 2819 μὴ
1378 2747 1847 2820 ἀποστερήσωμεν
1877 2750 2102 2815 ἑαυτοὺς

507 2834 602 2887 τοῦ
636 2833 843 2906 κόσμου
875 2832 1089 2891 τούτου.
1128 2835 1402 2908 Καθάπερ
1448 2838 1556 2910 γὰρ
1593 2841 1686 2893 ἐπί
1724 2841 1835 2894 τῶν
1875 2843 2100 2904 παίδων,

509 2929 606 2980 ἐὰν
635 2926 830 3000 ἄνδρες
874 2929 1164 2996 γένωνται,
1218 2935 1586 3002 περιαιρεῖται
1641 2933 1835 2999 ταῦτα,
1888 2936 1980 2986 καὶ
2017 2937 2102 3003 ἐφ’

508 3018 696 3088 ἕτερον
725 3019 949 3089 ἄγονται
988 3022 1226 3091 κόσμον·
1267 3023 1410 3077 οὕτω
1440 3029 1532 3078 καὶ
1566 3025 1651 3096 ἐφ’
1681 3027 1840 3097 ἡμῶν
1871 3044 1884 3057 ·
1919 3028 2106 3080 οὐκέτι

511 3112 660 3182 ἡδιά
687 3115 989 3184 χρημάτων
1033 3113 1373 3187 ἐλεημοσύνη
1419 3119 1538 3170 ἐκεῖ
1565 3117 1741 3185 ἔσται,
1779 3119 1896 3173 ἀλλ’
1942 3121 2107 3191 ἐτέρα

512 3219 595 3265 τις
618 3205 755 3258 πολὺ
789 3204 1012 3276 μείζων.
1047 3205 1211 3259 Ὥστε
1236 3209 1443 3277 ταύτης
1485 3211 1713 3275 ἑαυτοὺς
1744 3213 1818 3283 μὴ
1870 3213 2105 3266 ἀποστε-

512 3298 790 3367 ρήσωμεν,
843 3299 1164 3370 ποιήσωμεν
1216 3301 1388 3373 καλὴν
1433 3304 1720 3371 φαίνεσθαι
1763 3307 1862 3370 τὴν
1903 3306 2102 3377 ψυχήν.

511 3387 670 3457 Μέγα
690 3388 1031 3461 ἐλεημοσύνη
1065 3390 1229 3444 καλὸν
1256 3394 1348 3445 καὶ
1370 3394 1570 3464 τίμιον.
1599 3395 1769 3466 δῶρόν
1795 3398 1912 3451 ἐστι
1936 3399 2102 3469 μέγα,

514 3480 713 3551 μᾶλλον
741 3482 796 3535 δέ
828 3482 974 3552 μέγα
1003 3481 1277 3553 ἀγαθότης
1317 3500 1330 3514 ⁸
1368 3486 1464 3540 ἐὰν
1510 3486 1775 3559 μάθωμεν
1804 3490 2105 3561 χρημάτων

512 3576 896 3644 καταφρονεῖν,
937 3574 1033 3627 καὶ
1069 3574 1233 3647 ἐτερα
1266 3576 1646 3649 μαθησόμεθα.
1687 3581 1831 3651 Ὅρα
1866 3584 1975 3651 γάρ
2018 3583 2107 3635 ἐν-

510 3663 703 3719 τεῦθεν
730 3666 874 3720 πόσα
895 3666 1141 3721 τίκτεται
1176 3670 1358 3738 ἀγαθά
1390 3686 1403 3700 ·
1440 3674 1470 3725 6
1492 3672 1668 3737 διδοὺς
1702 3673 2102 3746 ἐλεημοσύνην,

511 3755 588 3819 ὡς
613 3755 719 3826 χρὴ
752 3756 975 3822 διδόναι,
1009 3758 1273 3829 μανθάνει
1323 3761 1433 3816 τῶν
1477 3763 1781 3834 χρημάτων
1824 3781 2107 3834 καταφρο-

515 3847 655 3899 νεῖψ
684 3847 715 3899 6
740 3846 929 3917 μαθὼν
960 3851 1261 3922 χρημάτων
1291 3856 1673 3923 καταφρονεῖν,
1709 3856 1810 3925 τὴν
1841 3855 1999 3926 ῥίζαν
2021 3854 2108 3919 ἐξ-

517 3934 681 4008 έκοψε
712 3938 821 3992 τῶν
851 3940 1060 3996 κακῶν.
1102 3943 1267 3997 Ὥστε
1315 3943 1415 3997 οὐκ
1453 3940 1514 3997 εὖ
1547 3947 1694 3997 ποιεῖ
1730 3945 1954 4014 μᾶλλον,
1982 3946 2015 4016 ἦ
2047 3943 2105 4001 εὖ

519 4029 737 4103 πάσχει,
772 4033 833 4086 ού
870 4032 949 4105 τῷ
975 4034 1199 4109 ὀφειλὴν
1224 4036 1318 4091 καὶ⁷
1345 4035 1581 4107 ἀμοιϐὴν
1608 4035 1823 4090 κεῖσθαι
1851 4037 2012 4108 μόνον
2039 4041 2107 4110 τῇ

516 4121 874 4196 ἐλεημοσύνη,
907 4125 1045 4180 ἀλλὰ
1075 4127 1170 4180 καὶ
1201 4126 1279 4199 τῷ
1303 4127 1401 4197 τὴν
1435 4125 1614 4199 ψυχὴν
1641 4127 1932 4197 φιλόσοφον
1963 4128 2108 4199 γίνε-

519 4214 660 4279 σθαι,
695 4217 789 4269 καὶ
824 4215 1035 4291 ὑψηλὴν
1066 4221 1162 4272 καὶ
1195 4220 1479 4276 πλουσίαν.
1524 4221 1581 4274 Ὀ
1605 4219 1785 4283 διδοὺς
1812 4220 2107 4291 ἐλεημοσύ-

517 4323 613 4375 νην
644 4309 957 4365 παιδεύεται
981 4312 1054 4384 μὴ
1076 4311 1377 4384 θαυμάζειν
1397 4315 1501 4386 χρή
1512 4331 1679 4385 ματα,
1710 4313 1845 4385 μηδέ
1863 4315 2066 4387 χρυσόν

598 4540 985 4553 -——~—-—-———.

995 4546 1443 4558 ——-——_—————

1448 4548 1734 4558 ——-——-

1177 337 1238 393 S.
1278 333 1570 394 JOANMS
1604 331 2098 395 CHRYSOSTOMI
2140 330 2459 389 ARCUIEP.
2499 327 3057 387 CONSTANTINOP.

3667 331 3776 388 1δὲ

2188 449 2348 504 τοῦτο
2377 450 2433 504 δὲ
2461 449 2773 511 παιδευθεὶς
2799 448 2898 520 τὴν
2925 448 3183 513 διάνοιαν,
3223 447 3397 519 ἀρχὴν
3431 446 3593 501 ἔλαϐε
3626 450 3801 519 μεγί-’

2190 558 2324 613 στην
2349 541 2554 595 ἀνιέναι
2582 540 2717 611 πρὸς
2742 540 2830 594 τὸν
2864 539 3113 610 οὐρανὸν,
3145 539 3239 594 καὶ
3273 540 3453 610 μάχης
3486 539 3581 592 καὶ
3605 538 3780 610 ἔριδος

2189 629 2285 681 καὶ
2317 628 2514 697 φθόνου
2545 628 2640 682 καὶ
2681 629 2920 699 ἀθυμίας
2955 629 3158 699 μυρίας
3187 626 3413 697 ἐξέκοψε
3447 629 3777 700 προφάσεις.

2192 722 2337 774 Ἴστε
2362 720 2495 792 γὰρ,
2528 722 2641 774 ίστε
2670 722 2763 774 καὶ
2795 723 2974 792 ὑμεῖς,
3015 722 3096 775 ὄτι
3122 723 3301 777 πάντα
3329 722 3400 776 τά
3429 723 3576 777 κακά
3604 725 3695 778 διὰ
3714 725 3782 780 τά

2190 813 2472 883 χρήματα,
2502 813 2597 867 καὶ
2631 815 2814 884 μυρίοι
2846 815 3073 885 πόλεμοι
3103 814 3192 868 διά
3217 815 3286 868 τὰ
3315 817 3600 889 χρήματα.
3640 818 3701 871 '0
3723 819 3781 873 δὲ

2189 904 2397 959 τούτων
2438 905 2625 976 μαθὼν
2663 908 3045 976 καταφρονεῖν,
3090 906 3148 959 ἐν
3192 907 3404 979 γαλήνῃ
3442 908 3783 980 κατέστησεν

2192 999 2406 1061 ἐαυτὸν,
2434 999 2619 1052 οὐκέτι
2650 997 2851 1069 ζημίαν
2871 998 3096 1052 δέδοικε.
3124 998 3297 1052 Τοῦτο
3323 1000 3432 1071 γάρ
3461 1001 3784 1054 ἐπαίδευσεν

2194 1091 2357 1145 αὺτὸν
2388 1093 2420 1162 η
2448 1090 2785 1163 ἐλεημοσύνη
2808 1108 2821 1120 °
2859 1092 3044 1145 οὐκέτι
3078 1091 3341 1163 ἐπιθυμεῖ
3370 1092 3480 1145 τῶν
3513 1093 3607 1146 τοῦ
3644 1094 3784 1161 πλη·-

2197 1183 2310 1235 σίον
2333 1199 2349 1213 ο
2375 1182 2492 1244 πῶς
2512 1181 2640 1253 γὰρ,
2669 1184 2696 1234 6
2720 1180 2790 1234 τά
2815 1181 2981 1235 αὑτοῦ
3011 1180 3422 1252 άποκτώμενος,
3455 1183 3548 1236 καὶ
3570 1181 3784 1250 διδυύς;

2195 1275 2375 1328 οὐκέτι
2405 1274 2691 1345 βασκαίνει
2722 1273 2801 1344 τῷ
2831 1258 3151 1327 πλουτοῦντι
3189 1290 3202 1305 ο
3234 1273 3351 1337 πῶς
3382 1273 3513 1345 γὰρ,
3544 1275 3571 1327 ὁ
3602 1273 3788 1343 βουλό-

2200 1386 2362 1435 μενος
2398 1367 2653 1438 γενέσθαι
2701 1367 2909 1435 πένης;
2951 1366 3300 1435 διακαθαίρει
3337 1365 3502 1419 αὑτοῦ
3537 1366 3598 1418 τὸ
3631 1366 3788 1434 ὄμμα

2196 1461 2297 1528 τῆς
2316 1459 2515 1530 ψυχῆς.
2551 1460 2658 1512 Καὶ
2683 1457 2855 1512 ταῦτα
2894 1458 2992 1527 μὲν
3017 1458 3254 1511 ἐνταῦθα
3286 1474 3298 1486 ·
3323 1455 3393 1510 τὰ
3417 1457 3473 1510 δὲ
3508 1454 3627 1510 ἐκεῖ
3665 1457 3792 1512 οὐδὲ

2199 1552 2344 1605 ἔστιν
2389 1554 2584 1615 εἰπεῖν,
2647 1552 2787 1606 ὅσων
2834 1552 3172 1616 ἐπιτεύξεται
3216 1550 3460 1619 ἀγαθῶν.
3511 1550 3586 1603 Οὐ
3639 1556 3789 1618 μενεῖ

2198 1646 2306 1713 ἔξω
2330 1644 2468 1716 μετὰ
2494 1644 2602 1700 τῶν
2632 1644 2833 1717 μωρῶν
2863 1643 3168 1717 παρθένων,
3195 1642 3329 1697 άλλά
3362 1641 3502 1713 μετὰ
3529 1642 3635 1696 τῶν
3660 1659 3790 1714 φρο-

2204 1739 2378 1809 νίμων
2415 1738 2800 1803 εἰσελεύσεται,
2852 1738 2991 1808 μετὰ
3032 1737 3126 1791 τοῦ
3157 1736 3413 1809 νυμφίου,
3443 1737 3543 1800 τὰς
3572 1735 3794 1807 λαμπά-

2205 1831 2301 1894 δας
2335 1832 2473 1901 ἐχων
2505 1832 2764 1904 λαμπράς
2781 1849 2795 1862 ο
2820 1831 2914 1887 καὶ
2939 1831 3050 1885 τῶν
3076 1832 3134 1884 ἐν
3156 1830 3423 1902 παρθενίᾳ
3441 1830 3791 1900 ταλαιπωρη-

2207 1924 2422 1989 θεισῶν,
2452 1927 2480 1977 ὁ
2513 1924 2649 1996 μηδέ
2670 1925 3008 1997 γευσάμενος
3045 1924 3153 1978 τῶν
3194 1925 3375 1979 πόνων
3404 1923 3651 1989 ἐκείνων,
3686 1921 3794 1976 ἀπὸ

2205 2012 2410 2084 ταύτης
2448 2013 2599 2067 ἔσται
2632 2013 2877 2085 βελτίων.
2924 2013 3172 2086 Τοσαύτη
3218 2015 3251 2086 ἡ
3283 2014 3386 2085 τῆς
3420 2012 3795 2085 ἐλεημοσύνης

2212 2106 2363 2176 ἰσχύς
2394 2121 2410 2136 ·
2464 2105 2602 2175 μετά
2651 2106 2856 2176 πολλῆς
2896 2106 3107 2176 εἰσάγει
3167 2106 3268 2177 τῆς
3313 2105 3630 2178 παρρησίας
3668 2106 3796 2168 τοὺς

2206 2198 2379 2265 αὐτῆς
2404 2198 2726 2268 τροφίμους.
2772 2197 3026 2270 Γνωρίμη
3059 2197 3169 2269 γάρ
3215 2200 3332 2250 ἐστι
3361 2199 3472 2258 τοῖς
3502 2196 3559 2248 ἐν
3596 2193 3675 2266 τῷ
3704 2193 3797 2247 ού-

2213 2290 2358 2360 ρανῷ
2393 2290 2688 2361 πυλωροῖς,
2721 2292 2832 2353 τοῖς
2867 2289 2967 2354 τὰς
2997 2286 3168 2361 θύρας
3213 2288 3507 2359 κατέχουσι
3536 2285 3631 2339 τοῦ
3660 2302 3796 2356 νυμ-

2211 2383 2386 2452 φῶνος
2416 2401 2429 2415 ’
2473 2384 2535 2437 ού
2569 2384 2729 2453 μόνον
2758 2384 2817 2437 δὲ
2850 2382 3125 2455 γνωρίμη,
3158 2381 3295 2436 ἀλλὰ
3324 2382 3418 2435 καὶ
3465 2379 3743 2450 αἰδέσιμος
3778 2394 3796 2409 ⁸

2211 2476 2307 2529 καὶ
2327 2475 2419 2539 οὒς
2455 2477 2519 2530 ἂν
2554 2475 2760 2546 ἐπιγνῷ
2790 2475 3159 2548 τετιμηκότας
3191 2474 3385 2546 αὐτὴν.
3417 2473 3556 2544 μετά
3589 2471 3792 2540 πολλῆς

2212 2567 2416 2632 εἰσάξει
2466 2569 2565 2637 τῆς
2608 2566 2946 2640 παρρησίας,
3003 2567 3099 2620 καὶ
3137 2565 3311 2628 οὐδεὶς
3362 2565 3601 2637 ἀντερεῖ,
3662 2563 3799 2617 ἀλλά

2212 2660 2416 2723 πάντες
2458 2659 2860 2731 ὑποχωροῦσιν.
2895 2656 2959 2713 El
2993 2659 3103 2731 γὰρ
3144 2659 3235 2712 τὸν
3274 2657 3408 2711 Θεὸν
3439 2659 3519 2721 είς
3568 2656 3666 2726 τὴν
3695 2655 3799 2725 γῆν

2213 2754 2497 2824 κατήγαγε
2546 2753 2641 2804 καὶ
2684 2751 2902 2805 ἔπεισεν
2950 2749 3239 2823 ἄνθρωπον
3288 2749 3564 2819 γενέσθαι,
3617 2746 3801 2818 πολλῷ

2216 2844 2415 2915 μᾶλλον
2445 2842 2732 2915 ἄνθρωπον
2770 2845 2849 2907 εἰς
2878 2842 2969 2896 τὸν
2994 2843 3221 2913 οὐρανὸν
3247 2841 3547 2911 ἀναγαγεῖν
3573 2839 3798 2911 δυνήσε-

2211 2954 2322 2992 ται.
2350 2937 2579 3007 Μεγάλη
2601 2936 2709 3006 γάρ
2739 2936 2909 3006 αὐτῆς
2942 2934 3093 3008 [194]
3141 2937 3174 3006 ἡ
3233 2934 3406 3007 ίσχύς.
3456 2935 3520 2987 Εἰ
3558 2922 3652 2986 οὖν
3693 2930 3801 2986 ἀπὸ

2209 3030 2391 3092 ἐλέους
2422 3030 2514 3082 καὶ
2545 3028 2960 3098 φιλανθρωπίας
3007 3030 3035 3081 6
3079 3027 3211 3092 Θεὸς
3242 3026 3529 3099 ἄνθρωπος
3558 3024 3798 3094 ἐγένετο,

2209 3122 2303 3175 καὶ
2332 3122 2550 3175 ἔπεισεν
2601 3122 2766 3175 αὑτὸν
2814 3121 3000 3175 δοῦλον
3038 3120 3315 3190 γενέσθαι,
3368 3118 3552 3188 πολλῷ
3596 3118 3797 3190 μᾶλλον

2207 3216 2333 3277 τοὺς
2363 3214 2583 3277 δούλους
2614 3216 2693 3277 είς
2726 3215 2824 3286 τὴν
2858 3214 3037 3268 οἰκίαν
3063 3215 3268 3280 εἰσάξει
3297 3213 3391 3285 τὴν
3423 3213 3615 3267 αὑτοῦ.
3658 3211 3795 3266 Ταύ-

2207 3325 2307 3376 την
2333 3308 2730 3377 ἀγαπὴσωμεν,
2757 3307 2965 3376 ταύτην
2993 3306 3335 3376 στέρξωμεν,
3388 3306 3461 3376 μὴ
3496 3304 3626 3376 μίαν
3652 3304 3761 3376 ἡμέ
3781 3333 3796 3345 -

2215 3416 2311 3468 ραν
2338 3398 2473 3469 μηδὲ
2493 3399 2776 3469 δευτέραν,
2805 3398 2942 3452 ἀλλά
2972 3398 3062 3452 διά
3093 3398 3297 3462 παντὸς
3326 3396 3420 3451 τοῦ
3452 3399 3666 3468 χρόνου,
3715 3396 3803 3450 ἵνα

2209 3493 2357 3562 ἡμᾶς
2386 3490 2594 3562 ἐπιγνῷ
2625 3508 2638 3521 ‘
2674 3491 2740 3545 ἂν
2773 3492 2912 3565 αὐτὴ
2955 3493 3103 3564 ἡμᾶς
3146 3491 3376 3562 ἐπιγνῷ,
3413 3492 3507 3544 καὶ
3536 3494 3564 3545 6
3593 3490 3803 3561 Κύριος

2152 3632 2157 3639 ι
2211 3583 2576 3654 ἐπιγνώσεται
2602 3601 2614 3614 ·
2650 3583 2715 3638 ἂν
2738 3584 2874 3656 αὐτὴ
2906 3585 3177 3657 ἀγνοήσῃ,
3205 3585 3298 3638 καὶ
3320 3586 3347 3637 ό
3374 3583 3577 3653 Κύριος
3602 3582 3802 3652 ἀγνοήο
3866 3643 3883 3650 _

2218 3691 2323 3740 σει,
2349 3677 2445 3728 καὶ
2468 3675 2617 3746 ἐρεῖο
2642 3675 2756 3728 Οὐκ
2782 3671 2900 3728 οἴδα
2930 3676 3096 3746 ὑμᾶς.
3129 3674 3293 3731 Ἀλλὰ
3324 3675 3400 3746 μὴ
3427 3673 3639 3743 γένοιτο
3669 3671 3805 3725 ταύ-

2208 3764 2309 3836 της
2357 3764 2590 3818 ἀκοῦσαι
2630 3766 2780 3836 ἡμᾶς
2824 3767 2923 3834 τῆς
2954 3764 3162 3835 φωνῆς,
3212 3763 3349 3819 ἀλλά
3386 3765 3486 3833 τῆς
3526 3763 3804 3836 μακαρίας

2211 3855 2425 3925 ἐκείνης
2455 3873 2467 3886 ·
2509 3856 2709 3921 Δεῦτε,
2752 3859 2807 3910 οί
2836 3856 3232 3924 εὐλογημένοι
3266 3856 3375 3925 τοῦ
3418 3857 3642 3923 Πατρός
3659 3873 3803 3925 μου,

2212 3947 2711 4016 κληρονομήσατε
2763 3943 2880 4015 τὴν
2920 3947 3379 4018 ἡτοιμασμένην·
3408 4012 3411 4015 Α
3437 3942 3581 4015 ὑμῖν
3625 3946 3808 4006 ,βασι-

2210 4039 2385 4092 λείαν
2416 4039 2536 4093 ἀπὸ
2566 4039 2908 4109 καταϐολῆς
2942 4041 3176 4111 κόσμου
3210 4059 3225 4075 ο
3256 4036 3323 4115 ἦς
3356 4040 3575 4111 γένοιτο
3604 4035 3813 4094 πάντας

2212 4132 2361 4203 ἡμᾶς
2391 4133 2691 4205 ἐπιτυχεῖν,
2720 4133 2907 4205 χάριτι
2930 4134 3026 4190 καὶ
3055 4136 3462 4209 φιλανθρωπίᾳ,
3498 4122 3817 4207 ἐνκξΧριστῷ

2225 4223 2401 4296 Ἰησοῦ
2439 4223 2516 4297 τῷ
2546 4226 2737 4299 Κυρίῳ
2785 4229 2963 4300 ἡμῶν,
3005 4229 3126 4301 μεθ’
3170 4224 3233 4286 οὗ
3263 4229 3341 4302 τῷ
3388 4220 3717 4305 Πατρὶ,.ηξαὶ
3748 4217 3821 4272 τὰ

2213 4316 2360 4388 ἑξῆς·
3676 4334 3706 4371 \

2005 4782 2260 4838 OMIAIA
2298 4785 2377 4838 A'.

524 4934 767 5007 Haﬁgoc
814 4935 912 5007 καὶ
964 4936 1272 5007 Τιμόθεος,
1323 4936 1530 4992 δοῦλοι
1579 4938 1784 5004 Ἰησοῦ
1833 4939 2116 5007 Χριστοῦ,

600 5002 752 5059 πᾶσι
794 5004 921 5077 τοῖς
960 5005 1151 5073 ἁγίοις
1184 5007 1254 5060 ἐν
1286 5007 1521 5076 Χριστῷ
1557 5002 1751 5077 Ἰησοῦ
1782 5002 1909 5077 τοῖς
1934 5007 2119 5065 οὖσιν

595 5078 670 5147 ὲν
702 5075 1026 5147 Φιλίπποις
1049 5115 1065 5147 ,
1107 5075 1591 5147 συνεπισκόποις
1620 5075 1733 5134 ’καὶ
1787 5075 2114 5146 διακόνοις,

595 5146 774 5223 χάρις
794 5143 937 5223 ὑμῖν
974 5146 1073 5223 9592
1103 5146 1313 5223 εἰρήνη
1354 5149 1474 5223 ἀπρ
1503 5143 1652 5205 Θεοῦ
1682 5152 1914 5221 Πατρός
1948 5143 2118 5223 ἡμῶν

592 5214 693 5273 καί
723 5215 946 5284 Κυρίου
985 5214 1181 5284 Ἰησοῦ
1207 5214 1488 5288 Χριστοῦ.

418 5464 421 5467 _
595 5400 665 5448 α’.
721 5389 987 5445 Ἐνταῦθα
1027 5390 1121 5446 διτε
1152 5393 1292 5463 πρὸς
1334 5395 1630 5466 ὁμοτίμους
1665 5397 2019 5463 ἐπιστέλλων,
2054 5397 2114 5451 ού

522 5483 737 5557 τίθησιν
753 5481 916 5535 αὐτοῦ
944 5483 1004 5536 τὸ
1022 5485 1118 5556 τῆς
1141 5484 1487 5551 διδασκαλίας
1509 5488 1745 5560 ἀξίωμα,
1779 5489 1896 5544 ἀλλ’
1929 5490 2117 5563 ἕτερον

524 5579 621 5631 καὶ
652 5574 788 5631 αὐτὸ
823 5575 984 5647 μέγα.
1006 5579 1167 5632 Ποῖον
1197 5578 1264 5651 δὴ
1293 5579 1479 5648 τοῦτο;
1508 5581 1705 5637 Δοῦλον
1734 5581 1932 5636 ἑαυτόν
1956 5598 2112 5652 φησι,

524 5671 621 5724 καὶ
645 5669 752 5749 οὐκ
779 5669 1096 5728 ἀπόστολον.
1122 5672 1285 5743 Μέγα
1305 5674 1415 5746 γὰρ
1444 5673 1617 5740 ὅντως
1644 5675 1739 5730 καὶ
1763 5675 2114 5741 τοῦτο’ἀξίω-

527 5781 605 5833 μα
656 5762 754 5818 καὶ
781 5761 841 5815 τὸ
866 5763 1161 5834 κεφάλαιον
1191 5764 1300 5821 τῶν
1331 5767 1574 5836 ἀγαθῶν,
1602 5765 1789 5824 δοῦλον
1818 5763 1958 5824 εἶναι
1979 5766 2114 5840 Χρι-

2218 4940 2368 5005 στοῦ,
2394 4941 2489 4993 καὶ
2528 4941 2602 5011 μὴ
2627 4939 2814 5005 ἁπλῶς
2836 4939 3116 5009 λέγεσθαι.
3133 4939 3193 4992 ὐ
3213 4937 3306 4993 τοῦ
3330 4934 3571 5008 Χριστοῦ
3600 4934 3809 5003 δοῦλος,

2216 5026 2373 5096 οὗτος
2404 5034 2572 5097 ὅντως
2600 5033 2889 5104 ἐλεύθερός
2907 5035 3106 5104 ἐστιτῇ
3123 5031 3370 5102 ἁμαρτία
3388 5042 3436 5094 ο,
3463 5029 3560 5083 καὶ
3585 5031 3812 5102 γνήσιος

2215 5128 2292 5180 ὢν
2332 5125 2538 5193 δοῦλος,
2562 5127 2773 5190 οὐδενὸς
2806 5126 2970 5181 ἄλλου
3016 5123 3374 5189 καταδέξεται
3420 5122 3606 5186 δοῦλος
3655 5122 3811 5191 γενέ-

2219 5220 2374 5274 σθαι·
2407 5219 2533 5273 ἐπεὶ
2566 5219 2676 5272 οὐδ’
2700 5219 2766 5273 ἂν
2798 5218 2940 5272 οὕτω
2963 5217 3175 5286 γένοιτο
3204 5216 3299 5271 τοῦ
3330 5215 3569 5286 Χριστοῦ
3602 5213 3809 5278 δοῦλος,

2216 5314 2332 5368 ἀλλ’
2363 5312 2423 5377 ἐξ
2449 5312 2728 5383 ἡμισείας.
2762 5312 2874 5365 Καὶ
2912 5311 3207 5381 Ῥωμαίοις
3238 5309 3337 5380 μὲν
3368 5307 3532 5362 πάλιν
3555 5306 3810 5361 ἐπιστέλ-

2216 5405 2323 5460 λων
2365 5405 2517 5475 λέγει
2540 5422 2555 5437 ο
2590 5404 2832 5470 Παῦλος
2872 5404 3096 5470 δοῦλος
3139 5401 3343 5470 Ἰησοῦ
3372 5400 3665 5471 Χριστοῦ·
3705 5402 3810 5454 Ko-

2218 5502 2443 5574 ρινθίοις
2467 5501 2525 5555 δέ
2562 5501 2656 5554 καὶ
2690 5499 2943 5570 Τιμοθέῳ
2971 5498 3327 5563 ἐπιστέλλων,
3355 5495 3653 5551 ἀπόστολον
3686 5496 3813 5547 ἐαυ-

2215 5594 2309 5650 τὸν
2353 5594 2529 5649 καλεῖ.
2566 5592 2725 5657 Τίνος
2770 5587 2864 5647 οὗν
2916 5591 3105 5646 ἕνεκεν
3153 5590 3314 5645 τοῦτο
3368 5590 3546 5657 ποιεῖ;
3584 5587 3697 5660 Οὐχ
3728 5586 3811 5640 ὅτι

2278 5799 2304 5827 ⁸
2336 5796 2645 5861 Legendum,
2670 5809 2718 5845 nl
2747 5794 2907 5859 fallor,
2929 5801 3013 5854 τῆς
3035 5792 3285 5859 ἁμαρτίας.
3309 5790 3446 5842 Eon.
