4170 6494
358 403 451 460 im

357 520 623 569 honorum
648 519 873 580 operum
896 516 1057 559 cursu
1084 498 1443 557 deiecerimus
1461 536 1477 561 ,
1509 504 1675 548 totum
1718 489 1950 561 perdidi-

353 621 497 662 mus.
526 612 700 657 totum
729 598 1090 667 corrupimus.
1131 591 1269 646 Audi
1320 586 1601 660 perutilem
1632 583 1955 638 admonitio-

352 712 479 752 nem
514 693 624 748 illis
649 690 1053 761 pronuntiatam
1080 682 1258 737 verbis
1292 698 1304 734 :
1334 677 1707 747 Eleentosynw,
1738 673 1908 743 inquit
1931 713 1945 734 ,

349 802 400 843 et
433 790 559 857 fides
588 801 639 839 te
658 799 764 837 non
795 782 1030 834 deserant
1062 775 1246 846 (Prov.
1272 775 1327 829 5.
1346 771 1424 842 5).
1450 771 1565 826 Non
1594 770 1747 833 dixit,
1778 766 1958 822 Semel

354 882 519 936 lacito
540 921 556 943 ,
582 886 676 931 aut
708 876 790 931 bis
810 915 825 940 ,
850 882 941 926 aut
968 882 1048 925 ter
1072 913 1085 934 ,
1114 878 1205 921 aut
1226 866 1406 923 decies
1427 907 1443 930 ,
1472 872 1565 917 aut
1594 861 1797 917 centies
1820 904 1831 917 .
1862 858 1957 913 sed

354 982 621 1047 perpetuo
650 989 663 1021 :
697 967 769 1023 Te
798 982 900 1020 non
949 966 1183 1018 deserant
1205 1003 1218 1024 ,
1250 959 1439 1029 inquit.
1472 955 1583 1011 Nec
1623 969 1751 1007 vero
1777 952 1914 1006 distt
1941 990 1958 1016 ,

360 1070 505 1137 lpsas
528 1082 597 1119 ne
624 1063 848 1118 deseras
873 1102 888 1125 ,
919 1057 1011 1112 sed
1035 1097 1051 1119 ,
1084 1054 1225 1125 [pste
1250 1062 1297 1108 te
1324 1069 1424 1105 non
1467 1050 1702 1103 deserant
1724 1061 1744 1107 ;
1770 1053 1959 1099 osten-

358 1162 491 1216 dens
503 1172 603 1213 nos
634 1171 781 1217 esse,
801 1154 888 1220 qui
910 1153 1146 1221 ipsarum
1167 1160 1443 1216 egeamus,
1460 1157 1566 1197 non
1588 1143 1730 1210 ipsas
1753 1137 1957 1202 nostri;

356 1256 670 1322 ducensque
703 1248 840 1303 nihil
872 1246 1028 1299 nobis
1077 1257 1181 1296 non
1214 1239 1514 1295 faciendum
1548 1251 1669 1290 esse
1698 1277 1713 1299 ,
1746 1243 1805 1287 ut
1840 1232 1961 1287 illas

354 1345 495 1414 apud
531 1358 631 1398 nos
695 1342 1043 1396 retineamus.
1077 1334 1349 1389 Circumda
1386 1347 1502 1394 eas,
1530 1328 1740 1398 inquit,
1765 1326 1961 1396 gutturi

355 1451 441 1495 tuo
473 1435 665 1505 (ibid).
692 1429 1161 1501 Quemadmodum
1208 1427 1351 1482 enim
1395 1424 1621 1478 divitum
1672 1420 1764 1474 lilii
1791 1418 1959 1474 decus

353 1547 577 1590 aureum
604 1530 749 1584 circa
777 1527 977 1581 collum
1003 1528 1240 1593 gestant,
1273 1518 1510 1587 illudque
1537 1527 1830 1582 numquam
1860 1509 1958 1566 de-

354 1633 564 1698 ponunt
605 1638 633 1687 ,‘
676 1620 833 1692 quasi
883 1615 1179 1673 nobilitatis
1222 1612 1430 1681 insigne
1470 1607 1955 1664 circumferentes:

353 1720 429 1775 ita
460 1727 514 1771 et
539 1717 943 1783 clcemosynam
963 1707 1117 1763 nobis
1144 1706 1274 1775 ipsis
1296 1702 1693 1759 circumdemus
1722 1703 1956 1764 oportet,

353 1811 699 1864 declarantes
740 1820 840 1859 nos
898 1816 1021 1858 esse
1066 1795 1433 1854 misericordis
1484 1795 1630 1849 illius
1667 1793 1837 1851 ﬁlios.
1864 1792 1954 1861 qui

354 1903 530 1958 solem
580 1898 778 1955 exoriri
826 1896 957 1951 facit
991 1908 1156 1963 super
1205 1892 1376 1946 malos
1424 1899 1481 1945 et
1524 1889 1713 1942 honos.
1754 1889 1821 1940 At
1852 1900 1957 1939 non

358 1996 595 2050 credunt
619 1990 898 2047 inﬁdeles?
925 1987 1179 2057 Quinimo
1222 2001 1317 2056 per
1345 1984 1460 2038 haec
1495 1982 1758 2046 credent,
1784 1980 1828 2033 si
1862 1994 1960 2033 nos

364 2089 485 2147 htec
515 2084 943 2157 pnestiterimus.
968 2081 1100 2137 Nam
1130 2082 1173 2134 si
1198 2078 1427 2133 viderint
1454 2092 1555 2130 nos
1585 2075 1824 2129 omnium
1854 2074 1956 2126 mi-

362 2180 558 2244 sereri,
580 2178 830 2246 illumque
858 2182 1252 2245 repraesentare
1281 2179 1667 2241 pmeceptorem
1692 2166 1791 2230 ;ad
1818 2167 1961 2220 illius

352 2272 714 2325 imitationem
738 2268 841 2322 hoc
867 2282 895 2321 a
921 2266 1078 2319 nobis
1108 2265 1223 2319 ﬁeri
1254 2263 1587 2332 intelligent.
1610 2260 1794 2330 Neque
1826 2275 1960 2313 Vero

351 2372 651 2432 utcumque
681 2360 879 2415 iecisse
901 2358 1033 2412 Satis
1075 2366 1177 2420 est,
1205 2355 1301 2411 sed
1330 2354 1511 2410 cautio
1540 2353 1787 2423 qumdam
1818 2368 1953 2419 pra:-

351 2467 503 2510 terea
522 2468 587 2508 ac
605 2452 1001 2507 munimentum
1029 2450 1341 2521 requiritur.
1365 2448 1744 2517 Elecmosyna,
1765 2447 1956 2517 inquit,

352 2560 410 2601 et
431 2547 567 2600 ﬁdes
594 2546 664 2599 sit
684 2545 779 2598 tibi
803 2560 950 2598 vera.
980 2543 1149 2598 Recte
1166 2542 1321 2603 dixit,
1348 2541 1501 2604 Vera,
1528 2557 1634 2595 non
1659 2556 1726 2595 ex
1746 2543 1955 2609 rapina,

351 2654 461 2695 non
475 2657 540 2695 ex
570 2638 710 2694 furto
731 2636 863 2695 :hoc
886 2637 1028 2694 enim
1047 2644 1249 2691 nonest
1274 2634 1427 2699 ﬁdes,
1449 2643 1649 2688 nonest
1667 2650 1788 2688 vera
1813 2633 1959 2690 elee-

348 2749 603 2804 mosyna.
634 2731 769 2787 Nam
796 2733 886 2802 qui
936 2731 1177 2788 furatur.
1215 2744 1339 2783 eum
1368 2729 1584 2784 mentiri
1630 2743 1693 2782 ac
1719 2729 1961 2798 pejorare

352 2843 587 2884 necesse
614 2838 738 2892 est;
775 2836 829 2881 tu
854 2840 984 2881 vero
1014 2839 1121 2879 non
1157 2824 1250 2888 ita,
1286 2822 1382 2878 sed
1427 2837 1532 2876 una
1568 2838 1690 2877 eum
1721 2823 1959 2877 eleeino-

349 2934 490 2991 syna
547 2918 709 2973 ﬁdem
763 2932 984 2988 quoque
1038 2916 1269 2980 habeto,
1327 2915 1517 2986 inquit.
1549 2913 1960 2970 (Iircumdemus

350 3012 512 3067 nobis
540 3012 699 3065 istum
728 3019 982 3064 ornatum
1007 3024 1022 3073 ;
1049 3018 1297 3079 torquem
1332 3008 1474 3061 hunc
1513 3023 1736 3061 aureum
1765 3008 1962 3060 animae

350 3114 635 3173 aptemus,
668 3101 1070 3171 eleetnosynam
1123 3100 1246 3155 dico
1269 3141 1285 3167 ,
1313 3099 1570 3170 quamdiu
1621 3100 1829 3154 scilicet
1874 3098 1962 3154 hic

348 3194 643 3250 fuerimus.
672 3193 802 3248 Nam
836 3209 959 3248 cum
992 3202 1123 3248 aetas
1164 3193 1279 3248 hrcc
1321 3194 1640 3263 pra-terierit
1665 3236 1681 3258 ,
1715 3209 1820 3248 non
1845 3210 1962 3249 am-

351 3291 502 3358 plius
531 3289 618 3342 illa
654 3299 888 3343 utemur.
918 3287 1055 3356 Quid
1090 3288 1204 3342 ita?
1235 3286 1350 3342 Non
1381 3299 1506 3342 sunt
1536 3288 1607 3342 ibi
1658 3305 1921 3360 pauperes
1941 3332 1957 3356 ,

347 3399 464 3438 non
488 3392 617 3437 sunt
641 3382 710 3437 ibi
739 3383 1005 3451 pecunia},
1036 3397 1140 3436 non
1166 3390 1253 3439 est
1282 3381 1351 3437 ibi
1376 3382 1697 3438 mendicitas
1725 3401 1737 3436 :
1766 3400 1959 3454 quam-

345 3478 445 3531 diu
472 3491 661 3531 sumus
691 3476 863 3546 pueri,
894 3485 1088 3531 ornatu
1120 3475 1225 3531 hoc
1252 3491 1352 3531 nos
1377 3478 1522 3547 ipsos
1551 3494 1618 3532 ne
1640 3479 1958 3547 spoliemus.

344 3568 512 3636 Quod
546 3569 695 3623 enim
733 3569 785 3621 in
814 3568 997 3636 pueris
1021 3570 1225 3634 evenit,
1260 3581 1315 3624 ut
1344 3585 1465 3624 cum
1493 3569 1560 3624 ad
1590 3572 1799 3625 virilem
1833 3583 1961 3627 :vta-

349 3672 468 3715 tem
518 3660 904 3730 pervenerint,
936 3662 1035 3715 ista
1080 3660 1393 3732 deponant,
1429 3670 1590 3733 atque
1645 3662 1810 3718 alium
1859 3665 1959 3718 sibi

346 3764 638 3807 assumant
681 3762 933 3808 ornatum
967 3772 981 3808 :
1014 3753 1155 3807 idem
1204 3767 1419 3824 quoque
1450 3754 1501 3807 in
1535 3754 1712 3809 nobis.
1746 3755 1959 3809 Etenim

349 3847 468 3901 illic
496 3861 603 3901 non
635 3847 738 3901 erit
764 3846 1109 3918 eleemosyna
1139 3848 1239 3903 ista
1266 3888 1283 3915 ,
1315 3863 1436 3918 qute
1465 3849 1705 3917 pecuniis
1738 3846 1793 3902 ﬁt
1819 3891 1833 3915 ,
1866 3849 1959 3904 sed

351 3939 463 3992 alia
490 3938 736 4008 quoidam
767 3939 925 4008 longe
958 3941 1151 4007 major.
1184 3938 1263 3993 Ne
1308 3939 1471 4009 igitur
1493 3939 1699 3994 interea
1733 3940 1832 3996 hac
1863 3956 1961 3995 nos

348 4031 633 4101 privemus
659 4048 673 4083 :
704 4046 927 4103 operam
955 4032 1146 4085 demus
1166 4074 1179 4092 .
1209 4041 1267 4086 ut
1317 4031 1592 4101 pulchram
1624 4049 1684 4087 se
1727 4042 1782 4088 et
1834 4049 1960 4105 spe—

348 4122 607 4178 ctandam
630 4124 867 4192 pr:ebeat
893 4124 1095 4179 anima.
1120 4122 1369 4194 Magnum
1391 4124 1737 4197 eleemosyna
1761 4128 1960 4183 bonum

346 4227 519 4287 atque
547 4216 871 4271 honoratum
919 4227 1041 4284 est,
1091 4234 1342 4289 magnum
1392 4218 1636 4283 donum,
1684 4222 1792 4275 imo
1832 4238 1961 4277 vero

348 4324 551 4380 magna
581 4319 665 4364 est
690 4311 905 4366 bonitas
938 4328 952 4364 :
986 4311 1031 4365 si
1061 4310 1412 4367 didicerimus
1459 4314 1719 4383 pecunias
1773 4328 1959 4371 conte~

352 4417 565 4467 uiuere,
586 4401 749 4456 etiam
779 4402 880 4456 alia
908 4402 1199 4459 discemus.
1221 4403 1358 4459 Vide
1379 4405 1526 4459 enim
1552 4416 1684 4476 quot
1717 4407 1839 4463 hinc
1866 4426 1955 4479 pa-

351 4496 568 4552 riantur
595 4495 733 4550 bona
766 4513 780 4550 :
805 4495 895 4565 qui
924 4495 1018 4550 dat
1046 4496 1448 4569 eleemosynam
1477 4500 1752 4568 quomodo
1782 4502 1961 4557 danda

348 4599 477 4653 est,
534 4587 580 4640 is
624 4587 785 4643 discit
827 4588 1081 4656 pecunias
1131 4599 1529 4645 contemnere:
1562 4593 1653 4662 qui
1707 4596 1963 4662 pecunias

351 4690 710 4736 contemnere
760 4680 991 4749 didicit,
1040 4682 1084 4736 is
1134 4682 1400 4737 malormn
1451 4685 1689 4742 radicem
1736 4690 1955 4745 excidit.

352 4775 722 4843 Quamobrem
752 4782 988 4828 nontam
1016 4772 1141 4829 facit
1165 4774 1511 4840 beneﬁcium,
1542 4794 1702 4850 quam
1729 4783 1963 4852 accipit;

1288 379 1356 437 IN
1396 375 1610 435 EPIST.
1655 374 1745 429 AD
1785 370 2075 427 PiilLlPP.
2117 372 2269 429 CAP.
2316 375 2356 430 l.
2402 375 2632 433 HOlllL.
2677 377 2719 432 l.

3567 381 3671 436 £32

2061 500 2166 541 non
2201 490 2403 548 ideirco
2438 493 2636 561 solum,
2664 495 2806 565 quod
2837 494 3200 568 elcemosynae
3243 498 3539 553 constituta
3578 510 3663 552 est

2069 601 2277 640 merces
2312 600 2377 640 ac
2426 587 2707 643 retributio
2728 630 2742 652 ,
2769 604 2953 644 verum
2985 590 3149 644 etiam
3193 590 3337 660 quod
3368 586 3547 645 anima
3603 592 3663 645 ﬁt

2069 679 2442 749 philosophica
2477 682 2798 754 excolsaque
2827 699 2890 739 ac
2915 685 3093 739 dives.
3122 685 3224 754 Qui
3259 686 3671 758 eleemosynant

2068 770 2177 835 dat,
2209 772 2274 826 ad
2296 772 2436 828 hanc
2464 773 2810 843 disciplinam
2839 776 3105 843 eruditur,
3134 788 3190 833 ιιι
3220 779 3481 846 pecunias
3506 791 3669 849 atque

2067 876 2257 917 aurum
2288 865 2508 920 minime
2557 866 2895 923 admiretur:
2930 871 3018 940 qui
3065 886 3192 925 vero
3241 870 3343 926 hac
3385 870 3669 940 disciplina

2070 954 2301 1009 instituit
2346 957 2607 1022 animum,
2644 975 2726 1013 me
2772 962 2860 1016 ille
2892 963 3214 1031 praeclarum
3240 964 3572 1019 ascendendi
3609 966 3661 1019 in

2067 1047 2258 1101 erelum
2298 1050 2621 1122 principium
2655 1051 2814 1117 fecit;
2846 1064 3244 1126 sexcentasque
3275 1072 3469 1126 pugnae
3489 1099 3505 1123 ,
3536 1073 3669 1111 con-

2070 1140 2357 1207 tentiouis,
2390 1143 2641 1211 invidia},
2690 1147 2945 1200 moeroris
2984 1149 3303 1203 occasiones
3350 1152 3665 1217 amputavit.

2068 1230 2247 1287 Nostis
2268 1234 2410 1287 enim
2430 1234 2691 1304 profecto,
2727 1237 2897 1291 nostis
2923 1246 2981 1292 et
3008 1252 3125 1301 vos,
3157 1254 3221 1294 ex
3249 1239 3496 1308 pecuniis
3526 1242 3666 1294 mala

2067 1326 2268 1389 Omnia,
2299 1343 2363 1380 ex
2395 1328 2637 1395 pecuniis
2683 1340 2938 1385 sexcenta
2978 1330 3114 1386 bella
3147 1332 3324 1387 solere
3372 1334 3659 1387 exsistere.

2066 1418 2428 1484 Quamobrem
2474 1419 2565 1489 qui
2593 1420 2712 1474 illas
2736 1431 3085 1477 contemnere
3111 1422 3335 1488 didicit,
3368 1425 3666 1495 tranquillo

2068 1508 2119 1563 in
2151 1520 2308 1580 portu
2341 1505 2578 1579 seipsum
2597 1504 2810 1567 iocavit
2831 1556 2846 1578 ,
2880 1529 2982 1570 nec
3005 1515 3264 1571 damnum
3295 1516 3523 1585 posthac
3555 1534 3671 1571 me.

2067 1602 2187 1656 tuit.
2230 1602 2311 1658 Ad
2356 1602 2494 1659 hanc
2536 1604 2680 1659 enim
2729 1605 3072 1677 disciplinam
3122 1608 3270 1663 illum
3319 1610 3666 1681 eleemOsyua

2067 1692 2300 1749 erudivit
2347 1713 2359 1748 :
2411 1713 2515 1750 non
2570 1698 2777 1767 appetit
2824 1701 3053 1768 posthac
3100 1701 3321 1767 aliena;
3384 1705 3662 1771 quomodo

2068 1786 2233 1852 enim,
2262 1804 2385 1842 eum
2430 1804 2524 1843 sua
2549 1791 2713 1845 etiam
2752 1792 3040 1861 profundat
3066 1808 3130 1848 ac
3154 1794 3358 1848 donet?
3387 1795 3530 1849 nulla
3553 1796 3667 1867 jam

2064 1892 2190 1949 erga
2216 1878 2439 1935 divitem
2479 1880 2674 1936 invidia
2706 1886 2979 1954 tangitur;
3010 1885 3286 1954 quomodo
3345 1887 3512 1950 enim,
3537 1904 3662 1943 cum

2067 1986 2269 2042 pauper
2297 1973 2412 2028 ﬁeri
2455 1975 2622 2031 velit?
2651 1976 2933 2048 ipsumque
2962 1980 3156 2034 anima:
3181 1981 3399 2036 oculum
3427 1984 3496 2037 ab
3517 1984 3667 2037 omni

2068 2064 2187 2119 labe
2217 2080 2409 2135 purum
2437 2067 2631 2122 reddit.
2652 2069 2830 2139 Atque
2854 2070 2969 2125 inec
2996 2072 3215 2141 quidem
3267 2074 3355 2128 hic
3386 2092 3400 2127 :
3432 2090 3664 2145 quorum

2069 2174 2199 2213 vero
2231 2160 2301 2214 ibi
2325 2161 2589 2216 bonorum
2616 2178 2842 2233 compos
2871 2163 3083 2219 futurus
3114 2166 3205 2233 sit,
3238 2168 3382 2222 nulla
3412 2184 3668 2239 umquam

2068 2252 2239 2306 oratio
2280 2262 2442 2323 queat
2464 2271 2758 2323 exponere.
2788 2256 2904 2311 Non
2947 2274 3050 2313 una
3080 2274 3204 2315 cum
3237 2261 3417 2315 stultis
3444 2262 3670 2333 virgini-

2070 2345 2169 2398 bus
2211 2344 2343 2401 l‘oris
2388 2347 2666 2411 manebit,
2713 2347 2809 2403 sed
2852 2366 2958 2404 una
2990 2366 3112 2406 cum
3141 2352 3532 2422 prudentibus,
3565 2369 3669 2407 una

2067 2454 2189 2494 cum
2232 2454 2434 2510 Sponso
2461 2443 2724 2507 introibit,
2754 2444 3066 2513 splendidas
3112 2446 3318 2502 habens
3369 2449 3667 2520 lampades.

2068 2534 2142 2588 Ita
2173 2534 2243 2589 ob
2270 2534 2411 2589 hanc
2441 2535 2608 2599 ipsam
2637 2537 3038 2610 eleemosynam
3074 2540 3158 2603 iis,
3192 2558 3312 2612 qua:
3346 2543 3396 2597 in
3443 2544 3669 2614 virgini-

2068 2638 2177 2683 tate
2222 2629 2487 2684 servauda
2540 2630 2698 2686 valde
2739 2632 3087 2698 laborarunt,
3139 2635 3296 2704 longe
3350 2638 3665 2706 prmstabit.

2066 2739 2261 2794 expers
2291 2725 2404 2795 ipse
2436 2725 2681 2779 labormn
2714 2726 2928 2780 illorum
2964 2748 2974 2779 :
3004 2738 3151 2781 tanta
3190 2739 3273 2782 est
3300 2729 3669 2802 eleemosyna:

2067 2818 2239 2872 virtus
2266 2833 2281 2882 ;
2320 2817 2569 2872 alumnos
2595 2832 2724 2872 suos
2752 2832 2945 2887 magna
2987 2834 3110 2873 eum
3146 2820 3392 2875 libertate
3424 2822 3669 2877 introdu-

2067 2910 2160 2966 cit.
2185 2909 2319 2966 Nota
2350 2910 2493 2965 enim
2519 2918 2606 2965 est
2638 2910 2754 2965 caeli
2783 2910 3108 2979 janitoribus
3128 2956 3142 2977 ,
3172 2914 3262 2983 qui
3293 2914 3479 2984 sponsi
3525 2913 3670 2970 fores

2067 3005 2411 3072 custodiunt;
2456 3021 2557 3061 nec
2584 3022 2715 3062 vero
2741 3016 2865 3062 nota
2901 3008 3076 3063 solum
3097 3051 3112 3072 ,
3144 3009 3239 3063 sed
3272 3010 3433 3064 etiam
3480 3010 3667 3079 hujus-

2068 3101 2256 3166 modi,
2288 3110 2349 3156 ut
2392 3117 2511 3157 eam
2560 3115 2957 3159 revereantur:
2992 3120 3232 3175 eosque,
3283 3120 3314 3158 a
3369 3106 3567 3176 quibus
3610 3121 3671 3161 sc

2066 3195 2266 3250 cultam
2309 3195 2557 3263 noverit,
2596 3211 2790 3267 magna
2816 3213 2940 3252 cum
2961 3194 3212 3249 libertate
3232 3197 3577 3262 introducet;
3605 3213 3670 3257 ac

2068 3302 2228 3343 nemo
2256 3287 2593 3343 contradicet
2614 3329 2628 3351 ,
2658 3288 2755 3343 sed
2786 3304 2977 3345 omnes
3006 3288 3221 3345 cedent.
3250 3288 3388 3344 Nam
3422 3291 3465 3345 si
3500 3291 3668 3345 Deum

2068 3378 2120 3434 in
2153 3388 2350 3434 terram
2400 3378 2659 3447 adduxit,
2704 3380 2866 3451 idque
2915 3381 3015 3452 ipsi
3051 3383 3358 3452 perSuasit,
3414 3390 3471 3436 ut
3507 3382 3670 3437 homo

2069 3474 2220 3527 ﬁeret
2245 3489 2260 3527 :
2302 3474 2475 3528 multo
2496 3474 2666 3543 magis
2686 3473 2961 3530 hominem
2986 3477 3039 3530 in
3082 3476 3275 3530 caelum
3304 3474 3671 3533 intromittere

2069 3567 2269 3638 poterit
2294 3584 2311 3619 ς
2335 3582 2529 3638 magna
2560 3568 2704 3622 enim
2730 3577 2815 3622 est
2849 3568 3019 3637 ipsius
3048 3570 3308 3639 potentia.
3339 3571 3481 3642 Ergo
3511 3572 3554 3625 si
3601 3586 3668 3626 es

2068 3659 2441 3714 misericordia
2494 3673 2659 3730 atque
2717 3658 2998 3715 hominum
3052 3676 3240 3716 amore
3309 3662 3449 3717 Deus
3509 3661 3672 3720 homo

2068 3755 2238 3810 laetus
2266 3763 2371 3821 est,
2405 3755 2452 3810 si
2490 3770 2581 3820 eo,
2623 3755 2841 3825 inquam
2865 3796 2880 3821 ,
2927 3755 3190 3810 adductus
3241 3765 3325 3810 est
3378 3765 3437 3811 ut
3478 3770 3671 3811 servus

2068 3848 2250 3914 ﬁeret;
2271 3850 2437 3904 multo
2453 3850 2623 3921 magis
2640 3864 2829 3904 servos
2852 3850 2903 3903 in
2923 3850 3142 3905 domum
3171 3850 3477 3906 introducet
3494 3866 3670 3905 suam.

2069 3943 2219 3998 Hane
2233 3958 2507 4012 amemus,
2527 3943 2669 4000 hanc
2696 3944 2964 4010 colamus,
2996 3959 3103 3999 non
3125 3960 3234 3999 uno
3255 3953 3347 4000 aut
3370 3946 3543 4000 altero
3563 3943 3671 4012 die,

2067 4037 2163 4092 sed
2192 4053 2287 4106 per
2306 4052 2467 4092 omne
2499 4047 2731 4107 tempus,
2750 4048 2810 4091 ut
2836 4036 2947 4106 ipsa
2979 4051 3078 4091 nos
3102 4037 3239 4092 bene
3264 4046 3423 4092 notos
3452 4036 3671 4091 habeat.

2066 4128 2200 4184 Nam
2229 4129 2275 4183 si
2305 4145 2366 4183 ea
2394 4144 2493 4185 nos
2524 4131 2758 4194 noverit,
2789 4138 2845 4185 et
2873 4130 3134 4185 Dominus
3157 4141 3345 4185 noscet
3368 4146 3383 4194 ;
3409 4129 3491 4183 sin
3520 4130 3676 4200 igno-

2070 4229 2174 4287 ret,
2216 4222 2475 4276 Dominus
2499 4223 2661 4277 ctiam
2692 4221 2963 4293 ignorabit
2989 4264 3002 4286 ,
3030 4237 3093 4278 ac
3122 4222 3266 4276 dicet
3292 4262 3308 4287 ,
3332 4220 3528 4276 Nescio
3556 4236 3672 4275 vos.

2070 4313 2270 4369 Verum
2300 4315 2461 4377 absit,
2496 4324 2553 4367 ut
2584 4314 2722 4369 hanc
2740 4329 2840 4369 nos
2871 4330 3058 4369 vocem
3083 4314 3389 4377 audiamus,
3418 4312 3512 4369 sed
3542 4314 3675 4367 hea-

2071 4417 2179 4463 tam
2212 4408 2395 4461 illam:
2438 4407 2631 4471 Venite,
2664 4406 2912 4462 benedicti
2941 4406 3115 4461 Putris
3143 4407 3261 4473 mei,
3297 4406 3551 4476 possidete
3581 4423 3678 4475 pn-

2070 4509 2240 4553 ratum
2279 4499 2416 4553 vobis
2456 4516 2675 4571 regnum
2728 4516 2760 4552 a
2808 4500 3170 4553 constitutione
3219 4499 3397 4553 mundi
3443 4498 3673 4571 (Matth.

2069 4594 2162 4649 25.
2198 4593 2291 4662 34)
2325 4611 2337 4645 :
2370 4592 2512 4662 quod
2544 4592 2746 4646 utinam
2786 4606 2885 4647 nos
2910 4608 3097 4647 omnes
3142 4605 3542 4661 consequamur
3582 4608 3679 4661 per

2071 4688 2303 4759 gratiam
2360 4697 2417 4741 et
2455 4686 2847 4756 benignitatem
2871 4727 2889 4753 ,
2940 4686 2993 4741 in
3034 4683 3255 4741 Christo
3288 4683 3417 4739 Iesu
3450 4683 3678 4737 Domino

2072 4792 2283 4847 nostro,
2322 4796 2444 4836 cum
2475 4795 2583 4852 quo
2611 4780 2778 4848 Patri,
2804 4790 2912 4836 etc.

1850 4996 2191 5060 HOMlLlA
2239 4998 2284 5059 l.

348 5132 491 5190 CAP.
524 5132 577 5187 Ι.
605 5148 660 5187 v.
694 5133 746 5188 l.
784 5131 981 5186 Paulus
1008 5142 1054 5185 et
1083 5130 1398 5195 Timotheus.
1428 5135 1560 5189 servi
1595 5134 1719 5190 Iesu
1750 5136 1964 5208 Christi,

428 5226 668 5281 munibus
695 5226 887 5281 sanctis
913 5225 966 5278 in
1001 5224 1205 5280 Christo
1231 5224 1376 5292 Iesu,
1405 5228 1491 5294 qui
1529 5239 1646 5281 sunt
1681 5227 1963 5301 Philippis,

429 5318 750 5388 coepiscopis
774 5327 822 5371 et
858 5318 1112 5381 diaconis,
1141 5317 1177 5371 2
1230 5320 1398 5388 gratia
1425 5318 1564 5373 vobis
1594 5329 1641 5373 et
1667 5337 1771 5390 pax
1800 5339 1831 5375 (ι
1864 5322 1970 5378 Deo

433 5412 598 5467 Patre
625 5420 800 5465 nostro
826 5421 872 5463 et
904 5407 1128 5463 Domino
1155 5408 1283 5463 Iesu
1310 5408 1532 5466 Christo.

430 5506 489 5560 1.
528 5503 627 5559 llic
660 5502 814 5567 quasi
850 5501 919 5556 ad
960 5500 1155 5570 aequali
1186 5501 1391 5558 honore
1419 5503 1674 5574 prmditos
1703 5506 1967 5567 scribens.

351 5614 471 5654 non
504 5601 656 5667 ponit
676 5610 834 5652 suum
852 5596 1147 5665 magisterii
1164 5611 1384 5661 nomen,
1406 5597 1500 5652 sed
1529 5597 1674 5653 aliud
1691 5599 1968 5669 quiddam,

351 5691 603 5762 illudque
627 5705 903 5761 magnum.
927 5688 1096 5758 Quale
1121 5703 1253 5747 vero
1272 5688 1454 5745 istud?
1476 5690 1702 5747 Servum
1732 5694 1968 5762 seipsum

354 5788 631 5851 mutinat,
674 5802 781 5841 non
823 5786 1150 5856 apostolum.
1196 5785 1328 5842 Nam
1369 5797 1423 5843 et
1461 5787 1576 5844 htec
1619 5806 1743 5845 rere
1777 5806 1966 5861 magna

344 5880 597 5952 dignitas
639 5888 721 5935 est
790 5892 854 5932 ac
889 5878 1152 5932 bonorum
1194 5886 1375 5947 caput,
1423 5894 1637 5936 servum
1677 5898 1799 5938 esse
1837 5883 1967 5938 Iesu

739 5972 1011 6034 Ρηιιοι..
1058 5975 1175 6036 Gtt.
1220 5974 1415 6039 LXII.

2070 5139 2296 5207 Christi,
2342 5150 2396 5195 et
2438 5155 2543 5194 non
2587 5148 2791 5194 tantum
2831 5139 2958 5195 dici.
2996 5139 3096 5209 Qui
3127 5139 3329 5196 Christi
3359 5154 3549 5196 servus
3575 5149 3677 5204 est,

2076 5231 2163 5287 hic
2193 5249 2221 5287 a
2255 5243 2474 5303 peccato
2503 5233 2641 5288 liber
2669 5242 2786 5299 est;
2826 5242 2884 5288 et
2920 5234 3023 5290 hoc
3050 5226 3187 5304 ipso,
3216 5235 3360 5305 quod
3388 5250 3679 5306 germanus

2076 5339 2138 5379 ae
2166 5324 2434 5395 legitimus
2464 5339 2654 5379 servus
2680 5333 2782 5391 est,
2822 5341 3110 5395 numquam
3137 5327 3455 5392 committet,
3496 5335 3555 5381 ut
3583 5342 3678 5382 cu-

2071 5418 2326 5488 jusquam
2354 5418 2574 5472 alterius
2601 5432 2789 5473 servus
2815 5418 2908 5473 ﬁat
2928 5438 2952 5473 ¹ε
2982 5419 3180 5488 alioqui
3213 5434 3319 5474 non
3346 5430 3492 5474 esset
3520 5418 3650 5475 Chri
3673 5450 3680 5459 -

2078 5512 2145 5566 sti
2172 5525 2382 5578 servus,
2414 5511 2513 5567 nisi
2538 5527 2610 5566 ex
2634 5512 2854 5568 dimidia
2879 5523 3050 5582 parte.
3078 5514 3153 5569 Ac
3173 5528 3303 5569 sane
3324 5514 3390 5569 ad
3412 5514 3686 5570 Romanos

2078 5603 2345 5669 scribens,
2371 5618 2558 5660 rursus
2590 5603 2660 5658 ita
2690 5605 2881 5674 Inquit,
2916 5604 3117 5660 Paulus
3142 5623 3318 5661 servus
3341 5605 3467 5661 Iesu
3491 5605 3684 5663 Christi

2080 5696 2262 5765 (Rom.
2297 5699 2349 5751 l.
2391 5698 2479 5764 l);
2509 5698 2575 5752 ad
2603 5696 2912 5755 Corinthios
2942 5715 3072 5754 vero
3099 5709 3154 5756 et
3180 5700 3524 5757 Timotheum
3550 5706 3686 5759 scri-

2082 5793 2216 5847 bens
2244 5792 2547 5861 apostolum
2578 5793 2813 5862 seipsum
2854 5794 3119 5849 nominat.
3148 5794 3295 5863 Quid
3326 5795 3437 5851 ita?
3465 5796 3582 5851 Non
3614 5798 3685 5853 ob

2079 5899 2199 5939 eam
2225 5893 2370 5939 certe
2397 5899 2633 5951 causam,
2664 5886 2808 5958 quod
2850 5887 2935 5943 isti
2978 5888 3231 5945 meliores
3272 5897 3458 5945 essent
3500 5889 3677 5945 Timo-

3293 5978 3372 6039 12
