4170 6492
565 368 662 423 1‘33

559 485 712 551 Ilico;
746 487 905 556 absit,
934 491 1028 547 sed
1053 494 1263 563 potius;
1299 493 1441 564 quod
1471 509 1580 565 prae
1614 493 1885 561 omnibus,
1915 495 1980 551 ad
2006 509 2142 566 quos

555 577 763 645 scribit,
798 581 926 635 istos
966 581 1192 639 honoret
1218 595 1272 639 et
1311 585 1486 640 foveat
1518 604 1533 641 :
1561 600 1686 640 nam
1714 593 1768 641 et
1797 601 2004 657 magnae
2031 587 2144 640 vir-

559 670 684 722 tutis
724 673 1086 728 testimonium
1120 677 1244 747 ipsis
1284 678 1394 732 dat.
1426 677 1696 734 Praeterea
1734 694 1884 746 vero,
1923 694 2044 734 cum
2077 678 2143 734 ad

557 759 676 814 illos
715 763 968 818 scribenti
1011 768 1176 821 multa
1222 779 1406 824 essent
1445 771 1817 826 constituenda
1861 779 1916 826 et
1956 771 2141 841 dispo-

557 851 751 918 nenda,
783 853 902 909 ideo
923 859 1148 924 apostoli
1175 859 1487 930 dignitatem
1513 878 1620 930 pne
1641 878 1700 918 se
1730 863 1868 916 tulit.
1897 847 1994 918 ilic
2015 877 2143 918 vero

555 943 687 996 nihil
733 944 862 1014 ipsis
903 950 1118 1002 mandat
1149 961 1342 1020 praeter
1370 967 1452 1014 ea,
1487 969 1606 1022 qua:
1646 954 1806 1008 etiam
1833 968 1930 1023 per
1955 968 2014 1008 se
2045 953 2142 1023 ipsi

553 1036 826 1091 videbant.
858 1039 1063 1096 Sanctis
1089 1041 1140 1096 in
1171 1042 1370 1097 Christo
1395 1042 1541 1112 Jesu,
1587 1045 1676 1114 qui
1715 1053 1829 1098 sunt
1863 1043 2142 1114 Philippis.

554 1127 816 1196 Quoniam
849 1133 1140 1190 verisimile
1177 1145 1297 1191 erat
1331 1135 1546 1192 Iudaeos
1584 1138 1742 1192 etiam
1785 1136 1990 1207 seipsos
2017 1151 2142 1191 san-

556 1231 672 1276 ctos
703 1223 982 1280 nominare
1010 1241 1076 1281 ex
1115 1227 1295 1296 priore
1337 1228 1428 1282 illo
1456 1227 1692 1293 oraculo,
1731 1228 1822 1283 ubi
1863 1228 1991 1282 dicti
2021 1236 2146 1282 sunt

558 1313 786 1382 populus
813 1325 1031 1371 sanctus
1062 1325 1117 1372 et
1147 1319 1432 1388 peculiaris
1458 1318 1633 1388 (Deut.
1666 1320 1718 1372 7.
1762 1319 1814 1374 6.
1845 1329 1892 1372 et
1928 1319 2014 1374 14.
2045 1316 2140 1390 2);

558 1413 842 1473 propterea
870 1406 1038 1473 addit,
1073 1407 1281 1462 Sanctis
1306 1410 1358 1463 in
1387 1408 1589 1464 Christo
1612 1407 1758 1463 Jesu.
1781 1408 1845 1462 Hi
1873 1409 2017 1463 enim
2043 1407 2144 1463 soli

557 1495 749 1554 sancti.
781 1496 857 1550 illi
891 1513 1016 1551 vero
1044 1498 1252 1569 reliquo
1278 1500 1385 1568 jam
1415 1509 1655 1570 tempore
1686 1499 1910 1570 profani.

631 1585 861 1642 Nomina
891 1588 1154 1660 EpiscOpi,
1181 1589 1471 1661 Presbyteri
1499 1601 1547 1644 et
1577 1590 1795 1644 Diaconi
1823 1591 1967 1644 initio
2002 1605 2142 1642 com-

561 1681 757 1733 munia.
776 1710 846 1719 —
866 1681 1188 1753 Coepiswpis
1209 1691 1254 1737 et
1278 1684 1528 1738 diaconis.
1557 1684 1694 1751 Quid
1724 1683 1860 1738 hoc?
1885 1698 1951 1737 an
1989 1683 2145 1738 unius

556 1772 788 1828 civitatis
819 1774 971 1828 multi
1000 1785 1154 1829 erant
1183 1776 1418 1845 episc0pi
1439 1779 1462 1829 ἶ)
1483 1776 1852 1846 Nequaquam.
1880 1775 1974 1831 sed
2001 1789 2145 1844 pres-

559 1863 778 1934 byteros
830 1865 934 1918 isto
975 1867 1189 1921 nomine
1229 1867 1531 1935 appellavit.
1567 1867 1716 1922 Tunc
1751 1867 1893 1921 enim
1931 1866 2145 1921 nomina

557 1955 733 2010 adhuc
772 1965 925 2010 erant
954 1959 1279 2023 communia,
1323 1967 1482 2028 atque
1517 1958 1632 2029 ipse
1672 1959 1836 2014 etiam
1865 1958 2149 2028 episcopus

556 2045 850 2100 vocabatur
879 2046 1156 2102 diaconus.
1185 2047 1392 2104 Idcirco
1431 2049 1496 2103 ad
1527 2048 1866 2103 Timotheum
1907 2047 2150 2102 scribens

558 2138 751 2208 inquit,
793 2137 1116 2207 Diaconiam,
1168 2139 1221 2194 id
1261 2150 1366 2208 est,
1412 2141 1750 2195 ministerium
1790 2151 1931 2194 tuum
1970 2136 2146 2208 imple,

559 2244 680 2285 cum
711 2239 886 2286 tamen
916 2232 1006 2288 ille
1035 2233 1318 2302 episcopus
1338 2242 1501 2289 esset.
1525 2233 1678 2300 Quod
1703 2241 1912 2288 constat
1936 2247 2000 2286 es
2029 2245 2151 2286 ver-

561 2323 646 2378 bis
674 2323 777 2378 illis
803 2324 868 2379 ad
896 2326 1143 2381 eumdem
1167 2327 1379 2396 scriptis
1405 2345 1417 2381 :
1442 2326 1626 2380 Manta
1650 2327 1749 2380 cito
1771 2326 1957 2380 nemini
1981 2326 2148 2393 impo-

561 2415 758 2481 sueris;
775 2423 825 2468 et
847 2431 1051 2480 rursus,
1077 2417 1206 2482 Quae
1220 2417 1340 2469 data
1356 2426 1425 2470 est
1454 2416 1542 2470 tibi
1557 2434 1670 2470 cum
1696 2417 2016 2486 impositique
2037 2431 2144 2468 ma-

561 2523 719 2560 nuum
750 2507 1044 2578 presbyterii
1069 2509 1144 2581 (i.
1174 2507 1306 2562 Tim.
1333 2509 1390 2564 5.
1410 2508 1500 2562 22.
1527 2521 1572 2563 et
1597 2510 1651 2564 4.
1686 2509 1772 2577 Li)
1806 2527 1818 2563 :
1851 2509 2149 2579 presbyteri

563 2611 698 2652 vero
723 2599 1033 2668 episcopum
1065 2615 1169 2652 non
1193 2599 1555 2655 ordinassent.
1583 2599 1650 2653 Et
1669 2614 1856 2654 rursus
1882 2599 1947 2653 ad
1971 2599 2150 2653 Titum

562 2687 802 2743 scribens
833 2688 1004 2758 inquit
1033 2705 1046 2741 :
1081 2687 1256 2758 Hujus
1290 2690 1365 2742 rei
1389 2691 1556 2761 gratia
1594 2689 1778 2761 reliqui
1812 2701 1859 2745 te
1897 2691 1950 2744 in
1980 2690 2148 2756 Creta,

562 2789 616 2831 ut
659 2779 934 2834 constituas
974 2797 1063 2850 per
1101 2782 1326 2836 civitates
1366 2782 1678 2852 presbyteros
1721 2798 1740 2836 :
1786 2783 1917 2836 sicut
1963 2792 2011 2836 et
2058 2799 2150 2854 ego

563 2872 790 2938 disposui
825 2871 934 2939 tibi,
974 2872 1017 2925 si
1051 2873 1162 2942 quis
1188 2871 1296 2927 sine
1325 2874 1536 2928 crimine
1564 2884 1656 2941 est,
1697 2876 1850 2929 unius
1877 2876 2050 2928 uxoris
2076 2875 2152 2929 vir

569 2964 694 3035 (Tit.
728 2967 778 3020 i.
809 2967 863 3022 5.
897 2966 951 3038 6)
987 2985 1001 3022 :
1031 2984 1150 3038 qua:
1180 2969 1395 3038 quidem
1423 2969 1490 3024 de
1515 2969 1769 3038 episc0po
1798 2970 1944 3024 dicit.
1975 2971 2150 3040 Atque

565 3057 680 3111 haec
703 3072 824 3112 cum
864 3058 1106 3124 dixisset,
1136 3060 1316 3114 statim
1348 3060 1548 3115 addidit
1586 3079 1599 3112 :
1633 3060 1846 3130 Oportet
1873 3062 2005 3116 enim
2033 3063 2146 3132 epi-

563 3165 772 3217 scopum
799 3149 906 3203 sine
934 3151 1143 3204 crimine
1175 3167 1282 3205 esse
1307 3152 1435 3206 sicut
1470 3151 1566 3205 Dei
1595 3152 2018 3223 dispensatorem,
2051 3171 2150 3208 non

561 3240 850 3308 superbum.
875 3241 1182 3310 Antiquitus
1202 3243 1382 3311 igitur,
1408 3244 1858 3314 quemadmodum
1883 3245 2146 3310 dicebam,

563 3332 663 3399 ipsi
689 3332 848 3385 etiam
896 3331 1192 3403 presbyteri
1225 3334 1557 3389 vocabantur
1582 3335 1818 3406 episcopi
1859 3345 1914 3392 et
1940 3335 2149 3390 diaconi

559 3423 759 3478 Christi
807 3436 861 3479 et
904 3426 1140 3494 episcopi
1183 3426 1485 3499 presbyteri
1520 3445 1534 3482 :
1568 3429 1818 3498 quocirca
1865 3429 1949 3484 vel
1993 3429 2152 3484 hodie

560 3513 714 3569 multi
745 3515 981 3586 episcopi
1023 3515 1091 3570 ita
1132 3517 1392 3582 scribunt,
1418 3517 1888 3592 Compresbytcro,
1920 3531 1977 3576 et
2005 3522 2150 3576 (Βοη-
2201 3505 2204 3507 Δ

560 3609 810 3664 diacono.
842 3609 1176 3667 Procedente
1211 3627 1338 3666 vero
1380 3619 1617 3684 tempore
1654 3615 1928 3684 prOpriuut
1953 3615 2151 3684 cuique

561 3699 903 3757 distributum
932 3712 1016 3756 est
1045 3718 1262 3769 nomen,
1295 3714 1349 3758 ut
1381 3703 1466 3761 hic
1490 3705 2033 3775 quidem-episcopus,
2063 3706 2152 3759 ille

560 3808 692 3847 vero
721 3794 999 3864 presbyter
1023 3797 1343 3866 appelletur.
1369 3795 1713 3867 Coepiscopis,
1747 3797 1934 3867 inquit,
1966 3808 2012 3850 et
2035 3797 2150 3850 dia-

564 3886 728 3946 conis,
757 3889 923 3954 gratia
945 3887 1081 3940 vobis
1105 3896 1150 3941 et
1176 3904 1279 3956 pas:
1304 3903 1336 3939 a
1358 3885 1464 3940 Deo
1485 3886 1645 3940 Patre
1663 3899 1835 3941 nostra
1866 3899 1911 3940 et
1935 3887 2152 3940 Domino

561 3972 687 4028 Jesn
709 3973 930 4030 Christo.
975 3977 1085 4032 lloc
1120 3977 1239 4032 loco
1271 3993 1377 4031 non
1404 3976 1502 4031 abs
1542 3991 1600 4031 re
1638 3986 1837 4046 qumret
1864 3977 2148 4047 quispiam,

562 4070 689 4139 quid
718 4086 893 4126 eausze
928 4072 1409 4142 sit,-quamobrem
1449 4085 1570 4124 cum
1617 4086 1876 4140 nusquam
1919 4071 2044 4124 alibi
2083 4070 2150 4125 ad

567 4162 783 4216 Clerum
815 4162 1034 4230 scribat,
1069 4163 1269 4217 nonad
1299 4177 1419 4216 eum
1450 4161 1537 4230 qui
1566 4160 1772 4226 Romae,
1804 4179 1906 4217 non
1935 4164 2020 4232 qui
2043 4163 2151 4218 Co-

563 4257 748 4320 rinthi,
779 4271 882 4310 non
916 4257 1004 4326 qui
1029 4255 1246 4324 Ephesi,
1271 4253 1364 4308 sed
1388 4255 1680 4323 generatim
1704 4255 1861 4315 dicat.
1891 4255 2152 4310 Omnibus

563 4350 767 4404 sanctis
796 4349 878 4403 vel
910 4347 1175 4412 ﬁdelibus,
1204 4346 1435 4410 dilectis,
1468 4347 1553 4402 hic
1583 4347 1648 4402 ad
1679 4349 1888 4402 Clerum
1914 4348 2152 4402 scribat?

562 4440 848 4505 Nimirum,
879 4438 1130 4508 quoniam
1159 4437 1340 4492 clerici
1367 4438 1466 4507 ipsi
1487 4436 1727 4500 fuerant.
1759 4438 1850 4508 qui
1879 4438 2062 4491 literas
2085 4437 2152 4492 ad

561 4546 686 4584 eum
729 4529 994 4584 dederant
1032 4537 1088 4584 et
1125 4527 1356 4582 fructum
1404 4527 1770 4597 protulerant,
1823 4527 2031 4595 ipsique
2083 4525 2151 4580 ad

559 4637 686 4676 eum
712 4621 966 4675 miserant
990 4618 1433 4690 Epaphroditum.
1455 4619 1510 4673 5.
1529 4616 1740 4672 Gratias
1765 4634 1862 4688 ago
1887 4615 1992 4670 Deo
2018 4632 2150 4681 mea,

562 4714 752 4784 inquit,
786 4715 839 4767 in
865 4716 1002 4767 omni
1027 4712 1270 4766 memoria
1296 4712 1447 4765 vestri
1476 4727 1689 4779 semper.
1736 4710 1877 4765 Alibi
1909 4711 1978 4764 ita
2019 4710 2152 4764 scri-

563 4811 670 4877 psit
695 4827 714 4864 :
750 4809 960 4864 Obedite
981 4808 1268 4878 prarpositis
1297 4807 1474 4860 vestris
1500 4813 1545 4857 et
1572 4804 1868 4874 subjacete;
1897 4804 1997 4872 ipsi
2021 4804 2152 4856 enim

565 4899 867 4972 pervigilant
881 4901 1022 4967 quasi
1035 4898 1279 4952 rationem
1300 4911 1391 4966 pro
1408 4894 1673 4948 animabus
1693 4895 1864 4947 uestris
1879 4893 2147 4960 reddituri,

565 5002 618 5046 ut
636 5009 747 5046 cum
763 4993 950 5062 gaudio
964 4991 1058 5044 hoc
1076 4991 1285 5060 faciant,
1307 4998 1352 5041 et
1370 5003 1469 5040 non
1485 4997 1735 5057 gementes
1748 4984 1824 5056 (H
1830 4987 2147 5056 ebr.15.'i7).

565 5083 622 5140 Si
646 5084 808 5151 igitur
826 5097 1042 5151 gemere
1063 5096 1126 5133 cx
1153 5080 1277 5132 vitio
1292 5078 1676 5148 discipulorum
1697 5085 1799 5144 est,
1825 5078 2151 5147 cumgaudio

564 5177 618 5230 id
649 5174 848 5239 facere,
880 5189 944 5226 ex
979 5172 1218 5240 proh-ctu
1245 5170 1366 5224 erit.
1401 5168 1510 5222 Hoc
1540 5166 1699 5239 igitur
1725 5177 1827 5232 est,
1860 5167 2002 5238 quod
2030 5170 2104 5221 ait
2133 5187 2146 5223 :

562 5264 1039 5334 Quotiescumque,
1091 5261 1292 5332 inquit,
1345 5261 1507 5314 vestri
1555 5261 1870 5320 memoriam
1924 5269 2147 5327 repeto,

565 5358 732 5412 Deum
761 5355 1019 5424 glas-ilico.
1068 5352 1123 5408 Id
1173 5367 1302 5406 vero
1345 5350 1490 5418 facit,
1534 5350 1674 5421 quod
1715 5351 2004 5404 multorum
2046 5349 2151 5404 illis

567 5451 832 5504 bonorum
855 5446 1100 5501 conscius
1125 5455 1289 5501 esset.
1325 5445 1389 5498 Et
1425 5445 1688 5514 glorifico,
1731 5443 1917 5513 inquit,
1947 5452 2000 5496 et
2034 5458 2152 5512 pre-

561 5555 678 5595 cor.
708 5538 822 5592 Non
847 5539 1011 5602 enim,
1045 5537 1291 5607 quoniam
1324 5535 1536 5590 virtutis
1574 5535 1712 5588 viam
1744 5534 1969 5603 ingressi
1997 5532 2147 5599 estis,

563 5633 726 5686 finem
755 5631 1002 5700 precandi
1044 5647 1140 5700 pro
1167 5629 1318 5684 vobis
1346 5629 1502 5692 facio,
1537 5626 1631 5681 sed
1663 5632 1845 5695 persto
1889 5625 2064 5679 adhuc
2093 5625 2145 5678 in

563 5724 825 5778 oratione.
860 5721 1081 5790 Gratias,
1111 5722 1302 5790 inquit,
1348 5736 1444 5789 ago
1493 5717 1600 5772 Deo
1641 5718 1693 5770 in
1731 5717 1869 5771 omni
1907 5719 2147 5770 memoria

561 5817 711 5872 vestri
747 5817 802 5872 4.
842 5831 1057 5885 semper,
1095 5815 1152 5870 in
1193 5812 1333 5868 omni
1371 5811 1598 5866 oratione
1639 5824 1751 5862 mea
1788 5824 1884 5880 pro
1909 5807 2143 5862 omnibus

1327 377 1386 434 S.
1425 376 1702 435 JOANNIS
1736 375 2207 435 ‘CIIRYSOSTDSU
2250 377 2562 435 ARClllEP.
2603 379 3133 441 CONSTANTINOP.

3730 396 3828 455 ἴθι

2251 495 2388 549 vobis
2407 511 2518 547 cum
2544 497 2730 566 gaudio
2751 499 2900 553 etiam
2919 500 3319 568 deprecationem
3337 505 3549 574 faciens.
3579 506 3794 571 Semper
3809 526 3832 564 .°

2248 603 2354 644 non
2398 590 2593 653 solum,
2624 591 2836 660 quando
2878 607 3084 662 precor.
3143 593 3309 650 Recte
3355 608 3531 651 autem
3581 600 3823 668 addidit,

2247 678 2373 735 Cum
2419 683 2626 750 gaudio.
2671 682 2766 736 Est
2807 686 2949 738 enim
2991 694 3194 740 etcum
3234 702 3466 743 maerore
3510 690 3560 743 id
3613 691 3828 755 facere;

2248 772 2694 841 quemadmodum
2722 773 2848 828 alibi
2877 774 3026 841 dicit,
3061 774 3195 830 Nam
3222 795 3286 831 ea:
3321 781 3477 832 multa
3509 781 3840 835 tribulatione

2249 870 2296 914 et
2331 863 2565 931 angustia
2599 864 2765 916 cordis
2804 865 2986 933 scripsi
3022 866 3160 918 vobis
3198 883 3287 936 per
3334 870 3519 922 multas
3556 869 3825 942 lacryntas.

2249 951 2419 1023 Super
2459 955 2908 1009 communicatione
2942 966 3126 1023 vestra,
3161 957 3350 1026 inquit,
3379 960 3432 1012 in
3461 963 3775 1032 evangelium
3797 978 3832 1016 α

2249 1043 2414 1108 prima
2444 1043 2528 1098 die
2555 1060 2708 1115 usque
2732 1062 2864 1098 nunc
2892 1045 2969 1116 (2.
3001 1046 3120 1105 Cor.
3150 1049 3204 1100 2.
3234 1050 3311 1119 4).

2319 1135 2374 1188 2.
2415 1135 2660 1205 Magnum
2693 1137 2942 1206 quiddam
2975 1148 3076 1206 est,
3104 1141 3171 1196 de
3197 1157 3302 1211 quo
3331 1143 3434 1196 illis
3464 1145 3827 1203 testimonium

2247 1225 2350 1282 hoc
2380 1228 2499 1280 loco
2528 1227 2637 1292 dat,
2683 1238 2738 1282 et
2779 1229 2928 1283 valde
2971 1246 3240 1300 magntun,
3287 1234 3537 1302 quodque
3569 1239 3829 1305 apostolis

2247 1327 2303 1373 et
2339 1318 2676 1388 evangelistis
2725 1319 2839 1373 dari
2871 1320 3107 1374 solitum.
3143 1321 3257 1375 Non
3296 1326 3545 1391 quoniam
3585 1341 3712 1393 una,
3744 1328 3827 1382 in-

2247 1409 2380 1478 quit,
2414 1410 2602 1464 civitas
2635 1410 2785 1463 vobis
2815 1412 3184 1466 commendata
3214 1428 3276 1468 ac
3305 1414 3508 1468 credita
3537 1426 3638 1483 est,
3684 1419 3827 1472 illam

2249 1502 2414 1557 solam
2438 1503 2675 1566 curatis;
2704 1502 2798 1556 sed
2839 1503 2969 1556 nihil
3005 1505 3272 1570 omittitis,
3309 1513 3365 1559 ut
3402 1507 3645 1561 laborum
3676 1525 3827 1565 meo-

2248 1607 2364 1647 rum
2395 1593 2680 1662 participes
2723 1595 2860 1659 sitis,
2904 1593 3098 1662 ubique
3144 1605 3456 1664 prmsentcs,
3486 1609 3826 1670 vestramque

2247 1698 2464 1753 Operam
2495 1698 2558 1738 ac
2584 1683 2912 1754 diligentiam
2957 1701 3059 1739 una
3099 1701 3307 1741 mecum
3352 1689 3404 1742 in
3450 1689 3827 1758 prtedicatione

2249 1775 2574 1830 collocantes
2603 1793 2616 1829 :
2649 1792 2752 1830 nou
2780 1777 2967 1841 semel,
2994 1778 3140 1833 bisve
3167 1787 3258 1831 aut
3284 1788 3384 1845 tcr,
3413 1779 3505 1836 sed
3531 1797 3744 1851 semper
3763 1799 3826 1836 ex

2249 1881 2315 1920 eo
2359 1877 2619 1936 tempore,
2667 1881 2772 1936 quo
2816 1867 3138 1932 credidistis,
3188 1884 3355 1938 usque
3397 1870 3463 1922 ad
3507 1873 3647 1926 lmuc
3685 1872 3825 1925 diem

2251 1955 2612 2025 apostolorum
2646 1958 2802 2026 plane
2830 1957 3065 2011 studium
3092 1967 3251 2028 atque
3278 1960 3604 2015 alacritatem
3631 1977 3830 2031 repue-

2251 2049 2523 2102 sentastis.
2558 2047 2689 2103 Vide
2717 2063 2810 2103 eos
2839 2049 3075 2118 quidem,
3099 2050 3189 2119 qui
3218 2051 3402 2106 Roma:
3428 2063 3597 2118 erant,
3639 2055 3706 2109 ab
3737 2057 3828 2109 illo

2251 2150 2371 2192 sese
2399 2136 2694 2203 avertisse;
2727 2139 2849 2193 audi
2880 2140 3022 2193 enim
3051 2140 3200 2195 illum
3227 2142 3490 2198 dicentem
3523 2164 3536 2198 :
3562 2146 3678 2199 Scis
3709 2147 3823 2210 hoc,

2250 2228 2387 2298 quod
2414 2228 2577 2282 aversi
2602 2240 2719 2283 sunt
2738 2246 2768 2282 a
2799 2246 2877 2284 me
2902 2247 3089 2288 omnes.
3122 2233 3210 2302 qui
3239 2234 3290 2285 in
3317 2235 3438 2287 Asia
3467 2246 3616 2300 sunt;
3646 2246 3698 2290 et
3720 2254 3828 2291 rur-

2251 2333 2364 2386 sus,
2395 2319 2585 2373 Demus
2603 2335 2682 2374 me
2701 2322 2939 2387 reliquit;
2969 2331 3042 2387 et,
3073 2321 3138 2376 In
3174 2325 3337 2391 prima
3373 2342 3482 2380 mea
3519 2327 3825 2397 defensione,

2253 2410 2442 2482 inquit,
2467 2431 2615 2468 nemo
2643 2414 2764 2467 ntihi
2789 2415 2954 2484 adfuit
2983 2415 3057 2486 (2.
3092 2415 3222 2469 Tim.
3250 2418 3300 2470 ί.
3332 2418 3418 2472 i5.
3457 2429 3504 2471 et
3527 2421 3580 2473 4.
3615 2421 3670 2475 9.
3697 2419 3788 2490 16)
3812 2437 3826 2483 ;

2254 2501 2352 2556 ltus
2377 2513 2555 2556 autem
2585 2504 2744 2558 etiam
2775 2519 2895 2559 cum
2921 2506 3160 2572 aberant,
3193 2507 3332 2562 illius
3357 2509 3456 2564 sibi
3497 2508 3828 2565 incommoda

2252 2597 2552 2650 communia
2597 2597 2855 2653 duxisse:
2888 2600 3083 2670 quippe
3124 2615 3246 2654 cum
3276 2610 3329 2655 et
3370 2613 3546 2656 certos
3586 2602 3830 2660 homines

2252 2686 2316 2738 ad
2363 2687 2508 2740 illutn
2559 2689 2852 2756 mitterent,
2884 2701 2938 2744 et
2973 2705 3069 2759 pro
3114 2691 3314 2746 viribus
3356 2708 3474 2763 qua:
3518 2709 3652 2764 opus
3678 2706 3834 2751 erant

2253 2781 2738 2848 subministrarent,
2769 2784 3092 2854 omninoque
3131 2785 3263 2839 nihil
3301 2786 3626 2841 omitterent.
3660 2789 3834 2856 Atque

2255 2871 2357 2926 hoc
2398 2871 2588 2939 facitis,
2638 2875 2828 2945 inquit,
2859 2891 2964 2930 non
3003 2876 3174 2930 solum
3219 2893 3376 2942 nunc,
3411 2879 3505 2932 sed
3549 2889 3825 2948 perpetuo,

2254 2965 2398 3018 omni
2427 2967 2634 3021 ratione
2678 2967 2974 3022 subsidium
3011 2968 3314 3024 afferentes.
3357 2971 3498 3040 Ergo
3534 2973 3829 3027 subsidium

2255 3055 2414 3121 ferre,
2451 3059 2549 3112 hoc
2574 3069 2656 3114 est
2681 3061 3091 3114 communicatio
3134 3061 3184 3114 in
3224 3063 3579 3130 evangelium.
3623 3064 3830 3118 Etenim

2255 3149 2466 3218 quando
2507 3149 2594 3203 ille
2637 3151 2848 3220 quidem
2889 3152 3157 3220 praedicat,
3201 3159 3255 3205 tu
3287 3167 3415 3206 vero
3453 3153 3827 3223 prmdicautem

2256 3238 2402 3294 foves
2431 3250 2480 3294 et
2511 3241 2762 3309 adjuvas;
2803 3241 2944 3296 illius
2973 3257 3184 3296 coronae
3215 3257 3525 3300 communes
3552 3245 3643 3299 tibi
3675 3245 3822 3300 ftuut.

2254 3332 2386 3387 Nam
2403 3343 2456 3386 et
2481 3335 2532 3388 in
2560 3337 2801 3389 externis
2825 3335 3204 3391 certaminibus
3223 3351 3328 3391 non
3353 3335 3417 3392 ad
3448 3336 3594 3392 illum
3627 3346 3832 3394 tantum

2254 3425 2344 3495 qui
2371 3433 2539 3479 certat
2565 3440 2762 3479 corona
2792 3426 3044 3496 pertinet,
3075 3425 3170 3482 sed
3187 3427 3349 3482 etiam
3367 3427 3432 3481 ad
3463 3426 3830 3498 pedotribam,

2253 3526 2308 3571 et
2340 3515 2404 3570 ad
2446 3515 2771 3582 ministrum,
2823 3516 3154 3586 omninoque
3196 3517 3264 3572 ad
3309 3531 3497 3574 omnes
3537 3519 3678 3585 illos,
3710 3521 3832 3592 qni-

2255 3623 2483 3678 cumque
2512 3607 2767 3663 athletam
2797 3608 3161 3665 instituerunt.
3193 3608 3402 3665 Etenim
3423 3612 3512 3681 qui
3539 3611 3684 3666 illum
3705 3626 3835 3665 con-

2257 3702 2490 3767 firmant,
2519 3715 2582 3755 ac
2610 3708 2874 3767 recreant,
2902 3715 2996 3756 eos
3033 3701 3268 3756 victoria:
3305 3716 3517 3772 quoque
3548 3703 3834 3772 participes

2255 3793 2369 3847 fieri
2400 3806 2605 3862 mquam
2631 3801 2732 3846 est.
2766 3791 2948 3846 itidem
2977 3806 3106 3846 vero
3139 3793 3192 3846 in
3231 3791 3381 3848 bellis
3422 3808 3529 3847 non
3557 3794 3703 3847 solus
3741 3794 3834 3851 ille

2256 3887 2345 3955 qui
2375 3885 2690 3955 praeclarum
2735 3882 2945 3939 facinus
2972 3882 3158 3949 edidit,
3199 3884 3293 3940 sed
3334 3899 3520 3940 omnes
3553 3885 3714 3940 etiam
3743 3890 3834 3956 qui

2254 3979 2302 4032 ei
2334 3978 2516 4032 utilem
2551 3991 2768 4046 Operam
2799 3975 3084 4042 dederunt,
3131 3991 3235 4032 non
3276 3976 3464 4046 injuria
3493 3978 3558 4032 ad
3593 3987 3829 4047 ιτοῃωο-

2255 4085 2374 4124 rum
2403 4068 2699 4139 glorithue
2731 4080 2934 4136 partem
2966 4078 3224 4123 vocantur
3252 4087 3265 4123 :
3299 4069 3518 4139 perinde
3545 4087 3606 4125 ac
3633 4071 3676 4125 si
3705 4071 3829 4126 dili-

2253 4175 2387 4229 gens
2423 4160 2510 4214 illa
2550 4175 2737 4228 opera,
2767 4168 2820 4214 et
2849 4160 3198 4214 ministerium
3231 4175 3352 4229 pars
3381 4160 3622 4229 quaedam
3653 4176 3714 4214 ac
3742 4175 3834 4214 so-

2255 4254 2421 4307 cietas
2446 4253 2753 4307 certaminis
2782 4251 2962 4306 fuerit.
2993 4252 3150 4321 Atqui
3180 4253 3379 4306 sanctis
3407 4253 3686 4317 inservire,
3727 4269 3832 4306 non

2258 4359 2475 4412 parvum
2502 4342 2754 4412 quiddam
2785 4351 2887 4407 est,
2917 4341 3009 4397 sed
3042 4343 3263 4396 multum
3285 4345 3504 4397 omnino
3533 4344 3673 4398 valet
3700 4362 3714 4398 :
3738 4361 3836 4399 no-

2257 4436 2339 4491 bis
2379 4435 2520 4490 enim
2559 4448 2878 4489 communes
2919 4433 3042 4487 facit
3077 4435 3340 4503 repositas
3384 4434 3488 4488 illis
3533 4434 3830 4489 mercedes.

2257 4525 2501 4595 Exempli
2530 4539 2712 4590 causa,
2745 4523 2978 4593 profudit
3015 4523 3275 4594 quispiam
3312 4539 3554 4593 magnam
3595 4525 3835 4593 pecunia:

2257 4617 2364 4673 vim
2388 4625 2603 4687 propter
2631 4617 2819 4678 Deum,
2848 4615 3058 4670 assidue
3084 4615 3322 4669 adhaeret
3345 4616 3471 4681 Deo,
3496 4617 3703 4670 eximite
3731 4617 3835 4669 viro

2259 4710 2387 4763 tutis
2414 4706 2604 4763 officiis
2640 4706 2894 4776 fungitur,
2924 4720 3170 4775 magnant
3200 4705 3460 4760 adhibens
3485 4706 3832 4776 diligentiam,

2259 4813 2326 4854 ne
2364 4797 2448 4852 vel
2478 4798 2530 4850 in
2559 4796 2736 4851 verbis
2763 4805 2853 4850 aut
2887 4795 3299 4865 cogitationibus
3339 4795 3490 4864 ipsis,
3531 4795 3704 4849 ullave
3732 4795 3834 4848 alia

2258 4905 2318 4945 re
2344 4889 2556 4945 labatur
2583 4905 2597 4942 :
2625 4889 2678 4942 in
2705 4897 2791 4942 tua
2821 4902 2981 4941 manu
3001 4895 3101 4951 est,
3129 4887 3374 4957 quamvis
3400 4886 3730 4942 tantumdem
3751 4872 3834 4941 di-

2259 4981 2492 5052 ligentiae
2521 4996 2625 5035 non
2653 4979 2981 5042 adhibueris,
3011 4980 3277 5048 repositas
3300 4978 3377 5033 illi
3405 4994 3502 5048 pro
3533 4989 3612 5034 tot
3635 4978 3830 5034 labori-

2260 5074 2362 5127 bus
2395 5070 2672 5126 mercedes
2699 5084 3012 5124 communes
3056 5070 3158 5123 tibi
3191 5067 3386 5124 facere.
3425 5068 3745 5138 Quomodo?
3779 5067 3838 5124 Si

2259 5165 2409 5218 illum
2434 5177 2597 5219 cures
2625 5159 2917 5230 levatisque
2943 5171 2998 5215 et
3022 5174 3272 5215 sermone
3299 5168 3356 5215 et
3383 5162 3591 5229 reipsa;
3621 5161 3667 5214 si
3704 5175 3836 5215 con-

2257 5255 2449 5311 soleris
2475 5267 2596 5309 eum
2622 5249 2968 5322 suppeditans
2992 5253 3318 5316 necessaria,
3349 5249 3534 5304 tumin
3564 5249 3710 5304 omni
3733 5249 3836 5303 mi-

2258 5347 2480 5401 nisterio
2526 5345 2870 5400 inserviens:
2905 5353 2960 5398 tu
3001 5344 3142 5398 enim
3186 5346 3229 5396 is
3266 5345 3408 5406 eris,
3450 5344 3541 5413 qui
3589 5359 3835 5414 asperant

2259 5440 2400 5494 illam
2426 5440 2565 5492 viam
2597 5437 2886 5491 faciliorem
2922 5435 3021 5500 ipsi
3049 5434 3231 5489 facies.
3261 5435 3641 5502 Quamobrem,
3669 5437 3712 5488 si
3739 5435 3836 5488 ad-

2257 5531 2525 5587 miramini
2552 5529 2672 5583 illos
2699 5528 2789 5598 qui
2809 5527 2859 5580 in
2879 5542 3062 5582 eremo
3086 5528 3287 5590 vivunt,
3308 5528 3398 5596 qui
3427 5529 3550 5581 vitat
3577 5528 3837 5581 rationem

2256 5621 2413 5694 plane
2442 5619 2738 5690 angelicam
2769 5626 3141 5686 susceperunt,
3171 5617 3259 5687 qui
3293 5619 3346 5672 in
3379 5619 3630 5672 Ecclesiis
3651 5620 3837 5672 eadem

2253 5727 2413 5785 atque
2446 5713 2521 5768 illi
2565 5712 2775 5767 virtutis
2815 5711 3016 5766 obeunt
3061 5727 3280 5764 munera
3327 5728 3344 5765 ι
3391 5711 3434 5766 si
3473 5711 3808 5765 admiramini

2258 5805 2499 5877 inquam,
2536 5818 2601 5860 ac
2624 5802 2818 5859 doletis
2855 5811 2960 5858 tam
3001 5801 3160 5874 longo
3191 5816 3284 5858 vos
3314 5802 3596 5858 intervallo
3635 5801 3704 5856 ab
3736 5803 3839 5856 illis
