4170 6496
329 387 436 450 133

324 501 601 577 Τιμοθέου
630 498 788 556 αὐτοὶ
819 499 1104 571 κρείττους
1123 514 1138 528 ·
1170 499 1353 570 ἄπαγε
1374 517 1389 532 ·
1418 500 1555 555 ἀλλά
1605 501 1808 572 μᾶλλον
1844 503 1927 556 ὅτι

326 597 536 660 αὐτοὺς
591 594 731 665 τιμᾷ
777 592 874 646 καὶ
930 591 1225 664 θεραπεύει
1279 593 1518 664 μάλιστα
1574 597 1812 660 πάντων,
1846 591 1929 660 οἷς

319 688 623 745 ἐπέστελλε
642 704 657 719 ·
697 686 793 741 καὶ
814 684 925 754 γάρ
950 684 1048 739 καὶ
1080 684 1286 755 πολλὴν
1314 687 1501 751 αὐτοῖς
1546 687 1752 758 ἀρετὴν
1784 705 1928 759 μαρ-

317 779 726 854 τυρεῖ.Ἀλλως
754 778 835 844 δὲ,
862 779 979 831 ἐκεῖ
1007 777 1107 848 μὲν
1136 774 1260 831 οὖν·
1288 777 1483 848 ἔμελλε
1516 779 1689 833 πολλὰ
1716 780 1935 835 διατάτ-

318 876 537 940 τεσθαι,
563 874 655 927 διὰ
686 870 847 927 τοῦτο
880 871 1115 926 ἀνέλαϐε
1142 871 1203 925 τὸ
1232 870 1328 925 τοῦ
1360 872 1664 927 ἀποστόλου
1692 870 1928 945 ἀξίωμα·

322 966 565 1021 ἐνταῦθα
594 965 653 1019 δὲ
680 964 963 1017 ἐπιτάττει
998 962 1098 1033 μέν
1122 962 1309 1026 αὐτοῖς
1334 962 1510 1027 ούδέν,
1545 963 1686 1035 πλὴν
1715 964 1817 1017 ὅσα
1840 964 1935 1017 καὶ

322 1063 419 1133 ἀφ’
450 1059 666 1117 ἐαυτῶν
700 1057 1013 1129 συνεώρων.
1044 1056 1178 1124 Τοῖς
1202 1057 1401 1126 ἁγίοις
1438 1057 1510 1111 ἐν
1545 1056 1783 1126 Χριστῷ
1818 1058 1935 1124 Ἰη-

325 1154 445 1211 σοῦ
473 1154 602 1220 τοῖς
641 1148 828 1207 οὖσιν
854 1151 924 1204 ἐν
946 1150 1290 1216 Φιλίπποις.
1311 1150 1532 1219 Ἐπειδὴ
1565 1150 1712 1214 εἰκὸς
1741 1145 1809 1221 ἦν
1833 1149 1932 1203 καὶ

338 1246 632 1309 Ἰουδαίους
681 1243 874 1313 ἁγίους
924 1243 1154 1304 ἑαυτοὺς
1193 1241 1380 1296 καλεῖν
1412 1241 1521 1295 ἀπὸ
1567 1241 1663 1294 τοῦ
1711 1239 1932 1311 πρώτου

323 1337 609 1412 χρησμοῦ,
642 1336 808 1406 ἡνίκα
833 1333 1085 1402 ἐλέγοντο
1113 1332 1245 1395 λαὸς
1281 1333 1457 1401 ἆγιος,
1489 1331 1825 1403 περιούσιος,
1845 1332 1934 1386 διὰ

320 1430 487 1485 τοῦτο
537 1428 851 1501 προσέθηκε
880 1470 893 1493 ,
925 1425 1054 1493 Τοῖς
1079 1426 1274 1495 ἁγίοις
1314 1425 1384 1479 ὲν
1426 1423 1663 1493 Χριστῷ
1701 1424 1930 1493 Ἰησοῦ.

320 1512 489 1576 Οὗτοι
522 1521 635 1592 γὰρ
662 1517 815 1591 μόνοι
854 1517 1022 1587 ἀγιοι,
1060 1517 1260 1573 ἐκεῖνοι
1288 1516 1346 1571 δέ
1375 1515 1565 1571 λοιπὸν
1602 1516 1842 1588 βέϐηλοι.

395 1675 890 1759 Συνεπισκόποις
934 1692 1030 1748 καί
1068 1692 1394 1762 διακόνοις.
1433 1693 1498 1747 Τί
1552 1690 1751 1761 τοῦτο;
1805 1692 1935 1764 μιᾶς

324 1789 539 1853 πόλεως
562 1788 750 1842 πολλοί⁵
770 1786 1063 1841 ἐπίσκοποι
1084 1784 1242 1859 [195]
1264 1782 1437 1859 ἧσανς
1470 1785 1739 1858 Οὐδαμῶς
1758 1802 1772 1817 ·
1796 1784 1934 1840 ἀλλά

320 1881 457 1944 τοὺς
508 1878 918 1952 πρεσϐυτέρους
966 1876 1142 1942 οὕτως
1189 1877 1441 1933 ἐκάλεσε.
1475 1878 1610 1932 Τότε
1643 1877 1754 1951 γάρ
1792 1877 1932 1940 τέως

325 1970 655 2027 ἐκοινώνουν
701 1973 815 2034 τοῖς
866 1972 1118 2041 ὀνόμασι,
1146 1972 1242 2026 καὶ
1283 1971 1532 2034 διάκονος
1565 1971 1595 2025 ό
1633 1969 1932 2034 ἐπίσκοπος

330 2066 577 2133 ἐλέγετο.
604 2066 697 2119 Διά
724 2065 884 2118 τοῦτο
913 2066 1143 2135 γράφων
1176 2065 1270 2119 καὶ
1299 2063 1552 2135 Τιμοθέῳ
1584 2063 1738 2133 ἔλεγε
1762 2079 1777 2095 ·
1814 2062 1934 2131 Τὴν

329 2156 649 2213 διακονίαν
708 2172 826 2209 σου
878 2157 1388 2225 πληροφόρησον·
1446 2154 1735 2224 ἐπισκόπῳ
1792 2153 1928 2208 ὄντι.

328 2248 457 2301 Ὅτι
502 2248 609 2318 γάρ
654 2247 955 2311 ἐπίσκοπος
996 2243 1085 2318 ἦν,
1120 2248 1255 2318 φησὶ
1305 2246 1444 2318 πρὸς
1490 2247 1675 2310 αὑτὸν,
1708 2246 1920 2315 Χεῷας

318 2341 556 2410 ταχέως
584 2340 801 2409 μηδενί
834 2340 1120 2395 ἐπιτίθει·
1155 2341 1253 2394 καὶ
1287 2339 1449 2393 πάλιν
1470 2357 1483 2370 ·
1528 2341 1598 2392 Ὃ
1620 2340 1801 2408 ἐδόθη
1832 2356 1933 2393 σοι

311 2433 473 2504 μετὰ
508 2432 839 2500 ἐπιθέσεως
889 2431 1009 2485 τῶν
1058 2430 1276 2501 χειρῶν
1322 2430 1431 2485 τοῦ
1458 2430 1927 2499 πρεσϐυτερίου·

317 2526 422 2579 οὐκ
452 2524 520 2580 ἂν
551 2524 609 2578 δέ
636 2523 1002 2596 πρεσϐύτεροι
1030 2523 1330 2576 ἐπίσκοπον
1356 2523 1796 2594 ἐχειροτόνησαν.
1821 2521 1932 2574 Καὶ

318 2617 489 2672 πάλιν
522 2616 661 2687 πρὸς
690 2616 852 2670 Τίτον
884 2614 1116 2687 γράφων
1146 2614 1281 2683 φησί
1306 2630 1320 2643 ·
1345 2614 1567 2669 Τούτου
1591 2611 1770 2683 χάριν
1792 2628 1931 2665 κατ-

311 2710 540 2764 έλιπον
560 2724 637 2762 σε
664 2708 735 2762 ἐν
759 2706 987 2777 Κρήτῃ,
1009 2708 1114 2761 ἵνα
1141 2705 1542 2773 καταστήσῃς
1570 2704 1722 2759 κατὰ
1747 2705 1933 2758 πόλιν

312 2799 807 2871 πρεσϐυτέρους,
846 2799 928 2865 ὡς
972 2797 1088 2869 ἐγώ
1129 2814 1230 2853 σοι
1276 2794 1678 2865 διεταξάμην·
1732 2795 1791 2848 ει
1841 2812 1932 2862 τις

313 2894 723 2965 ἀνέγκλητος,
753 2890 895 2962 μιᾶς
923 2892 1207 2962 γυναικὸς
1229 2890 1418 2960 ἀνήρ·
1456 2889 1493 2944 ἃ.
1529 2890 1662 2960 περὶ
1692 2888 1786 2942 106
1812 2890 1932 2942 ἐπι-

317 2991 529 3046 σκόπου
559 2990 716 3064 φησί.
742 2990 855 3043 Καὶ
876 2987 1046 3042 εἰπὼν
1072 2987 1267 3053 ταῦτα,
1296 2987 1501 3051 εὐθέως
1524 2986 1779 3058 ἐπήγαγε
1796 3003 1810 3016 ·
1833 2983 1938 3038 Δεῖ

315 3086 434 3153 γὰρ
476 3084 591 3138 τὸν
625 3084 973 3138 ἐπίσκοπον
1014 3081 1398 3150 ἀνέγκλητον
1439 3079 1614 3143 εἶναι,
1645 3079 1726 3145 ὡς
1777 3077 1930 3133 Θεοῦ

314 3179 666 3247 οίκονόμον,
716 3174 804 3246 μὴ
855 3170 1113 3243 αὐθάδη.
1141 3174 1321 3245 Ὅπερ
1377 3167 1471 3227 οὗν
1524 3171 1683 3241 ἔφην,
1728 3171 1822 3225 καὶ
1880 3171 1930 3222 οἰ

314 3269 691 3343 πρεσϐύτεροι
741 3267 803 3321 τὸ
854 3266 1085 3321 παλαιὸν
1144 3264 1438 3320 ἐκαλοῦντο
1491 3265 1783 3319 ἐπίσκοποι
1835 3263 1930 3318 καὶ

312 3364 566 3418 διάκονοι
595 3361 691 3416 106
726 3359 991 3432 Χριστοῦ,
1017 3360 1113 3414 καὶ
1134 3361 1183 3413 οἱ
1215 3360 1507 3413 ἐπίσκοποι
1537 3356 1927 3430 πρεσϐύτεροι·

314 3454 447 3511 ὅθεν
480 3456 577 3510 καὶ
602 3454 700 3508 νῦν
728 3453 916 3507 πολλοὶ
958 3450 1437 3523 συμπρεσϐυτέρῳ
1467 3450 1761 3505 ἐπίσκοποι
1794 3448 1931 3521 γρά-

314 3565 508 3618 φουσι,
545 3548 642 3601 καὶ
673 3544 1028 3615 συνδιακόνῳ.
1056 3543 1259 3596 Λοιπὸν
1289 3543 1345 3597 δὲ
1382 3542 1443 3596 τὸ
1477 3540 1678 3605 ἰδιάζον
1706 3541 1926 3610 ἑκάστῳ

314 3639 735 3711 ἀπονενέμηται
763 3638 957 3707 ὄνομα,
988 3638 1017 3690 ό
1041 3635 1367 3699 ἐπίσκοπος⁹
1400 3634 1497 3688 καὶ
1548 3636 1578 3687 ό
1630 3632 1932 3704 πρεσϐύτε-

318 3751 439 3807 ρος.
487 3731 996 3796 Συνεπισκόποις,
1040 3729 1198 3801 φησὶ,
1248 3727 1348 3782 καί
1388 3726 1712 3792 διακόνοις,
1759 3723 1932 3794 χάρις

315 3827 468 3899 ὑμῖν
498 3825 599 3880 καὶ
620 3823 834 3893 εἰρήνη
863 3822 984 3878 ἀπὸ
1021 3821 1173 3876 Θεοῦ
1208 3820 1440 3889 Πατρὸς
1472 3816 1645 3887 ἡμῶν
1674 3816 1773 3871 καί
1812 3820 1932 3871 Κυ-

308 3923 456 3992 ρίου
489 3917 702 3989 Ἰησοῦ
751 3914 1035 3986 Χριστοῦ.
1067 3913 1336 3968 Ἐνταῦθα
1390 3911 1681 3982 ζητήσειεν
1730 3908 1797 3963 ἄν
1849 3926 1935 3973 τις

317 4014 571 4077 εἰκότως·
605 4012 672 4065 Τί
700 4010 899 4080 δήποτε
928 4004 1169 4078 οὐδαμοῦ
1198 4003 1278 4075 τῷ
1303 4004 1491 4076 κλήρῳ
1515 4003 1741 4075 γράφων
1772 4001 1937 4056 ἀλλα·

318 4105 447 4177 χοῦ,
479 4104 583 4157 οὐκ
609 4105 667 4156 ἐν
699 4099 910 4171 Ῥώμῃ,
938 4098 1038 4152 οὐκ
1072 4100 1130 4151 ἐν
1170 4095 1447 4166 Κορίνθῳ,
1469 4094 1570 4148 οὐκ
1601 4096 1659 4149 ἐν
1694 4094 1929 4164 Ἐφέσῳ,

317 4197 460 4253 ἀλλά
494 4196 650 4265 κοινῇ
699 4194 833 4246 πᾶσι
864 4192 975 4254 τοῖς
1017 4189 1216 4258 ἀγίοις,
1254 4187 1287 4258 ἢ
1322 4188 1434 4250 τοῖς
1482 4187 1719 4250 πιστοῖς,
1752 4185 1785 4257 ἢ
1820 4180 1934 4249 τοῖς

318 4288 729 4361 ἠγαπημένοις,
755 4283 990 4339 ἐνταῦθα
1018 4282 1098 4354 τῷ
1121 4281 1314 4352 κλήρῳ
1345 4279 1585 4351 γράφεις
1619 4280 1743 4333 Ὀτι
1775 4279 1934 4333 αὐτοὶ

318 4381 423 4436 καὶ
449 4376 807 4440 ἀπέστειλαν,
832 4374 929 4428 καὶ
956 4370 1445 4445 ἐκαρποφόρησαν,
1465 4370 1562 4422 καὶ
1581 4368 1737 4422 αὐτοὶ
1761 4367 1934 4440 επεμ-

317 4475 432 4545 ψαν
467 4470 607 4542 πρὸς
638 4468 804 4524 αὐτὸν
844 4467 936 4521 τὸν
977 4463 1392 4535 Ἐπαφρόδιτον.
1445 4459 1805 4530 Εὐχαριστῶ
1850 4460 1934 4527 τῷ

321 4563 451 4631 Θεῷ
478 4579 623 4634 μου,
659 4560 846 4631 φησιν,
872 4556 972 4611 ἐπὶ
1015 4555 1187 4623 πάσῃ
1242 4552 1318 4623 τῇ
1352 4552 1534 4623 μνείᾳ
1580 4552 1747 4623 ὑμῶν
1779 4551 1933 4606 πάν-

318 4671 480 4713 τοτε.
518 4647 687 4708 Εῐπεν
718 4647 954 4719 ἀλλαχοῦ
984 4645 1245 4719 γράφων·
1285 4645 1573 4701 Πείθεσθε
1602 4643 1730 4712 τοῖς
1762 4645 1935 4714 ἡγου·

313 4747 533 4818 μένοις
560 4741 730 4813 ὑμῶν
750 4741 850 4797 καί
878 4740 1181 4803 ὑπείκετε,
1206 4737 1297 4791 ὅτι
1314 4736 1484 4791 αὐτοί
1511 4735 1935 4807 ἀγρυπνοῦσιν

318 4839 481 4910 ὑπὲρ
515 4836 639 4893 τῶν
678 4834 900 4906 ψυχῶν
932 4831 1124 4903 ὑμῶν,
1156 4831 1237 4897 ὠς
1268 4830 1458 4900 λόγον
1487 4828 1932 4895 ἀποδώσοντες,

318 4937 428 4989 ἵνα
449 4930 606 5004 μετὰ
640 4928 834 5000 χαρᾶς
867 4926 1046 4985 τοῦτο
1085 4923 1327 4985 ποιῶσι.
1352 4924 1451 4979 καί
1482 4923 1570 4995 μὴ
1611 4922 1936 4985 στενάζον-

319 5045 447 5095 τες.
481 5027 547 5080 Εἰ
576 5023 759 5079 τοίνυν
806 5022 871 5076 τὸ
916 5019 1220 5085 στενάζειν,
1257 5019 1461 5083 κακίας
1503 5017 1614 5071 τῶν
1644 5016 1932 5088 μαθητῶν,

317 5122 383 5174 τὸ
441 5117 584 5190 μετά
632 5116 811 5187 χαρᾶς
860 5112 1019 5167 τοῦτο
1070 5114 1268 5176 ποιεῖν,
1296 5110 1604 5183 προκοπῆς.
1635 5109 1809 5163 Τοῦτο
1839 5104 1935 5162 οὖν

317 5217 496 5274 ἐστιν,
517 5212 546 5265 ὂ
566 5211 750 5278 λέγει·
788 5207 1014 5271 Ὁσάκις
1045 5206 1201 5277 ὑμῶν
1227 5203 1584 5275 ἀναμνησθῶ,
1605 5203 1817 5268 δοξάζω
1841 5201 1935 5255 τὸν

317 5306 482 5359 Θεόν.
513 5302 686 5357 Τοῦτο
711 5302 769 5355 δέ
801 5298 948 5354 ποιεῖ
977 5301 1043 5353 ἐκ
1085 5297 1180 5352 106
1216 5295 1387 5350 πολλά
1415 5295 1600 5359 αὐτοῖς
1631 5294 1934 5349 συνειδέναι

316 5396 529 5466 ἀγαθά.
549 5396 659 5450 Καὶ
683 5393 914 5460 δοξάζω,
944 5392 1099 5463 φησὶ,
1124 5391 1218 5444 καὶ
1243 5389 1459 5460 δέομαι.
1479 5388 1554 5442 Ού
1589 5391 1721 5459 μὴν,
1744 5387 1934 5458 ἐπειδὴ

316 5487 696 5544 ἐπιδεδώκατε
729 5488 811 5548 εἰς
837 5484 1063 5557 ἀρετὴν,
1100 5481 1373 5553 παύομαι,
1401 5481 1517 5537 ἀλλ’
1547 5480 1795 5552 ἐπιμένω
1816 5479 1933 5534 δεό-

322 5599 491 5657 μενος
532 5582 679 5653 ὑπὲρ
730 5579 907 5651 ὑμῶν.
950 5575 1327 5649 Εὐχαριστῶ,
1365 5576 1523 5648 φησί,
1553 5575 1635 5641 τῷ
1675 5573 1797 5641 Θεῷ
1832 5573 1935 5629 ἐπὶ

385 5807 414 5839 ⁸
437 5801 644 5858 Coislin.
672 5802 772 5853 ἐκεῖ
796 5802 966 5865 μένων,
992 5813 1105 5865 quae
1138 5796 1292 5849 lectio
1322 5811 1416 5849 non
1446 5797 1739 5863 spernenda.
1790 5797 1934 5849 Alius

318 5875 376 5921 cl
402 5882 561 5933 marg.
601 5867 780 5925 Savil.,
799 5863 909 5913 ἳκιῖ
934 5864 1017 5927 μὲν
1052 5863 1155 5927 γάρ.

1270 381 1336 441 IN
1369 382 1593 441 EPIS'I‘.
1625 382 1717 437 AD
1759 379 2051 438 PIIILIPP.
2094 381 2247 439 CAP.
2281 382 2323 437 1.
2367 380 2605 438 IIOMIL.
2645 383 2685 437 1.

3546 383 3648 438 184

2046 499 2218 567 πάσῃ
2248 497 2321 566 τῇ
2348 499 2531 569 μνείᾳ
2570 496 2758 567 ὑμῶν.
2802 496 3091 563 Πάντοτε,
3119 496 3188 550 ἐν
3230 512 3401 565 πασῃ
3442 496 3645 565 δεήσει

2036 610 2155 663 μου
2180 591 2338 661 ὑπὲρ
2372 591 2620 645 πάντων
2666 589 2835 659 ὑμῶν
2873 589 3025 659 μετὰ
3066 588 3260 659 χαρᾶς
3288 588 3404 657 τὴν
3432 589 3649 657 δέησιν

2039 682 2420 750 ποιούμενος.
2482 681 2786 743 Πάντοτε,
2828 680 2929 751 οὐχ
2974 682 3105 735 ὅταν
3154 679 3407 752 εύχωμαι
3462 681 3643 752 μόνον.

2043 772 2243 836 Καλῶς
2268 772 2326 825 δὲ
2353 771 2659 844 προσέθηκε
2687 772 2769 837 τὸ,
2810 772 2971 827 Μετὰ
2998 771 3191 843 χαρᾶς
3216 791 3231 806 ·
3263 773 3379 827 ἐστι
3409 773 3520 847 γὰρ
3550 776 3641 829 καῖ

2047 865 2188 937 μετά
2222 863 2403 935 λύπης
2435 864 2595 917 τοῦτο
2626 865 2875 934 ποιῆσαι,
2914 864 2988 930 ὡς
3028 866 3158 918 ὅταν
3200 865 3337 937 λέγῃ
3366 865 3607 937 ἀλλαχοῦ
3631 886 3644 898 ·

2053 958 2150 1010 Ἐκ
2187 956 2297 1027 γὰρ
2341 953 2585 1023 πολλῆς
2635 955 2901 1023 θλίψεως
2934 956 3033 1009 καὶ
3074 956 3356 1026 συνοχῆς
3396 958 3650 1027 καρδίας

2040 1046 2279 1115 ἔγραψα
2300 1045 2444 1113 ὑμῖν
2467 1044 2566 1098 διὰ
2596 1045 2849 1100 πολλῶν
2868 1046 3167 1115 δακρύων.
3185 1051 3310 1103 Ἐπί
3336 1050 3413 1120 τῇ
3440 1069 3649 1105 κοινω-

2038 1140 2142 1207 νίᾳ
2160 1137 2349 1207 ὑμῶν,
2370 1138 2556 1207 φησὶν,
2573 1138 2663 1205 εἰς
2687 1138 3060 1209 Εὑαγγέλιον
3089 1140 3204 1195 ἀπὸ
3234 1142 3472 1212 πρώτης
3496 1142 3644 1213 ἠμέ-

2032 1248 2149 1302 ρας
2172 1231 2352 1302 μέχρι
2382 1230 2490 1285 τοῦ
2514 1230 2654 1287 νῦν.

2114 1428 2180 1499 β’.
2200 1426 2349 1501 [196]
2366 1429 2527 1496 Μέγα
2550 1428 2733 1492 αὐτοῖς
2751 1429 2985 1483 ἐνταῦθα
3005 1432 3296 1502 μαρτυρεῖ·
3315 1430 3412 1502 οὐχ
3428 1431 3641 1499 hac)“

2040 1520 2176 1575 ἀλλά
2212 1522 2307 1575 καὶ
2334 1522 2540 1593 σφόδρα
2568 1521 2730 1591 μέγα,
2763 1522 2858 1575 κιιί⁸
2888 1522 3027 1593 ὅπερ
3052 1522 3116 1576 ἀν
3144 1540 3225 1586 τις
3253 1524 3640 1598 ἐμαρτύρησεν

2038 1613 2359 1677 ἀποστόλοις
2394 1615 2490 1667 καὶ
2523 1614 2964 1683 εὐαγγελισταῖς.
2985 1616 3100 1669 Ούκ
3134 1616 3323 1688 ἐπειδὴ
3352 1616 3460 1689 γάρ
3484 1618 3645 1671 πόλιν

2039 1704 2443 1777 ἐνεχειρίσθητε
2484 1705 2636 1776 μίαν,
2664 1705 2850 1778 φησὶν,
2872 1707 3089 1777 ἐκείνης
3110 1708 3423 1778 φροντίζετε
3451 1710 3641 1780 μόνης.

2037 1797 2176 1851 ἀλλὰ
2204 1798 2387 1853 πάντα
2437 1798 2735 1870 πράττετε,
2770 1798 2915 1854 ὥστε
2954 1801 3212 1872 μερισταὶ
3242 1801 3503 1870 γενέσθαι
3533 1802 3645 1855 τῶν

2038 1889 2189 1959 ἐμῶν
2223 1889 2422 1954 πόνων,
2446 1890 2728 1963 πανταχοῦ
2754 1890 3026 1964 παρόντες
3050 1891 3145 1947 καὶ
3169 1893 3642 1964 συμπράττοντες,

2036 1982 2134 2037 καὶ
2182 1983 2677 2053 ωγκοινωνοῦντές
2725 2002 2827 2056 μου
2878 1984 2957 2055 τῷ
3002 1983 3355 2055 κηρύγματι·
3399 1987 3498 2057 οὐχ
3544 1986 3645 2041 ἕνα

2037 2074 2248 2146 χρόνον,
2285 2075 2406 2129 οὐδὲ
2440 2075 2717 2148 δεύτερον,
2746 2077 2867 2130 οὐδὲ
2904 2078 3111 2149 τρίτον,
3142 2077 3276 2131 άλλά
3322 2078 3553 2132 πάντοτε
3585 2079 3644 2143 ἐξ

2036 2163 2096 2222 οὗ
2128 2167 2489 2222 ἐπιστεύσατε
2517 2169 2681 2241 μέχρι
2713 2170 2806 2224 τοῦ
2832 2170 2948 2235 νῦν,
2974 2171 3289 2225 ἀποστόλων
3311 2172 3643 2243 ἀνειλήφατε

2037 2258 2525 2330 προθυμίαν.”ορα
2550 2259 2667 2324 πῶς
2693 2262 2743 2314 οἰ
2770 2261 2870 2331 μὲν
2898 2264 2956 2315 ἐν
2990 2262 3181 2334 Ῥώμῃ
3206 2261 3358 2325 ὄντες
3379 2264 3646 2335 ἀπεστρέ-

2037 2368 2200 2420 φοντο
2246 2352 2448 2405 αὐτόν·
2499 2352 2663 2407 ἀκουε
2719 2355 2831 2423 γάρ
2888 2353 3055 2406 αὐτοῦ
3110 2353 3404 2421 λέγοντος·
3464 2352 3645 2421 Οἶδας

2036 2445 2239 2509 τοῦτο,
2282 2444 2373 2498 ὅτι
2420 2444 2909 2515 ἀπεστράφησάν
2950 2463 3028 2515 με
3079 2446 3307 2514 πάντες
3350 2450 3406 2501 οὶ
3451 2449 3522 2501 ἐν
3567 2444 3643 2514 τῇ

2050 2537 2229 2606 Ἀσίᾳ
2250 2553 2264 2568 ·
2299 2537 2394 2591 καὶ
2422 2536 2590 2591 πάλιν
2608 2581 2621 2604 ,
2653 2537 2855 2606 Δημᾶς
2885 2555 2963 2607 με
2991 2539 3382 2607 ἐγκατέλιπε·
3416 2540 3529 2604 καὶ,
3549 2541 3651 2594 Ἐν

2035 2628 2114 2697 τῇ
2144 2628 2347 2698 πρώτῃ
2386 2647 2508 2699 μου
2549 2630 2872 2701 ἀπολογίᾳ,
2906 2632 3090 2701 φησὶν.
3117 2632 3320 2699 οὐδείς
3349 2651 3451 2702 μοι
3490 2647 3641 2701 συμ-

2036 2720 2427 2791 παρεγένετο·
2468 2715 2613 2776 οὗτοι
2646 2722 2701 2775 δὲ
2739 2723 2833 2776 καὶ
2868 2724 3101 2786 ἀπόντες
3145 2724 3469 2778 ἐκοινώνουν
3494 2723 3647 2795 αύτῷ
3730 2724 3731 2727 “

2035 2813 2145 2867 τῶν
2176 2811 2427 2883 θλίψεων,
2462 2813 2777 2885 πέμποντές
2817 2832 2876 2867 τε
2918 2814 3119 2888 ἄνδρας
3149 2815 3286 2887 πρὸς
3335 2816 3520 2882 αὐτὸν,
3552 2819 3647 2871 καὶ

2037 2904 2182 2959 κατά
2213 2905 2445 2976 δύναμιν
2478 2904 2936 2977 ὑπηρετούμενοι,
2968 2908 3062 2960 καὶ
3103 2908 3258 2961 ούόἐν
3287 2908 3425 2972 ὅλως
3453 2910 3640 2980 ἐλλιμ-

2038 2996 2324 3060 πάνοντες.
2364 2998 2475 3050 Καὶ
2507 2998 2668 3051 10610
2698 3001 2926 3063 ποιεῖτε,
2959 3000 3021 3052 οὐ
3072 2998 3168 3053 νῦν
3219 3001 3401 3071 μόνον,
3448 3004 3641 3074 φησὶν.

2038 3086 2155 3141 ἀλλ’
2182 3087 2291 3150 ἀεὶ,
2318 3088 2486 3140 παντὶ
2528 3087 2715 3157 τρόπῳ
2752 3089 3558 3163 συναντιλαμϐανόμενοι.Ἀρα
3584 3093 3647 3146 τὸ

2039 3175 2639 3246 συναντιλαμϐάνεσθαι
2666 3177 2923 3229 κοινωνία
2953 3177 3070 3229 ἐστὶ
3096 3178 3177 3240 εἰς
3204 3178 3265 3230 τὸ
3289 3177 3641 3246 Εὑαγγέλιον.

2037 3268 2207 3322 Ὅταν
2257 3268 2367 3336 γὰρ
2417 3269 2627 3329 ἐκεῖνος
2677 3266 2778 3337 μὲν
2833 3267 3102 3340 κηρύττῃ,
3135 3269 3198 3322 σὺ
3230 3269 3287 3322 δὲ
3328 3268 3647 3340 θεραπευῃς

2036 3361 2129 3414 τὸν
2158 3362 2519 3431 κηρύττοντά,
2552 3362 2831 3422 κοινωνεῖς
2858 3360 3010 3431 αύτῷ
3032 3360 3142 3414 τῶν
3172 3360 3474 3431 στεφάνων.
3493 3362 3647 3415 Ἐπεὶ

2038 3452 2133 3505 καὶ
2156 3453 2213 3504 ἐν
2234 3454 2347 3515 τοῖς
2371 3450 2572 3517 ἔξωθεν
2601 3450 2811 3514 ἀγῶσιν
2832 3451 2895 3503 ού
2920 3450 3017 3504 τοῦ
3045 3451 3450 3522 ἀγωνιζομένου
3481 3453 3644 3523 μόνου

2037 3543 2189 3595 ἐστὶν
2218 3544 2246 3594 ὁ
2275 3541 2562 3610 στέφανος,
2599 3542 2736 3596 ἀλλὰ
2767 3542 2861 3595 καὶ
2892 3539 2989 3594 106
3023 3542 3396 3612 παιδοτρίϐου,
3425 3544 3522 3597 καὶ
3550 3543 3646 3597 τοῦ

2038 3633 2463 3706 θεραπεύοντος,
2481 3635 2575 3687 καὶ
2609 3633 2827 3688 πάντων
2854 3633 3046 3696 ἁπλῶς
3078 3634 3186 3687 τῶν
3212 3634 3529 3689 ἀσκούντων
3550 3636 3645 3690 τὸν

2038 3727 2298 3798 ἀθλητήν.
2343 3726 2407 3779 Οἱ
2437 3726 2547 3797 γὰρ
2582 3726 2884 3799 ρωννύντες
2917 3727 3080 3780 αὐτὸν
3114 3728 3207 3781 καὶ
3238 3727 3645 3800 ἀνακτώμενοι,

2036 3813 2187 3873 οὗτοι
2233 3819 2330 3873 καὶ
2368 3818 2468 3888 τῆς
2516 3818 2673 3889 νίκης
2723 3819 2951 3882 εἰκότως
2980 3819 3046 3873 ἂν
3076 3822 3320 3889 γένοιντο
3360 3824 3641 3894 μερισταί.

2040 3909 2150 3962 Καὶ
2184 3910 2239 3962 ἐν
2272 3910 2383 3972 τοῖς
2417 3909 2677 3980 πολέμοις
2710 3909 2767 3963 δὲ
2801 3910 2900 3981 οὐχ
2928 3913 2956 3965 ὁ
2989 3913 3249 3983 ἀριστεὺς
3297 3914 3480 3984 μόνος,
3512 3915 3649 3970 ἀλλά

2039 4000 2135 4053 καὶ
2180 3998 2382 4060 πάντες
2410 3999 2461 4051 οἰ
2496 3998 2895 4070 θεραπεύοντες
2926 4000 3091 4053 αὑτὸν
3122 4000 3349 4065 εἰκότως
3377 4001 3443 4056 ἂν
3476 4020 3645 4074 μετα-

2041 4094 2284 4145 ποιοῖντο
2309 4090 2418 4143 τῶν
2449 4091 2749 4163 τροπαίων,
2775 4092 2871 4145 καὶ
2904 4096 3003 4164 τῆς
3033 4093 3192 4161 δόξης
3226 4096 3529 4165 μετέχοιεν,
3549 4096 3646 4150 ἅτε

2042 4184 2476 4251 κοινωνήσαντες
2508 4184 2659 4256 αὐτῷ
2681 4185 2775 4239 106
2798 4185 3010 4255 ἀγῶνος
3031 4190 3098 4259 τῇ
3121 4186 3410 4259 θεραπεία.
3438 4189 3513 4242 Ού
3535 4192 3647 4259 γὰρ

2046 4278 2243 4349 μικρὸν
2269 4279 2495 4333 δύναται
2521 4279 2581 4332 τὸ
2602 4278 2934 4349 θεραπεύειν
2961 4280 3173 4349 ἁγίους,
3196 4280 3331 4334 ἀλλά
3357 4283 3450 4335 καὶ
3477 4283 3645 4352 μέγα·

2043 4370 2334 4433 κοινωνοὺς
2365 4368 2476 4442 γάρ
2508 4370 2657 4439 ἡμᾶς
2689 4371 2837 4425 ποιεί
2860 4369 2970 4423 τῶν
2993 4371 3227 4435 ἐκείνοις
3259 4373 3647 4442 ἀποκειμένων

2044 4459 2274 4531 μισθῶν.
2312 4454 2472 4527 Οἷον,
2506 4460 2703 4535 ἔρῤιψέ
2760 4478 2845 4525 τις
2896 4462 3064 4523 πολλά
3110 4465 3373 4537 χρήματα
3422 4465 3510 4521 διά
3557 4467 3649 4521 τὸν

2041 4552 2197 4616 Θεὸν,
2231 4553 2527 4619 διαπαντὸς
2581 4555 2872 4611 ἀνάκειται
2921 4555 3003 4629 τῷ
3052 4556 3194 4629 Θεῷ,
3229 4558 3437 4632 ἀρετὴν
3487 4560 3651 4618 ἀσκεῖ

2044 4645 2315 4739 μεγάλην,
2346 4647 2445 4701 καὶ
2498 4647 2663 4719 μέχρι
2720 4649 3011 4719 ῥημάτων,
3045 4652 3143 4709 καὶ
3175 4650 3373 4725 μέχρις
3403 4654 3648 4739 ἐννοιῶν,

2042 4738 2136 4791 καὶ
2170 4737 2338 4810 μέχρι
2386 4739 2605 4793 πάντων
2656 4740 2857 4809 πολλὴν
2886 4742 3180 4813 ἀκρίϐειαν
3208 4743 3496 4813 φυλάττων
3516 4757 3531 4776 ·
3566 4737 3651 4799 ἔν-

2042 4847 2158 4883 εστι
2178 4830 2275 4884 καὶ
2296 4830 2380 4890 σοὶ
2395 4831 2490 4885 καὶ
2514 4832 2590 4903 μὴ
2606 4832 2879 4904 τοσαύτην
2906 4834 3201 4905 ἀκρίϐειαν
3224 4834 3648 4908 ἐπιδειξαμένῳ.

2040 4922 2151 4976 τῶν
2175 4921 2269 4976 ἐπὶ
2295 4923 2506 4987 τούτοις
2543 4925 2930 4995 ἀποκειμένων
2959 4924 3111 4996 αὐτῷ
3143 4926 3354 4997 μισθῶν
3387 4930 3652 4993 κοινωνῆ-

2045 5033 2157 5070 σαι.
2189 5016 2345 5082 Πῶς;
2377 5017 2475 5069 Ἂν
2498 5016 2848 5089 θεραπεύσῃς
2871 5018 3035 5071 αὑτὸν
3060 5020 3157 5073 καὶ
3183 5020 3327 5090 λόγῳ
3353 5022 3447 5075 καὶ
3478 5021 3648 5094 ἔργῳ,

2044 5110 2112 5165 ἀν
2146 5110 2539 5182 παρακαλέσῃς
2570 5111 2664 5164 καὶ
2692 5110 2783 5165 διὰ
2827 5111 2920 5165 106
2949 5114 3208 5185 χορηγεῖν
3244 5114 3313 5169 τὰ
3348 5115 3647 5184 ἀναγκαῖα,

2042 5202 2141 5256 καὶ
2186 5201 2275 5254 διὰ
2324 5199 2420 5253 106
2466 5200 2834 5256 διακονεῖσθαι
2888 5204 3071 5256 πᾶσαν
3117 5202 3415 5258 διακονίαν.
3444 5206 3503 5259 '0
3538 5205 3651 5278 γὰρ

2044 5292 2417 5364 εύκολωτέραν
2440 5292 2612 5346 ποιῶν
2638 5294 2737 5364 τὴν
2756 5296 3017 5365 τραχεῖαν
3038 5295 3159 5351 όδὸν
3184 5296 3401 5368 ἐκείνῳ,
3427 5299 3490 5351 σὺ
3515 5298 3644 5370 ἔσῃ.

2045 5389 2207 5441 ’Ὥστε
2248 5389 2298 5440 εί
2348 5384 2661 5457 θαυμάζετε
2692 5387 2820 5449 τοὺς
2852 5388 2910 5441 ἐν
2937 5389 3057 5451 ταῖς
3107 5389 3357 5461 ἐρήμοις,
3386 5390 3513 5455 τοὺς
3557 5392 3650 5446 τὸν

2042 5478 2335 5549 ἀγγελικὸν
2371 5477 2751 5550 ἀνῃρημένους
2802 5479 2935 5551 βίον,
2982 5480 3110 5543 τοὺς
3162 5482 3219 5533 ἐν
3252 5485 3371 5545 ταῖς
3408 5483 3645 5552 Ἐκκλη-

2044 5572 2188 5636 σίαις
2234 5572 2303 5626 τά
2335 5572 2478 5625 αύτά
2526 5572 2759 5635 ἐκείνοις
2784 5572 3188 5645 κατορθοῦντας
3208 5590 3221 5603 ·
3257 5576 3306 5628 εἰ
3333 5575 3647 5648 θαυμάζετε

2041 5666 2139 5720 καὶ¹
2157 5664 2491 5732 ἀλγεῖτε,ὃτι
2515 5664 2720 5735 σφόδρα
2746 5663 2927 5717 αὐτῶν
2948 5666 3419 5736 ἀπολιμπάνεσθε.
3439 5669 3650 5725 ἔνεστιν

2042 5760 2173 5831 ὑμῖν
2214 5755 2418 5828 ἑτέρως
2447 5756 2632 5820 αὐτοῖς
2663 5754 2815 5829 [197]
2846 5759 3193 5830 κοινωνῆσαι,
3230 5760 3311 5832 τῷ
3354 5761 3648 5827 διακονεῖν,

2043 5849 2123 5921 τῷ
2151 5847 2495 5921 θεραπεύειν.
2518 5848 2627 5903 Καὶ
2654 5850 2763 5923 γὰρ
2795 5851 2888 5907 καί
2926 5852 3088 5907 τοῦτο
3111 5852 3212 5925 τῆς
3238 5854 3332 5909 106
3366 5854 3502 5909 Θεοῦ
3530 5855 3649 5924 φιλο
