  <div class='ocr_page' id='page_1' title='image "/cluster/home/n/w/nwhite01/storage/ocr_20150623/62:no.11/coo.31924054869627/191.png"; bbox 0 0 4170 6506; ppageno 0'>
   <div class='ocr_carea' id='block_1_1' title="bbox 552 387 659 444">
    <p class='ocr_par' dir='ltr' id='par_1_1' title="bbox 552 387 659 444">
     <span class='ocr_line' id='line_1_1' title="bbox 552 387 659 444; baseline 0.028 -3"><span class='ocrx_word' id='word_1_1' title='bbox 552 387 659 444; x_wconf 71' lang='grc'><strong>185</strong></span> 
     </span>
    </p>
   </div>
   <div class='ocr_carea' id='block_1_2' title="bbox 550 494 2123 579">
    <p class='ocr_par' dir='ltr' id='par_1_2' title="bbox 550 494 2123 579">
     <span class='ocr_line' id='line_1_2' title="bbox 550 494 2123 579; baseline -0.006 -20"><span class='ocrx_word' id='word_1_2' title='bbox 550 509 867 579; x_wconf 71' lang='grc' dir='ltr'><strong>ἀνθρωπείας</strong></span> <span class='ocrx_word' id='word_1_3' title='bbox 896 502 1033 566; x_wconf 76' lang='grc' dir='ltr'><strong>ἐστὶ,</strong></span> <span class='ocrx_word' id='word_1_4' title='bbox 1061 501 1122 557; x_wconf 71' lang='grc' dir='ltr'><strong>τὸ</strong></span> <span class='ocrx_word' id='word_1_5' title='bbox 1147 501 1276 565; x_wconf 78' lang='grc' dir='ltr'><strong>τοὺς</strong></span> <span class='ocrx_word' id='word_1_6' title='bbox 1307 498 1712 572; x_wconf 67' lang='grc' dir='ltr'><strong>ῥᾳθυμοτέρως</strong></span> <span class='ocrx_word' id='word_1_7' title='bbox 1743 499 1837 552; x_wconf 65' lang='grc' dir='ltr'><strong>καλ⁵</strong></span> <span class='ocrx_word' id='word_1_8' title='bbox 1881 497 1970 553; x_wconf 75' lang='grc' dir='ltr'><strong>τδν</strong></span> <span class='ocrx_word' id='word_1_9' title='bbox 1993 494 2123 551; x_wconf 73' lang='grc' dir='ltr'><strong>’ἀπ-</strong></span> 
     </span>
    </p>
   </div>
   <div class='ocr_carea' id='block_1_3' title="bbox 548 589 2129 671">
    <p class='ocr_par' dir='ltr' id='par_1_3' title="bbox 548 589 2129 671">
     <span class='ocr_line' id='line_1_3' title="bbox 548 589 2129 671; baseline -0.008 -17"><span class='ocrx_word' id='word_1_10' title='bbox 548 599 855 671; x_wconf 81' lang='grc' dir='ltr'><strong>εσκληκότα</strong></span> <span class='ocrx_word' id='word_1_11' title='bbox 880 595 992 667; x_wconf 86' lang='grc' dir='ltr'><strong>βίον</strong></span> <span class='ocrx_word' id='word_1_12' title='bbox 1013 593 1109 648; x_wconf 70' lang='grc' dir='ltr'><strong>καὶ</strong></span> <span class='ocrx_word' id='word_1_13' title='bbox 1125 593 1332 665; x_wconf 78' lang='grc' dir='ltr'><strong>τραχὺν</strong></span> <span class='ocrx_word' id='word_1_14' title='bbox 1352 593 1447 645; x_wconf 72' lang='grc' dir='ltr'><strong>καὶ</strong></span> <span class='ocrx_word' id='word_1_15' title='bbox 1469 590 1670 663; x_wconf 80' lang='grc' dir='ltr'><strong>ἀκριόῆ</strong></span> <span class='ocrx_word' id='word_1_16' title='bbox 1703 591 1777 662; x_wconf 86' lang='grc' dir='ltr'><strong>μὴ</strong></span> <span class='ocrx_word' id='word_1_17' title='bbox 1797 589 2129 659; x_wconf 75' lang='grc' dir='ltr'><strong>δυναμένους</strong></span> 
     </span>
    </p>
   </div>
   <div class='ocr_carea' id='block_1_4' title="bbox 549 683 2130 759">
    <p class='ocr_par' dir='ltr' id='par_1_4' title="bbox 549 683 2130 759">
     <span class='ocr_line' id='line_1_4' title="bbox 549 683 2130 759; baseline -0.008 -11"><span class='ocrx_word' id='word_1_18' title='bbox 549 690 929 759; x_wconf 78' lang='grc' dir='ltr'><strong>ἀναδέξασθαι,</strong></span> <span class='ocrx_word' id='word_1_19' title='bbox 966 689 1059 743; x_wconf 72' lang='lat' dir='ltr'><strong>xal</strong></span> <span class='ocrx_word' id='word_1_20' title='bbox 1085 686 1308 749; x_wconf 75' lang='grc' dir='ltr'><strong>τούτους</strong></span> <span class='ocrx_word' id='word_1_21' title='bbox 1349 685 1416 738; x_wconf 83' lang='grc' dir='ltr'><strong>δι’</strong></span> <span class='ocrx_word' id='word_1_22' title='bbox 1444 684 1639 756; x_wconf 68' lang='grc' dir='ltr'><strong>ἐτέρας</strong></span> <span class='ocrx_word' id='word_1_23' title='bbox 1677 683 1800 737; x_wconf 83' lang='grc' dir='ltr'><strong>όδοῦ</strong></span> <span class='ocrx_word' id='word_1_24' title='bbox 1845 684 2010 737; x_wconf 87' lang='grc' dir='ltr'><strong>πάλιν</strong></span> <span class='ocrx_word' id='word_1_25' title='bbox 2048 683 2130 747; x_wconf 85' lang='grc' dir='ltr'><strong>είς</strong></span> 
     </span>
    </p>
   </div>
   <div class='ocr_carea' id='block_1_5' title="bbox 552 775 2129 855">
    <p class='ocr_par' dir='ltr' id='par_1_5' title="bbox 552 775 2129 855">
     <span class='ocr_line' id='line_1_5' title="bbox 552 775 2129 855; baseline -0.006 -17"><span class='ocrx_word' id='word_1_26' title='bbox 552 785 648 855; x_wconf 85' lang='grc' dir='ltr'><strong>τὴν</strong></span> <span class='ocrx_word' id='word_1_27' title='bbox 679 783 845 850; x_wconf 78' lang='grc' dir='ltr'><strong>αὐτὴν</strong></span> <span class='ocrx_word' id='word_1_28' title='bbox 895 779 1103 842; x_wconf 81' lang='grc' dir='ltr'><strong>τούτοις</strong></span> <span class='ocrx_word' id='word_1_29' title='bbox 1135 778 1289 843; x_wconf 80' lang='grc' dir='ltr'><strong>τάξιν</strong></span> <span class='ocrx_word' id='word_1_30' title='bbox 1333 775 1506 843; x_wconf 82' lang='grc' dir='ltr'><strong>άγειν.</strong></span> <span class='ocrx_word' id='word_1_31' title='bbox 1560 777 1671 830; x_wconf 86' lang='lat' dir='ltr'><strong>Kal</strong></span> <span class='ocrx_word' id='word_1_32' title='bbox 1707 776 1865 829; x_wconf 77' lang='grc' dir='ltr'><strong>τοῦτό</strong></span> <span class='ocrx_word' id='word_1_33' title='bbox 1902 791 2066 846; x_wconf 81' lang='grc' dir='ltr'><strong>φησιν</strong></span> <span class='ocrx_word' id='word_1_34' title='bbox 2100 777 2129 828; x_wconf 91' lang='lat'><strong>6</strong></span> 
     </span>
    </p>
   </div>
   <div class='ocr_carea' id='block_1_6' title="bbox 551 868 2128 938">
    <p class='ocr_par' dir='ltr' id='par_1_6' title="bbox 551 868 2128 938">
     <span class='ocr_line' id='line_1_6' title="bbox 551 868 2128 938; baseline -0.006 -10"><span class='ocrx_word' id='word_1_35' title='bbox 551 874 764 936; x_wconf 79' lang='grc' dir='ltr'><strong>Παῦλος</strong></span> <span class='ocrx_word' id='word_1_36' title='bbox 808 870 1115 925; x_wconf 83' lang='grc' dir='ltr'><strong>κοινωνίαν.</strong></span> <span class='ocrx_word' id='word_1_37' title='bbox 1147 868 1509 922; x_wconf 82' lang='grc' dir='ltr'><strong>Κοινωνοῦσιν</strong></span> <span class='ocrx_word' id='word_1_38' title='bbox 1538 869 1691 938; x_wconf 78' lang='grc' dir='ltr'><strong>ἡμῖν,</strong></span> <span class='ocrx_word' id='word_1_39' title='bbox 1724 868 1910 937; x_wconf 73' lang='grc' dir='ltr'><strong>φησὶν,</strong></span> <span class='ocrx_word' id='word_1_40' title='bbox 1935 868 1993 919; x_wconf 80' lang='grc' dir='ltr'><strong>ἐν</strong></span> <span class='ocrx_word' id='word_1_41' title='bbox 2014 869 2128 929; x_wconf 80' lang='grc' dir='ltr'><strong>τοῖς</strong></span> 
     </span>
    </p>
   </div>
   <div class='ocr_carea' id='block_1_7' title="bbox 553 957 2126 1031">
    <p class='ocr_par' dir='ltr' id='par_1_7' title="bbox 553 957 2126 1031">
     <span class='ocr_line' id='line_1_7' title="bbox 553 957 2126 1031; baseline -0.005 -16"><span class='ocrx_word' id='word_1_42' title='bbox 553 966 855 1031; x_wconf 86' lang='grc' dir='ltr'><strong>σαρκικοῖς,</strong></span> <span class='ocrx_word' id='word_1_43' title='bbox 892 959 1255 1029; x_wconf 78' lang='grc' dir='ltr'>κοινωνοῦμεν</span> <span class='ocrx_word' id='word_1_44' title='bbox 1286 959 1468 1022; x_wconf 79' lang='grc' dir='ltr'><strong>αὐτοῖς</strong></span> <span class='ocrx_word' id='word_1_45' title='bbox 1497 960 1555 1010; x_wconf 84' lang='grc' dir='ltr'><strong>ἐν</strong></span> <span class='ocrx_word' id='word_1_46' title='bbox 1581 960 1692 1021; x_wconf 85' lang='grc' dir='ltr'><strong>τοῖς</strong></span> <span class='ocrx_word' id='word_1_47' title='bbox 1717 957 2126 1027; x_wconf 84' lang='grc' dir='ltr'><strong>πνευματικοῖς.</strong></span> 
     </span>
    </p>
   </div>
   <div class='ocr_carea' id='block_1_8' title="bbox 554 1048 2129 1124">
    <p class='ocr_par' dir='ltr' id='par_1_8' title="bbox 554 1048 2129 1124">
     <span class='ocr_line' id='line_1_8' title="bbox 554 1048 2129 1124; baseline -0.005 -16"><span class='ocrx_word' id='word_1_48' title='bbox 554 1057 617 1108; x_wconf 82' lang='grc' dir='ltr'>Εἰ</span> <span class='ocrx_word' id='word_1_49' title='bbox 643 1054 751 1124; x_wconf 77' lang='grc' dir='ltr'><strong>γάρ</strong></span> <span class='ocrx_word' id='word_1_50' title='bbox 772 1057 800 1107; x_wconf 91' lang='lat'><strong>6</strong></span> <span class='ocrx_word' id='word_1_51' title='bbox 828 1053 959 1116; x_wconf 78' lang='grc' dir='ltr'><strong>Θεὸς</strong></span> <span class='ocrx_word' id='word_1_52' title='bbox 988 1053 1108 1106; x_wconf 74' lang='grc' dir='ltr'><strong>ἀντὶ</strong></span> <span class='ocrx_word' id='word_1_53' title='bbox 1138 1051 1346 1122; x_wconf 83' lang='grc' dir='ltr'><strong>μικρῶν</strong></span> <span class='ocrx_word' id='word_1_54' title='bbox 1376 1051 1468 1105; x_wconf 73' lang='grc' dir='ltr'><strong>καὶ</strong></span> <span class='ocrx_word' id='word_1_55' title='bbox 1498 1049 1816 1121; x_wconf 88' lang='grc' dir='ltr'><strong>μηδαμινῶν</strong></span> <span class='ocrx_word' id='word_1_56' title='bbox 1852 1048 2129 1119; x_wconf 86' lang='grc' dir='ltr'><strong>βασιλείαν</strong></span> 
     </span>
    </p>
   </div>
   <div class='ocr_carea' id='block_1_9' title="bbox 555 1139 2128 1219">
    <p class='ocr_par' dir='ltr' id='par_1_9' title="bbox 555 1139 2128 1219">
     <span class='ocr_line' id='line_1_9' title="bbox 555 1139 2128 1219; baseline -0.007 -17"><span class='ocrx_word' id='word_1_57' title='bbox 555 1147 859 1219; x_wconf 80' lang='grc' dir='ltr'><strong>χαρίζεται,</strong></span> <span class='ocrx_word' id='word_1_58' title='bbox 896 1146 992 1199; x_wconf 75' lang='grc' dir='ltr'><strong>καὶ</strong></span> <span class='ocrx_word' id='word_1_59' title='bbox 1018 1146 1065 1198; x_wconf 76' lang='lat' dir='ltr'><strong>ot</strong></span> <span class='ocrx_word' id='word_1_60' title='bbox 1098 1142 1273 1197; x_wconf 81' lang='grc' dir='ltr'><strong>δοῦλοι</strong></span> <span class='ocrx_word' id='word_1_61' title='bbox 1317 1142 1480 1195; x_wconf 78' lang='grc' dir='ltr'><strong>αὐτοῦ</strong></span> <span class='ocrx_word' id='word_1_62' title='bbox 1510 1142 1632 1195; x_wconf 81' lang='grc' dir='ltr'><strong>ἀντὶ</strong></span> <span class='ocrx_word' id='word_1_63' title='bbox 1679 1139 1892 1215; x_wconf 78' lang='grc' dir='ltr'><strong>μικρῶν</strong></span> <span class='ocrx_word' id='word_1_64' title='bbox 1917 1141 2011 1193; x_wconf 78' lang='grc' dir='ltr'><strong>καὶ</strong></span> <span class='ocrx_word' id='word_1_65' title='bbox 2043 1139 2128 1192; x_wconf 74' lang='lat' dir='ltr'><strong><em>al-</em></strong></span> 
     </span>
    </p>
   </div>
   <div class='ocr_carea' id='block_1_10' title="bbox 556 1230 2129 1310">
    <p class='ocr_par' dir='ltr' id='par_1_10' title="bbox 556 1230 2129 1310">
     <span class='ocr_line' id='line_1_10' title="bbox 556 1230 2129 1310; baseline -0.004 -20"><span class='ocrx_word' id='word_1_66' title='bbox 556 1238 772 1310; x_wconf 86' lang='grc' dir='ltr'><strong>σθητῶν</strong></span> <span class='ocrx_word' id='word_1_67' title='bbox 794 1237 1136 1307; x_wconf 79' lang='grc' dir='ltr'><strong>πνευματικὰ</strong></span> <span class='ocrx_word' id='word_1_68' title='bbox 1155 1234 1495 1305; x_wconf 84' lang='grc' dir='ltr'><strong>μεταδιδοῦσι</strong></span> <span class='ocrx_word' id='word_1_69' title='bbox 1514 1249 1527 1262; x_wconf 86' lang='grc'><strong>·</strong></span> <span class='ocrx_word' id='word_1_70' title='bbox 1556 1232 1755 1302; x_wconf 86' lang='grc' dir='ltr'><strong>μᾶλλον</strong></span> <span class='ocrx_word' id='word_1_71' title='bbox 1769 1230 1826 1284; x_wconf 82' lang='grc' dir='ltr'><strong>δέ</strong></span> <span class='ocrx_word' id='word_1_72' title='bbox 1842 1230 1937 1283; x_wconf 80' lang='grc' dir='ltr'><strong>καὶ</strong></span> <span class='ocrx_word' id='word_1_73' title='bbox 1956 1230 2129 1283; x_wconf 84' lang='grc' dir='ltr'><strong>ταῦτα</strong></span> 
     </span>
    </p>
   </div>
   <div class='ocr_carea' id='block_1_11' title="bbox 550 1319 2128 1390">
    <p class='ocr_par' dir='ltr' id='par_1_11' title="bbox 550 1319 2128 1390">
     <span class='ocr_line' id='line_1_11' title="bbox 550 1319 2128 1390; baseline -0.006 -9"><span class='ocrx_word' id='word_1_74' title='bbox 550 1328 786 1381; x_wconf 68' lang='grc' dir='ltr'><strong>κάκεῖνα</strong></span> <span class='ocrx_word' id='word_1_75' title='bbox 815 1326 1145 1390; x_wconf 79' lang='grc' dir='ltr'><strong>αὐτός’ἐστιν</strong></span> <span class='ocrx_word' id='word_1_76' title='bbox 1170 1328 1198 1379; x_wconf 90' lang='lat'><strong>6</strong></span> <span class='ocrx_word' id='word_1_77' title='bbox 1222 1325 1395 1386; x_wconf 79' lang='grc' dir='ltr'><strong>διδοὺς</strong></span> <span class='ocrx_word' id='word_1_78' title='bbox 1423 1322 1511 1375; x_wconf 79' lang='grc' dir='ltr'><strong>διὰ</strong></span> <span class='ocrx_word' id='word_1_79' title='bbox 1543 1322 1768 1376; x_wconf 88' lang='grc' dir='ltr'><strong>τούτων.</strong></span> <span class='ocrx_word' id='word_1_80' title='bbox 1801 1322 1874 1373; x_wconf 81' lang='grc' dir='ltr'><strong>Οὐ</strong></span> <span class='ocrx_word' id='word_1_81' title='bbox 1903 1319 2128 1373; x_wconf 86' lang='grc' dir='ltr'><strong>δύνασαι</strong></span> 
     </span>
    </p>
   </div>
   <div class='ocr_carea' id='block_1_12' title="bbox 550 1408 2130 1489">
    <p class='ocr_par' dir='ltr' id='par_1_12' title="bbox 550 1408 2130 1489">
     <span class='ocr_line' id='line_1_12' title="bbox 550 1408 2130 1489; baseline -0.004 -19"><span class='ocrx_word' id='word_1_82' title='bbox 550 1417 873 1489; x_wconf 81' lang='grc' dir='ltr'><strong>νηστεῦσαι,</strong></span> <span class='ocrx_word' id='word_1_83' title='bbox 905 1417 1026 1471; x_wconf 83' lang='grc' dir='ltr'><strong>οὐδὲ</strong></span> <span class='ocrx_word' id='word_1_84' title='bbox 1071 1415 1398 1487; x_wconf 81' lang='grc' dir='ltr'><strong>μονωθῆναι,</strong></span> <span class='ocrx_word' id='word_1_85' title='bbox 1434 1412 1556 1467; x_wconf 79' lang='grc' dir='ltr'><strong>οὐδὲ</strong></span> <span class='ocrx_word' id='word_1_86' title='bbox 1600 1411 1959 1483; x_wconf 81' lang='grc' dir='ltr'><strong>χαμευνῆσαι,</strong></span> <span class='ocrx_word' id='word_1_87' title='bbox 2008 1408 2130 1464; x_wconf 80' lang='grc' dir='ltr'><strong>ούδέ</strong></span> 
     </span>
    </p>
   </div>
   <div class='ocr_carea' id='block_1_13' title="bbox 557 1496 2128 1574">
    <p class='ocr_par' dir='ltr' id='par_1_13' title="bbox 557 1496 2128 1574">
     <span class='ocr_line' id='line_1_13' title="bbox 557 1496 2128 1574; baseline -0.004 -18"><span class='ocrx_word' id='word_1_88' title='bbox 557 1503 916 1574; x_wconf 84' lang='grc' dir='ltr'><strong>παννυχίσαι;</strong></span> <span class='ocrx_word' id='word_1_89' title='bbox 943 1503 1158 1556; x_wconf 88' lang='grc' dir='ltr'><strong>Ἔνεστί</strong></span> <span class='ocrx_word' id='word_1_90' title='bbox 1192 1518 1273 1555; x_wconf 92' lang='grc' dir='ltr'><strong>σοι</strong></span> <span class='ocrx_word' id='word_1_91' title='bbox 1296 1500 1503 1554; x_wconf 88' lang='grc' dir='ltr'><strong>τούτων</strong></span> <span class='ocrx_word' id='word_1_92' title='bbox 1537 1499 1790 1553; x_wconf 86' lang='grc' dir='ltr'><strong>ἁπάντων</strong></span> <span class='ocrx_word' id='word_1_93' title='bbox 1819 1497 2008 1568; x_wconf 82' lang='grc' dir='ltr'><strong>μισθὸν</strong></span> <span class='ocrx_word' id='word_1_94' title='bbox 2037 1496 2128 1550; x_wconf 86' lang='grc' dir='ltr'><strong>λα-</strong></span> 
     </span>
    </p>
   </div>
   <div class='ocr_carea' id='block_1_14' title="bbox 554 1586 2132 1665">
    <p class='ocr_par' dir='ltr' id='par_1_14' title="bbox 554 1586 2132 1665">
     <span class='ocr_line' id='line_1_14' title="bbox 554 1586 2132 1665; baseline -0.005 -19"><span class='ocrx_word' id='word_1_95' title='bbox 554 1594 694 1657; x_wconf 72' lang='grc' dir='ltr'><strong>ϐεῖν,</strong></span> <span class='ocrx_word' id='word_1_96' title='bbox 721 1594 787 1652; x_wconf 81' lang='grc' dir='ltr'><strong>ἂν</strong></span> <span class='ocrx_word' id='word_1_97' title='bbox 814 1593 1016 1665; x_wconf 75' lang='grc' dir='ltr'><strong>ἑτέρως</strong></span> <span class='ocrx_word' id='word_1_98' title='bbox 1051 1592 1113 1647; x_wconf 76' lang='grc' dir='ltr'><strong>τὸ</strong></span> <span class='ocrx_word' id='word_1_99' title='bbox 1147 1593 1381 1662; x_wconf 82' lang='grc' dir='ltr'><strong>πρᾶγμα</strong></span> <span class='ocrx_word' id='word_1_100' title='bbox 1413 1587 1758 1660; x_wconf 83' lang='grc' dir='ltr'><strong>μεθοδεύσῃς,</strong></span> <span class='ocrx_word' id='word_1_101' title='bbox 1795 1588 1887 1641; x_wconf 75' lang='grc' dir='ltr'><strong>τὸν</strong></span> <span class='ocrx_word' id='word_1_102' title='bbox 1919 1588 1976 1640; x_wconf 88' lang='grc' dir='ltr'><strong>ἐν</strong></span> <span class='ocrx_word' id='word_1_103' title='bbox 2008 1586 2132 1639; x_wconf 83' lang='grc' dir='ltr'><strong>τού⁹</strong></span> 
     </span>
    </p>
   </div>
   <div class='ocr_carea' id='block_1_15' title="bbox 556 1675 2130 1753">
    <p class='ocr_par' dir='ltr' id='par_1_15' title="bbox 556 1675 2130 1753">
     <span class='ocr_line' id='line_1_15' title="bbox 556 1675 2130 1753; baseline -0.006 -17"><span class='ocrx_word' id='word_1_104' title='bbox 556 1700 670 1746; x_wconf 85' lang='grc' dir='ltr'><strong>τοις</strong></span> <span class='ocrx_word' id='word_1_105' title='bbox 699 1682 975 1753; x_wconf 85' lang='grc' dir='ltr'><strong>κάμνοντα</strong></span> <span class='ocrx_word' id='word_1_106' title='bbox 993 1679 1312 1752; x_wconf 78' lang='grc' dir='ltr'><strong>θεραπεύων</strong></span> <span class='ocrx_word' id='word_1_107' title='bbox 1339 1679 1432 1733; x_wconf 72' lang='grc' dir='ltr'><strong>καὶ</strong></span> <span class='ocrx_word' id='word_1_108' title='bbox 1458 1675 1754 1731; x_wconf 85' lang='grc' dir='ltr'><strong>ἀναπαύων</strong></span> <span class='ocrx_word' id='word_1_109' title='bbox 1776 1677 1870 1730; x_wconf 77' lang='grc' dir='ltr'><strong>καὶ</strong></span> <span class='ocrx_word' id='word_1_110' title='bbox 1895 1675 2130 1743; x_wconf 80' lang='grc' dir='ltr'><strong>ἀλείφων</strong></span> 
     </span>
    </p>
   </div>
   <div class='ocr_carea' id='block_1_16' title="bbox 558 1764 2128 1842">
    <p class='ocr_par' dir='ltr' id='par_1_16' title="bbox 558 1764 2128 1842">
     <span class='ocr_line' id='line_1_16' title="bbox 558 1764 2128 1842; baseline -0.006 -16"><span class='ocrx_word' id='word_1_111' title='bbox 558 1771 818 1842; x_wconf 83' lang='grc' dir='ltr'><strong>συνεχῶς,</strong></span> <span class='ocrx_word' id='word_1_112' title='bbox 855 1772 950 1826; x_wconf 77' lang='grc' dir='ltr'><strong>καὶ</strong></span> <span class='ocrx_word' id='word_1_113' title='bbox 996 1771 1088 1824; x_wconf 78' lang='grc' dir='ltr'><strong>τὸν</strong></span> <span class='ocrx_word' id='word_1_114' title='bbox 1131 1768 1240 1824; x_wconf 79' lang='grc' dir='ltr'><strong>ἀπὸ</strong></span> <span class='ocrx_word' id='word_1_115' title='bbox 1289 1766 1495 1821; x_wconf 87' lang='grc' dir='ltr'><strong>τούτων</strong></span> <span class='ocrx_word' id='word_1_116' title='bbox 1548 1764 1917 1833; x_wconf 77' lang='grc' dir='ltr'><strong>ἐπικουφίζων</strong></span> <span class='ocrx_word' id='word_1_117' title='bbox 1946 1764 2128 1817; x_wconf 81' lang='grc' dir='ltr'>πόνον.</span> 
     </span>
    </p>
   </div>
   <div class='ocr_carea' id='block_1_17' title="bbox 557 1854 2132 1930">
    <p class='ocr_par' dir='ltr' id='par_1_17' title="bbox 557 1854 2132 1930">
     <span class='ocr_line' id='line_1_17' title="bbox 557 1854 2132 1930; baseline -0.004 -16"><span class='ocrx_word' id='word_1_118' title='bbox 557 1862 731 1926; x_wconf 77' lang='grc' dir='ltr'><strong>Αὐτὸς</strong></span> <span class='ocrx_word' id='word_1_119' title='bbox 776 1862 975 1930; x_wconf 76' lang='grc' dir='ltr'><strong>ἕστηκε</strong></span> <span class='ocrx_word' id='word_1_120' title='bbox 1013 1859 1336 1930; x_wconf 89' lang='grc' dir='ltr'><strong>μαχόμενος,</strong></span> <span class='ocrx_word' id='word_1_121' title='bbox 1360 1857 1524 1921; x_wconf 74' lang='grc' dir='ltr'><strong>αὐτὸς</strong></span> <span class='ocrx_word' id='word_1_122' title='bbox 1548 1857 1644 1911; x_wconf 71' lang='grc' dir='ltr'><strong>καὶ</strong></span> <span class='ocrx_word' id='word_1_123' title='bbox 1670 1854 1960 1926; x_wconf 84' lang='grc' dir='ltr'><strong>τραύματα</strong></span> <span class='ocrx_word' id='word_1_124' title='bbox 1988 1854 2132 1923; x_wconf 82' lang='grc' dir='ltr'><strong>λαμ-</strong></span> 
     </span>
    </p>
   </div>
   <div class='ocr_carea' id='block_1_18' title="bbox 554 1946 2133 2024">
    <p class='ocr_par' dir='ltr' id='par_1_18' title="bbox 554 1946 2133 2024">
     <span class='ocr_line' id='line_1_18' title="bbox 554 1946 2133 2024; baseline -0.004 -18"><span class='ocrx_word' id='word_1_125' title='bbox 554 1953 735 2006; x_wconf 79' lang='grc' dir='ltr'><strong>6άνων</strong></span> <span class='ocrx_word' id='word_1_126' title='bbox 752 1967 765 1981; x_wconf 88' lang='grc'><strong>·</strong></span> <span class='ocrx_word' id='word_1_127' title='bbox 798 1953 862 2005; x_wconf 77' lang='grc' dir='ltr'><strong>σὺ</strong></span> <span class='ocrx_word' id='word_1_128' title='bbox 888 1951 1157 2024; x_wconf 80' lang='grc' dir='ltr'><strong>θεράπευε</strong></span> <span class='ocrx_word' id='word_1_129' title='bbox 1180 1951 1288 2005; x_wconf 83' lang='grc' dir='ltr'><strong>ἀπὸ</strong></span> <span class='ocrx_word' id='word_1_130' title='bbox 1305 1950 1399 2004; x_wconf 78' lang='grc' dir='ltr'><strong>τοῦ</strong></span> <span class='ocrx_word' id='word_1_131' title='bbox 1422 1950 1631 2019; x_wconf 89' lang='grc' dir='ltr'><strong>ἀγῶνος</strong></span> <span class='ocrx_word' id='word_1_132' title='bbox 1650 1948 1960 2010; x_wconf 91' lang='grc' dir='ltr'><strong>ἐπανιόντα,</strong></span> <span class='ocrx_word' id='word_1_133' title='bbox 1977 1946 2133 2017; x_wconf 78' lang='grc' dir='ltr'><strong>δέχου</strong></span> 
     </span>
    </p>
   </div>
   <div class='ocr_carea' id='block_1_19' title="bbox 557 2037 2135 2111">
    <p class='ocr_par' dir='ltr' id='par_1_19' title="bbox 557 2037 2135 2111">
     <span class='ocr_line' id='line_1_19' title="bbox 557 2037 2135 2111; baseline -0.004 -16"><span class='ocrx_word' id='word_1_134' title='bbox 557 2043 779 2104; x_wconf 77' lang='grc' dir='ltr'><strong>ὑπτίαις</strong></span> <span class='ocrx_word' id='word_1_135' title='bbox 812 2043 1022 2111; x_wconf 82' lang='grc' dir='ltr'><strong>χερσὶν,</strong></span> <span class='ocrx_word' id='word_1_136' title='bbox 1057 2041 1303 2111; x_wconf 80' lang='grc' dir='ltr'><strong>ἀπόψυχε</strong></span> <span class='ocrx_word' id='word_1_137' title='bbox 1340 2040 1432 2093; x_wconf 82' lang='grc' dir='ltr'><strong>τὸν</strong></span> <span class='ocrx_word' id='word_1_138' title='bbox 1462 2038 1662 2111; x_wconf 87' lang='grc' dir='ltr'><strong>ίδρῶτα</strong></span> <span class='ocrx_word' id='word_1_139' title='bbox 1691 2037 2008 2101; x_wconf 79' lang='grc' dir='ltr'><strong>ἀναπαύων,</strong></span> <span class='ocrx_word' id='word_1_140' title='bbox 2032 2053 2135 2089; x_wconf 70' lang='grc' dir='ltr'><strong>παο</strong></span> 
     </span>
    </p>
   </div>
   <div class='ocr_carea' id='block_1_20' title="bbox 558 2127 2129 2203">
    <p class='ocr_par' dir='ltr' id='par_1_20' title="bbox 558 2127 2129 2203">
     <span class='ocr_line' id='line_1_20' title="bbox 558 2127 2129 2203; baseline -0.001 -19"><span class='ocrx_word' id='word_1_141' title='bbox 558 2132 804 2203; x_wconf 80' lang='grc' dir='ltr'><strong>ρακάλει,</strong></span> <span class='ocrx_word' id='word_1_142' title='bbox 827 2132 1176 2203; x_wconf 81' lang='grc' dir='ltr'><strong>παραμυθοῦ,</strong></span> <span class='ocrx_word' id='word_1_143' title='bbox 1194 2130 1413 2186; x_wconf 88' lang='grc' dir='ltr'><strong>ἀνακτῶ</strong></span> <span class='ocrx_word' id='word_1_144' title='bbox 1427 2129 1526 2202; x_wconf 79' lang='grc' dir='ltr'><strong>τὴν</strong></span> <span class='ocrx_word' id='word_1_145' title='bbox 1547 2131 1916 2201; x_wconf 82' lang='grc' dir='ltr'><strong>πεπονηκυῖαν</strong></span> <span class='ocrx_word' id='word_1_146' title='bbox 1930 2127 2129 2199; x_wconf 85' lang='grc' dir='ltr'><strong>ψυχήν.</strong></span> 
     </span>
    </p>
   </div>
   <div class='ocr_carea' id='block_1_21' title="bbox 559 2220 2132 2293">
    <p class='ocr_par' dir='ltr' id='par_1_21' title="bbox 559 2220 2132 2293">
     <span class='ocr_line' id='line_1_21' title="bbox 559 2220 2132 2293; baseline -0.001 -20"><span class='ocrx_word' id='word_1_147' title='bbox 559 2225 657 2275; x_wconf 76' lang='lat' dir='ltr'><strong>“Av</strong></span> <span class='ocrx_word' id='word_1_148' title='bbox 688 2223 825 2291; x_wconf 79' lang='grc' dir='ltr'><strong>μετὰ</strong></span> <span class='ocrx_word' id='word_1_149' title='bbox 838 2224 1105 2293; x_wconf 74' lang='grc' dir='ltr'><strong>τοσαύτης</strong></span> <span class='ocrx_word' id='word_1_150' title='bbox 1122 2221 1428 2293; x_wconf 81' lang='grc' dir='ltr'><strong>προθυμίας</strong></span> <span class='ocrx_word' id='word_1_151' title='bbox 1443 2220 1780 2291; x_wconf 86' lang='grc' dir='ltr'><strong>διακονῶμεν</strong></span> <span class='ocrx_word' id='word_1_152' title='bbox 1804 2222 1916 2283; x_wconf 88' lang='grc' dir='ltr'><strong>τοῖς</strong></span> <span class='ocrx_word' id='word_1_153' title='bbox 1936 2220 2132 2288; x_wconf 83' lang='grc' dir='ltr'><strong>ἁγίοις,</strong></span> 
     </span>
    </p>
   </div>
   <div class='ocr_carea' id='block_1_22' title="bbox 560 2310 2135 2385">
    <p class='ocr_par' dir='ltr' id='par_1_22' title="bbox 560 2310 2135 2385">
     <span class='ocr_line' id='line_1_22' title="bbox 560 2310 2135 2385; baseline -0.002 -20"><span class='ocrx_word' id='word_1_154' title='bbox 560 2313 816 2385; x_wconf 75' lang='grc' dir='ltr'><strong>μερισταὶ</strong></span> <span class='ocrx_word' id='word_1_155' title='bbox 857 2312 964 2365; x_wconf 88' lang='grc' dir='ltr'><strong>τῶν</strong></span> <span class='ocrx_word' id='word_1_156' title='bbox 1013 2312 1221 2383; x_wconf 84' lang='grc' dir='ltr'>μισθῶν</span> <span class='ocrx_word' id='word_1_157' title='bbox 1260 2311 1441 2366; x_wconf 85' lang='grc' dir='ltr'><strong>αὐτῶν</strong></span> <span class='ocrx_word' id='word_1_158' title='bbox 1484 2311 1740 2382; x_wconf 86' lang='grc' dir='ltr'><strong>ἐσόμεθα.</strong></span> <span class='ocrx_word' id='word_1_159' title='bbox 1772 2311 1944 2365; x_wconf 84' lang='grc' dir='ltr'><strong>Τοῦτο</strong></span> <span class='ocrx_word' id='word_1_160' title='bbox 1977 2310 2071 2365; x_wconf 79' lang='grc' dir='ltr'><strong>καὶ</strong></span> <span class='ocrx_word' id='word_1_161' title='bbox 2105 2311 2135 2362; x_wconf 98' lang='lat'><strong>6</strong></span> 
     </span>
    </p>
   </div>
   <div class='ocr_carea' id='block_1_23' title="bbox 556 2403 2137 2476">
    <p class='ocr_par' dir='ltr' id='par_1_23' title="bbox 556 2403 2137 2476">
     <span class='ocr_line' id='line_1_23' title="bbox 556 2403 2137 2476; baseline -0.001 -18"><span class='ocrx_word' id='word_1_162' title='bbox 556 2405 795 2476; x_wconf 84' lang='grc' dir='ltr'><strong>Χριστός</strong></span> <span class='ocrx_word' id='word_1_163' title='bbox 826 2422 959 2474; x_wconf 85' lang='grc' dir='ltr'><strong>φησι</strong></span> <span class='ocrx_word' id='word_1_164' title='bbox 978 2420 991 2433; x_wconf 82' lang='lat'><strong><em>°</em></strong></span> <span class='ocrx_word' id='word_1_165' title='bbox 1034 2404 1331 2469; x_wconf 79' lang='grc' dir='ltr'><strong>Ποιήσατε</strong></span> <span class='ocrx_word' id='word_1_166' title='bbox 1358 2404 1502 2474; x_wconf 83' lang='grc' dir='ltr'><strong>ὑμῖν</strong></span> <span class='ocrx_word' id='word_1_167' title='bbox 1548 2404 1768 2474; x_wconf 69' lang='grc' dir='ltr'><strong>φίλους</strong></span> <span class='ocrx_word' id='word_1_168' title='bbox 1801 2403 1870 2458; x_wconf 75' lang='grc' dir='ltr'><strong>ἐκ</strong></span> <span class='ocrx_word' id='word_1_169' title='bbox 1898 2404 2004 2459; x_wconf 81' lang='grc' dir='ltr'><strong>τοῦ</strong></span> <span class='ocrx_word' id='word_1_170' title='bbox 2024 2419 2137 2474; x_wconf 84' lang='grc' dir='ltr'><strong>μα-</strong></span> 
     </span>
    </p>
   </div>
   <div class='ocr_carea' id='block_1_24' title="bbox 553 2493 2135 2564">
    <p class='ocr_par' dir='ltr' id='par_1_24' title="bbox 553 2493 2135 2564">
     <span class='ocr_line' id='line_1_24' title="bbox 553 2493 2135 2564; baseline -0.001 -16"><span class='ocrx_word' id='word_1_171' title='bbox 553 2494 723 2564; x_wconf 82' lang='grc' dir='ltr'><strong>μωνᾶ</strong></span> <span class='ocrx_word' id='word_1_172' title='bbox 765 2494 874 2562; x_wconf 79' lang='grc' dir='ltr'><strong>τῆς</strong></span> <span class='ocrx_word' id='word_1_173' title='bbox 917 2494 1153 2560; x_wconf 76' lang='grc' dir='ltr'><strong>ἀδικίας</strong></span> <span class='ocrx_word' id='word_1_174' title='bbox 1175 2533 1190 2559; x_wconf 94' lang='grc'><strong>,</strong></span> <span class='ocrx_word' id='word_1_175' title='bbox 1221 2495 1322 2548; x_wconf 82' lang='grc' dir='ltr'><strong>ἵνα</strong></span> <span class='ocrx_word' id='word_1_176' title='bbox 1366 2493 1652 2558; x_wconf 77' lang='grc' dir='ltr'><strong>δέξωνται</strong></span> <span class='ocrx_word' id='word_1_177' title='bbox 1700 2493 1858 2563; x_wconf 81' lang='grc' dir='ltr'><strong>ὑμᾶς</strong></span> <span class='ocrx_word' id='word_1_178' title='bbox 1902 2495 1989 2560; x_wconf 82' lang='grc' dir='ltr'><strong>εις</strong></span> <span class='ocrx_word' id='word_1_179' title='bbox 2029 2493 2135 2559; x_wconf 80' lang='grc' dir='ltr'><strong>τὰς</strong></span> 
     </span>
    </p>
   </div>
   <div class='ocr_carea' id='block_1_25' title="bbox 554 2577 2135 2657">
    <p class='ocr_par' dir='ltr' id='par_1_25' title="bbox 554 2577 2135 2657">
     <span class='ocr_line' id='line_1_25' title="bbox 554 2577 2135 2657; baseline -0.001 -18"><span class='ocrx_word' id='word_1_180' title='bbox 554 2586 834 2651; x_wconf 78' lang='grc' dir='ltr'><strong>αἰωνίους</strong></span> <span class='ocrx_word' id='word_1_181' title='bbox 870 2584 1071 2641; x_wconf 84' lang='grc' dir='ltr'><strong>αὐτῶν</strong></span> <span class='ocrx_word' id='word_1_182' title='bbox 1107 2583 1359 2653; x_wconf 82' lang='grc' dir='ltr'><strong>σκηνάς.</strong></span> <span class='ocrx_word' id='word_1_183' title='bbox 1375 2585 1539 2657; x_wconf 78' lang='grc' dir='ltr'><strong>Ὁρᾷς</strong></span> <span class='ocrx_word' id='word_1_184' title='bbox 1568 2583 1686 2648; x_wconf 85' lang='grc' dir='ltr'><strong>πῶς</strong></span> <span class='ocrx_word' id='word_1_185' title='bbox 1714 2577 1860 2638; x_wconf 77' lang='grc' dir='ltr'><strong>οὗτοι</strong></span> <span class='ocrx_word' id='word_1_186' title='bbox 1890 2584 2135 2639; x_wconf 77' lang='grc' dir='ltr'><strong>κοινωνοὶ</strong></span> 
     </span>
    </p>
   </div>
   <div class='ocr_carea' id='block_1_26' title="bbox 555 2673 2135 2746">
    <p class='ocr_par' dir='ltr' id='par_1_26' title="bbox 555 2673 2135 2746">
     <span class='ocr_line' id='line_1_26' title="bbox 555 2673 2135 2746; baseline 0.002 -19"><span class='ocrx_word' id='word_1_187' title='bbox 555 2675 871 2743; x_wconf 84' lang='grc' dir='ltr'><strong>γεγόνασιν;</strong></span> <span class='ocrx_word' id='word_1_188' title='bbox 920 2673 1062 2728; x_wconf 71' lang='grc' dir='ltr'><strong>Ἀπὸ</strong></span> <span class='ocrx_word' id='word_1_189' title='bbox 1096 2673 1335 2743; x_wconf 74' lang='grc' dir='ltr'><strong>πρώτης</strong></span> <span class='ocrx_word' id='word_1_190' title='bbox 1365 2674 1615 2744; x_wconf 80' lang='grc' dir='ltr'><strong>ἡμέρας,</strong></span> <span class='ocrx_word' id='word_1_191' title='bbox 1642 2675 1797 2746; x_wconf 80' lang='grc' dir='ltr'><strong>φησὶ,</strong></span> <span class='ocrx_word' id='word_1_192' title='bbox 1820 2674 1996 2744; x_wconf 85' lang='grc' dir='ltr'><strong>μέχρι</strong></span> <span class='ocrx_word' id='word_1_193' title='bbox 2027 2674 2135 2730; x_wconf 86' lang='grc' dir='ltr'><strong>τοῦ</strong></span> 
     </span>
    </p>
   </div>
   <div class='ocr_carea' id='block_1_27' title="bbox 551 2766 2136 2839">
    <p class='ocr_par' dir='ltr' id='par_1_27' title="bbox 551 2766 2136 2839">
     <span class='ocr_line' id='line_1_27' title="bbox 551 2766 2136 2839; baseline 0 -18"><span class='ocrx_word' id='word_1_194' title='bbox 551 2768 693 2821; x_wconf 72' lang='grc' dir='ltr'><strong>νῦν.</strong></span> <span class='ocrx_word' id='word_1_195' title='bbox 724 2766 822 2820; x_wconf 87' lang='grc' dir='ltr'><strong>Διά</strong></span> <span class='ocrx_word' id='word_1_196' title='bbox 872 2767 1028 2821; x_wconf 80' lang='grc' dir='ltr'><strong>τοῦτο</strong></span> <span class='ocrx_word' id='word_1_197' title='bbox 1078 2766 1254 2839; x_wconf 87' lang='grc' dir='ltr'><strong>χαίρω</strong></span> <span class='ocrx_word' id='word_1_198' title='bbox 1280 2807 1295 2832; x_wconf 87' lang='grc'><strong>,</strong></span> <span class='ocrx_word' id='word_1_199' title='bbox 1344 2768 1528 2838; x_wconf 77' lang='grc' dir='ltr'><strong>φησίν.</strong></span> <span class='ocrx_word' id='word_1_200' title='bbox 1568 2766 1693 2820; x_wconf 76' lang='grc' dir='ltr'><strong>Ἐπὶ</strong></span> <span class='ocrx_word' id='word_1_201' title='bbox 1736 2766 1811 2835; x_wconf 74' lang='grc' dir='ltr'><strong>τῇ</strong></span> <span class='ocrx_word' id='word_1_202' title='bbox 1858 2768 2136 2834; x_wconf 77' lang='grc' dir='ltr'><strong>κοινωνίᾳ</strong></span> 
     </span>
    </p>
   </div>
   <div class='ocr_carea' id='block_1_28' title="bbox 555 2858 2132 2932">
    <p class='ocr_par' dir='ltr' id='par_1_28' title="bbox 555 2858 2132 2932">
     <span class='ocr_line' id='line_1_28' title="bbox 555 2858 2132 2932; baseline -0.001 -19"><span class='ocrx_word' id='word_1_203' title='bbox 555 2858 745 2928; x_wconf 83' lang='grc' dir='ltr'><strong>ὑμῶν.</strong></span> <span class='ocrx_word' id='word_1_204' title='bbox 777 2859 885 2913; x_wconf 90' lang='lat' dir='ltr'><strong>Kal</strong></span> <span class='ocrx_word' id='word_1_205' title='bbox 917 2858 1091 2929; x_wconf 80' lang='grc' dir='ltr'><strong>χαίρω</strong></span> <span class='ocrx_word' id='word_1_206' title='bbox 1118 2860 1217 2930; x_wconf 85' lang='grc' dir='ltr'><strong>οὐχ</strong></span> <span class='ocrx_word' id='word_1_207' title='bbox 1246 2858 1387 2930; x_wconf 80' lang='grc' dir='ltr'><strong>ὑπὲρ</strong></span> <span class='ocrx_word' id='word_1_208' title='bbox 1416 2859 1522 2912; x_wconf 90' lang='grc' dir='ltr'><strong>τῶν</strong></span> <span class='ocrx_word' id='word_1_209' title='bbox 1551 2859 1927 2932; x_wconf 82' lang='grc' dir='ltr'><strong>παρελθόντων</strong></span> <span class='ocrx_word' id='word_1_210' title='bbox 1952 2858 2132 2929; x_wconf 92' lang='grc' dir='ltr'><strong>μόνον,</strong></span> 
     </span>
    </p>
   </div>
   <div class='ocr_carea' id='block_1_29' title="bbox 557 2950 2133 3023">
    <p class='ocr_par' dir='ltr' id='par_1_29' title="bbox 557 2950 2133 3023">
     <span class='ocr_line' id='line_1_29' title="bbox 557 2950 2133 3023; baseline 0 -20"><span class='ocrx_word' id='word_1_211' title='bbox 557 2950 695 3004; x_wconf 76' lang='grc' dir='ltr'><strong>ἀλλὰ</strong></span> <span class='ocrx_word' id='word_1_212' title='bbox 721 2952 815 3005; x_wconf 69' lang='grc' dir='ltr'><strong>καὶ</strong></span> <span class='ocrx_word' id='word_1_213' title='bbox 839 2951 979 3023; x_wconf 84' lang='grc' dir='ltr'><strong>ύπέρ</strong></span> <span class='ocrx_word' id='word_1_214' title='bbox 1006 2951 1113 3005; x_wconf 86' lang='grc' dir='ltr'><strong>τῶν</strong></span> <span class='ocrx_word' id='word_1_215' title='bbox 1148 2950 1449 3021; x_wconf 84' lang='grc' dir='ltr'><strong>μελλόντων</strong></span> <span class='ocrx_word' id='word_1_216' title='bbox 1469 2967 1481 2980; x_wconf 90' lang='grc'><strong>·</strong></span> <span class='ocrx_word' id='word_1_217' title='bbox 1512 2951 1622 3005; x_wconf 72' lang='grc' dir='ltr'><strong>ἀπὸ</strong></span> <span class='ocrx_word' id='word_1_218' title='bbox 1646 2950 1755 3022; x_wconf 84' lang='grc' dir='ltr'><strong>γὰρ</strong></span> <span class='ocrx_word' id='word_1_219' title='bbox 1782 2951 1891 3004; x_wconf 92' lang='grc' dir='ltr'><strong>τῶν</strong></span> <span class='ocrx_word' id='word_1_220' title='bbox 1928 2950 2133 3022; x_wconf 81' lang='grc' dir='ltr'><strong>παρελ-</strong></span> 
     </span>
    </p>
   </div>
   <div class='ocr_carea' id='block_1_30' title="bbox 558 3039 2134 3111">
    <p class='ocr_par' dir='ltr' id='par_1_30' title="bbox 558 3039 2134 3111">
     <span class='ocr_line' id='line_1_30' title="bbox 558 3039 2134 3111; baseline 0 -17"><span class='ocrx_word' id='word_1_221' title='bbox 558 3040 759 3094; x_wconf 85' lang='grc' dir='ltr'><strong>θόντων</strong></span> <span class='ocrx_word' id='word_1_222' title='bbox 797 3043 1023 3095; x_wconf 85' lang='grc' dir='ltr'><strong>κάκεῖνα</strong></span> <span class='ocrx_word' id='word_1_223' title='bbox 1057 3039 1405 3111; x_wconf 78' lang='grc' dir='ltr'><strong>στοχάζομαι.</strong></span> <span class='ocrx_word' id='word_1_224' title='bbox 1435 3040 1736 3106; x_wconf 80' lang='grc' dir='ltr'><strong>Πεποιθὼς</strong></span> <span class='ocrx_word' id='word_1_225' title='bbox 1763 3039 1909 3095; x_wconf 81' lang='grc' dir='ltr'><strong>αὐτὸ</strong></span> <span class='ocrx_word' id='word_1_226' title='bbox 1937 3040 2134 3103; x_wconf 85' lang='grc' dir='ltr'><strong>τοῦτο.</strong></span> 
     </span>
    </p>
   </div>
   <div class='ocr_carea' id='block_1_31' title="bbox 556 3132 2133 3204">
    <p class='ocr_par' dir='ltr' id='par_1_31' title="bbox 556 3132 2133 3204">
     <span class='ocr_line' id='line_1_31' title="bbox 556 3132 2133 3204; baseline -0.002 -16"><span class='ocrx_word' id='word_1_227' title='bbox 556 3134 742 3204; x_wconf 73' lang='grc' dir='ltr'><strong>φησὶν,</strong></span> <span class='ocrx_word' id='word_1_228' title='bbox 775 3133 863 3187; x_wconf 84' lang='grc' dir='ltr'><strong>ὅτι</strong></span> <span class='ocrx_word' id='word_1_229' title='bbox 894 3136 926 3187; x_wconf 85' lang='lat' dir='ltr'>d</span> <span class='ocrx_word' id='word_1_230' title='bbox 953 3134 1359 3202; x_wconf 72' lang='grc' dir='ltr'><strong>ἐναρξάμενος</strong></span> <span class='ocrx_word' id='word_1_231' title='bbox 1399 3132 1468 3187; x_wconf 83' lang='grc' dir='ltr'><strong>ἐν</strong></span> <span class='ocrx_word' id='word_1_232' title='bbox 1497 3133 1639 3203; x_wconf 82' lang='grc' dir='ltr'><strong>ὑμῖν</strong></span> <span class='ocrx_word' id='word_1_233' title='bbox 1676 3134 1853 3202; x_wconf 77' lang='grc' dir='ltr'><strong>ἔργον</strong></span> <span class='ocrx_word' id='word_1_234' title='bbox 1889 3132 2133 3201; x_wconf 82' lang='grc' dir='ltr'><strong>ἀγαθὸν,</strong></span> 
     </span>
    </p>
   </div>
   <div class='ocr_carea' id='block_1_32' title="bbox 552 3223 1879 3294">
    <p class='ocr_par' dir='ltr' id='par_1_32' title="bbox 552 3223 1879 3294">
     <span class='ocr_line' id='line_1_32' title="bbox 552 3223 1879 3294; baseline 0 -16"><span class='ocrx_word' id='word_1_235' title='bbox 552 3224 889 3280; x_wconf 70' lang='grc' dir='ltr'><strong>ἐπιτελέσει</strong></span> <span class='ocrx_word' id='word_1_236' title='bbox 929 3225 1102 3294; x_wconf 81' lang='grc' dir='ltr'><strong>ἄχρις</strong></span> <span class='ocrx_word' id='word_1_237' title='bbox 1129 3223 1354 3292; x_wconf 73' lang='grc' dir='ltr'><strong>ἡμέρας</strong></span> <span class='ocrx_word' id='word_1_238' title='bbox 1388 3224 1581 3291; x_wconf 83' lang='grc' dir='ltr'><strong>Ἰησοῦ</strong></span> <span class='ocrx_word' id='word_1_239' title='bbox 1603 3224 1879 3292; x_wconf 79' lang='grc' dir='ltr'><strong>Χριστοῦ.</strong></span> 
     </span>
    </p>
   </div>
   <div class='ocr_carea' id='block_1_33' title="bbox 630 3400 2135 3475">
    <p class='ocr_par' dir='ltr' id='par_1_33' title="bbox 630 3400 2135 3475">
     <span class='ocr_line' id='line_1_33' title="bbox 630 3400 2135 3475; baseline 0.001 -19"><span class='ocrx_word' id='word_1_240' title='bbox 630 3407 699 3469; x_wconf 77' lang='grc' dir='ltr'><strong>γ’.</strong></span> <span class='ocrx_word' id='word_1_241' title='bbox 719 3404 860 3473; x_wconf 87' lang='grc' dir='ltr'><strong>Ὅρα</strong></span> <span class='ocrx_word' id='word_1_242' title='bbox 876 3400 990 3464; x_wconf 85' lang='grc' dir='ltr'><strong>πῶς</strong></span> <span class='ocrx_word' id='word_1_243' title='bbox 1004 3400 1198 3465; x_wconf 81' lang='grc' dir='ltr'><strong>αὐτοὺς</strong></span> <span class='ocrx_word' id='word_1_244' title='bbox 1215 3400 1307 3455; x_wconf 71' lang='grc' dir='ltr'><strong>καὶ</strong></span> <span class='ocrx_word' id='word_1_245' title='bbox 1320 3400 1629 3473; x_wconf 74' lang='grc' dir='ltr'><strong>μετριάζειν</strong></span> <span class='ocrx_word' id='word_1_246' title='bbox 1644 3401 1901 3456; x_wconf 76' lang='grc' dir='ltr'><strong>διδάσκει.</strong></span> <span class='ocrx_word' id='word_1_247' title='bbox 1921 3403 2135 3475; x_wconf 76' lang='grc' dir='ltr'><strong>Ἐπειδὴ</strong></span> 
     </span>
    </p>
   </div>
   <div class='ocr_carea' id='block_1_34' title="bbox 554 3489 2136 3564">
    <p class='ocr_par' dir='ltr' id='par_1_34' title="bbox 554 3489 2136 3564">
     <span class='ocr_line' id='line_1_34' title="bbox 554 3489 2136 3564; baseline -0.001 -17"><span class='ocrx_word' id='word_1_248' title='bbox 554 3495 668 3564; x_wconf 83' lang='grc' dir='ltr'><strong>γὰρ</strong></span> <span class='ocrx_word' id='word_1_249' title='bbox 701 3493 844 3563; x_wconf 77' lang='grc' dir='ltr'><strong>μέγα</strong></span> <span class='ocrx_word' id='word_1_250' title='bbox 872 3492 1054 3555; x_wconf 85' lang='grc' dir='ltr'><strong>αὐτοῖς</strong></span> <span class='ocrx_word' id='word_1_251' title='bbox 1077 3489 1427 3562; x_wconf 81' lang='grc' dir='ltr'><strong>ἐμαρτύρησε</strong></span> <span class='ocrx_word' id='word_1_252' title='bbox 1456 3492 1709 3563; x_wconf 84' lang='grc' dir='ltr'><strong>πρᾶγμα,</strong></span> <span class='ocrx_word' id='word_1_253' title='bbox 1740 3493 1829 3546; x_wconf 84' lang='grc' dir='ltr'><strong>ἵνα</strong></span> <span class='ocrx_word' id='word_1_254' title='bbox 1864 3494 1936 3564; x_wconf 88' lang='grc' dir='ltr'><strong>μή</strong></span> <span class='ocrx_word' id='word_1_255' title='bbox 1966 3510 2017 3546; x_wconf 88' lang='grc' dir='ltr'><strong>τι</strong></span> <span class='ocrx_word' id='word_1_256' title='bbox 2043 3493 2136 3548; x_wconf 83' lang='grc' dir='ltr'><strong>άν-</strong></span> 
     </span>
    </p>
   </div>
   <div class='ocr_carea' id='block_1_35' title="bbox 558 3582 2136 3658">
    <p class='ocr_par' dir='ltr' id='par_1_35' title="bbox 558 3582 2136 3658">
     <span class='ocr_line' id='line_1_35' title="bbox 558 3582 2136 3658; baseline 0 -18"><span class='ocrx_word' id='word_1_257' title='bbox 558 3582 831 3658; x_wconf 70' lang='grc' dir='ltr'><strong>θρὡινον</strong></span> <span class='ocrx_word' id='word_1_258' title='bbox 861 3583 1125 3648; x_wconf 84' lang='grc' dir='ltr'><strong>πάθωσιν,</strong></span> <span class='ocrx_word' id='word_1_259' title='bbox 1156 3582 1361 3647; x_wconf 80' lang='grc' dir='ltr'><strong>εὐθέως</strong></span> <span class='ocrx_word' id='word_1_260' title='bbox 1407 3583 1651 3637; x_wconf 82' lang='grc' dir='ltr'><strong>παιδεύει</strong></span> <span class='ocrx_word' id='word_1_261' title='bbox 1679 3584 1875 3649; x_wconf 78' lang='grc' dir='ltr'><strong>αὐτοὺς</strong></span> <span class='ocrx_word' id='word_1_262' title='bbox 1917 3585 2012 3639; x_wconf 71' lang='grc' dir='ltr'><strong>ἐπὶ</strong></span> <span class='ocrx_word' id='word_1_263' title='bbox 2044 3587 2136 3640; x_wconf 76' lang='grc' dir='ltr'><strong>τὸν</strong></span> 
     </span>
    </p>
   </div>
   <div class='ocr_carea' id='block_1_36' title="bbox 557 3674 2135 3747">
    <p class='ocr_par' dir='ltr' id='par_1_36' title="bbox 557 3674 2135 3747">
     <span class='ocr_line' id='line_1_36' title="bbox 557 3674 2135 3747; baseline -0.001 -16"><span class='ocrx_word' id='word_1_264' title='bbox 557 3677 793 3747; x_wconf 78' lang='grc' dir='ltr'><strong>Χριστὸν</strong></span> <span class='ocrx_word' id='word_1_265' title='bbox 822 3677 916 3731; x_wconf 79' lang='grc' dir='ltr'><strong>καὶ</strong></span> <span class='ocrx_word' id='word_1_266' title='bbox 942 3675 1012 3728; x_wconf 78' lang='grc' dir='ltr'><strong>τά</strong></span> <span class='ocrx_word' id='word_1_267' title='bbox 1038 3675 1397 3746; x_wconf 83' lang='grc' dir='ltr'><strong>παρελθόντα,</strong></span> <span class='ocrx_word' id='word_1_268' title='bbox 1434 3676 1528 3730; x_wconf 86' lang='grc' dir='ltr'><strong>καὶ</strong></span> <span class='ocrx_word' id='word_1_269' title='bbox 1556 3674 1627 3729; x_wconf 80' lang='grc' dir='ltr'><strong>τὰ</strong></span> <span class='ocrx_word' id='word_1_270' title='bbox 1661 3676 1921 3746; x_wconf 82' lang='grc' dir='ltr'><strong>μέλλοντα</strong></span> <span class='ocrx_word' id='word_1_271' title='bbox 1950 3678 2135 3731; x_wconf 87' lang='grc' dir='ltr'><strong>ἀνατι-</strong></span> 
     </span>
    </p>
   </div>
   <div class='ocr_carea' id='block_1_37' title="bbox 557 3762 2135 3837">
    <p class='ocr_par' dir='ltr' id='par_1_37' title="bbox 557 3762 2135 3837">
     <span class='ocr_line' id='line_1_37' title="bbox 557 3762 2135 3837; baseline -0.001 -16"><span class='ocrx_word' id='word_1_272' title='bbox 557 3766 710 3821; x_wconf 67' lang='grc' dir='ltr'><strong>θέναι</strong></span> <span class='ocrx_word' id='word_1_273' title='bbox 729 3782 740 3793; x_wconf 96' lang='grc'><strong>·</strong></span> <span class='ocrx_word' id='word_1_274' title='bbox 779 3767 923 3832; x_wconf 88' lang='grc' dir='ltr'><strong>πῶς;</strong></span> <span class='ocrx_word' id='word_1_275' title='bbox 955 3766 1029 3820; x_wconf 79' lang='grc' dir='ltr'><strong>Οὐ</strong></span> <span class='ocrx_word' id='word_1_276' title='bbox 1060 3768 1168 3837; x_wconf 79' lang='grc' dir='ltr'><strong>γάρ</strong></span> <span class='ocrx_word' id='word_1_277' title='bbox 1196 3762 1337 3829; x_wconf 89' lang='grc' dir='ltr'><strong>εἷπε,</strong></span> <span class='ocrx_word' id='word_1_278' title='bbox 1365 3764 1665 3828; x_wconf 86' lang='grc' dir='ltr'><strong>Πεποιθὼς,</strong></span> <span class='ocrx_word' id='word_1_279' title='bbox 1688 3766 1769 3820; x_wconf 85' lang='grc' dir='ltr'><strong>ότι</strong></span> <span class='ocrx_word' id='word_1_280' title='bbox 1798 3766 1875 3829; x_wconf 84' lang='grc' dir='ltr'><strong>ὡς</strong></span> <span class='ocrx_word' id='word_1_281' title='bbox 1905 3766 2135 3837; x_wconf 76' lang='grc' dir='ltr'><strong>ὲνήρξα·</strong></span> 
     </span>
    </p>
   </div>
   <div class='ocr_carea' id='block_1_38' title="bbox 560 3855 2137 3928">
    <p class='ocr_par' dir='ltr' id='par_1_38' title="bbox 560 3855 2137 3928">
     <span class='ocr_line' id='line_1_38' title="bbox 560 3855 2137 3928; baseline 0 -16"><span class='ocrx_word' id='word_1_282' title='bbox 560 3859 676 3923; x_wconf 87' lang='grc' dir='ltr'><strong>σθε,</strong></span> <span class='ocrx_word' id='word_1_283' title='bbox 708 3860 798 3912; x_wconf 80' lang='grc' dir='ltr'><strong>καὶ</strong></span> <span class='ocrx_word' id='word_1_284' title='bbox 827 3858 1092 3920; x_wconf 74' lang='grc' dir='ltr'><strong>τελέσετε,</strong></span> <span class='ocrx_word' id='word_1_285' title='bbox 1119 3856 1254 3910; x_wconf 81' lang='grc' dir='ltr'><strong>ἀλλά</strong></span> <span class='ocrx_word' id='word_1_286' title='bbox 1280 3856 1366 3923; x_wconf 70' lang='grc' dir='ltr'><strong>τίς</strong></span> <span class='ocrx_word' id='word_1_287' title='bbox 1404 3855 1457 3908; x_wconf 92' lang='lat'><strong>&#39;0</strong></span> <span class='ocrx_word' id='word_1_288' title='bbox 1484 3855 1888 3925; x_wconf 79' lang='grc' dir='ltr'><strong>ἐναρξάμενος</strong></span> <span class='ocrx_word' id='word_1_289' title='bbox 1905 3859 1974 3911; x_wconf 84' lang='grc' dir='ltr'><strong>ἐν</strong></span> <span class='ocrx_word' id='word_1_290' title='bbox 1994 3858 2137 3928; x_wconf 79' lang='grc' dir='ltr'><strong>ὑμῖν</strong></span> 
     </span>
    </p>
   </div>
   <div class='ocr_carea' id='block_1_39' title="bbox 557 3948 2136 4025">
    <p class='ocr_par' dir='ltr' id='par_1_39' title="bbox 557 3948 2136 4025">
     <span class='ocr_line' id='line_1_39' title="bbox 557 3948 2136 4025; baseline -0.001 -18"><span class='ocrx_word' id='word_1_291' title='bbox 557 3955 738 4025; x_wconf 78' lang='grc' dir='ltr'><strong>ἔργον</strong></span> <span class='ocrx_word' id='word_1_292' title='bbox 763 3953 988 4024; x_wconf 80' lang='grc' dir='ltr'><strong>ἀγαθὸν</strong></span> <span class='ocrx_word' id='word_1_293' title='bbox 1015 3952 1377 4006; x_wconf 78' lang='grc' dir='ltr'><strong>ἐπιτελέσει·</strong></span> <span class='ocrx_word' id='word_1_294' title='bbox 1400 3948 1522 4002; x_wconf 73' lang='grc' dir='ltr'><strong>οὔτε</strong></span> <span class='ocrx_word' id='word_1_295' title='bbox 1547 3950 1922 4023; x_wconf 79' lang='grc' dir='ltr'><strong>ἀπεστέρησεν</strong></span> <span class='ocrx_word' id='word_1_296' title='bbox 1942 3953 2136 4017; x_wconf 73' lang='grc' dir='ltr'><strong>αὐτοὺς</strong></span> 
     </span>
    </p>
   </div>
   <div class='ocr_carea' id='block_1_40' title="bbox 557 4036 2138 4116">
    <p class='ocr_par' dir='ltr' id='par_1_40' title="bbox 557 4036 2138 4116">
     <span class='ocr_line' id='line_1_40' title="bbox 557 4036 2138 4116; baseline 0 -17"><span class='ocrx_word' id='word_1_297' title='bbox 557 4047 653 4100; x_wconf 79' lang='grc' dir='ltr'><strong>τού</strong></span> <span class='ocrx_word' id='word_1_298' title='bbox 684 4043 1105 4116; x_wconf 82' lang='grc' dir='ltr'><strong>κατορθώματος</strong></span> <span class='ocrx_word' id='word_1_299' title='bbox 1125 4058 1139 4073; x_wconf 72' lang='grc' dir='ltr'>ο</span> <span class='ocrx_word' id='word_1_300' title='bbox 1172 4036 1293 4095; x_wconf 86' lang='grc' dir='ltr'><strong>εἶπε</strong></span> <span class='ocrx_word' id='word_1_301' title='bbox 1313 4040 1443 4112; x_wconf 77' lang='grc' dir='ltr'><strong>γὰρ,</strong></span> <span class='ocrx_word' id='word_1_302' title='bbox 1459 4041 1541 4095; x_wconf 83' lang='grc' dir='ltr'><strong>ὅτι</strong></span> <span class='ocrx_word' id='word_1_303' title='bbox 1565 4040 1647 4112; x_wconf 79' lang='grc' dir='ltr'><strong>Τῇ</strong></span> <span class='ocrx_word' id='word_1_304' title='bbox 1669 4044 1948 4111; x_wconf 76' lang='grc' dir='ltr'><strong>κοινωνίᾳ</strong></span> <span class='ocrx_word' id='word_1_305' title='bbox 1968 4042 2138 4113; x_wconf 83' lang='grc' dir='ltr'><strong>ὑμῶν</strong></span> 
     </span>
    </p>
   </div>
   <div class='ocr_carea' id='block_1_41' title="bbox 558 4131 2136 4208">
    <p class='ocr_par' dir='ltr' id='par_1_41' title="bbox 558 4131 2136 4208">
     <span class='ocr_line' id='line_1_41' title="bbox 558 4131 2136 4208; baseline 0 -18"><span class='ocrx_word' id='word_1_306' title='bbox 558 4137 764 4208; x_wconf 81' lang='grc' dir='ltr'><strong>χαίρω,</strong></span> <span class='ocrx_word' id='word_1_307' title='bbox 801 4135 1063 4205; x_wconf 74' lang='grc' dir='ltr'><strong>δηλονότι,</strong></span> <span class='ocrx_word' id='word_1_308' title='bbox 1098 4132 1174 4196; x_wconf 84' lang='grc' dir='ltr'><strong>ὡς</strong></span> <span class='ocrx_word' id='word_1_309' title='bbox 1203 4131 1381 4185; x_wconf 80' lang='grc' dir='ltr'><strong>αὐτῶν</strong></span> <span class='ocrx_word' id='word_1_310' title='bbox 1408 4132 1812 4204; x_wconf 87' lang='grc' dir='ltr'><strong>κατορθούντων</strong></span> <span class='ocrx_word' id='word_1_311' title='bbox 1833 4151 1848 4167; x_wconf 77' lang='grc' dir='ltr'><strong>ο</strong></span> <span class='ocrx_word' id='word_1_312' title='bbox 1896 4134 2019 4189; x_wconf 80' lang='grc' dir='ltr'><strong>οὕτε</strong></span> <span class='ocrx_word' id='word_1_313' title='bbox 2056 4133 2136 4191; x_wconf 80' lang='grc' dir='ltr'><strong>εἷ-</strong></span> 
     </span>
    </p>
   </div>
   <div class='ocr_carea' id='block_1_42' title="bbox 560 4220 2138 4300">
    <p class='ocr_par' dir='ltr' id='par_1_42' title="bbox 560 4220 2138 4300">
     <span class='ocr_line' id='line_1_42' title="bbox 560 4220 2138 4300; baseline 0.001 -19"><span class='ocrx_word' id='word_1_314' title='bbox 560 4245 664 4281; x_wconf 89' lang='grc' dir='ltr'><strong>πεν</strong></span> <span class='ocrx_word' id='word_1_315' title='bbox 692 4226 873 4289; x_wconf 76' lang='grc' dir='ltr'><strong>αὐτῶν</strong></span> <span class='ocrx_word' id='word_1_316' title='bbox 910 4220 1048 4279; x_wconf 81' lang='grc' dir='ltr'><strong>εἶναι</strong></span> <span class='ocrx_word' id='word_1_317' title='bbox 1092 4224 1162 4277; x_wconf 77' lang='grc' dir='ltr'><strong>τὰ</strong></span> <span class='ocrx_word' id='word_1_318' title='bbox 1207 4221 1606 4295; x_wconf 84' lang='grc' dir='ltr'><strong>κατορθώματα</strong></span> <span class='ocrx_word' id='word_1_319' title='bbox 1634 4224 1814 4295; x_wconf 91' lang='grc' dir='ltr'><strong>μόνον,</strong></span> <span class='ocrx_word' id='word_1_320' title='bbox 1841 4227 1977 4282; x_wconf 86' lang='grc' dir='ltr'><strong>ἀλλά</strong></span> <span class='ocrx_word' id='word_1_321' title='bbox 2006 4245 2138 4300; x_wconf 81' lang='grc' dir='ltr'><strong>προ-</strong></span> 
     </span>
    </p>
   </div>
   <div class='ocr_carea' id='block_1_43' title="bbox 559 4314 2133 4392">
    <p class='ocr_par' dir='ltr' id='par_1_43' title="bbox 559 4314 2133 4392">
     <span class='ocr_line' id='line_1_43' title="bbox 559 4314 2133 4392; baseline -0.007 -18"><span class='ocrx_word' id='word_1_322' title='bbox 559 4318 878 4392; x_wconf 82' lang='grc' dir='ltr'><strong>ηγουμένως</strong></span> <span class='ocrx_word' id='word_1_323' title='bbox 911 4315 1005 4370; x_wconf 80' lang='grc' dir='ltr'><strong>τοῦ</strong></span> <span class='ocrx_word' id='word_1_324' title='bbox 1035 4314 1203 4368; x_wconf 77' lang='grc' dir='ltr'><strong>Θεοῦο</strong></span> <span class='ocrx_word' id='word_1_325' title='bbox 1238 4316 1439 4385; x_wconf 77' lang='grc' dir='ltr'><strong>Θαρρῶ</strong></span> <span class='ocrx_word' id='word_1_326' title='bbox 1464 4315 1592 4389; x_wconf 78' lang='grc' dir='ltr'><strong>γὰρ,</strong></span> <span class='ocrx_word' id='word_1_327' title='bbox 1625 4319 1808 4389; x_wconf 68' lang='grc' dir='ltr'><strong>φησὶν,</strong></span> <span class='ocrx_word' id='word_1_328' title='bbox 1845 4318 1936 4374; x_wconf 81' lang='grc' dir='ltr'><strong>ὅτι</strong></span> <span class='ocrx_word' id='word_1_329' title='bbox 1967 4323 2001 4376; x_wconf 80' lang='grc' dir='ltr'><em>δ</em></span> <span class='ocrx_word' id='word_1_330' title='bbox 2031 4321 2133 4375; x_wconf 71' lang='grc' dir='ltr'><strong>ἐν-</strong></span> 
     </span>
    </p>
   </div>
   <div class='ocr_carea' id='block_1_44' title="bbox 558 4406 2137 4482">
    <p class='ocr_par' dir='ltr' id='par_1_44' title="bbox 558 4406 2137 4482">
     <span class='ocr_line' id='line_1_44' title="bbox 558 4406 2137 4482; baseline 0.002 -18"><span class='ocrx_word' id='word_1_331' title='bbox 558 4410 892 4480; x_wconf 74' lang='grc' dir='ltr'><strong>ἀρξάμενος</strong></span> <span class='ocrx_word' id='word_1_332' title='bbox 912 4408 981 4462; x_wconf 73' lang='grc' dir='ltr'><strong>ἐν</strong></span> <span class='ocrx_word' id='word_1_333' title='bbox 1006 4408 1150 4478; x_wconf 82' lang='grc' dir='ltr'><strong>ὑμῖν</strong></span> <span class='ocrx_word' id='word_1_334' title='bbox 1166 4406 1342 4477; x_wconf 74' lang='grc' dir='ltr'><strong>ἔργον</strong></span> <span class='ocrx_word' id='word_1_335' title='bbox 1359 4408 1585 4478; x_wconf 82' lang='grc' dir='ltr'><strong>ἀγαθὸν</strong></span> <span class='ocrx_word' id='word_1_336' title='bbox 1611 4410 1944 4466; x_wconf 75' lang='grc' dir='ltr'><strong>ἐπιτελέσει</strong></span> <span class='ocrx_word' id='word_1_337' title='bbox 1964 4413 2137 4482; x_wconf 81' lang='grc' dir='ltr'><strong>ἄχρις</strong></span> 
     </span>
    </p>
   </div>
   <div class='ocr_carea' id='block_1_45' title="bbox 559 4498 2136 4574">
    <p class='ocr_par' dir='ltr' id='par_1_45' title="bbox 559 4498 2136 4574">
     <span class='ocr_line' id='line_1_45' title="bbox 559 4498 2136 4574; baseline 0.004 -22"><span class='ocrx_word' id='word_1_338' title='bbox 559 4500 787 4571; x_wconf 76' lang='grc' dir='ltr'><strong>ἡμέρας</strong></span> <span class='ocrx_word' id='word_1_339' title='bbox 820 4499 1014 4569; x_wconf 82' lang='grc' dir='ltr'><strong>Ἰησοῦ</strong></span> <span class='ocrx_word' id='word_1_340' title='bbox 1047 4498 1305 4566; x_wconf 87' lang='grc' dir='ltr'><strong>Χριστοῦ</strong></span> <span class='ocrx_word' id='word_1_341' title='bbox 1322 4515 1338 4531; x_wconf 88' lang='grc'>·</span> <span class='ocrx_word' id='word_1_342' title='bbox 1366 4499 1662 4567; x_wconf 71' lang='grc' dir='ltr'><strong>τουτέστιν,</strong></span> <span class='ocrx_word' id='word_1_343' title='bbox 1686 4505 1715 4556; x_wconf 93' lang='lat'><strong>6</strong></span> <span class='ocrx_word' id='word_1_344' title='bbox 1740 4503 1892 4567; x_wconf 88' lang='grc' dir='ltr'><strong>Θεός.</strong></span> <span class='ocrx_word' id='word_1_345' title='bbox 1911 4505 1987 4558; x_wconf 82' lang='grc' dir='ltr'><strong>Οὐ</strong></span> <span class='ocrx_word' id='word_1_346' title='bbox 2006 4504 2136 4574; x_wconf 71' lang='grc' dir='ltr'><strong>περὶ</strong></span> 
     </span>
    </p>
   </div>
   <div class='ocr_carea' id='block_1_46' title="bbox 563 4592 2135 4667">
    <p class='ocr_par' dir='ltr' id='par_1_46' title="bbox 563 4592 2135 4667">
     <span class='ocr_line' id='line_1_46' title="bbox 563 4592 2135 4667; baseline 0.001 -19"><span class='ocrx_word' id='word_1_347' title='bbox 563 4592 717 4661; x_wconf 83' lang='grc' dir='ltr'><strong>ὑμῶν</strong></span> <span class='ocrx_word' id='word_1_348' title='bbox 765 4592 845 4658; x_wconf 78' lang='grc' dir='ltr'><strong>δὲ,</strong></span> <span class='ocrx_word' id='word_1_349' title='bbox 877 4592 1031 4664; x_wconf 74' lang='grc' dir='ltr'><strong>φησὶ,</strong></span> <span class='ocrx_word' id='word_1_350' title='bbox 1066 4593 1244 4663; x_wconf 88' lang='grc' dir='ltr'><strong>μόνον,</strong></span> <span class='ocrx_word' id='word_1_351' title='bbox 1272 4592 1408 4649; x_wconf 86' lang='grc' dir='ltr'><strong>ἀλλά</strong></span> <span class='ocrx_word' id='word_1_352' title='bbox 1449 4593 1542 4647; x_wconf 76' lang='grc' dir='ltr'><strong>καὶ</strong></span> <span class='ocrx_word' id='word_1_353' title='bbox 1584 4594 1712 4663; x_wconf 74' lang='grc' dir='ltr'><strong>περὶ</strong></span> <span class='ocrx_word' id='word_1_354' title='bbox 1741 4594 1851 4649; x_wconf 89' lang='grc' dir='ltr'><strong>τῶν</strong></span> <span class='ocrx_word' id='word_1_355' title='bbox 1894 4594 1954 4660; x_wconf 78' lang='grc' dir='ltr'><strong>ἐξ</strong></span> <span class='ocrx_word' id='word_1_356' title='bbox 1982 4596 2135 4667; x_wconf 75' lang='grc' dir='ltr'>ὑμῶν</span> 
     </span>
    </p>
   </div>
   <div class='ocr_carea' id='block_1_47' title="bbox 558 4680 2133 4756">
    <p class='ocr_par' dir='ltr' id='par_1_47' title="bbox 558 4680 2133 4756">
     <span class='ocr_line' id='line_1_47' title="bbox 558 4680 2133 4756; baseline 0.001 -18"><span class='ocrx_word' id='word_1_357' title='bbox 558 4684 702 4738; x_wconf 83' lang='grc' dir='ltr'><strong>οὕτω</strong></span> <span class='ocrx_word' id='word_1_358' title='bbox 728 4682 1027 4754; x_wconf 82' lang='grc' dir='ltr'><strong>διάκειμαι.</strong></span> <span class='ocrx_word' id='word_1_359' title='bbox 1061 4682 1170 4735; x_wconf 84' lang='lat' dir='ltr'><strong>Kal</strong></span> <span class='ocrx_word' id='word_1_360' title='bbox 1196 4680 1354 4736; x_wconf 80' lang='grc' dir='ltr'><strong>τοῦτο</strong></span> <span class='ocrx_word' id='word_1_361' title='bbox 1389 4680 1499 4753; x_wconf 88' lang='grc' dir='ltr'><strong>γάρ</strong></span> <span class='ocrx_word' id='word_1_362' title='bbox 1529 4682 1590 4735; x_wconf 83' lang='grc' dir='ltr'><strong>οὐ</strong></span> <span class='ocrx_word' id='word_1_363' title='bbox 1621 4682 1816 4754; x_wconf 81' lang='grc' dir='ltr'><strong>μικρὸν</strong></span> <span class='ocrx_word' id='word_1_364' title='bbox 1840 4684 2133 4756; x_wconf 84' lang='grc' dir='ltr'><strong>ἐγκώμιον,</strong></span> 
     </span>
    </p>
   </div>
   <div class='ocr_carea' id='block_1_48' title="bbox 558 4772 2135 4850">
    <p class='ocr_par' dir='ltr' id='par_1_48' title="bbox 558 4772 2135 4850">
     <span class='ocr_line' id='line_1_48' title="bbox 558 4772 2135 4850; baseline 0.001 -20"><span class='ocrx_word' id='word_1_365' title='bbox 558 4775 620 4830; x_wconf 78' lang='grc' dir='ltr'><strong>τὸ</strong></span> <span class='ocrx_word' id='word_1_366' title='bbox 642 4774 734 4830; x_wconf 80' lang='grc' dir='ltr'><strong>τὸν</strong></span> <span class='ocrx_word' id='word_1_367' title='bbox 763 4773 896 4828; x_wconf 80' lang='grc' dir='ltr'><strong>Θεὸν</strong></span> <span class='ocrx_word' id='word_1_368' title='bbox 926 4772 984 4826; x_wconf 81' lang='grc' dir='ltr'><strong>ἔν</strong></span> <span class='ocrx_word' id='word_1_369' title='bbox 1015 4789 1120 4827; x_wconf 90' lang='grc' dir='ltr'><strong>τινι</strong></span> <span class='ocrx_word' id='word_1_370' title='bbox 1148 4774 1409 4843; x_wconf 86' lang='grc' dir='ltr'><strong>ἐνεργεῖν.</strong></span> <span class='ocrx_word' id='word_1_371' title='bbox 1442 4773 1503 4826; x_wconf 83' lang='grc' dir='ltr'><strong>Εί</strong></span> <span class='ocrx_word' id='word_1_372' title='bbox 1533 4773 1644 4845; x_wconf 82' lang='grc' dir='ltr'><strong>γὰρ</strong></span> <span class='ocrx_word' id='word_1_373' title='bbox 1674 4773 1748 4846; x_wconf 76' lang='grc' dir='ltr'><strong>μὴ</strong></span> <span class='ocrx_word' id='word_1_374' title='bbox 1779 4777 2135 4850; x_wconf 80' lang='grc' dir='ltr'><strong>προσωπολή-</strong></span> 
     </span>
    </p>
   </div>
   <div class='ocr_carea' id='block_1_49' title="bbox 561 4862 2135 4947">
    <p class='ocr_par' dir='ltr' id='par_1_49' title="bbox 561 4862 2135 4947">
     <span class='ocr_line' id='line_1_49' title="bbox 561 4862 2135 4947; baseline 0.001 -24"><span class='ocrx_word' id='word_1_375' title='bbox 561 4886 701 4940; x_wconf 83' lang='grc' dir='ltr'><strong>πτης</strong></span> <span class='ocrx_word' id='word_1_376' title='bbox 743 4868 912 4930; x_wconf 72' lang='grc' dir='ltr'><strong>ἐστὶν,</strong></span> <span class='ocrx_word' id='word_1_377' title='bbox 943 4866 1132 4947; x_wconf 72' lang='grc' dir='ltr'><strong>ᾧσπερ</strong></span> <span class='ocrx_word' id='word_1_378' title='bbox 1172 4862 1264 4920; x_wconf 84' lang='grc' dir='ltr'>οὖν</span> <span class='ocrx_word' id='word_1_379' title='bbox 1305 4865 1426 4920; x_wconf 83' lang='grc' dir='ltr'><strong>ούδέ</strong></span> <span class='ocrx_word' id='word_1_380' title='bbox 1459 4867 1642 4931; x_wconf 80' lang='grc' dir='ltr'><strong>ἐστιν,</strong></span> <span class='ocrx_word' id='word_1_381' title='bbox 1673 4867 1810 4922; x_wconf 87' lang='grc' dir='ltr'><strong>ἀλλά</strong></span> <span class='ocrx_word' id='word_1_382' title='bbox 1852 4870 1987 4940; x_wconf 72' lang='grc' dir='ltr'><strong>πρὸς</strong></span> <span class='ocrx_word' id='word_1_383' title='bbox 2033 4873 2135 4941; x_wconf 79' lang='grc' dir='ltr'><strong>τὴν</strong></span> 
     </span>
    </p>
   </div>
   <div class='ocr_carea' id='block_1_50' title="bbox 560 4958 2135 5035">
    <p class='ocr_par' dir='ltr' id='par_1_50' title="bbox 560 4958 2135 5035">
     <span class='ocr_line' id='line_1_50' title="bbox 560 4958 2135 5035; baseline 0 -18"><span class='ocrx_word' id='word_1_384' title='bbox 560 4962 817 5035; x_wconf 79' lang='grc' dir='ltr'><strong>πρόθεσιν</strong></span> <span class='ocrx_word' id='word_1_385' title='bbox 869 4960 1011 5031; x_wconf 76' lang='grc' dir='ltr'><strong>ὀρῶν</strong></span> <span class='ocrx_word' id='word_1_386' title='bbox 1037 4997 1054 5023; x_wconf 88' lang='grc'><strong>,</strong></span> <span class='ocrx_word' id='word_1_387' title='bbox 1106 4958 1504 5027; x_wconf 77' lang='grc' dir='ltr'><strong>συνεφάπτεται</strong></span> <span class='ocrx_word' id='word_1_388' title='bbox 1549 4958 1659 5014; x_wconf 92' lang='grc' dir='ltr'><strong>τῶν</strong></span> <span class='ocrx_word' id='word_1_389' title='bbox 1699 4961 2135 5032; x_wconf 80' lang='grc' dir='ltr'><strong>κατορθωμάτων</strong></span> 
     </span>
    </p>
   </div>
   <div class='ocr_carea' id='block_1_51' title="bbox 561 5049 2134 5126">
    <p class='ocr_par' dir='ltr' id='par_1_51' title="bbox 561 5049 2134 5126">
     <span class='ocr_line' id='line_1_51' title="bbox 561 5049 2134 5126; baseline 0 -19"><span class='ocrx_word' id='word_1_390' title='bbox 561 5055 711 5124; x_wconf 77' lang='grc' dir='ltr'><strong>ἡμῖν,</strong></span> <span class='ocrx_word' id='word_1_391' title='bbox 738 5053 895 5123; x_wconf 84' lang='grc' dir='ltr'><strong>δῆλον</strong></span> <span class='ocrx_word' id='word_1_392' title='bbox 924 5049 1077 5122; x_wconf 72' lang='grc'><strong>[198]</strong></span> <span class='ocrx_word' id='word_1_393' title='bbox 1112 5051 1194 5104; x_wconf 75' lang='grc' dir='ltr'><strong>ὅτι</strong></span> <span class='ocrx_word' id='word_1_394' title='bbox 1217 5049 1310 5104; x_wconf 80' lang='grc' dir='ltr'><strong>τοῦ</strong></span> <span class='ocrx_word' id='word_1_395' title='bbox 1338 5051 1745 5106; x_wconf 76' lang='grc' dir='ltr'><strong>ἐπισπάσασθαι</strong></span> <span class='ocrx_word' id='word_1_396' title='bbox 1780 5054 1942 5110; x_wconf 78' lang='grc' dir='ltr'><strong>αὐτὸν</strong></span> <span class='ocrx_word' id='word_1_397' title='bbox 1972 5057 2134 5126; x_wconf 79' lang='grc' dir='ltr'><strong>ἡμεῖς</strong></span> 
     </span>
    </p>
   </div>
   <div class='ocr_carea' id='block_1_52' title="bbox 561 5140 2134 5227">
    <p class='ocr_par' dir='ltr' id='par_1_52' title="bbox 561 5140 2134 5227">
     <span class='ocr_line' id='line_1_52' title="bbox 561 5140 2134 5227; baseline 0 -29"><span class='ocrx_word' id='word_1_398' title='bbox 561 5145 932 5200; x_wconf 82' lang='grc' dir='ltr'><strong>αἴτιοι.Ὥστε</strong></span> <span class='ocrx_word' id='word_1_399' title='bbox 975 5140 1318 5227; x_wconf 54' lang='grc' dir='ltr'><strong>οὐδὲμῦτως</strong></span> <span class='ocrx_word' id='word_1_400' title='bbox 1365 5142 1740 5215; x_wconf 78' lang='grc' dir='ltr'><strong>ἀπεστέρησεν</strong></span> <span class='ocrx_word' id='word_1_401' title='bbox 1783 5143 1979 5208; x_wconf 75' lang='grc' dir='ltr'><strong>αὐτοὺς</strong></span> <span class='ocrx_word' id='word_1_402' title='bbox 2023 5144 2134 5198; x_wconf 91' lang='grc' dir='ltr'><strong>τῶν</strong></span> 
     </span>
    </p>
   </div>
   <div class='ocr_carea' id='block_1_53' title="bbox 562 5232 2133 5307">
    <p class='ocr_par' dir='ltr' id='par_1_53' title="bbox 562 5232 2133 5307">
     <span class='ocr_line' id='line_1_53' title="bbox 562 5232 2133 5307; baseline 0.002 -19"><span class='ocrx_word' id='word_1_403' title='bbox 562 5235 881 5307; x_wconf 72' lang='grc' dir='ltr'><strong>ἐγκωμίωνο</strong></span> <span class='ocrx_word' id='word_1_404' title='bbox 912 5234 1034 5287; x_wconf 79' lang='grc' dir='ltr'><strong>ἐπεὶ</strong></span> <span class='ocrx_word' id='word_1_405' title='bbox 1063 5234 1112 5287; x_wconf 76' lang='grc' dir='ltr'><strong>ιι</strong></span> <span class='ocrx_word' id='word_1_406' title='bbox 1142 5232 1327 5297; x_wconf 85' lang='grc' dir='ltr'><strong>ἁπλῶς</strong></span> <span class='ocrx_word' id='word_1_407' title='bbox 1352 5235 1590 5306; x_wconf 86' lang='grc' dir='ltr'><strong>ἐνήργει,</strong></span> <span class='ocrx_word' id='word_1_408' title='bbox 1620 5234 1774 5289; x_wconf 80' lang='grc' dir='ltr'><strong>οὐδὲν</strong></span> <span class='ocrx_word' id='word_1_409' title='bbox 1802 5235 1870 5290; x_wconf 86' lang='grc' dir='ltr'><strong>ἀν</strong></span> <span class='ocrx_word' id='word_1_410' title='bbox 1894 5235 2133 5291; x_wconf 85' lang='grc' dir='ltr'><strong>ἐκώλυσε</strong></span> 
     </span>
    </p>
   </div>
   <div class='ocr_carea' id='block_1_54' title="bbox 561 5324 2134 5398">
    <p class='ocr_par' dir='ltr' id='par_1_54' title="bbox 561 5324 2134 5398">
     <span class='ocr_line' id='line_1_54' title="bbox 561 5324 2134 5398; baseline 0 -17"><span class='ocrx_word' id='word_1_411' title='bbox 561 5327 657 5382; x_wconf 78' lang='grc' dir='ltr'><strong>καὶ</strong></span> <span class='ocrx_word' id='word_1_412' title='bbox 683 5326 951 5397; x_wconf 79' lang='grc' dir='ltr'><strong>’Έλληνας</strong></span> <span class='ocrx_word' id='word_1_413' title='bbox 988 5326 1081 5379; x_wconf 72' lang='grc' dir='ltr'><strong>καὶ</strong></span> <span class='ocrx_word' id='word_1_414' title='bbox 1123 5324 1326 5389; x_wconf 85' lang='grc' dir='ltr'><strong>πάντας</strong></span> <span class='ocrx_word' id='word_1_415' title='bbox 1353 5325 1671 5398; x_wconf 85' lang='grc' dir='ltr'><strong>ἀνθρώπους</strong></span> <span class='ocrx_word' id='word_1_416' title='bbox 1699 5327 2058 5398; x_wconf 83' lang='grc' dir='ltr'><strong>ἐνεργεῖσθαι,</strong></span> <span class='ocrx_word' id='word_1_417' title='bbox 2085 5330 2134 5382; x_wconf 86' lang='grc' dir='ltr'><strong>εί</strong></span> 
     </span>
    </p>
   </div>
   <div class='ocr_carea' id='block_1_55' title="bbox 560 5417 2134 5491">
    <p class='ocr_par' dir='ltr' id='par_1_55' title="bbox 560 5417 2134 5491">
     <span class='ocr_line' id='line_1_55' title="bbox 560 5417 2134 5491; baseline 0.001 -19"><span class='ocrx_word' id='word_1_418' title='bbox 560 5420 637 5483; x_wconf 80' lang='grc' dir='ltr'><strong>ὡς</strong></span> <span class='ocrx_word' id='word_1_419' title='bbox 659 5418 793 5484; x_wconf 80' lang='grc' dir='ltr'><strong>ξύλα</strong></span> <span class='ocrx_word' id='word_1_420' title='bbox 816 5420 961 5490; x_wconf 81' lang='grc' dir='ltr'><strong>ἡμᾶς</strong></span> <span class='ocrx_word' id='word_1_421' title='bbox 989 5418 1157 5473; x_wconf 84' lang='grc' dir='ltr'><strong>ἐκίνει</strong></span> <span class='ocrx_word' id='word_1_422' title='bbox 1178 5417 1274 5473; x_wconf 74' lang='grc' dir='ltr'><strong>καὶ</strong></span> <span class='ocrx_word' id='word_1_423' title='bbox 1301 5417 1500 5484; x_wconf 80' lang='grc' dir='ltr'><strong>λίθους,</strong></span> <span class='ocrx_word' id='word_1_424' title='bbox 1523 5419 1619 5473; x_wconf 76' lang='grc' dir='ltr'><strong>καὶ</strong></span> <span class='ocrx_word' id='word_1_425' title='bbox 1646 5417 1721 5490; x_wconf 79' lang='grc' dir='ltr'><strong>μὴ</strong></span> <span class='ocrx_word' id='word_1_426' title='bbox 1741 5418 1809 5472; x_wconf 84' lang='grc' dir='ltr'><strong>τὰ</strong></span> <span class='ocrx_word' id='word_1_427' title='bbox 1829 5420 1957 5490; x_wconf 85' lang='grc' dir='ltr'><strong>παρ’</strong></span> <span class='ocrx_word' id='word_1_428' title='bbox 1977 5420 2134 5491; x_wconf 88' lang='grc' dir='ltr'><strong>ήμῶν</strong></span> 
     </span>
    </p>
   </div>
   <div class='ocr_carea' id='block_1_56' title="bbox 563 5510 2135 5582">
    <p class='ocr_par' dir='ltr' id='par_1_56' title="bbox 563 5510 2135 5582">
     <span class='ocr_line' id='line_1_56' title="bbox 563 5510 2135 5582; baseline 0.004 -19"><span class='ocrx_word' id='word_1_429' title='bbox 563 5511 767 5582; x_wconf 77' lang='grc' dir='ltr'><strong>ἐζήτει.</strong></span> <span class='ocrx_word' id='word_1_430' title='bbox 794 5512 951 5565; x_wconf 77' lang='grc' dir='ltr'><strong>Ὥστε</strong></span> <span class='ocrx_word' id='word_1_431' title='bbox 1003 5510 1080 5581; x_wconf 82' lang='grc' dir='ltr'><strong>τῷ</strong></span> <span class='ocrx_word' id='word_1_432' title='bbox 1129 5512 1320 5575; x_wconf 80' lang='grc' dir='ltr'><strong>εἰπεῖν,</strong></span> <span class='ocrx_word' id='word_1_433' title='bbox 1356 5510 1420 5565; x_wconf 84' lang='grc'><strong>’0</strong></span> <span class='ocrx_word' id='word_1_434' title='bbox 1460 5510 1608 5577; x_wconf 82' lang='grc' dir='ltr'><strong>Θεὸς</strong></span> <span class='ocrx_word' id='word_1_435' title='bbox 1657 5510 2008 5578; x_wconf 75' lang='grc' dir='ltr'><strong>ἐπιτελέσει,</strong></span> <span class='ocrx_word' id='word_1_436' title='bbox 2040 5515 2135 5569; x_wconf 83' lang='grc' dir='ltr'><strong>καὶ</strong></span> 
     </span>
    </p>
   </div>
   <div class='ocr_carea' id='block_1_57' title="bbox 562 5601 2138 5674">
    <p class='ocr_par' dir='ltr' id='par_1_57' title="bbox 562 5601 2138 5674">
     <span class='ocr_line' id='line_1_57' title="bbox 562 5601 2138 5674; baseline 0.003 -19"><span class='ocrx_word' id='word_1_437' title='bbox 562 5601 722 5656; x_wconf 84' lang='grc' dir='ltr'><strong>τοῦτο</strong></span> <span class='ocrx_word' id='word_1_438' title='bbox 751 5602 910 5658; x_wconf 85' lang='grc' dir='ltr'><strong>πάλιν</strong></span> <span class='ocrx_word' id='word_1_439' title='bbox 938 5604 1114 5659; x_wconf 85' lang='grc' dir='ltr'><strong>αὐτῶν</strong></span> <span class='ocrx_word' id='word_1_440' title='bbox 1142 5603 1414 5674; x_wconf 83' lang='grc' dir='ltr'><strong>ἐγκώμιον</strong></span> <span class='ocrx_word' id='word_1_441' title='bbox 1445 5603 1673 5671; x_wconf 86' lang='grc' dir='ltr'><strong>γίνεται,</strong></span> <span class='ocrx_word' id='word_1_442' title='bbox 1694 5601 1805 5657; x_wconf 89' lang='grc' dir='ltr'><strong>τῶν</strong></span> <span class='ocrx_word' id='word_1_443' title='bbox 1834 5606 2138 5660; x_wconf 76' lang='grc' dir='ltr'><strong>ἐπισπασαο</strong></span> 
     </span>
    </p>
   </div>
   <div class='ocr_carea' id='block_1_58' title="bbox 567 5698 2135 5769">
    <p class='ocr_par' dir='ltr' id='par_1_58' title="bbox 567 5698 2135 5769">
     <span class='ocr_line' id='line_1_58' title="bbox 567 5698 2135 5769; baseline 0.001 -17"><span class='ocrx_word' id='word_1_444' title='bbox 567 5698 744 5768; x_wconf 77' lang='grc' dir='ltr'><strong>μένων</strong></span> <span class='ocrx_word' id='word_1_445' title='bbox 791 5698 884 5752; x_wconf 80' lang='grc' dir='ltr'><strong>τοῦ</strong></span> <span class='ocrx_word' id='word_1_446' title='bbox 909 5698 1049 5753; x_wconf 78' lang='grc' dir='ltr'><strong>Θεοῦ</strong></span> <span class='ocrx_word' id='word_1_447' title='bbox 1096 5700 1197 5768; x_wconf 77' lang='grc' dir='ltr'><strong>τὴν</strong></span> <span class='ocrx_word' id='word_1_448' title='bbox 1235 5698 1397 5769; x_wconf 81' lang='grc' dir='ltr'><strong>χάριν</strong></span> <span class='ocrx_word' id='word_1_449' title='bbox 1444 5698 1814 5767; x_wconf 79' lang='grc' dir='ltr'><strong>συμπράττειν</strong></span> <span class='ocrx_word' id='word_1_450' title='bbox 1845 5698 2030 5762; x_wconf 84' lang='grc' dir='ltr'><strong>αὐτοῖς</strong></span> <span class='ocrx_word' id='word_1_451' title='bbox 2076 5701 2135 5753; x_wconf 92' lang='grc' dir='ltr'><strong>ἐν</strong></span> 
     </span>
    </p>
   </div>
   <div class='ocr_carea' id='block_1_59' title="bbox 562 5786 2133 5862">
    <p class='ocr_par' dir='ltr' id='par_1_59' title="bbox 562 5786 2133 5862">
     <span class='ocr_line' id='line_1_59' title="bbox 562 5786 2133 5862; baseline 0.001 -19"><span class='ocrx_word' id='word_1_452' title='bbox 562 5789 640 5858; x_wconf 80' lang='grc' dir='ltr'><strong>τῷ</strong></span> <span class='ocrx_word' id='word_1_453' title='bbox 671 5789 969 5860; x_wconf 73' lang='grc' dir='ltr'><strong>ὑπερϐῆναι</strong></span> <span class='ocrx_word' id='word_1_454' title='bbox 1000 5791 1100 5862; x_wconf 82' lang='grc' dir='ltr'><strong>τὴν</strong></span> <span class='ocrx_word' id='word_1_455' title='bbox 1126 5788 1471 5860; x_wconf 83' lang='grc' dir='ltr'><strong>ἀνθρωπίνην</strong></span> <span class='ocrx_word' id='word_1_456' title='bbox 1500 5786 1680 5857; x_wconf 71' lang='grc' dir='ltr'><strong>φύσιν.</strong></span> <span class='ocrx_word' id='word_1_457' title='bbox 1712 5789 1822 5843; x_wconf 89' lang='lat' dir='ltr'><strong>Kal</strong></span> <span class='ocrx_word' id='word_1_458' title='bbox 1847 5788 2047 5861; x_wconf 81' lang='grc' dir='ltr'><strong>ἐτέρως</strong></span> <span class='ocrx_word' id='word_1_459' title='bbox 2076 5790 2133 5845; x_wconf 78' lang='grc' dir='ltr'><strong>δέ</strong></span> 
     </span>
    </p>
   </div>
   <div class='ocr_carea' id='block_1_60' title="bbox 1212 377 3043 442">
    <p class='ocr_par' dir='ltr' id='par_1_60' title="bbox 1212 377 3043 442">
     <span class='ocr_line' id='line_1_60' title="bbox 1212 377 3043 442; baseline 0.004 -8"><span class='ocrx_word' id='word_1_460' title='bbox 1212 386 1272 436; x_wconf 82' lang='lat' dir='ltr'><strong>S.</strong></span> <span class='ocrx_word' id='word_1_461' title='bbox 1309 378 1588 436; x_wconf 70' lang='grc' dir='ltr'><strong>ιοΑΝΝιε</strong></span> <span class='ocrx_word' id='word_1_462' title='bbox 1624 377 2109 435; x_wconf 72' lang='grc' dir='ltr'><strong>ειιιιγευετοιιι</strong></span> <span class='ocrx_word' id='word_1_463' title='bbox 2147 378 2465 435; x_wconf 72' lang='lat' dir='ltr'><strong>ARCIIIEP.</strong></span> <span class='ocrx_word' id='word_1_464' title='bbox 2501 381 3043 442; x_wconf 75' lang='lat' dir='ltr'><strong>CONS&#39;I&#39;ANTINOP.</strong></span> 
     </span>
    </p>
   </div>
   <div class='ocr_carea' id='block_1_61' title="bbox 3706 389 3810 450">
    <p class='ocr_par' dir='ltr' id='par_1_61' title="bbox 3706 389 3810 450">
     <span class='ocr_line' id='line_1_61' title="bbox 3706 389 3810 450; baseline 0 -8"><span class='ocrx_word' id='word_1_465' title='bbox 3706 389 3810 450; x_wconf 63' lang='grc'><strong>186</strong></span> 
     </span>
    </p>
   </div>
   <div class='ocr_carea' id='block_1_62' title="bbox 2235 499 3804 573">
    <p class='ocr_par' dir='ltr' id='par_1_62' title="bbox 2235 499 3804 573">
     <span class='ocr_line' id='line_1_62' title="bbox 2235 499 3804 573; baseline 0.004 -22"><span class='ocrx_word' id='word_1_466' title='bbox 2235 499 2528 570; x_wconf 82' lang='grc' dir='ltr'><strong>ἐγκώμιον,</strong></span> <span class='ocrx_word' id='word_1_467' title='bbox 2557 501 2639 555; x_wconf 81' lang='grc' dir='ltr'><strong>ὅτι</strong></span> <span class='ocrx_word' id='word_1_468' title='bbox 2671 499 2895 555; x_wconf 81' lang='grc' dir='ltr'><strong>τοιαῦτα</strong></span> <span class='ocrx_word' id='word_1_469' title='bbox 2932 501 3003 555; x_wconf 86' lang='grc' dir='ltr'><strong>τά</strong></span> <span class='ocrx_word' id='word_1_470' title='bbox 3028 500 3426 573; x_wconf 84' lang='grc' dir='ltr'><strong>κατορθώματα</strong></span> <span class='ocrx_word' id='word_1_471' title='bbox 3456 501 3610 571; x_wconf 82' lang='grc' dir='ltr'><strong>ὑμῶν</strong></span> <span class='ocrx_word' id='word_1_472' title='bbox 3638 505 3804 571; x_wconf 82' lang='grc' dir='ltr'><strong>ἐστιν,</strong></span> 
     </span>
    </p>
   </div>
   <div class='ocr_carea' id='block_1_63' title="bbox 2234 584 3810 661">
    <p class='ocr_par' dir='ltr' id='par_1_63' title="bbox 2234 584 3810 661">
     <span class='ocr_line' id='line_1_63' title="bbox 2234 584 3810 661; baseline 0.003 -20"><span class='ocrx_word' id='word_1_473' title='bbox 2234 587 2373 642; x_wconf 82' lang='grc' dir='ltr'><strong>ὥστε</strong></span> <span class='ocrx_word' id='word_1_474' title='bbox 2404 588 2479 661; x_wconf 81' lang='grc' dir='ltr'><strong>μὴ</strong></span> <span class='ocrx_word' id='word_1_475' title='bbox 2512 584 2652 642; x_wconf 74' lang='grc' dir='ltr'><strong>εἷναι</strong></span> <span class='ocrx_word' id='word_1_476' title='bbox 2675 585 3010 660; x_wconf 74' lang='grc' dir='ltr'><strong>ἀνθρώπινα,</strong></span> <span class='ocrx_word' id='word_1_477' title='bbox 3028 588 3163 643; x_wconf 88' lang='grc' dir='ltr'><strong>ἀλλά</strong></span> <span class='ocrx_word' id='word_1_478' title='bbox 3188 588 3289 660; x_wconf 82' lang='grc' dir='ltr'><strong>τῆς</strong></span> <span class='ocrx_word' id='word_1_479' title='bbox 3315 588 3408 644; x_wconf 82' lang='grc' dir='ltr'><strong>τοῦ</strong></span> <span class='ocrx_word' id='word_1_480' title='bbox 3438 588 3574 644; x_wconf 86' lang='grc' dir='ltr'><strong>Θεοῦ</strong></span> <span class='ocrx_word' id='word_1_481' title='bbox 3601 592 3810 645; x_wconf 84' lang='grc' dir='ltr'><strong>δεῖσθαι</strong></span> 
     </span>
    </p>
   </div>
   <div class='ocr_carea' id='block_1_64' title="bbox 2237 678 3808 751">
    <p class='ocr_par' dir='ltr' id='par_1_64' title="bbox 2237 678 3808 751">
     <span class='ocr_line' id='line_1_64' title="bbox 2237 678 3808 751; baseline 0.001 -18"><span class='ocrx_word' id='word_1_482' title='bbox 2237 680 2429 751; x_wconf 78' lang='grc' dir='ltr'><strong>ῥοπῆς.</strong></span> <span class='ocrx_word' id='word_1_483' title='bbox 2482 678 2547 734; x_wconf 82' lang='grc' dir='ltr'><strong>Εἰ</strong></span> <span class='ocrx_word' id='word_1_484' title='bbox 2580 679 2638 733; x_wconf 82' lang='grc' dir='ltr'><strong>δέ</strong></span> <span class='ocrx_word' id='word_1_485' title='bbox 2675 681 2704 732; x_wconf 93' lang='lat'><strong>6</strong></span> <span class='ocrx_word' id='word_1_486' title='bbox 2729 679 2863 743; x_wconf 85' lang='grc' dir='ltr'><strong>Θεὸς</strong></span> <span class='ocrx_word' id='word_1_487' title='bbox 2905 679 3226 745; x_wconf 67' lang='grc' dir='ltr'><strong>ἐπιτελέσαι,</strong></span> <span class='ocrx_word' id='word_1_488' title='bbox 3269 679 3391 734; x_wconf 84' lang='grc' dir='ltr'><strong>ούδέ</strong></span> <span class='ocrx_word' id='word_1_489' title='bbox 3440 680 3605 744; x_wconf 66' lang='grc' dir='ltr'><strong>πολὺς</strong></span> <span class='ocrx_word' id='word_1_490' title='bbox 3652 680 3808 735; x_wconf 76' lang='grc' dir='ltr'><strong>ἔσται</strong></span> 
     </span>
    </p>
   </div>
   <div class='ocr_carea' id='block_1_65' title="bbox 2238 769 3808 842">
    <p class='ocr_par' dir='ltr' id='par_1_65' title="bbox 2238 769 3808 842">
     <span class='ocr_line' id='line_1_65' title="bbox 2238 769 3808 842; baseline 0.001 -19"><span class='ocrx_word' id='word_1_491' title='bbox 2238 770 2502 840; x_wconf 84' lang='grc' dir='ltr'><strong>κάματος,</strong></span> <span class='ocrx_word' id='word_1_492' title='bbox 2534 769 2669 824; x_wconf 77' lang='grc' dir='ltr'><strong>ἀλλὰ</strong></span> <span class='ocrx_word' id='word_1_493' title='bbox 2698 770 2780 823; x_wconf 82' lang='grc' dir='ltr'><strong>δεῖ</strong></span> <span class='ocrx_word' id='word_1_494' title='bbox 2809 770 3054 842; x_wconf 80' lang='grc' dir='ltr'><strong>θαρρεῖν,</strong></span> <span class='ocrx_word' id='word_1_495' title='bbox 3080 770 3158 834; x_wconf 81' lang='grc' dir='ltr'><strong>ὡς</strong></span> <span class='ocrx_word' id='word_1_496' title='bbox 3197 770 3453 842; x_wconf 72' lang='grc' dir='ltr'><strong>εὐμαρῶς</strong></span> <span class='ocrx_word' id='word_1_497' title='bbox 3491 772 3668 826; x_wconf 81' lang='grc' dir='ltr'><strong>πάντα</strong></span> <span class='ocrx_word' id='word_1_498' title='bbox 3694 771 3808 824; x_wconf 86' lang='grc' dir='ltr'><strong>δια-</strong></span> 
     </span>
    </p>
   </div>
   <div class='ocr_carea' id='block_1_66' title="bbox 2233 861 3807 934">
    <p class='ocr_par' dir='ltr' id='par_1_66' title="bbox 2233 861 3807 934">
     <span class='ocr_line' id='line_1_66' title="bbox 2233 861 3807 934; baseline 0.001 -21"><span class='ocrx_word' id='word_1_499' title='bbox 2233 863 2486 923; x_wconf 86' lang='grc' dir='ltr'><strong>νυόντων,</strong></span> <span class='ocrx_word' id='word_1_500' title='bbox 2520 864 2613 915; x_wconf 78' lang='grc' dir='ltr'><strong>ἀτε</strong></span> <span class='ocrx_word' id='word_1_501' title='bbox 2642 863 2732 916; x_wconf 78' lang='grc' dir='ltr'><strong>ὑπ’</strong></span> <span class='ocrx_word' id='word_1_502' title='bbox 2754 861 2963 917; x_wconf 87' lang='grc' dir='ltr'><strong>ἐκείνου</strong></span> <span class='ocrx_word' id='word_1_503' title='bbox 2999 862 3397 934; x_wconf 77' lang='grc' dir='ltr'><strong>βοηθουμένων.</strong></span> <span class='ocrx_word' id='word_1_504' title='bbox 3443 862 3646 928; x_wconf 83' lang='grc' dir='ltr'><strong>Καθὼς</strong></span> <span class='ocrx_word' id='word_1_505' title='bbox 3672 863 3807 917; x_wconf 82' lang='grc' dir='ltr'><strong>ἐστι</strong></span> 
     </span>
    </p>
   </div>
   <div class='ocr_carea' id='block_1_67' title="bbox 2232 953 3801 1025">
    <p class='ocr_par' dir='ltr' id='par_1_67' title="bbox 2232 953 3801 1025">
     <span class='ocr_line' id='line_1_67' title="bbox 2232 953 3801 1025; baseline 0.001 -19"><span class='ocrx_word' id='word_1_506' title='bbox 2232 955 2466 1010; x_wconf 81' lang='grc' dir='ltr'><strong>δίκαιον</strong></span> <span class='ocrx_word' id='word_1_507' title='bbox 2488 954 2594 1024; x_wconf 78' lang='grc' dir='ltr'><strong>ἐμὲ</strong></span> <span class='ocrx_word' id='word_1_508' title='bbox 2644 954 2819 1009; x_wconf 85' lang='grc' dir='ltr'><strong>τοῦτο</strong></span> <span class='ocrx_word' id='word_1_509' title='bbox 2857 954 3102 1025; x_wconf 77' lang='grc' dir='ltr'><strong>φρονεῖν</strong></span> <span class='ocrx_word' id='word_1_510' title='bbox 3132 954 3284 1024; x_wconf 83' lang='grc' dir='ltr'><strong>ὑπὲρ</strong></span> <span class='ocrx_word' id='word_1_511' title='bbox 3311 953 3592 1009; x_wconf 81' lang='grc' dir='ltr'><strong>ἀπάντων</strong></span> <span class='ocrx_word' id='word_1_512' title='bbox 3616 953 3801 1023; x_wconf 84' lang='grc' dir='ltr'><strong>ὑμῶν,</strong></span> 
     </span>
    </p>
   </div>
   <div class='ocr_carea' id='block_1_68' title="bbox 2231 1044 3807 1115">
    <p class='ocr_par' dir='ltr' id='par_1_68' title="bbox 2231 1044 3807 1115">
     <span class='ocr_line' id='line_1_68' title="bbox 2231 1044 3807 1115; baseline 0.001 -17"><span class='ocrx_word' id='word_1_513' title='bbox 2231 1044 2329 1099; x_wconf 80' lang='grc' dir='ltr'><strong>διὰ</strong></span> <span class='ocrx_word' id='word_1_514' title='bbox 2360 1045 2426 1099; x_wconf 84' lang='grc' dir='ltr'><strong>τὸ</strong></span> <span class='ocrx_word' id='word_1_515' title='bbox 2451 1046 2615 1115; x_wconf 72' lang='grc' dir='ltr'><strong>ἔχειν</strong></span> <span class='ocrx_word' id='word_1_516' title='bbox 2636 1061 2712 1115; x_wconf 80' lang='grc' dir='ltr'><strong>με</strong></span> <span class='ocrx_word' id='word_1_517' title='bbox 2730 1046 2800 1098; x_wconf 85' lang='grc' dir='ltr'><strong>ἐν</strong></span> <span class='ocrx_word' id='word_1_518' title='bbox 2825 1045 2900 1113; x_wconf 76' lang='grc' dir='ltr'><strong>τῇ</strong></span> <span class='ocrx_word' id='word_1_519' title='bbox 2930 1045 3147 1114; x_wconf 81' lang='grc' dir='ltr'><strong>καρδίᾳ</strong></span> <span class='ocrx_word' id='word_1_520' title='bbox 3172 1045 3347 1115; x_wconf 83' lang='grc' dir='ltr'><strong>ὑμᾶς,</strong></span> <span class='ocrx_word' id='word_1_521' title='bbox 3374 1045 3445 1099; x_wconf 80' lang='grc' dir='ltr'><strong>ἐν</strong></span> <span class='ocrx_word' id='word_1_522' title='bbox 3469 1062 3534 1099; x_wconf 88' lang='grc' dir='ltr'><strong>τε</strong></span> <span class='ocrx_word' id='word_1_523' title='bbox 3559 1046 3680 1111; x_wconf 84' lang='grc' dir='ltr'><strong>τοῖς</strong></span> <span class='ocrx_word' id='word_1_524' title='bbox 3709 1045 3807 1100; x_wconf 84' lang='grc' dir='ltr'><strong>δε-</strong></span> 
     </span>
    </p>
   </div>
   <div class='ocr_carea' id='block_1_69' title="bbox 2233 1132 3807 1206">
    <p class='ocr_par' dir='ltr' id='par_1_69' title="bbox 2233 1132 3807 1206">
     <span class='ocr_line' id='line_1_69' title="bbox 2233 1132 3807 1206; baseline 0.001 -18"><span class='ocrx_word' id='word_1_525' title='bbox 2233 1135 2410 1204; x_wconf 81' lang='grc' dir='ltr'><strong>σμοῖς</strong></span> <span class='ocrx_word' id='word_1_526' title='bbox 2435 1132 2568 1204; x_wconf 75' lang='grc' dir='ltr'><strong>μοῡ.</strong></span> <span class='ocrx_word' id='word_1_527' title='bbox 2601 1133 2700 1190; x_wconf 71' lang='grc' dir='ltr'><strong>καί</strong></span> <span class='ocrx_word' id='word_1_528' title='bbox 2731 1136 2802 1189; x_wconf 80' lang='grc' dir='ltr'><strong>ἐν</strong></span> <span class='ocrx_word' id='word_1_529' title='bbox 2826 1135 2899 1205; x_wconf 79' lang='grc' dir='ltr'><strong>τῇ</strong></span> <span class='ocrx_word' id='word_1_530' title='bbox 2929 1136 3222 1206; x_wconf 72' lang='grc' dir='ltr'><strong>ἀπολογίᾳ</strong></span> <span class='ocrx_word' id='word_1_531' title='bbox 3252 1153 3391 1205; x_wconf 87' lang='grc' dir='ltr'><strong>μου,</strong></span> <span class='ocrx_word' id='word_1_532' title='bbox 3425 1134 3522 1190; x_wconf 77' lang='grc' dir='ltr'><strong>καί</strong></span> <span class='ocrx_word' id='word_1_533' title='bbox 3559 1136 3807 1199; x_wconf 77' lang='grc' dir='ltr'><strong>βεϐαιώ-</strong></span> 
     </span>
    </p>
   </div>
   <div class='ocr_carea' id='block_1_70' title="bbox 2233 1211 3805 1296">
    <p class='ocr_par' dir='ltr' id='par_1_70' title="bbox 2233 1211 3805 1296">
     <span class='ocr_line' id='line_1_70' title="bbox 2233 1211 3805 1296; baseline -0.001 -16"><span class='ocrx_word' id='word_1_534' title='bbox 2233 1240 2330 1281; x_wconf 85' lang='grc' dir='ltr'><strong>σει</strong></span> <span class='ocrx_word' id='word_1_535' title='bbox 2362 1225 2470 1280; x_wconf 84' lang='grc' dir='ltr'><strong>τοῦ</strong></span> <span class='ocrx_word' id='word_1_536' title='bbox 2491 1227 2886 1296; x_wconf 66' lang='grc' dir='ltr'><strong>Εὑαγγελίου,</strong></span> <span class='ocrx_word' id='word_1_537' title='bbox 2915 1211 3365 1296; x_wconf 65' lang='grc' dir='ltr'><strong>συγκοινωνούς</strong></span> <span class='ocrx_word' id='word_1_538' title='bbox 3402 1243 3519 1295; x_wconf 84' lang='grc' dir='ltr'><strong>μου</strong></span> <span class='ocrx_word' id='word_1_539' title='bbox 3550 1225 3661 1294; x_wconf 84' lang='grc' dir='ltr'><strong>τῆς</strong></span> <span class='ocrx_word' id='word_1_540' title='bbox 3695 1225 3805 1295; x_wconf 67' lang='grc' dir='ltr'><strong>χά-</strong></span> 
     </span>
    </p>
   </div>
   <div class='ocr_carea' id='block_1_71' title="bbox 2227 1315 3807 1390">
    <p class='ocr_par' dir='ltr' id='par_1_71' title="bbox 2227 1315 3807 1390">
     <span class='ocr_line' id='line_1_71' title="bbox 2227 1315 3807 1390; baseline 0.001 -21"><span class='ocrx_word' id='word_1_541' title='bbox 2227 1334 2391 1390; x_wconf 78' lang='grc' dir='ltr'><strong>ριτος</strong></span> <span class='ocrx_word' id='word_1_542' title='bbox 2427 1315 2657 1384; x_wconf 72' lang='grc' dir='ltr'><strong>πάντας</strong></span> <span class='ocrx_word' id='word_1_543' title='bbox 2703 1318 2859 1388; x_wconf 84' lang='grc' dir='ltr'><strong>ὑμᾶς</strong></span> <span class='ocrx_word' id='word_1_544' title='bbox 2900 1318 3101 1385; x_wconf 79' lang='grc' dir='ltr'><strong>ὄντας.</strong></span> <span class='ocrx_word' id='word_1_545' title='bbox 3147 1318 3323 1371; x_wconf 80' lang='grc' dir='ltr'><strong>Πολὺν</strong></span> <span class='ocrx_word' id='word_1_546' title='bbox 3354 1317 3489 1380; x_wconf 84' lang='grc' dir='ltr'><strong>τέως</strong></span> <span class='ocrx_word' id='word_1_547' title='bbox 3535 1317 3807 1371; x_wconf 85' lang='grc' dir='ltr'><strong>δείκνυσιν</strong></span> 
     </span>
    </p>
   </div>
   <div class='ocr_carea' id='block_1_72' title="bbox 2234 1407 3807 1480">
    <p class='ocr_par' dir='ltr' id='par_1_72' title="bbox 2234 1407 3807 1480">
     <span class='ocr_line' id='line_1_72' title="bbox 2234 1407 3807 1480; baseline -0.001 -17"><span class='ocrx_word' id='word_1_548' title='bbox 2234 1409 2469 1464; x_wconf 82' lang='grc' dir='ltr'><strong>ἐνταῦθα</strong></span> <span class='ocrx_word' id='word_1_549' title='bbox 2508 1409 2674 1464; x_wconf 80' lang='grc' dir='ltr'><strong>αὐτοῦ</strong></span> <span class='ocrx_word' id='word_1_550' title='bbox 2717 1408 2809 1463; x_wconf 74' lang='grc' dir='ltr'><strong>τὸν</strong></span> <span class='ocrx_word' id='word_1_551' title='bbox 2851 1409 3037 1473; x_wconf 81' lang='grc' dir='ltr'><strong>πόθον,</strong></span> <span class='ocrx_word' id='word_1_552' title='bbox 3069 1409 3124 1462; x_wconf 86' lang='grc' dir='ltr'><strong>εῖ</strong></span> <span class='ocrx_word' id='word_1_553' title='bbox 3164 1425 3229 1477; x_wconf 87' lang='grc' dir='ltr'><strong>γε</strong></span> <span class='ocrx_word' id='word_1_554' title='bbox 3276 1410 3332 1462; x_wconf 85' lang='grc' dir='ltr'><strong>ἐν</strong></span> <span class='ocrx_word' id='word_1_555' title='bbox 3375 1407 3572 1480; x_wconf 77' lang='grc' dir='ltr'><strong>καρδίᾳ</strong></span> <span class='ocrx_word' id='word_1_556' title='bbox 3609 1408 3807 1471; x_wconf 70' lang='grc' dir='ltr'><strong>αύτούς</strong></span> 
     </span>
    </p>
   </div>
   <div class='ocr_carea' id='block_1_73' title="bbox 2235 1496 3804 1572">
    <p class='ocr_par' dir='ltr' id='par_1_73' title="bbox 2235 1496 3804 1572">
     <span class='ocr_line' id='line_1_73' title="bbox 2235 1496 3804 1572; baseline -0.001 -19"><span class='ocrx_word' id='word_1_557' title='bbox 2235 1496 2367 1572; x_wconf 74' lang='grc' dir='ltr'><strong>εἷχε,</strong></span> <span class='ocrx_word' id='word_1_558' title='bbox 2398 1501 2492 1555; x_wconf 70' lang='grc' dir='ltr'><strong>καὶ</strong></span> <span class='ocrx_word' id='word_1_559' title='bbox 2523 1501 2582 1555; x_wconf 82' lang='grc' dir='ltr'><strong>ἐν</strong></span> <span class='ocrx_word' id='word_1_560' title='bbox 2622 1500 2772 1572; x_wconf 85' lang='grc' dir='ltr'><strong>αύτῷ</strong></span> <span class='ocrx_word' id='word_1_561' title='bbox 2802 1500 2879 1571; x_wconf 86' lang='grc' dir='ltr'><strong>τῷ</strong></span> <span class='ocrx_word' id='word_1_562' title='bbox 2906 1499 3265 1572; x_wconf 83' lang='grc' dir='ltr'><strong>δεσμωτηρίῳ</strong></span> <span class='ocrx_word' id='word_1_563' title='bbox 3294 1499 3576 1569; x_wconf 78' lang='grc' dir='ltr'><strong>δεδεμένος</strong></span> <span class='ocrx_word' id='word_1_564' title='bbox 3609 1498 3804 1552; x_wconf 66' lang='grc' dir='ltr'><strong>Φιλιπ-</strong></span> 
     </span>
    </p>
   </div>
   <div class='ocr_carea' id='block_1_74' title="bbox 2235 1588 3809 1664">
    <p class='ocr_par' dir='ltr' id='par_1_74' title="bbox 2235 1588 3809 1664">
     <span class='ocr_line' id='line_1_74' title="bbox 2235 1588 3809 1664; baseline -0.003 -17"><span class='ocrx_word' id='word_1_565' title='bbox 2235 1593 2445 1664; x_wconf 85' lang='grc' dir='ltr'><strong>πησίων</strong></span> <span class='ocrx_word' id='word_1_566' title='bbox 2475 1592 2769 1664; x_wconf 83' lang='grc' dir='ltr'><strong>ἐμέμνητο.</strong></span> <span class='ocrx_word' id='word_1_567' title='bbox 2789 1593 2865 1646; x_wconf 85' lang='grc' dir='ltr'>υύ</span> <span class='ocrx_word' id='word_1_568' title='bbox 2891 1591 3085 1662; x_wconf 77' lang='grc' dir='ltr'><strong>μικρὸν</strong></span> <span class='ocrx_word' id='word_1_569' title='bbox 3113 1591 3170 1645; x_wconf 82' lang='grc' dir='ltr'><strong>δὲ</strong></span> <span class='ocrx_word' id='word_1_570' title='bbox 3196 1590 3306 1644; x_wconf 88' lang='grc' dir='ltr'><strong>τῶν</strong></span> <span class='ocrx_word' id='word_1_571' title='bbox 3326 1589 3532 1660; x_wconf 83' lang='grc' dir='ltr'><strong>ἀνδρῶν</strong></span> <span class='ocrx_word' id='word_1_572' title='bbox 3557 1588 3618 1643; x_wconf 75' lang='grc' dir='ltr'><strong>τὸ</strong></span> <span class='ocrx_word' id='word_1_573' title='bbox 3640 1588 3809 1657; x_wconf 69' lang='grc' dir='ltr'><strong>ἐγκῶ-</strong></span> 
     </span>
    </p>
   </div>
   <div class='ocr_carea' id='block_1_75' title="bbox 2239 1677 3804 1754">
    <p class='ocr_par' dir='ltr' id='par_1_75' title="bbox 2239 1677 3804 1754">
     <span class='ocr_line' id='line_1_75' title="bbox 2239 1677 3804 1754; baseline -0.003 -19"><span class='ocrx_word' id='word_1_574' title='bbox 2239 1699 2379 1754; x_wconf 90' lang='grc' dir='ltr'><strong>μιον,</strong></span> <span class='ocrx_word' id='word_1_575' title='bbox 2407 1681 2471 1735; x_wconf 80' lang='grc' dir='ltr'><strong>τὸ</strong></span> <span class='ocrx_word' id='word_1_576' title='bbox 2504 1680 2812 1752; x_wconf 85' lang='grc' dir='ltr'><strong>μεμνῆσθαι</strong></span> <span class='ocrx_word' id='word_1_577' title='bbox 2856 1680 2961 1733; x_wconf 77' lang='grc' dir='ltr'><strong>ὑπὸ</strong></span> <span class='ocrx_word' id='word_1_578' title='bbox 3002 1678 3096 1733; x_wconf 80' lang='grc' dir='ltr'><strong>τοῦ</strong></span> <span class='ocrx_word' id='word_1_579' title='bbox 3138 1679 3292 1748; x_wconf 85' lang='grc' dir='ltr'><strong>ἀγίου</strong></span> <span class='ocrx_word' id='word_1_580' title='bbox 3340 1677 3565 1733; x_wconf 70' lang='grc' dir='ltr'><strong>τούτου*</strong></span> <span class='ocrx_word' id='word_1_581' title='bbox 3618 1678 3804 1750; x_wconf 82' lang='grc' dir='ltr'><strong>ἐπειδὴ</strong></span> 
     </span>
    </p>
   </div>
   <div class='ocr_carea' id='block_1_76' title="bbox 2240 1769 3803 1844">
    <p class='ocr_par' dir='ltr' id='par_1_76' title="bbox 2240 1769 3803 1844">
     <span class='ocr_line' id='line_1_76' title="bbox 2240 1769 3803 1844; baseline -0.001 -18"><span class='ocrx_word' id='word_1_582' title='bbox 2240 1772 2374 1844; x_wconf 83' lang='grc' dir='ltr'><strong>μηδέ</strong></span> <span class='ocrx_word' id='word_1_583' title='bbox 2419 1775 2536 1826; x_wconf 89' lang='grc' dir='ltr'><strong>ἐστι</strong></span> <span class='ocrx_word' id='word_1_584' title='bbox 2588 1771 2910 1844; x_wconf 78' lang='grc' dir='ltr'><strong>προλήψεως</strong></span> <span class='ocrx_word' id='word_1_585' title='bbox 2957 1772 2991 1842; x_wconf 87' lang='grc' dir='ltr'><strong>ή</strong></span> <span class='ocrx_word' id='word_1_586' title='bbox 3039 1770 3132 1824; x_wconf 84' lang='grc' dir='ltr'><strong>τοῦ</strong></span> <span class='ocrx_word' id='word_1_587' title='bbox 3176 1770 3334 1838; x_wconf 80' lang='grc' dir='ltr'><strong>ἁγίου</strong></span> <span class='ocrx_word' id='word_1_588' title='bbox 3372 1769 3562 1824; x_wconf 91' lang='grc' dir='ltr'><strong>τούτου</strong></span> <span class='ocrx_word' id='word_1_589' title='bbox 3592 1769 3803 1839; x_wconf 83' lang='grc' dir='ltr'><strong>ἀγάπη,</strong></span> 
     </span>
    </p>
   </div>
   <div class='ocr_carea' id='block_1_77' title="bbox 2237 1860 3803 1935">
    <p class='ocr_par' dir='ltr' id='par_1_77' title="bbox 2237 1860 3803 1935">
     <span class='ocr_line' id='line_1_77' title="bbox 2237 1860 3803 1935; baseline -0.003 -18"><span class='ocrx_word' id='word_1_590' title='bbox 2237 1863 2372 1918; x_wconf 86' lang='grc' dir='ltr'><strong>ἀλλά</strong></span> <span class='ocrx_word' id='word_1_591' title='bbox 2397 1864 2633 1935; x_wconf 89' lang='grc' dir='ltr'><strong>κρίσεως</strong></span> <span class='ocrx_word' id='word_1_592' title='bbox 2663 1862 2758 1917; x_wconf 73' lang='grc' dir='ltr'><strong>καὶ</strong></span> <span class='ocrx_word' id='word_1_593' title='bbox 2801 1862 3077 1931; x_wconf 83' lang='grc' dir='ltr'><strong>λογισμῶν</strong></span> <span class='ocrx_word' id='word_1_594' title='bbox 3101 1860 3467 1932; x_wconf 84' lang='grc' dir='ltr'><strong>όρθῶν.Ὦστε</strong></span> <span class='ocrx_word' id='word_1_595' title='bbox 3496 1860 3559 1913; x_wconf 79' lang='grc' dir='ltr'><strong>τὸ</strong></span> <span class='ocrx_word' id='word_1_596' title='bbox 3584 1861 3803 1929; x_wconf 86' lang='grc' dir='ltr'><strong>ἀγαπά-</strong></span> 
     </span>
    </p>
   </div>
   <div class='ocr_carea' id='block_1_78' title="bbox 2239 1953 3807 2026">
    <p class='ocr_par' dir='ltr' id='par_1_78' title="bbox 2239 1953 3807 2026">
     <span class='ocr_line' id='line_1_78' title="bbox 2239 1953 3807 2026; baseline -0.002 -17"><span class='ocrx_word' id='word_1_597' title='bbox 2239 1955 2362 2009; x_wconf 86' lang='grc' dir='ltr'><strong>σθαι</strong></span> <span class='ocrx_word' id='word_1_598' title='bbox 2411 1955 2563 2026; x_wconf 85' lang='grc' dir='ltr'><strong>παρά</strong></span> <span class='ocrx_word' id='word_1_599' title='bbox 2606 1954 2819 2009; x_wconf 85' lang='grc' dir='ltr'><strong>Παύλου</strong></span> <span class='ocrx_word' id='word_1_600' title='bbox 2862 1953 3004 2007; x_wconf 73' lang='grc' dir='ltr'><strong>οὕτω</strong></span> <span class='ocrx_word' id='word_1_601' title='bbox 3057 1953 3319 2022; x_wconf 67' lang='grc' dir='ltr'><strong>σφοδρῶς,</strong></span> <span class='ocrx_word' id='word_1_602' title='bbox 3345 1953 3643 2023; x_wconf 84' lang='grc' dir='ltr'><strong>τεκμήριόν</strong></span> <span class='ocrx_word' id='word_1_603' title='bbox 3690 1953 3807 2007; x_wconf 84' lang='grc' dir='ltr'><strong>ἐστι</strong></span> 
     </span>
    </p>
   </div>
   <div class='ocr_carea' id='block_1_79' title="bbox 2236 2041 3809 2116">
    <p class='ocr_par' dir='ltr' id='par_1_79' title="bbox 2236 2041 3809 2116">
     <span class='ocr_line' id='line_1_79' title="bbox 2236 2041 3809 2116; baseline -0.003 -17"><span class='ocrx_word' id='word_1_604' title='bbox 2236 2046 2357 2101; x_wconf 80' lang='grc' dir='ltr'><strong>τινὰ</strong></span> <span class='ocrx_word' id='word_1_605' title='bbox 2383 2042 2522 2099; x_wconf 82' lang='grc' dir='ltr'><strong>εἶναι</strong></span> <span class='ocrx_word' id='word_1_606' title='bbox 2551 2046 2723 2116; x_wconf 83' lang='grc' dir='ltr'><strong>μέγαν</strong></span> <span class='ocrx_word' id='word_1_607' title='bbox 2749 2046 2845 2099; x_wconf 75' lang='grc' dir='ltr'><strong>καὶ</strong></span> <span class='ocrx_word' id='word_1_608' title='bbox 2872 2043 3200 2115; x_wconf 86' lang='grc' dir='ltr'><strong>θαυμαστόν.</strong></span> <span class='ocrx_word' id='word_1_609' title='bbox 3238 2043 3345 2098; x_wconf 77' lang='grc' dir='ltr'><strong>Καὶ</strong></span> <span class='ocrx_word' id='word_1_610' title='bbox 3385 2043 3456 2097; x_wconf 81' lang='grc' dir='ltr'><strong>ἐν</strong></span> <span class='ocrx_word' id='word_1_611' title='bbox 3491 2041 3564 2111; x_wconf 79' lang='grc' dir='ltr'><strong>τῇ</strong></span> <span class='ocrx_word' id='word_1_612' title='bbox 3589 2043 3809 2097; x_wconf 67' lang='grc' dir='ltr'><strong>ἀπολο-</strong></span> 
     </span>
    </p>
   </div>
   <div class='ocr_carea' id='block_1_80' title="bbox 2236 2129 3808 2207">
    <p class='ocr_par' dir='ltr' id='par_1_80' title="bbox 2236 2129 3808 2207">
     <span class='ocr_line' id='line_1_80' title="bbox 2236 2129 3808 2207; baseline -0.004 -18"><span class='ocrx_word' id='word_1_613' title='bbox 2236 2137 2356 2205; x_wconf 76' lang='grc' dir='ltr'><strong>γίᾳ,</strong></span> <span class='ocrx_word' id='word_1_614' title='bbox 2390 2135 2544 2207; x_wconf 73' lang='grc' dir='ltr'><strong>φησὶ,</strong></span> <span class='ocrx_word' id='word_1_615' title='bbox 2569 2134 2668 2189; x_wconf 78' lang='grc' dir='ltr'><strong>καὶ</strong></span> <span class='ocrx_word' id='word_1_616' title='bbox 2696 2131 3011 2200; x_wconf 77' lang='grc' dir='ltr'><strong>βεϐαιώσει</strong></span> <span class='ocrx_word' id='word_1_617' title='bbox 3041 2132 3148 2188; x_wconf 84' lang='grc' dir='ltr'><strong>τοῦ</strong></span> <span class='ocrx_word' id='word_1_618' title='bbox 3177 2135 3567 2204; x_wconf 74' lang='grc' dir='ltr'><strong>Εὐαγγελίου.</strong></span> <span class='ocrx_word' id='word_1_619' title='bbox 3607 2134 3717 2185; x_wconf 86' lang='lat' dir='ltr'><strong><em>Kal</em></strong></span> <span class='ocrx_word' id='word_1_620' title='bbox 3755 2129 3808 2184; x_wconf 86' lang='grc' dir='ltr'><strong>τί</strong></span> 
     </span>
    </p>
   </div>
   <div class='ocr_carea' id='block_1_81' title="bbox 2238 2219 3807 2301">
    <p class='ocr_par' dir='ltr' id='par_1_81' title="bbox 2238 2219 3807 2301">
     <span class='ocr_line' id='line_1_81' title="bbox 2238 2219 3807 2301; baseline -0.004 -18"><span class='ocrx_word' id='word_1_621' title='bbox 2238 2228 2568 2301; x_wconf 78' lang='grc' dir='ltr'><strong>θαυμαστὸν,</strong></span> <span class='ocrx_word' id='word_1_622' title='bbox 2600 2228 2648 2279; x_wconf 85' lang='grc' dir='ltr'><strong>εί</strong></span> <span class='ocrx_word' id='word_1_623' title='bbox 2673 2226 2730 2279; x_wconf 81' lang='grc' dir='ltr'><strong>ἐν</strong></span> <span class='ocrx_word' id='word_1_624' title='bbox 2761 2224 2837 2295; x_wconf 83' lang='grc' dir='ltr'><strong>τῷ</strong></span> <span class='ocrx_word' id='word_1_625' title='bbox 2860 2224 3219 2296; x_wconf 83' lang='grc' dir='ltr'><strong>δεσμωτηρίῳ</strong></span> <span class='ocrx_word' id='word_1_626' title='bbox 3243 2219 3387 2295; x_wconf 80' lang='grc' dir='ltr'><strong>εἶχεν</strong></span> <span class='ocrx_word' id='word_1_627' title='bbox 3417 2223 3613 2287; x_wconf 88' lang='grc' dir='ltr'><strong>αύτούς</strong></span> <span class='ocrx_word' id='word_1_628' title='bbox 3633 2240 3649 2289; x_wconf 88' lang='lat'><strong>;</strong></span> <span class='ocrx_word' id='word_1_629' title='bbox 3671 2221 3807 2276; x_wconf 69' lang='grc' dir='ltr'><strong>Οὐδὲ</strong></span> 
     </span>
    </p>
   </div>
   <div class='ocr_carea' id='block_1_82' title="bbox 2238 2312 3811 2390">
    <p class='ocr_par' dir='ltr' id='par_1_82' title="bbox 2238 2312 3811 2390">
     <span class='ocr_line' id='line_1_82' title="bbox 2238 2312 3811 2390; baseline -0.003 -19"><span class='ocrx_word' id='word_1_630' title='bbox 2238 2319 2346 2390; x_wconf 66' lang='grc' dir='ltr'><strong>γὰρ</strong></span> <span class='ocrx_word' id='word_1_631' title='bbox 2388 2317 2509 2371; x_wconf 87' lang='grc' dir='ltr'><strong>κατ’</strong></span> <span class='ocrx_word' id='word_1_632' title='bbox 2534 2317 2739 2370; x_wconf 84' lang='grc' dir='ltr'><strong>ἐκεῖνον</strong></span> <span class='ocrx_word' id='word_1_633' title='bbox 2784 2314 2875 2368; x_wconf 80' lang='grc' dir='ltr'><strong>τὸν</strong></span> <span class='ocrx_word' id='word_1_634' title='bbox 2912 2312 3120 2386; x_wconf 76' lang='grc' dir='ltr'><strong>καιρὸν,</strong></span> <span class='ocrx_word' id='word_1_635' title='bbox 3157 2314 3318 2383; x_wconf 77' lang='grc' dir='ltr'><strong>φησὶ,</strong></span> <span class='ocrx_word' id='word_1_636' title='bbox 3351 2314 3471 2367; x_wconf 78' lang='grc' dir='ltr'><strong>καθ’</strong></span> <span class='ocrx_word' id='word_1_637' title='bbox 3498 2314 3557 2367; x_wconf 86' lang='grc' dir='ltr'><strong>δν</strong></span> <span class='ocrx_word' id='word_1_638' title='bbox 3606 2313 3811 2384; x_wconf 77' lang='grc' dir='ltr'><strong>εἰσῄειν</strong></span> 
     </span>
    </p>
   </div>
   <div class='ocr_carea' id='block_1_83' title="bbox 2238 2406 3807 2480">
    <p class='ocr_par' dir='ltr' id='par_1_83' title="bbox 2238 2406 3807 2480">
     <span class='ocr_line' id='line_1_83' title="bbox 2238 2406 3807 2480; baseline -0.003 -17"><span class='ocrx_word' id='word_1_639' title='bbox 2238 2411 2317 2474; x_wconf 80' lang='grc' dir='ltr'><strong>είς</strong></span> <span class='ocrx_word' id='word_1_640' title='bbox 2361 2410 2423 2463; x_wconf 81' lang='grc' dir='ltr'><strong>τὸ</strong></span> <span class='ocrx_word' id='word_1_641' title='bbox 2457 2410 2804 2480; x_wconf 90' lang='grc' dir='ltr'><strong>δικαστήριον</strong></span> <span class='ocrx_word' id='word_1_642' title='bbox 2832 2408 3326 2479; x_wconf 80' lang='grc' dir='ltr'><strong>ἀπολογησόμενος,</strong></span> <span class='ocrx_word' id='word_1_643' title='bbox 3355 2406 3650 2471; x_wconf 79' lang='grc' dir='ltr'><strong>ἐξεπέσατὲ</strong></span> <span class='ocrx_word' id='word_1_644' title='bbox 3703 2423 3807 2477; x_wconf 90' lang='grc' dir='ltr'><strong>μου</strong></span> 
     </span>
    </p>
   </div>
   <div class='ocr_carea' id='block_1_84' title="bbox 2236 2497 3811 2572">
    <p class='ocr_par' dir='ltr' id='par_1_84' title="bbox 2236 2497 3811 2572">
     <span class='ocr_line' id='line_1_84' title="bbox 2236 2497 3811 2572; baseline -0.01 -7"><span class='ocrx_word' id='word_1_645' title='bbox 2236 2501 2336 2572; x_wconf 79' lang='grc' dir='ltr'><strong>τῆς</strong></span> <span class='ocrx_word' id='word_1_646' title='bbox 2378 2501 2616 2572; x_wconf 82' lang='grc' dir='ltr'><strong>μνήμης.</strong></span> <span class='ocrx_word' id='word_1_647' title='bbox 2649 2498 2806 2554; x_wconf 80' lang='grc' dir='ltr'><strong>Οὕτω</strong></span> <span class='ocrx_word' id='word_1_648' title='bbox 2849 2500 2958 2572; x_wconf 91' lang='grc' dir='ltr'><strong>γάρ</strong></span> <span class='ocrx_word' id='word_1_649' title='bbox 3009 2502 3125 2554; x_wconf 83' lang='grc' dir='ltr'><strong>ἐστι</strong></span> <span class='ocrx_word' id='word_1_650' title='bbox 3166 2498 3486 2570; x_wconf 86' lang='grc' dir='ltr'><strong>τυραννικὸν</strong></span> <span class='ocrx_word' id='word_1_651' title='bbox 3533 2499 3564 2551; x_wconf 93' lang='lat'><strong>6</strong></span> <span class='ocrx_word' id='word_1_652' title='bbox 3611 2498 3751 2569; x_wconf 86' lang='grc' dir='ltr'><strong>ἔρως</strong></span> <span class='ocrx_word' id='word_1_653' title='bbox 3778 2497 3811 2549; x_wconf 90' lang='lat'><strong>6</strong></span> 
     </span>
    </p>
   </div>
   <div class='ocr_carea' id='block_1_85' title="bbox 2238 2589 3809 2662">
    <p class='ocr_par' dir='ltr' id='par_1_85' title="bbox 2238 2589 3809 2662">
     <span class='ocr_line' id='line_1_85' title="bbox 2238 2589 3809 2662; baseline -0.002 -18"><span class='ocrx_word' id='word_1_654' title='bbox 2238 2591 2627 2662; x_wconf 80' lang='grc' dir='ltr'><strong>πνευματικὸς,</strong></span> <span class='ocrx_word' id='word_1_655' title='bbox 2655 2590 2731 2654; x_wconf 83' lang='grc' dir='ltr'><strong>ὡς</strong></span> <span class='ocrx_word' id='word_1_656' title='bbox 2761 2591 2951 2661; x_wconf 79' lang='grc' dir='ltr'><strong>μηδενὶ</strong></span> <span class='ocrx_word' id='word_1_657' title='bbox 2976 2592 3328 2662; x_wconf 81' lang='grc' dir='ltr'><strong>παραχωρεῖν</strong></span> <span class='ocrx_word' id='word_1_658' title='bbox 3359 2590 3554 2661; x_wconf 83' lang='grc' dir='ltr'><strong>καιρῷ,</strong></span> <span class='ocrx_word' id='word_1_659' title='bbox 3577 2589 3691 2644; x_wconf 83' lang='grc' dir='ltr'><strong>ἀλλ’</strong></span> <span class='ocrx_word' id='word_1_660' title='bbox 3720 2589 3809 2642; x_wconf 76' lang='grc' dir='ltr'><strong>ἀεὶ</strong></span> 
     </span>
    </p>
   </div>
   <div class='ocr_carea' id='block_1_86' title="bbox 2236 2677 3808 2751">
    <p class='ocr_par' dir='ltr' id='par_1_86' title="bbox 2236 2677 3808 2751">
     <span class='ocr_line' id='line_1_86' title="bbox 2236 2677 3808 2751; baseline -0.001 -18"><span class='ocrx_word' id='word_1_661' title='bbox 2236 2680 2336 2751; x_wconf 86' lang='grc' dir='ltr'><strong>τῆς</strong></span> <span class='ocrx_word' id='word_1_662' title='bbox 2366 2680 2540 2751; x_wconf 77' lang='grc' dir='ltr'><strong>ψυχῆς</strong></span> <span class='ocrx_word' id='word_1_663' title='bbox 2569 2679 2786 2751; x_wconf 73' lang='grc' dir='ltr'><strong>ἔχεσθαι</strong></span> <span class='ocrx_word' id='word_1_664' title='bbox 2815 2678 2909 2732; x_wconf 85' lang='grc' dir='ltr'><strong>τοῦ</strong></span> <span class='ocrx_word' id='word_1_665' title='bbox 2935 2678 3237 2749; x_wconf 80' lang='grc' dir='ltr'><strong>φιλοῦντος,</strong></span> <span class='ocrx_word' id='word_1_666' title='bbox 3270 2680 3367 2733; x_wconf 74' lang='grc' dir='ltr'><strong>καὶ</strong></span> <span class='ocrx_word' id='word_1_667' title='bbox 3404 2679 3675 2751; x_wconf 88' lang='grc' dir='ltr'><strong>μηδεμίαν</strong></span> <span class='ocrx_word' id='word_1_668' title='bbox 3695 2677 3808 2732; x_wconf 76' lang='grc' dir='ltr'><strong>θλί-</strong></span> 
     </span>
    </p>
   </div>
   <div class='ocr_carea' id='block_1_87' title="bbox 2237 2767 3806 2843">
    <p class='ocr_par' dir='ltr' id='par_1_87' title="bbox 2237 2767 3806 2843">
     <span class='ocr_line' id='line_1_87' title="bbox 2237 2767 3806 2843; baseline 0.001 -19"><span class='ocrx_word' id='word_1_669' title='bbox 2237 2770 2329 2841; x_wconf 79' lang='grc' dir='ltr'><strong>ψιν</strong></span> <span class='ocrx_word' id='word_1_670' title='bbox 2376 2770 2409 2841; x_wconf 81' lang='grc' dir='ltr'>ἢ</span> <span class='ocrx_word' id='word_1_671' title='bbox 2459 2770 2649 2841; x_wconf 78' lang='grc' dir='ltr'><strong>ὀδύνην</strong></span> <span class='ocrx_word' id='word_1_672' title='bbox 2698 2772 2999 2843; x_wconf 85' lang='grc' dir='ltr'><strong>συγχωρεῖν</strong></span> <span class='ocrx_word' id='word_1_673' title='bbox 3046 2769 3429 2842; x_wconf 81' lang='grc' dir='ltr'><strong>περιγενέσθαι</strong></span> <span class='ocrx_word' id='word_1_674' title='bbox 3471 2769 3573 2838; x_wconf 81' lang='grc' dir='ltr'><strong>τῆς</strong></span> <span class='ocrx_word' id='word_1_675' title='bbox 3602 2767 3806 2839; x_wconf 76' lang='grc' dir='ltr'><strong>ψυχῆς.</strong></span> 
     </span>
    </p>
   </div>
   <div class='ocr_carea' id='block_1_88' title="bbox 2238 2860 3805 2935">
    <p class='ocr_par' dir='ltr' id='par_1_88' title="bbox 2238 2860 3805 2935">
     <span class='ocr_line' id='line_1_88' title="bbox 2238 2860 3805 2935; baseline -0.003 -18"><span class='ocrx_word' id='word_1_676' title='bbox 2238 2862 2505 2935; x_wconf 77' lang='grc' dir='ltr'><strong>Καθάπερ</strong></span> <span class='ocrx_word' id='word_1_677' title='bbox 2557 2863 2667 2934; x_wconf 80' lang='grc' dir='ltr'><strong>γάρ</strong></span> <span class='ocrx_word' id='word_1_678' title='bbox 2709 2863 2804 2916; x_wconf 73' lang='grc' dir='ltr'><strong>ἐπὶ</strong></span> <span class='ocrx_word' id='word_1_679' title='bbox 2845 2862 2943 2934; x_wconf 82' lang='grc' dir='ltr'><strong>τῆς</strong></span> <span class='ocrx_word' id='word_1_680' title='bbox 2999 2862 3230 2933; x_wconf 87' lang='grc' dir='ltr'><strong>καμίνου</strong></span> <span class='ocrx_word' id='word_1_681' title='bbox 3278 2861 3376 2931; x_wconf 82' lang='grc' dir='ltr'><strong>τῆς</strong></span> <span class='ocrx_word' id='word_1_682' title='bbox 3421 2860 3805 2925; x_wconf 75' lang='grc' dir='ltr'><strong>Βαϐυλωνίας,</strong></span> 
     </span>
    </p>
   </div>
   <div class='ocr_carea' id='block_1_89' title="bbox 2238 2948 3809 3024">
    <p class='ocr_par' dir='ltr' id='par_1_89' title="bbox 2238 2948 3809 3024">
     <span class='ocr_line' id='line_1_89' title="bbox 2238 2948 3809 3024; baseline 0.001 -19"><span class='ocrx_word' id='word_1_683' title='bbox 2238 2951 2506 3023; x_wconf 89' lang='grc' dir='ltr'><strong>τοσαύτης</strong></span> <span class='ocrx_word' id='word_1_684' title='bbox 2550 2953 2845 3024; x_wconf 81' lang='grc' dir='ltr'><strong>αἰρομένης</strong></span> <span class='ocrx_word' id='word_1_685' title='bbox 2898 2952 3114 3022; x_wconf 76' lang='grc' dir='ltr'><strong>φλογὸς,</strong></span> <span class='ocrx_word' id='word_1_686' title='bbox 3146 2952 3334 3024; x_wconf 85' lang='grc' dir='ltr'><strong>δρόσος</strong></span> <span class='ocrx_word' id='word_1_687' title='bbox 3367 2948 3436 3024; x_wconf 77' lang='grc' dir='ltr'><strong>ἦν</strong></span> <span class='ocrx_word' id='word_1_688' title='bbox 3468 2954 3580 3016; x_wconf 85' lang='grc' dir='ltr'><strong>τοῖς</strong></span> <span class='ocrx_word' id='word_1_689' title='bbox 3633 2968 3809 3022; x_wconf 82' lang='grc' dir='ltr'><strong>μακα-</strong></span> 
     </span>
    </p>
   </div>
   <div class='ocr_carea' id='block_1_90' title="bbox 2245 3038 3808 3111">
    <p class='ocr_par' dir='ltr' id='par_1_90' title="bbox 2245 3038 3808 3111">
     <span class='ocr_line' id='line_1_90' title="bbox 2245 3038 3808 3111; baseline 0 -18"><span class='ocrx_word' id='word_1_690' title='bbox 2245 3040 2379 3111; x_wconf 91' lang='grc' dir='ltr'><strong>ρίοις</strong></span> <span class='ocrx_word' id='word_1_691' title='bbox 2400 3039 2628 3105; x_wconf 80' lang='grc' dir='ltr'><strong>ἐκείνοις</strong></span> <span class='ocrx_word' id='word_1_692' title='bbox 2659 3041 2846 3095; x_wconf 87' lang='grc' dir='ltr'><strong>παισίν</strong></span> <span class='ocrx_word' id='word_1_693' title='bbox 2870 3058 2883 3071; x_wconf 88' lang='grc'><strong>·</strong></span> <span class='ocrx_word' id='word_1_694' title='bbox 2910 3040 3056 3095; x_wconf 65' lang='grc' dir='ltr'><strong>οὕτω</strong></span> <span class='ocrx_word' id='word_1_695' title='bbox 3078 3040 3173 3095; x_wconf 68' lang='grc' dir='ltr'><strong>κα)⁸</strong></span> <span class='ocrx_word' id='word_1_696' title='bbox 3198 3040 3350 3110; x_wconf 81' lang='grc' dir='ltr'><strong>φιλία</strong></span> <span class='ocrx_word' id='word_1_697' title='bbox 3368 3038 3460 3094; x_wconf 76' lang='grc' dir='ltr'><strong>τοῦ</strong></span> <span class='ocrx_word' id='word_1_698' title='bbox 3488 3040 3808 3109; x_wconf 84' lang='grc' dir='ltr'><strong>ἀγαπῶντος</strong></span> 
     </span>
    </p>
   </div>
   <div class='ocr_carea' id='block_1_91' title="bbox 2241 3131 3807 3205">
    <p class='ocr_par' dir='ltr' id='par_1_91' title="bbox 2241 3131 3807 3205">
     <span class='ocr_line' id='line_1_91' title="bbox 2241 3131 3807 3205; baseline 0 -19"><span class='ocrx_word' id='word_1_699' title='bbox 2241 3132 2335 3186; x_wconf 65' lang='grc' dir='ltr'><strong>καὶ⁵</strong></span> <span class='ocrx_word' id='word_1_700' title='bbox 2366 3133 2688 3204; x_wconf 79' lang='grc' dir='ltr'><strong>ἀρέσκοντος</strong></span> <span class='ocrx_word' id='word_1_701' title='bbox 2717 3133 2835 3205; x_wconf 82' lang='grc' dir='ltr'><strong>Θεῷ</strong></span> <span class='ocrx_word' id='word_1_702' title='bbox 2862 3134 2961 3204; x_wconf 78' lang='grc' dir='ltr'><strong>τὴν</strong></span> <span class='ocrx_word' id='word_1_703' title='bbox 2992 3134 3170 3204; x_wconf 74' lang='grc' dir='ltr'><strong>ψυχὴν</strong></span> <span class='ocrx_word' id='word_1_704' title='bbox 3199 3131 3606 3198; x_wconf 77' lang='grc' dir='ltr'><strong>καταλαόοὖσα,</strong></span> <span class='ocrx_word' id='word_1_705' title='bbox 3629 3132 3807 3186; x_wconf 74' lang='grc' dir='ltr'><strong>πᾶσαν</strong></span> 
     </span>
    </p>
   </div>
   <div class='ocr_carea' id='block_1_92' title="bbox 2241 3222 3808 3295">
    <p class='ocr_par' dir='ltr' id='par_1_92' title="bbox 2241 3222 3808 3295">
     <span class='ocr_line' id='line_1_92' title="bbox 2241 3222 3808 3295; baseline -0.001 -18"><span class='ocrx_word' id='word_1_706' title='bbox 2241 3223 2589 3277; x_wconf 86' lang='grc' dir='ltr'><strong>ἀποτινάσσει</strong></span> <span class='ocrx_word' id='word_1_707' title='bbox 2633 3223 2806 3293; x_wconf 80' lang='grc' dir='ltr'><strong>φλόγα</strong></span> <span class='ocrx_word' id='word_1_708' title='bbox 2827 3265 2842 3289; x_wconf 94' lang='grc'><strong>,</strong></span> <span class='ocrx_word' id='word_1_709' title='bbox 2894 3226 2988 3279; x_wconf 77' lang='grc' dir='ltr'><strong>καὶ</strong></span> <span class='ocrx_word' id='word_1_710' title='bbox 3033 3224 3222 3295; x_wconf 85' lang='grc' dir='ltr'><strong>δρόσον</strong></span> <span class='ocrx_word' id='word_1_711' title='bbox 3273 3224 3416 3277; x_wconf 84' lang='grc' dir='ltr'><strong>ποιεῖ</strong></span> <span class='ocrx_word' id='word_1_712' title='bbox 3466 3222 3808 3292; x_wconf 83' lang='grc' dir='ltr'><strong>θαυμαστήν.</strong></span> 
     </span>
    </p>
   </div>
   <div class='ocr_carea' id='block_1_93' title="bbox 2241 3312 3811 3387">
    <p class='ocr_par' dir='ltr' id='par_1_93' title="bbox 2241 3312 3811 3387">
     <span class='ocr_line' id='line_1_93' title="bbox 2241 3312 3811 3387; baseline 0 -19"><span class='ocrx_word' id='word_1_713' title='bbox 2241 3314 2348 3368; x_wconf 78' lang='grc' dir='ltr'><strong>Καί</strong></span> <span class='ocrx_word' id='word_1_714' title='bbox 2394 3314 2710 3379; x_wconf 74' lang='grc' dir='ltr'><strong>βεϐαιώσει</strong></span> <span class='ocrx_word' id='word_1_715' title='bbox 2755 3316 2860 3371; x_wconf 88' lang='grc' dir='ltr'><strong>τοῦ</strong></span> <span class='ocrx_word' id='word_1_716' title='bbox 2910 3317 3302 3387; x_wconf 73' lang='grc' dir='ltr'><strong>Εὐαγγελίου,</strong></span> <span class='ocrx_word' id='word_1_717' title='bbox 3353 3314 3535 3385; x_wconf 82' lang='grc' dir='ltr'><strong>φησίν.</strong></span> <span class='ocrx_word' id='word_1_718' title='bbox 3559 3314 3702 3385; x_wconf 78' lang='grc' dir='ltr'><strong>’Ᾱρα</strong></span> <span class='ocrx_word' id='word_1_719' title='bbox 3741 3312 3811 3367; x_wconf 75' lang='grc' dir='ltr'><strong>τὰ</strong></span> 
     </span>
    </p>
   </div>
   <div class='ocr_carea' id='block_1_94' title="bbox 2239 3403 3806 3479">
    <p class='ocr_par' dir='ltr' id='par_1_94' title="bbox 2239 3403 3806 3479">
     <span class='ocr_line' id='line_1_94' title="bbox 2239 3403 3806 3479; baseline 0 -20"><span class='ocrx_word' id='word_1_720' title='bbox 2239 3405 2413 3476; x_wconf 78' lang='grc' dir='ltr'><strong>δεσμὰ</strong></span> <span class='ocrx_word' id='word_1_721' title='bbox 2442 3406 2733 3476; x_wconf 80' lang='grc' dir='ltr'><strong>βεϐαίωσις</strong></span> <span class='ocrx_word' id='word_1_722' title='bbox 2762 3407 2855 3462; x_wconf 83' lang='grc' dir='ltr'><strong>τοῦ</strong></span> <span class='ocrx_word' id='word_1_723' title='bbox 2885 3408 3219 3477; x_wconf 79' lang='grc' dir='ltr'><strong>Εύαγγελίου</strong></span> <span class='ocrx_word' id='word_1_724' title='bbox 3249 3403 3336 3479; x_wconf 80' lang='grc' dir='ltr'><strong>ἦν,</strong></span> <span class='ocrx_word' id='word_1_725' title='bbox 3368 3406 3479 3478; x_wconf 76' lang='grc' dir='ltr'><strong>ἄρα</strong></span> <span class='ocrx_word' id='word_1_726' title='bbox 3519 3404 3806 3475; x_wconf 80' lang='grc' dir='ltr'><strong>ἀπολογία.</strong></span> 
     </span>
    </p>
   </div>
   <div class='ocr_carea' id='block_1_95' title="bbox 2240 3495 3808 3569">
    <p class='ocr_par' dir='ltr' id='par_1_95' title="bbox 2240 3495 3808 3569">
     <span class='ocr_line' id='line_1_95' title="bbox 2240 3495 3808 3569; baseline -0.001 -20"><span class='ocrx_word' id='word_1_727' title='bbox 2240 3495 2352 3549; x_wconf 83' lang='lat' dir='ltr'><strong>Kal</strong></span> <span class='ocrx_word' id='word_1_728' title='bbox 2381 3497 2523 3551; x_wconf 90' lang='grc' dir='ltr'><strong>πάνυ</strong></span> <span class='ocrx_word' id='word_1_729' title='bbox 2555 3497 2751 3565; x_wconf 77' lang='grc' dir='ltr'><strong>ὑγιῶς·</strong></span> <span class='ocrx_word' id='word_1_730' title='bbox 2782 3499 2864 3551; x_wconf 84' lang='grc' dir='ltr'><strong>ὅτι</strong></span> <span class='ocrx_word' id='word_1_731' title='bbox 2898 3500 2946 3553; x_wconf 84' lang='grc' dir='ltr'><strong>εί</strong></span> <span class='ocrx_word' id='word_1_732' title='bbox 2979 3497 3077 3569; x_wconf 79' lang='grc' dir='ltr'><strong>μὲν</strong></span> <span class='ocrx_word' id='word_1_733' title='bbox 3120 3498 3475 3569; x_wconf 81' lang='grc' dir='ltr'><strong>παρῃτήσατο</strong></span> <span class='ocrx_word' id='word_1_734' title='bbox 3513 3495 3583 3551; x_wconf 81' lang='grc' dir='ltr'><strong>τά</strong></span> <span class='ocrx_word' id='word_1_735' title='bbox 3606 3495 3808 3565; x_wconf 75' lang='grc' dir='ltr'><strong>δεσμά⁹</strong></span> 
     </span>
    </p>
   </div>
   <div class='ocr_carea' id='block_1_96' title="bbox 2239 3583 3805 3656">
    <p class='ocr_par' dir='ltr' id='par_1_96' title="bbox 2239 3583 3805 3656">
     <span class='ocr_line' id='line_1_96' title="bbox 2239 3583 3805 3656; baseline 0 -16"><span class='ocrx_word' id='word_1_736' title='bbox 2239 3585 2418 3651; x_wconf 71' lang='grc' dir='ltr'><strong>ἔδοξεν</strong></span> <span class='ocrx_word' id='word_1_737' title='bbox 2466 3587 2533 3642; x_wconf 83' lang='grc' dir='ltr'><strong>ἀν</strong></span> <span class='ocrx_word' id='word_1_738' title='bbox 2578 3583 2719 3642; x_wconf 77' lang='grc' dir='ltr'><strong>εἶναι</strong></span> <span class='ocrx_word' id='word_1_739' title='bbox 2767 3587 3047 3645; x_wconf 76' lang='grc' dir='ltr'><strong>ἀπατεὼνο</strong></span> <span class='ocrx_word' id='word_1_740' title='bbox 3081 3589 3177 3644; x_wconf 81' lang='grc' dir='ltr'><strong>νῦν</strong></span> <span class='ocrx_word' id='word_1_741' title='bbox 3205 3589 3261 3642; x_wconf 82' lang='grc' dir='ltr'><strong>δέ</strong></span> <span class='ocrx_word' id='word_1_742' title='bbox 3293 3589 3468 3643; x_wconf 88' lang='grc' dir='ltr'><strong>πάντα</strong></span> <span class='ocrx_word' id='word_1_743' title='bbox 3502 3585 3805 3656; x_wconf 79' lang='grc' dir='ltr'><strong>ὑπομένων.</strong></span> 
     </span>
    </p>
   </div>
   <div class='ocr_carea' id='block_1_97' title="bbox 2240 3677 3811 3750">
    <p class='ocr_par' dir='ltr' id='par_1_97' title="bbox 2240 3677 3811 3750">
     <span class='ocr_line' id='line_1_97' title="bbox 2240 3677 3811 3750; baseline -0.001 -19"><span class='ocrx_word' id='word_1_744' title='bbox 2240 3679 2334 3732; x_wconf 80' lang='grc' dir='ltr'><strong>καὶ</strong></span> <span class='ocrx_word' id='word_1_745' title='bbox 2357 3677 2532 3749; x_wconf 86' lang='grc' dir='ltr'><strong>δεσμά</strong></span> <span class='ocrx_word' id='word_1_746' title='bbox 2557 3679 2651 3735; x_wconf 75' lang='grc' dir='ltr'><strong>καὶ</strong></span> <span class='ocrx_word' id='word_1_747' title='bbox 2680 3679 2879 3749; x_wconf 64' lang='grc' dir='ltr'><strong>θλίψιν,</strong></span> <span class='ocrx_word' id='word_1_748' title='bbox 2906 3679 3056 3750; x_wconf 85' lang='grc' dir='ltr'><strong>δηλοῖ</strong></span> <span class='ocrx_word' id='word_1_749' title='bbox 3074 3680 3151 3744; x_wconf 85' lang='grc' dir='ltr'><strong>ὡς</strong></span> <span class='ocrx_word' id='word_1_750' title='bbox 3176 3679 3275 3733; x_wconf 79' lang='grc' dir='ltr'><strong>οὐκ</strong></span> <span class='ocrx_word' id='word_1_751' title='bbox 3298 3678 3647 3750; x_wconf 85' lang='grc' dir='ltr'><strong>ἀνθρωπίνης</strong></span> <span class='ocrx_word' id='word_1_752' title='bbox 3664 3677 3811 3742; x_wconf 81' lang='grc' dir='ltr'><strong>τινὸς</strong></span> 
     </span>
    </p>
   </div>
   <div class='ocr_carea' id='block_1_98' title="bbox 2239 3769 3811 3841">
    <p class='ocr_par' dir='ltr' id='par_1_98' title="bbox 2239 3769 3811 3841">
     <span class='ocr_line' id='line_1_98' title="bbox 2239 3769 3811 3841; baseline 0 -19"><span class='ocrx_word' id='word_1_753' title='bbox 2239 3769 2419 3832; x_wconf 85' lang='grc' dir='ltr'><strong>αἰτίας</strong></span> <span class='ocrx_word' id='word_1_754' title='bbox 2450 3769 2637 3823; x_wconf 84' lang='grc' dir='ltr'><strong>ἐνεκεν</strong></span> <span class='ocrx_word' id='word_1_755' title='bbox 2678 3769 2850 3824; x_wconf 82' lang='grc' dir='ltr'><strong>ταῦτα</strong></span> <span class='ocrx_word' id='word_1_756' title='bbox 2879 3770 3100 3841; x_wconf 87' lang='grc' dir='ltr'><strong>πάσχει,</strong></span> <span class='ocrx_word' id='word_1_757' title='bbox 3129 3771 3264 3826; x_wconf 86' lang='grc' dir='ltr'><strong>ἀλλά</strong></span> <span class='ocrx_word' id='word_1_758' title='bbox 3310 3770 3400 3824; x_wconf 85' lang='grc' dir='ltr'><strong>διά</strong></span> <span class='ocrx_word' id='word_1_759' title='bbox 3434 3769 3527 3824; x_wconf 81' lang='grc' dir='ltr'><strong>τὸν</strong></span> <span class='ocrx_word' id='word_1_760' title='bbox 3557 3769 3689 3823; x_wconf 82' lang='grc' dir='ltr'><strong>Θεὸν</strong></span> <span class='ocrx_word' id='word_1_761' title='bbox 3718 3769 3811 3823; x_wconf 82' lang='grc' dir='ltr'><strong>τὸν</strong></span> 
     </span>
    </p>
   </div>
   <div class='ocr_carea' id='block_1_99' title="bbox 2240 3859 3812 3934">
    <p class='ocr_par' dir='ltr' id='par_1_99' title="bbox 2240 3859 3812 3934">
     <span class='ocr_line' id='line_1_99' title="bbox 2240 3859 3812 3934; baseline 0.001 -21"><span class='ocrx_word' id='word_1_762' title='bbox 2240 3859 2675 3915; x_wconf 88' lang='grc' dir='ltr'><strong>ἀνταποδιδόντα.</strong></span> <span class='ocrx_word' id='word_1_763' title='bbox 2708 3860 2896 3926; x_wconf 70' lang='grc' dir='ltr'><strong>Οὐδεὶς</strong></span> <span class='ocrx_word' id='word_1_764' title='bbox 2929 3861 3033 3934; x_wconf 81' lang='grc' dir='ltr'><strong>γὰρ</strong></span> <span class='ocrx_word' id='word_1_765' title='bbox 3074 3862 3142 3916; x_wconf 82' lang='grc' dir='ltr'><strong>ἀν</strong></span> <span class='ocrx_word' id='word_1_766' title='bbox 3179 3861 3273 3916; x_wconf 79' lang='grc' dir='ltr'><strong>καὶ</strong></span> <span class='ocrx_word' id='word_1_767' title='bbox 3307 3861 3595 3916; x_wconf 87' lang='grc' dir='ltr'><strong>ἀποθανεῖν</strong></span> <span class='ocrx_word' id='word_1_768' title='bbox 3635 3859 3812 3914; x_wconf 77' lang='grc' dir='ltr'><strong>είλετο</strong></span> 
     </span>
    </p>
   </div>
   <div class='ocr_carea' id='block_1_100' title="bbox 2241 3949 3811 4019">
    <p class='ocr_par' dir='ltr' id='par_1_100' title="bbox 2241 3949 3811 4019">
     <span class='ocr_line' id='line_1_100' title="bbox 2241 3949 3811 4019; baseline -0.003 -12"><span class='ocrx_word' id='word_1_769' title='bbox 2241 3953 2335 4007; x_wconf 76' lang='grc' dir='ltr'><strong>καὶ</strong></span> <span class='ocrx_word' id='word_1_770' title='bbox 2361 3952 2646 4017; x_wconf 85' lang='grc' dir='ltr'><strong>τοσούτους</strong></span> <span class='ocrx_word' id='word_1_771' title='bbox 2683 3953 2961 4017; x_wconf 86' lang='grc' dir='ltr'><strong>κινδύνους</strong></span> <span class='ocrx_word' id='word_1_772' title='bbox 3001 3953 3380 4019; x_wconf 80' lang='grc' dir='ltr'><strong>ἀναδέξασθαι,</strong></span> <span class='ocrx_word' id='word_1_773' title='bbox 3410 3952 3583 4015; x_wconf 79' lang='grc' dir='ltr'><strong>οὐδεὶς</strong></span> <span class='ocrx_word' id='word_1_774' title='bbox 3621 3949 3688 4004; x_wconf 82' lang='grc' dir='ltr'><strong>ἂν</strong></span> <span class='ocrx_word' id='word_1_775' title='bbox 3715 3950 3811 4004; x_wconf 73' lang='grc' dir='ltr'><strong>καὶ</strong></span> 
     </span>
    </p>
   </div>
   <div class='ocr_carea' id='block_1_101' title="bbox 2243 4042 3808 4118">
    <p class='ocr_par' dir='ltr' id='par_1_101' title="bbox 2243 4042 3808 4118">
     <span class='ocr_line' id='line_1_101' title="bbox 2243 4042 3808 4118; baseline -0.002 -20"><span class='ocrx_word' id='word_1_776' title='bbox 2243 4044 2452 4116; x_wconf 79' lang='grc' dir='ltr'><strong>βασιλεῖ</strong></span> <span class='ocrx_word' id='word_1_777' title='bbox 2478 4045 2705 4116; x_wconf 83' lang='grc' dir='ltr'><strong>τοιούτῳ</strong></span> <span class='ocrx_word' id='word_1_778' title='bbox 2730 4045 3052 4112; x_wconf 79' lang='grc' dir='ltr'><strong>κατεδέξατο</strong></span> <span class='ocrx_word' id='word_1_779' title='bbox 3074 4044 3469 4118; x_wconf 83' lang='grc' dir='ltr'><strong>προσκροῦσαι,</strong></span> <span class='ocrx_word' id='word_1_780' title='bbox 3489 4042 3568 4115; x_wconf 82' lang='grc' dir='ltr'><strong>τῷ</strong></span> <span class='ocrx_word' id='word_1_781' title='bbox 3591 4044 3808 4112; x_wconf 76' lang='grc' dir='ltr'><strong>Νέρωνι</strong></span> 
     </span>
    </p>
   </div>
   <div class='ocr_carea' id='block_1_102' title="bbox 2239 4135 3811 4209">
    <p class='ocr_par' dir='ltr' id='par_1_102' title="bbox 2239 4135 3811 4209">
     <span class='ocr_line' id='line_1_102' title="bbox 2239 4135 3811 4209; baseline -0.002 -17"><span class='ocrx_word' id='word_1_782' title='bbox 2239 4137 2405 4207; x_wconf 78' lang='grc' dir='ltr'><strong>λέγω,</strong></span> <span class='ocrx_word' id='word_1_783' title='bbox 2423 4138 2472 4191; x_wconf 81' lang='grc' dir='ltr'><strong>εί</strong></span> <span class='ocrx_word' id='word_1_784' title='bbox 2497 4137 2571 4208; x_wconf 80' lang='grc' dir='ltr'><strong>μὴ</strong></span> <span class='ocrx_word' id='word_1_785' title='bbox 2600 4138 2735 4208; x_wconf 81' lang='grc' dir='ltr'><strong>πρὸς</strong></span> <span class='ocrx_word' id='word_1_786' title='bbox 2758 4137 2943 4209; x_wconf 71' lang='grc' dir='ltr'><strong>ἕτερον</strong></span> <span class='ocrx_word' id='word_1_787' title='bbox 2970 4137 3115 4209; x_wconf 82' lang='grc' dir='ltr'><strong>ἐώρα</strong></span> <span class='ocrx_word' id='word_1_788' title='bbox 3130 4137 3356 4207; x_wconf 81' lang='grc' dir='ltr'><strong>βασιλέα</strong></span> <span class='ocrx_word' id='word_1_789' title='bbox 3373 4136 3552 4207; x_wconf 87' lang='grc' dir='ltr'><strong>πολλῷ</strong></span> <span class='ocrx_word' id='word_1_790' title='bbox 3569 4135 3811 4208; x_wconf 76' lang='grc' dir='ltr'><strong>μείζονα.</strong></span> 
     </span>
    </p>
   </div>
   <div class='ocr_carea' id='block_1_103' title="bbox 2244 4224 3817 4301">
    <p class='ocr_par' dir='ltr' id='par_1_103' title="bbox 2244 4224 3817 4301">
     <span class='ocr_line' id='line_1_103' title="bbox 2244 4224 3817 4301; baseline -0.003 -17"><span class='ocrx_word' id='word_1_791' title='bbox 2244 4231 2385 4301; x_wconf 74' lang='grc' dir='ltr'><strong>’Ἄρα</strong></span> <span class='ocrx_word' id='word_1_792' title='bbox 2434 4228 2724 4300; x_wconf 74' lang='grc' dir='ltr'><strong>βεδαίωσις</strong></span> <span class='ocrx_word' id='word_1_793' title='bbox 2767 4228 2858 4282; x_wconf 81' lang='grc' dir='ltr'><strong>τοῦ</strong></span> <span class='ocrx_word' id='word_1_794' title='bbox 2909 4227 3244 4297; x_wconf 86' lang='grc' dir='ltr'><strong>Εὐαγγελίου</strong></span> <span class='ocrx_word' id='word_1_795' title='bbox 3284 4224 3353 4298; x_wconf 82' lang='grc' dir='ltr'><strong>ἦν</strong></span> <span class='ocrx_word' id='word_1_796' title='bbox 3379 4230 3446 4281; x_wconf 80' lang='grc' dir='ltr'><strong>τὰ</strong></span> <span class='ocrx_word' id='word_1_797' title='bbox 3471 4226 3817 4297; x_wconf 86' lang='grc' dir='ltr'><strong>δεσμά.⁶’ορα</strong></span> 
     </span>
    </p>
   </div>
   <div class='ocr_carea' id='block_1_104' title="bbox 2241 4315 3818 4392">
    <p class='ocr_par' dir='ltr' id='par_1_104' title="bbox 2241 4315 3818 4392">
     <span class='ocr_line' id='line_1_104' title="bbox 2241 4315 3818 4392; baseline -0.003 -16"><span class='ocrx_word' id='word_1_798' title='bbox 2241 4322 2359 4386; x_wconf 89' lang='grc' dir='ltr'><strong>πῶς</strong></span> <span class='ocrx_word' id='word_1_799' title='bbox 2382 4323 2448 4376; x_wconf 81' lang='grc' dir='ltr'><strong>ἐκ</strong></span> <span class='ocrx_word' id='word_1_800' title='bbox 2474 4320 2795 4392; x_wconf 83' lang='grc' dir='ltr'><strong>περιουσίας</strong></span> <span class='ocrx_word' id='word_1_801' title='bbox 2820 4322 2902 4384; x_wconf 86' lang='grc' dir='ltr'><strong>είς</strong></span> <span class='ocrx_word' id='word_1_802' title='bbox 2924 4320 2984 4375; x_wconf 81' lang='grc' dir='ltr'><strong>τὸ</strong></span> <span class='ocrx_word' id='word_1_803' title='bbox 3015 4320 3260 4375; x_wconf 83' lang='grc' dir='ltr'><strong>ἐναντίον</strong></span> <span class='ocrx_word' id='word_1_804' title='bbox 3288 4319 3503 4374; x_wconf 78' lang='grc' dir='ltr'><strong>ἅπαντα</strong></span> <span class='ocrx_word' id='word_1_805' title='bbox 3539 4315 3689 4391; x_wconf 87' lang='grc'><strong>[199]</strong></span> <span class='ocrx_word' id='word_1_806' title='bbox 3717 4334 3818 4371; x_wconf 82' lang='grc' dir='ltr'><strong>πε-</strong></span> 
     </span>
    </p>
   </div>
   <div class='ocr_carea' id='block_1_105' title="bbox 2247 4408 3814 4484">
    <p class='ocr_par' dir='ltr' id='par_1_105' title="bbox 2247 4408 3814 4484">
     <span class='ocr_line' id='line_1_105' title="bbox 2247 4408 3814 4484; baseline -0.002 -18"><span class='ocrx_word' id='word_1_807' title='bbox 2247 4412 2627 4484; x_wconf 76' lang='grc' dir='ltr'><strong>ριέτρεψεν.Ὂ</strong></span> <span class='ocrx_word' id='word_1_808' title='bbox 2652 4412 2762 4482; x_wconf 82' lang='grc' dir='ltr'><strong>γάρ</strong></span> <span class='ocrx_word' id='word_1_809' title='bbox 2790 4410 3039 4483; x_wconf 74' lang='grc' dir='ltr'><strong>ἐνόμιζον</strong></span> <span class='ocrx_word' id='word_1_810' title='bbox 3063 4408 3202 4465; x_wconf 87' lang='grc' dir='ltr'><strong>εἶναι</strong></span> <span class='ocrx_word' id='word_1_811' title='bbox 3229 4410 3514 4466; x_wconf 85' lang='grc' dir='ltr'><strong>ἀσθένειαν</strong></span> <span class='ocrx_word' id='word_1_812' title='bbox 3548 4411 3644 4466; x_wconf 79' lang='grc' dir='ltr'><strong>καὶ</strong></span> <span class='ocrx_word' id='word_1_813' title='bbox 3678 4426 3814 4463; x_wconf 85' lang='grc' dir='ltr'><strong>κατ-</strong></span> 
     </span>
    </p>
   </div>
   <div class='ocr_carea' id='block_1_106' title="bbox 2238 4499 3807 4574">
    <p class='ocr_par' dir='ltr' id='par_1_106' title="bbox 2238 4499 3807 4574">
     <span class='ocr_line' id='line_1_106' title="bbox 2238 4499 3807 4574; baseline -0.003 -16"><span class='ocrx_word' id='word_1_814' title='bbox 2238 4503 2491 4574; x_wconf 87' lang='grc' dir='ltr'><strong>ηγορίαν,</strong></span> <span class='ocrx_word' id='word_1_815' title='bbox 2513 4500 2673 4557; x_wconf 80' lang='grc' dir='ltr'><strong>τοῦτο</strong></span> <span class='ocrx_word' id='word_1_816' title='bbox 2700 4502 2991 4574; x_wconf 79' lang='grc' dir='ltr'><strong>βεδαίωσίν</strong></span> <span class='ocrx_word' id='word_1_817' title='bbox 3025 4519 3160 4574; x_wconf 78' lang='grc' dir='ltr'><strong>φησι</strong></span> <span class='ocrx_word' id='word_1_818' title='bbox 3179 4520 3192 4534; x_wconf 72' lang='grc'><strong><em>⁸</em></strong></span> <span class='ocrx_word' id='word_1_819' title='bbox 3221 4502 3318 4557; x_wconf 75' lang='grc' dir='ltr'><strong>καὶ</strong></span> <span class='ocrx_word' id='word_1_820' title='bbox 3345 4504 3394 4556; x_wconf 88' lang='grc' dir='ltr'><strong>εί</strong></span> <span class='ocrx_word' id='word_1_821' title='bbox 3427 4503 3503 4574; x_wconf 81' lang='grc' dir='ltr'>μὴ</span> <span class='ocrx_word' id='word_1_822' title='bbox 3531 4499 3691 4556; x_wconf 81' lang='grc' dir='ltr'><strong>τοῦτο</strong></span> <span class='ocrx_word' id='word_1_823' title='bbox 3717 4500 3807 4569; x_wconf 74' lang='grc' dir='ltr'><strong>γέ-</strong></span> 
     </span>
    </p>
   </div>
   <div class='ocr_carea' id='block_1_107' title="bbox 2242 4589 3819 4667">
    <p class='ocr_par' dir='ltr' id='par_1_107' title="bbox 2242 4589 3819 4667">
     <span class='ocr_line' id='line_1_107' title="bbox 2242 4589 3819 4667; baseline -0.002 -19"><span class='ocrx_word' id='word_1_824' title='bbox 2242 4607 2416 4665; x_wconf 85' lang='grc' dir='ltr'><strong>γονεν,</strong></span> <span class='ocrx_word' id='word_1_825' title='bbox 2445 4596 2504 4648; x_wconf 92' lang='grc' dir='ltr'><strong>ἐν</strong></span> <span class='ocrx_word' id='word_1_826' title='bbox 2528 4593 2781 4667; x_wconf 77' lang='grc' dir='ltr'><strong>ἀσθενείᾳ</strong></span> <span class='ocrx_word' id='word_1_827' title='bbox 2817 4589 2904 4664; x_wconf 83' lang='grc' dir='ltr'><strong>ἦν.</strong></span> <span class='ocrx_word' id='word_1_828' title='bbox 2936 4590 3066 4648; x_wconf 76' lang='grc' dir='ltr'><strong>Εἶτα</strong></span> <span class='ocrx_word' id='word_1_829' title='bbox 3098 4593 3369 4648; x_wconf 84' lang='grc' dir='ltr'><strong>δείκνυσιν</strong></span> <span class='ocrx_word' id='word_1_830' title='bbox 3399 4595 3484 4649; x_wconf 83' lang='grc' dir='ltr'><strong>ὃτι</strong></span> <span class='ocrx_word' id='word_1_831' title='bbox 3512 4594 3571 4647; x_wconf 82' lang='grc' dir='ltr'><strong>οὐ</strong></span> <span class='ocrx_word' id='word_1_832' title='bbox 3615 4591 3819 4663; x_wconf 83' lang='grc' dir='ltr'><strong>προλή-</strong></span> 
     </span>
    </p>
   </div>
   <div class='ocr_carea' id='block_1_108' title="bbox 2238 4682 3814 4757">
    <p class='ocr_par' dir='ltr' id='par_1_108' title="bbox 2238 4682 3814 4757">
     <span class='ocr_line' id='line_1_108' title="bbox 2238 4682 3814 4757; baseline 0.001 -18"><span class='ocrx_word' id='word_1_833' title='bbox 2238 4685 2441 4756; x_wconf 77' lang='grc' dir='ltr'><strong>ψεωςή</strong></span> <span class='ocrx_word' id='word_1_834' title='bbox 2463 4686 2674 4755; x_wconf 88' lang='grc' dir='ltr'><strong>ἀγάπη,</strong></span> <span class='ocrx_word' id='word_1_835' title='bbox 2705 4685 2841 4740; x_wconf 86' lang='grc' dir='ltr'><strong>ἀλλά</strong></span> <span class='ocrx_word' id='word_1_836' title='bbox 2888 4686 3142 4757; x_wconf 81' lang='grc' dir='ltr'><strong>κρίσεως.</strong></span> <span class='ocrx_word' id='word_1_837' title='bbox 3181 4685 3280 4739; x_wconf 89' lang='grc' dir='ltr'><strong>Διά</strong></span> <span class='ocrx_word' id='word_1_838' title='bbox 3318 4686 3398 4752; x_wconf 87' lang='grc' dir='ltr'><strong>τί;</strong></span> <span class='ocrx_word' id='word_1_839' title='bbox 3435 4684 3596 4754; x_wconf 81' lang='grc' dir='ltr'><strong>Ἐχω</strong></span> <span class='ocrx_word' id='word_1_840' title='bbox 3635 4682 3814 4753; x_wconf 81' lang='grc' dir='ltr'><strong>ὑμᾶς.</strong></span> 
     </span>
    </p>
   </div>
   <div class='ocr_carea' id='block_1_109' title="bbox 2242 4771 3819 4847">
    <p class='ocr_par' dir='ltr' id='par_1_109' title="bbox 2242 4771 3819 4847">
     <span class='ocr_line' id='line_1_109' title="bbox 2242 4771 3819 4847; baseline -0.001 -18"><span class='ocrx_word' id='word_1_841' title='bbox 2242 4775 2426 4847; x_wconf 78' lang='grc' dir='ltr'><strong>φησὶν,</strong></span> <span class='ocrx_word' id='word_1_842' title='bbox 2456 4776 2526 4829; x_wconf 77' lang='grc' dir='ltr'><strong>ἐν</strong></span> <span class='ocrx_word' id='word_1_843' title='bbox 2556 4771 2683 4841; x_wconf 84' lang='grc' dir='ltr'><strong>τοῖς</strong></span> <span class='ocrx_word' id='word_1_844' title='bbox 2727 4774 2977 4845; x_wconf 79' lang='grc' dir='ltr'><strong>δεσμοῖς</strong></span> <span class='ocrx_word' id='word_1_845' title='bbox 3018 4791 3162 4843; x_wconf 84' lang='grc' dir='ltr'><strong>μου,</strong></span> <span class='ocrx_word' id='word_1_846' title='bbox 3192 4774 3291 4829; x_wconf 82' lang='grc' dir='ltr'><strong>καί</strong></span> <span class='ocrx_word' id='word_1_847' title='bbox 3324 4774 3396 4829; x_wconf 78' lang='grc' dir='ltr'><strong>ἐν</strong></span> <span class='ocrx_word' id='word_1_848' title='bbox 3415 4773 3492 4844; x_wconf 73' lang='grc' dir='ltr'><strong>τῇ</strong></span> <span class='ocrx_word' id='word_1_849' title='bbox 3519 4775 3819 4843; x_wconf 75' lang='grc' dir='ltr'><strong>ἀπολογίᾳ</strong></span> 
     </span>
    </p>
   </div>
   <div class='ocr_carea' id='block_1_110' title="bbox 2239 4862 3817 4938">
    <p class='ocr_par' dir='ltr' id='par_1_110' title="bbox 2239 4862 3817 4938">
     <span class='ocr_line' id='line_1_110' title="bbox 2239 4862 3817 4938; baseline -0.001 -17"><span class='ocrx_word' id='word_1_850' title='bbox 2239 4867 2338 4921; x_wconf 82' lang='grc' dir='ltr'><strong>διὰ</strong></span> <span class='ocrx_word' id='word_1_851' title='bbox 2383 4870 2450 4922; x_wconf 82' lang='grc' dir='ltr'><strong>τό</strong></span> <span class='ocrx_word' id='word_1_852' title='bbox 2482 4867 2929 4938; x_wconf 79' lang='grc' dir='ltr'><strong>συγκοινωνοὺς</strong></span> <span class='ocrx_word' id='word_1_853' title='bbox 2972 4862 3123 4921; x_wconf 83' lang='grc' dir='ltr'><strong>εἶναι</strong></span> <span class='ocrx_word' id='word_1_854' title='bbox 3172 4865 3282 4936; x_wconf 85' lang='grc' dir='ltr'><strong>τῆς</strong></span> <span class='ocrx_word' id='word_1_855' title='bbox 3309 4867 3571 4937; x_wconf 82' lang='grc' dir='ltr'><strong>χάριτος.</strong></span> <span class='ocrx_word' id='word_1_856' title='bbox 3600 4867 3665 4921; x_wconf 87' lang='grc' dir='ltr'><strong>Τί</strong></span> <span class='ocrx_word' id='word_1_857' title='bbox 3699 4868 3817 4920; x_wconf 83' lang='grc' dir='ltr'><strong>ἐστι</strong></span> 
     </span>
    </p>
   </div>
   <div class='ocr_carea' id='block_1_111' title="bbox 2238 4954 3812 5032">
    <p class='ocr_par' dir='ltr' id='par_1_111' title="bbox 2238 4954 3812 5032">
     <span class='ocr_line' id='line_1_111' title="bbox 2238 4954 3812 5032; baseline -0.002 -17"><span class='ocrx_word' id='word_1_858' title='bbox 2238 4960 2396 5015; x_wconf 79' lang='grc' dir='ltr'><strong>τοῦτο</strong></span> <span class='ocrx_word' id='word_1_859' title='bbox 2415 4975 2429 5025; x_wconf 90' lang='grc'><strong>;</strong></span> <span class='ocrx_word' id='word_1_860' title='bbox 2456 4961 2489 5030; x_wconf 83' lang='grc' dir='ltr'><strong>ή</strong></span> <span class='ocrx_word' id='word_1_861' title='bbox 2506 4960 2664 5030; x_wconf 87' lang='grc' dir='ltr'><strong>χάρις</strong></span> <span class='ocrx_word' id='word_1_862' title='bbox 2684 4959 2778 5013; x_wconf 81' lang='grc' dir='ltr'><strong>τοῦ</strong></span> <span class='ocrx_word' id='word_1_863' title='bbox 2795 4959 3122 5013; x_wconf 85' lang='grc' dir='ltr'><strong>Ἀποστόλου</strong></span> <span class='ocrx_word' id='word_1_864' title='bbox 3138 4958 3296 5013; x_wconf 83' lang='grc' dir='ltr'><strong>τοῦτο</strong></span> <span class='ocrx_word' id='word_1_865' title='bbox 3309 4954 3380 5032; x_wconf 79' lang='grc' dir='ltr'><strong>ἦν</strong></span> <span class='ocrx_word' id='word_1_866' title='bbox 3397 4959 3459 5013; x_wconf 83' lang='grc' dir='ltr'><strong>τὺ</strong></span> <span class='ocrx_word' id='word_1_867' title='bbox 3472 4958 3812 5031; x_wconf 80' lang='grc' dir='ltr'><strong>δεσμεῖσθαι,</strong></span> 
     </span>
    </p>
   </div>
   <div class='ocr_carea' id='block_1_112' title="bbox 2237 5049 3823 5123">
    <p class='ocr_par' dir='ltr' id='par_1_112' title="bbox 2237 5049 3823 5123">
     <span class='ocr_line' id='line_1_112' title="bbox 2237 5049 3823 5123; baseline -0.002 -17"><span class='ocrx_word' id='word_1_868' title='bbox 2237 5052 2298 5106; x_wconf 79' lang='grc' dir='ltr'><strong>τὸ</strong></span> <span class='ocrx_word' id='word_1_869' title='bbox 2325 5051 2665 5116; x_wconf 78' lang='grc' dir='ltr'><strong>ἐλαύνεσθαι,</strong></span> <span class='ocrx_word' id='word_1_870' title='bbox 2691 5051 2753 5105; x_wconf 81' lang='grc' dir='ltr'><strong>τὸ</strong></span> <span class='ocrx_word' id='word_1_871' title='bbox 2782 5051 2949 5123; x_wconf 88' lang='grc' dir='ltr'><strong>μυρία</strong></span> <span class='ocrx_word' id='word_1_872' title='bbox 2978 5052 3204 5121; x_wconf 81' lang='grc' dir='ltr'><strong>πάσχειν</strong></span> <span class='ocrx_word' id='word_1_873' title='bbox 3239 5051 3420 5119; x_wconf 85' lang='grc' dir='ltr'><strong>δεινά;</strong></span> <span class='ocrx_word' id='word_1_874' title='bbox 3449 5049 3592 5104; x_wconf 85' lang='grc' dir='ltr'><strong>Ναί·</strong></span> <span class='ocrx_word' id='word_1_875' title='bbox 3632 5049 3823 5119; x_wconf 81' lang='grc' dir='ltr'><strong>Ἀρκεῖ</strong></span> 
     </span>
    </p>
   </div>
   <div class='ocr_carea' id='block_1_113' title="bbox 2239 5142 3817 5216">
    <p class='ocr_par' dir='ltr' id='par_1_113' title="bbox 2239 5142 3817 5216">
     <span class='ocr_line' id='line_1_113' title="bbox 2239 5142 3817 5216; baseline 0.001 -18"><span class='ocrx_word' id='word_1_876' title='bbox 2239 5144 2349 5216; x_wconf 86' lang='grc' dir='ltr'><strong>γάρ</strong></span> <span class='ocrx_word' id='word_1_877' title='bbox 2391 5159 2512 5209; x_wconf 92' lang='grc' dir='ltr'><strong>σοι,</strong></span> <span class='ocrx_word' id='word_1_878' title='bbox 2544 5144 2729 5214; x_wconf 82' lang='grc' dir='ltr'><strong>φησὶν,</strong></span> <span class='ocrx_word' id='word_1_879' title='bbox 2752 5144 2791 5211; x_wconf 81' lang='grc' dir='ltr'><strong><em>ἠ</em></strong></span> <span class='ocrx_word' id='word_1_880' title='bbox 2821 5142 2994 5212; x_wconf 82' lang='grc' dir='ltr'><strong>χάρις</strong></span> <span class='ocrx_word' id='word_1_881' title='bbox 3017 5161 3166 5214; x_wconf 86' lang='grc' dir='ltr'><strong>μου·</strong></span> <span class='ocrx_word' id='word_1_882' title='bbox 3198 5144 3237 5213; x_wconf 80' lang='grc' dir='ltr'><strong><em>ή</em></strong></span> <span class='ocrx_word' id='word_1_883' title='bbox 3281 5142 3391 5215; x_wconf 79' lang='grc' dir='ltr'><strong>γὰρ</strong></span> <span class='ocrx_word' id='word_1_884' title='bbox 3416 5142 3673 5213; x_wconf 79' lang='grc' dir='ltr'><strong>δύναμίς</strong></span> <span class='ocrx_word' id='word_1_885' title='bbox 3692 5161 3817 5213; x_wconf 75' lang='grc' dir='ltr'><strong>μου</strong></span> 
     </span>
    </p>
   </div>
   <div class='ocr_carea' id='block_1_114' title="bbox 2238 5234 3816 5306">
    <p class='ocr_par' dir='ltr' id='par_1_114' title="bbox 2238 5234 3816 5306">
     <span class='ocr_line' id='line_1_114' title="bbox 2238 5234 3816 5306; baseline -0.002 -15"><span class='ocrx_word' id='word_1_886' title='bbox 2238 5238 2307 5291; x_wconf 83' lang='grc' dir='ltr'><strong>ἐν</strong></span> <span class='ocrx_word' id='word_1_887' title='bbox 2351 5238 2635 5306; x_wconf 81' lang='grc' dir='ltr'><strong>ἀσθενείᾳ</strong></span> <span class='ocrx_word' id='word_1_888' title='bbox 2685 5236 3033 5292; x_wconf 74' lang='grc' dir='ltr'><strong>τελειοῦται.</strong></span> <span class='ocrx_word' id='word_1_889' title='bbox 3067 5237 3162 5294; x_wconf 84' lang='grc' dir='ltr'><strong>Διὸ</strong></span> <span class='ocrx_word' id='word_1_890' title='bbox 3215 5234 3463 5297; x_wconf 83' lang='grc' dir='ltr'><strong>εὐδοκῶ,</strong></span> <span class='ocrx_word' id='word_1_891' title='bbox 3514 5238 3702 5306; x_wconf 79' lang='grc' dir='ltr'><strong>φησὶν,</strong></span> <span class='ocrx_word' id='word_1_892' title='bbox 3746 5236 3816 5288; x_wconf 76' lang='grc' dir='ltr'><strong>ἐν</strong></span> 
     </span>
    </p>
   </div>
   <div class='ocr_carea' id='block_1_115' title="bbox 2238 5321 3819 5397">
    <p class='ocr_par' dir='ltr' id='par_1_115' title="bbox 2238 5321 3819 5397">
     <span class='ocr_line' id='line_1_115' title="bbox 2238 5321 3819 5397; baseline -0.002 -15"><span class='ocrx_word' id='word_1_893' title='bbox 2238 5326 2596 5394; x_wconf 77' lang='grc' dir='ltr'><strong>ἀσθενείαις,</strong></span> <span class='ocrx_word' id='word_1_894' title='bbox 2625 5327 2695 5380; x_wconf 79' lang='grc' dir='ltr'><strong>ἐν</strong></span> <span class='ocrx_word' id='word_1_895' title='bbox 2722 5326 2984 5394; x_wconf 81' lang='grc' dir='ltr'><strong>ὕϐρεσιν.</strong></span> <span class='ocrx_word' id='word_1_896' title='bbox 3024 5325 3177 5378; x_wconf 76' lang='grc' dir='ltr'><strong>Ἐπεὶ</strong></span> <span class='ocrx_word' id='word_1_897' title='bbox 3225 5321 3318 5380; x_wconf 81' lang='grc' dir='ltr'><strong>οὖν</strong></span> <span class='ocrx_word' id='word_1_898' title='bbox 3353 5323 3495 5397; x_wconf 90' lang='grc' dir='ltr'><strong>όρῶν</strong></span> <span class='ocrx_word' id='word_1_899' title='bbox 3540 5325 3686 5396; x_wconf 80' lang='grc' dir='ltr'><strong>ὑμᾶς</strong></span> <span class='ocrx_word' id='word_1_900' title='bbox 3727 5324 3819 5379; x_wconf 78' lang='grc' dir='ltr'><strong>διὰ</strong></span> 
     </span>
    </p>
   </div>
   <div class='ocr_carea' id='block_1_116' title="bbox 2237 5418 3877 5493">
    <p class='ocr_par' dir='ltr' id='par_1_116' title="bbox 2237 5418 3877 5493">
     <span class='ocr_line' id='line_1_116' title="bbox 2237 5418 3877 5493; baseline -0.001 -18"><span class='ocrx_word' id='word_1_901' title='bbox 2237 5420 2348 5475; x_wconf 86' lang='grc' dir='ltr'><strong>τῶν</strong></span> <span class='ocrx_word' id='word_1_902' title='bbox 2374 5420 2551 5493; x_wconf 75' lang='grc' dir='ltr'><strong>ἔργων</strong></span> <span class='ocrx_word' id='word_1_903' title='bbox 2581 5420 2681 5490; x_wconf 82' lang='grc' dir='ltr'><strong>τὴν</strong></span> <span class='ocrx_word' id='word_1_904' title='bbox 2706 5419 2905 5491; x_wconf 81' lang='grc' dir='ltr'><strong>ἀρετήν</strong></span> <span class='ocrx_word' id='word_1_905' title='bbox 2932 5419 3430 5488; x_wconf 61' lang='grc' dir='ltr'><strong>ἐπιδεικνυμένους,</strong></span> <span class='ocrx_word' id='word_1_906' title='bbox 3461 5418 3559 5474; x_wconf 70' lang='grc' dir='ltr'><strong>καὶ</strong></span> <span class='ocrx_word' id='word_1_907' title='bbox 3591 5419 3689 5490; x_wconf 80' lang='grc' dir='ltr'><strong>τῆς</strong></span> <span class='ocrx_word' id='word_1_908' title='bbox 3716 5419 3823 5488; x_wconf 78' lang='grc' dir='ltr'><strong>χά·</strong></span> <span class='ocrx_word' id='word_1_909' title='bbox 3862 5441 3877 5451; x_wconf 81' lang='grc'><strong>·</strong></span> 
     </span>
    </p>
   </div>
   <div class='ocr_carea' id='block_1_117' title="bbox 2240 5506 3818 5580">
    <p class='ocr_par' dir='ltr' id='par_1_117' title="bbox 2240 5506 3818 5580">
     <span class='ocr_line' id='line_1_117' title="bbox 2240 5506 3818 5580; baseline 0.001 -18"><span class='ocrx_word' id='word_1_910' title='bbox 2240 5526 2386 5579; x_wconf 86' lang='grc' dir='ltr'><strong>ριτος</strong></span> <span class='ocrx_word' id='word_1_911' title='bbox 2412 5508 2616 5580; x_wconf 87' lang='grc' dir='ltr'><strong>ταύτης</strong></span> <span class='ocrx_word' id='word_1_912' title='bbox 2643 5509 2803 5572; x_wconf 73' lang='grc' dir='ltr'><strong>ὄντας</strong></span> <span class='ocrx_word' id='word_1_913' title='bbox 2833 5508 3147 5574; x_wconf 75' lang='grc' dir='ltr'><strong>κοινωνοὺς,</strong></span> <span class='ocrx_word' id='word_1_914' title='bbox 3178 5510 3277 5563; x_wconf 75' lang='grc' dir='ltr'><strong>καὶ</strong></span> <span class='ocrx_word' id='word_1_915' title='bbox 3314 5508 3451 5579; x_wconf 81' lang='grc' dir='ltr'><strong>μετά</strong></span> <span class='ocrx_word' id='word_1_916' title='bbox 3484 5506 3818 5579; x_wconf 80' lang='grc' dir='ltr'><strong>προθυμίας,</strong></span> 
     </span>
    </p>
   </div>
   <div class='ocr_carea' id='block_1_118' title="bbox 2238 5600 3818 5674">
    <p class='ocr_par' dir='ltr' id='par_1_118' title="bbox 2238 5600 3818 5674">
     <span class='ocr_line' id='line_1_118' title="bbox 2238 5600 3818 5674; baseline -0.004 -16"><span class='ocrx_word' id='word_1_917' title='bbox 2238 5605 2461 5669; x_wconf 86' lang='grc' dir='ltr'><strong>είκότως</strong></span> <span class='ocrx_word' id='word_1_918' title='bbox 2496 5604 2670 5658; x_wconf 76' lang='grc' dir='ltr'><strong>ταῦτα</strong></span> <span class='ocrx_word' id='word_1_919' title='bbox 2692 5601 3036 5674; x_wconf 77' lang='grc' dir='ltr'><strong>στοχάζομαι.</strong></span> <span class='ocrx_word' id='word_1_920' title='bbox 3061 5601 3120 5656; x_wconf 86' lang='lat'><strong>&#39;0</strong></span> <span class='ocrx_word' id='word_1_921' title='bbox 3140 5601 3252 5672; x_wconf 85' lang='grc' dir='ltr'><strong>γὰρ</strong></span> <span class='ocrx_word' id='word_1_922' title='bbox 3278 5605 3472 5674; x_wconf 88' lang='grc' dir='ltr'><strong>πεῖραν</strong></span> <span class='ocrx_word' id='word_1_923' title='bbox 3487 5602 3642 5672; x_wconf 80' lang='grc' dir='ltr'><strong>ὑμῶν</strong></span> <span class='ocrx_word' id='word_1_924' title='bbox 3666 5600 3818 5673; x_wconf 74' lang='grc' dir='ltr'><strong>είληο</strong></span> 
     </span>
    </p>
   </div>
   <div class='ocr_carea' id='block_1_119' title="bbox 2239 5694 3818 5770">
    <p class='ocr_par' dir='ltr' id='par_1_119' title="bbox 2239 5694 3818 5770">
     <span class='ocr_line' id='line_1_119' title="bbox 2239 5694 3818 5770; baseline -0.003 -18"><span class='ocrx_word' id='word_1_925' title='bbox 2239 5696 2375 5770; x_wconf 77' lang='grc' dir='ltr'><strong>φὼς,</strong></span> <span class='ocrx_word' id='word_1_926' title='bbox 2400 5697 2493 5752; x_wconf 76' lang='grc' dir='ltr'><strong>καὶ</strong></span> <span class='ocrx_word' id='word_1_927' title='bbox 2543 5696 2776 5768; x_wconf 88' lang='grc' dir='ltr'><strong>μάλιστα</strong></span> <span class='ocrx_word' id='word_1_928' title='bbox 2828 5694 3046 5749; x_wconf 85' lang='grc' dir='ltr'><strong>πάντων</strong></span> <span class='ocrx_word' id='word_1_929' title='bbox 3074 5695 3220 5765; x_wconf 81' lang='grc' dir='ltr'><strong>ὑμᾶς</strong></span> <span class='ocrx_word' id='word_1_930' title='bbox 3252 5694 3434 5759; x_wconf 88' lang='grc' dir='ltr'><strong>εἰδὼς,</strong></span> <span class='ocrx_word' id='word_1_931' title='bbox 3464 5694 3650 5749; x_wconf 80' lang='grc' dir='ltr'><strong>καὶτὰ</strong></span> <span class='ocrx_word' id='word_1_932' title='bbox 3680 5694 3818 5765; x_wconf 82' lang='grc' dir='ltr'><strong>ύμέ-</strong></span> 
     </span>
    </p>
   </div>
   <div class='ocr_carea' id='block_1_120' title="bbox 2239 5785 3820 5862">
    <p class='ocr_par' dir='ltr' id='par_1_120' title="bbox 2239 5785 3820 5862">
     <span class='ocr_line' id='line_1_120' title="bbox 2239 5785 3820 5862; baseline -0.003 -18"><span class='ocrx_word' id='word_1_933' title='bbox 2239 5806 2370 5860; x_wconf 80' lang='grc' dir='ltr'><strong>τερα</strong></span> <span class='ocrx_word' id='word_1_934' title='bbox 2398 5786 2820 5862; x_wconf 83' lang='grc' dir='ltr'><strong>κατορθώματα,</strong></span> <span class='ocrx_word' id='word_1_935' title='bbox 2856 5787 2937 5841; x_wconf 82' lang='grc' dir='ltr'><strong>ὅτι</strong></span> <span class='ocrx_word' id='word_1_936' title='bbox 2977 5789 3071 5845; x_wconf 75' lang='grc' dir='ltr'><strong>καὶ</strong></span> <span class='ocrx_word' id='word_1_937' title='bbox 3109 5785 3363 5844; x_wconf 82' lang='grc' dir='ltr'><strong>τοσοῦτον</strong></span> <span class='ocrx_word' id='word_1_938' title='bbox 3393 5786 3549 5860; x_wconf 74' lang='grc' dir='ltr'><strong>ἡμῶν</strong></span> <span class='ocrx_word' id='word_1_939' title='bbox 3575 5786 3820 5857; x_wconf 68' lang='grc' dir='ltr'><strong>ἀφεστη-</strong></span> 
     </span>
    </p>
   </div>
  </div>
