4170 6492
367 400 473 457 {8'3

361 526 559 581 abesse
590 542 605 580 :
635 523 762 578 licet
800 521 955 577 vobis
1002 519 1105 574 alia
1150 516 1383 590 quadam
1435 517 1647 572 ratione
1693 528 1815 571 cum
1860 512 1965 567 illis

358 618 510 671 coire
537 614 878 677 societatem,
919 612 972 667 id
1011 620 1097 667 est
1127 609 1491 673 inserviendo,
1521 606 1761 663 curando
1787 620 1851 661 ac
1880 603 1964 659 fo-

362 706 563 762 vendo.
603 704 739 761 Nam
776 712 829 759 et
871 703 974 758 hoc
1013 702 1110 758 Dei
1147 700 1496 771 benignitatis
1525 707 1634 767 est,
1672 712 1767 753 eos
1802 695 1964 752 etiam

356 798 453 867 qui
486 796 909 867 negligentiores
947 801 1093 858 sunt,
1126 808 1227 848 nec
1265 793 1455 846 duram
1488 789 1658 855 illam,
1693 800 1961 858 aSperam,

355 893 691 963 exquisitam
724 889 935 945 vivendi
966 890 1230 945 rationem
1256 887 1535 957 suscipere
1562 890 1811 955 possunt,
1839 896 1962 935 rur-

359 1001 457 1042 sus
497 1000 593 1056 per
627 985 786 1039 aliam
830 984 973 1037 viam
1012 981 1081 1036 ad
1110 980 1548 1047 eumdematque
1585 976 1705 1032 illos
1742 971 1962 1045 gradum

362 1078 689 1150 provehere.
718 1080 892 1145 Atque
922 1075 1023 1130 hoc
1049 1071 1181 1128 illud
1210 1080 1310 1138 est,
1334 1069 1475 1143 quod
1503 1068 1698 1124 Paulus
1723 1080 1965 1131 commu-

362 1175 585 1227 nionem
632 1178 832 1224 vocat:
863 1166 1276 1223 Communicant
1309 1163 1487 1229 nobis,
1532 1160 1723 1230 inquit,
1764 1164 1820 1212 et
1858 1156 1963 1210 im-

362 1268 603 1336 partiunt
631 1262 902 1325 carnalia;
937 1272 991 1316 et
1020 1274 1117 1315 nos
1150 1259 1255 1313 illis
1294 1254 1757 1312 communicaturus
1797 1250 1962 1319 spiri-

359 1357 522 1410 tualia
557 1355 737 1426 (Rom.
777 1352 863 1408 15.
893 1352 1007 1421 27).
1051 1350 1182 1405 Nam
1215 1344 1667 1418 quemadmodum
1698 1343 1836 1398 Deus
1863 1355 1962 1412 pro

353 1446 570 1517 exiguis
614 1460 676 1499 ac
724 1443 926 1499 nullius
957 1441 1211 1512 ponderis
1240 1440 1401 1494 rebus
1440 1451 1662 1507 regnum
1695 1433 1914 1502 largitur
1943 1447 1960 1486 :

355 1540 428 1594 ita
462 1547 518 1593 et
548 1537 692 1591 illius
720 1536 859 1590 servi
892 1549 990 1605 pro
1020 1532 1228 1603 exiguis
1253 1545 1317 1586 ac
1346 1528 1639 1585 sensilibus
1663 1522 1956 1596 spiritualia

356 1629 674 1700 impartiunt
698 1645 715 1694 ;
746 1628 854 1682 imo
886 1641 1014 1681 vero
1042 1625 1157 1694 ipse
1184 1631 1290 1688 est,
1317 1621 1406 1692 qui
1438 1636 1534 1690 per
1563 1619 1663 1673 hos
1688 1626 1741 1672 et
1768 1616 1883 1671 haec
1906 1624 1961 1669 et

357 1721 447 1776 illa
476 1722 584 1776 dat.
614 1719 730 1774 Non
758 1727 914 1788 potes
934 1715 1200 1787 jejunium
1228 1710 1415 1769 ferre?
1446 1726 1553 1766 non
1576 1706 1964 1764 solitudinem?

357 1830 468 1868 non
491 1813 637 1867 humi
660 1812 899 1866 cubare?
924 1827 1031 1865 non
1054 1811 1290 1880 integras
1317 1816 1503 1863 noctes
1526 1804 1785 1877 vigilare?
1811 1802 1959 1857 Licet

357 1907 459 1962 tibi
502 1907 691 1960 barum
736 1905 978 1959 omnium
1022 1917 1204 1958 rerum
1250 1897 1555 1956 mercedem
1603 1896 1871 1965 accipere,
1912 1893 1956 1947 si

360 1998 471 2053 alia
499 1997 724 2068 quadam
759 1996 970 2050 ratione
1009 2009 1128 2050 rem
1172 2002 1316 2048 tuam
1357 1988 1594 2063 gesseris
1627 2006 1641 2042 :
1675 2001 1869 2056 nempe
1911 1985 1956 2039 si

364 2104 515 2155 eum,
538 2089 626 2160 qui
644 2088 768 2144 istos
788 2087 1003 2141 labores
1024 2086 1185 2155 capit,
1207 2097 1386 2148 cures,
1408 2094 1645 2147 recrees,
1670 2077 1957 2146 foveasque

360 2180 597 2244 assidue,
625 2188 677 2235 et
703 2179 946 2234 laborem
974 2178 1063 2249 qui
1090 2177 1145 2231 in
1173 2175 1282 2231 illis
1311 2172 1697 2230 certaminibus
1727 2169 1957 2224 sustine-

356 2280 446 2328 tur
475 2272 647 2328 levem
674 2271 894 2328 reddas.
929 2269 1022 2325 llle
1061 2268 1279 2340 quidem
1318 2274 1428 2322 stat
1467 2277 1713 2335 pugnans
1742 2275 1806 2317 ac
1833 2259 1954 2315 vul-

350 2380 483 2421 nera
522 2365 843 2434 excipiens;
897 2372 953 2418 tu
1005 2376 1136 2417 vero
1189 2375 1219 2415 a
1267 2358 1564 2415 certamine
1615 2354 1952 2418 redeuntem,

348 2472 502 2523 cura,
532 2456 706 2511 obviis
736 2455 983 2511 manibus
1013 2452 1247 2523 suscipe,
1278 2449 1530 2507 sudorem
1561 2448 1827 2516 absterge,
1863 2458 1954 2500 re-

348 2564 497 2616 crea,
524 2549 724 2616 solare,
759 2548 954 2602 lassam
986 2546 1221 2601 animam
1252 2543 1374 2599 fove
1401 2557 1465 2598 ac
1494 2540 1673 2595 refice.
1706 2536 1954 2593 Profecto

345 2644 393 2698 si
423 2652 572 2698 tanta
593 2658 717 2698 cum
738 2644 1014 2698 alacritate
1035 2640 1239 2696 sanctis
1261 2638 1637 2700 inserviamus,
1664 2632 1953 2704 participes

345 2735 664 2792 mercedum
693 2751 814 2807 quae
844 2736 968 2790 illos
991 2742 1212 2789 manent
1235 2732 1461 2787 erimus.
1489 2729 1599 2783 lloc
1628 2736 1683 2782 et
1707 2726 1953 2782 Christus

344 2828 509 2886 docet
530 2872 546 2895 ,
580 2830 762 2884 Facite
789 2828 927 2883 vobis
954 2829 1145 2882 amicos
1174 2825 1238 2880 de
1282 2839 1521 2877 mamona
1567 2819 1866 2891 iniquitatis,
1899 2826 1953 2871 ut

344 2923 600 2993 recipiant
628 2940 714 2977 vos
739 2924 791 2977 in
812 2933 1005 2977 interna
1023 2917 1351 2975 tabernacula
1382 2916 1534 2988 (Luc.
1568 2914 1655 2970 16.
1683 2914 1767 2981 9).
1794 2911 1953 2967 Vides

343 3013 623 3085 quomodo
655 3014 743 3069 isti
775 3013 1065 3084 participes
1109 3011 1231 3067 facti
1278 3008 1513 3064 fuerint?
1555 3008 1596 3061 Α
1642 3006 1805 3076 prima
1845 3004 1949 3069 die,

345 3107 541 3176 inquit,
586 3123 743 3175 usque
788 3123 946 3161 nunc.
988 3104 1070 3160 0b
1119 3104 1223 3159 hoc
1254 3103 1451 3173 ipsum,
1487 3100 1678 3170 inquit,
1718 3096 1946 3167 gaudeo.

342 3199 525 3269 Super
552 3200 1011 3254 communicatione
1037 3206 1222 3253 vestra.
1261 3192 1483 3250 Gaudeo
1520 3202 1699 3245 autem
1734 3204 1843 3244 non
1882 3187 1950 3243 de

341 3292 638 3363 prieteritis
686 3300 915 3358 tantum,
971 3289 1067 3346 sed
1109 3288 1274 3345 etiam
1318 3287 1386 3343 de
1424 3286 1615 3339 futuris
1662 3300 1677 3339 :
1719 3298 1841 3336 nam
1882 3296 1949 3335 ex

338 3384 639 3457 przeteritis
664 3384 731 3439 de
763 3385 880 3439 istis
909 3398 1123 3454 quoque
1153 3380 1518 3451 conjecturam
1548 3376 1704 3431 facio.
1729 3376 1783 3430 6.
1816 3375 1951 3429 Con-

338 3478 513 3547 ﬁdens
542 3477 638 3532 hoc
664 3477 852 3547 ipsum,
883 3475 1076 3545 inquit,
1103 3474 1223 3543 quia
1251 3472 1338 3541 qui
1361 3472 1514 3540 coepit
1558 3471 1610 3522 in
1654 3467 1791 3521 vobis
1821 3482 1949 3536 opus

336 3570 554 3632 bonum,
584 3569 810 3639 perﬁciet
840 3584 998 3637 usque
1026 3568 1080 3620 in
1109 3566 1245 3620 diem
1272 3562 1304 3617 J
1312 3580 1397 3618 esu
1425 3561 1633 3616 Christi.

418 3662 473 3718 5.
512 3655 581 3713 In
612 3662 758 3716 bonis
787 3659 1024 3729 operibus
1063 3657 1205 3712 Ileus
1231 3656 1357 3727 agit,
1398 3665 1444 3709 et
1472 3671 1563 3707 nos
1588 3670 1701 3706 cum
1738 3650 1950 3704 Deo.—

338 3752 486 3808 Vide
522 3752 793 3823 quomodo
826 3750 947 3808 illos
989 3748 1309 3805 modestiam
1348 3747 1509 3802 etiam
1557 3745 1691 3799 tueri
1732 3742 1943 3797 doceat.

339 3842 563 3899 Etenim
592 3844 845 3913 quoniam
870 3856 1120 3912 magnum
1143 3838 1397 3911 quiddam
1420 3845 1558 3902 erat,
1586 3834 1726 3906 quod
1751 3834 1818 3889 de
1842 3834 1948 3887 illis

340 3942 577 3989 testatus
617 3931 823 3997 fuerat;
867 3947 934 3987 ne
964 3930 1183 3986 humani
1220 3930 1346 4000 quid
1377 3930 1669 4000 patiantur,
1704 3926 1947 3997 protinus

339 4026 498 4094 ipsos
524 4024 776 4089 instituit,
811 4032 869 4078 ιιι
897 4032 952 4077 ει
987 4023 1258 4092 prmterita
1299 4030 1353 4076 et
1379 4020 1556 4075 futura
1594 4019 1693 4088 ipsi
1733 4017 1946 4073 Christo

266 4147 272 4151 ν
334 4127 564 4187 accepta
621 4116 876 4171 referant.
923 4114 1241 4183 Quomodo?
1292 4112 1408 4168 Non
1458 4113 1619 4176 dixit,
1680 4109 1942 4174 Confido,

333 4208 803 4280 quemadmodum
831 4208 1095 4277 cmpistis,
1141 4207 1213 4260 ita
1257 4206 1417 4261 etiam
1465 4204 1817 4274 perfecturos,
1849 4202 1942 4257 sed

332 4300 513 4373 quid?
534 4299 633 4367 Qui
662 4300 811 4370 capit
840 4299 893 4353 in
920 4299 1053 4352 vobis
1080 4314 1210 4367 opus
1237 4296 1444 4362 bonum,
1480 4294 1707 4365 perﬁciet
1730 4308 1749 4347 :
1772 4308 1946 4363 neque

335 4396 583 4464 ipsorum
615 4392 667 4445 in
708 4402 859 4446 recte
889 4390 1030 4445 facto
1074 4390 1281 4461 aliquas
1318 4388 1485 4443 fuisse
1524 4396 1708 4457 partes
1740 4395 1941 4456 negat;

333 4484 482 4541 dixit
511 4483 678 4550 enim,
706 4481 919 4536 Gaudeo
957 4497 1110 4551 super
1137 4478 1599 4534 communicatione
1624 4487 1829 4539 vestra;
1857 4476 1943 4530 ni-

336 4578 548 4632 mirum
577 4583 849 4645 tamquam
892 4573 991 4644 ipsi
1024 4582 1172 4629 recte
1200 4587 1260 4628 se
1295 4572 1588 4643 gessissent
1618 4590 1631 4625 :
1661 4584 1837 4641 neque
1867 4578 1945 4623 ta-

334 4684 467 4725 men
497 4667 628 4737 ipsis
653 4668 933 4723 dumtaxat
961 4677 1107 4723 recte
1152 4668 1284 4723 facta
1319 4666 1578 4737 assignat,
1618 4664 1713 4720 sed
1748 4665 1944 4735 princi-

334 4759 542 4830 paliter
568 4760 678 4814 Deo
706 4776 720 4813 :
751 4758 966 4827 Conﬁdo
996 4759 1165 4825 enim,
1196 4758 1387 4828 inquit,
1430 4758 1551 4829 quia
1585 4755 1670 4827 qui
1709 4756 1861 4827 cwpit
1889 4756 1941 4809 in

332 4849 480 4907 vobis
506 4867 634 4919 opus
654 4851 863 4916 bonum,
890 4852 1116 4922 perﬁciet
1146 4866 1305 4922 usque
1327 4850 1381 4903 in
1409 4849 1542 4904 diem
1565 4848 1596 4903 Ι
1604 4865 1692 4903 esu
1717 4848 1940 4911 Christi;

331 4943 391 4999 id
421 4952 527 5003 est,
554 4943 715 4998 Deus.
761 4943 873 4999 Nec
912 4958 1041 4999 vero
1070 4942 1244 4997 solum
1294 4942 1363 4998 de
1400 4941 1576 5007 vobis,
1618 4940 1810 5010 inquit,
1846 4938 1942 4995 sed

332 5035 503 5089 etiam
531 5033 599 5089 de
625 5033 711 5101 iis,
741 5035 834 5105 qni
863 5049 925 5089 ex
961 5033 1113 5088 vobis
1144 5032 1407 5098 orientur,
1452 5031 1559 5087 hoc
1593 5045 1773 5102 spero.
1804 5029 1939 5085 Nam

328 5135 390 5181 et
418 5125 539 5179 ha:c
579 5139 687 5180 non
723 5125 916 5196 exigua
958 5125 1207 5191 lausest,
1254 5139 1447 5194 nempe
1478 5124 1649 5178 Deum
1678 5122 1730 5177 in
1762 5122 1941 5192 aliquo

328 5216 574 5288 operari.
622 5218 835 5272 Etenim
873 5219 918 5272 si
963 5217 1054 5273 ille
1095 5232 1447 5288 personarum
1490 5226 1801 5287 acceptator
1830 5230 1937 5272 non

326 5317 440 5373 est,
487 5308 942 5378 quemadmodum
989 5319 1136 5365 certe
1164 5325 1271 5363 non
1303 5319 1407 5375 est,
1437 5308 1530 5363 sed
1569 5307 1634 5362 ad
1677 5308 1939 5378 cujusque

326 5399 671 5469 propositum
702 5408 955 5469 spectans
986 5400 1139 5455 nobis
1169 5401 1220 5454 in
1249 5399 1463 5455 virtutis
1503 5399 1697 5454 officiis
1735 5399 1942 5455 obeun-

324 5490 412 5545 dis
443 5489 738 5560 opitulatur
766 5506 780 5544 :
807 5492 938 5545 satis
964 5499 1176 5546 constat
1205 5507 1303 5546 nos
1334 5491 1481 5561 ipsos
1511 5505 1653 5558 esse,
1695 5493 1785 5562 qui
1831 5509 1926 5547 oc-

321 5582 611 5637 casionem
660 5582 851 5637 demus
899 5598 996 5638 cur
1034 5584 1121 5638 ille
1164 5583 1318 5637 nobis
1372 5583 1710 5639 concilietur.
1760 5582 1937 5652 Quare

322 5671 433 5726 hac
460 5672 625 5726 etiam
656 5672 867 5727 ratione
909 5673 1033 5727 illos
1071 5672 1286 5727 laudem
1315 5688 1435 5729 esse
1464 5673 1789 5744 promeritos
1827 5674 1933 5729 mi-

321 5765 477 5819 nime
499 5764 757 5834 negavit:
790 5765 987 5836 alioqui
1028 5765 1073 5819 si
1100 5766 1346 5822 absolute
1382 5775 1586 5837 ageret,
1635 5767 1763 5822 nihil
1802 5782 1933 5825 sane

320 5854 711 5927 hnpedimcnti
741 5865 875 5922 erat,
901 5858 1187 5928 quominus
1213 5867 1268 5917 et
1297 5858 1471 5916 Graeci
1499 5868 1552 5916 et
1582 5874 1772 5918 omnes
1810 5876 1929 5919 om-

1300 394 1368 451 IN
1405 393 1616 452 EPlST.
1661 393 1754 449 AD
1795 390 2081 449 PlllLlPP.
2123 391 2275 449 CAP.
2318 392 2359 450 Ι.
2403 395 2636 453 ιιοΜιῑ..
2680 396 2719 453 Ῑ.

3568 419 3672 482 186

2076 511 2203 566 nino
2224 510 2467 569 homines
2484 527 2725 587 agerent;
2750 517 2816 582 si,
2837 515 3074 589 inquam,
3090 536 3186 577 nos
3199 521 3417 591 perinde
3431 540 3491 577 ac
3508 519 3666 590 ligna,

2072 614 2125 658 et
2151 605 2355 674 lapides
2395 619 2656 676 moveret,
2697 625 2871 680 neque
2915 621 3094 682 partes
3130 614 3291 666 etiam
3327 625 3538 667 nostras
3576 614 3675 669 dc-

2070 697 2354 752 siderarct.
2379 699 2764 770 Quamobrem,
2803 718 2948 769 cum,
2992 703 3186 774 inquit,
3234 704 3371 759 Deus
3414 706 3661 774 perﬁciet,

2070 801 2122 844 et
2151 790 2251 847 hoc
2283 808 2467 848 rursus
2490 795 2555 848 ad
2576 796 2799 867 illorum
2827 796 3042 851 laudem
3066 798 3320 868 pertinet,
3351 799 3548 870 quippe
3577 800 3668 870 qui

2074 882 2162 936 Dei
2191 884 2415 953 gratiam
2449 887 2519 939 ita
2548 887 2649 942 sibi
2680 889 3041 953 conoiliarint,
3080 899 3137 944 ut
3180 891 3309 960 ipsis
3340 906 3667 960 cooperare-

2072 984 2156 1029 tur
2181 976 2247 1029 ad
2277 987 2482 1032 natura:
2522 978 2769 1034 humanm
2806 981 3173 1036 conditionem
3209 984 3666 1053 exsuperandam.

2069 1066 2246 1135 Atque
2270 1068 2374 1121 alia
2404 1069 2567 1124 etiam
2597 1071 2806 1126 ratione
2842 1072 2941 1128 hae
2970 1073 3022 1127 in
3060 1089 3118 1127 re
3158 1074 3273 1129 laus
3312 1075 3470 1141 inest,
3510 1078 3681 1131 ιιίιιιία

2068 1176 2207 1222 rum,
2244 1160 2387 1229 quod
2424 1164 2543 1217 talia
2587 1164 2696 1218 sint
2738 1173 2915 1219 vestra
2955 1174 3101 1220 recte
3150 1166 3311 1234 facta,
3357 1179 3414 1223 ut
3443 1170 3666 1226 minime

2068 1252 2296 1308 humana
2331 1255 2456 1319 sint,
2503 1256 2598 1312 sed
2624 1257 2808 1313 divino
2833 1266 2953 1313 actu
2984 1259 3053 1314 sit
3080 1274 3236 1328 opus.
3267 1262 3419 1328 Quod
3448 1263 3493 1316 si
3525 1264 3680 1319 Deus

2067 1346 2465 1415 perficiet,inon
2496 1350 2761 1405 maximus
2783 1350 3075 1420 capiendus
3095 1352 3197 1406 erit
3222 1351 3390 1418 labor,
3418 1352 3511 1407 sed
3534 1369 3667 1409 con-

2066 1437 2232 1495 fidere
2272 1450 2505 1510 oportet,
2553 1440 2706 1497 facile
2742 1458 2771 1496 a
2812 1443 2969 1499 nobis
3007 1444 3187 1498 omnia
3227 1444 3523 1515 praestitum
3573 1445 3675 1513 iri,

2065 1531 2259 1601 quippe
2281 1533 2367 1602 qui
2396 1533 2464 1587 ab
2492 1534 2584 1587 illo
2614 1534 2950 1604 adjuvemur.
2982 1537 3034 1590 7'.
3069 1536 3215 1590 Sicut
3254 1546 3325 1591 est
3346 1537 3549 1607 justum
3581 1556 3665 1594 mc

2065 1622 2160 1677 hoc
2186 1626 2371 1678 sentire
2400 1642 2493 1695 pro
2523 1627 2755 1681 omnibus
2797 1630 2957 1691 vobis,
2993 1646 3049 1683 ro
3074 1630 3212 1700 quod
3240 1630 3452 1685 habeam
3486 1648 3572 1687 vos
3608 1636 3669 1688 in

2063 1716 2234 1781 corde,
2262 1726 2309 1770 et
2332 1718 2548 1773 vinculis
2580 1720 2722 1783 meis,
2756 1729 2803 1774 et
2830 1721 2882 1774 in
2910 1719 3203 1792 defensione
3228 1739 3361 1791 mea,
3398 1733 3446 1777 et
3475 1726 3666 1793 conﬁr-

2064 1809 2284 1861 matione
2312 1811 2579 1881 evangelii,
2611 1811 2747 1881 quod
2772 1829 2947 1868 omnes
2978 1830 3065 1867 vos
3095 1830 3197 1867 una
3223 1831 3418 1868 mecum
3446 1817 3664 1885 partici-

2064 1916 2151 1970 pes
2181 1902 2297 1955 estis
2340 1904 2539 1973 gratim.
2573 1904 2817 1975 Magnam
2858 1906 3063 1961 interea
3105 1906 3362 1962 desiderii
3405 1909 3511 1963 vim
3559 1908 3676 1965 hoe

2063 1992 2182 2049 loco
2209 1996 2464 2061 ostendit,
2491 1998 2756 2068 siquidem
2789 1998 2910 2053 illos
2942 2000 2992 2053 in
3023 1998 3187 2055 corde
3217 1998 3467 2066 habebat,
3496 2012 3662 2072 atque

2062 2086 2115 2140 in
2143 2087 2375 2158 ipsemet
2398 2105 2618 2146 carcere
2645 2091 2856 2146 vinctus
2878 2091 3306 2162 Philippensinm
3341 2093 3663 2149 recordaba-

2064 2189 2167 2235 tur.
2216 2180 2333 2235 Nou
2381 2182 2613 2253 vulgaris
2655 2184 2895 2239 virorum
2945 2183 3082 2249 laus,
3137 2198 3260 2240 esse
3303 2185 3355 2238 in
3400 2186 3663 2241 memoria

2060 2274 2229 2328 sancti
2262 2273 2418 2343 hujus
2448 2293 2461 2327 :
2494 2291 2599 2330 non
2644 2275 2787 2331 enim
2832 2276 2974 2329 illius
3004 2275 3221 2330 dilectio
3255 2291 3319 2331 ex
3354 2277 3663 2334 inconside-

2060 2374 2177 2420 rato
2198 2366 2426 2436 quodam
2454 2367 2617 2422 animi
2642 2377 2811 2433 motu,
2837 2366 2939 2422 sed
2954 2367 3161 2437 judicio
3181 2382 3243 2422 ac
3262 2367 3403 2425 bene
3426 2372 3656 2440 cogitata

2059 2456 2268 2511 ratione
2288 2458 2600 2513 exsistebat.
2626 2458 2990 2526 Quamobrem
3016 2458 3162 2529 diligi
3185 2460 3417 2531 aliquem
3441 2477 3469 2514 a
3495 2462 3659 2518 PauYO

2058 2547 2195 2602 adeo
2222 2548 2588 2613 vehementer,
2620 2551 2751 2605 satis
2779 2552 3081 2622 argumenti
3111 2560 3219 2618 est,
3255 2568 3508 2622 magnum
3537 2571 3677 2611 esse»

2058 2642 2208 2697 illum
2251 2653 2411 2714 atque
2455 2644 2853 2700 admirabilem.
2906 2643 2975 2697 Et
3014 2645 3067 2698 in
3116 2645 3425 2715 defensione,
3463 2648 3665 2717 inquit,

2056 2744 2104 2788 et
2130 2735 2511 2803 conﬁrmatione
2535 2735 2803 2805 evangelii.
2838 2735 2903 2789 Et
2934 2734 3060 2803 quid
3103 2736 3319 2798 mirum,
3359 2737 3403 2790 si
3454 2737 3506 2791 in
3538 2753 3658 2793 ears

2056 2842 2182 2884 cere
2213 2827 2335 2884 illos
2380 2828 2433 2883 in
2477 2827 2643 2884 corde
2689 2828 2954 2884 haberet?
3002 2828 3134 2883 Nam
3175 2845 3350 2900 neque
3392 2831 3482 2885 illo
3524 2841 3659 2887 tem—,-

2058 2934 2210 2988 pore,
2256 2920 2447 2990 inquit,
2492 2935 2599 2992 quo
2651 2919 2720 2975 ad
2767 2919 3001 2975 tribunal
3045 2920 3366 2975 accedebam
3414 2922 3664 2978 dicturus

2056 3026 2292 3076 causam,
2323 3028 2390 3067 ex
2431 3015 2611 3068 animo
2650 3028 2771 3069 meo
2813 3013 3116 3069 effluxistis.
3155 3014 3324 3069 Tanta
3358 3016 3499 3071 enim
3538 3019 3652 3071 vio-

2058 3103 2220 3159 lentia
2248 3113 2333 3159 est
2359 3105 2562 3160 amoris
2598 3104 2919 3176 spiritualis,
2952 3113 3010 3159 ut
3042 3104 3171 3159 nulli
3201 3105 3356 3160 cedat
3397 3107 3485 3161 ille
3519 3116 3655 3161 tem-

2057 3196 2193 3265 pori,
2243 3194 2338 3251 sed
2379 3196 2611 3252 amantis
2652 3196 2889 3250 animam
2930 3206 3193 3267 perpetuo
3238 3197 3657 3264 complectatur,

2057 3286 2307 3357 nullaque
2343 3288 2648 3342 calamitate
2690 3298 2785 3343 aut.
2832 3287 3021 3343 dolore
3052 3288 3193 3344 vinci
3237 3291 3399 3344 sinat.
3438 3291 3648 3346 Etenim

2054 3377 2507 3447 quemadmodum
2552 3376 2604 3432 in
2641 3378 2859 3433 fornace
2895 3378 3246 3451 Babylonica,
3288 3394 3409 3434 cum
3448 3390 3658 3435 tantum

2053 3479 2198 3525 esset
2235 3470 2525 3525 excitatum
2567 3470 2899 3537 incendium,
2951 3486 3042 3527 ros
3103 3482 3281 3528 tamen
3324 3483 3441 3528 erat
3482 3473 3661 3528 beatis.

2056 3562 2158 3615 illis
2188 3561 2367 3632 pueris
2400 3579 2412 3615 :
2445 3561 2515 3616 ita
2561 3562 2725 3617 etiam
2767 3562 3026 3630 amicitia,
3069 3563 3161 3617 ubi
3207 3565 3374 3619 semel
3418 3565 3657 3620 amantis

2056 3655 2273 3725 Deoque
2315 3655 2524 3725 accepti
2580 3655 2816 3710 hominis
2865 3655 3240 3726 apprehendit,
3294 3672 3510 3713 omnem
3542 3674 3659 3719 ,εισι

2052 3749 2275 3819 stinguit
2326 3747 2616 3814 flammam,
2668 3764 2957 3818 roremque
3002 3734 3376 3805 admirabilem
3423 3751 3649 3821 spargit.

2054 3839 2121 3893 Et
2149 3839 2533 3907 conﬁrmatione
2553 3839 2823 3910 evangelii,
2856 3839 3049 3910 inquit.
3087 3840 3232 3910 Ergo
3260 3840 3466 3896 vincula
3494 3851 3655 3897 erant

2051 3928 2390 3984 confirmatio
2435 3928 2727 3999 evangelii,
2772 3944 2902 3999 ergo
2940 3938 3093 3983 erant
3126 3929 3403 3996 defensio;
3442 3945 3505 3985 ae
3527 3930 3659 4006 jure

2052 4021 2287 4090 quidem.
2320 4020 2453 4075 Nam
2482 4021 2527 4074 si
2556 4020 2768 4075 vincula
2790 4021 3170 4089 detrectasset,
3201 4022 3511 4093 impostoris
3531 4039 3651 4077 om-

2053 4113 2179 4167 nino
2215 4113 2448 4182 speciem
2494 4113 2815 4182 prazhuisset
2856 4129 2870 4166 :
2925 4127 3068 4166 nunc
3111 4128 3238 4167 vero
3284 4113 3463 4167 omnia
3505 4114 3649 4168 tole~

2053 4220 2210 4271 rans,
2249 4214 2305 4261 et
2342 4205 2555 4259 vincula
2589 4214 2644 4260 et
2682 4206 3066 4271 calamitatem,
3114 4207 3269 4276 plane
3311 4206 3657 4263 demonstrat

2052 4310 2157 4350 non
2199 4310 2258 4351 se
2299 4293 2589 4349 humanam
2618 4294 2851 4365 aliquam
2884 4295 2953 4350 ob
2983 4310 3200 4351 causamn
3235 4294 3349 4349 hmc
3379 4296 3509 4365 pati,
3548 4298 3651 4351 sed.

2053 4396 2271 4455 propter
2309 4384 2500 4453 Deum,
2548 4386 2637 4455 qui
2685 4385 2991 4441 mercedem
3038 4385 3269 4441 reddere
3314 4387 3505 4441 solitus
3544 4401 3646 4443 est.

2050 4479 2219 4533 Nemo
2245 4479 2388 4533 enim
2433 4477 2615 4543 fuerit,
2659 4478 2747 4549 qui
2780 4486 2834 4533 et
2877 4479 3014 4534 mori
3045 4490 3099 4534 et
3128 4488 3205 4533 ιιιι
3233 4478 3382 4535 adire
3411 4480 3648 4551 pericula

2049 4579 2285 4637 statuat;
2315 4585 2476 4627 nemo
2505 4572 2594 4641 qui
2625 4572 2756 4625 tanti
2800 4571 3171 4642 Imperatoris,
3204 4571 3470 4627 Neronem
3503 4573 3644 4639 dico,

2048 4660 2405 4718 offensionem
2436 4662 2647 4731 subeat,
2673 4664 2775 4718 nisi
2799 4663 2962 4717 alium
2991 4665 3157 4718 multo
3186 4665 3444 4735 majorem
3482 4666 3646 4736 Impe-

2049 4764 2280 4810 ratorem
2311 4753 2629 4810 intueretur.
2675 4756 2845 4810 Erant
2875 4756 3036 4827 igitur
3061 4757 3276 4811 vincula
3304 4758 3662 4814 confirmatio.

2047 4847 2331 4918 evangelii.
2361 4847 2495 4903 Vide
2522 4847 2820 4919 quomodo,
2849 4857 2907 4902 ut
2935 4849 3146 4918 plenius
3177 4858 3337 4918 atque
3361 4849 3645 4905 abundan-

2048 4938 2153 4993 tius
2180 4938 2321 5009 quod
2343 4939 2459 4993 vult
2485 4939 2750 5003 obtineat,
2774 4940 2954 4992 omnia
2985 4937 3037 4992 in
3067 4938 3396 4993 contrariam
3434 4950 3643 5009 partem

2046 5030 2392 5087 converterit.
2425 5030 2577 5098 Quod
2618 5030 2762 5085 enim
2800 5029 3128 5084 infirmitatis
3160 5038 3212 5084 et
3250 5031 3493 5086 criminis
3525 5033 3644 5087 loco

2047 5123 2328 5194 putabant,
2372 5123 2424 5178 id
2461 5120 2925 5177 confirmationem
2970 5130 3171 5177 vocat:
3208 5132 3261 5178 ut
3290 5124 3393 5179 nisi
3422 5124 3473 5178 id
3513 5141 3639 5181 eve-

2046 5217 2237 5294 nisset,
2271 5215 2582 5271 infirmitate
2609 5213 2952 5270 laboraturus
2992 5212 3177 5269 fuerit.
3221 5215 3427 5271 Deinde
3452 5226 3639 5272 osten-

2046 5310 2125 5365 dit
2154 5309 2496 5365 dilectionem
2525 5323 2630 5361 non
2661 5315 2888 5374 temere,
2938 5306 3033 5362 sed
3070 5306 3273 5377 judicio
3313 5318 3640 5377 susceptam.

2046 5400 2241 5457 Unde?
2274 5398 2450 5453 Habeo
2495 5415 2602 5464 vos,
2637 5398 2830 5470 inquit,
2875 5399 2927 5453 in
2968 5400 3183 5453 vinculis
3215 5400 3358 5466 meis,
3389 5410 3436 5453 et
3465 5400 3517 5454 in
3547 5402 3639 5455 de-

2046 5492 2295 5564 fensione,
2334 5508 2391 5546 eo
2421 5491 2560 5561 quod
2596 5508 2699 5545 una
2737 5507 2934 5546 mecum
2977 5490 3252 5562 participes
3284 5492 3404 5545 estis
3435 5494 3640 5563 gratiae.

2043 5584 2183 5653 Quid
2219 5585 2320 5638 hoc
2346 5583 2473 5639 est?
2504 5584 2606 5639 hoc
2634 5584 2880 5654 ipsumne
2898 5594 3014 5640 erat
3034 5584 3271 5653 Apostoli
3298 5586 3489 5653 gratia,
3522 5588 3639 5640 vin—

2044 5677 2162 5744 ciri,
2192 5676 2404 5747 jactari,
2450 5685 2737 5732 sescentas
2768 5674 2911 5730 ferre
2952 5675 3314 5731 acerbitates?
3352 5676 3581 5733 Maxime
3616 5697 3630 5734 :

2044 5784 2190 5832 nam,
2225 5767 2421 5838 Suﬂicit
2469 5768 2580 5834 tibi,
2611 5767 2803 5839 inquit,
2828 5769 2993 5839 gratia
3021 5784 3167 5834 mea;
3194 5770 3352 5823 virtus
3373 5770 3502 5824 enim
3524 5790 3644 5827 mea

2044 5862 2099 5917 in
2144 5860 2437 5933 inﬁrmitate
2477 5860 2758 5934 perﬁcitur.
2802 5859 3024 5935 PrOpter
3075 5861 3213 5935 quod
3261 5863 3441 5935 placeo
3488 5866 3647 5932 mihi,
