4170 6508
573 425 671 484 187

575 541 764 612 inquit,
813 540 864 594 in
903 531 1301 608 inﬁrmitatibus,
1332 531 1386 585 in
1427 526 1744 585 contumeliis
1785 525 1857 596 (2.
1901 523 2020 581 Cor.
2066 522 2152 578 12.

572 632 624 688 9.
659 629 772 702 1ο).
803 626 1028 698 Quando
1054 622 1214 694 igitur
1243 620 1400 676 video
1429 634 1526 674 vos
1566 617 1719 673 factis
1746 616 1877 686 ipsis
1906 616 2156 670 virtutem

572 721 878 786 ostendere,
910 727 1071 788 atque
1099 715 1258 785 hujus
1284 712 1472 784 gratiae
1497 725 1618 766 esse
1649 707 1956 780 participes,
1998 706 2158 775 idque

572 814 839 874 alacriter,
873 823 973 864 nec
1003 808 1271 862 immerito
1315 803 1413 859 has
1453 803 1793 872 conjecturas
1834 800 1990 854 facio.
2024 797 2157 853 Nam

572 904 659 973 qui
698 918 793 956 vos
830 901 1018 955 fuerim
1046 907 1322 968 expertus,
1351 911 1414 951 ac
1445 910 1555 965 prae
1581 893 1832 949 omnibus
1860 906 1954 944 vos
1983 899 2038 945 et
2064 907 2156 944 ve-

571 1006 680 1050 stra
710 997 982 1050 benefacta
1013 994 1207 1057 norim,
1240 991 1328 1061 qui
1357 989 1439 1043 vel
1469 997 1615 1042 tanto
1645 1002 1672 1039 a
1697 987 1850 1041 nobis
1875 984 2158 1038 intervallo

572 1089 823 1158 sejuncti,
856 1101 1069 1141 (nuntiem
1101 1083 1500 1139 contentionem
1530 1078 1795 1133 adhibetis
1825 1091 1892 1132 ne
1924 1076 1974 1130 in
2011 1075 2157 1129 cala-

574 1181 849 1236 mitatibus
905 1195 934 1233 a
991 1178 1143 1232 nobis
1197 1173 1550 1245 sejungamini
1583 1213 1598 1237 ,
1650 1170 1746 1226 sed
1799 1168 2158 1239 periculorum

573 1289 694 1344 qua:
725 1286 820 1343 pro
848 1269 1124 1340 evangelio
1151 1264 1427 1321 subeunda
1470 1273 1594 1318 sunt
1622 1259 1912 1330 participes
1937 1259 2073 1322 sitis,
2105 1267 2160 1312 et

573 1364 760 1437 procul
807 1362 960 1432 positi
1007 1359 1140 1415 nihil
1183 1359 1359 1412 minus
1403 1370 1488 1409 me
1526 1355 1642 1423 ipso
1676 1351 1941 1416 habeatis,
1971 1349 2061 1418 qui
2103 1348 2158 1402 in

573 1455 867 1513 certamina
901 1454 1011 1522 ipsa
1041 1449 1329 1515 descendi;
1376 1462 1585 1518 mquum
1621 1444 1777 1516 plane
1812 1451 1913 1507 est,
1956 1451 2011 1495 ut
2044 1441 2158 1495 lucc

574 1547 870 1614 relinquam
915 1551 1123 1598 testata.
1162 1540 1272 1595 Cttr
1300 1547 1476 1592 autem
1519 1553 1622 1590 non
1667 1533 2154 1602 dixit,Participes,

573 1638 696 1702 sed,
749 1636 865 1692 Una
909 1651 1103 1688 mecum
1146 1631 1456 1701 participes?
1507 1629 1573 1682 Et
1608 1643 1706 1697 ego
1754 1629 1896 1695 ipse,
1949 1626 2155 1695 inquit,

573 1731 727 1785 alteri
760 1730 1030 1798 impertio,
1079 1735 1137 1780 ut
1173 1740 1275 1778 una
1320 1722 1440 1777 [iam
1483 1722 1753 1792 particeps
1781 1717 2042 1786 evangelii
2080 1716 2156 1788 (l.

572 1824 692 1878 Cor.
740 1821 793 1877 9.
835 1821 952 1889 23),
987 1818 1037 1873 id
1069 1827 1152 1873 est
1179 1817 1461 1877 bonorum,
1495 1827 1612 1882 quas
1638 1825 1734 1880 pro
1761 1807 2039 1879 evangelio
2060 1822 2160 1862 nos

573 1911 810 1970 manent.
845 1914 919 1966 Ac
941 1911 1133 1964 mirum
1167 1907 1409 1977 profecto
1440 1913 1541 1968 est,
1565 1915 1754 1957 omnes
1785 1900 1904 1955 illos
1933 1900 2003 1954 ita
2032 1899 2160 1955 all'e-

571 2015 688 2060 ctos
712 2003 892 2058 animo
915 2002 1096 2064 fuisse,
1127 2008 1185 2054 ut
1211 2015 1240 2052 a
1268 1996 1432 2053 Paulo
1465 1994 1642 2049 vocari
1675 2002 1896 2063 possent
1923 1991 2002 2044 sui
2038 2005 2162 2061 par-

573 2096 762 2166 ticipes
795 2112 810 2147 :
845 2093 912 2147 ita
941 2093 1084 2146 enim
1117 2090 1305 2160 inquit,
1341 2088 1490 2155 Quod
1523 2101 1696 2139 omnes
1724 2100 1810 2138 eos
1837 2099 1938 2136 una
1968 2098 2159 2135 mecum

573 2189 844 2258 participes
877 2186 994 2239 estis
1029 2184 1229 2256 gratiae.
1277 2181 1404 2236 Haec
1442 2181 1602 2250 igitur
1645 2178 1790 2231 initia
1824 2176 1980 2229 fidem
2030 2175 2159 2228 mihi

574 2281 794 2344 faciunt,
819 2293 912 2332 vos
941 2293 1110 2346 usque
1139 2276 1202 2328 ad
1229 2274 1388 2329 linem
1412 2274 1543 2327 tales
1571 2270 1706 2324 fore.
1739 2269 1841 2324 Vix
1876 2268 2016 2321 enim
2041 2267 2158 2321 fieri

575 2383 770 2444 potest,
803 2383 853 2426 ut
886 2371 1205 2442 principium
1241 2369 1375 2422 adeo
1402 2364 1739 2438 splendidum
1767 2362 2155 2431 exstinguatur,

573 2476 734 2535 atque
775 2473 1080 2526 eraneSCat,
1125 2463 1219 2517 sed
1262 2475 1481 2532 magnos
1515 2472 1727 2529 quoque
1769 2470 1831 2510 ac
1872 2454 2159 2525 praeclaros

573 2559 748 2611 exitus
779 2565 1019 2627 pnestat.

644 2650 698 2702 4.
729 2649 990 2714 Quoniam
1029 2647 1188 2716 igitur
1228 2647 1333 2701 alia
1373 2644 1601 2715 quadam
1641 2642 1845 2698 ratione
1881 2641 2006 2696 licet
2041 2653 2161 2695 esse

575 2739 886 2810 participem
909 2739 1095 2807 gratia:
1116 2747 1169 2792 et
1191 2737 1550 2806 periculorum
1578 2744 1632 2790 et
1655 2733 2038 2792 calamitatum,
2064 2729 2160 2783 ob-

571 2845 727 2885 secro
771 2845 872 2898 ego
918 2843 1013 2882 vos
1033 2869 1046 2892 ,
1078 2829 1245 2881 simus
1281 2841 1380 2881 nos
1415 2839 1628 2896 quoque
1656 2823 1964 2893 participes.
1989 2821 2159 2887 Quam

574 2921 722 2976 nmlti
749 2936 812 2976 ex
841 2920 904 2974 iis
927 2920 1016 2989 qui
1048 2919 1132 2973 hic
1157 2927 1283 2973 sunt
1303 2915 1543 2973 vellent?
1567 2914 1806 2986 quinimo
1830 2927 2018 2968 omnes
2043 2909 2160 2965 vel-

574 3011 696 3066 letis
731 3010 1015 3080 participes
1039 3023 1159 3065 esse
1188 3008 1337 3064 Pauli
1368 3010 1418 3062 in
1449 3005 1698 3075 repositis
1725 3005 1830 3060 illis
1859 3002 2033 3058 bonis.
2066 3001 2163 3056 At-

573 3103 662 3172 qui
692 3101 833 3165 licet,
861 3101 907 3155 si
938 3099 1122 3166 vultis,
1153 3098 1308 3153 facile
1356 3095 1497 3152 istud
1525 3095 1762 3166 assequi,
1789 3094 1832 3150 si
1857 3094 1920 3148 iis
1943 3093 2031 3163 qui
2056 3093 2158 3149 mi-

574 3193 852 3248 nisterium
902 3191 1044 3246 illius
1088 3197 1516 3259 reprmsentant,
1547 3187 1613 3242 iis
1659 3187 1749 3257 qui
1798 3200 1898 3257 pro
1943 3185 2159 3242 Christo

572 3290 712 3343 male
755 3287 1112 3356 accipiuntur,
1143 3283 1320 3338 velitis
1361 3281 1660 3338 subsidium
1702 3279 1950 3334 alacriter
1993 3277 2152 3341 ferre,

571 3380 841 3450 Opitulari,
863 3393 1076 3432 manum
1103 3375 1392 3446 porrigere.
1414 3371 1572 3428 Vides
1595 3369 1882 3443 periclitari
1904 3369 2159 3424 fratrem?

571 3475 785 3543 porrige
831 3486 1067 3525 manum.
1115 3469 1274 3524 Vides
1318 3477 1704 3538 praeceptorem
1738 3463 1923 3534 proelio
1952 3462 2159 3532 appeti-

572 3567 718 3619 tum?
742 3564 954 3619 assiste.
984 3565 1050 3616 At
1073 3562 1215 3616 enim
1241 3559 1396 3622 dicis,
1414 3572 1571 3613 nemo
1598 3565 1681 3612 est
1705 3557 1794 3626 qui
1824 3554 1988 3609 Paulo
2010 3568 2158 3608 con:-

571 3657 745 3726 parari
773 3666 953 3726 queat.
989 3655 1067 3709 En
1093 3653 1270 3707 subito
1289 3651 1451 3705 animi
1482 3649 1660 3713 elatio,
1693 3647 1870 3702 subito
1891 3645 2154 3714 judicant.

568 3749 852 3804 Neminem
880 3762 1046 3816 prope
1072 3745 1138 3800 ad
1166 3744 1392 3800 Paulum
1415 3740 1697 3804 accedere,
1716 3753 1817 3808 ego
1846 3751 2062 3805 quoque
2083 3734 2158 3786 fa-

572 3849 689 3892 teor
706 3846 1114 3902 :verumtamen,
1140 3836 1241 3900 Qui
1257 3833 1454 3904 recipit,
1474 3831 1666 3902 inquit,
1683 3826 1980 3897 prophetam
1996 3826 2049 3878 in
2066 3841 2160 3877 no-

572 3931 708 3985 mine
723 3930 1002 4002 praphctte,
1023 3931 1298 3984 mercedem
1315 3925 1576 4000 propheta:
1590 3919 1835 3990 accipiet(
1858 3916 2046 3972 Matth.
2067 3917 2156 3973 10.

570 4022 632 4077 ll
657 4023 697 4092 ).
740 4021 878 4076 Num
911 4021 1278 4092 l‘hilippenses
1305 4017 1374 4072 ob
1401 4030 1520 4071 eam
1551 4025 1767 4066 causam
1814 4007 2161 4064 admirabiles

571 4121 746 4178 erant,
773 4111 911 4183 quod
932 4109 1152 4166 Paulum
1171 4104 1532 4178 adjuvahant?
1543 4101 1682 4168 Non,
1700 4099 1938 4170 inquam,
1952 4097 2022 4153 ob
2039 4112 2156 4153 eam

571 4219 808 4266 causam,
835 4202 927 4258 sed
955 4203 1206 4272 quoniam
1233 4193 1702 4254 conuuunicabant
1722 4191 1792 4256 ei,
1815 4190 1905 4262 qui
1927 4204 2160 4260 evange-

576 4295 630 4351 lii
656 4295 1084 4366 praedicationem
1108 4297 1436 4360 susceperat.
1465 4287 1754 4356 Propterea
1777 4284 1971 4340 Paulus
1994 4282 2163 4337 hono-

575 4409 686 4447 rem
712 4388 1136 4460 promerebatur,
1154 4383 1412 4456 quoniam
1437 4381 1552 4436 haec
1576 4379 1873 4451 patiebatur
1895 4391 1990 4449 pro
2011 4375 2165 4433 Chri—

575 4495 680 4539 sto.
713 4481 898 4549 Qualis
926 4479 1141 4542 Paulus,
1169 4489 1328 4530 nemo
1356 4481 1457 4528 est.
1487 4470 1627 4542 Quid
1653 4470 1795 4537 dico,
1827 4467 2001 4540 qualis
2026 4466 2165 4521 Pau-

577 4576 702 4630 lus?
727 4588 884 4630 nemo
907 4581 989 4628 est
1008 4571 1098 4642 qui
1120 4567 1189 4624 ad
1211 4568 1423 4624 beatum
1446 4566 1594 4620 illum
1617 4563 1700 4618 vel
1726 4576 1894 4632 prope
1913 4559 2161 4615 accedat:

578 4665 892 4738 praedicatio
933 4671 1112 4717 autem
1153 4658 1342 4715 eadem
1370 4665 1471 4724 est,
1501 4670 1620 4726 qua:
1645 4653 1736 4708 illo
1761 4661 2002 4722 tempore
2026 4659 2162 4706 erat.

581 4760 692 4814 Nec
713 4768 940 4823 tantum,
958 4754 1086 4809 dum
1111 4753 1164 4808 in
1188 4748 1417 4805 vinculis
1438 4753 1575 4814 erat,
1601 4745 1650 4801 ei
1673 4740 2162 4806 communicabant,

581 4852 674 4908 sed
705 4851 868 4907 etiam
899 4864 927 4904 a
957 4847 1218 4920 principio
1247 4861 1260 4896 :
1294 4843 1414 4897 audi
1438 4841 1581 4896 enim
1605 4839 1773 4910 ipsius
1798 4837 1982 4903 verba,
2011 4834 2167 4891 Scitis

577 4953 748 4999 autem
772 4955 817 5002 et
840 4959 924 4997 vos
944 4983 960 5009 ,
990 4938 1366 5008 Philippenses,
1397 4933 1534 5004 quod
1559 4933 1611 4985 in
1638 4930 1892 5002 principio
1921 4927 2167 5002 evangelii

582 5041 728 5096 nulla
759 5038 880 5092 mihi
909 5033 1136 5088 Ecclesia
1161 5028 1545 5084 communicavit
1571 5027 1625 5080 in
1656 5025 1851 5080 ratione
1875 5023 1982 5076 dati
2012 5032 2056 5077 et
2082 5037 2168 5076 ac-

578 5135 731 5206 cepti,
751 5131 846 5186 nisi
863 5144 949 5183 vos
965 5127 1061 5181 soli
1073 5123 1329 5196 (Philipp.
1346 5123 1399 5177 4.
1419 5121 1528 5188 15).
1545 5122 1620 5175 Ac
1635 5134 1765 5173 sane
1778 5117 1993 5172 omissis
2007 5115 2168 5171 etiam

582 5224 859 5296 periculis,
883 5219 1079 5275 multas
1098 5216 1259 5271 habet
1280 5213 1551 5269 molestias
1575 5219 1869 5283 praeceptor
1895 5227 1908 5264 :
1938 5208 2167 5278 vigilias,

581 5315 795 5372 dicendi
821 5327 883 5367 ac
911 5309 1134 5366 docendi
1166 5307 1423 5373 laborem,
1452 5302 1925 5377 reprehensiones,
1953 5316 2171 5356 accusa-

583 5409 760 5460 tiones
778 5444 797 5472 ,
825 5402 1093 5473 querelas,
1111 5399 1546 5459 obtrectationes,
1565 5393 1838 5450 invidiam.
1855 5392 2014 5446 Levia
2033 5389 2168 5457 hanc,

529 5531 534 5536 ι
584 5499 671 5553 dic
688 5495 840 5560 mihi,
860 5494 1125 5549 sexcentis
1140 5507 1199 5547 se
1215 5489 1411 5562 linguis
1425 5502 1716 5561 exponere,
1733 5499 1856 5541 cum
1876 5483 2060 5538 liceret
2075 5496 2170 5536 sua

587 5590 744 5643 unius
767 5585 1091 5659 procurare?
1113 5585 1226 5641 Heu
1243 5582 1370 5655 quid
1393 5581 1521 5637 mihi
1539 5579 1704 5635 animi
1725 5577 1842 5634 est?
1865 5575 2069 5631 duabus
2089 5588 2173 5630 re—

587 5685 688 5739 bus
710 5680 1048 5744 interclusus,
1074 5677 1285 5743 luesito,
1306 5686 1468 5743 atque
1485 5671 1687 5726 haereo.
1708 5669 1842 5725 Nam
1863 5682 1983 5723 cum
2005 5679 2100 5720 vos
2121 5674 2176 5720 et

589 5775 878 5835 admonere
904 5779 960 5826 et
985 5769 1254 5827 cohortari
1286 5765 1464 5837 cupio,
1497 5771 1558 5818 ut
1583 5770 1799 5818 sanctos
1829 5758 1922 5814 Dei
1950 5755 2172 5812 foveatis

589 5865 845 5936 omnique
884 5877 985 5934 ope
1023 5861 1254 5934 iuvetis;
1286 5868 1397 5916 tum
1438 5870 1566 5914 vero
1603 5861 1784 5911 metuo
1826 5865 1893 5906 ne
1943 5849 2026 5905 cui
2072 5847 2172 5903 alia

1315 418 1372 474 S.
1411 411 1686 470 JOANNIS
1722 404 2192 467 CIIRVSOSTOMI
2223 405 2538 464 ARCllIEP.
2579 409 3112 471 CONS’I'ANTINOP.

3749 413 3850 474 188

2266 523 2509 594 quautam
2549 523 2745 581 incidat
2778 528 3033 596 suSpicio,
3066 526 3316 583 nimirum
3340 525 3476 583 hanc
3501 527 3628 582 mihi
3651 530 3851 584 oratio.

2263 631 2386 670 nem
2406 631 2512 671 non
2531 617 2715 685 vestri,
2737 617 2832 674 sed
2855 619 3067 674 illorum
3088 633 3248 674 causa
3267 634 3390 675 esse
3407 630 3733 690 susceptam.
3758 620 3851 677 Ve-

2265 723 2383 763 rum
2405 710 2597 765 scitote
2616 710 2729 766 haec
2751 727 2781 766 a
2805 726 2890 766 me
2912 727 3017 766 non
3039 712 3274 779 illorum,
3292 713 3384 768 sed
3407 723 3580 768 vestra
3609 714 3847 783 ipsorum

2263 812 2424 852 causa
2450 798 2576 864 dici,
2608 799 2785 870 idque,
2821 801 2866 856 si
2898 811 3132 857 mentem
3155 802 3438 858 advertere
3485 803 3687 872 velitis,
3718 805 3849 875 ipsa:

2265 891 2416 946 vobis
2441 893 2677 948 rationes
2703 894 3117 963 persuadebunt.
3143 894 3256 950 Non
3281 904 3484 965 :equate
3506 905 3594 950 est
3614 897 3845 961 lucrum,

2264 982 2404 1052 quod
2444 997 2539 1038 vos
2577 986 2860 1052 reportatis
2901 994 3061 1051 atque
3106 987 3178 1040 illi
3211 1002 3224 1039 :
3257 1002 3379 1041 nam
3421 1003 3516 1042 vos
3550 987 3764 1057 quidem
3801 990 3846 1044 si

2263 1072 2540 1140 dederitis,
2563 1089 2624 1128 ea
2652 1075 2867 1142 dabitis,
2899 1092 3018 1146 qua:
3041 1077 3201 1146 paulo
3229 1086 3366 1147 post,
3399 1077 3574 1132 velitis
3594 1118 3609 1142 ,
3642 1079 3844 1146 nolitis,

2263 1165 2384 1218 aliis
2407 1166 2724 1235 resignaturi
2749 1175 2805 1221 et
2828 1167 3136 1222 concessuri
3166 1168 3331 1231 estis;
3363 1177 3418 1222 at
3439 1183 3556 1238 qua:
3582 1169 3844 1238 accipitis,

2267 1268 2554 1325 permagna
2585 1264 2744 1320 sunt,
2775 1257 2960 1326 longe,
2994 1257 3210 1326 inquam
3229 1299 3245 1323 ,
3273 1257 3496 1326 majora.
3527 1258 3718 1312 Annon
3747 1258 3847 1314 hoc

2263 1344 2444 1399 animo
2469 1345 2617 1411 estis,
2647 1349 2892 1417 accipere.
2917 1362 3012 1402 vos
3031 1390 3047 1415 ,
3073 1363 3195 1403 cum
3227 1347 3402 1402 datis?
3429 1347 3542 1418 Ego
3567 1365 3715 1414 vero,
3744 1351 3848 1407 nisi

2267 1437 2368 1491 hoc
2411 1440 2591 1492 animo
2633 1441 2798 1505 estis,
2849 1455 2915 1494 ne
2959 1440 3098 1496 detis
3145 1441 3356 1510 quidem
3406 1443 3607 1496 velim:
3644 1451 3844 1498 tantum

2265 1532 2438 1592 abest,
2464 1547 2562 1601 pro
2587 1532 2689 1587 illis
2717 1549 3018 1588 sermonem
3043 1533 3254 1588 faciam.
3279 1535 3389 1588 Nisi
3416 1535 3530 1605 quis
3561 1546 3717 1590 antea
3745 1537 3845 1591 sibi

2264 1624 2626 1694 persuaserit,
2659 1625 2904 1693 accipere
2947 1641 3006 1678 se
3050 1627 3215 1695 magis
3257 1641 3414 1695 quam
3464 1627 3629 1691 dare,
3661 1628 3848 1696 ingens

2267 1714 2472 1769 lucrum
2504 1713 2700 1779 facere,
2736 1715 2995 1771 beneﬁcio
3026 1718 3192 1787 magis
3227 1717 3366 1772 affici
3406 1733 3564 1787 quam
3594 1718 3845 1785 afficere;

2267 1805 2358 1860 ille
2384 1821 2516 1861 vero
2545 1822 2612 1859 ne
2640 1806 2731 1861 det
2757 1825 2772 1860 :
2802 1808 2846 1862 si
2875 1809 2944 1861 ita
2977 1817 3145 1876 putat,
3171 1807 3299 1864 dare
3329 1824 3388 1864 se
3417 1809 3733 1865 beneﬁcium
3754 1826 3847 1866 ac-

2265 1897 2503 1968 cipienti,
2535 1913 2603 1954 ne
2631 1899 2743 1954 det.
2786 1899 2900 1955 Non
2927 1901 3071 1954 enim
3102 1900 3154 1955 id
3188 1901 3318 1956 mihi
3352 1917 3494 1956 nunc
3525 1918 3853 1973 magnopere

2266 2003 2410 2045 cura:
2434 1999 2537 2056 est,
2561 1999 2618 2044 ut
2639 1989 2852 2045 alantur
2871 1991 3042 2046 sancti
3069 2009 3082 2045 :
3107 2007 3229 2046 nam
3254 1992 3356 2047 nisi
3384 2001 3438 2048 tu
3461 1992 3693 2058 dederis,
3713 1994 3850 2048 alius

2266 2079 2413 2134 dabit
2455 2079 2812 2146 Quamobrem
2838 2082 2979 2150 quod
3003 2083 3144 2151 volo,
3166 2083 3266 2138 hoc
3288 2091 3404 2138 est:
3429 2092 3485 2139 ut
3507 2099 3603 2139 vos
3622 2086 3850 2153 peccatis

2267 2173 2458 2227 vestris
2489 2173 2660 2226 lenem
2687 2173 2972 2244 quamdam
3000 2175 3316 2230 medicinam
3341 2175 3577 2230 faciatis:
3601 2177 3689 2248 qui
3721 2193 3849 2232 vero

2268 2264 2404 2320 hanc
2421 2265 2472 2319 in
2490 2265 2665 2320 dando
2687 2269 2943 2322 rationem
2969 2283 3070 2323 non
3097 2278 3261 2335 tenet,
3288 2269 3602 2324 medicinam
3629 2285 3734 2324 non
3756 2270 3848 2325 ba-

2266 2357 2430 2413 bebit.
2462 2358 2576 2413 Non
2607 2362 2748 2414 enim
2780 2360 2928 2420 dare.
2962 2362 3054 2416 sed
3083 2362 3313 2415 alacrem
3342 2361 3492 2425 dare,
3522 2361 3614 2416 sed
3644 2362 3846 2426 betam,

2265 2449 2358 2504 sed
2377 2451 2576 2521 gratias
2593 2449 2877 2507 habentem
2896 2452 3196 2522 accipienti,
3217 2453 3318 2506 hoc
3334 2461 3434 2513 est.
3453 2452 3847 2523 eleemosynam

2267 2543 2445 2596 facere
2475 2560 2490 2597 :
2523 2542 2597 2596 ait
2622 2543 2786 2606 enim,
2820 2541 2940 2597 Non
2971 2559 3034 2597 ea:
3061 2543 3280 2606 tristitia,
3309 2553 3396 2595 aut
3425 2559 3487 2596 ex
3513 2544 3803 2596 necessitate
3830 2557 3850 2597 :

2266 2635 2480 2688 hilarem
2505 2634 2635 2686 enim
2657 2632 2884 2686 datorem
2907 2633 3069 2704 diligit
3093 2631 3230 2687 Deus
3252 2631 3326 2704 (Ξ
3377 2632 3494 2687 Cor.
3525 2632 3578 2687 9.
3613 2635 3704 2704 7).
3730 2635 3844 2690 Non

2266 2729 2357 2782 det
2386 2727 2561 2798 igitur,
2587 2726 2674 2796 qui
2707 2725 2807 2781 hoc
2832 2725 2993 2780 modo
3019 2741 3124 2779 non
3155 2726 3240 2779 dat
3275 2743 3287 2779 :
3314 2726 3521 2795 jactura
3543 2728 3682 2780 enim
3707 2727 3845 2782 istud

2265 2829 2366 2884 est,
2398 2835 2503 2872 non
2531 2819 2895 2890 eleemosyna.
2926 2819 3101 2886 Quare
3127 2820 3170 2873 si
3203 2819 3352 2874 vobis
3383 2819 3484 2874 hoc
3509 2821 3846 2892 exploratum

2266 2921 2370 2978 est,
2400 2925 2498 2966 vos
2522 2925 2643 2966 esse
2668 2911 2758 2980 qui
2783 2919 3046 2980 quastum
3074 2909 3269 2974 facitis,
3299 2925 3407 2966 non
3434 2911 3576 2979 illos,
3604 2913 3851 2983 explora-

2267 3013 2377 3057 tum
2400 3016 2612 3074 quoque
2639 3001 2768 3058 illud
2794 3002 2884 3068 sit,
2907 3003 3080 3072 majus
3102 3004 3263 3057 etiam
3295 3003 3495 3059 lucrum
3519 3005 3670 3060 vobis
3694 3019 3848 3062 acce-

2265 3095 2417 3152 dere.
2445 3094 2581 3151 Nam
2620 3094 2727 3150 illis
2765 3093 2983 3166 quidem
3024 3109 3219 3165 corpus
3261 3095 3455 3158 alitur;
3489 3095 3642 3152 vobis
3666 3107 3844 3153 autem

2264 3186 2591 3258 splendescit
2618 3185 2794 3241 anima
2823 3201 2838 3238 :
2867 3185 3006 3252 illis,
3032 3199 3154 3240 cum
3184 3186 3452 3256 accipiunt
3473 3226 3489 3248 ,
3523 3186 3726 3241 nullum
3757 3203 3844 3242 re-

2266 3280 2496 3336 mittitur
2517 3285 2791 3350 peccatum
2808 3293 2824 3343 ;
2844 3276 2997 3333 vobis
3019 3292 3146 3333 vero
3169 3277 3349 3332 multa:
3375 3277 3697 3334 offensiones
3721 3279 3846 3332 abeo

2265 3373 2464 3429 lentur.
2494 3370 2964 3427 Communicemus
3013 3369 3172 3439 igitur
3214 3369 3344 3439 ipsis
3387 3369 3439 3424 in
3478 3369 3755 3424 laboribus
3783 3384 3847 3424 ac

2264 3463 2678 3527 certaminibus,
2709 3471 2768 3516 ut
2797 3462 2849 3516 in
2882 3461 3088 3532 magnis
3118 3477 3329 3530 quoque
3355 3461 3457 3516 illis
3490 3463 3723 3532 prmmiis
3751 3462 3850 3516 ali-

2264 3554 2478 3626 quando
2505 3553 2979 3609 communicemus.
3011 3551 3124 3606 Non
3151 3550 3436 3606 defuerunt
3456 3553 3542 3622 qui
3567 3567 3720 3621 reges
3745 3551 3846 3606 sibi

2264 3647 2604 3716 adoptarem,
2636 3654 2797 3714 atque
2840 3645 2892 3699 in
2931 3659 2996 3700 eo
3038 3643 3208 3714 magis
3248 3659 3308 3699 se
3348 3643 3498 3712 dare,
3526 3659 3682 3714 quam
3710 3643 3852 3699 acci-

2266 3752 2393 3807 pere
2423 3744 2687 3805 putarent.
2730 3735 2811 3791 Tu
2839 3734 3114 3791 Christum
3141 3733 3234 3788 tibi
3261 3734 3476 3804 adopta,
3511 3743 3733 3803 tuasque
3761 3748 3854 3788 res

2269 3829 2320 3882 in
2357 3837 2472 3882 tuto
2499 3826 2811 3882 collocabis.
2841 3825 2933 3881 Vis
2963 3835 3017 3882 et
3047 3825 3213 3881 Paulo
3251 3824 3687 3881 communicare?
3722 3823 3850 3894 quid

2265 3924 2389 3980 dico
2415 3923 2601 3989 Paulo,
2633 3923 2722 3978 ubi
2747 3921 2992 3978 Christus
3022 3921 3138 3990 ipse
3161 3928 3266 3985 est,
3292 3919 3383 3990 qui
3405 3917 3637 3988 accipit?

2339 4015 2392 4072 5.
2435 4012 2784 4084 Eleemosyme
2822 4010 3068 4082 faciendte
3091 4011 3244 4064 ratio.
3266 4008 3419 4064 —Ut
3446 4017 3623 4062 autem
3653 4006 3854 4061 intelli-

2265 4105 2425 4177 gatis,
2454 4119 2540 4159 me
2566 4118 2672 4158 non
2693 4101 2920 4156 aliorum
2946 4097 3264 4155 recreatioui
3287 4096 3610 4162 studentem,
3633 4094 3725 4149 sed
3759 4109 3860 4148 ve-

2267 4206 2378 4252 stra
2402 4210 2563 4251 causa
2587 4193 2701 4249 lucc
2723 4191 2902 4247 omnia
2924 4199 2979 4245 et
3009 4190 3190 4244 dicere
3217 4197 3270 4243 et
3299 4187 3474 4241 facere
3498 4203 3511 4238 :
3535 4186 3580 4240 si
3619 4185 3736 4254 quis
3766 4191 3857 4236 est

2268 4303 2334 4344 ex
2359 4285 2624 4357 praefectis
2641 4283 2913 4345 Ecclesiae,
2933 4281 3020 4352 qui
3043 4279 3201 4333 vitam
3225 4293 3332 4332 non
3357 4277 3566 4346 inopem
3592 4283 3712 4345 agat
3736 4276 3858 4327 nul-

2271 4380 2426 4451 laque
2457 4394 2515 4433 re
2545 4385 2718 4448 egeat,
2752 4374 2960 4430 etiamsi
2993 4381 3211 4426 sanctus
3254 4371 3356 4434 sit,
3391 4379 3570 4424 tamen
3624 4367 3751 4420 nolo
3799 4367 3854 4420 ei

2270 4473 2400 4538 des;
2443 4470 2538 4527 sed
2567 4470 2689 4525 huic
2714 4481 2970 4538 praepono
2999 4464 3144 4520 illum
3171 4463 3260 4534 qui
3292 4471 3448 4534 eget,
3475 4459 3718 4531 quamvis
3745 4473 3856 4512 non

2272 4564 2409 4619 adeo
2453 4560 2847 4617 admirabilem.
2901 4555 3040 4626 Quid
3081 4555 3188 4610 ita?
3239 4555 3502 4623 Quoniam
3534 4553 3649 4623 ipse
3689 4550 3857 4606 etiam

2272 4654 2517 4712 Christus
2545 4653 2644 4706 hoc
2666 4652 2738 4706 ita
2762 4650 2894 4715 vult,
2926 4649 3088 4718 idque
3117 4647 3221 4702 illis
3255 4645 3432 4701 verbis
3453 4643 3655 4699 iudicat
3683 4659 3694 4694 :
3728 4641 3864 4696 Cum

2273 4746 2401 4819 facis
2421 4759 2614 4798 caenam
2641 4751 2728 4796 aut
2756 4739 3050 4811 prandium,
3083 4738 3186 4791 noli
3217 4751 3394 4790 vocare
3411 4736 3602 4787 amicos
3631 4742 3746 4786 tuos
3765 4747 3863 4784 ne-

2275 4853 2372 4908 que
2389 4843 2651 4907 cognatos,
2689 4833 2779 4887 sed
2817 4830 3024 4893 debiles,
3057 4827 3268 4883 claudos
3291 4835 3338 4882 et
3381 4841 3538 4882 ceco:
3566 4823 3731 4894 (Luc.
3767 4822 3864 4878 M.

2283 4927 2370 4983 l2.
2406 4924 2494 4995 15)
2522 4941 2534 4977 :
2560 4937 2654 4979 eos
2685 4921 2932 4976 nimirum
2954 4963 2970 4986 ,
3001 4919 3091 4988 qui
3125 4917 3216 4972 tibi
3244 4933 3344 4989 par
3375 4916 3492 4988 pari
3517 4913 3723 4969 referre
3753 4927 3871 4968 non

2277 5025 2521 5092 possunt.
2550 5014 2665 5070 Non
2707 5015 2849 5069 enim
2878 5021 3079 5067 temere
3124 5018 3250 5065 sunt
3288 5007 3514 5079 quilibet
3562 5002 3872 5069 invitandi,

2279 5111 2374 5168 sed
2405 5109 2727 5174 esurientes,
2758 5104 2854 5161 sed
2898 5104 3160 5165 sitientes,
3190 5101 3284 5156 sed
3325 5097 3475 5163 nudi,
3499 5095 3595 5153 sed
3626 5093 3880 5166 peregri~

2278 5204 2356 5271 ni,
2388 5201 2465 5274 (a)
2491 5199 2616 5274 [sed
2647 5198 2682 5252 ii
2715 5197 2806 5268 qui
2849 5211 2914 5251 ex
2957 5188 3156 5249 divitiis
3194 5192 3259 5248 ad
3289 5191 3517 5261 inopiam
3565 5196 3689 5243 sunt
3741 5186 3880 5241 red-

2280 5291 2432 5366 acti.]
2450 5293 2561 5347 Non
2579 5290 2721 5346 enim
2741 5288 2980 5342 absolute
2995 5286 3148 5352 dixit,
3163 5283 3383 5339 Aluistis
3401 5297 3508 5346 me,
3529 5280 3621 5336 sed
3639 5276 3882 5344 addidit,

2283 5386 2619 5441 Esuricutem
2649 5397 2663 5433 :
2701 5380 3037 5441 Esurientem,
3077 5375 3266 5446 inquit,
3300 5389 3379 5427 me
3415 5372 3630 5435 vidistis,
3678 5378 3724 5422 et
3773 5368 3886 5422 de-

2281 5478 2428 5532 distis
2444 5475 2567 5530 mihi
2590 5472 2895 5527 manducare
2923 5468 3136 5540 (Matth.
3163 5465 3257 5521 9.5.
3289 5464 3400 5534 55).
3429 5461 3583 5531 Quod
3609 5462 3652 5516 si
3682 5474 3891 5530 quem-

2283 5569 2365 5625 vis
2401 5566 2730 5623 esurientem
2777 5559 2982 5617 nntrire
3012 5571 3148 5631 opus
3177 5565 3291 5623 est;
3338 5553 3509 5610 multo
3547 5553 3716 5622 magis
3745 5564 3887 5605 cum

2347 5784 2420 5856 (τι)
2447 5781 2636 5856 unciae
2653 5766 3510 5856 ςιθιεξξ,ἀὲξεῐειξξξμίεπξὲίξὲἓξδξὶξέ
3529 5761 3707 5816 CW“
3731 5756 3895 5810 (τοδ-

2285 5828 2711 5899 liaiaito'restituta
2730 5845 2846 5890 sunt
2874 5846 2924 5889 et
2947 5849 2973 5886 a
2999 5833 3179 5885 Nobilio
3205 5833 3331 5882 lecta
3354 5828 3515 5879 fuere.
