4170 6496
396 295 499 354 187

391 411 553 474 κότες
586 410 842 483 βιάζεσθε
887 412 962 484 μὴ
995 413 1388 485 ἀπολειφθῆναι
1419 417 1576 488 ἡμῶν
1610 419 1669 473 ἐν
1700 421 1822 484 ταῖς
1861 418 1975 473 θλί-

388 505 574 576 ψεσιν,
612 504 751 558 ἀλλὰ
794 505 905 560 τῶν
951 506 1093 578 ὑπὲρ
1135 507 1230 560 τοῦ
1282 509 1618 578 Εύαγγελίου
1657 511 1984 582 πειρασμῶν

314 661 326 684 Ι
390 597 742 668 κοινωνῆσαι,
779 598 874 652 καὶ
918 598 1084 669 μηδὲν
1122 598 1342 654 ἔλαττον
1385 601 1524 670 ἐμοῦ
1571 601 1716 674 ἔχειν
1756 602 1854 659 τοῦ
1903 605 1984 670 είς

388 689 519 751 τοὺς
544 687 767 755 άγῶνας
798 687 1190 759 ἐμϐεϐηκότος,
1223 689 1376 744 αὐτοὶ
1419 693 1466 744 οί
1498 693 1782 766 πόρρωθεν
1807 693 1982 758 ὄντες,

388 777 606 837 δίκαιός
653 776 771 848 είμι
801 776 974 830 ταῦτα
1025 779 1348 848 μαρτυρεῖν.
1381 778 1480 831 Διὰ
1520 779 1572 833 τί
1615 780 1672 834 δέ
1698 781 1799 834 ούκ
1839 777 1984 846 εἷπε,

393 867 730 930 Κοινωνοῦς,
766 864 935 930 ἀλλὰ,
967 868 1452 936 Συγκοινωνούς;
1493 871 1602 923 Καὶ
1642 871 1807 935 αὐτὸς
1853 870 1986 943 ἐγὼ,

392 957 583 1026 φησὶν,
612 955 786 1026 ἐτέρῳ
807 955 1071 1020 κοινωνῶ,
1105 956 1192 1010 ῖνα
1217 958 1462 1029 γένωμαι
1505 959 1867 1028 συγκοινωνὸς
1891 958 1986 1014 τοῦ

396 1047 772 1116 Εύαγγελίου·
801 1047 1103 1112 τουτέστιν,
1136 1047 1223 1103 ἵνα
1265 1050 1583 1120 κοινωνήσω
1608 1051 1717 1103 τῶν
1763 1055 1989 1106 ἀποκει-

403 1141 582 1210 μένων
612 1138 840 1208 ἀγαθῶν
868 1139 946 1211 τῷ
973 1139 1313 1211 Εύαγγελίῳ.
1344 1143 1454 1196 Καὶ
1474 1143 1535 1196 τὸ
1563 1143 1627 1213 δὴ
1649 1142 1987 1213 θαυμαστὸν,

399 1233 461 1286 τὺ
483 1231 694 1296 πάντας
714 1232 916 1296 αὐτοὺς
939 1231 1084 1286 οὕτω
1105 1232 1410 1288 διακεῖσθαι
1433 1233 1576 1288 ὥστε
1597 1237 1991 1304 συγκοινωνοὺς

399 1324 617 1377 Παύλου
653 1322 903 1378 ἀκούειν·
937 1326 1388 1392 Συγκοινωνοὺς
1417 1343 1536 1394 μου
1557 1327 1686 1398 γάρ,
1711 1327 1864 1398 φησὶ,
1885 1326 1992 1396 τῆς

397 1417 643 1487 χάριτος
688 1415 926 1482 πάντας
962 1414 1121 1486 ὑμᾶς
1154 1417 1351 1484 ὄντας.
1372 1419 1504 1471 Ἀπὸ
1543 1420 1651 1472 τῶν
1697 1421 1992 1492 προοιμίων

397 1506 583 1561 τοίνυν
639 1506 849 1562 τούτων
903 1507 1160 1570 πέποιθα,
1189 1511 1270 1563 ὅτι
1313 1511 1546 1564 τοιοῦτοι
1587 1512 1777 1566 ἔσεσθε
1829 1513 1992 1584 μέχρι

355 1668 367 1678 .
396 1597 611 1661 τέλους.
645 1598 720 1652 Οὐ
746 1598 858 1666 γάρ
895 1596 974 1652 ἐνι
1012 1597 1156 1652 οὕτω
1193 1599 1455 1671 λαμπράν
1485 1603 1660 1673 ἀρχὴν
1701 1601 1994 1674 σϐεσθῆναι

401 1691 502 1743 καὶ
531 1687 717 1754 λῆξαι,
747 1688 887 1742 ἀλλὰ
918 1690 1130 1760 μεγάλα
1152 1691 1486 1748 δείκνυσιτά
1506 1694 1659 1764 τέλη.

475 1804 540 1857 δ’.
589 1800 742 1855 Ἐπεὶ
768 1799 863 1855 οὖν
897 1800 1011 1855 ἔστι
1040 1805 1364 1875 κοινωνῆσαι
1396 1808 1487 1860 καὶ
1517 1808 1725 1879 ἐτέρως.
1753 1809 1994 1881 χάριτος,

404 1896 505 1948 καὶ
557 1896 884 1966 πειρασμῶν
934 1897 1030 1950 καὶ
1081 1897 1346 1968 θλίψεων,
1395 1900 1762 1972 κοινωνῶμεν,
1819 1919 1999 1974 παρα-

409 1986 590 2051 καλῶ,
611 1987 706 2040 καὶ
732 1989 920 2058 ἡμεῖς.
954 1989 1119 2042 Πόσοι
1156 1988 1266 2043 τῶν
1294 1990 1528 2044 ἐνταῦθα
1557 1991 1827 2057 ἑστώτων,
1861 1993 1998 2063 μᾶλο

413 2076 507 2130 λον
532 2077 590 2130 δὲ
619 2077 836 2142 πάντες,
867 2079 1156 2134 ἐϐούλεσθε
1194 2083 1524 2154 κοινωνῆσαι
1553 2082 1631 2154 τῷ
1662 2083 1860 2157 Παύλῳ
1891 2084 2000 2139 τῶν

413 2169 792 2240 ἀποκειμένων
825 2170 1081 2239 άγαθῶνί
1108 2173 1380 2238 Ἔνεστιν,
1409 2176 1455 2227 εί
1486 2173 1740 2246 βούλεσθε
1766 2179 1878 2241 τοῖς
1900 2177 1999 2249 τὴν

408 2260 684 2314 διακονίαν
713 2261 1166 2335 άναδεδεγμένοις
1191 2265 1290 2336 τὴν
1325 2267 1558 2333 ἐκείνου,
1592 2271 1705 2334 τοῖς
1731 2269 1998 2341 πάσχουσί

405 2370 462 2407 τι
493 2354 669 2409 δεινὸν
717 2355 810 2410 διὰ
849 2356 944 2410 τὸν
993 2357 1229 2429 Χριστὸν
1273 2359 1657 2431 συμμαχῆσαι,
1703 2359 1996 2432 βοηθῆσαι.

403 2443 564 2512 εἶδες
590 2448 651 2500 ἐν
682 2447 980 2520 πειρασμῷ
1004 2449 1097 2503 τὸν
1126 2448 1389 2518 ἀδελφόν;
1423 2449 1612 2523 δρεξον
1637 2452 1818 2526 χεῖρα.
1843 2449 1998 2518 Εἶδες

401 2538 498 2592 τὸν
540 2539 866 2594 διδάσκαλον
937 2539 1388 2612 άγωνιζόμενονς
1444 2544 1780 2616 παράστηθι.
1855 2545 1998 2598 Ἀλλ’

402 2628 768 2694 ούδεὶς.κατά
803 2629 1016 2685 Παῦλόν
1057 2632 1197 2697 ἐστι,
1239 2630 1426 2702 φησίν.
1478 2633 1695 2697 Εὐθέως
1727 2633 1959 2690 ἀπόνοια
1982 2674 1998 2700 ,

404 2720 615 2786 εὐθέως
647 2723 951 2794 κρίνουσιν.
994 2723 1187 2787 Οὐδεὶς
1230 2723 1374 2777 κατὰ
1408 2724 1623 2780 Παῦλόν
1655 2727 1794 2792 ἐστι,
1843 2725 2002 2796 κάγὼ

403 2812 660 2884 ὁμολογῶ
680 2830 694 2844 ·
727 2813 845 2867 ἀλλ’
899 2813 961 2867 '0
994 2813 1345 2884 δεχόμενος,
1384 2815 1539 2884 φησὶ,
1573 2815 1882 2887 προφήτην
1911 2818 2002 2882 είς

405 2905 598 2974 ὄνομα
626 2905 966 2974 προφήτου,
1003 2906 1231 2974 μισθὸν
1258 2905 1573 2974 προφήτου
1596 2907 1879 2976 λήψεται.
1906 2909 1999 2980 Μὴ

405 2998 521 3067 γὰρ
552 2998 756 3051 ἐκεῖνοι
797 2995 889 3050 διὰ
919 2994 1083 3049 τοῦτο
1125 2994 1519 3067 ἐθαυμάζοντο,
1571 2997 1760 3070 ἐπειδὴ
1804 2997 2004 3071 Παύλῳ

407 3087 822 3158 συνέπραττον;
864 3086 937 3140 υύ
982 3085 1071 3141 διὰ
1114 3085 1297 3151 τοῦτο,
1348 3085 1463 3141 ἀλλ’
1493 3086 1682 3160 ἐπειδὴ
1733 3089 2001 3154 ἀναδεξα-

407 3179 565 3251 μένῳ
615 3179 680 3232 τὸ
737 3180 1027 3254 κήρυγμα.
1087 3177 1300 3243 Παῦλος
1355 3178 1444 3232 διὰ
1479 3178 1639 3234 τοῦτο
1688 3179 1869 3251 τίμιος
1910 3175 2000 3252 ἦν,

407 3270 607 3342 ἐπειδὴ
642 3271 820 3325 ταῦτα
844 3271 1056 3343 ἔπασχε
1088 3271 1180 3327 διὰ
1213 3272 1306 3326 τὸν
1348 3271 1496 3344 (900)
1533 3271 1793 3344 Χριστόν.
1842 3275 2002 3328 Κατὰ

406 3363 630 3418 Παῦλον
681 3364 782 3434 μὲν
835 3364 1015 3428 οὐδείς
1062 3367 1200 3418 ἐστι.
1244 3364 1309 3417 Τί
1360 3364 1508 3434 λέγω
1554 3365 1698 3418 κατὰ
1752 3364 2000 3432 Παῦλον;

404 3455 578 3509 Ἀλλὰ
606 3455 731 3508 ούδέ
752 3454 894 3508 κατὰ
922 3454 1119 3528 μικρὸν
1140 3455 1310 3525 ἐγγὺς
1329 3455 1424 3510 τοῦ
1459 3456 1728 3527 μακαρίου
1744 3455 1954 3510 ἐκείνου
1976 3470 1991 3486 ο

407 3549 475 3604 τὺ
505 3547 563 3602 δὲ
601 3549 871 3620 κήρυγμα
910 3549 972 3601 τὸ
1013 3548 1146 3602 αύτό
1179 3551 1348 3617 ἐστιν,
1387 3549 1525 3619 ὅπερ
1566 3547 1662 3602 καὶ
1707 3546 1851 3603 τότε.
1890 3548 2005 3602 Οὐκ

408 3643 471 3695 ἐν
502 3641 726 3711 δεσμοῖς
749 3640 807 3693 δὲ
845 3640 960 3694 δντι
995 3641 1155 3712 μόνον
1193 3642 1513 3695 ἐκοινώνουν
1543 3639 1714 3711 αὐτῷ,
1745 3637 1882 3693 ἀλλὰ
1911 3638 2007 3692 καὶ

410 3712 696 3804 ἐξάρχῆς
720 3749 733 3762 ’
770 3734 936 3789 ἄκουε
989 3733 1099 3805 γάρ
1147 3733 1314 3788 αὐτοῦ
1359 3732 1650 3803 λέγοντος·
1688 3731 1901 3787 Οἴδατε
1938 3730 2007 3784 δὲ

410 3826 515 3880 καί
544 3825 736 3896 ὑμεῖς,
758 3821 1175 3891 Φιλιππήσιοι,
1204 3823 1294 3877 ὅτι
1323 3823 1396 3877 ἐν
1419 3820 1579 3892 ἀρχῇ
1607 3821 1716 3876 τοῦ
1741 3823 2006 3892 Εὐαγγε-

407 3918 557 3973 λίου
605 3916 858 3986 οὐδεμία
908 3932 1013 3986 μοι
1071 3915 1411 3985 Ἐκκλησία
1473 3912 1880 3984 ἐκοινώνησεν
1920 3916 2008 3980 είς

408 4008 606 4077 λόγον
649 4005 881 4072 δόσεως
918 4004 1016 4058 καί
1047 4003 1329 4073 λήψεως,
1368 4005 1422 4058 εί
1469 4002 1558 4074 μὴ
1595 4003 1767 4074 ὑμεῖς
1804 4004 2003 4074 μόνοι.

412 4098 531 4152 Καὶ
564 4096 733 4169 χωρὶς
785 4094 1108 4169 πειρασμῶν
1146 4094 1203 4147 δέ
1253 4095 1367 4165 ἔχει
1401 4093 1569 4149 πολὺν
1606 4093 1638 4146 ό
1686 4092 2008 4156 διδάσκαλος

412 4188 602 4253 πόνον,
627 4185 962 4257 ἀγρυπνίαν,
1005 4185 1174 4240 κόπον
1212 4184 1305 4238 τὸν
1340 4187 1398 4239 ἐν
1441 4184 1605 4255 λόγῳ,
1633 4182 2005 4246 διδασκαλίαν,

415 4279 683 4352 μέμψεις,
737 4277 1115 4350 κατηγορίας,
1166 4276 1368 4340 αίτίας,
1427 4274 1749 4346 βασκανίας.
1819 4273 2009 4346 Μικρὰ

412 4371 620 4439 ταῦτα,
651 4371 712 4425 τὸ
745 4370 959 4443 μυρίων
989 4367 1285 4440 ἀνέχεσθαι
1320 4367 1628 4439 στομάτων,
1653 4366 1774 4434 ἐξὸν
1802 4366 1870 4420 τά
1908 4367 2011 4420 αύ-

411 4463 514 4520 τοῦ
562 4464 868 4536 μεριμνᾷνς
904 4462 1086 4533 Οῖμοι,
1117 4460 1172 4514 τί
1213 4459 1406 4526 πάθω;
1434 4461 1492 4512 ἐν
1531 4458 1681 4529 μέσῳ
1729 4457 1876 4512 δυοῖν
1920 4459 2011 4512 ἐν-

412 4554 771 4626 απείλημμαι
802 4554 1148 4626 πραγμάτων
1190 4550 1413 4624 ἀπορῶν
1433 4566 1446 4580 ·
1475 4549 1738 4621 βούλομαι
1775 4549 1874 4621 μὲν
1900 4549 2011 4622 γὰρ

413 4648 516 4705 καὶ
567 4645 875 4719 προτρέψαι
932 4645 1101 4715 ὑμᾶς,
1149 4644 1246 4697 καὶ
1295 4641 1679 4713 παρακαλέσαι
1718 4641 1856 4715 πρὸς
1911 4642 2011 4714 τὴν

416 4737 743 4812 συμμαχίαν
773 4736 868 4790 καὶ
905 4735 1006 4806 τὴν
1053 4733 1339 4805 ἀντίληψιν
1365 4732 1474 4787 τῶν
1499 4732 1671 4802 ἁγίων
1695 4730 1792 4787 τοῦ
1830 4731 1967 4786 Θεοῦ
1992 4746 2005 4762 ’

415 4835 636 4889 δέδοικα
661 4830 719 4884 δέ
748 4828 826 4901 μὴ
860 4827 1049 4898 ἐτερόν
1076 4844 1164 4890 τις
1204 4825 1545 4898 ὑποπτεύσῃ.
1590 4825 1675 4879 ὅτι
1719 4826 1818 4896 οὐχ
1857 4825 2012 4896 ὑμῶν

414 4928 632 4987 ἕνεκεν,
667 4920 783 4974 ἀλλ’
817 4919 1042 4972 ἐκείνων
1071 4915 1248 4971 ταῦτα
1297 4914 1461 4986 λέγω.
1498 4916 1642 4968 Ἶστε
1675 4914 1753 4978 δὲ,
1799 4914 1880 4968 ὅτι
1913 4915 2014 4968 ούκ

415 5013 650 5070 ἐκείνων
678 5011 868 5064 ἕνεκεν
907 5007 1080 5062 ταῦτα
1119 5006 1285 5076 λέγω,
1336 5005 1451 5060 ἀλλ’
1484 5004 1638 5076 ὑμῶν
1669 5005 1870 5060 αὐτῶν.
1903 5007 2012 5059 Καὶ

414 5111 468 5161 εἰ
502 5101 764 5176 βούλεσθε
805 5100 1120 5172 προσέχειν,
1164 5098 1233 5152 δι’
1275 5097 1454 5151 αὐτῶν
1483 5096 1593 5150 τῶν
1642 5096 1819 5165 λόγων
1867 5096 2012 5167 ὑμᾶς

419 5198 634 5254 πείθω·
671 5197 774 5251 οὐκ
812 5194 960 5248 ἐστιν
1013 5194 1129 5247 ἴσον
1174 5193 1302 5263 ύμῖν
1351 5189 1413 5244 τὸ
1453 5189 1668 5261 κέρδος,
1715 5188 2011 5254 κάκείνοις.

431 5293 630 5361 Ὑμεῖς
663 5289 764 5360 μὲν
817 5288 927 5358 γὰρ
965 5284 1062 5339 ἐὰν
1109 5285 1268 5348 δῶτε,
1317 5281 1490 5338 ταῦτα
1541 5279 1766 5345 δώσετε,
1806 5273 1882 5334 ὧν
1919 5281 2015 5334 καὶ

421 5383 626 5457 μικρὸν
648 5380 878 5450 ὕστερον
903 5379 998 5432 καὶ
1015 5377 1233 5440 ἐκόντες
1261 5376 1354 5429 καὶ
1370 5374 1596 5436 άκοντες
1612 5372 2012 5442 ἁποστήσεσθε,

417 5478 522 5533 καὶ
551 5471 990 5546 παραχωρήσετε
1019 5469 1228 5540 ἐτέροις
1251 5483 1266 5500 ·
1290 5465 1327 5520 a
1368 5465 1426 5518 δὲ
1465 5463 1784 5535 λαμϐάνεις,
1833 5463 2015 5534 πολλῷ

420 5567 645 5642 μεγάλα
683 5566 803 5619 ἐστὶ
836 5563 933 5618 καὶ
983 5560 1227 5633 μείζονα.
1281 5559 1354 5612 Ἢ
1393 5557 1492 5627 οὐχ
1543 5555 1686 5610 οὕτω
1715 5554 2013 5624 διάκεισθε,

415 5663 509 5718 ὅτι
553 5657 793 5720 διδόντες
841 5653 1112 5726 λήψεσθες
1168 5653 1232 5707 El
1278 5651 1386 5722 γὰρ
1439 5648 1515 5722 μὴ
1545 5647 1689 5703 οὕτω
1714 5647 2012 5715 διάκεισθε,

419 5753 546 5810 οὐδὲ
569 5750 758 5808 δοῦναι
787 5749 932 5822 ὑμᾶς
959 5747 1225 5820 βούλομαι
1246 5762 1259 5776 ο
1293 5741 1468 5808 οὕτως
1493 5740 1554 5796 οὐ
1580 5741 1671 5797 τὸν
1704 5742 1844 5814 ὑπὲρ
1871 5740 2012 5797 ἐκεί-

1411 299 1477 355 IN
1517 299 1732 358 EPIST.
1770 299 1867 358 AD
1898 299 2187 360 PHILIPP.
2235 303 2388 362 CAP.
2426 307 2469 362 Γ.
2513 305 2748 363 “OMIL.
2793 306 2836 362 1.

3568 307 3672 364 188

2089 439 2195 476 νων
2224 422 2488 495 ποιοῦμαι
2509 424 2668 494 λόγον
2724 424 2785 477 EE
2809 424 2883 495 μή
2910 441 2992 489 τις
3017 423 3159 478 οὕτω
3190 424 3456 497 πρότερον
3481 425 3677 477 ἑαυτὸν

2084 515 2367 587 διέθηκεν,
2403 517 2479 580 ὡς
2527 515 2821 588 λαμϐάνων
2863 516 3130 589 μᾶλλονῆ
3171 516 3371 580 διδοὺς,
3420 515 3496 578 ὡς
3542 530 3674 584 κερ-

2086 608 2282 662 δαίνων
2312 609 2506 681 μυρία,
2535 609 2610 674 ὼς
2651 610 3114 681 εὐεργετούμενος
3150 609 3184 681 ἢ
3227 607 3555 679 εὐεργετῶν,
3601 607 3674 676 μὴ

2086 700 2303 754 διδότω’
2345 703 2395 756 εί
2440 703 2518 766 ὡς
2575 703 2736 775 χάριν
2787 703 3042 776 παρέχων
3077 702 3156 775 τῷ
3209 700 3564 773 λαμϐάνοντι,
3600 699 3676 768 μὴ
3745 689 3747 697 Ι

2087 789 2296 844 διδότω.
2333 792 2406 844 Οὐ
2439 793 2547 862 γὰρ
2585 792 2747 846 τοῦτό
2781 811 2871 862 μοι
2917 793 3384 864 περισπούδαστον
3423 791 3678 844 τοσοῦτον

2089 883 2364 952 τραφῆναι
2406 882 2533 946 τοὺς
2561 883 2750 950 ἁγίους
2775 901 2789 914 ·
2828 883 2931 937 κᾶν
2969 885 3080 956 γὰρ
3116 885 3179 938 σὺ
3225 884 3299 955 μὴ
3329 884 3458 955 δῷς,
3491 884 3678 952 ἕτερος

2089 973 2272 1027 δώσει.
2308 975 2476 1027 Ὥστε
2510 977 2537 1028 ὃ
2570 975 2852 1048 βούλομαι,
2872 976 3028 1030 τοῦτό
3051 981 3218 1041 ἐστιν,
3243 978 3386 1048 ὑμᾶς
3415 975 3520 1028 τῶν
3547 975 3677 1044 €9.5-

2090 1065 2266 1136 τὲρων
2311 1068 2726 1138 ἁμαρτημάτων
2787 1069 3139 1140 παραμυθίαν
3192 1069 3372 1140 ἔχειν·
3427 1070 3456 1121 ὁ
3495 1067 3551 1121 δὲ
3603 1067 3676 1138 μὴ

2092 1157 2234 1211 οὕτω
2261 1159 2460 1224 διδοὺς,
2501 1162 2601 1233 οὐχ
2629 1162 2742 1228 ἐξει
2793 1161 3172 1232 παραμυθίαν.
3213 1162 3286 1214 Ού
3327 1160 3438 1232 γάρ
3466 1160 3527 1214 τὸ
3556 1157 3678 1212 δοῦ-

2093 1268 2202 1315 ναι,
2236 1251 2395 1305 τοῦτό
2432 1255 2578 1307 ἐστιν
2606 1253 2984 1325 ἐλεημοσύνην
3021 1253 3386 1324 ἐργάσασθαι,
3437 1251 3573 1305 ἀλλὰ
3613 1250 3682 1304 τὸ

2098 1339 2235 1410 μετὰ
2282 1341 2612 1412 προθυμίας,
2652 1343 2714 1398 τὸ
2752 1344 3042 1414 χαίροντα,
3078 1344 3138 1397 τὸ
3181 1344 3342 1413 χάριν
3385 1341 3563 1395 εἰδότα
3602 1341 3680 1410 τῷ

2095 1429 2428 1498 λαμϐάνοντι
2457 1449 2471 1462 ·
2535 1432 2631 1500 Μὴ
2689 1433 2758 1487 ἐκ
2810 1435 3013 1501 λύπης
3045 1433 3188 1505 γὰρ,
3227 1434 3380 1503 φησὶ,
3427 1431 3580 1502 μηδὲ
3612 1431 3682 1496 ἐξ

2095 1521 2399 1592 ἀνάγκηςο
2433 1526 2647 1593 ἱλαρὸν
2694 1527 2803 1594 γὰρ
2860 1526 3050 1593 δότην
3092 1526 3293 1597 ἀγαπᾷ
3327 1530 3360 1581 ό
3411 1529 3575 1594 Θεός.
3617 1527 3683 1581 El

2101 1615 2174 1686 μή
2209 1633 2290 1678 τις
2325 1614 2505 1670 τοίνυν
2551 1617 2693 1670 οὕτω
2727 1618 2932 1684 δίδωσι,
2986 1620 3061 1690 μὴ
3097 1620 3290 1673 διδότω
3315 1638 3328 1651 ·
3370 1619 3543 1690 ζημία
3572 1621 3682 1693 γάρ

2097 1707 2256 1760 τοῦτό
2299 1709 2469 1774 ἐστιν,
2524 1711 2624 1763 οὐκ
2675 1711 3040 1782 ἐλεημοσύνη.
3098 1713 3160 1766 EE
3192 1712 3369 1767 τοίνυν
3424 1712 3561 1773 ίστε,
3601 1713 3685 1766 ὅτι

2100 1799 2258 1869 ὑμεῖς
2290 1799 2622 1871 κερδανεῖτε,
2666 1801 2766 1854 οὐκ
2804 1804 3025 1870 ἐκεῖνοι,
3061 1802 3196 1865 ἴστε,
3227 1803 3308 1855 ὅτι
3338 1803 3522 1872 μεῖζον
3555 1803 3684 1872 ὑμῖν

2099 1891 2159 1944 τὸ
2195 1892 2387 1963 κέρδος
2426 1893 2657 1962 γίνεται.
2705 1895 2965 1960 Ἐκείνοις
3000 1895 3098 1966 μὲν
3129 1897 3237 1965 γάρ
3275 1896 3335 1948 τὸ
3368 1895 3530 1966 σῶμα
3560 1895 3690 1966 τρέ-

2103 1999 2284 2050 φεται,
2326 1983 2452 2053 ύμῖν
2487 1983 2541 2035 δὲ
2599 1985 2632 2055 ἡ
2680 1983 2826 2054 ψυχὴ
2887 1986 3164 2054 εὐδοκιμεῖ
3193 2003 3205 2013 ·
3261 1986 3486 2047 ἐκείνοις
3533 1984 3685 2038 οὐδὲν

2101 2068 2320 2138 ἀφίεται
2356 2070 2463 2123 τῶν
2507 2071 2946 2141 ἁμαρτημάτων,
2997 2071 3126 2126 ὅταν
3155 2070 3414 2137 λάϐωσιν,
3467 2073 3593 2141 ὑμῖν
3625 2071 3685 2125 δέ

2100 2161 2167 2215 τά
2196 2160 2368 2215 πολλὰ
2391 2161 2498 2214 τῶν
2537 2164 3013 2234 προσκρουμάτων
3061 2163 3446 2234 ὑποτέμνεται.
3472 2163 3686 2216 Κοινω-

2101 2252 2281 2323 νῶμεν
2308 2253 2489 2306 τοίνυν
2515 2255 2697 2318 αὐτοῖς
2718 2253 2826 2307 τῶν
2852 2254 3050 2320 ἄθλων,
3077 2255 3164 2309 ἵνα
3198 2255 3292 2308 καὶ
3315 2255 3423 2308 τῶν
3458 2254 3687 2319 ἐκείνσις

2102 2345 2520 2415 κοινωνήσωμεν
2574 2344 2828 2416 μεγάλων
2887 2344 3159 2400 ἐπάθλων.
3214 2345 3534 2410 ΒασιλέτιιςεΙ
3578 2348 3685 2399 υἱοπ-

2103 2435 2385 2500 ποιοῦντές
2425 2454 2592 2504 τινες,
2637 2438 2735 2508 οὐχ
2775 2436 3035 2509 ἡγοῦνται
3069 2437 3266 2492 διδόναι
3288 2436 3439 2511 [201]
3462 2438 3687 2510 μᾶλλον,

2101 2528 2134 2600 ἢ
2174 2527 2492 2599 λαμϐάνειν.
2522 2529 2846 2600 Υίοποίησαι
2874 2531 2937 2583 σὺ
2974 2529 3064 2583 τὸν
3109 2530 3379 2600 Χριστὸν,
3425 2531 3518 2584 καὶ
3541 2530 3686 2595 ἕξεις

2101 2620 2302 2692 πολλὴν
2320 2620 2642 2690 ἀσφάλειαν.
2671 2621 2863 2674 Βούλει
2883 2621 2978 2675 καὶ
3015 2621 3212 2692 Παύλῳ
3247 2623 3572 2694 κοινωνῆσαι
3598 2622 3686 2689 ςτί

2100 2711 2245 2782 λέγω
2277 2711 2495 2784 Παύλῳ,
2527 2712 2664 2767 ὅπου
2693 2729 2757 2783 γε
2783 2713 3017 2786 Χριστός
3047 2715 3197 2767 ἐστιν
3224 2713 3252 2765 ὁ
3281 2713 3616 2784 λαμϐάνωνς

2173 2899 2234 2949 5'.
2273 2894 2392 2949 Ἵνα
2419 2894 2477 2948 δὲ
2506 2895 2685 2965 εἰδῆτε
2708 2895 2789 2948 ὅτι
2811 2893 2964 2965 ὑμῶν
2996 2893 3184 2949 ἕνεκεν
3210 2893 3389 2949 πάντα
3411 2893 3504 2947 καὶ
3541 2893 3688 2964 λέγω

2101 2986 2197 3041 καλ⁵
2228 2986 2391 3051 ποιῶ,
2422 2986 2484 3040 ού
2513 2989 2612 3059 τῆς
2638 2987 2839 3058 ἐτέρων
2871 2985 3234 3050 ἀναπαύσεως
3273 2985 3570 3058 κηδόμενος
3594 3003 3615 3042 ·,
3639 2983 3695 3038 5E

2101 3078 2185 3141 τίς
2210 3079 2328 3132 ἐστι
2351 3078 2460 3132 τῶν
2482 3079 2845 3149 προεστώτων
2867 3077 3202 3150 Ἐκκλησίας
3224 3078 3281 3132 ἐν
3299 3077 3530 3149 ἀφθονίᾳ
3555 3077 3690 3145 ζῶντι

2104 3170 2197 3225 καὶ
2239 3171 2464 3243 μηδενὸς
2508 3171 2783 3241 δεόμενος,
2837 3171 2939 3226 κᾶν
2981 3173 3138 3240 ἅγιος
3169 3166 3226 3243 ᾗ,
3273 3170 3348 3241 μὴ
3399 3169 3526 3240 δῷς,
3557 3168 3704 3224 ἀλλὰ

2105 3259 2449 3329 προτίμησον
2476 3258 2688 3312 ἐκείνου
2713 3259 2803 3312 τὸν
2833 3259 2892 3312 ἐν
2912 3258 3081 3328 ἀδείας
3095 3257 3244 3320 δντα,
3279 3256 3382 3311 κᾶν
3415 3257 3490 3328 μὴ
3521 3255 3694 3317 οὕτως

2101 3346 2137 3424 ᾖ
2171 3349 2503 3422 θαυμαστός.
2545 3351 2611 3404 Τί
2639 3350 2872 3421 δήποτε;
2911 3350 3036 3403 Ὀτι
3075 3350 3170 3403 καὶ
3206 3353 3234 3402 ὁ
3270 3348 3507 3419 Χριστὸς
3549 3347 3694 3400 οὕτω

2111 3441 2380 3513 βούλεται,
2418 3441 2494 3506 ὡς
2544 3443 2672 3495 ὅταν
2717 3441 2872 3514 λέγῃ·
2938 3441 3079 3497 Ἐὰν
3116 3439 3296 3509 ποιῇς
3345 3439 3618 3504 δεῖπνον,
3653 3439 3691 3507 ἢ

2103 3530 2374 3601 ἄριστον,
2397 3529 2485 3601 μὴ
2508 3530 2782 3599 καλέσῃς
2810 3529 2953 3596 τοὺς
2982 3530 3200 3599 φίλους
3223 3545 3362 3592 σου,
3380 3527 3537 3599 μηδὲ
3551 3527 3698 3594 τοὺς

2105 3625 2446 3696 συγγενεῖς,
2480 3620 2644 3677 ἀλλὰ
2676 3621 2822 3688 τοὺς
2849 3621 3224 3688 ἀναπήρους,
3263 3619 3407 3686 τοὺς
3432 3617 3690 3689 χωλοὺς,

2107 3717 2249 3791 τοὺς
2261 3715 2549 3786 τυφλοὺς,
2567 3713 2710 3781 τοὺς
2732 3717 2818 3784 μὴ
2847 3712 3229 3783 δυναμένους
3248 3709 3696 3768 ἀνταποδοῦναί

2107 3822 2228 3862 σοι.
2252 3807 2326 3861 Ού
2353 3807 2461 3877 γὰρ
2481 3804 2669 3869 ἁπλῶς
2697 3804 2889 3867 δεῖτὰς
2904 3801 3166 3867 τοιαύτας
3198 3800 3476 3870 δεξιώσεις
3493 3803 3696 3865 ποιεῖν,

2107 3900 2244 3956 ἀλλὰ
2274 3901 2389 3963 τοῖς
2422 3897 2711 3964 πεινῶσιν,
2728 3895 2866 3951 ἀλλὰ
2879 3899 2991 3961 τοῖς
3018 3894 3266 3966 διψῶσιν,
3292 3894 3427 3949 ἀλλὰ
3453 3897 3569 3958 τοῖς
3608 3910 3700 3962 ru-

2112 3989 2492 4064 μνητεύουσιν,
2519 3987 2656 4042 ἀλλὰ
2693 3989 2808 4051 τοῖς
2840 3986 3038 4055 ξένοις,
3069 3983 3206 4039 ἀλλὰ
3247 3986 3359 4047 τοῖς
3391 3983 3500 4037 ἀπὸ
3531 3981 3698 4036 πλού-

2109 4100 2203 4138 του
2251 4081 2652 4152 πτωχεύσασιν.
2685 4079 2760 4134 Οὐ
2802 4077 2910 4147 γὰρ
2951 4072 3105 4131 εἶπεν
3149 4076 3358 4141 ἁπλῶς,
3391 4075 3696 4146 Ἐτράφην,

2111 4171 2248 4237 ἀλλ’,
2265 4170 2279 4191 ‘
2294 4169 2536 4224 Επείνων
2551 4186 2563 4200 ο
2585 4166 2890 4222 Πεινῶντά
2901 4183 2979 4235 με
3000 4167 3131 4236 γὰρ,
3154 4166 3340 4237 φησὶν,
3359 4164 3572 4227 εἴδετε,
3597 4162 3697 4217 καὶ

2109 4260 2419 4330 ἐθρέψατε.
2438 4259 2670 4313 Διπλοῦν
2695 4259 2754 4311 τὸ
2781 4257 3056 4328 δικαίωμα
3075 4274 3089 4289 ο
3115 4259 3164 4310 εί
3187 4256 3241 4308 δὲ
3259 4257 3351 4309 τὸν
3375 4256 3700 4318 άπλῶςπει-
3817 4271 3825 4280 ·

2112 4354 2289 4409 νῶντα
2315 4353 2398 4407 δεῖ
2421 4351 2664 4424 τρέφειν,
2696 4348 2879 4421 πολλῷ
2921 4349 3144 4420 μᾶλλον,
3192 4349 3323 4403 ὅταν
3353 4349 3448 4403 καὶ
3490 4349 3642 4420 ἅγιος
3669 4352 3700 4404 ό

2115 4447 2315 4502 πεινῶν
2437 4447 2537 4500 Ἂν
2567 4445 2750 4499 τοίνυν
2777 4444 2934 4513 ἅγιος
2965 4441 3066 4515 μὲν
3091 4440 3151 4518 ᾖ,
3186 4441 3262 4514 μὴ
3290 4440 3477 4512 δέηται
3501 4441 3579 4506 δὲ,
3622 4444 3699 4512 μὴ

2111 4540 2249 4611 δῷς·
2290 4541 2352 4593 ού
2405 4537 2515 4608 γὰρ
2569 4536 2760 4607 κέρδος
2813 4534 3003 4589 τοῦτο·
3060 4533 3183 4588 οὐδὲ
3231 4533 3342 4607 γὰρ
3383 4532 3646 4598 ἐπέταξεν
3669 4533 3718 4585 ὁ.

2112 4630 2370 4704 Χριστὸς,
2405 4629 2607 4700 μᾶλλον
2639 4627 2697 4682 δέ
2734 4626 2858 4681 ούδέ
2900 4626 3058 4696 ᾰγιος
3092 4626 3299 4689 ἐκεῖνος
3325 4627 3353 4678 ό
3386 4626 3445 4679 ἐν
3466 4623 3700 4693 ἀφθονίᾳ

2113 4722 2211 4791 ὢν,
2252 4722 2349 4777 καὶ
2389 4721 2707 4792 λαμϐάνων.
2748 4719 2945 4790 Ὁρᾷς,
2994 4719 3075 4772 ὃτι
3110 4717 3212 4770 οὐκ
3248 4713 3700 4787 αἰσχροκερδείας

2113 4815 2303 4868 ἐνεκεν
2338 4815 2474 4885 ἡμῖν
2515 4811 2691 4867 ταῦτα
2731 4809 3006 4873 λέλεκται,
3036 4806 3174 4861 ἀλλὰ
3199 4805 3294 4859 τοῦ
3331 4805 3462 4876 ὑμῖν
3490 4803 3700 4856 λυσιτε-

2113 4906 2365 4970 λοῦντος;
2395 4904 2606 4977 Θρέψον
2659 4902 2752 4956 τὸν
2791 4899 3084 4965 πεινῶντα,
3120 4899 3209 4950 ἵνα
3261 4897 3346 4967 μὴ
3388 4893 3596 4969 θρέψῃς
3637 4894 3702 4946 τὸ

2114 5001 2214 5069 τῆς
2241 4997 2467 5067 γεέννης
2504 4994 2614 5066 πῦρ
2634 5010 2649 5026 ο
2678 4995 2884 5056 ἐκεῖνος
2920 4990 3119 5044 ἐσθίων
3149 4988 3260 5044 άπὸ
3289 4989 3400 5041 τῶν
3439 4985 3570 5049 σῶν,
3606 4987 3702 5037 καὶ

2115 5089 2346 5159 λείψανα
2376 5087 2616 5156 ἁγιάζει.
2661 5085 2944 5155 Ἐννόησον
2977 5081 3097 5145 πῶς
3135 5079 3333 5152 ἔτρεφε
3367 5077 3460 5132 τὸν
3512 5077 3702 5130 Ἠλίαν

2116 5184 2151 5254 ἠ
2184 5181 2330 5253 χήρα
2352 5197 2366 5212 ’
2410 5180 2511 5238 οὐκ
2543 5177 2738 5248 ἔθρεψε
2773 5176 2998 5247 μᾶλλον,
3045 5173 3080 5246 ἢ
3111 5171 3354 5244 ἐτράφη·
3402 5170 3502 5225 οὐκ
3533 5168 3702 5222 Etiam:

2120 5273 2338 5346 μᾶλλον,
2370 5271 2403 5342 ἢ
2435 5270 2617 5323 ἔλαϐε.
2663 5268 2836 5324 Τοῦτο
2868 5267 2968 5323 καὶ
2997 5265 3092 5321 νῦν
3131 5265 3344 5335 γίνεται
3389 5261 3484 5316 καὶ
3521 5257 3703 5328 πολλῷ

2122 5365 2330 5436 μεῖζον.
2391 5363 2468 5416 Ού
2530 5362 2640 5433 γάρ
2696 5360 2856 5432 ὑδρία
2909 5356 3166 5431 ἀλεύρου,
3217 5355 3339 5410 οὑδέ
3401 5350 3702 5424 καμψάκης

2180 5639 2206 5667 ιι
2231 5625 2328 5676 Hic
2369 5626 2432 5674 δι’
2455 5622 2840 5685 κόμοιατέλευτον
2882 5611 3449 5685 ηυερεῳ-ᾀεθοῇεζιςηι,
3468 5622 3708 5685 ‘qug‘ex

2117 5672 2424 5742 Εοὶεἷῖἱιῖιιιίο
2442 5672 2557 5735 (Ζοὸ.
2580 5681 2812 5732 restituta
2839 5672 2972 5733 subl.
2988 5677 3239 5733 Videlicet
3263 5672 3407 5735 Edd.,
3431 5672 3527 5722 τῶν
3550 5672 3704 5722 ἄθλων

2121 5755 2217 5801 τῶν
2251 5748 2485 5812 μεγάλων.
2508 5745 2758 5801 Βασιλέας.
3016 5747 3018 5749 ’
