4170 6548
428 351 515 404 191

429 477 576 519 textu
592 467 832 521 raritatis
851 465 1164 520 admittatis.
1177 464 1416 530 Quaeres,
1429 459 1700 531 quomodo
1723 456 1881 528 igitur
1901 449 2032 508 alibi

427 557 581 622 dixit,
609 558 670 613 Si
693 560 804 627 ﬁeri
829 567 1008 628 potest,
1031 572 1144 610 cum
1164 554 1393 608 omnibus
1419 551 1702 606 hominibus
1725 564 1898 621 pacem
1920 548 2015 600 ha-

429 647 536 699 ὕεια
565 649 742 715 (Rom.
777 649 862 702 12.
891 647 1022 716 18)?
1047 645 1164 700 Non
1189 659 1319 698 sane
1349 643 1450 697 hoc
1473 642 1698 706 docens,
1743 640 1816 694 ita
1858 639 2015 693 vobis

429 739 718 791 amandum
748 752 887 800 esse,
931 746 987 789 ut
1012 751 1074 790 ex
1112 735 1342 789 amicitia
1373 733 1626 788 damnum
1683 731 2010 802 reponetis:

434 843 556 880 nam
588 827 649 881 Si
678 827 851 880 oculus
886 835 1001 879 tuus
1024 826 1197 878 dexter
1218 823 1532 879 scandalizat
1564 832 1632 886 te.
1680 821 1869 892 inquit,
1897 837 2016 874 erue

429 933 566 981 eum,
598 927 644 968 et
667 917 856 984 projice
881 915 969 968 abs
992 926 1038 969 te
1063 914 1275 984 (Matth.
1305 915 1359 968 5.
1383 914 1478 983 29)
1503 930 1515 966 :
1543 912 1637 966 sed
1666 911 1794 966 illud
1818 911 2016 966 facien-

427 1006 552 1061 dum
579 1022 698 1061 esse
724 1047 740 1072 ,
778 1005 844 1062 Ut
876 1007 986 1061 sitis
1006 1049 1020 1074 ,
1053 1006 1194 1076 quod
1224 1005 1438 1075 quidem
1469 1004 1536 1058 ad
1565 1004 1731 1059 Deum
1761 1003 2009 1073 pertinet,

426 1099 608 1153 sinceri
628 1139 642 1162 ,
676 1099 816 1168 quod
851 1115 976 1153 vero
1007 1099 1073 1152 ad
1105 1099 1348 1152 homines
1370 1139 1384 1162 ,
1426 1097 1536 1151 sine
1562 1096 1760 1162 offensa
1781 1111 1801 1149 :
1831 1095 2015 1149 multis

427 1193 568 1246 enim
598 1207 743 1260 saepe
764 1193 1013 1246 amicitiae
1043 1199 1256 1247 nocent.
1289 1190 1422 1244 Nam
1444 1190 1542 1243 etsi
1567 1189 1660 1243 tibi
1689 1188 1815 1242 nihil
1834 1197 2011 1250 nocet,

428 1286 622 1354 inquit,
653 1295 886 1338 attamen
911 1286 1046 1338 alius
1066 1285 1268 1338 interea
1285 1282 1592 1338 offenditur.
1615 1279 1680 1333 In
1706 1281 1837 1333 diem
1863 1278 2013 1333 Chri-

426 1377 524 1436 sti;
558 1376 609 1430 id
633 1385 734 1443 est,
769 1385 826 1430 ut
857 1386 982 1430 tunc
1012 1375 1355 1443 reperiamini
1384 1374 1499 1442 puri
1528 1414 1543 1437 ,
1575 1373 1773 1442 quippe
1803 1373 1892 1440 qui
1921 1386 2016 1426 ne-

427 1467 560 1520 mini
591 1467 848 1522 seandalo
877 1467 1130 1531 fueritis;
1177 1466 1356 1536 repleti
1397 1464 1642 1535 fructibus
1675 1463 1896 1533 justitia:
1925 1479 2016 1532 per

427 1557 608 1612 Jesum
639 1559 913 1624 Christum,
938 1559 990 1611 in
1010 1558 1224 1628 gloriam
1246 1566 1291 1610 et
1317 1556 1521 1610 laudem
1549 1555 1677 1622 Dei;
1704 1555 1754 1609 id
1777 1564 1881 1621 est,
1911 1568 2014 1608 una

428 1666 550 1704 cum
585 1650 924 1720 dogmatibus
956 1651 1115 1704 vitam
1153 1663 1366 1720 quoque
1384 1659 1585 1703 rectam
1607 1647 1882 1702 habentes.
1905 1645 2017 1700 Nec

428 1742 931 1812 quomodocumque
955 1751 1155 1795 rectam
1186 1755 1305 1796 esse
1327 1740 1458 1794 satis
1472 1747 1578 1805 est,
1608 1738 1701 1793 sed
1720 1738 2015 1794 confertam

430 1837 693 1890 fructibus
738 1834 1002 1905 justitiai;
1036 1842 1118 1888 est
1162 1833 1307 1888 enim
1352 1831 1595 1902 quaedam
1641 1831 1865 1900 iustitia,
1896 1845 2018 1902 quas

431 1942 539 1982 non
567 1926 858 1981 secundum
886 1926 1159 1980 Christum
1201 1933 1304 1987 est,
1330 1931 1388 1977 ut
1425 1923 1531 1976 vita
1558 1922 1670 1987 illa,
1701 1937 1821 1990 qua:
1853 1921 2021 1974 virtu-

434 2029 540 2074 tem
566 2017 948 2089 quoquomodo
977 2017 1135 2081 colit;
1165 2015 1259 2071 sed
1300 2015 1400 2070 Per
1425 2014 1601 2069 Iesum
1630 2014 1905 2077 Christum,
1933 2014 2017 2068 iti-

430 2112 565 2182 quit,
588 2113 641 2165 in
666 2111 885 2182 gloriam
914 2120 960 2162 et
981 2109 1185 2162 laudent
1211 2107 1323 2162 Dei.
1358 2107 1522 2163 Vides
1549 2123 1634 2162 me
1663 2123 1766 2160 non
1793 2107 2017 2178 gloriam

433 2219 605 2257 meam
629 2217 842 2266 curare,
873 2201 968 2255 sed
997 2201 1223 2268 gloriam
1249 2200 1375 2254 Dei?
1405 2199 1560 2268 Saepe
1576 2207 1755 2252 autem
1789 2199 2022 2253 eleemo-

431 2309 620 2366 synam
661 2293 882 2362 jnstitiaa
914 2292 1128 2346 nomine
1155 2290 1404 2360 appellat.
1453 2289 1551 2355 Ne,
1582 2291 1775 2358 inquit,
1822 2290 2022 2344 officiat

432 2388 587 2442 vobis
613 2387 830 2451 caritas,
863 2386 1147 2455 quominus
1178 2386 1516 2452 cognoscatis
1541 2399 1660 2452 quae
1692 2382 1745 2436 in
1777 2398 1889 2436 rem
1930 2397 2025 2438 ve-

434 2489 600 2535 stram
633 2487 791 2541 sunt;
821 2493 921 2532 nec
945 2477 1196 2547 quoniam
1227 2476 1369 2530 hunc
1397 2476 1478 2531 vel
1517 2476 1666 2528 illum
1697 2489 1867 2541 amas,
1901 2491 2020 2544 pro-

435 2585 619 2644 pterea
668 2571 973 2628 collabaris.
1017 2569 1190 2641 Cupio
1233 2568 1450 2642 quidem
1496 2577 1731 2626 vestram
1773 2581 2032 2642 crescere,

435 2666 739 2730 caritatem,
768 2666 862 2721 sed
896 2681 1002 2720 non
1047 2664 1202 2730 adeo,
1252 2673 1312 2719 ut
1351 2664 1476 2720 inde
1521 2665 1775 2720 damnum
1807 2666 2021 2732 feratis;

437 2773 538 2813 nec
567 2760 754 2827 quavis
784 2766 1047 2826 praecepta
1079 2756 1248 2811 semel
1273 2756 1528 2827 opinione
1554 2769 1649 2810 vos
1694 2757 1902 2810 moveri
1934 2771 2026 2810 ve-

436 2849 552 2915 lim,
577 2848 672 2904 sed
700 2863 820 2903 cum
849 2846 1261 2917 perpenderitis,
1285 2856 1463 2900 utrum
1485 2862 1604 2916 qua:
1628 2846 1856 2902 dicimus
1879 2855 2025 2902 recte

439 2954 500 2994 se
532 2938 782 2993 habeant.
807 2937 988 3008 Neque
1018 2937 1170 3002 dixit,
1196 2939 1398 2995 Utmea
1430 2937 1774 3006 prmponatis.
1805 2937 1922 3002 scd,
1956 2934 2025 2991 Ut

441 3030 683 3100 probetis.
716 3028 898 3098 Neque
930 3029 1216 3098 perspicue
1253 3028 1408 3096 dixit,
1437 3028 1516 3085 Ne
1541 3044 1661 3082 cum
1693 3029 1796 3083 isto
1821 3029 1907 3084 vel
1934 3029 2026 3083 illo

439 3122 774 3177 familiariter
803 3121 1119 3186 versemini;
1147 3120 1266 3187 sed,
1312 3120 1482 3175 Velim
1525 3120 1720 3176 caritas
1761 3119 1915 3174 vobis
1959 3119 2026 3175 ad

440 3215 727 3270 utilitatem
754 3214 1025 3284 proficiat;
1057 3215 1276 3269 minime
1299 3228 1426 3268 vero
1446 3213 1667 3283 perinde
1685 3212 1858 3269 affecti
1886 3214 2024 3280 sitis,

445 3321 509 3360 ac
531 3306 577 3360 si
603 3321 763 3362 sensu
780 3307 1027 3360 careatis.
1055 3305 1158 3360 Res
1174 3306 1314 3360 enim
1337 3306 1576 3360 stultitia:
1593 3306 1901 3375 plenissima
1920 3315 2024 3371 est,

437 3398 700 3470 justitiam
756 3399 967 3466 operari
1013 3398 1170 3451 aliam
1215 3398 1284 3451 ob
1314 3412 1568 3464 causam,
1617 3414 1774 3468 quam
1808 3407 2028 3468 propter

439 3493 712 3548 Christum
759 3501 812 3547 et
841 3506 937 3562 per
966 3492 1163 3560 ipsum.
1197 3492 1336 3548 Ecce
1381 3508 1569 3548 rursus
1595 3493 1736 3547 illam
1777 3493 2028 3563 loquendi

440 3585 750 3649 formulam,
773 3581 877 3638 Per
907 3583 1103 3653 ipsum.
1134 3583 1268 3637 Num
1289 3583 1448 3652 igitur
1474 3598 1600 3638 usus
1620 3592 1704 3639 est
1735 3583 1862 3648 Deo,
1893 3592 2030 3638 tam—

441 3691 602 3746 quam
631 3674 849 3739 famulo,
881 3675 972 3746 qui
1003 3674 1310 3731 inferiorem
1339 3676 1392 3730 in
1422 3675 1696 3746 operando
1727 3676 1900 3730 locum
1945 3685 2026 3730 te-

442 3762 847 3822 nebat?Absit.
872 3766 1051 3836 Inqttit
1090 3767 1272 3837 igitur,
1320 3766 1437 3822 Non
1481 3776 1539 3821 ut
1566 3781 1666 3838 ego
1694 3765 1903 3832 lauder,
1956 3767 2027 3820 ita

441 3858 694 3927 loquutus
713 3871 854 3926 sum,
883 3859 978 3914 sed
1004 3866 1061 3912 ut
1089 3859 1418 3930 glorificetur
1448 3858 1609 3912 Deus.
1641 3858 1728 3912 12.
1769 3857 1918 3913 Scire
1939 3872 2032 3909 au-

445 3959 544 4004 tem
571 3965 657 4006 vos
677 3951 814 4019 volo,
843 3953 1048 4023 fratres,
1080 3952 1199 4021 quia
1225 3967 1342 4023 quae
1383 3953 1519 4004 circa
1562 3967 1642 4004 me
1683 3961 1801 4005 sunt
1823 3993 1838 4018 ,
1867 3953 2030 4023 magis

447 4044 518 4098 ad
543 4048 824 4115 profectum
854 4053 1092 4099 venerunt
1119 4044 1384 4114 evangelii,
1419 4043 1488 4098 15
1531 4043 1601 4095 ita
1623 4051 1677 4096 ut
1700 4042 1900 4096 uincula
1919 4059 2030 4098 mea

449 4136 720 4206 manifesta
742 4135 920 4202 ﬁerent
945 4134 1000 4188 in
1021 4132 1220 4189 Christo
1241 4135 1294 4187 in
1321 4133 1461 4186 omni
1489 4135 1750 4202 prwtorio,
1779 4142 1824 4187 et
1853 4135 1906 4187 in
1931 4149 2031 4188 cta-

443 4227 560 4282 teris
588 4229 841 4284 erunibus.

516 4321 572 4374 2.
598 4319 900 4376 Verisimile
925 4327 1043 4375 erat
1079 4318 1219 4385 illos,
1251 4333 1371 4375 cum
1407 4332 1532 4372 eum
1568 4317 1618 4372 in
1652 4317 1876 4374 vinculis
1907 4333 2030 4374 esse

443 4411 757 4478 audissent,
790 4410 1009 4474 dolere,
1043 4419 1335 4482 putareque
1363 4411 1689 4466 obstructam
1729 4425 1850 4466 esse
1890 4411 2027 4465 viam

446 4503 835 4576 praedicationi.
861 4501 996 4570 Quid
1023 4502 1184 4572 igitur
1207 4503 1370 4558 facit?
1391 4503 1580 4559 Statim
1604 4503 1742 4559 hanc
1766 4503 2030 4573 suspicio-

447 4611 572 4652 nem
606 4595 776 4659 tollit,
812 4605 974 4664 atque
1007 4595 1079 4650 ita
1125 4595 1297 4664 inquit
1328 4613 1341 4648 :
1379 4594 1460 4649 Ea
1485 4610 1600 4664 qua:
1625 4596 1760 4648 circa
1789 4611 1868 4648 me
1913 4604 2030 4649 sunt

449 4690 610 4760 magis
638 4688 708 4742 ad
743 4689 1026 4758 profectum
1056 4697 1294 4742 venerunt
1323 4689 1586 4759 euangelii.
1633 4687 1729 4742 Est
1767 4700 1945 4743 autem
1976 4698 2031 4743 et

447 4783 553 4838 hoc
577 4782 826 4848 amantis,
850 4796 974 4836 suas
999 4781 1102 4835 illis
1141 4796 1230 4836 res
1264 4781 1597 4851 patefacere,
1629 4787 1811 4850 utpote
1837 4779 2029 4850 quibus

445 4889 590 4930 curre
619 4876 748 4930 sint.
783 4874 921 4942 Quid
963 4875 1085 4930 ais?
1114 4875 1166 4927 in
1193 4874 1418 4929 vinculis
1454 4889 1515 4928 es
1537 4914 1552 4940 ,
1595 4872 1879 4942 impeditus
1917 4887 1977 4928 es
2008 4891 2024 4928 :

441 4985 610 5040 ecquo
641 4968 802 5039 igitur
831 4967 994 5022 modo
1027 4966 1360 5035 evangelium
1399 4964 1570 5035 ipsum
1598 4979 1915 5035 progressus
1947 4965 2026 5021 fa-

440 5060 553 5117 cit?
583 5060 650 5116 Ut
672 5059 872 5114 vincula
891 5075 1022 5126 mea,
1051 5059 1242 5128 inquit,
1260 5057 1531 5127 manifesta
1553 5058 1749 5127 ﬁerent,
1772 5073 1885 5127 quia
1908 5069 2026 5112 sunt

435 5154 490 5207 in
520 5151 744 5218 Christo,
777 5152 831 5206 in
859 5152 999 5205 omni
1023 5153 1284 5222 prtetorio.
1313 5150 1368 5205 Id
1400 5166 1509 5205 non
1537 5150 1698 5206 modo
1717 5151 1837 5206 aliis
1863 5152 2026 5208 silen-

439 5246 569 5300 tium
589 5263 692 5300 non
719 5244 994 5314 imposuit,
1018 5244 1453 5314 nequetimorem
1480 5244 1721 5311 incussit,
1746 5245 1840 5301 sed
1861 5247 2022 5300 etiam

440 5336 543 5392 hoc
585 5338 700 5407 ipso
729 5336 1038 5390 fidentiores
1073 5345 1198 5390 sunt
1225 5335 1371 5391 facti.
1412 5337 1567 5404 Quod
1608 5337 1653 5392 si
1684 5337 1782 5403 illi,
1833 5338 1923 5407 qui
1970 5340 2024 5393 in

439 5427 631 5483 mediis
679 5426 932 5498 periculis
971 5437 1272 5492 versantur,
1305 5444 1410 5484 non
1461 5429 1634 5484 solum
1667 5430 1799 5485 nihil
1843 5430 2022 5486 damni

441 5521 712 5586 tulerunt,
741 5520 838 5574 sed
881 5519 1042 5574 etiam
1074 5521 1193 5591 plus
1221 5523 1384 5577 animi
1423 5538 1488 5578 ac
1528 5524 1758 5579 fidentia:
1779 5540 2023 5594 sumpse-

435 5621 604 5668 runt:
639 5613 808 5667 multo
851 5613 1019 5684 magis
1065 5629 1161 5669 vos
1202 5615 1376 5670 fidatis
1411 5624 1640 5686 oportet.
1682 5615 1814 5671 Nam
1850 5618 1894 5672 si
1934 5619 2023 5675 ille

435 5703 674 5772 quidem,
703 5707 792 5776 qui
831 5707 1037 5762 vinctus
1064 5715 1169 5775 est,
1204 5708 1254 5762 id
1285 5708 1514 5764 miseria:
1557 5709 1675 5764 loco
1701 5709 1911 5766 tulisset
1960 5726 2022 5768 ac

440 5795 711 5867 tacuisset,
735 5808 1154 5857 consentaneum
1175 5809 1289 5857 erat
1312 5799 1433 5858 illos
1454 5801 1640 5864 eodem
1659 5802 1818 5861 modo
1841 5805 1977 5862 affici
2002 5822 2015 5860 :

1098 349 1155 406 8.
1191 344 1469 411 .IOANNIS
1503 338 1968 399 CIIRYSOSTOMI
2007 335 2324 398 ARCHIEP.
2363 343 2893 409 CONSTANTINOP.

3419 422 3425 428 .
3611 369 3709 425 102

2140 470 2281 512 nunc
2305 472 2432 515 vero
2456 464 2648 520 cumis
2680 469 2768 538 qui
2795 479 2877 525 est
2904 471 2955 524 in
2989 471 3214 530 vinculis
3234 517 3250 542 ,
3297 477 3517 539 liberius
3563 496 3612 540 et
3643 492 3704 540 tl-

2122 545 2339 644 d_entlus
2363 552 2504 623 agit,
2546 555 2702 625 longe
2728 561 2896 630 magis
2924 565 3161 620 animum
3210 567 3316 622 illis
3341 571 3518 640 addit,
3549 589 3708 644 quam

2121 639 2166 694 si
2191 639 2402 698 vinctus
2431 661 2538 701 non
2563 660 2726 705 esset.
2779 651 2886 708 Sed
2923 659 3193 724 quomodo
3224 661 3431 718 vincula
3477 639 3543 720 ad
3568 639 3709 737 pru-

2119 748 2359 824 gressum
2383 740 2646 808 evangelii
2689 741 2942 799 fuerunt?
2980 747 3093 802 Hoc
3112 791 3128 815 ,
3159 751 3364 823 inquit,
3394 754 3713 824 gubernavit

2123 823 2284 888 Deus,
2318 833 2373 878 ut
2425 842 2493 882 ne
2523 829 2753 886 laterent
2792 848 2910 888 mea
2939 837 3169 905 vincula,
3200 857 3319 910 quae
3373 823 3424 897 in
3452 845 3666 901 Christo
3687 889 3706 913 ,

2119 929 2237 982 quia:
2266 929 2363 984 per
2400 914 2711 987 Christum,
2758 923 2825 977 In
2871 929 3010 979 omni
3056 933 3312 997 prcetorio.
3361 933 3511 990 Tunc
3565 939 3708 993 enim

2123 1005 2223 1059 hoc
2267 1009 2485 1063 nomine
2529 1014 2703 1081 regias
2743 1017 3104 1085 appellabant.
3141 1021 3324 1094 Neque
3372 1043 3499 1083 vero
3535 1032 3709 1087 solum

2121 1097 2323 1168 inquit,
2354 1099 2420 1154 In
2452 1106 2726 1171 praetorio,
2761 1109 2852 1162 sed
2883 1110 3068 1176 etiam,
3103 1113 3158 1166 In
3191 1116 3437 1172 universa
3472 1121 3705 1178 civitate.

2125 1188 2207 1242 H.
2245 1189 2310 1243 Et
2332 1191 2503 1260 plures
2531 1211 2559 1246 e
2589 1195 2833 1264 fratribus
2853 1199 2906 1253 in
2935 1199 3159 1257 Domino
3180 1209 3488 1275 confidentes
3514 1214 3567 1266 in
3596 1217 3706 1268 rin-

2119 1281 2247 1332 culis
2294 1284 2414 1336 meis
2438 1323 2454 1349 ,
2507 1284 2847 1343 abundantius
2889 1293 3131 1347 auderent
3156 1297 3265 1352 sine
3304 1301 3482 1355 timore
3509 1309 3710 1358 verbum

2119 1374 2274 1441 loqui.
2345 1375 2437 1430 llis
2486 1379 2662 1434 verbis
2717 1383 2953 1437 ostendit
3009 1394 3062 1440 et
3107 1397 3262 1442 antea
3315 1390 3543 1448 fidenter
3589 1396 3710 1452 illos

2118 1470 2292 1538 egisse
2333 1485 2398 1526 ac
2439 1472 2605 1528 libere
2634 1474 2986 1544 disseruisse,
3021 1479 3116 1535 sed
3147 1497 3288 1536 nunc
3319 1487 3485 1540 multo
3518 1491 3705 1557 magis.

2120 1560 2299 1630 Ergo,
2342 1562 2386 1616 si
2435 1564 2526 1618 alii
2554 1575 2776 1635 propter
2807 1583 2925 1623 mea
2972 1569 3183 1625 vincula
3235 1573 3461 1629 fidenter
3510 1589 3705 1648 agunt,

2121 1651 2289 1704 multo
2317 1654 2483 1722 magis
2510 1668 2648 1724 ego;
2679 1656 2722 1710 si
2755 1657 2874 1712 aliis
2906 1657 3139 1714 fidentia:
3165 1675 3326 1716 causa
3365 1680 3504 1726 sum.
3538 1669 3708 1723 multo

2122 1742 2292 1810 magis
2324 1743 2451 1796 mibi
2478 1744 2596 1813 ipsi.
2629 1744 2696 1798 Et
2717 1747 2887 1817 plures
2909 1766 2936 1802 e
2960 1749 3202 1818 fratribus
3230 1753 3282 1806 in
3305 1752 3546 1812 Domino.
3567 1759 3709 1826 Qtto-

2123 1833 2263 1888 niam
2292 1850 2540 1906 magnum
2583 1837 2730 1892 dictu
2759 1849 2896 1906 erat,
2945 1857 3060 1896 mea
3091 1844 3196 1898 illis
3227 1845 3432 1901 vinaula
3473 1851 3707 1907 animum

2120 1925 2422 1992 addidisse;
2446 1939 2727 1999 propterea
2757 1945 3028 2001 occupans
3055 1934 3212 2004 dixit,
3245 1936 3312 1991 In
3340 1938 3583 1996 Domino.
3622 1944 3710 1998 Vi-

2123 2017 2218 2074 des
2244 2021 2566 2076 necessitate
2611 2025 2774 2077 etiam
2821 2024 2920 2093 ipsi
2949 2026 3196 2093 imposita
3242 2031 3523 2099 magnifice
3551 2033 3617 2088 de
3651 2051 3710 2091 se

2125 2108 2417 2179 loquendi,
2444 2127 2603 2182 quam
2651 2121 2828 2168 tamen
2875 2116 3154 2173 modestiae
3185 2135 3290 2174 non
3321 2122 3710 2179 obliviscatur?

2124 2201 2480 2256 Abundantius
2509 2205 2773 2271 auderent,
2809 2207 2997 2278 inquit,
3043 2210 3153 2264 sine
3177 2212 3354 2268 timore
3397 2214 3596 2270 verbum
3629 2217 3707 2272 lo-

2123 2295 2228 2362 qui.
2257 2292 2390 2346 Dum
2419 2293 2608 2363 inqttit,
2639 2297 3010 2366 Abundantius,
3034 2301 3163 2354 satis
3193 2302 3409 2366 indicat,
3433 2305 3552 2359 illus
3568 2308 3708 2375 jam-

2127 2381 2331 2451 pridem
2360 2385 2608 2452 cmpisse.
2643 2387 2730 2442 15.
2764 2387 2982 2452 Quidam
3005 2390 3205 2458 quidem
3232 2404 3439 2463 propter
3466 2396 3707 2453 invidiam

2126 2482 2173 2526 et
2201 2474 2588 2540 contentionem,
2617 2477 2824 2546 quidam
2869 2494 2982 2533 vero
3012 2489 3060 2534 et
3087 2491 3295 2551 propter
3320 2483 3502 2539 bonam
3529 2487 3710 2543 uolun-

2127 2571 2281 2618 tatem
2342 2564 2595 2620 Christum
2643 2569 2941 2638 pradicant.
3007 2570 3197 2641 Opera:
3256 2575 3482 2643 pretium
3553 2579 3712 2636 fuerit

2132 2667 2478 2724 cognoscere,
2509 2656 2634 2726 quid
2666 2657 2769 2713 hoc
2811 2660 2901 2714 sit.
2931 2659 3063 2716 Cum
3107 2661 3160 2717 in
3189 2664 3418 2720 vinculis
3443 2666 3714 2725 detinere-

2129 2755 2216 2803 tur
2239 2745 2456 2819 Paulus,
2483 2748 2634 2803 multi
2668 2764 2735 2805 ex
2762 2751 3067 2809 infidelibus
3094 2757 3376 2826 cupientes
3417 2775 3541 2816 acre
3593 2763 3710 2818 bel-

2130 2839 2240 2893 lum
2297 2841 2366 2896 ab
2418 2843 2747 2912 Imperatore
2801 2843 3056 2899 adversus
3105 2846 3252 2900 illum
3284 2850 3553 2918 excitare,
3611 2855 3708 2923 ipsi

2128 2946 2340 3001 quoque
2368 2931 2639 2989 Christum
2695 2935 3098 3008 praedicabant,
3151 2949 3208 2992 ut
3245 2940 3583 3010 Imperatoris
3634 2947 3711 3002 ira

2128 3024 2498 3081 vehementior
2536 3027 2725 3094 fleret,
2767 3029 3106 3088 disseminari
3151 3036 3489 3103 evangelium
3535 3039 3710 3092 anim-

2129 3115 2479 3184 sdvertentis,
2510 3127 2566 3173 et
2609 3121 2661 3174 in
2699 3121 2850 3175 Pauli
2897 3137 3084 3193 caput,
3118 3108 3369 3197 quidquid
3400 3129 3485 3183 ille
3516 3131 3712 3185 furoris

2129 3208 2486 3276 concepisset,
2513 3209 2800 3267 recideret.
2828 3213 3008 3284 Itaque
3031 3216 3149 3270 dua:
3173 3219 3360 3287 agendi
3387 3224 3620 3279 rationes
3641 3238 3709 3278 ex

2130 3297 2357 3352 vinculis
2387 3299 2558 3365 Pauli,
2597 3311 2864 3372 tamquam
2905 3321 2972 3360 ex
3003 3321 3162 3362 causa
3194 3311 3516 3366 exstiterunt
3547 3331 3560 3366 :
3593 3315 3712 3370 aliis

2131 3391 2274 3444 enim
2321 3390 2408 3445 illa
2440 3392 2666 3447 multum
2713 3396 2876 3449 animi
2927 3397 3282 3467 addiderunt;
3315 3403 3447 3456 alios
3481 3419 3611 3459 vero
3662 3407 3713 3462 in

2131 3495 2280 3549 spem
2305 3482 2556 3550 perniciei
2579 3499 2712 3538 mea:
2734 3485 3050 3542 adduceudo
3067 3489 3130 3542 ad
3151 3491 3542 3558 praedicandum
3563 3492 3716 3550 Chri-

2131 3584 2271 3631 stum
2301 3577 2611 3631 invitarunt.
2644 3578 2864 3643 Quidam
2892 3581 3093 3650 quidem
3113 3594 3321 3654 propter
3355 3586 3632 3652 invidiam;
3663 3589 3715 3644 id

2131 3675 2250 3733 est,
2279 3683 2414 3722 meae
2445 3668 2744 3724 invidentes
2769 3671 2956 3739 gloriae
2986 3681 3038 3727 et
3065 3674 3336 3742 prarclaris
3363 3676 3548 3745 initiis,
3598 3691 3716 3733 tne-

2132 3775 2238 3831 que
2258 3760 2526 3832 perditum
2546 3762 2842 3831 cupientes,
2867 3779 3185 3834 mecumque
3223 3777 3537 3836 pugnantes,
3567 3770 3720 3840 adju-

2133 3861 2261 3906 vant
2301 3867 2366 3908 ac
2393 3852 2696 3923 provehunt
2723 3856 2963 3912 actiones
3006 3872 3189 3922 meas;
3221 3859 3306 3913 vel
3354 3859 3454 3930 ipsi
3504 3877 3719 3932 quoque

2134 3944 2354 4001 honoris
2381 3946 2669 4017 cupiditate
2695 3947 2862 4016 ducti,
2889 3963 2953 4005 ac
2995 3958 3243 4019 putantes
3282 3951 3399 4007 fore
3436 3959 3494 4007 ut
3519 3953 3716 4024 aliquid

2133 4041 2202 4096 de
2226 4055 2343 4095 mea
2374 4039 2540 4110 gloria
2569 4041 2879 4112 decerpant.
2925 4041 3145 4109 Quidam
3173 4059 3288 4099 vero
3317 4053 3366 4099 et
3399 4056 3605 4116 propter
3630 4045 3719 4102 bo-

2133 4147 2250 4186 nam
2280 4133 2622 4199 ooluntatem;
2651 4132 2704 4187 id
2731 4141 2833 4200 est,
2858 4133 2976 4188 sine
3000 4134 3362 4202 simulatione,
3404 4136 3718 4208 peni:usque

2133 4237 2200 4278 ex
2231 4224 2433 4277 animo.
2476 4220 2566 4278 16.
2624 4221 2846 4290 Quidam
2878 4223 3082 4295 quidem
3119 4241 3182 4279 ea;
3221 4227 3538 4282 contentione
3572 4226 3724 4289 Chri,

2132 4326 2264 4370 stum
2290 4316 2591 4371 annuntiant
2619 4332 2720 4371 non
2746 4318 2979 4382 sincere;
3006 4316 3058 4372 id
3085 4325 3200 4384 est,
3250 4333 3356 4372 non
3382 4335 3512 4388 pure
3549 4330 3716 4391 atque

2134 4409 2377 4479 integre,
2423 4421 2529 4462 non
2557 4416 2781 4477 propter
2821 4423 2936 4463 rem
2967 4407 3159 4477 ipsam,
3210 4409 3306 4464 sed
3347 4411 3488 4465 cur?
3519 4409 3717 4466 Existi-

2134 4508 2325 4554 mantes
2354 4515 2640 4569 pressuram
2661 4499 2904 4553 suscitare
2928 4499 3141 4554 vinculis
3167 4501 3307 4555 meis.
3337 4500 3719 4559 Existiniantes

2135 4591 2277 4644 enim
2320 4589 2390 4644 ita
2411 4589 2543 4645 mihi
2575 4591 2750 4660 majus
2777 4591 3070 4660 periculum
3115 4593 3320 4660 creari,
3343 4591 3582 4648 dolorem
3617 4594 3715 4648 do-

2135 4682 2248 4737 lore
2277 4683 2572 4737 cumulant.
2600 4680 2644 4737 Ο
2673 4681 3077 4737 crudelitatem!
3120 4697 3154 4737 ο
3179 4682 3502 4739 diabolicum
3549 4685 3720 4755 impe-

2133 4776 2275 4831 tum!
2306 4775 2541 4830 vinctum
2567 4775 2879 4843 cernebant,
2917 4776 3325 4848 coniectumque
3343 4777 3396 4832 in
3420 4793 3707 4849 carcerem,

2133 4877 2188 4925 et
2214 4868 2388 4925 adhuc
2427 4869 2738 4926 invidebant
2767 4887 2782 4926 :
2813 4885 3011 4940 augere
3033 4871 3200 4940 ipsius
3225 4871 3592 4939 calamitates,
3624 4888 3716 4927 ve.

2133 4961 2562 5032 hementiorique
2595 4964 2688 5018 irae
2716 4962 3010 5018 obnoxium
3053 4962 3280 5018 reddere
3309 4963 3613 5032 cupiebant.
3639 4965 3718 5019 Ac

2132 5063 2277 5110 recte
2299 5053 2455 5122 dixit,
2487 5054 2870 5118 Existimantes;
2900 5069 3007 5109 non
3037 5055 3182 5109 enim
3207 5054 3259 5107 id
3287 5054 3392 5108 illis
3413 5069 3478 5108 ex
3502 5061 3714 5108 senten-

2133 5145 2204 5200 tia
2225 5145 2502 5202 successit.
2521 5143 2652 5200 Nam
2672 5146 2745 5201 illi
2764 5145 2980 5216 quidem
2999 5143 3100 5198 hac
3122 5159 3182 5200 re
3201 5143 3458 5214 putabant
3476 5144 3717 5200 dolorem

2133 5235 2264 5291 mibi
2291 5236 2524 5304 afferre;
2551 5251 2652 5308 ego
2675 5251 2808 5292 vero
2837 5235 3099 5306 evangelii
3147 5249 3431 5305 progressu
3475 5235 3716 5290 laetabar.

2131 5329 2207 5384 Ita
2234 5330 2504 5385 interdum
2535 5338 2641 5396 est,
2669 5344 2793 5384 cum
2820 5343 2958 5399 opus
2979 5328 3177 5382 bonum
3207 5341 3312 5381 non
3341 5340 3406 5380 ex
3430 5324 3572 5380 bono
3594 5339 3721 5394 pro-

2131 5421 2307 5491 posito
2335 5421 2396 5475 fit
2417 5436 2433 5486 ;
2453 5434 2565 5475 'nec
2592 5419 2753 5474 modo
2781 5419 2925 5473 nulla
2957 5418 3032 5472 illi
3062 5431 3270 5472 merces
3299 5424 3382 5470 est
3412 5415 3718 5484 proposita,

2129 5515 2224 5572 sed
2267 5515 2587 5586 supplicium
2617 5520 2817 5570 manet.
2847 5510 2982 5566 Nam
3012 5509 3263 5581 quoniam
3296 5507 3417 5563 ideo
3445 5505 3718 5562 Christum

2129 5610 2510 5682 praedicabant,
2555 5607 2699 5678 quod
2727 5604 2924 5662 Christi
2967 5602 3372 5674 praedicatorem
3413 5601 3466 5655 in
3511 5599 3718 5666 majora

2129 5705 2363 5777 pericula
2382 5703 2685 5774 conjectum
2707 5701 2938 5766 vellent;
2962 5713 3068 5753 non
3094 5697 3256 5752 modo
3277 5695 3475 5752 nullam
3502 5693 3718 5764 capient

2129 5799 2464 5867 intercedant,
2507 5795 2600 5853 sed
2644 5795 2804 5852 etiam
2849 5789 3111 5863 supplicio
3142 5797 3300 5847 erunt
3343 5785 3601 5854 obnoxii,
3653 5793 3716 5834 ac
