4170 6562
483 424 579 482 191

481 542 736 614 φέροντα.
778 539 897 594 Οὐκ
924 537 1060 612 ἐμοῦ
1088 539 1274 594 ἕνεκεν
1312 539 1487 596 ταῦτα
1521 541 1685 614 λέγω,
1732 544 1923 616 φησὶν,
1956 544 2073 599 ἀλλ’

480 637 640 709 ὑμῶν
670 636 857 691 αὐτῶν
878 654 892 668 ·
955 638 1076 703 δέος
1106 639 1218 713 γὰρ
1253 640 1327 713 μή
1362 657 1449 704 τις
1483 640 1819 714 παραφθαρῇ
1846 641 1953 696 ὑπὸ
1977 641 2077 713 τῆς

474 736 590 790 τῶν
634 734 933 806 αίρετικῶν
974 736 1219 808 ἀγάπης.
1269 736 1440 790 Τοῦτο
1486 736 1598 806 γάρ
1628 737 1751 791 ὅλον
1784 737 2078 791 αἰνίττεται

474 829 556 902 τῷ
587 829 763 893 οὓτως
786 829 986 883 είπεῖν.
1012 829 1121 883 Καὶ
1159 829 1261 902 ὅρα
1301 829 1419 895 πῶς
1442 830 1576 885 αὑτὸ
1605 830 1823 902 τίθησιν
1848 847 1861 861 ο
1894 830 1969 883 Οὐ
2004 828 2075 883 δι’

474 927 601 997 ἐμὲ,
639 925 797 998 φησὶ,
846 924 1024 981 ταῦτα
1074 925 1240 995 λέγω,
1274 928 1390 982 ἀλλ’
1430 929 1533 986 ἵνα
1572 923 1677 998 ἦτε
1708 926 1881 998 ὑμεῖς
1928 928 2077 981 εἱλι-

475 1024 737 1095 κρινεῖς·
774 1024 1080 1089 τουτέστιν,
1109 1024 1231 1080 Ἵνα
1264 1025 1442 1096 μηδὲν
1470 1027 1625 1081 νόθον
1657 1025 1833 1096 δόγμα
1858 1024 1938 1097 τῷ
1978 1023 2079 1095 τῆς

476 1123 703 1193 ἀγάπης
741 1122 1094 1194 προσχήματι
1120 1122 1524 1195 παραδέχησθε.
1556 1124 1684 1187 Πῶς
1709 1120 1803 1177 οὖν
1836 1118 2074 1192 ἀλλαχοῦ

480 1237 670 1293 φησιν,
709 1221 779 1274 El
801 1216 1091 1285 δυνατὸν,
1120 1218 1270 1289 μετὰ
1296 1220 1542 1274 πάντων
1569 1219 1900 1289 ἀνθρώπων
1927 1220 2078 1285 είρη-

478 1319 727 1381 νεύετε;
750 1316 1127 1385 Είρηνεύετε,
1159 1313 1336 1382 εἶπεν,
1360 1319 1419 1373 ού
1439 1318 1598 1373 τοῦτο
1625 1318 1827 1390 δηλῶν,
1852 1318 1935 1371 ὅτι
1959 1317 2075 1384 Οὐχ

477 1414 657 1477 οὕτως
710 1414 987 1482 ἀγαπᾶτε,
1020 1412 1161 1468 ὣστε
1202 1415 1307 1469 ὑπὸ
1344 1415 1447 1486 τῆς
1493 1416 1679 1485 φιλίας
1715 1412 2075 1487 βλάπτεσθαι·

479 1516 552 1568 El
579 1514 694 1582 γὰρ
729 1514 764 1566 ό
791 1511 1106 1581 ὀφθαλμός
1128 1528 1248 1568 σου
1276 1512 1309 1566 ὁ
1343 1512 1543 1578 δεξιὸς
1571 1510 1956 1571 σκανδαλίζει
1980 1526 2076 1578 σε,

478 1608 671 1680 φησιν,
704 1607 980 1676 ἔκκοψον
1010 1608 1220 1671 αὐτὸν,
1266 1608 1368 1662 καί
1409 1609 1569 1673 ,θάλε
1597 1609 1718 1664 ἀπὸ
1753 1606 1903 1663 σοῦ’
1934 1606 2075 1674 ἀλλ’,

480 1708 612 1765 ἰνα
648 1703 755 1777 ἦτε
805 1706 1175 1775 εἰλικρινεῖς,
1220 1706 1282 1761 τὸ
1318 1706 1461 1763 κατά
1498 1708 1630 1762 Θεὸν
1682 1705 1951 1779 δηλονότι,
1982 1706 2079 1759 καὶ

478 1807 891 1873 ἀπρόσκοποι,
919 1802 982 1857 τὸ
1007 1802 1148 1857 κατὰ
1169 1801 1511 1872 ἀνθρώπους.
1539 1803 1777 1867 Πολλοὺς
1811 1803 1921 1874 γάρ
1951 1801 2080 1855 πολ-

478 1902 643 1965 λάκις
676 1901 734 1954 αἱ
787 1898 965 1969 φιλίαι
1021 1898 1374 1971 βλάπτουσιν.
1439 1900 1504 1954 El
1539 1899 1649 1973 γὰρ
1673 1900 1770 1955 καὶ
1820 1902 1881 1954 σέ
1924 1898 2079 1952 οὐδὲν

487 1998 737 2069 βλάπτει,
771 1997 961 2067 φησὶν,
999 1995 1117 2050 ἀλλ’
1149 1995 1341 2069 ἐτερος
1393 1998 1756 2070 προσκόπτει.
1799 1998 1906 2065 Εἰς
1936 1996 2080 2066 ἠμέν

481 2111 606 2164 ⁸ιαν
629 2092 920 2162 Χριστοῦ’
950 2092 1249 2159 τουτέστιν,
1289 2093 1408 2147 ἰνα
1444 2092 1568 2147 τότε
1602 2094 1864 2166 εὑρεθῆτε
1901 2093 2077 2147 καθαο

492 2192 610 2263 ροὶ,
654 2190 859 2262 μηδένα
898 2190 1352 2256 σκανδαλίσαντες
1376 2207 1390 2221 ·
1424 2190 1893 2261 Πεπληρωμένοι
1941 2205 2080 2258 καρ-

481 2288 617 2344 πῶν
664 2289 1062 2356 δικαιοσύνης
1108 2288 1227 2344 τῶν
1273 2290 1371 2346 διὰ
1400 2290 1607 2359 Ἰησοῦ
1654 2288 1938 2359 Χριστοῦ,
1990 2291 2075 2354 εἰς

479 2396 675 2462 δόξαν
710 2396 811 2451 καί
840 2396 1097 2451 ἔπαινον
1128 2395 1279 2452 Θεοῦ
1298 2414 1311 2428 ·
1359 2397 1607 2451 τουτέστι
1649 2396 1789 2469 μετὰ
1821 2395 1929 2451 τῶν
1959 2396 2080 2465 δογ-

484 2496 677 2565 μάτων
712 2495 809 2549 καὶ
858 2492 973 2565 βίον
1009 2494 1169 2565 όρθὸν
1197 2494 1435 2566 ἔχοντες.
1460 2496 1535 2550 Οὐ
1569 2494 1677 2566 γὰρ
1709 2494 1897 2558 ἁπλῶς
1920 2494 2080 2565 ὀρθὸν

478 2589 627 2647 εἶναι
665 2592 797 2665 χρὴ,
845 2590 982 2646 ἀλλά
1015 2590 1414 2664 πεπληρῶσθαι
1444 2592 1676 2664 καρπῶν
1706 2591 2076 2661 δικαιοσύνης.

484 2690 647 2743 Ἔστι
680 2687 792 2759 γὰρ
835 2686 1177 2758 δικαιοσύνη,
1211 2686 1328 2741 ἀλλ’
1358 2687 1421 2740 ού
1469 2686 1613 2741 κατά
1656 2686 1915 2759 Χριστὸν,
1968 2680 2081 2739 οἷον

481 2785 599 2857 βίος
638 2785 826 2849 άπλῶς
863 2784 1156 2857 ἐνάρετος’
1204 2783 1365 2848 ἀλλὰ,
1406 2782 1531 2838 Τῶν
1566 2783 1668 2838 διὰ
1710 2783 1911 2852 Ἰησοῦ
1943 2784 2083 2851 Χριο

479 2881 658 2948 στοῦ,
689 2880 878 2953 φησὶν,
908 2883 997 2946 εἰς
1037 2879 1229 2944 δόξαν
1259 2878 1360 2932 καί
1411 2876 1666 2934 ἔπαινον
1698 2877 1869 2932 Θεοῦ.
1916 2874 2083 2946 Ὁρᾷς

480 2981 567 3033 ὅτι
601 2978 663 3033 οὐ
690 2977 789 3050 τὴν
817 2975 1061 3049 ἐμαυτοῦ
1104 2976 1266 3041 δόξαν
1309 2974 1479 3043 λέγω,
1511 2973 1650 3030 ἀλλά
1677 2975 1779 3046 τὴν
1822 2971 1916 3027 τοῦ
1944 2969 2081 3028 Θεοῦ

479 3074 836 3144 δικαιοσύνην
862 3090 877 3139 ;
918 3072 1198 3145 Πολλαχοῦ
1217 3071 1276 3126 δέ
1306 3070 1655 3144 δικαιοσύνην
1678 3072 1773 3126 καὶ
1799 3070 1899 3142 τὴν
1925 3070 2082 3142 ἐλεη-

485 3171 731 3244 μοσύνην
775 3170 947 3241 λέγει.
982 3171 1076 3242 Μὴ
1124 3168 1573 3242 παραϐλαπτέτω
1613 3168 1781 3240 ὑμᾶς,
1826 3167 2012 3238 φησὶν,
2046 3165 2082 3238 ἠ

482 3272 679 3343 ἀγάπη
717 3271 855 3343 πρὸς
882 3270 946 3323 τὸ
972 3270 1173 3323 ειδέναι
1201 3271 1274 3323 τὰ
1297 3269 1669 3341 συμφέροντα,
1702 3265 1861 3339 μηδὲ,
1890 3264 2082 3336 ἐπειδὴ

481 3369 577 3422 τὸν
612 3368 761 3421 δεῖνα
809 3366 1009 3436 φιλεῖς,
1063 3365 1385 3437 καταπέσῃς
1438 3363 1610 3437 [204].
1654 3362 1927 3435 Βούλομαι
1979 3362 2083 3433 μὲν

481 3464 821 3530 αὐξάνεσθαι
855 3463 954 3534 τὴν
991 3461 1216 3532 ἀγάπην
1250 3461 1429 3532 ὑμῶν,
1460 3460 1560 3531 οὐχ
1585 3458 1729 3513 οὕτω
1771 3458 1975 3530 μέντοι,
2007 3456 2083 3521 ὼς

482 3564 583 3615 καί
620 3558 959 3632 βλάπτεσθαι
980 3574 994 3587 ⁸
1028 3558 1125 3611 καὶ
1152 3558 1252 3628 οὐχ
1281 3555 1470 3620 άπλῶς
1502 3554 1767 3627 βούλομαι
1790 3552 2082 3625 προλήψει,

482 3659 627 3717 ἀλλά
670 3657 1101 3729 δοκιμάσαντας,
1153 3657 1201 3708 εἰ
1250 3656 1413 3725 ἡμεῖς
1464 3652 1648 3717 καλῶς
1691 3652 1943 3722 λέγομεν.
1976 3650 2086 3705 Καὶ

482 3761 589 3812 ούκ
615 3752 790 3822 εἶπεν,
814 3755 933 3809 Ἵνα
955 3753 1025 3807 τὰ
1050 3752 1295 3823 ἡμέτερα
1319 3751 1572 3823 αἱρῆσθε,
1602 3749 1742 3817 ἀλλ’,
1766 3749 1893 3804 Ἵνα
1919 3748 2083 3803 δοκι-

478 3855 727 3928 μάζητε.
766 3855 877 3908 Καὶ
904 3855 1007 3907 οὐκ
1040 3847 1162 3905 εἷπε
1206 3849 1489 3923 φανερῶς,
1524 3848 1618 3921 Μὴ
1660 3846 1740 3918 τῷ
1769 3846 1904 3901 δεῖνι
1945 3847 2081 3917 πλη⁶

487 3952 711 4017 σιάζετε
730 3968 745 3982 ·
778 3949 936 4016 ἀλλά,
961 3949 1108 4023 Πρὸς
1134 3949 1197 4002 τὸ
1224 3947 1504 4019 συμφέρον
1537 3944 1803 4018 βούλομαι
1824 3945 1955 4015 ὑμῖν
1985 3943 2085 4016 τὴν

485 4051 715 4121 ἀγάπην
761 4046 1038 4118 γίνεσθαι,
1082 4047 1183 4118 οὐχ
1235 4045 1324 4099 ἵνα
1370 4042 1715 4115 ἀναισθήτως
1763 4040 2082 4112 διακέησθε.

499 4146 761 4216 ’Λνόητον
791 4157 819 4187 ι
847 4143 979 4216 γὰρ,
1007 4145 1058 4199 εἰ
1108 4144 1185 4216 μὴ
1216 4141 1305 4197 διά
1335 4140 1574 4215 Χριστὸν
1602 4139 1703 4211 τὴν
1734 4135 2087 4208 δικαιοσύνην

485 4244 815 4319 ἐργάζεσθε,
845 4246 940 4299 καὶ
972 4243 1039 4297 δι’
1072 4241 1261 4297 αὐτοῦ.
1296 4241 1429 4296 Ἰδοὺ
1458 4240 1538 4307 τὸ,
1572 4241 1650 4293 Δι’
1681 4238 1870 4303 αὐτοῦ,
1899 4236 2082 4292 πάλιν.

483 4340 641 4416 *Αρα
666 4337 761 4397 οὖν
789 4340 1053 4414 ὑπουργῷ
1087 4341 1358 4413 κέχρηται
1402 4338 1480 4409 τῷ
1511 4337 1667 4409 Θεῷ;
1699 4336 1917 4405 ’Ἄπαγε
1938 4352 1950 4365 ·
1987 4336 2086 4405 οὐχ

488 4442 582 4496 ἵνα
619 4439 755 4509 ἐγὼ,
789 4438 982 4510 φησὶν,
1032 4434 1330 4501 ἐπαινεθῶ,
1377 4433 1553 4497 οὕτως
1582 4429 1759 4498 εἷπον,
1788 4430 1905 4486 ἀλλ’
1940 4432 2028 4483 ἵνα
2058 4431 2087 4482 ὁ

486 4542 626 4606 Θεὸς
688 4538 1010 4610 δοξάζηται.
1064 4533 1401 4590 Γινώσκειν
1438 4531 1508 4586 δὲ
1560 4530 1720 4602 ὑμᾶς
1760 4528 2085 4598 βούλομαι,

485 4636 771 4709 ἀδελφοὶ,
804 4635 895 4690 ότι
928 4633 1003 4689 τὰ
1043 4630 1171 4688 κατ’
1223 4630 1330 4703 ἐμὲ
1376 4628 1622 4701 μᾶλλον
1647 4629 1737 4694 εὶς
1765 4623 2089 4696 προκοπὴν

486 4736 601 4792 τοῦ
637 4732 1008 4805 libum-8.1101:
1054 4729 1379 4799 ἐλήλυθεν.
1410 4727 1594 4782 Ὥστε
1634 4724 1779 4790 τοὺς
1825 4721 2090 4792 δεσμούς

481 4852 609 4907 μου
648 4830 954 4903 φανεροὺς
1002 4828 1074 4883 ἐν
1129 4824 1365 4896 Χριστῷ
1402 4822 1685 4894 γενέσθαι
1734 4820 1805 4875 ἐν
1849 4819 1972 4887 ὅλῳ
2009 4818 2092 4885 τῷ

486 4929 845 5003 πραιτωρίῳ,
874 4925 975 4981 καί
1000 4925 1126 4993 τοῖς
1155 4922 1392 4990 λοιποῖς
1427 4921 1641 4977 πᾶσιν.

568 5117 637 5188 β’.
674 5114 841 5178 Εἰκὸς
858 5108 928 5185 ἦν
949 5110 1291 5175 ἀκούσαντας
1305 5110 1389 5165 ὅτι
1415 5108 1644 5173 δέδεται,
1661 5108 1869 5179 ἀλγεῖν,
1894 5106 1991 5163 κοιλ⁵
2007 5125 2093 5161 νοι

493 5214 679 5288 μίζειν
725 5210 1097 5283 ἐγκόπτεσθαι
1139 5210 1202 5265 τὸ
1234 5211 1520 5282 κήρυγμα.
1552 5209 1617 5262 Τί
1647 5203 1741 5262 οὖν
1777 5208 1953 5273 ποιεῖ;
1990 5207 2095 5261 Εὑ-

489 5314 633 5376 θὲως
685 5310 893 5381 ταύτην
941 5311 1161 5382 ἀναιρεῖ
1204 5307 1304 5378 τὴν
1353 5305 1614 5376 ὑποψίαν,
1658 5304 1753 5357 καί
1796 5318 1965 5373 φησιν
2011 5300 2095 5357 Τὰ

493 5410 630 5464 κατ’
664 5406 772 5477 ἐμὲ
799 5405 1046 5477 μᾶλλον
1075 5407 1164 5471 εις
1211 5401 1534 5473 προκοπὴν
1579 5401 1687 5456 τοῦ
1716 5398 2094 5470 Εὐαγγελίου

490 5504 784 5574 ἐλήλυθε.
820 5503 933 5556 Καὶ
955 5501 1116 5556 τοῦτο
1139 5501 1199 5556 δέ
1223 5498 1528 5571 φιλοῦντος,
1563 5499 1626 5552 τὸ
1654 5498 1722 5551 τὰ
1752 5495 1874 5551 καθ’
1903 5495 2094 5549 ἐαυτὸν

492 5600 695 5672 δηλοῦν
747 5602 952 5666 αὐτοῖς,
993 5598 1091 5654 ἅτε
1136 5598 1465 5672 μεριμνῶσι.
1497 5598 1564 5651 Τί
1607 5596 1829 5667 λέγεις;
1860 5594 2092 5659 δέδεσαι,

493 5697 878 5771 ἐνεποδίσθης,
936 5698 1033 5751 καί¹
1086 5696 1206 5761 πῶς
1254 5695 1319 5753 τὸ
1370 5692 1705 5765 Εὑαγγέλιον
1744 5691 2092 5759 ἐπιδίδωσιν;

567 5918 593 5947 ι
624 5907 791 5957 uallet
808 5906 1033 5964 ἀνόνητον
1056 5905 1289 5957 Duuaus.

1423 422 1490 479 IN
1531 421 1749 482 EPIST.
1793 424 1883 479 AD
1915 424 2202 483 PHILIPP.
2241 414 2395 487 CAP.
2436 425 2478 483 ι.
2544 429 2776 486 HOMIL.
2818 430 2881 488 ιι.

3672 440 3772 496 199.

2185 545 2368 602 Ὥστε
2397 547 2539 615 τοὺς
2574 547 2840 620 δεσμούς
2879 567 3023 620 μου,
3058 551 3212 622 φησὶ,
3266 554 3568 624 φανεροὺς
3598 558 3771 626 γενέ·

2179 648 2322 699 σθαι
2348 644 2491 712 τοὺς
2514 646 2587 699 ἐν
2612 645 2845 715 Χριστῷ
2873 646 2943 701 ἐν
2968 646 3088 715 ὅλῳ
3116 646 3196 714 τῷ
3221 652 3572 719 πραιτωρίῳ.
3599 652 3773 704 Τοῦτο

2184 742 2245 795 οὐ
2308 743 2474 814 μόνον
2516 747 2618 799 οὐκ
2657 746 2985 817 ἐπεστόμισε
3014 748 3143 811 τοὺς
3184 748 3378 813 ἄλλους
3411 748 3533 804 οὐδὲ
3562 751 3769 815 δειλοὺς

2182 841 2460 913 ἐποίησεν,
2489 842 2603 898 ἀλλ’
2634 844 2768 898 αὐτὸ
2794 843 2952 898 τοῦτο
2981 846 3076 899 καὶ
3103 846 3302 916 μᾶλλον
3331 848 3769 921 παρεθάρρυνεν.

2180 940 2247 993 El
2277 940 2460 996 τοίνυν
2488 942 2539 995 οί
2561 940 2791 1011 πλησίον
2819 942 2972 1005 ὄντες
2999 943 3108 997 τῶν
3130 943 3391 999 κινδύνων
3424 945 3585 1015 μόνον
3615 946 3772 1000 οὐδὲν

2182 1037 2516 1109 ἐϐλάϐησαν,
2557 1037 2695 1093 ἀλλά
2741 1040 2837 1092 καὶ
2876 1038 3040 1092 πλέον
3086 1040 3284 1113 θάρσος
3332 1042 3543 1107 ἔλαϐον,
3591 1043 3774 1113 πολλῷ

2186 1133 2391 1205 μᾶλλον
2412 1134 2559 1205 ὑμᾶς
2587 1133 2812 1207 θαρρεῖν
2837 1136 2968 1207 χρή.
2998 1135 3062 1188 El
3095 1137 3193 1205 μὲν
3228 1136 3336 1209 γὰρ
3362 1138 3541 1202 δεθεὶς
3570 1139 3774 1203 ἀθλίως

2182 1228 2404 1299 ἠνεγκε,
2439 1229 2537 1284 καὶ
2571 1230 2852 1300 ἐσίγησεν,
2875 1230 3027 1294 εἰκὸς
3059 1226 3126 1300 ἦν
3151 1233 3248 1285 καὶ
3279 1232 3520 1297 ἐκείνους
3552 1235 3614 1288 τὸ
3642 1236 3775 1288 αὐτὸ

2183 1325 2396 1380 παθεῖν’
2432 1328 2481 1379 εί
2515 1326 2571 1380 δὲ
2620 1327 2796 1392 δεθεὶς
2842 1328 3009 1381 πλέον
3047 1329 3512 1401 ἐπαρρησιάζετο,
3571 1333 3774 1403 μᾶλλον

2180 1423 2366 1487 αὐτοῖς
2397 1423 2600 1495 θάρσος
2649 1424 2871 1487 ἔδωκεν,
2914 1424 2948 1495 ἢ
2995 1425 3044 1477 εί
3095 1425 3171 1497 μὴ
3218 1425 3399 1497 ἐδέθη.
3432 1427 3556 1491 Πῶς
3598 1428 3655 1482 δὲ
3696 1431 3777 1491 είς

2183 1517 2467 1590 προκοπὴν
2502 1518 2596 1573 τοῦ
2634 1519 2969 1588 Εὐαγγελίου
2992 1521 3182 1589 γέγονε
3207 1522 3276 1574 τὰ
3311 1522 3519 1593 δεσμά;
3557 1523 3615 1576 Ὀ
3644 1522 3778 1584 Θεὸς

2180 1614 2341 1668 τοῦτο
2366 1615 2708 1687 ᾠκονόμησε,
2739 1615 2924 1687 φησὶν,
2952 1615 3092 1670 ὥστε
3125 1616 3200 1689 μὴ
3243 1617 3426 1670 λαθεῖν
3457 1620 3584 1682 τοὺς
3609 1619 3778 1689 ἐμοὺς

2181 1712 2435 1782 δεσμοὺς,
2462 1715 2586 1776 τοὺς
2612 1714 2670 1767 ἐν
2697 1712 2941 1784 Χριστῷ,
2973 1713 3099 1778 τοὺς
3124 1713 3212 1767 διὰ
3234 1713 3492 1785 Χριστὸν,
3530 1715 3626 1768 Ἐν
3658 1714 3781 1781 ὅλῳ

2181 1807 2261 1879 τῷ
2297 1808 2646 1879 πραιτωρίῳ.
2681 1808 2833 1873 Τέως
2865 1808 2977 1881 γάρ
3015 1808 3189 1875 οὕτως
3237 1811 3465 1867 ἐκάλουν
3516 1810 3586 1865 τά
3627 1809 3767 1881 βασίι

2182 1904 2321 1959 λεια.
2357 1903 2494 1958 Οὐδὲ
2536 1904 2609 1957 ἐν
2636 1902 2714 1970 τῷ
2743 1908 3076 1975 πραιτωρίῳ
3107 1908 3293 1979 μόνον,
3329 1907 3466 1963 ἀλλὰ
3503 1908 3600 1961 καὶ
3625 1910 3682 1962 ἐν
3708 1910 3777 1980 τῇ

2183 2004 2360 2069 πόλει,
2392 2004 2547 2074 φησὶ,
2583 2006 2752 2078 πάσῃ.
2791 2004 2903 2060 Καὶ
2936 2007 3080 2073 τοὺς
3114 2008 3406 2073 πλείονας
3442 2006 3562 2061 τῶν
3597 2008 3779 2062 ἀδελ·-

2181 2101 2312 2174 φῶν
2369 2103 2439 2156 ἐν
2506 2104 2700 2171 Κυρίῳ
2764 2105 3125 2172 πεποιθότας
3179 2106 3304 2172 τοῖς
3357 2105 3604 2176 δεσμοῖς
3657 2122 3779 2175 μου

2182 2200 2628 2271 περισσοτέρως
2658 2199 2890 2271 τολμᾷν
2925 2203 3163 2271 ἀφόϐως
3192 2203 3301 2258 τὸν
3330 2206 3518 2273 λόγον
3541 2202 3776 2258 λαλεῖν.

2182 2300 2434 2354 Δείκνυσι
2484 2299 2666 2363 τοῦτο,
2726 2301 2810 2354 ὅτι
2873 2301 2971 2354 καὶ
3026 2301 3295 2372 πρότερον
3340 2300 3630 2374 ἐθάρρουν,
3682 2299 3779 2353 καὶ

2186 2397 2324 2468 μετά
2362 2396 2679 2468 παρρησίας
2728 2395 3053 2464 διελέγοντο,
3102 2396 3197 2450 νῦν
3230 2397 3290 2449 δέ
3351 2397 3535 2467 πολλῷ
3591 2397 3776 2451 πλέον.

2185 2499 2247 2550 El
2279 2494 2428 2548 ἄλλοι
2462 2495 2664 2557 τοίνυν,
2706 2495 2863 2566 φησὶ,
2890 2494 2981 2548 διά
3008 2496 3137 2559 τοὺς
3174 2496 3344 2565 ἐμοὺς
3378 2494 3612 2568 δεσμοὺς
3644 2493 3778 2566 θαρ-

2185 2592 2361 2666 ροῦσι,
2387 2591 2568 2663 πολλῷ
2607 2590 2811 2661 μᾶλλον
2836 2590 2979 2661 ἐγώ·
3011 2593 3062 2645 εί
3095 2591 3276 2657 ἀλλοις
3308 2592 3426 2663 είμὶ
3455 2590 3629 2655 αἴτιος
3648 2590 3781 2663 θάρ-

2186 2708 2335 2754 σους,
2370 2688 2554 2760 πολλῷ
2581 2688 2784 2759 μᾶλλον
2820 2688 3066 2760 ἐμαυτῷ.
3127 2688 3238 2744 Καὶ
3292 2688 3437 2754 τοὺς
3491 2689 3781 2756 πλείονας

2183 2785 2304 2840 τῶν
2332 2782 2619 2854 ἀδελφῶν
2655 2783 2724 2836 ἐν
2774 2784 2990 2853 Κυρίῳ.
3037 2783 3261 2857 Ἐπειδὴ
3297 2785 3442 2854 μέγα
3483 2779 3552 2857 ἧν
3598 2784 3661 2837 τὸ
3699 2788 3784 2839 εί-

2186 2884 2330 2948 πεῖν,
2362 2881 2446 2935 ὅτι
2472 2880 2537 2934 Οἱ
2564 2880 2690 2952 ἐμοὶ
2718 2880 2910 2951 δεσμοὶ
2927 2880 3129 2954 θάρσος
3152 2882 3341 2946 αὐτοῖς
3372 2884 3657 2954 παρεῖχον,
3690 2883 3782 2939 διά

2183 2980 2344 3035 τοῦτο
2385 2975 2675 3049 προλαϐὼν
2716 2971 2891 3030 εἶπενο
2934 2977 3034 3030 Ἐν
3066 2979 3283 3048 Κυρίῳ.
3328 2978 3494 3051 ὐρᾷς
3528 2979 3647 3042 πῶς
3686 2979 3785 3034 καὶ

2185 3076 2439 3146 ἀνάγκην
2467 3075 2607 3147 ἔχων
2633 3074 2728 3129 τοῦ
2756 3076 3181 3147 μεγαληγορεῖν,
3201 3075 3297 3130 τοῦ
3336 3076 3657 3149 μετριάζειν
3683 3075 3785 3128 οὐκ

2184 3173 2516 3244 ἀφίσταται;
2569 3172 3022 3242 Περισσοτέρως
3083 3172 3337 3243 τολμᾷν,
3388 3172 3540 3246 [205]
3596 3174 3781 3243 φησὶν,

2185 3271 2427 3342 ἀφόϐως
2465 3270 2575 3326 τὸν
2627 3272 2818 3340 λόγον
2870 3270 3106 3327 λαλεῖν.
3162 3271 3257 3337 Τὸ,
3310 3269 3781 3339 Περισσοτέρως,

2186 3366 2498 3431 δεικνύντος
2531 3367 2704 3432 ἐστὶν,
2753 3367 2835 3421 ὅτι
2892 3366 2994 3438 ἤδη
3031 3366 3285 3438 ἡρξαντο.
3335 3365 3501 3432 Τινὲς
3528 3365 3646 3434 μὲν
3683 3365 3783 3418 καί

2187 3466 2285 3520 διὰ
2316 3467 2550 3536 φθόνον
2584 3465 2685 3519 καὶ
2737 3463 2886 3533 ἔριν,
2920 3464 3084 3530 τινες
3129 3464 3198 3517 δὲ
3253 3463 3350 3517 καί
3392 3462 3468 3516 δι’
3497 3461 3787 3516 εὐδοκίαν

2186 3560 2295 3617 τὸν
2326 3561 2591 3629 Χριστὸν
2622 3560 3032 3628 κηρύσσουσι.
3064 3558 3131 3611 Τί
3152 3557 3217 3629 δὴ
3246 3558 3405 3611 τοῦτό
3433 3560 3603 3623 ἐστιν,
3635 3556 3787 3622 ἄξιον

2189 3660 2406 3730 μαθεῖν.
2457 3658 2679 3728 Ἐπειδὴ
2739 3655 3047 3727 κατεσχέθη
3081 3658 3110 3710 ὸ
3156 3654 3389 3718 Παῦλος,
3421 3656 3513 3707 τὸν
3546 3653 3786 3724 πόλεμον

2186 3756 2401 3827 ἐγεῖραι
2434 3753 2752 3825 βουλόμενοι
2788 3752 3020 3823 σφοδρὸν
3052 3752 3144 3805 τὸν
3178 3751 3333 3824 παρὰ
3362 3750 3458 3805 τοῦ
3515 3751 3786 3823 βασιλέως

2187 3850 2376 3905 πολλοὶ
2407 3851 2516 3905 τῶν
2555 3849 2825 3918 ἀπίστων,
2856 3852 2952 3904 καὶ
2981 3849 3137 3903 αὐτοὶ
3157 3849 3249 3902 τὸν
3280 3848 3519 3919 Χριστὸν
3552 3850 3789 3919 ἐκήρυτ-

2189 3965 2281 4002 τον
2301 3964 2315 3978 ·
2349 3947 2494 4003 ὥστε
2537 3949 2766 4020 μείζονα
2814 3945 3071 4017 γενέσθαι
3102 3946 3182 4017 τῷ
3212 3945 3428 4016 βασιλεῖ
3460 3944 3561 4017 τὴν
3590 3945 3785 4019 ὀργὴν,

2188 4045 2287 4101 άτε
2332 4045 2427 4100 τοῦ
2474 4044 2837 4118 κηρύγματος
2878 4043 3357 4117 διασπειρομένου,
3416 4044 3514 4098 καὶ
3569 4045 3649 4107 είς
3688 4042 3790 4116 τὴν

2188 4141 2285 4196 τοῦ
2321 4141 2539 4196 Παύλου
2579 4140 2826 4216 κεφαλὴν
2861 4140 2926 4194 τὸ
2959 4141 3071 4194 πᾶν
3114 4140 3292 4195 ἐλθεῖν
3319 4138 3417 4194 τοῦ
3450 4139 3647 4211 θυμοῦ.
3681 4139 3790 4192 Δύο

2188 4239 2368 4294 τοίνυν
2405 4237 2741 4312 προφάσεων
2767 4237 3059 4308 γεγόνασιν
3101 4239 3150 4292 οί
3181 4239 3376 4309 δεσμοὶ
3429 4236 3617 4291 αἴτιοι.
3662 4237 3791 4300 Τοῖς

2194 4338 2294 4410 μὲν
2329 4338 2437 4408 γὰρ
2471 4336 2671 4407 θάρσος
2706 4339 2971 4408 παρεῖχον
3006 4336 3167 4403 πολὺ,
3203 4336 3332 4398 τοὺς
3368 4334 3428 4389 δέ
3478 4336 3559 4399 είς
3600 4334 3791 4388 ἐλπίδα

2190 4435 2418 4503 ἄγοντες
2447 4432 2551 4503 τῆς
2599 4432 2742 4504 ἐμῆς
2788 4432 3090 4499 ἀπωλείας,
3126 4430 3549 4504 παρεσκεύασαν
3582 4430 3790 4503 κηρύτ-

2189 4548 2305 4586 τειν
2336 4530 2428 4583 τὸν
2453 4528 2713 4602 Χριστόν.
2750 4530 2916 4598 Τίνες
2939 4530 3060 4601 μὲν
3088 4529 3187 4584 διὰ
3217 4530 3479 4601 φθόνον*
3517 4529 3788 4596 τουτέστι,

2192 4626 2519 4699 φθονοῦντες
2558 4628 2628 4700 τῇ
2680 4627 2809 4703 δόξῃ
2862 4629 2930 4700 τῇ
2982 4628 3091 4700 ἐμῇ
3124 4627 3218 4681 καὶ
3256 4628 3323 4700 τῇ
3374 4626 3650 4690 ἐνστάσει,
3694 4627 3791 4680 καὶ

2195 4724 2511 4798 βουλόμενοί
2542 4741 2610 4796 με
2636 4723 2937 4780 ἀπολέσθαι
2959 4725 3055 4778 καὶ
3072 4724 3345 4796 ἐρίζοντές
3374 4739 3488 4795 μοι,
3512 4722 3793 4793 συμπράτ-

2192 4838 2379 4877 τουσιν
2408 4820 2563 4894 ἐμοί’
2603 4820 2637 4894 ἢ
2670 4820 2814 4876 ὥστε
2853 4823 2949 4877 καὶ
2981 4820 3139 4878 αὐτοὶ
3163 4820 3452 4893 τιμᾶσθαι,
3486 4820 3581 4873 καὶ
3605 4819 3792 4890 οίόμε-
3828 4845 3855 4894 ί

2193 4937 2275 4974 νοι
2306 4918 2611 4990 παρασπᾷν
2638 4936 2692 4973 τι
2720 4920 2821 4992 τῆς
2848 4919 3008 4992 δόξης
3053 4919 3154 4990 τῆς
3182 4918 3344 4990 ἐμῆς.
3399 4915 3568 4983 Τινὲς
3596 4915 3665 4970 δὲ
3692 4915 3790 4970 καί

2192 5016 2267 5070 δι’
2297 5016 2604 5071 εὐδοκίαν·
2634 5015 2904 5084 τουτέστι,
2933 5015 3104 5088 χωρὶς
3121 5014 3486 5087 ὑποκρίσεως,
3514 5012 3623 5066 ἀπὸ
3650 5030 3787 5084 προ-

2196 5115 2396 5188 θυμίας
2425 5115 2666 5186 ἁπάσης.
2723 5118 2789 5170 Ol
2829 5115 2951 5186 μέν
2976 5115 3047 5181 ἐξ
3076 5114 3332 5184 ἐριθείας
3372 5116 3480 5168 τὸν
3528 5111 3794 5182 Χριστὸν

2195 5214 2723 5286 καταγγέλλουσιν
2749 5216 2862 5284 οὐχ
2891 5213 3088 5284 ἁγνῶς
3108 5233 3123 5247 ο
3161 5212 3460 5275 τουτέστιν,
3510 5211 3611 5265 οὐκ
3659 5210 3789 5264 εἰλι-

2198 5314 2423 5384 κρινῶς,
2450 5312 2573 5366 ούδέ
2606 5311 2673 5365 δι’
2700 5311 2834 5366 αὐτὸ
2860 5313 2921 5367 τὸ
2957 5316 3217 5387 πρᾶγμα,
3251 5314 3389 5368 ἀλλὰ
3425 5312 3514 5367 διὰ
3534 5310 3623 5378 τί;
3662 5310 3793 5365 Old-

2192 5427 2368 5484 μενοι
2418 5408 2631 5477 θλῖψιν
2679 5408 2988 5478 ἐπιφέρειν
3018 5410 3146 5478 τοῖς
3172 5410 3420 5481 δεσμοῖς
3446 5428 3585 5481 μου.
3615 5409 3789 5481 Νομί·

2200 5505 2387 5571 ζοντες
2422 5503 2532 5575 γάρ
2563 5502 2707 5557 οὓτω
2748 5522 2817 5575 με
2843 5506 2924 5568 είς
2952 5506 3180 5576 μείζονα
3208 5508 3570 5578 ἐμπεσεῖσθαι
3609 5506 3791 5561 κίνδυ-

2198 5620 2311 5667 νον,
2336 5600 2517 5671 θλῖψιν
2551 5602 2853 5670 ἐπάγουσιν
2882 5602 2978 5655 ἐπὶ
3007 5601 3206 5674 θλίψει.
3247 5604 3312 5656 Ὢ
3340 5605 3440 5676 τῆς
3471 5604 3790 5677 ὼμότητοςί

2200 5698 2247 5754 ὣ
2289 5699 2391 5769 τῆς
2426 5697 2744 5770 διαϐολικῆς
2773 5699 3089 5772 ἐνεργείαςί
3144 5698 3433 5772 δεδεμένον
3480 5700 3669 5773 ἐώρων
3699 5701 3797 5754 καὶ

2201 5795 2612 5867 ἐμϐεϐλημένον
2629 5799 2709 5859 εἰς
2729 5796 3126 5870 δεσμωτήριον,
3155 5799 3248 5853 καὶ
3270 5798 3350 5854 ἔτι
3376 5800 3635 5870 ἐφθόνουν
3649 5815 3665 5829 °
3698 5800 3795 5852 σὺ·

2208 5890 2320 5957 ξειν
2360 5891 2512 5964 αύτῷ
2543 5891 2609 5947 τά
2644 5893 2749 5949 τῶν
2792 5892 3090 5966 συμφορῶν
3136 5894 3349 5967 ἧθελον,
3397 5897 3491 5953 καὶ
3543 5896 3787 5969 μείζονος
