4170 6494
397 373 495 427 .93

384 503 576 563 muas
602 485 829 541 dabunt.
862 482 948 536 17.
984 480 1204 546 Quidam
1252 493 1366 531 vero
1392 493 1454 531 ex
1492 477 1704 529 caritate
1724 516 1738 539 ,
1770 475 1982 528 scientes

387 584 629 655 quoniam
674 580 728 630 in
766 575 1109 646 defensionem
1140 570 1383 640 euangelii
1426 568 1616 639 positus
1661 583 1791 620 sum.
1845 565 1981 634 Quid

389 683 496 729 est.
530 670 553 723 l
563 688 597 723 η
619 668 967 736 defensionem
994 662 1241 732 evangelii
1270 661 1461 732 positus
1484 659 1642 713 sum?
1671 658 1725 712 Id
1753 666 1852 721 est,
1882 656 1985 711 hoc

342 776 347 779 '
390 768 744 834 pra-stantes,
778 766 832 810 ut
863 772 930 811 ne
959 754 1089 810 mihi
1136 755 1187 810 in
1233 753 1530 808 rationibus
1557 751 1669 805 Deo
1696 749 1985 804 reddendis

383 853 547 909 \slde
578 848 931 906 laborandum
960 846 1064 909 sit,
1120 854 1172 900 et
1199 844 1451 915 quiddam
1499 842 1627 896 mihi
1656 841 1877 897 subsidii
1916 840 1984 895 ad

384 944 762 1004 defensionem
789 939 1101 994 aﬁ‘erentes.
1133 938 1245 992 Hoc
1273 945 1375 1001 est,
1418 935 1610 990 Jussus
1639 950 1755 988 sum
1786 932 1981 1004 pratdi-

386 1051 549 1101 care;
579 1034 824 1088 rationes
851 1030 980 1083 mihi
1005 1028 1291 1083 reddenda:
1318 1037 1462 1090 sunt,
1490 1042 1553 1081 ac
1575 1025 1814 1081 defensio
1837 1040 1987 1078 com-

392 1125 629 1196 paranda
662 1138 759 1193 pro
806 1121 1058 1193 imposito
1103 1120 1232 1172 mihi
1278 1118 1492 1173 officio:
1542 1119 1717 1188 igitur,
1762 1125 1820 1172 ut
1867 1130 1985 1170 mea

388 1216 635 1276 defensio
665 1216 735 1267 sit
764 1212 991 1275 facilior,
1023 1211 1336 1279 adjumenlo
1380 1210 1513 1263 mihi
1559 1220 1703 1264 sunt.
1746 1208 1982 1274 Etenim,

388 1312 436 1367 si
467 1307 621 1363 multi
651 1307 851 1360 inventi
892 1304 1087 1359 fuerint
1114 1303 1205 1372 qui
1227 1302 1551 1358 catechesim
1582 1302 1887 1372 acceperint
1932 1310 1987 1355 et

390 1398 742 1462 crediderint,
772 1396 939 1451 facilis
969 1395 1098 1449 mihi
1122 1395 1365 1449 defensio
1388 1396 1511 1451 erit.
1536 1393 1623 1450 18.
1652 1394 1788 1462 Quid
1814 1395 1944 1448 enim
1962 1395 1988 1449 ?

387 1496 515 1549 dum
536 1491 676 1544 omni
705 1488 856 1542 modo
878 1489 981 1543 siue
1011 1504 1101 1557 per
1127 1488 1463 1551 occasionem,
1494 1488 1598 1540 sive
1613 1504 1701 1559 per
1728 1488 1988 1541 ueritatem

389 1580 628 1635 Christus
656 1580 1012 1632 anmmtiatur.
1046 1577 1177 1634 Vide
1205 1578 1301 1632 viri
1331 1577 1722 1647 philosophiam
1753 1595 1766 1632 :
1796 1592 1901 1633 non
1934 1579 1987 1631 in

395 1673 516 1728 illos
540 1673 892 1728 vehementer
914 1672 1160 1725 invectus
1186 1680 1293 1735 est,
1315 1670 1406 1724 sed
1439 1671 1632 1725 factum
1665 1671 1837 1741 ipsum
1865 1686 1989 1724 nar-

397 1765 554 1820 ravit.
581 1763 721 1831 Quid
749 1763 894 1817 enim
920 1776 1060 1826 mea,
1086 1762 1278 1831 inquit,
1310 1762 1561 1829 interest,
1589 1771 1764 1816 utrum
1796 1761 1897 1815 hoc
1919 1777 1990 1816 an

398 1858 495 1914 illo
520 1855 719 1911 modo?
757 1855 802 1909 si
835 1854 1187 1909 nihilominus
1209 1854 1323 1907 sive
1351 1854 1666 1917 occasione,
1693 1853 1807 1908 sive
1850 1855 1991 1907 veri-

396 1960 512 2006 tate
534 1949 780 2005 Christus
806 1950 1010 2003 interea
1033 1947 1419 2002 annuntiatur'l
1446 1946 1560 2000 Non
1583 1946 1737 2013 dixit,
1769 1949 1991 2000 Annuu-

405 2043 587 2105 tiatur,
628 2040 776 2110 quasi
823 2039 998 2108 legem
1042 2036 1263 2103 ferens,
1306 2035 1405 2091 sed
1455 2036 1687 2106 primum
1741 2046 1988 2091 eventum

407 2137 577 2203 ipsum
606 2132 842 2187 narravit
870 2147 886 2196 ;
917 2128 1137 2197 deinde,
1165 2129 1326 2184 etiam
1371 2127 1416 2182 si
1460 2127 1634 2198 legem
1663 2127 1843 2183 ferens
1890 2127 1992 2183 hoc

400 2225 668 2290 dixisset,
726 2238 836 2277 non
868 2230 1153 2293 propterea
1204 2219 1498 2275 haeresibus
1534 2218 1737 2273 aditum
1785 2216 1991 2288 patefe-

395 2316 579 2370 cisset.

467 2409 523 2463 3.
561 2408 690 2461 Rem
723 2406 866 2461 enim
901 2405 1096 2474 ipsam,
1124 2403 1168 2457 si
1198 2403 1347 2469 libet,
1378 2402 1747 2472 expendamus
1771 2442 1785 2467 ,
1828 2412 1884 2457 et
1911 2402 1994 2456 in-

394 2503 701 2573 telligemus
729 2499 992 2569 profecto,
1014 2498 1176 2553 etiam
1214 2498 1257 2550 si
1295 2497 1361 2551 ad
1396 2512 1519 2552 eum
1550 2495 1768 2550 modum
1800 2495 1996 2565 praedi-

393 2612 521 2652 care
546 2596 820 2665 jussisset,
862 2591 1314 2662 quemadmodum
1348 2590 1424 2644 illi
1458 2589 1856 2660 praedicabant:
1887 2602 1993 2643 non

395 2701 579 2744 tmnen
627 2688 729 2742 hac
774 2686 983 2740 ratione
1030 2683 1223 2738 haeresi
1272 2683 1449 2737 locum
1494 2683 1633 2736 dari.
1681 2680 1995 2748 Quomodo?

393 2781 663 2849 Quoniam
698 2778 773 2833 illi
802 2791 988 2832 sanam
1013 2776 1229 2845 quidem
1279 2774 1577 2828 doctrinam
1608 2770 1994 2842 praidicabant,

398 2874 741 2943 propositum
771 2885 901 2924 vero
927 2883 992 2924 ac
1011 2882 1187 2934 meus,
1216 2884 1318 2937 qua
1350 2867 1399 2920 id
1422 2865 1710 2928 faciebant,
1744 2874 1997 2933 corrupta

396 2977 538 3031 erat,
565 2980 672 3018 non
698 2972 873 3017 tamen
904 2970 961 3016 ut
983 2960 1225 3015 doctrinm
1262 2958 1548 3029 praidieata
1582 2958 1877 3011 variaretur
1898 2955 1996 3027 (a).

400 3058 512 3115 Sed
545 3067 604 3112 ut
629 3055 822 3110 eodem
854 3053 1015 3108 modo
1043 3051 1421 3123 prmdiearent,
1452 3064 1640 3119 magna
1675 3048 1779 3102 illis
1826 3048 1999 3116 impo-

400 3154 503 3206 sita
536 3151 831 3206 necessitas
856 3156 992 3203 erat.
1039 3146 1418 3216 QuaprOpter?
1448 3144 1733 3212 Quoniam,
1771 3142 1815 3198 si
1845 3142 2002 3195 aliter

402 3246 792 3315 prgedicassent
820 3258 883 3296 ac
920 3241 1149 3306 Paulus;
1193 3241 1239 3295 si
1282 3240 1441 3294 aliter
1486 3238 1799 3294 docuissent
1841 3246 2001 3307 atque

401 3339 514 3398 ille,
550 3338 789 3405 profecto
822 3334 1169 3405 Imperatoris
1200 3334 1332 3387 iram
1362 3348 1471 3386 non
1511 3333 1829 3386 auxissent:
1860 3344 2003 3384 nunc

402 3446 535 3486 vero
566 3429 669 3483 hoc
712 3428 851 3496 ipso,
883 3425 1025 3496 quod
1060 3425 1204 3479 illius
1232 3423 1669 3495 praedicationem
1709 3423 2004 3477 dilatabant

401 3534 569 3591 atque
620 3520 815 3579 eadem
858 3518 1164 3586 docebant,
1215 3528 1270 3572 et
1316 3518 1521 3572 similes
1565 3516 1665 3572 sibi
1713 3527 1873 3587 atque
1914 3516 2004 3570 ille

402 3612 701 3682 discipulos
727 3610 1130 3681 comparabant,
1158 3609 1543 3680 Imperatorem
1575 3610 1789 3664 irritare
1814 3619 2004 3678 potue-

404 3716 553 3773 rant,
583 3715 727 3760 tanta
776 3704 1163 3774 discipulorum
1217 3703 1558 3758 multitudine
1608 3702 1905 3774 prodeunte
1952 3703 2004 3758 in

405 3806 779 3868 censpcctum.
830 3796 936 3853 Sed
982 3796 1324 3866 importunus
1370 3795 1630 3866 quispiam
1675 3806 1730 3850 et
1779 3796 2005 3851 stolidus

407 3890 556 3946 hunc
590 3891 767 3944 locum
807 3888 1211 3958 reprehendens
1232 3930 1247 3953 ,
1297 3888 1368 3942 ita
1395 3888 1537 3942 dicet
1570 3905 1583 3941 :
1614 3887 1726 3943 lmo
1771 3903 1899 3943 vero
1930 3888 2006 3942 illi

407 3983 740 4039 contrariam
767 3982 1031 4036 rationem
1060 3982 1274 4050 sequuti
1305 3989 1487 4036 essent
1510 4023 1523 4044 ,
1552 3982 1597 4034 si
1642 3980 1864 4034 Paulum
1915 3980 2009 4034 ιω-

409 4077 543 4131 dcre
578 4076 917 4129 voluissent:
950 4089 1054 4129 non
1077 4075 1220 4128 enim
1248 4073 1486 4128 ﬁdelium
1522 4089 1800 4128 numerum
1832 4073 2007 4127 auxis-

410 4178 555 4234 sent,
588 4167 679 4222 sed
713 4182 807 4222 eos
836 4166 1014 4236 potius
1043 4166 1133 4236 qui
1148 4165 1258 4235 jam
1284 4165 1653 4231 crediderunt,
1683 4165 2007 4234 abcgissent.

411 4259 551 4326 Quid
572 4259 731 4328 igitur
753 4257 1237 4328 respondebimus?
1259 4257 1372 4311 Hoc
1388 4272 1550 4311 unum
1574 4256 1693 4310 illos
1714 4266 2006 4326 spectasse,

410 4362 473 4405 ut
506 4351 724 4405 Paulum
757 4350 1109 4418 praesentibus
1132 4349 1385 4419 periculis
1413 4349 1919 4418 circumcingerent,
1946 4361 2011 4405 ut

415 4460 488 4500 ne
523 4444 672 4498 illum
693 4443 890 4497 dimitti
920 4444 1182 4509 sinerent;
1214 4453 1373 4513 atque
1397 4442 1496 4497 hac
1522 4443 1730 4497 ratione
1755 4444 2014 4512 putabant

415 4533 679 4604 majorem
711 4549 770 4589 se
803 4533 877 4587 illi
905 4533 1150 4587 dolorem
1175 4533 1454 4597 allaturos,
1486 4545 1647 4603 atque
1673 4535 2012 4603 evangelium

412 4625 779 4680 exstincturus
802 4666 817 4691 ,
851 4639 1014 4694 quam
1051 4626 1096 4679 si
1130 4624 1251 4679 illos
1294 4625 1621 4694 abegisseut.
1666 4625 1841 4682 Aliter
1869 4624 2014 4681 enim

416 4716 667 4772 faciendo
697 4725 753 4772 et
797 4715 1142 4788 imperatoris
1164 4717 1296 4772 iram
1333 4718 1616 4773 sedassent
1640 4760 1657 4786 ,
1687 4728 1742 4773 et
1788 4719 2014 4774 Paulum

414 4808 572 4863 exire
591 4823 654 4861 ac
672 4822 860 4864 rursus
879 4807 1173 4878 prmdicare
1202 4809 1463 4865 sivissent
1483 4826 1499 4873 ;
1534 4811 1636 4865 hoc
1657 4820 1837 4866 autem
1856 4810 2017 4866 modo

417 4908 588 4954 tOtam
611 4914 671 4953 se
689 4916 805 4955 rem
824 4908 1068 4956 evertere
1084 4882 1611 4967 existimabant,cum
1632 4902 1805 4971 ipsum
1824 4902 1891 4957 de
1905 4917 2019 4958 me-

417 4990 513 5046 dio
542 4992 907 5047 sustulissent.
936 4991 1118 5063 Neque
1145 5007 1275 5047 vero
1306 4994 1458 5047 multi
1492 4994 1597 5049 huc
1640 4995 2017 5064 penetrabant,

415 5083 517 5137 sed
544 5084 715 5139 amari
737 5084 953 5153 quidam
985 5083 1233 5140 homines
1253 5094 1308 5140 et
1340 5086 1586 5155 improbi.
1614 5086 1838 5153 Deinde,
1875 5087 1940 5141 Et
1966 5087 2020 5140 in

421 5176 541 5239 hoc,
564 5175 754 5245 inquit,
782 5176 1000 5246 gaudeo,
1026 5177 1115 5231 sed
1146 5187 1192 5230 et
1212 5176 1461 5249 gaudebo.
1492 5178 1628 5246 Quid
1660 5180 1760 5234 hoc
1781 5192 1882 5245 est,
1914 5179 2022 5235 Sed

417 5279 467 5320 et
497 5267 772 5338 gaudebo?
803 5268 975 5321 Etiam
999 5268 1066 5329 si.
1084 5269 1275 5339 inqunt,
1300 5272 1468 5341 magis
1485 5287 1548 5325 ac
1569 5274 1738 5341 magis
1762 5271 1811 5325 id
1837 5283 2017 5342 agant.

418 5361 556 5414 Nam
590 5360 675 5414 vel
717 5359 872 5415 inviti
911 5362 1152 5418 actiones
1179 5378 1329 5418 meas
1371 5364 1647 5435 adjuvant,
1697 5378 1751 5422 et
1778 5367 2021 5421 laborum

489 5558 565 5617 (a)
591 5556 1082 5625 Sieex‘Coisliniano
1112 5568 1165 5611 et
1198 5574 1263 5612 ex
1302 5559 1487 5612 Nobilio
1532 5564 1853 5613 restituimus.
1898 5564 2021 5625 Quae

420 5630 592 5667 autem
640 5618 721 5684 hic
758 5622 881 5671 dicit
910 5621 1296 5684 Chrysostomus,
1322 5626 1518 5674 omnino
1540 5636 1807 5676 consonant
1829 5618 1939 5675 cum
1965 5630 2024 5677 iis

420 5683 766 5759 qiueprqtulit
800 5686 848 5732 in
875 5684 1083 5753 Homillia
1108 5686 1157 5734 in
1182 5683 1313 5754 hunc
1337 5686 1567 5759 Epistolas
1589 5688 1648 5759 ad
1676 5684 2038 5759 Philippe-uses

422 5742 608 5812 h-ctun,
634 5745 736 5794 sive
761 5759 845 5808 per
862 5748 1179 5812 occasionem,
1202 5742 1405 5812 siue‘pe'r
1426 5751 1677 5812 ceritatem
1699 5742 1917 5803 (‘Itrislus
1934 5765 2023 5801 an-

419 5805 687 5857 nuntietur.
718 5805 837 5869 Quae
864 5805 1222 5860 babetur'rom.
1248 5805 1338 5872 lll',
1362 5811 1457 5862 col.
1481 5812 1712 5862 511-312.

1314 360 1380 417 IN
1422 359 1633 416 EPIST.
1677 359 1767 414 AD
1806 357 2094 413 PlllLlPP.
2135 357 2286 412 CAP.
2329 359 2369 412 l.
2413 358 2644 415 ΙΙΟΜΙΙ..
2689 358 2751 414 Il.

3584 370 3689 428 194

2095 487 2230 542 quos
2260 474 2309 525 in
2357 474 2454 528 hac
2483 490 2539 527 re
2567 474 2900 544 impendunt,
2932 475 3030 545 ipsi
3059 476 3275 547 quidem
3305 492 3536 548 poenam,
3584 495 3687 551 ego

2092 580 2219 618 vero
2250 566 2337 633 qui
2366 581 2432 619 eo
2475 566 2608 620 nihil
2653 566 2897 631 confero,
2944 569 3246 625 mercedem
3285 554 3471 624 feram.
3517 572 3687 628 Estne

2091 655 2383 725 quidquam
2413 656 2629 710 diabolo
2657 658 2940 714 scelestius
2970 657 3072 713 hoc
3094 669 3308 729 agente,
3337 671 3393 714 ut
3421 666 3689 731 evangelii

2092 747 2363 815 susceptio
2393 747 2479 812 iis,
2532 748 2728 816 quibus
2755 750 3033 819 suscipere
3060 752 3388 820 persuaserit
3414 794 3428 817 ,
3481 756 3683 823 suppii'

2092 838 2235 891 cium
2286 839 2578 893 conciliet?
2611 838 2773 893 Vides
2820 843 3037 910 quantis
3081 844 3237 897 malis
3282 845 3515 914 undique
3559 861 3685 901 suos

2090 927 2397 999 perfodiat?
2442 944 2657 999 poenam
2710 931 2828 986 istis
2875 941 2931 987 et
2974 934 3293 1002 supplicium
3340 952 3405 990 ex
3450 937 3682 1006 ipsamet

2093 1018 2475 1089 praedicatione
2503 1030 2559 1074 et
2582 1020 2858 1077 laboribus
2886 1022 2939 1076 in
2972 1038 3033 1077 ea
3075 1026 3339 1096 susceptis
3369 1026 3680 1084 fabricatur.

2092 1111 2291 1180 Ecquis
2318 1112 2456 1165 alius
2487 1112 2739 1166 inimicus
2765 1124 2925 1183 atque
2954 1115 3146 1181 hostis,
3174 1117 3431 1186 quidquid
3463 1119 3530 1173 ad
3559 1120 3681 1173 illo-

2094 1219 2213 1257 rum
2234 1204 2464 1259 salutem
2495 1205 2712 1270 faceret,
2739 1208 2817 1261 sic
2842 1207 3235 1277 disposuisset?
3265 1209 3522 1281 lntelligis
3550 1212 3685 1266 nihil

2092 1311 2215 1349 cum
2248 1312 2427 1366 posse,
2456 1298 2546 1367 qui
2577 1297 2841 1353 adversus
2868 1300 3150 1354 veritatem
3179 1301 3377 1355 bellum
3409 1302 3566 1371 gerit,
3588 1306 3685 1358 sed

2094 1391 2271 1459 potius
2283 1391 2519 1460 seipsum
2539 1393 2841 1457 vulnerare,
2856 1393 3311 1463 quemadmodum
3327 1395 3417 1465 qui
3431 1396 3688 1451 adversus

2094 1483 2366 1538 Stimulum
2394 1484 2680 1538 calcitrat?
2710 1485 2799 1540 19.
2835 1484 2958 1540 Scio
2985 1487 3140 1551 enim,
3174 1488 3385 1555 inquit,
3434 1488 3553 1557 quia
3593 1488 3690 1542 hoc

2094 1577 2221 1631 milii
2250 1580 2508 1647 proveniet
2552 1578 2619 1629 ad
2665 1578 2882 1631 salutem
2929 1596 3017 1648 per
3046 1588 3264 1632 vestram
3317 1581 3598 1633 orationem
3640 1590 3686 1634 et

2092 1668 2614 1723 subministrationem
2643 1669 2876 1739 Spiritus
2920 1668 2952 1722 J
2961 1687 3048 1723 esu
3074 1669 3282 1724 Christi.
3310 1669 3450 1724 Nihil
3474 1672 3688 1725 diabolo

2096 1762 2380 1816 scelestius
2423 1779 2437 1816 :
2482 1762 2550 1815 ita
2600 1762 2797 1831 ubique
2840 1760 3183 1816 infructuosis
3236 1762 3509 1817 laboribus
3560 1780 3688 1818 suos

2093 1852 2272 1908 obruit
2303 1867 2366 1907 ac
2392 1852 2614 1907 dilaniat
2647 1870 2661 1906 :
2696 1868 2795 1909 nec
2823 1854 2997 1908 solum
3029 1855 3370 1924 prmmiorum
3410 1864 3689 1925 compotes

2094 1959 2216 1999 esse
2240 1944 2459 1999 minime
2488 1946 2635 2011 sinit,
2664 1945 2756 1999 sed
2775 1946 2935 2000 etiam
2959 1947 3220 2015 supplicio
3253 1948 3398 2001 novit
3425 1948 3689 2003 obnoxios

2096 2034 2293 2090 facere.
2324 2035 2441 2090 Non
2490 2036 2633 2091 enim
2663 2036 2835 2090 solum
2878 2038 3310 2107 prmdicationem
3335 2080 3351 2105 ,
3398 2038 3491 2092 sed
3523 2041 3686 2094 etiam

2097 2126 2360 2198 ejusmodi
2387 2129 2586 2197 jejunia
2630 2143 2694 2184 ac
2723 2129 3078 2199 virginitatem
3114 2130 3246 2199 ipsis
3273 2130 3521 2201 injungit,
3566 2147 3688 2202 qua:

2097 2235 2204 2275 non
2233 2220 2392 2276 modo
2429 2222 2663 2290 prmmiis
2687 2223 2758 2275 sit
2803 2221 2926 2277 illos
2952 2223 3217 2293 privatura
3243 2265 3259 2289 ,
3290 2239 3473 2278 verum
3524 2227 3687 2280 etiam

2096 2327 2346 2382 magnam
2374 2312 2735 2368 calamitatem
2775 2313 2857 2379 iis,
2892 2314 2981 2383 qui
3011 2314 3179 2384 ipsam
3208 2315 3437 2384 amplexi
3472 2316 3689 2380 fuerint,

2100 2401 2398 2459 invectura.
2428 2404 2503 2458 [te
2523 2404 2720 2473 quibus
2743 2413 2798 2459 et
2818 2404 2941 2458 alibi
2974 2405 3146 2475 inquit
3184 2423 3198 2459 :
3228 2404 3569 2460 Cauteriatam
3599 2409 3693 2461 lia-

2099 2493 2267 2549 bentes
2292 2510 2438 2548 suam
2464 2496 2819 2549 conscientiam
2850 2494 2925 2567 (1.
2958 2493 3097 2554 Tim.
3127 2497 3180 2551 4.
3209 2496 3287 2567 2).
3327 2496 3687 2564 Quamobrem

2101 2586 2309 2652 hortor,
2343 2602 2441 2657 pro
2485 2587 2735 2641 omnibus
2766 2588 2962 2657 gratias
2997 2603 3216 2657 agamus
3250 2589 3378 2655 Deo,
3411 2590 3498 2659 qui
3542 2591 3694 2645 nobis

2100 2686 2155 2731 et
2180 2678 2389 2732 labores
2419 2679 2563 2733 leves
2604 2677 2749 2743 fecit,
2792 2690 2846 2732 et
2876 2679 3154 2733 mercedes
3183 2680 3349 2734 auxit.
3382 2680 3526 2748 Quas
3549 2682 3690 2736 enim

2101 2770 2381 2825 mercedes
2409 2770 2548 2839 apud
2585 2786 2683 2825 nos
2714 2771 2747 2824 ii
2777 2780 3201 2840 consequuntur,
3235 2773 3323 2842 qui
3355 2784 3505 2828 caste
3533 2787 3694 2829 utun—

2103 2872 2189 2916 tur
2220 2864 2583 2929 malrimonio,
2629 2878 2723 2918 eas
2748 2862 2888 2933 apud
2937 2863 3066 2919 istos
3095 2879 3161 2918 ne
3209 2864 3282 2918 illi
3324 2865 3561 2935 quidem,
3601 2868 3694 2936 qui

2102 2958 2458 3026 virginitatem
2489 2965 2723 3020 servant,
2759 2957 2969 3025 assequi
2999 2966 3253 3025 possunt;
3298 2958 3389 3012 sed
3422 2959 3509 3027 qui
3556 2961 3695 3028 apud

2106 3049 2390 3103 harreticos
2422 3048 2778 3118 virginitatem
2809 3048 3013 3111 colunt,
3047 3049 3290 3105 eamdem
3319 3066 3381 3105 ac
3408 3052 3697 3106 fornicato-

2107 3152 2194 3192 res
2227 3153 2437 3207 pcenam
2468 3139 2722 3191 subeunt.
2757 3137 2942 3192 Unde?
2972 3138 3123 3205 Quod
3159 3139 3285 3192 nihil
3313 3141 3453 3195 bono
3473 3143 3699 3197 consilio

2104 3244 2166 3283 ac
2193 3229 2469 3298 proposito
2517 3227 2751 3294 faciant,
2802 3228 2895 3282 sed
2927 3240 2983 3282 ut
3022 3240 3299 3294 creaturas
3333 3232 3423 3286 Dci
3462 3232 3695 3288 immen-

2105 3337 2329 3391 samque
2357 3322 2499 3375 illius
2527 3322 2842 3392 sapientiam
2876 3321 3244 3377 criminentur.
3279 3323 3440 3393 Igitur
3479 3341 3545 3378 ne
3590 3337 3700 3382 toro

2108 3428 2327 3481 peamus
2347 3412 2668 3483 negligentia
2702 3430 2716 3466 :
2748 3412 3023 3467 moderata
3056 3414 3210 3466 nobis
3236 3415 3527 3469 certamina
3559 3416 3702 3472 Deus

2109 3506 2375 3575 iujunxil,
2408 3506 2606 3560 nullius
2637 3504 2751 3560 fere
2782 3505 2981 3560 laboris
3018 3506 3191 3574 plena.
3228 3506 3336 3562 Nec
3367 3518 3540 3563 tamen
3574 3525 3701 3578 pro-

2109 3611 2292 3669 pterea
2319 3599 2698 3667 despiciemus.
2734 3596 2867 3653 Nam
2900 3602 2943 3652 si
2972 3598 3213 3654 hazretici
3242 3601 3516 3656 inutilibus
3547 3602 3699 3656 labo-

2111 3691 2259 3747 ribus
2288 3692 2494 3760 seipsos
2522 3690 2720 3745 misere
2745 3689 3005 3745 afﬂictaut
3031 3707 3046 3757 ;
3097 3707 3217 3761 qua:
3243 3692 3398 3748 nobis
3426 3695 3700 3747 excusatio

2110 3784 2313 3853 reliqua
2338 3784 2459 3847 erit,
2494 3784 2537 3836 si
2569 3798 2741 3850 neque
2774 3792 2922 3838 tanto
2949 3784 3186 3838 minores
3209 3825 3223 3849 ,
3257 3784 3555 3855 quibusque
3583 3801 3700 3840 ma-

2111 3877 2249 3931 xima
2266 3885 2351 3933 est
2364 3878 2632 3946 proposita
2654 3891 2883 3941 merces,
2905 3877 3086 3931 subire
3106 3879 3467 3934 voluerimus?
3485 3880 3701 3950 Ecquod

2117 3970 2254 4022 enim
2285 3967 2483 4021 Chriin
2522 3978 2909 4037 pra‘ceptorum
2935 3969 3137 4038 grave?
3166 3971 3371 4040 ecquod
3404 3971 3558 4026 valde
3589 3989 3706 4026 mo-

2122 4062 2315 4115 lestum
2348 4060 2466 4114 cst?
2490 4059 2605 4114 Non
2628 4069 2778 4129 potes
2801 4061 2851 4114 in
2878 4060 3178 4129 virginitate
3206 4061 3438 4132 degere?
3461 4063 3585 4117 licet
3614 4064 3708 4122 tibi

2116 4154 2459 4208 matrimonio
2484 4153 2657 4222 jungi.
2706 4152 2822 4207 Non
2850 4164 3002 4223 potes
3037 4155 3140 4207 tuis
3183 4165 3233 4207 tc
3264 4156 3423 4209 rebus
3457 4156 3709 4211 omnibus

2117 4247 2362 4315 privare?
2396 4246 2515 4300 licet
2546 4246 2639 4300 tibi
2684 4260 2747 4300 ex
2797 4246 2948 4301 bouis
2978 4247 3082 4301 tuis
3108 4248 3260 4301 alteri
3308 4249 3647 4316 suppeditare
3690 4266 3708 4308 :

2127 4335 2329 4401 Vestra,
2374 4336 2564 4407 inquit,
2617 4335 2931 4389 abundantia
2954 4336 3159 4391 illorum
3203 4338 3429 4408 inopiam
3476 4340 3712 4410 suppleat

2122 4428 2199 4499 (‘2.
2231 4428 2349 4482 Cor.
2370 4429 2424 4482 8.
2455 4428 2566 4498 14).
2597 4427 2730 4483 Nam
2765 4429 2863 4483 ista
2903 4429 3119 4499 quidem
3149 4431 3299 4484 valde
3324 4432 3508 4502 gravia
3539 4433 3710 4489 videri

2121 4521 2365 4591 possint,
2414 4520 2672 4589 pecunias
2718 4535 2812 4589 pro
2861 4521 3029 4575 nihilo
3082 4522 3314 4583 habere,
3363 4532 3417 4577 et
3452 4538 3712 4591 corporea

2118 4612 2412 4680 cupiditate
2463 4614 2801 4683 superiorem
2851 4628 3004 4679 esse;
3054 4615 3155 4669 alia
3186 4631 3315 4671 vero
3361 4626 3415 4670 ut
3468 4628 3710 4686 pra'stes,

2122 4705 2269 4759 nullo
2289 4713 2524 4775 sumptu,
2549 4705 2692 4759 nulla
2715 4703 2967 4760 violentia
2986 4720 3120 4776 opus
3136 4718 3235 4760 est.
3259 4706 3425 4773 Quam
3454 4710 3595 4761 enim
3621 4709 3713 4763 tibi

2121 4796 2228 4850 vim
2270 4794 2464 4851 efferas
2491 4805 2722 4865 oportet,
2754 4805 2810 4849 ut
2837 4812 2904 4851 ne
2953 4796 3245 4851 maledicas
3275 4813 3374 4851 nec
3407 4798 3716 4853 crimineris

2126 4886 2375 4941 temere?
2407 4902 2473 4940 ne
2503 4895 2824 4943 caeterorum
2858 4885 3015 4940 bonis
3037 4886 3316 4940 invideas?
3339 4902 3404 4941 ne
3426 4887 3718 4944 ambitione

2124 4979 2394 5049 capiaris?
2422 4979 2731 5034 Tormentis
2757 4978 2969 5047 subjici,
3002 4993 3100 5033 nec
3120 4979 3186 5033 de
3211 4980 3376 5049 gradu
3402 4980 3557 5049 dejici
3574 5025 3590 5048 ,
3625 4999 3719 5053 pa-

2126 5072 2329 5128 tientia:
2358 5081 2470 5137 est;
2501 5072 2554 5125 in
2584 5071 2970 5126 exercitatione
3020 5070 3386 5140 pbiIOSOphica
3434 5087 3493 5129 se
3540 5077 3719 5129 conti-

2127 5179 2279 5227 nere,
2310 5163 2577 5233 patientia:
2608 5171 2723 5227 est;
2749 5169 3117 5233 paupertatem
3146 5162 3309 5229 ferre,
3336 5179 3458 5220 eum
3486 5164 3627 5221 fame
3655 5183 3720 5226 ac

2128 5256 2215 5309 siti
2246 5253 2458 5320 luctari,
2493 5253 2761 5321 patientia:
2808 5261 2912 5308 est.
2942 5254 3013 5307 At
3061 5254 3148 5308 ubi
3177 5254 3312 5309 nihil
3365 5256 3554 5310 borum
3582 5273 3723 5328 pne-

2129 5355 2273 5401 stare
2318 5345 2562 5416 cogeris,
2613 5344 2708 5399 sed
2761 5344 2886 5401 licet
2932 5345 3028 5399 tibi
3071 5345 3229 5401 bonis
3270 5346 3413 5413 tuis,
3462 5358 3724 5418 quatenus

2128 5437 2495 5493 Christianum
2527 5437 2704 5502 decet,
2738 5436 3030 5504 fruentem,
3061 5438 3253 5493 alienis
3298 5454 3404 5494 non
3435 5439 3673 5497 invidere
3706 5461 3721 5498 :

2131 5546 2292 5602 quam
2336 5528 2594 5583 adhibeas
2643 5528 2951 5582 violentiam
3001 5530 3255 5599 oportet?
3309 5528 3466 5587 Certe
3532 5533 3724 5588 invidia

2132 5621 2349 5675 aliunde
2372 5634 2478 5674 non
2507 5619 2752 5685 exsistit,
2782 5635 2941 5688 quam
2969 5621 3110 5690 quod
3134 5636 3202 5676 ex
3242 5621 3605 5691 praesentibus
3639 5634 3726 5677 re-

2132 5712 2233 5768 bus
2264 5711 2592 5781 pendemus;
2623 5712 2731 5766 imo
2752 5726 2881 5767 vero
2910 5726 3082 5781 neque
3128 5712 3345 5769 aliunde
3390 5720 3568 5770 omnia
3610 5734 3728 5772 ma-

2139 5806 2207 5862 is.
2247 5806 2379 5863 Nam
2406 5806 2451 5861 si
2510 5804 2790 5877 pecuniam
2833 5814 2888 5860 et
2929 5805 3152 5875 gloriam
3197 5808 3382 5863 mundi
3434 5807 3590 5879 hujus
3631 5825 3732 5881 pro
