4170 6502
484 360 587 419 195

483 475 651 528 nihilo
683 479 840 543 putes
861 511 875 537 ,
926 469 1233 539 neutiquam
1278 467 1342 522 iis
1367 465 1560 537 quibus
1601 473 1893 536 suppetunt
1925 464 2064 519 invi-

485 565 656 620 dehis.

426 671 430 676 '
554 657 606 710 4.
630 654 732 710 Sed
764 653 1012 722 quoniam
1045 651 1160 706 istis
1189 648 1387 715 inhias,
1419 649 1517 704 ista
1548 647 1830 704 admiraris
1853 662 1915 702 ac
1945 657 2065 701 stuo

483 761 580 816 pes
606 764 620 802 :
655 746 854 800 idcirco
896 743 1108 798 invidia:
1133 784 1148 810 ,
1183 743 1383 797 idcirco
1413 741 1587 796 inanis
1613 742 1800 810 gloria:
1829 741 2064 796 stimulis

481 837 702 908 agitaris
735 853 747 889 :
779 851 843 890 ac
872 836 1103 906 denique
1132 835 1310 889 omnia
1344 835 1468 889 hinc
1500 833 1914 904 proficiscuntur
1944 874 1961 898 ,
1993 848 2062 887 ex

485 927 836 982 admiratione
863 967 878 993 ,
912 926 1128 996 inquam
1163 966 1180 989 ,
1225 927 1346 980 vita:
1378 926 1660 995 pnesentis
1687 940 1973 994 rerumque
2000 924 2066 977 ad

484 1015 629 1072 illam
663 1018 1071 1089 pertinentium.
1103 1017 1314 1073 lnvides
1343 1019 1436 1082 illi,
1470 1034 1626 1088 quem
1659 1018 1808 1073 vides
1837 1018 2068 1072 ditesce-

485 1110 587 1166 re?
616 1111 682 1164 At
710 1109 799 1164 ille
821 1109 1186 1164 misericordia
1209 1111 1386 1178 potius
1401 1125 1463 1163 ac
1487 1110 1736 1182 Iacrymis
1755 1110 1946 1179 dignus
1961 1119 2066 1164 est.

481 1196 591 1256 Sed
621 1201 880 1256 continuo
909 1215 1029 1254 cum
1058 1201 1168 1253 risu
1193 1201 1369 1269 inquis
1397 1219 1408 1252 :
1438 1199 1547 1269 Ego
1571 1201 1820 1271 lacrymis
1841 1199 2030 1268 dignus
2049 1240 2065 1262 ,

487 1309 595 1348 non
641 1293 732 1347 ille
774 1291 1033 1362 profectu.
1082 1291 1356 1363 Lacrymis
1382 1291 1573 1361 dignus
1600 1300 1656 1346 et
1694 1299 1771 1356 tu,
1799 1305 1905 1345 non
1947 1290 2068 1344 ideo

484 1387 626 1458 qttod
659 1402 860 1457 pauper
888 1400 970 1450 es,
996 1385 1089 1440 sed
1117 1385 1369 1455 quoniam
1400 1394 1450 1439 te
1478 1384 1649 1455 ipsum
1678 1384 1932 1438 miserum
1961 1382 2063 1436 dn-

484 1480 588 1535 cis.
645 1477 754 1533 Eos
791 1479 935 1533 enim
965 1518 980 1543 ,
1004 1477 1196 1547 quibus
1238 1475 1367 1529 nihil
1400 1475 1527 1528 mali
1555 1473 1710 1530 adest
1738 1514 1754 1540 ,
1797 1487 1862 1528 ac
1889 1481 2066 1527 tamen

485 1584 630 1638 aegro
656 1567 836 1621 animo
858 1573 983 1620 sunt
1013 1605 1028 1629 ,
1059 1566 1310 1636 lacrymis
1339 1565 1712 1634 prosequimur
1740 1603 1755 1629 ,
1787 1579 1893 1618 non
1926 1566 2066 1632 qnod

486 1662 626 1716 male
655 1659 902 1721 habeant,
936 1657 1030 1712 sed
1053 1657 1218 1728 quod,
1246 1673 1366 1712 cum
1391 1657 1610 1711 minime
1637 1657 1776 1710 male
1801 1655 2065 1723 habeant,

485 1754 684 1808 habere
707 1767 766 1807 se
795 1760 1002 1822 putant.
1050 1747 1536 1813 Etenim,dicmihi
1562 1788 1578 1814 ,
1621 1749 1832 1819 siqnis
1855 1763 1884 1802 a
1920 1748 2069 1804 febre

484 1847 620 1899 liber
661 1853 886 1899 maereat
925 1841 1216 1911 valensque
1256 1840 1541 1896 decumbat
1583 1850 1744 1910 atque
1783 1840 1835 1894 in
1866 1838 2068 1894 lectulo

479 1934 905 1997 circttmfcratur,
939 1948 1118 1988 nonne
1145 1933 1245 1986 iste
1273 1932 1527 2002 lacrymis
1555 1931 1771 2002 dignior
1794 1947 1955 2003 quam
1989 1931 2068 1987 fe-

481 2025 563 2080 bri
591 2026 916 2090 laborantes,
947 2039 1054 2079 non
1083 2023 1225 2094 quod
1253 2022 1388 2078 febri
1420 2024 1626 2078 laboret
1653 2065 1667 2089 ,
1699 2023 1793 2080 sed
1821 2024 1963 2094 quod
1990 2026 2071 2080 ni-

481 2117 553 2170 hil
596 2116 718 2171 mali
772 2115 1015 2181 habens,
1045 2114 1244 2171 habere
1287 2129 1346 2168 se
1377 2115 1570 2183 putet?
1599 2113 1680 2168 Tu
1729 2130 1942 2185 quoque
1993 2114 2069 2168 la-

479 2206 681 2278 crymis
729 2205 944 2275 dignus,
993 2205 1114 2274 quia
1165 2213 1217 2259 te
1266 2205 1438 2273 ipstnn
1487 2204 1846 2260 miserabilem
1873 2205 2064 2270 ducis;

483 2300 704 2353 minime
756 2313 885 2352 vero
938 2305 1159 2366 prOpter
1211 2303 1619 2366 paupertatem;
1667 2311 1789 2349 nam
1839 2311 2068 2366 panper-

482 2401 564 2446 tas
610 2392 719 2461 ipsa
762 2390 844 2444 vel
885 2389 1252 2443 beatissimum
1294 2398 1345 2442 te
1382 2389 1598 2442 faceret.
1629 2387 1762 2453 Quid
1805 2397 1886 2441 est
1925 2387 2066 2456 quod

483 2482 720 2538 invideas
745 2481 895 2535 diviti
913 2481 937 2534 τ
955 2479 1099 2551 quod
1126 2481 1360 2549 seipsum
1388 2479 1629 2549 pluribus
1650 2479 1796 2533 curis
1815 2478 2067 2548 subjecit?

480 2575 620 2643 quod
650 2573 939 2628 difficiliori
987 2573 1280 2628 servituti?
1324 2572 1464 2642 quod
1510 2571 1778 2626 sexcentis
1803 2572 2012 2628 catenis
2045 2611 2064 2638 ,

480 2668 641 2722 veluti
693 2667 844 2722 canis
884 2666 1145 2737 quispiam
1179 2705 1194 2730 ,
1224 2666 1336 2720 suis
1387 2664 1624 2734 pecuniis
1670 2664 1902 2734 illigatus
1939 2665 2070 2720 est?

479 2758 712 2813 Advenit
743 2774 936 2828 vesper
955 2799 970 2824 ,
1001 2757 1259 2812 successit
1297 2771 1402 2812 nox
1433 2797 1448 2824 ,
1494 2755 1615 2811 huic
1645 2771 1771 2812 vero
1798 2757 1973 2814 solatii
2003 2771 2067 2812 ac

479 2853 736 2922 requietis
767 2861 974 2921 tempus
1005 2851 1062 2906 fit
1105 2851 1362 2906 tumultus
1391 2891 1406 2916 ,
1442 2851 1670 2906 tristitiae
1703 2893 1718 2918 ,
1766 2853 2016 2908 mmroris
2046 2894 2063 2918 ,

484 2943 859 2997 sollicitudinis
892 2953 1124 3011 tempus.
1153 2942 1422 3012 lncrcpnit
1444 2942 1612 3013 quid?
1640 2943 1898 2999 continuo
1942 2958 2068 3014 pro-

481 3034 606 3102 ripit
629 3048 707 3087 se.
734 3035 774 3086 A
805 3033 1102 3089 latronibus
1121 3033 1380 3102 spoliatus
1400 3041 1482 3087 est
1503 3032 1764 3103 quispiam
1789 3033 1813 3084 τ
1834 3033 1924 3102 qui
1950 3031 2063 3086 nul-

480 3123 589 3178 lum
631 3122 882 3178 damnum
934 3123 1094 3179 habet
1137 3124 1340 3191 majore
1385 3130 1666 3193 torquetur
1702 3122 2070 3178 sollicitudine

477 3229 636 3284 quam
659 3213 750 3268 ille
770 3214 858 3284 qui
887 3229 1076 3284 passus
1098 3223 1202 3268 est.
1227 3212 1360 3268 Nam
1390 3212 1480 3266 ille
1506 3213 1721 3282 quidem
1748 3214 1915 3270 semel
1947 3229 2069 3285 per-

478 3306 652 3372 didit,
699 3322 762 3362 ac
792 3307 981 3362 dolore
1007 3316 1229 3375 accepto
1261 3321 1444 3359 curam
1475 3305 1726 3374 deposuit
1754 3321 1768 3372 ;
1817 3308 1904 3362 hic
1933 3321 2066 3362 vero

483 3413 745 3471 perpetuo
770 3415 952 3454 secum
983 3400 1124 3453 illam
1150 3399 1305 3468 gerit.
1338 3398 1570 3453 Advenit
1594 3414 1718 3464 nox,
1743 3408 1928 3468 portus
1953 3416 2066 3454 ma-

478 3493 650 3547 lorum
684 3502 1014 3558 nostrorum,
1046 3499 1351 3544 nostrarum
1381 3490 1748 3544 calamitatum
1771 3490 2020 3545 solatium
2045 3532 2060 3559 ,

475 3586 753 3639 vulnerum
783 3584 1233 3640 medicamentum
1265 3600 1280 3649 ;
1322 3598 1446 3638 nam
1486 3594 1539 3639 et
1580 3583 1655 3638 illi
1698 3583 1789 3654 qui
1835 3584 1886 3638 in
1918 3584 2063 3640 luctu

474 3677 654 3748 aliquo
681 3686 808 3732 sunt
836 3717 851 3741 ,
889 3677 1076 3732 amicis
1101 3677 1319 3749 quidem
1346 3685 1402 3732 et
1427 3679 1670 3748 cognatis
1699 3686 1754 3732 et
1783 3675 2063 3733 familiari-

474 3768 576 3822 bus
600 3808 616 3832 ,
645 3784 706 3823 ac
732 3784 876 3838 saepe
902 3770 1063 3823 etiam
1096 3769 1337 3838 patribus
1364 3771 1787 3826 consolationem
1825 3768 2062 3823 afferen-

475 3858 639 3924 tibus,
669 3873 774 3912 non
808 3858 1269 3929 obtemperarunt,
1305 3875 1476 3929 neque
1496 3875 1699 3914 morem
1728 3868 2010 3930 gesserunt
2043 3899 2059 3925 ,

473 3948 568 4004 sed
595 3949 756 4003 etiam
788 3948 883 4004 illo
911 3949 1026 4020 ipso
1049 3965 1300 4005 sermone
1325 3951 1390 4005 ad
1417 3949 1750 4005 iracundiam
1782 3960 1906 4004 sunt
1932 3966 2059 4020 pro-

471 4043 644 4098 vocati
671 4062 684 4098 :
708 4043 887 4098 nullus
908 4045 1048 4099 enim
1069 4056 1231 4100 tostus
1251 4054 1355 4110 est,
1371 4045 1456 4112 qui
1481 4052 1537 4096 ut
1553 4042 1820 4098 acerbitas
1835 4043 2056 4109 doloris,

470 4138 676 4190 animas
705 4145 915 4192 nostras
943 4139 1146 4192 cruciet
1172 4179 1186 4202 ,
1215 4152 1408 4192 somno
1437 4145 1615 4189 autem
1645 4135 1884 4205 requiem
1914 4137 2057 4192 indi-

469 4236 624 4281 cente
651 4270 666 4294 ,
697 4244 762 4283 ne
788 4229 978 4284 oculos
1008 4228 1229 4298 quidem
1257 4235 1446 4281 contra
1476 4227 1725 4281 attollere
1749 4228 2053 4287 valuerunt.

401 4339 410 4348 υ
467 4318 926 4382 Qucmadniodum
970 4319 1128 4388 igitur
1162 4330 1358 4386 corpus
1387 4315 1540 4372 valde
1583 4327 1820 4374 aestuans
1859 4329 1913 4374 et
1956 4320 2059 4376 sub

469 4407 880 4465 ferventioribus
899 4410 1058 4464 radiis
1077 4410 1349 4473 fatiscens,
1365 4408 1659 4465 diversorio
1675 4411 1824 4481 quasi
1841 4411 2052 4468 cuidam

466 4501 650 4556 multis
676 4503 878 4571 irriguo
899 4501 1156 4567 fontibus,
1189 4509 1246 4556 et
1268 4516 1332 4554 ex
1364 4501 1463 4556 levi
1485 4517 1614 4556 aura
1641 4502 1891 4558 solatium
1923 4503 2057 4558 atie-

466 4593 605 4647 renti
650 4593 1032 4648 commendare
1081 4593 1362 4649 solemus:
1394 4594 1464 4647 ita
1513 4609 1617 4647 nox
1660 4608 1852 4650 somno
1891 4597 2055 4652 tradit

465 4685 702 4738 animam
747 4694 1031 4752 nostram;
1058 4685 1141 4739 vel
1172 4685 1348 4755 potius
1392 4699 1567 4755 neque
1603 4700 1732 4751 nox,
1764 4701 1940 4758 neque
1965 4702 2054 4744 so-

465 4791 623 4831 mnus
664 4774 768 4831 hoc
798 4784 1016 4846 prmstat
1044 4816 1060 4843 ,
1092 4774 1187 4830 sed
1234 4776 1413 4830 omnia
1444 4775 1562 4831 haec
1601 4792 1632 4830 a
1680 4777 1790 4833 Deo
1817 4777 2051 4848 profecta

463 4877 590 4924 sunt
619 4909 636 4936 ,
682 4869 774 4938 qui
823 4867 1076 4923 miseram
1137 4868 1355 4923 humani
1409 4868 1625 4938 generis
1685 4869 2048 4928 conditionem

461 4961 625 5016 novit.

531 5050 837 5106 Diuitiarum
877 5067 1052 5105 onera.
1081 5080 1154 5091 —
1183 5049 1380 5106 Verum
1411 5066 1516 5106 non
1543 5053 1712 5107 nostri
1741 5053 2046 5110 misericor-

458 5144 546 5200 dia
579 5145 880 5214 tangimur;
915 5143 1008 5198 sed
1042 5142 1297 5213 perinde,
1326 5158 1389 5198 ac
1414 5143 1571 5198 nobis
1600 5144 1698 5214 ipsi
1727 5144 1926 5201 inimici
1968 5147 2047 5201 si-

467 5251 587 5290 mus
616 5276 632 5303 ,
667 5233 999 5305 tyrannidem
1033 5233 1262 5288 naturali
1294 5234 1618 5290 necessitate
1647 5243 1700 5290 et
1724 5236 1918 5292 solatio
1957 5253 2050 5292 su-

456 5326 726 5397 periorem
756 5325 908 5379 nobis
933 5325 1377 5394 comparavimus,
1408 5326 1635 5396 vigilias,
1660 5327 1897 5398 inquam,
1925 5344 2046 5400 quae

458 5433 524 5473 ex
551 5416 752 5471 divitiis
771 5417 1052 5471 exsistunt.
1071 5414 1379 5470 Diuitiarum
1406 5418 1571 5486 enim,
1593 5418 1781 5488 inquit,
1799 5436 1924 5474 cura
1952 5437 2048 5476 au-

458 5511 558 5580 fert
599 5526 833 5564 somnum
877 5508 897 5582 (
924 5509 1085 5564 Eccli.
1118 5511 1208 5566 5|.
1241 5512 1261 5565 1
1292 5508 1336 5583 ).
1380 5512 1459 5567 Ac
1485 5512 1604 5566 vide
1630 5523 1826 5581 quanta
1853 5513 1925 5568 sit
1951 5513 2045 5570 Dei

454 5601 815 5672 providentia.
844 5601 1104 5658 Solatium
1130 5613 1186 5658 et
1210 5605 1449 5674 requiem
1471 5603 1612 5661 hanc
1633 5621 1738 5661 non
1769 5607 2045 5677 proposito

454 5694 791 5764 consilioque
818 5695 1110 5762 commisit,
1139 5695 1314 5749 somni
1342 5710 1499 5751 usum
1523 5711 1630 5752 non
1649 5696 1924 5754 electionis
1940 5715 2042 5754 no-

451 5798 578 5844 stra:
608 5800 732 5844 esse
761 5785 968 5856 voluit;
996 5785 1092 5842 sed
1130 5787 1391 5843 naturalis
1436 5788 1770 5846 necessitatis
1810 5789 2038 5849 vinculis

1220 353 1278 409 S.
1319 351 1594 410 JOANNIS
1629 347 2102 408 CIIRYSOSTOMI
2141 346 2458 405 ARCIIIEP.
2497 347 3028 406 CONSTANTINOP.

3661 344 3760 404 106

2179 459 2483 526 adstrinxit,
2521 469 2578 515 ut
2600 461 2682 516 vel
2711 463 2859 516 inviti
2893 463 3211 518 beneficium
3237 463 3562 536 accipiamus
3593 485 3609 522 ι
3637 467 3759 525 dor-

2178 554 2313 608 mire
2355 554 2498 608 enim
2545 565 2750 608 natura:
2790 565 2891 609 est.
2923 556 3029 612 Nos
3068 567 3246 613 autem
3292 560 3442 626 quasi
3479 577 3577 615 nos
3617 558 3762 632 ipsos

2175 646 2331 701 valde
2358 645 2648 712 oderimus,
2668 647 2818 717 quasi
2842 664 2946 704 non
2975 664 3092 711 nos,
3119 650 3212 704 sed
3238 651 3442 706 alienos
3472 652 3614 706 bello
3641 669 3759 723 per-

2177 752 2467 804 sequamur
2491 754 2554 791 ac
2584 753 2840 794 vexemus
2863 781 2878 803 ,
2911 739 3010 794 hac
3043 741 3153 809 ipsa
3180 742 3410 796 naturali
3439 746 3761 802 necessitate

2177 825 2433 895 majorem
2466 826 2622 881 nobis
2651 828 2990 898 tyrannidem
3014 831 3387 900 imposuimus,
3421 832 3564 886 illam
3594 834 3754 886 nimi-

2175 931 2293 971 rum
2324 932 2443 987 qua:
2465 933 2533 972 ex
2563 919 2805 988 pecuniis
2826 927 2928 974 est.
2958 920 3082 975 Dies
3109 921 3280 975 illusit
3304 922 3327 974 ?
3353 930 3514 990 atque
3542 923 3629 976 hic
3659 924 3759 978 sibi

2177 1009 2364 1065 metuit
2391 1025 2420 1063 a
2446 1009 2812 1080 sycophantis.
2847 1011 2958 1066 Nox
2991 1013 3290 1068 successit?
3319 1014 3469 1068 timet
3497 1014 3755 1069 latrones.

2175 1100 2422 1157 Imminet
2465 1104 2655 1158 mors?
2699 1119 2806 1158 non
2839 1114 3044 1158 tantum
3088 1120 3152 1158 ex
3185 1106 3298 1174 ipsa
3339 1116 3512 1160 tnorte
3551 1105 3756 1162 doloris

2173 1195 2314 1265 capit
2341 1237 2356 1260 ,
2400 1211 2558 1266 quam
2587 1196 2729 1266 quod
2761 1212 2856 1251 sua
2890 1198 2942 1251 in
2971 1198 3198 1252 aliorum
3231 1212 3422 1252 manus
3446 1198 3754 1254 devenient.

2175 1287 2459 1342 Pnerulum
2491 1288 2704 1342 habet?
2737 1297 2862 1344 tunc
2901 1304 3030 1343 vero
3070 1297 3218 1343 tanto
3249 1290 3420 1358 major
3444 1290 3710 1359 cupiditas
3739 1327 3757 1354 ,

2175 1386 2303 1432 tunc
2329 1393 2389 1434 se
2419 1393 2706 1448 pauperem
2732 1390 2901 1448 putat.
2926 1379 3040 1434 Non
3067 1379 3226 1433 habet
3245 1380 3268 1433 ἲ
3286 1380 3600 1449 a-gritndine
3626 1396 3752 1435 con-

2175 1468 2374 1524 ficitur.
2423 1470 2572 1526 Hunc
2603 1471 2764 1542 igitur
2791 1473 3004 1526 beatum
3031 1472 3242 1542 judicas
3266 1515 3281 1535 ,
3314 1473 3381 1526 ad
3411 1489 3569 1542 quem
3610 1475 3757 1529 nuilo

2172 1575 2236 1615 ex
2267 1561 2384 1616 loco
2409 1561 2628 1616 afﬂuere
2658 1571 2831 1632 potest
2851 1564 3129 1633 voluptas?
3150 1563 3270 1617 huic
3296 1563 3541 1618 fluctibus
3555 1564 3758 1632 jactato

2173 1652 2379 1707 invides
2403 1693 2418 1714 .
2456 1669 2579 1708 cum
2610 1665 2662 1708 tu
2694 1655 2745 1707 in
2778 1656 3067 1725 tranquillo
3097 1670 3274 1725 portu.
3303 1665 3634 1725 paupertate,
3668 1657 3753 1711 in-

2171 1759 2331 1814 quam
2354 1785 2370 1811 ,
2414 1747 2812 1816 conquiescas?
2844 1746 2980 1801 Vere
3007 1757 3062 1800 et
3093 1747 3207 1802 haec
3235 1747 3519 1802 infirmitas
3542 1756 3626 1804 cst
3653 1763 3754 1802 na-

2173 1845 2306 1892 tura:
2337 1835 2603 1904 humanm,
2633 1837 2770 1891 bona
2796 1853 3058 1908 generose
3088 1853 3192 1893 non
3226 1838 3386 1904 ferre,
3404 1840 3498 1895 sed
3521 1855 3582 1894 ea
3611 1841 3756 1896 unde

2173 1927 2327 1981 nobis
2348 1927 2484 1982 bene
2505 1935 2586 1981 est
2605 1927 2950 1982 contumeliis
2975 1928 3266 1984 incessere.
3299 1932 3470 2000 Atque
3492 1929 3606 1985 hmc
3636 1933 3754 2001 qui-

2171 2015 2291 2071 dem
2341 2017 2396 2072 in
2441 2016 2542 2072 hoc
2571 2018 2771 2072 mundo
2801 2036 2814 2072 :
2849 2035 3035 2074 vermn
3075 2035 3196 2074 cum
3245 2021 3371 2075 illnc
3412 2022 3698 2077 abierimus
3735 2067 3749 2088 ,

2171 2109 2294 2164 audi
2313 2110 2440 2179 quid
2461 2109 2602 2165 dicat
2618 2111 2768 2166 dives
2791 2112 2880 2165 ille
2898 2113 3365 2167 innumerabilium
3384 2115 3643 2169 bonorntn
3665 2117 3755 2170 do-

2173 2203 2370 2269 minus,
2388 2212 2445 2256 ut
2465 2202 2678 2273 quidem
2702 2212 2755 2257 tu
2779 2205 2910 2258 dicis
2933 2220 2947 2257 :
2977 2220 3147 2272 neque
3163 2208 3304 2259 enim
3327 2222 3426 2276 ego
3450 2209 3582 2260 bona
3606 2208 3754 2262 dixe-

2170 2297 2400 2362 rim,sed
2418 2297 2790 2352 indifferentia.
2812 2297 2905 2351 llic
2924 2299 3083 2368 igitur
3104 2299 3570 2354 innumerabilium
3593 2303 3753 2355 bono-

2170 2404 2289 2442 rum
2308 2389 2578 2454 dominus,
2598 2389 2720 2443 audi
2749 2389 2873 2457 quid
2895 2389 3058 2456 dicat,
3082 2399 3134 2444 et
3154 2390 3307 2460 cujus
3333 2393 3408 2446 rei
3435 2394 3753 2449 necessitate

2171 2479 2396 2533 laboret.
2426 2478 2596 2541 Pater,
2618 2480 2808 2549 inquit,
2831 2479 3108 2546 Abraham,
3134 2483 3272 2535 mitte
3302 2482 3572 2549 Lazarum,
3594 2497 3646 2537 ut
3673 2486 3754 2538 in-

2171 2572 2330 2644 tingat
2349 2582 2627 2626 extremum
2643 2571 2789 2642 digiti
2801 2573 2879 2626 sui
2897 2573 2950 2626 in
2969 2590 3172 2641 aquam,
3192 2584 3238 2626 et
3249 2575 3509 2645 refrigeret
3527 2578 3752 2648 linguam

2169 2679 2364 2729 meam,
2397 2665 2638 2730 quoniam
2662 2666 2862 2719 crucior
2891 2665 2944 2719 in
2971 2665 3067 2719 hac
3096 2666 3306 2736 ﬂamma
3331 2665 3483 2737 (Luc.
3519 2668 3604 2724 l6.
3635 2670 3750 2738 24).

2169 2753 2300 2808 Nam
2331 2755 2430 2809 etsi
2461 2754 2617 2809 dives
2644 2756 2744 2811 iste
2779 2755 2911 2810 nihil
2941 2771 3129 2812 eorum
3159 2759 3419 2814 malorum
3453 2801 3470 2826 ,
3515 2777 3632 2831 qua:
3659 2779 3750 2818 su-

2169 2861 2264 2918 pra
2305 2850 2793 2904 commemorabam
2825 2891 2841 2914 ,
2888 2865 3173 2921 perpessus
3218 2863 3374 2916 erat;
3407 2853 3506 2910 etsi
3538 2873 3750 2912 omnem

2168 2938 2329 2992 vitam
2357 2939 2721 2996 sollicitudine
2747 2951 2802 2996 et
2830 2955 2957 2995 cura
2989 2942 3122 2997 liber
3146 2944 3504 3012 placidissime
3533 2959 3748 3018 egerat;

2167 3045 2508 3102 quamquam,
2542 3033 2666 3102 quid
2689 3033 2830 3098 dico,
2860 3049 3075 3091 omnem
3103 3038 3262 3091 vitam
3290 3040 3513 3108 egerat?
3537 3042 3749 3098 unicum

2169 3124 2297 3178 illud
2329 3135 2692 3191 momentum;
2725 3136 3054 3182 momentum
3099 3131 3242 3184 enim
3283 3141 3365 3186 est
3407 3134 3647 3200 unicum,
3673 3136 3754 3189 in-

2168 3217 2281 3284 quit
2313 3254 2326 3276 ,
2371 3217 2545 3269 omnis
2578 3226 2758 3271 nostra
2789 3217 2892 3271 vita
2923 3260 2937 3285 ,
2969 3218 3014 3272 si
3045 3235 3166 3274 cum
3197 3220 3288 3275 illo
3318 3223 3528 3278 infinito
3553 3227 3752 3281 saeculo

2168 3305 2476 3360 conferatur
2507 3309 2642 3362 :etsi
2682 3308 2840 3378 igitur
2865 3310 3044 3365 omnia
3087 3311 3160 3366 illi
3197 3327 3260 3367 ex
3295 3317 3557 3369 sententia
3585 3315 3750 3372 ﬂuxe-

2168 3408 2288 3450 rant
2321 3438 2335 3461 ,
2378 3413 2554 3452 nonne
2585 3414 2651 3454 ex
2681 3398 2761 3453 lns
2792 3400 2922 3468 ipsis
2954 3403 3132 3456 verbis
3167 3443 3183 3468 ,
3229 3403 3310 3458 vel
3343 3406 3519 3474 potius
3557 3423 3626 3463 ex
3667 3410 3749 3464 his

2167 3489 2296 3559 ipsis
2336 3491 2494 3546 rebus
2532 3493 2852 3547 miserabilis
2881 3495 3002 3548 est?
3028 3499 3217 3550 Annon
3249 3496 3372 3551 vino
3401 3508 3487 3552 tua
3514 3501 3748 3570 undique

2167 3595 2350 3634 mensa
2401 3581 2770 3636 redundabat?
2818 3599 2957 3638 nunc
3005 3601 3134 3641 vero
3180 3602 3247 3642 ne
3285 3597 3488 3658 guttam
3532 3593 3744 3661 quidem

2165 3687 2319 3742 aqua;
2347 3673 2398 3727 in
2431 3683 2691 3742 potestate
2722 3675 2921 3738 babes,
2955 3691 3074 3731 cum
3106 3679 3335 3735 maxime
3376 3697 3519 3751 eges.
3557 3686 3744 3738 Annon

2167 3777 2454 3831 pauperem
2492 3763 2638 3818 illurn
2683 3766 2953 3822 ulceribus
2981 3767 3336 3824 deformatum
3372 3773 3749 3842 despiciebas?

2164 3867 2306 3909 nunc
2322 3871 2448 3910 vero
2471 3858 2725 3926 postulas.
2752 3869 2808 3912 ttt
2829 3860 2999 3930 ipsum
3024 3862 3194 3930 possis
3220 3864 3480 3934 aspicere,
3506 3881 3567 3921 ac
3591 3884 3747 3922 nemo

2164 3947 2444 4015 permittit.
2471 3946 2552 4002 Ad
2581 3950 2721 4005 fores
2764 3959 2879 4006 tuas
2911 3952 3158 4021 jacebat;
3190 3971 3329 4010 nunc
3369 3972 3498 4012 vero
3541 3959 3591 4014 in
3625 3962 3743 4014 sinn

2165 4037 2395 4095 Abraha:
2442 4052 2526 4096 est
2558 4060 2570 4096 :
2599 4052 2654 4096 tu
2698 4044 2797 4098 sub
2837 4045 3030 4115 amplis
3077 4046 3417 4118 laquearibus
3461 4050 3740 4119 cubabas;

2163 4145 2304 4184 nunc
2330 4147 2458 4186 vero
2486 4133 2535 4186 in
2565 4133 2686 4203 igne
2713 4133 2996 4204 gehennae.

2231 4222 2286 4276 5.
2315 4223 2547 4302 Audiant
2576 4225 2687 4280 lucc
2717 4226 3030 4292 divites,vel
3065 4229 3241 4299 potius
3273 4247 3376 4286 non
3405 4233 3618 4302 divites,
3649 4237 3744 4291 sed

2160 4299 2435 4370 inhumani
2467 4333 2479 4370 :
2515 4333 2618 4372 non
2658 4321 2802 4373 enim
2843 4320 3042 4376 idcirco
3074 4323 3162 4376 ille
3191 4325 3512 4392 puniebatnr
3541 4369 3554 4390 ,
3603 4345 3740 4398 quo-

2161 4406 2302 4460 niam
2329 4407 2478 4463 dives
2502 4419 2638 4473 erat,
2663 4410 2755 4465 sed
2779 4413 3030 4480 quoniam
3055 4414 3305 4470 misertus
3331 4431 3436 4470 non
3465 4429 3562 4471 est.
3596 4418 3746 4475 Licet

2157 4501 2299 4554 enim
2326 4499 2497 4566 diviti,
2519 4500 2810 4558 dummodo
2837 4505 3205 4560 misericordia
3237 4521 3296 4562 se
3317 4508 3440 4562 duci
3461 4510 3619 4574 sinat,
3649 4526 3743 4562 cn-

2153 4591 2324 4660 jttsvis
2352 4591 2476 4647 boni
2507 4606 2628 4648 esse
2665 4603 2989 4664 compotem.
3035 4597 3113 4651 Ac
3157 4611 3288 4652 sane
3319 4597 3441 4653 ideo
3471 4601 3742 4666 neminem

2158 4682 2260 4737 iste
2286 4682 2448 4738 alium
2480 4683 2631 4749 vidit,
2658 4699 2818 4754 quam
2841 4685 2990 4741 illum
3015 4696 3283 4756 egentem,
3311 4697 3368 4742 nt
3397 4689 3524 4746 hinc
3551 4671 3603 4745 in
3631 4709 3741 4748 nte-

2157 4775 2381 4830 muriam
2409 4767 2620 4831 rediens
2645 4775 2905 4833 factorum
2931 4793 3150 4833 suorum
3174 4779 3498 4851 intelligeret
3515 4783 3660 4854 juste
3681 4799 3744 4837 se

2155 4865 2460 4936 hujusmodi
2491 4870 2661 4937 poenis
2686 4866 2846 4923 affici.
2878 4869 2960 4924 An
2993 4868 3221 4926 fortasse
3247 4871 3470 4928 deerant
3497 4878 3740 4932 sexcenti

2153 4957 2243 5012 alii
2275 4973 2534 5029 pauperes
2566 4960 2736 5027 justi?
2762 4959 2866 5015 Sed
2893 4961 2982 5031 qui
3013 4960 3079 5014 ad
3109 4961 3250 5018 fores
3280 4963 3448 5033 ipsius
3475 4967 3691 5034 jacebat
3722 5009 3737 5031 ,

2155 5049 2200 5103 is
2222 5049 2328 5104 illis
2356 5065 2416 5105 se
2434 5051 2782 5119 Spectandum
2805 5052 3031 5122 prtebet,
3067 5067 3167 5107 una
3191 5053 3444 5109 erudiens
3474 5055 3646 5123 ipsum
3676 5074 3740 5113 ac

2152 5158 2282 5209 nos,
2315 5153 2571 5213 quantum
2602 5144 2727 5197 boni
2752 5144 2822 5198 sit
2850 5145 3088 5214 pecuniis
3127 5162 3234 5200 non
3264 5147 3558 5204 conlidere.
3592 5149 3738 5206 Nihil

2153 5234 2225 5290 illi
2255 5245 2539 5305 paupertas
2567 5234 2738 5289 obfuit
2757 5235 2821 5289 ad
2849 5251 3073 5306 regnum
3099 5238 3573 5308 consequendum;
3603 5241 3736 5298 nihil

2153 5327 2276 5382 huic
2296 5327 2496 5382 divitia:
2519 5326 2839 5396 profuerunt
2856 5327 2922 5382 ad
2943 5328 3212 5383 vitandam
3228 5329 3552 5399 gehennam.
3587 5332 3735 5398 Quo-

2150 5435 2321 5492 usque
2351 5435 2613 5491 pauperes
2639 5419 2661 5473 ?
2686 5435 2966 5491 quousque
2997 5421 3225 5476 mendici
3252 5421 3276 5476 ?
3303 5422 3419 5478 Non
3450 5432 3534 5478 est
3562 5465 3578 5491 ,
3625 5439 3733 5478 non

2150 5524 2233 5574 est
2260 5529 2460 5586 pauper
2489 5513 2579 5570 ille
2606 5513 2698 5584 qui
2727 5513 2859 5568 nihil
2891 5513 3071 5578 habet,
3103 5513 3198 5569 sed
3226 5515 3316 5585 qui
3347 5515 3512 5570 multa
3539 5517 3682 5585 cupit
3717 5535 3732 5571 :

2149 5624 2256 5666 non
2278 5618 2361 5664 est
2384 5606 2534 5663 dives
2561 5605 2650 5676 qui
2675 5605 2839 5660 multa
2860 5605 3122 5676 possidet,
3154 5605 3249 5662 sed
3277 5606 3366 5678 qui
3393 5606 3592 5662 nullius
3613 5620 3738 5677 eget

2147 5699 2251 5756 rei.
2281 5697 2420 5766 Quid
2451 5698 2593 5752 enim
2626 5695 2846 5767 prodest
2876 5697 3186 5752 universum
3216 5697 3432 5767 quidem
3467 5707 3731 5753 terrarum

2149 5791 2336 5848 orbem
2361 5786 2662 5863 possidere,
2692 5786 2860 5843 nihilo
2889 5802 3018 5844 vero
3045 5787 3334 5860 jucundius
3357 5788 3420 5843 iis
3442 5788 3620 5845 vivere
3641 5789 3735 5860 qui
