4170 6488
390 370 493 427 I95

452 482 517 535 δ’.
566 479 706 533 Ἀλλ’
733 478 921 549 ἐπειδὴ
942 477 1178 549 κέχηνας
1202 519 1217 541 ,
1254 478 1348 532 καὶ
1378 478 1678 547 θαυμάζεις
1711 474 1852 528 αὐτὰ
1875 474 1971 527 καί

380 571 675 642 ἐπτόησαι,
694 569 783 621 διά
804 568 962 621 τοῦτό
993 585 1075 621 σοι
1096 568 1192 621 καὶ
1212 567 1281 621 τὰ
1299 568 1397 637 τῆς
1422 566 1720 636 βασκανίας
1739 564 1969 634 ἐνοχλεῖ,

380 664 471 719 διὰ
499 662 660 716 τοῦτο
692 661 791 715 καὶ
812 661 881 715 τά
908 662 1009 732 τῆς
1030 660 1357 725 κενοδοξίας
1390 660 1485 714 καὶ
1516 659 1693 712 πάντα
1722 658 1831 712 ἀπὸ
1854 656 1976 709 τού-

378 770 479 807 του
495 751 729 821 γίνεται,
749 752 857 804 ἀπὸ
878 750 974 803 τοῦ
1008 750 1310 822 θαυμάζειν
1331 749 1399 803 τὰ
1425 749 1520 803 τοῦ
1545 748 1812 819 παρόντος
1833 746 1970 817 βίου.

384 845 734 908 Βασκαίνεις,
760 847 843 898 ὅτι
875 845 903 896 6
932 843 1083 897 δεῖνα
1115 843 1366 909 πλουτεῖς
1402 842 1513 896 Kal
1546 841 1652 912 μὴν
1676 840 1859 903 ἐλέους
1881 838 1976 892 καὶ

381 937 639 1008 δακρύων
670 936 820 1002 ἄξιος
846 936 875 988 6
903 935 1160 999 τοιοῦτος.
1204 934 1343 989 Ἀλλ’
1374 935 1521 1005 ἐρεῖς
1542 932 1746 997 εὐθέως
1766 932 1971 1001 γελῶνο

326 1082 337 1089 ,
388 1027 534 1097 Ἐγὼ
563 1027 818 1096 δακρύων
841 1024 1010 1091 ἄξιος,
1041 1028 1142 1079 οὐκ
1171 1028 1396 1089 ἐκεῖνος.
1419 1023 1681 1094 Δακρύων
1703 1023 1851 1091 ἄξιος
1880 1022 1974 1076 καὶ

388 1121 473 1184 σὺ,
508 1120 608 1191 οὐχ
638 1120 721 1174 ὅτι
746 1119 906 1190 πένῃ,
940 1118 1077 1172 ἀλλά
1107 1118 1195 1171 διὰ
1227 1117 1289 1170 τὸ
1322 1116 1547 1169 σεαυτὸν
1576 1115 1809 1169 ἐλεεινὸν
1831 1109 1974 1167 εἶναι

387 1213 644 1285 νομιζειν.
697 1211 849 1285 1208]
882 1212 1021 1274 Τοὺς
1050 1210 1162 1282 γὰρ
1204 1209 1358 1263 οὐδὲν
1403 1208 1628 1279 ἔχοντας
1667 1207 1836 1260 κακὸν
1878 1205 1975 1259 καὶ

378 1303 787 1375 δυσφοροῦντας
819 1302 1147 1373 δακρύομεν,
1177 1303 1275 1373 οὐχ
1304 1303 1388 1355 ὅτι
1421 1301 1595 1355 κακόν
1625 1318 1679 1353 τι
1715 1299 1931 1372 ἔχουσιν
1955 1337 1973 1364 ,

378 1398 497 1452 ἀλλ’
531 1398 613 1452 ὅτι
646 1395 725 1468 μὴ
754 1395 990 1467 ἔχοντες,
1016 1394 1162 1466 ἔχειν
1184 1393 1519 1463 νομίζουσιν.
1552 1393 1688 1447 Εἰπὲ
1717 1392 1826 1463 γάρ
1859 1409 1970 1462 μοι,

377 1492 434 1545 εῖ
457 1508 544 1554 τις
579 1488 818 1561 πυρετοῦ
862 1486 1307 1558 ἀπηλλαγμένος,
1342 1485 1495 1539 ἀλύει
1546 1486 1642 1539 καὶ
1678 1482 1973 1555 περιστρέ-

377 1599 564 1652 φεται,
598 1581 859 1652 ὑγιαίνων
900 1579 995 1632 ἐπὶ
1036 1581 1138 1649 τῆς
1168 1577 1358 1649 κλίνης
1400 1578 1673 1648 κείμενος,
1718 1573 1828 1649 ἆρα
1865 1576 1973 1630 τῶν

379 1672 765 1745 πυρεττόντων
801 1670 1004 1742 μᾶλλον
1032 1669 1155 1740 οὐχὶ
1182 1669 1436 1741 δακρύων
1474 1670 1626 1734 ἄξιος
1652 1670 1682 1722 6
1710 1668 1969 1734 τοιοῦτος,

381 1765 484 1817 οὐκ
508 1762 698 1833 ἐπειδὴ
722 1762 1006 1834 πυρέττει,
1035 1762 1156 1815 οὐδὲ
1181 1761 1291 1832 γὰρ
1324 1761 1602 1834 πυρέττει,
1633 1761 1751 1817 ἀλλ’
1783 1760 1973 1831 ἐπειδὴ

382 1857 555 1929 μηδὲν
576 1855 715 1927 ἔχων
740 1854 935 1921 δεινὸν,
955 1854 1100 1926 ἔχειν
1130 1873 1182 1908 τι
1216 1853 1429 1925 νομίζει
1450 1870 1465 1921 ς
1486 1855 1598 1907 Καὶ
1629 1854 1692 1907 σύ
1718 1851 1974 1923 δακρύων

382 1949 534 2013 ἄξιος
565 1948 653 2002 διὰ
679 1948 860 2013 τοῦτο,
890 1948 974 2001 ὅτι
998 1948 1196 2001 σαυτὸν
1227 1947 1459 2001 ἐλεεινὸν
1494 1945 1761 2017 νομίζεις,
1791 1946 1854 1999 οὐ
1884 1943 1974 1999 διά

384 2040 488 2112 τὴν
522 2040 727 2093 πενίαν·
765 2041 864 2112 τῆς
894 2037 1005 2110 γάρ
1045 2038 1237 2102 πενίας
1272 2038 1462 2092 ἔνεκεν
1485 2039 1579 2091 καὶ
1606 2036 1973 2109 μακαριστός.

388 2133 455 2185 Τί
477 2132 688 2202 φθονεῖς
711 2131 789 2201 τῷ
814 2129 1095 2199 πλουσίῳς
1128 2130 1210 2183 ὅτι
1251 2130 1552 2199 φροντίδων
1583 2129 1774 2183 ἑαυτὸν
1802 2128 1976 2181 ὑπεύ-

384 2222 545 2277 θυνον
575 2222 877 2292 κατέστησε
907 2221 1195 2286 πλειόνων,
1227 2222 1308 2275 ὅτι
1333 2221 1551 2294 δουλείᾳ
1577 2222 1973 2293 χαλεπωτέρας

378 2314 463 2368 δτι
501 2314 726 2385 μυρίαις
762 2314 1006 2381 ἁλύσεσι,
1057 2312 1312 2383 καθάπερ
1340 2329 1425 2375 τις
1460 2312 1628 2377 κύων,
1665 2314 1779 2376 τοῖς
1807 2311 1976 2366 αὐτοῦ

376 2407 589 2461 δέδεται
625 2408 909 2477 χρήμασις
942 2406 1258 2460 Κατέλαϐεν
1290 2405 1520 2475 ἑσπέρα,
1557 2403 1827 2458 κατέλαϐε
1858 2403 1975 2469 νὺξ.

379 2502 477 2554 καὶ
500 2500 594 2553 τὸν
609 2500 709 2571 τῆς
736 2498 1098 2563 ἀναπαύσεως
1115 2499 1307 2569 καιρὸν
1334 2491 1488 2561 οὕτος
1522 2496 1753 2568 θορύϐου
1783 2496 1977 2567 καιρὸν

378 2594 477 2646 καὶ
510 2592 708 2663 ἀηδίας
762 2592 856 2646 καὶ
899 2592 1078 2663 λύπης
1125 2590 1238 2663 ἔχει
1286 2591 1382 2645 καὶ
1435 2590 1733 2661 μερίμνης.
1786 2589 1977 2658 Ψόφος

379 2686 641 2755 ἐγένετος
690 2685 895 2747 εὐθέως
947 2683 1309 2755 ἀνεπήδησεν.
1376 2682 1433 2734 '0
1484 2680 1632 2733 δεῖνα
1699 2679 1977 2750 ἐσυλήθης

384 2775 591 2846 μᾶλλον
644 2775 857 2828 ἐκείνου
914 2774 1187 2845 φροντίζει
1240 2772 1333 2826 τοῦ
1377 2770 1784 2835 ἀπολωλεκότος
1827 2770 1856 2823 6
1904 2769 1979 2841 μὴ

381 2866 772 2932 ἀπολωλεκώς.
830 2867 1067 2930 Ἐκεῖνος
1109 2866 1209 2936 μὲν
1250 2866 1360 2936 γάρ
1402 2864 1549 2929 ἅπαξ
1580 2862 1855 2927 ἀπώλεσε,
1885 2862 1981 2917 καὶ

378 2959 651 3031 λυπηθεὶς
682 2959 919 3015 ἀπέθετο
946 2958 1047 3031 τὴν
1077 2958 1358 3028 φροντίδα·
1390 2951 1546 3020 οὕτος
1577 2955 1635 3011 δὲ
1670 2956 1839 3026 αὐτὴν
1865 2955 1981 3025 ἔχει

378 3051 672 3124 διηνεκῶς.
707 3050 993 3105 Κατέλαϐε
1022 3050 1141 3116 νὺξ,
1172 3054 1200 3105 6
1232 3049 1400 3121 λιμὴν
1424 3047 1537 3101 τῶν
1565 3047 1852 3118 ἡμετέρων
1882 3063 1983 3100 κα-

382 3143 522 3209 κῶν,
575 3143 637 3196 τὸ
675 3142 1027 3215 παραμύθιον
1074 3142 1184 3196 τῶν
1216 3140 1503 3213 ἡμετέρων
1551 3138 1883 3210 συμφορῶν,
1922 3137 1984 3191 τὸ

385 3236 685 3307 φάρμακον
714 3235 823 3289 τῶν
870 3234 1228 3307 τραυμάτων.
1266 3234 1378 3287 Kal
1413 3232 1523 3303 γὰρ
1557 3233 1607 3284 οί
1653 3230 1985 3302 περιωδυνίᾳ

382 3331 499 3385 τινὶ
521 3330 881 3400 κατεχόμενοι
905 3330 1021 3393 τοῖς
1060 3327 1238 3399 φίλοις
1280 3327 1380 3397 μὲν
1427 3324 1521 3379 καὶ
1554 3323 1845 3393 συγγενέσι
1888 3323 1986 3376 καὶ

382 3423 638 3487 οἰκείοις,
676 3422 940 3486 πολλάκις
964 3420 1021 3475 δέ
1051 3420 1148 3475 καὶ
1177 3417 1417 3489 πατράσι
1468 3413 1987 3487 παραμυθουμένοις

384 3518 492 3572 οὐκ
519 3513 670 3582 εἶξαν
706 3515 831 3570 οὐδὲ
865 3512 1255 3585 ὑπεχώρησαν,
1291 3509 1428 3564 ἀλλὰ
1456 3509 1553 3562 καὶ
1588 3507 1724 3579 πρὸς
1772 3505 1840 3559 τὰ
1879 3507 1981 3578 ῥή-

391 3627 546 3680 ματα
570 3610 711 3663 αὐτά
730 3608 1141 3680 ἡγανάκτησανο
1173 3602 1375 3666 παντὸς
1404 3600 1513 3672 γὰρ
1547 3598 1829 3669 καύματος
1857 3597 1987 3669 μᾶλ-

387 3703 485 3755 λον
514 3702 575 3754 τὸ
594 3700 788 3772 πικρὸν
810 3700 910 3768 τῆς
932 3696 1124 3768 ὀδύνης
1148 3695 1244 3758 τάς
1279 3693 1553 3766 ἡμετέρας
1574 3690 1746 3744 θλίϐει
1775 3689 1953 3759 ψυχάς
1971 3706 1985 3721 ⁶

388 3794 474 3865 τῷ
521 3794 577 3847 δὲ
635 3793 789 3861 ὕπνῳ
846 3789 1122 3844 κελεύοντι
1175 3785 1445 3840 παύεσθαι
1496 3783 1618 3837 οὐδὲ
1667 3780 1988 3850 ἀντιϐλέψαι

391 3886 645 3955 ἴσχυσαν.
678 3883 949 3953 Καθάπερ
975 3876 1068 3935 οῦν
1098 3880 1259 3949 σῶμα
1293 3877 1517 3939 διακαὲς
1551 3875 1644 3930 καὶ
1679 3873 1992 3948 θερμοτέρα

392 3974 817 4046 προσπαλαίσαν
862 3973 1041 4026 ἀκτῖνι
1096 3968 1596 4042 κατατρυχόμενον,
1655 3965 1845 4037 ῶσπερ
1881 3964 1991 4018 τινὶ

394 4063 727 4135 καταγωγίῳ
758 4063 959 4126 πολλάς
1004 4060 1182 4132 ἔχοντι
1234 4058 1418 4130 πηγὰς
1457 4058 1551 4111 καὶ
1596 4056 1694 4129 τὴν
1740 4057 1849 4111 ἀπὸ
1893 4054 1991 4125 τῆς

387 4160 600 4234 λεπτῆς
634 4160 807 4230 αῦρας
855 4155 1245 4230 παραμυθίαν·
1279 4154 1452 4215 οὕτως
1480 4155 1515 4223 ἡ
1564 4151 1663 4218 νὺξ
1712 4149 1790 4220 τῷ
1840 4148 1992 4221 ὕπνῳ

396 4255 776 4329 παραδίδωσιν
806 4252 966 4324 ἡμῶν
993 4250 1091 4323 τὴν
1119 4249 1323 4319 ψυχήν·
1357 4244 1557 4316 μᾶλλον
1595 4242 1652 4296 δέ
1680 4243 1779 4312 οὐχ
1808 4243 1842 4312 ἡ
1872 4241 1987 4329 νύξ,

396 4328 523 4402 οὐδὲ
558 4348 587 4398 6
634 4344 803 4406 ὕπνος
849 4340 1008 4394 τοῦτο
1067 4337 1384 4410 ἐργάζεται,
1434 4332 1549 4387 ἀλλ’
1582 4332 1611 4384 6
1648 4330 1800 4396 Θεὸς,
1839 4328 1992 4393 εἰδὼς

394 4440 461 4492 τὸ
491 4437 842 4505 ταλαίπωρον
861 4434 1019 4486 τοῦτο
1050 4432 1229 4500 γένος,
1251 4428 1467 4482 ᾶπαντα
1484 4425 1653 4478 ταῦτα
1677 4425 1990 4493 εἰργάσατο.

487 4529 629 4583 Ἀλλ’
646 4530 823 4600 ἡμεῖς
838 4527 939 4579 οὐκ
968 4523 1227 4593 ἐλεοῦμεν
1250 4520 1497 4582 ἑαυτοὺς,
1531 4516 1646 4571 ἀλλ’
1696 4518 1997 4586 ἐπενοήσα-

404 4642 531 4698 μεθ,
572 4622 828 4691 καθάπερ
877 4617 1064 4691 ἐχθροὶ
1117 4616 1271 4678 ὄντες
1329 4612 1561 4675 ἑαυτῶν,
1619 4610 1720 4680 τῆς
1762 4609 1998 4680 φυσικῆς

401 4718 654 4788 ἀνάγκης
701 4715 796 4768 καὶ
846 4709 1207 4772 ἀναπαύσεως
1262 4705 1485 4778 μείζονα
1535 4703 1845 4775 τυραννίδα,
1902 4703 1998 4774 τὴν

402 4808 637 4867 ἀπὸτοῦ
675 4808 906 4861 πλούτου
955 4802 1283 4875 ἀγρυπνίαν.
1335 4798 1603 4867 Μέριμνα
1652 4795 1793 4867 γάρ,
1828 4795 1995 4866 φησὶ,

402 4903 702 4960 πλούτου,
737 4894 963 4967 ἀφιστᾷ
1004 4895 1223 4947 ὕπνον.
1260 4891 1368 4944 Kal
1410 4890 1511 4960 ὅρα
1555 4888 1697 4959 πόση
1728 4887 1825 4941 τοῦ
1863 4887 1999 4941 Θεοῦ

406 4999 440 5069 ἡ
464 4991 762 5066 κηδεμονία
781 5007 793 5019 ·
816 4989 931 5043 Οὐκ
958 4983 1227 5057 ἐπέτρεψε
1253 4985 1321 5054 τῇ
1351 4980 1609 5053 προθέσει
1635 4979 1734 5050 τὴν
1763 4979 2002 5034 ἀνάπαυο

405 5105 517 5154 σιν,
551 5085 676 5140 οὐδὲ
706 5080 1027 5155 προαιρέσει
1051 5077 1159 5132 τινὶ
1184 5075 1281 5147 τὴν
1306 5073 1495 5145 χρείαν
1518 5072 1612 5126 τοῦ
1643 5071 1837 5137 ὕπνου,
1864 5070 2003 5124 ἀλλά

405 5184 671 5254 φυσικαῖς
703 5176 874 5248 αὐτὴν
902 5173 1172 5240 ἀνάγκαις
1196 5167 1515 5239 κατέδησεν,
1540 5165 1629 5219 ἵνα
1656 5164 1750 5218 καλ⁸
1773 5164 2000 5229 ἄκοντες

404 5269 851 5345 εὐεργετώμεθω
882 5266 944 5319 ’τὸ
959 5264 1069 5335 γὰρ
1095 5259 1398 5322 καθεύδειν,
1418 5258 1516 5327 τῆς
1539 5255 1773 5326 φύσεως.
1808 5255 2001 5325 Ἡμεῖς

402 5373 463 5425 δὲ
503 5368 582 5429 ὡς
616 5363 825 5435 σφόδρα
853 5359 1079 5420 ἐαυτούς
1114 5353 1425 5425 μισοῦντες,
1482 5349 1558 5412 ῶς
1593 5349 1813 5420 ἐτέρους
1843 5348 2001 5400 πολε-

411 5458 646 5531 μοῦντες
677 5454 773 5507 καὶ
800 5450 1097 5511 θλίϐοντες,
1128 5444 1229 5515 τῆς
1261 5443 1495 5512 φυσικῆς
1526 5438 1731 5509 ταύτης
1757 5438 2004 5509 ἀνάγκης

412 5550 640 5625 μείζονα
665 5549 767 5618 τὴν
800 5542 909 5598 ἀπὸ
946 5541 1055 5595 τῶν
1084 5537 1383 5611 χρημάτων
1411 5533 1787 5625 ἐπενοήσαμεν
1815 5547 2005 5600 τυραν-

412 5620 556 5698 νίδα.
606 5641 820 5710 Ἡμέρα
863 5636 1087 5705 γέγονες
1133 5629 1231 5683 καὶ
1264 5627 1499 5679 δέδοικεν
1537 5624 1566 5676 6
1611 5620 1851 5686 τοιοῦτος
1878 5622 2005 5685 τοὺς

410 5733 783 5803 συκοφάντας.
819 5728 884 5781 Ἠ
908 5724 1003 5789 νὺξ
1026 5716 1331 5783 κατέλαϐες
1359 5715 1552 5786 τρέμει
1580 5710 1803 5803 λῃστάς,
1821 5710 2007 5803 θάνα-

406 5846 505 5893 τος
537 5800 775 5894 ἐπέστης
815 5818 908 5875 τοῦ
945 5817 1177 5871 θανάτου
1215 5809 1414 5881 μᾶλλον
1439 5806 1714 5875 δάκνεται,
1752 5800 2004 5877 [2091ὃτι

1277 358 1343 415 ΙΝ
1385 356 1605 417 EPIST.
1646 356 1736 414 AD
1774 353 2063 411 PHILIPP.
2106 352 2256 410 CAP.
2303 354 2342 409 I.
2388 350 2624 410 HOMIL.
2666 352 2735 408 Il.

3566 350 3673 408 196

2087 473 2291 542 ἐτέρων
2319 473 2503 526 ἐκεῖνα
2548 471 2779 541 γίνεται.
2818 466 3037 523 Παιδίον
3068 466 3223 538 ἔσχες
3257 465 3457 521 πλείων
3485 467 3519 537 ἡ
3550 468 3671 522 ἐπι·

2082 563 2271 634 θυμία’
2304 564 2398 617 καὶ
2426 564 2547 616 τότε
2570 563 2719 616 δοκεῖ
2742 561 2911 633 πένης
2935 556 3097 614 εἷναι.
3128 561 3242 613 Οὐκ
3272 558 3430 629 ἔσχε,
3465 556 3668 627 μᾶλλον

2086 654 2354 709 ὐδυνᾶται.
2420 654 2621 708 Τοῦτον
2686 650 2779 708 οῦν
2839 649 3168 724 μακαρίζεις
3223 651 3314 703 τὸν
3366 649 3666 718 οὐδαμόθεν

2086 746 2319 817 ἡσθῆναι
2371 746 2704 817 δυνάμενονς
2741 745 2918 815 τούτῳ
2959 745 3174 813 φθονεῖς
3225 742 3303 813 τῷ
3347 742 3678 806 κλυδωνιζο-

2084 839 2231 909 μένῳ
2250 876 2265 901 ,
2297 839 2354 890 ἐν
2399 837 2580 907 λιμένι
2608 837 2830 907 γαληνῷ
2862 838 2927 905 τῇ
2962 834 3123 903 πενία
3149 831 3427 906 ὲστηκώςς
3467 835 3679 896 Ὄντως

2081 927 2174 981 καὶ
2209 926 2370 979 τοῦτο
2401 925 2691 995 ἐλάττωμα
2721 928 2821 995 τῆς
2849 923 3201 993 ἀνθρωπίνης
3233 922 3470 992 φύσεως,
3501 922 3563 974 τὸ
3601 922 3679 991 μὴ

2089 1019 2279 1090 φέρειν
2308 1019 2376 1073 τά
2410 1016 2593 1086 ἀγαθὰ
2624 1017 2914 1085 γενναίως,
2974 1016 3089 1068 ἀλλ’
3136 1017 3216 1077 είς
3244 1015 3343 1076 τὰς
3371 1013 3681 1082 εὐπραγίας

2081 1110 2409 1183 ἐξυϐρίζειν.
2452 1110 2564 1165 Καὶ
2597 1108 2773 1163 ταῦτα
2808 1109 2906 1180 μὲν
2947 1108 3201 1161 ἐνταῦθα·
3237 1108 3367 1160 ὅταν
3412 1107 3470 1159 δὲ
3504 1105 3676 1161 ἀπέλ-

2080 1203 2263 1272 θωμεν
2297 1204 2433 1268 ἐκεῖ,
2469 1203 2705 1257 ἄκουσον
2736 1200 2789 1254 τί
2826 1217 2991 1270 φησιν
3029 1202 3057 1253 6
3089 1199 3365 1261 πλούσιος,
3399 1200 3427 1251 6
3460 1198 3679 1269 μυρίων

2078 1291 2301 1361 ἀγαθῶν
2345 1292 2555 1364 κύριος,
2588 1290 2777 1363 ῶσπερ
2805 1290 2869 1344 σύ
2910 1289 3090 1358 λέγεις
3110 1306 3125 1321 ·
3156 1289 3218 1341 οὐ
3254 1287 3364 1357 γάρ
3395 1287 3460 1341 ἂν
3499 1287 3681 1356 ἔγωγε

2077 1384 2250 1438 ταῦτα
2280 1383 2491 1453 εἴποιμι
2547 1383 2751 1451 ἀγαθά,
2785 1381 2901 1435 ἀλλ’
2951 1381 3239 1452 ἀδιάφορα.
3293 1374 3460 1442 Οὗτος
3497 1378 3683 1432 τοίνυν

2076 1478 2105 1529 6
2137 1476 2349 1547 μυρίων
2375 1474 2594 1543 ἀγαθῶν
2627 1474 2837 1545 κύριος,
2861 1473 3094 1527 ἄκουσον
3132 1472 3185 1525 τί
3217 1488 3372 1541 φησι,
3406 1469 3503 1523 καὶ
3528 1470 3678 1532 τίνος

2078 1569 2137 1621 ἐν
2169 1568 2332 1639 χρείᾳ
2355 1568 2684 1637 καθέστηκε·
2724 1565 2935 1633 Πάτερ,
2978 1565 3167 1635 φησὶν,
3219 1563 3490 1632 Ἀϐραὰμ,
3530 1560 3685 1631 πέμσ

2076 1660 2203 1726 ψον
2223 1656 2511 1724 Λάζαρον,
2540 1658 2640 1711 ἵνα
2660 1654 2822 1723 ἄκρῳ
2842 1656 2919 1720 τῷ
2942 1654 3221 1720 δακτύλῳ
3244 1652 3533 1720 ἐπιστάζῃ
3553 1668 3678 1721 μου

2076 1751 2194 1819 τὴν
2220 1748 2521 1820 γλῶτταν,
2554 1749 2644 1802 ὅτι
2692 1746 3221 1817 ducamur-(Coum.
3268 1744 3332 1798 Εἰ
3365 1744 3471 1815 γὰρ
3510 1742 3680 1815 μηδὲν

2076 1832 2152 1894 ῶν
2185 1837 2338 1893 εἷπον
2364 1840 2599 1910 ἔπασχεν
2630 1840 2659 1893 6
2690 1839 2945 1901 πλούσιος
2974 1838 3205 1901 ἐκεῖνος,
3231 1838 3280 1889 εἰ
3307 1837 3418 1905 γάρ
3440 1836 3498 1888 ἐν
3522 1833 3683 1904 ἀδείᾳ.

2078 1932 2175 1987 καὶ
2203 1932 2483 2003 φροντίδος
2533 1931 2707 2002 χωρὶς
2756 1931 2848 1984 τὸν
2900 1930 3116 1985 ἅπαντα
3165 1928 3281 1999 βίον
3318 1927 3551 1997 διήγαγε
3575 1941 3590 1955 ·
3621 1924 3677 1978 τί

2077 2023 2223 2093 λέγω
2249 2024 2341 2078 τὸν
2362 2023 2579 2079 ἅπαντα
2613 2022 2728 2094 βίον
2749 2040 2765 2089 ς
2785 2022 2885 2095 τὴν
2908 2021 3037 2094 μίαν
3069 2020 3243 2092 ῥοπὴν
3274 2019 3510 2089 ἐκείνηνο
3535 2016 3681 2087 ῥοπὴ

2078 2116 2190 2188 γάρ
2215 2116 2364 2169 ἐστιν
2388 2129 2402 2143 ⁶
2436 2114 2512 2178 ὡς
2546 2114 2643 2183 μία
2675 2114 2785 2185 γὰρ
2840 2112 3003 2184 ῥοπὴ,
3048 2111 3235 2182 φησιν,
3294 2111 3323 2163 6
3363 2110 3474 2172 πᾶς
3516 2107 3682 2178 ἡμῶν

2079 2203 2214 2260 αἰὼν
2246 2204 2384 2276 πρὸς
2413 2204 2505 2257 τὸν
2534 2203 2710 2257 αἰῶνα
2759 2202 2852 2255 τὸν
2898 2202 3126 2272 ἄπειρον
3148 2220 3159 2230 ·
3210 2202 3260 2253 εί
3288 2200 3468 2274 τοίνυν
3499 2198 3679 2252 πάντα

2079 2297 2231 2367 αὐτῷ
2261 2296 2401 2351 κατά
2429 2294 2656 2367 γνώμην
2687 2294 3159 2366 προεκεχωρήκει,
3190 2287 3301 2362 ἄρα
3326 2291 3427 2343 οὐκ
3444 2288 3679 2352 ἐλεεινός

2080 2389 2198 2441 ἐστι
2230 2385 2437 2439 τούτων
2483 2384 2594 2439 τῶν
2643 2385 2923 2457 ῥημάτων,
2962 2382 3165 2453 μᾶλλον
3212 2381 3268 2434 δὲ
3315 2379 3523 2434 τούτων
3566 2378 3683 2433 τῶν

2082 2478 2426 2550 πραγμάτων
2447 2493 2462 2543 ς
2488 2476 2624 2547 Οὐχὶ
2646 2477 2775 2547 οϊνῳ
2798 2472 3189 2546 περιεκλύζετό
3216 2489 3310 2524 σου
3336 2473 3371 2543 ἡ
3396 2470 3678 2543 τράπεζας

2081 2575 2176 2631 νῦν
2209 2574 2266 2628 δὲ
2294 2573 2417 2626 οὐδὲ
2455 2571 2714 2640 σταγόνος
2751 2571 2942 2632 ὕδατος
2966 2566 3017 2622 εἷ
3044 2569 3259 2639 κύριος,
3292 2567 3387 2619 καὶ
3414 2565 3590 2619 ταῦτα
3620 2566 3682 2617 ἐν

2082 2667 2243 2739 χρείᾳ
2264 2665 2434 2735 πολλῇ
2462 2661 2843 2732 καθεστηκώς.
2870 2662 2984 2731 Οὐχ
3004 2659 3327 2732 ἡλκωμένον
3358 2655 3685 2727 ὑπερεώρας

2080 2759 2174 2813 τὸν
2206 2758 2449 2827 πένητας
2471 2755 2567 2809 νῦν
2595 2754 2653 2808 δὲ
2679 2753 2853 2818 ἀξιοῖς
2883 2753 3047 2806 αὐτὸν
3080 2753 3230 2817 ἰδεῖν,
3267 2752 3361 2805 καὶ
3394 2750 3570 2812 οὐδεὶς
3595 2749 3679 2803 δί-

2081 2850 2236 2905 δωσι.
2291 2846 2454 2919 Παρὰ
2505 2846 2598 2899 τὸν
2631 2844 2857 2899 πυλῶνα
2886 2840 2956 2915 ῆν
2991 2842 3084 2897 τὸν
3120 2843 3233 2909 σὺν,
3272 2842 3369 2897 νῦν
3393 2841 3451 2894 δὲ
3478 2842 3538 2893 ἐν
3570 2841 3684 2903 τοῖς

2084 2940 2308 3003 κόλποις
2328 2936 2424 2991 τοῦ
2464 2935 2738 3008 Ἀϐραάμ·
2761 2935 2868 2989 ὑπὸ
2897 2933 2994 2998 τάς
3022 2933 3267 3005 μεγάλας
3295 2929 3360 2987 σὺ
3391 2930 3691 2987 κατέκεισο

2082 3033 2307 3106 ὀροφὰς,
2336 3030 2434 3084 νῦν
2466 3029 2523 3083 δὲ
2562 3032 2620 3083 ἐν
2647 3027 2726 3099 τῷ
2760 3027 2895 3099 πυρὶ
2925 3027 3026 3098 τῆς
3056 3027 3303 3097 γεέννης.

2156 3131 2218 3178 ε’.
2266 3120 2643 3177 Ἀκουέτωσαν
2671 3119 2847 3175 ταῦτα
2872 3121 2920 3173 οἰ
2937 3118 3200 3173 πλούσιον
3229 3118 3431 3190 μᾶλλον
3448 3118 3506 3173 δὲ
3521 3117 3620 3189 οὐχ
3633 3117 3685 3171 οἰ

2084 3213 2352 3279 πλούσιοι,
2387 3210 2501 3267 ἀλλ’
2540 3212 2588 3265 οί
2620 3210 3014 3281 ἀνελεήμονεςο
3047 3210 3107 3263 οὐ
3139 3210 3268 3281 γάρ,
3297 3209 3486 3282 ἐπειδὴ
3515 3208 3686 3263 πλού-

2086 3323 2201 3369 σιος
2225 3300 2316 3377 ἦν,
2353 3302 2666 3367 ἐκολάζετο,
2701 3302 2817 3357 ἀλλ’
2845 3301 3036 3373 ἐπειδὴ
3060 3302 3163 3355 οὐκ
3186 3300 3439 3372 ἡλέησεν.
3466 3301 3686 3355 Ἐνεστι

2087 3399 2196 3469 γάρ
2230 3394 2568 3450 πλουτοῦντα
2598 3395 2693 3449 καὶ
2722 3392 2975 3447 ἐλεοῦντα
2999 3395 3185 3464 τυχεῖν
3217 3392 3420 3456 παντὸς
3444 3389 3679 3460 ἀγαθοῦ.

2086 3490 2199 3543 Καὶ
2225 3488 2316 3542 διά
2346 3486 2505 3540 τοῦτο
2532 3486 2726 3540 οὐδένα
2754 3485 2915 3540 ἀλλον
2943 3486 3048 3556 ὁρᾷ
3071 3526 3084 3548 ,
3131 3484 3249 3537 ἀλλ’
3294 3482 3328 3554 ἢ
3360 3484 3569 3537 ἐκεῖνον
3593 3483 3687 3537 τὸν

2086 3580 2341 3650 δεόμενον
2382 3578 2571 3643 αὐτοῦ,
2621 3576 2709 3629 ἵνα
2764 3575 2936 3647 μάθῃ,
2964 3576 3045 3628 ὅτι
3077 3573 3306 3637 δικαίως
3336 3571 3513 3627 ταῦτα
3541 3573 3685 3627 ἔπα-

2090 3689 2239 3744 σχεν,
2272 3672 2353 3735 εἰς
2383 3670 2691 3740 ὑπόμνησιν
2717 3666 2891 3722 ἐλθὼν
2918 3663 2992 3721 ὦν
3019 3665 3279 3738 ἔπραττε.
3324 3664 3416 3737 Mi)
3446 3665 3556 3737 γάρ
3588 3665 3690 3719 οὐκ

2088 3760 2229 3836 ἦσαν
2259 3763 2443 3834 μυρίοι
2471 3760 2702 3831 πένητες
2723 3759 2953 3825 δίκαιοις
2998 3757 3140 3812 Ἀλλ’
3159 3758 3188 3809 6
3220 3757 3360 3828 πρὸς
3377 3755 3457 3827 τῷ
3484 3756 3692 3811 πυλῶνι

2092 3854 2257 3914 αὐτοῦ
2280 3853 2552 3924 κείμενος,
2588 3843 2744 3914 οὗτος
2789 3848 2939 3919 αὐτῷ
2972 3848 3247 3917 φαίνεται,
3283 3846 3558 3901 παιδεύων
3589 3845 3695 3901 αὐ-

2094 3943 2187 3999 τὸν
2217 3942 2312 3996 καὶ
2346 3941 2517 4012 ἡμᾶς,
2557 3940 2683 3992 ὅσον
2713 3937 2861 3990 ἐστὶν
2896 3934 3103 4003 ἀγαθὸν
3137 3935 3213 4007 μὴ
3242 3933 3566 3989 πεποιθέναι
3596 3934 3691 3986 ἐπὶ

2094 4032 2394 4103 χρήμασιν.
2424 4029 2591 4082 Οὐδὲν
2622 4028 2830 4082 ἐκεῖνον
2881 4025 3119 4093 ἔϐλαψεν
3172 4026 3205 4096 ἡ
3242 4023 3405 4076 πενία
3444 4023 3583 4094 πρὸς
3631 4022 3694 4076 τὸ

2099 4118 2376 4190 βασιλείας
2406 4118 2608 4186 τυχεῖν·
2646 4115 2800 4169 οὐδὲν
2831 4114 3022 4168 τοῦτον
3070 4110 3355 4183 ὠφέλησεν
3394 4114 3422 4165 6
3458 4110 3695 4175 πλοῦτος

2098 4209 2233 4280 πρὸς
2257 4207 2319 4260 τὸ
2348 4204 2576 4275 γέενναν
2606 4205 2885 4273 ἐκφυγεῖν.
2916 4201 3098 4272 Μέχρι
3131 4200 3262 4253 πότε
3289 4198 3558 4269 πένητεςς
3593 4197 3695 4271 μέ-

2098 4315 2191 4370 χρι
2214 4297 2343 4350 πότε
2376 4293 2617 4364 πτωχοίς
2651 4293 2765 4346 Οὐκ
2798 4291 2967 4355 ἔστιν,
2999 4292 3099 4344 οὐκ
3127 4290 3244 4343 ἔστι
3274 4290 3441 4360 πένης
3465 4291 3494 4342 6
3526 4289 3696 4360 μηδὲν

2099 4386 2258 4456 ἔχων,
2295 4382 2410 4435 ἀλλ’
2434 4384 2462 4435 6
2490 4380 2703 4433 πολλῶν
2733 4378 3038 4448 ἐπιθυμῶνο
3080 4378 3180 4430 οὐκ
3217 4377 3334 4430 ἔστι
3380 4375 3639 4441 πλούσιος
3664 4378 3695 4431 6

2100 4471 2271 4526 πολλὰ
2299 4469 2659 4540 κεκτημένος,
2687 4467 2802 4521 ἀλλ’
2839 4467 2867 4518 6
2908 4465 3137 4538 μηδενὸς
3170 4464 3442 4535 δεόμενος.
3482 4466 3548 4519 Τί
3586 4466 3696 4535 γὰρ

2100 4562 2289 4632 ὖφελος
2319 4561 2499 4614 πᾶσαν
2530 4559 2626 4629 μὲν
2653 4556 2953 4628 κεκτῆσθαι
2994 4555 3093 4627 τὴν
3134 4555 3488 4627 οἰκουμένην,
3510 4555 3608 4609 τοῦ
3636 4555 3695 4611 δὲ

2105 4649 2271 4722 μηδὲν
2296 4647 2512 4718 ἔχοντος
2544 4646 2745 4717 μᾶλλον
2771 4646 2831 4699 ἐν
2865 4644 3075 4717 ἀθυμία
3101 4644 3349 4712 διάγεινς
3384 4645 3450 4696 Δί
3495 4660 3697 4715 προαι-

2104 4736 2285 4809 ρέσεις
2318 4734 2561 4797 καὶτοὺς
2585 4732 2950 4797 πλουτοῦντας
2980 4732 3077 4786 καὶ
3101 4733 3232 4795 τοὺς
3252 4731 3584 4801 πενομένους
3606 4732 3702 4803 ἐρ-

2103 4823 2390 4893 γάζονται,
2420 4823 2521 4893 οὐχ
2545 4823 2580 4893 ἡ
2608 4821 2718 4876 τῶν
2748 4820 3050 4892 χρημάτων
3078 4817 3369 4889 περιουσία
3398 4816 3519 4871 οὐδὲ
3547 4818 3582 4887 ἡ
3613 4816 3702 4871 ἔν-

2102 4913 2242 4967 δεια.
2278 4908 2431 4984 [210]
2464 4908 2655 4963 Βούλει
2709 4908 2966 4978 γενέσθαι
2999 4905 3257 4969 πλούσιος
3308 4905 3373 4958 σύ
3423 4906 3452 4959 6
3484 4903 3696 4977 πένηςς

2108 5001 2327 5066 Ἔξεστί
2367 5015 2447 5052 σοι
2478 4996 2809 5068 βουλομένῳ,
2845 4996 2940 5049 καὶ
2967 4996 2997 5049 6
3025 4992 3253 5047 κωλύων
3301 4991 3498 5057 οὐδείς’
3528 5010 3701 5046 κατα-

2106 5089 2376 5162 φρόνησον
2406 5086 2516 5139 τῶν
2555 5084 2651 5137 τοῦ
2686 5084 2895 5154 κόσμου
2936 5082 3260 5153 χρημάτωνο
3301 5080 3525 5150 νόμισον
3557 5076 3699 5134 εἶναι

2109 5177 2295 5249 μηδὲν,
2324 5174 2514 5244 ὥσπερ
2553 5167 2648 5226 οὖν
2678 5171 2802 5225 οὐδέ
2830 5173 3010 5236 ἐστινς
3040 5168 3239 5222 ἔκϐαλε
3276 5167 3375 5238 τὴν
3402 5166 3701 5238 ἐπιθυμίαν

2104 5269 2199 5323 τοῦ
2225 5266 2471 5329 πλούτου,
2501 5265 2596 5318 καὶ
2618 5261 2980 5331 ἐπλούτησας.
3009 5256 3177 5324 Οὗτός
3196 5263 3346 5313 ἐστιν
3371 5261 3399 5312 6
3425 5257 3698 5325 πλουτῶν,

2106 5360 2134 5411 6
2164 5358 2238 5428 μὴ
2272 5354 2442 5407 θέλων
2490 5353 2757 5405 πλουτεῖν·
2806 5351 2833 5402 6
2878 5349 2953 5421 μὴ
2998 5348 3168 5402 θέλων
3215 5346 3496 5411 πένεσθαι,
3544 5340 3699 5411 οὕτός

2109 5449 2255 5499 ἐστιν
2280 5445 2308 5495 ὁ
2341 5442 2656 5513 πενόμενος.
2705 5439 2969 5509 Καθάπερ
3020 5438 3228 5499 ἐκεῖνος
3258 5434 3431 5489 νοσῶν
3458 5435 3486 5487 6
3514 5435 3609 5487 καὶ
3645 5436 3704 5487 ἐν

2110 5533 2270 5602 ὑγεία
2295 5529 2501 5593 ἀλύων,
2523 5529 2624 5582 οὐκ
2650 5529 2855 5588 ἐκεῖνος
2872 5526 2901 5577 6
2917 5525 3098 5595 πάσης
3120 5522 3310 5591 ὑγείας
3334 5519 3704 5593 εὐκολώτερον

2107 5619 2207 5688 τὴν
2229 5618 2385 5672 νόσον
2415 5616 2620 5688 φέρων,
2649 5612 2793 5667 οὕτω
2814 5611 2909 5665 καὶ
2936 5608 3174 5663 ἐνταῦθα
3197 5607 3366 5679 πένης
3396 5606 3546 5661 ἐστὶν
3564 5607 3594 5659 6
3625 5605 3702 5677 μὴ

2110 5709 2407 5780 δυνάμενος
2435 5706 2625 5761 πενίαν
2649 5706 2915 5773 ἐνεγκεῖν,
2939 5700 3054 5756 ἀλλ’
3084 5702 3144 5756 ἐν
3171 5699 3389 5771 πλούτῳ
3415 5698 3526 5753 τῶν
3544 5714 3704 5751 πενο-

2116 5802 2295 5876 μένων
2344 5800 2543 5875 μᾶλλον
2580 5798 2887 5871 ἡγούμενος
2917 5791 3056 5853 εἰναι
3091 5796 3280 5868 πένης,
3311 5794 3412 5849 οὐκ
3442 5795 3647 5858 ἐκεῖνος
3673 5792 3703 5844 6
