4170 6496
483 361 588 420 197

480 477 591 532 τῶν
612 471 983 528 πλουτούντων
1005 465 1206 538 μᾶλλον
1232 464 1331 534 τὴν
1360 461 1550 518 πενίαν
1572 456 1934 528 εὐκολώτερον
1958 452 2060 522 φέ-

487 583 626 641 ρωνο
659 557 812 626 οὗτος
848 561 958 631 γάρ
1001 561 1120 611 ἐστι
1175 555 1373 626 μᾶλλον
1403 555 1432 606 ό
1465 549 1881 620 πλουσιώτερος.
1926 544 2064 599 Εἰπὲ

482 636 593 730 γάρ
626 675 738 728 μοι,
768 655 866 724 τὴν
896 651 1088 706 πενίαν
1114 649 1202 702 διά
1220 647 1272 701 τί
1298 646 1574 709 δέδοικας;
1602 639 1694 695 διὰ
1715 640 1767 693 τί
1798 636 2064 730 τρέμεις

483 723 604 820 οὐχὶ
627 723 724 801 διὰ
756 723 943 814 λιμόν;
975 741 1095 809 οὐχὶ
1140 739 1229 792 διά
1269 737 1452 805 δῖψος
1494 733 1616 802 οὐχί
1655 731 1744 784 διὰ
1792 728 1994 798 ψῦχοςς
2031 723 2064 795 ἦ

483 841 544 896 οὐ
569 841 659 894 διὰ
699 837 904 900 ταῦτα;
955 831 1096 886 Ἀλλ’
1143 831 1242 884 οὐκ
1285 828 1463 889 ἔστιν,
1505 825 1607 878 οὐκ
1641 823 1786 877 ἔστιν
1815 821 1990 881 οὐδεὶς
2039 820 2069 870 ό

482 933 686 986 τούτων
710 929 998 999 ἀπορήσας
1021 924 1170 978 ποτέ.
1189 919 1557 990 Ἐμϐλέψατε
1575 917 1685 986 γὰρ
1706 917 1792 980 εις
1816 911 2070 981 ἀρχαίας

481 1023 715 1095 γενεὰς,
742 1020 838 1073 καί
873 1018 1030 1072 ιδετε
1053 1032 1068 1046 ο
1116 1016 1208 1079 τίς
1239 1013 1565 1066 ἐπίστευσε
1597 1007 1679 1072 τῷ
1709 1005 1922 1095 Κυρίῳ,
1968 1002 2068 1055 καὶ

481 1093 911 1184 ἐγκατελείφθη
936 1124 954 1172 ;
977 1106 1016 1174 ἢ
1047 1105 1140 1170 τίς
1154 1103 1422 1171 ἤλπισεν
1442 1099 1535 1153 ἐπ’
1563 1097 1768 1158 αὐτὸν,
1794 1093 1895 1148 καί
1923 1108 2066 1146 κατ-

482 1205 763 1274 ῃσχύνθη
791 1217 809 1264 ;
843 1200 938 1254 καὶ⁸
971 1197 1154 1260 πάλιν,
1195 1192 1565 1262 Ἐρϐλέψατε
1599 1191 1687 1254 είς
1734 1185 1808 1241 τὰ
1834 1184 2073 1238 πετεινὰ

485 1296 593 1350 τοῦ
621 1290 904 1360 οὐρανοῦ,
944 1289 1034 1343 ὅτι
1069 1289 1142 1341 οὺ
1172 1284 1536 1352 σπείρουσιν
1567 1279 1712 1335 οὐδὲ
1739 1275 2076 1346 θερίζουσιν

486 1385 630 1456 οὐδὲ
645 1383 1023 1452 συνάγουσιν
1037 1381 1126 1445 είς
1149 1376 1481 1443 ἀποθήκας,
1515 1373 1614 1427 καί
1635 1373 1668 1426 ὸ
1686 1371 1890 1438 Πατὴρ
1909 1367 2078 1438 ὑμῶν

489 1484 522 1534 ό
553 1478 832 1546 οὐράνιος
872 1474 1071 1544 τρέφει
1100 1469 1273 1525 αὐτά.
1320 1467 1524 1522 Οὐδένα
1563 1466 1630 1520 ἂν
1673 1465 1787 1536 έχοι
1828 1481 1914 1526 τις
1942 1464 2073 1533 ήμῖν

488 1568 658 1634 δεῖξαί
696 1583 817 1620 τινα
851 1564 1062 1634 ταχέως
1106 1560 1197 1614 διά
1226 1555 1384 1630 λιμὸν
1406 1559 1502 1612 καὶ
1536 1555 1708 1626 ψῦχος
1733 1553 2072 1608 ἀπολωλότα.

489 1660 647 1722 Τίνος
673 1652 767 1711 οῦν
799 1656 985 1709 ἕνεκεν
1012 1653 1236 1724 τρέμεις
1268 1649 1368 1721 τὴν
1407 1647 1633 1712 πενίαν;
1665 1647 1779 1700 Οὐκ
1816 1645 1961 1715 ἔχεις
1997 1646 2076 1696 εί-

491 1753 632 1804 πεῖν.
677 1750 740 1802 ΕΞ
782 1747 892 1817 γὰρ
944 1746 1199 1814 εὐπορετς
1239 1742 1348 1795 τῶν
1391 1739 1724 1808 ἀναγκαίων,
1769 1737 1822 1790 τί
1871 1737 2071 1805 δήποτε

489 1840 714 1911 τρέμεις
751 1837 956 1907 αὐτήνς
1005 1836 1088 1888 ὅτι
1145 1831 1350 1902 πλῆθος
1397 1831 1498 1884 οὐκ
1543 1829 1658 1882 ἔστι
1691 1844 1772 1882 σοι
1808 1825 2069 1892 οίκετῶν;

492 1928 664 1983 Τοῦτο
695 1925 973 1982 δεσποτῶν
1003 1927 1154 1977 ἐστιν
1189 1920 1590 1990 ἀπαλλαγῆναι,
1613 1917 1774 1972 τοῦτο
1805 1915 2073 1988 μακαριό-

443 2002 446 2006 ’
489 2038 590 2091 της
637 2018 910 2090 διηνεκὴς,
951 2016 1112 2070 τοῦτο
1156 2015 1438 2084 φροντίδος
1477 2009 1778 2081 ἐλευθερία.
1823 2008 1962 2061 Ἀλλ’
1991 2009 2076 2060 ὅτι

491 2111 586 2163 καὶ
615 2108 808 2178 σκεύη,
832 2107 928 2161 καὶ
953 2107 1152 2168 κλῖναι,
1173 2105 1268 2157 καὶ
1296 2102 1504 2156 ἔπιπλα
1523 2101 1624 2153 οὐκ
1647 2098 1796 2152 ἔστιν
1819 2096 1881 2161 ἐξ
1904 2097 2076 2168 ἀργυ-

494 2201 612 2274 ρίου
641 2198 1129 2269 κατεσκευασμένα
1155 2214 1238 2251 σοι
1255 2214 1270 2260 ς
1290 2195 1356 2248 Τί
1373 2195 1483 2266 γάρ
1513 2210 1609 2246 σου
1627 2190 1788 2245 πλέον
1803 2188 1916 2259 ἔχει
1937 2187 2078 2241 κατᾶ

492 2291 591 2362 τὴν
617 2290 918 2344 ἀπόλαυσιν
951 2290 981 2340 ό
1011 2287 1187 2340 ταῦτα
1215 2283 1589 2355 κεκτημένοςς
1632 2280 1822 2335 Οὐδέν·
1857 2278 1928 2331 τά
1967 2277 2078 2347 γὰρ

493 2382 593 2452 τῆς
616 2381 867 2451 χρήσεως
897 2379 1006 2442 ῐσα,
1026 2379 1092 2432 ἀν
1115 2394 1172 2430 τε
1201 2376 1311 2430 ἀπὸ
1331 2375 1556 2444 ταύτης.
1574 2374 1639 2428 ἀν
1665 2389 1724 2425 τε
1745 2372 1841 2424 ἀπ’
1861 2368 2078 2437 ἐκείνης

495 2473 595 2542 τῆς
633 2472 765 2542 ὕλης
897 2469 1041 2524 Ἀλλ’
1073 2469 1154 2522 ότι
1189 2467 1420 2536 φοϐερὸς
1459 2465 1559 2518 οὐκ
1592 2459 1642 2516 εἶ
1668 2464 1781 2526 τοῖῖ
1827 2459 2075 2523 πολλοῖῖῖ

497 2563 645 2634 Μηδὲ
681 2562 863 2632 γένοιό
892 2578 1023 2616 ποτε
1051 2577 1066 2592 ο
1121 2559 1252 2612 ποία
1279 2558 1388 2628 γὰρ
1429 2556 1591 2626 ἡδονὴ
1617 2554 1844 2626 τρέμειν
1872 2553 1966 2605 καὶ
1992 2551 2079 2605 δεμ

494 2653 732 2708 δοικέναι
755 2653 815 2705 σέ
846 2666 1026 2717 τινας;
1079 2649 1196 2704 ἀλλ’
1236 2649 1318 2703 ὅτι
1361 2648 1582 2718 ἑτέρους
1627 2645 1800 2716 φοϐᾖς
1835 2643 1950 2697 ἀλλ’
1978 2644 2082 2696 οὐκ

496 2742 614 2797 εστι
663 2740 963 2813 φοϐηθῆναι
984 2752 1032 2793 ι.
1069 2739 1276 2803 Θέλεις
1327 2736 1436 2807 γάρ
1481 2735 1569 2805 μὴ
1627 2733 1936 2805 φοϐεῖσθαι
1965 2733 2083 2800 τὴν

496 2833 830 2898 ﬂavour;
858 2832 924 2886 τὸ
946 2829 1175 2901 ἀγαθὸν
1207 2829 1389 2892 ποίει,
1416 2827 1513 2881 καὶ
1541 2826 1700 2891 ἕξεις
1725 2824 1980 2881 ἔπαινον
2009 2825 2081 2887 ἐξ

496 2923 709 2994 αὐτῆς.
771 2923 911 2977 Ἀλλ’
939 2924 1023 2977 ὅτι
1055 2917 1518 2992 εὐκαταφρόνητοί
1559 2920 1764 2988 ἐσμεν,
1797 2915 1952 2986 φησὶ,
1987 2915 2084 2968 καὶ

561 3116 593 3147 ⁸
616 3113 903 3178 [Agendum
925 3111 1141 3174 videtur,
1159 3115 1263 3162 ἀλλ’
1282 3113 1410 3162 ἐστιν
1431 3112 1489 3160 σὺ
1515 3111 1620 3170 φοϐ.

1235 348 1292 404 S.
1331 342 1614 402 JOANMS
1649 329 2132 398 CIIRYSOSTOMI
2171 327 2491 384 ARCHIEP.
2527 323 3077 383 CONS'I‘ANTINOP.

3651 325 3757 382 198

2163 447 2298 518 πρὸς
2328 447 2388 500 τὸ
2417 445 2611 499 παθεῖν
2640 445 2854 513 ἕτοιμοι
2901 443 3124 506 κακῶς;
3156 439 3408 494 Μάλιστα
3450 439 3551 511 μὲν
3595 440 3694 510 οὐχ
3724 443 3760 512 ή

2165 540 2326 593 πενία
2351 537 2510 592 τοῦτο
2531 539 2693 595 ποιεῖ.
2726 535 2838 588 ἀλλ’
2869 537 2902 604 ή
2929 534 3118 588 κακία.
3155 533 3312 586 Ἐπεὶ
3346 531 3560 586 πολλῶν
3589 539 3756 604 πενή-

2171 648 2286 684 των
2314 631 2684 702 ἀπραγμόνως
2711 628 2804 681 τὺν
2837 626 3018 681 πάντα
3050 625 3164 696 βίον
3202 624 3520 693 διαγόντων,
3561 622 3762 696 ἄρχον-

2166 737 2287 784 τες,
2338 719 2694 780 πλουτοῦντες
2735 718 2830 771 καὶ
2867 717 3127 770 δυνάσται
3183 715 3400 768 πάντων
3432 714 3762 785 κακούργων

2168 813 2265 865 καὶ
2288 810 2502 881 λῃστῶν
2536 811 2630 863 καὶ
2659 806 3037 878 τυμϐωρύχων
3066 805 3393 874 ἀθλιώτερον
3423 803 3763 874 ἀπήλλαξαν.

2172 902 2350 970 Ὅπερ
2387 900 2494 972 γὰρ
2516 900 2609 952 ἐπὶ
2631 899 2724 952 σοῦ
2749 901 2782 968 ή
2809 899 2995 963 πενία,
3022 896 3179 950 τοῦτο
3197 897 3281 950 ἐπ’
3297 895 3510 948 ἐκείνου
3541 897 3570 948 ό
3597 893 3765 947 πλοῦ·

2167 1008 2259 1054 τος
2289 992 2422 1062 ἔχει.
2448 992 2662 1062 ’Ὠσπερ
2707 991 2816 1060 γάρ
2847 1006 2908 1042 σε
2943 989 3033 1044 διὰ
3074 989 3135 1042 τὸ
3173 986 3632 1058 καταφρονεῖσθαι
3679 988 3767 1038 ὲν-

2169 1083 2342 1137 ταῦθα
2391 1081 2607 1135 ποιοῦσι
2659 1081 2846 1144 κακῶς
2891 1081 2942 1134 οί
2989 1079 3196 1133 κακοῦν
3227 1079 3555 1149 βουλόμενοι·
3594 1076 3768 1140 οὕτως

2171 1175 2381 1228 ἐκεῖνον
2413 1173 2501 1227 διὰ
2547 1172 2610 1226 τδ
2641 1171 2857 1242 φθονεῖν
2905 1171 3001 1225 καὶ
3047 1171 3360 1241 βασκαίνειν
3381 1185 3397 1200 ⁶
3430 1170 3523 1224 καὶ
3563 1171 3767 1242 μᾶλλον

2173 1259 2339 1328 οὗτοι,
2377 1265 2409 1336 ἢ
2441 1266 2654 1318 ἐκεῖνοι·
2691 1264 2896 1335 μᾶλλον
2939 1262 3079 1334 αὐτη
3119 1265 3154 1332 ή
3187 1265 3406 1334 ἀνάγκη
3440 1264 3770 1336 ἰσχυροτέρα

2175 1352 2272 1406 τοῦ
2303 1352 2489 1415 κακῶς
2518 1354 2712 1405 ποιεῖν.
2755 1351 2815 1405 '0
2866 1351 2966 1421 μὲν
3011 1351 3120 1422 γὰρ
3155 1350 3368 1419 φθονῶν
3393 1390 3409 1416 ,
3443 1352 3590 1422 ισχύῖ
3618 1353 3772 1425 πάσῃ

2176 1443 2272 1495 καὶ
2303 1442 2532 1511 δυνάμει
2562 1440 2742 1495 πάντα
2771 1441 3002 1510 πράττει
3025 1477 3042 1502 ,
3081 1442 3110 1494 ό
3149 1440 3206 1494 δὲ
3237 1441 3600 1513 καταφρονῶν
3634 1442 3768 1495 πολ-

2175 1528 2334 1593 λάκις
2371 1530 2466 1582 καὶ
2495 1529 2694 1598 ήλέησε
2746 1528 2838 1582 τὸν
2882 1527 3396 1598 καταφρονούμενον
3420 1545 3438 1561 ·
3474 1530 3571 1584 καὶ
3604 1529 3764 1584 τοῦτο

2177 1617 2311 1671 αὐτὸ
2332 1616 2554 1685 γέγονεν
2569 1615 2717 1686 αὐτῷ
2739 1617 2910 1669 αἴτιον
2932 1615 3278 1685 ἀπαλλαγῆς,
3297 1615 3382 1688 [21
3400 1615 3450 1688 ι]
3478 1618 3540 1670 τὸ
3565 1618 3772 1688 πένητα

2180 1701 2344 1767 εἶναι,
2377 1705 2438 1758 τὸ
2469 1704 2825 1776 μὴδύνασθαι
2855 1703 3001 1774 ἔχειν
3037 1703 3212 1774 ἰσχύν·
3255 1705 3483 1774 Μεγάλα
3533 1723 3591 1759 τε
3636 1724 3772 1760 κατα

2177 1794 2464 1866 ορθώσεις,
2494 1793 2746 1863 λέγοντες
2767 1793 2902 1865 πρὸς
2935 1793 3121 1858 αὐτὸν,
3149 1793 3245 1846 ὲάν
3261 1793 3352 1846 τόν
3377 1794 3524 1848 δεῖνα
3553 1795 3772 1868 ἀνέλῃς,

2178 1880 2274 1934 ἐὰν
2309 1880 2640 1952 ἀποκτείνῃς
2691 1879 2789 1933 ἕνα
2846 1879 3080 1952 πένηταο
3119 1879 3302 1932 πόσων
3348 1880 3449 1934 οὐκ
3490 1880 3773 1954 ἀπολαύσῃ

2181 1965 2431 2037 μισθῶν;
2464 1967 2557 2019 καὶ
2585 1965 2761 2030 οὕτως
2793 1966 2974 2020 αὐτῶν
3005 1966 3096 2019 τὸν
3127 1966 3298 2037 θυμδν
3332 1966 3610 2038 χαλῶμεν.
3648 1969 3776 2022 Ἐπὶ

2177 2057 2234 2109 δὲ
2274 2056 2382 2110 τῶν
2413 2057 2790 2110 πλουτούντων
2813 2056 2841 2108 ό
2873 2056 3072 2125 φθόνος
3099 2057 3408 2128 ἐφέστηκεν
3426 2097 3438 2118 .
3484 2059 3546 2111 οὐ
3575 2058 3776 2127 πρότε-

2182 2160 2271 2215 ρον
2300 2143 2504 2215 λήγων,
2534 2143 2638 2206 ἓως
2662 2141 2728 2198 ἂν
2758 2143 2896 2214 ὅπερ
2929 2142 3175 2213 βούλεται
3203 2145 3530 2217 ἐργάσηται,
3560 2147 3653 2198 καὶ
3683 2146 3776 2200 τὸν

2183 2232 2258 2283 ἰὸν
2311 2232 2476 2305 ἐκχέῃ
2523 2231 2614 2284 τὸν
2649 2229 2837 2284 αὐτοῦ.
2885 2232 3018 2302 Ὁρᾷ
3051 2232 3133 2285 ὅτι
3174 2232 3274 2302 οὐχ
3300 2235 3333 2303 ή
3365 2234 3546 2294 πενία,
3584 2233 3706 2286 οὐδὲ
3745 2235 3776 2286 ό

2182 2318 2414 2384 πλοῦτος
2443 2318 2666 2387 ἀγαθὸν,
2698 2319 2815 2370 ἀλλ’
2846 2321 2878 2389 ἡ
2903 2319 3151 2390 ἡμετέρα
3181 2321 3498 2394 προαίρεσις
3524 2340 3538 2388 ;
3565 2323 3778 2377 Οὐκοῦν

2179 2405 2383 2476 ταύτην
2414 2406 2787 2478 ρυθμίζωμεν,
2822 2407 3029 2477 ταύτην
3074 2407 3420 2478 παιδεύωμεν
3445 2409 3774 2480 φιλοσοφεῖν.

2185 2495 2283 2546 Ἂν
2312 2491 2451 2563 αῦτη
2499 2493 2679 2556 καλῶς
2805 2493 3146 2564 διακειμένη,
3181 2494 3307 2548 οὐτε
3359 2495 3589 2560 πλοῦτος
3628 2499 3779 2567 ἡμᾶς

2182 2579 2434 2634 ἐκϐαλεῖν
2449 2580 2549 2650 τῆς
2582 2579 2858 2649 βασιλείας
2881 2581 3194 2651 δυνήσεται,
3217 2578 3343 2634 οὔτε
3376 2581 3535 2634 πενία
3560 2585 3778 2652 ποιήσει

2182 2667 2406 2721 ἔλαττον
2461 2667 2643 2737 ἔχειν’
2703 2667 2840 2720 ἀλλὰ
2891 2667 3083 2737 πράως
3142 2666 3242 2738 τὴν
3289 2667 3478 2721 πενίαν
3515 2669 3776 2739 οἴσομεν,

2181 2754 2301 2807 οὐδὲ
2365 2755 2447 2817 εἰς
2503 2754 2602 2825 τὴν
2655 2755 2765 2808 τῶν
2829 2753 3137 2824 μελλόντων
3194 2755 3414 2823 ἀγαθῶν
3477 2757 3780 2810 ἀπόλαυσιν

2183 2840 2731 2910 παραϐλαπτόμενοι,
2760 2841 2884 2894 οὐδὲ
2924 2840 3158 2894 ἐνταῦθα
3184 2856 3200 2872 ⁶
3253 2841 3394 2896 ἀλλά
3440 2844 3536 2895 καὶ
3571 2842 3779 2896 τούτων

2183 2927 2594 3000 ἀπολαύσομεν,
2657 2931 2752 2982 καὶ⁵
2798 2929 2910 2982 τῶν
2962 2931 3020 2982 εν
3068 2929 3316 2996 οὐρανοῖς
3374 2930 3778 3002 ἐπιτευξόμεθα

2185 3013 2408 3081 ἀγαθῶν
2433 3029 2448 3043 ⁶
2493 3006 2570 3071 ὧν
2597 3015 2809 3083 γένοιτο
2835 3017 3046 3080 πάντας
3079 3017 3229 3087 ἡμᾶς
3254 3019 3552 3089 ὲπιτυχείν,
3586 3023 3678 3072 καὶ
3709 3020 3782 3073 τά

2191 3099 2346 3170 ἑξῆς.

2006 3571 2247 3627 ΟΜΙΛΙΑ
2291 3573 2357 3627 Γ’.

513 3742 622 3797 Καὶ
663 3743 736 3798 ἐν
778 3744 965 3808 τούτῳ
1003 3743 1208 3813 χαίρω,
1233 3741 1393 3798 ἀλλὰ
1421 3741 1518 3796 καί
1561 3741 1920 3812 χαρήσομαι.
1955 3735 2100 3794 Οῒδα

580 3835 692 3902 τὰρ
733 3835 824 3887 ὅτι
868 3835 1046 3888 τοῦτό
1086 3852 1190 3903 μοι
1235 3835 1607 3904 ἀποϐήσεται
1651 3835 1739 3899 εις
1788 3831 2102 3898 σωτηρίαν

581 3922 682 3976 διὰ
726 3923 837 3993 τῆς
875 3923 1039 3994 ὑμῶν
1083 3924 1367 3990 δεήσεως,
1413 3924 1511 3977 καὶ
1566 3922 1955 3992 ἐπιχορηγίας
1992 3919 2100 3974 τοῦ

590 4016 933 4084 Πνεύματος
990 4014 1184 4082 Ἰησοῦ
1227 4011 1489 4081 Χριστοῦ
1515 4053 1532 4078 ,
1590 4012 1742 4065 κατὰ
1797 4011 1914 4077 τὴν
1951 4010 2101 4064 ἀπο-

585 4107 954 4175 καραδοκίαν
1013 4105 1114 4159 και
1153 4104 1372 4159 ἐλπίδα
1420 4121 1578 4173 μου,
1629 4101 1719 4156 ὅτι
1775 4102 1846 4156 ἐν
1898 4100 2098 4156 οὐδενί

585 4197 1104 4266 αίσχυνθήσομαι,
1147 4195 1286 4250 ἀλλ’
1325 4194 1395 4248 ἐν
1443 4193 1614 4261 πάσῃ
1654 4193 1991 4262 παρρησίᾳ,
2020 4194 2102 4260 ὡς

587 4291 861 4354 πάντοτε,
901 4288 1000 4342 καὶ
1040 4288 1160 4342 νῦν
1195 4284 1716 4356 μεγαλυνθήσεται
1749 4285 2002 4354 Χριστὸς
2031 4285 2102 4338 ἐν

587 4381 668 4447 τῷ
687 4380 917 4449 σώματί
945 4397 1080 4447 μου,
1103 4378 1224 4432 εἴτε
1249 4377 1346 4431 διὰ
1371 4373 1538 4445 ζωῆς,
1554 4378 1675 4430 εἴτε
1692 4377 1790 4432 διὰ
1813 4377 2099 4432 θανάτου.

586 4479 654 4527 α’.
685 4471 797 4542 Τὴν
822 4470 1063 4540 μεγάλην
1088 4469 1183 4522 καὶ
1211 4468 1499 4537 φιλόσοφον
1523 4467 1701 4539 ψυχὴν
1725 4469 1877 4522 οὐδὲν
1907 4468 2016 4522 τῶν
2040 4469 2102 4521 ὲν

517 4559 596 4632 τῷ
615 4560 842 4630 παρόντι
870 4557 969 4628 βίῳ
993 4554 1253 4626 λυπηρῶν
1278 4554 1500 4609 δύναται
1525 4555 1729 4622 δακεῖν,
1763 4555 1864 4610 οὐκ
1887 4556 2098 4628 ἔχθραι,

517 4652 579 4705 οὐ
613 4649 970 4720 κατηγορίαι,
1024 4647 1086 4699 οὐ
1134 4644 1413 4710 διαϐολαὶ,
1455 4645 1516 4698 ού
1557 4645 1824 4710 κίνδυνοι,
1855 4646 1956 4700 οὐκ
1983 4648 2103 4700 ἐπι-

520 4745 729 4802 ϐουλαί.
755 4746 968 4815 ’Ὥσπερ
995 4742 1103 4814 γὰρ
1131 4742 1210 4805 είς
1242 4741 1487 4814 μεγάλην
1514 4741 1638 4794 τινά
1663 4741 1976 4814 ἀκρώρειαν
2003 4761 2102 4797 κα-

518 4835 858 4907 ταφυγοῦσα,
877 4835 1116 4904 ἄληπτος
1139 4832 1304 4886 πᾶσίν
1325 4833 1442 4886 ἐστι
1463 4834 1576 4896 τοῖς
1596 4831 1838 4888 κάτωθεν
1859 4833 2102 4888 ἀνιοῦσιν

521 4928 628 4981 ἀπὸ
653 4929 750 4996 τῆς
776 4927 900 4996 γῆς.
932 4922 1170 4994 Τοιαύτη
1199 4918 1267 4994 ἦν
1297 4923 1332 4995 η
1363 4921 1458 4975 τοῦ
1482 4923 1695 4978 Παύλου
1717 4925 1886 4996 ψυχὴ,
1918 4927 2102 4998 πάσης

521 5018 829 5091 ἀκρωρείας
846 5016 1174 5088 ὑψηλότερον
1196 5015 1360 5068 τόπον
1373 5013 1463 5068 τὸν
1478 5015 1578 5084 τῆς
1596 5014 1910 5084 φιλοσοφίας
1935 5031 2102 5070 κατα-

520 5109 760 5164 λαϐοῦσα
800 5107 900 5179 τῆς
947 5107 1324 5176 πνευματικῆς
1347 5143 1364 5168 ,
1397 5105 1497 5175 τῆς
1529 5105 1699 5168 ὅντως
1751 5105 2096 5175 φιλοσοφίας.

523 5202 604 5254 Τά
638 5200 744 5269 γὰρ
769 5198 879 5251 τῶν
905 5195 1122 5261 ἔξωθεν,
1168 5196 1391 5267 ῥήματα
1427 5196 1585 5267 μόνον
1615 5197 1732 5249 ἐστὶ
1773 5197 1865 5250 καὶ
1895 5197 2101 5251 παίδων

523 5298 834 5369 ἀθύρματα.
885 5291 1026 5346 Ἀλλ’
1059 5292 1121 5345 οὐ
1163 5293 1295 5364 περὶ
1335 5291 1540 5346 τούτων
1573 5291 1731 5360 λόγος
1779 5290 1895 5358 νῦν,
1943 5291 2012 5346 τά
2041 5291 2101 5345 δὲ

525 5387 742 5440 Παύλου
788 5382 1139 5455 φθεγγόμεθα
1185 5382 1343 5447 τέως.
1385 5383 1445 5435 ὐ
1481 5381 1749 5454 μακάριος
1776 5383 1980 5446 ἐκεῖνος
2008 5383 2102 5436 καὶ

522 5478 616 5531 τὸν
665 5477 888 5549 βασιλέα
931 5474 1073 5545 ἔχων
1127 5473 1465 5545 πολεμοῦντα
1510 5473 1692 5542 αὐτῷ,
1745 5473 1884 5544 πρὸς
1927 5473 2102 5545 τούτῳ

525 5565 640 5642 εἶχε
700 5569 793 5623 καὶ
827 5566 1046 5637 ἑτέρους
1090 5566 1318 5640 ἐχθροὺς
1352 5565 1624 5637 διαφόρως
1665 5565 1828 5620 αὐτὸν
1875 5565 2106 5620 λυποῦν·

529 5676 661 5727 τας,
713 5659 807 5714 καὶ
864 5658 1000 5730 μετά
1039 5660 1246 5731 πικρᾶς
1297 5657 1550 5728 διαϐολῆς
1589 5673 1603 5686 ο
1649 5659 1745 5711 καὶ
1801 5660 1854 5711 τί
1902 5673 2109 5729 φησιν;

529 5749 606 5804 Οὐ
637 5749 797 5823 μόνον
826 5747 926 5802 οὐκ
970 5747 1120 5817 ἀλγῶ
1164 5749 1374 5812 τούτοις
1415 5747 1534 5802 οὐδὲ
1587 5747 1930 5817 καταπίπτω,
1967 5747 2109 5804 ἀλλὰ

2201 3739 2296 3791 καὶ
2337 3741 2512 3811 χαίρω
2561 3741 2654 3794 καὶ
2692 3742 3007 3813 χαρήσομαι
3030 3758 3046 3775 ο
3073 3743 3133 3796 οὐ
3181 3742 3320 3814 πρὸς
3357 3743 3568 3816 καιρὸν,
3598 3747 3781 3816 φησὶν,

2199 3827 2314 3882 ἀλλ’
2339 3831 2425 3883 ἀεὶ
2449 3831 2589 3902 ὑπὲρ
2605 3831 2808 3885 τούτων
2833 3834 3168 3904 χαρήσομαι.
3197 3830 3340 3887 Οἶδα
3367 3834 3477 3904 γὰρ
3499 3835 3590 3889 ὅτι
3609 3837 3788 3890 τοῦτό

2196 3937 2296 3990 μοι
2320 3921 2690 3990 ἀποϐήσεται
2726 3925 2815 3989 είς
2847 3926 3152 3992 σωτηρίαν
3177 3923 3275 3995 τὴν
3307 3925 3624 3994 μέλλουσαν.
3660 3928 3786 3990 Πῶς

2201 4013 2311 4081 γὰρ
2331 4011 2428 4064 οὐκ
2452 4012 2808 4084 ἀποϐήσεται,
2835 4015 2964 4068 ὅταν
2996 4013 3090 4067 καὶ
3121 4014 3336 4086 ήέχθρα
3368 4032 3470 4083 μου
3503 4015 3564 4070 τὸ
3590 4017 3787 4088 κήρυγο

2204 4117 2283 4169 μα
2304 4099 2485 4173 ὠφελῇ
2512 4104 2605 4155 κα)⁵
2631 4105 2660 4156 ὁ
2686 4101 2821 4173 πρὸς
2849 4103 2949 4172 ἐμὲ
2973 4103 3168 4174 ζῆλοςς
3203 4106 3306 4156 Διά
3331 4103 3441 4172 τῆς
3461 4103 3630 4174 ὑμῶν
3652 4105 3788 4171 Oeri-

2201 4206 2388 4258 σεως,
2439 4195 2601 4260 φησὶ,
2669 4193 2768 4246 καί
2833 4194 3224 4264 ἐπιχορηγίας
3275 4195 3384 4249 τοῦ
3439 4198 3788 4264 Πνεύματος

2215 4282 2418 4350 Ἰησοῦ
2453 4282 2716 4352 Χριστοῦ
2775 4283 2928 4338 κατὰ
2982 4286 3099 4352 τὴν
3141 4285 3630 4355 ἀποκαραδοκίαν
3687 4289 3786 4341 καί

2201 4373 2422 4428 ἐλπίδα
2448 4392 2589 4444 μου.
2622 4375 2764 4446 Ὅρα
2795 4375 2896 4445 τὴν
2933 4377 3438 4448 ταπεινοφροσύνην
3472 4377 3568 4431 τοῦ
3612 4395 3792 4449 μακα-

2207 4464 2322 4534 ρίου
2360 4464 2546 4520 τούτου
2579 4484 2590 4496 ·
2625 4467 2684 4520 ὲν
2714 4466 2864 4540 [212]
2897 4471 3010 4532 τοῖς
3031 4468 3213 4533 ἄθλοις
3253 4465 3321 4538 ἦν
3365 4470 3786 4541 ἀγωνιζόμενος.

2207 4555 2377 4627 μυρία
2414 4556 2788 4628 κατωρθώκει,
2833 4559 2972 4630 πρὸς
3006 4561 3156 4629 αύτῷ
3190 4560 3270 4630 τῷ
3311 4561 3560 4633 στεφάνῳ
3605 4562 3790 4615 λοιπὸν

2204 4645 2384 4700 ἔκειτο
2407 4662 2422 4677 ·
2453 4646 2663 4711 Παῦλος
2691 4648 2801 4719 γὰρ
2831 4643 2902 4720 ἦν
2933 4664 2948 4678 °
2981 4649 3033 4703 τί
3057 4649 3165 4721 γάρ
3203 4651 3270 4704 ἄν
3300 4667 3384 4714 τις
3414 4651 3559 4704 εἴποι
3584 4651 3788 4717 πλέον;

2204 4738 2299 4792 καὶ
2333 4738 2712 4809 ⁴ιδιλιππησίοις
2741 4741 2965 4813 γράφει,
2993 4741 3075 4796 ὅτι
3105 4742 3204 4796 Διά
3226 4742 3325 4813 τῆς
3357 4741 3512 4812 ὐμῶν
3553 4742 3790 4813 δεήσεως

2203 4830 2440 4900 δύναμαι
2466 4832 2727 4903 σωθῆναι,
2749 4835 2779 4886 ό
2817 4833 2925 4886 ἀπὸ
2949 4834 3162 4904 μυρίων
3203 4833 3646 4904 κατορθωμάτων
3705 4852 3795 4912 κε-

2207 4921 2482 4991 κτημένος
2525 4924 2625 4993 τὴν
2657 4925 2954 4997 σωτηρίαν.
3007 4926 3116 4979 Καὶ
3153 4924 3541 4996 ἐπιχορηγίας
3563 4964 3579 4988 ,
3631 4929 3783 4997 φησι,

2203 5013 2312 5068 τοῦ
2348 5015 2694 5084 Πνεύματος
2734 5016 2938 5084 Ἰησοῦ
2977 5017 3259 5086 Χριστοῦ.
3307 5018 3372 5071 Τί
3413 5020 3582 5084 ἐστιν,
3631 5019 3794 5072 Ἔπιο

2205 5105 2522 5176 χορηγίαςς
2557 5107 2654 5161 Ἂν
2681 5105 2770 5160 διὰ
2804 5107 2911 5160 τῶν
2941 5107 3222 5180 ὑμετέρων
3249 5107 3448 5179 εὐχῶν,
3474 5109 3630 5179 φησι,
3660 5124 3790 5162 κατο

2207 5197 2425 5262 αξιωθῶ
2463 5198 2562 5268 τῆς
2588 5200 2830 5270 χάριτος.
2865 5199 2939 5253 Τὸ
2966 5201 3076 5270 γάρ
3099 5240 3116 5266 ,
3163 5201 3598 5270 Ἐπιχορηγίας,
3633 5201 3792 5255 τοῦτό

2207 5293 2375 5353 ιστιν,
2398 5289 2464 5346 ἀν
2479 5289 2876 5362 ἔπιχορηγηθῇ,
2901 5291 2968 5346 ἂν
2991 5292 3150 5345 πλέον
3172 5292 3392 5364 έπιδοθῇ
3421 5311 3512 5364 μοι
3535 5292 3787 5364 πνεῦμα·

2204 5383 2308 5449 Είς
2340 5382 2678 5450 σωτηρίαν.
2701 5383 2978 5448 τουτέστι,
3029 5383 3129 5456 τὴν
3174 5385 3517 5458 ἀπαλλαγήν,
3564 5389 3658 5440 καὶ
3697 5386 3791 5440 τὸν

2210 5471 2459 5544 παρόντα
2515 5472 2914 5543 διαφεύξομαι,
2963 5474 3041 5540 ώς
3092 5475 3186 5530 τὸν
3246 5476 3464 5546 πρῶτον
3523 5476 3788 5532 κίνδυνον.

2211 5562 2350 5634 Περὶ
2375 5563 2569 5617 τούτου
2616 5563 2726 5634 γάρ
2764 5580 2930 5635 φησιν
2953 5580 2967 5595 ·
3014 5567 3110 5620 Ἐν
3143 5566 3219 5636 τῇ
3253 5567 3454 5637 πρώτῃ
3485 5585 3604 5637 μου
3639 5569 3792 5624 ἀπο·

2211 5653 2389 5724 λοφιᾷ
2413 5652 2614 5720 οὐδείς
2631 5670 2734 5723 μοι
2756 5656 3241 5728 συμπαρεγένετο
3255 5672 3269 5688 ⁸
3289 5658 3376 5728 μὴ
3409 5658 3612 5724 αὐτοῖς
3630 5661 3793 5727 .1011-

2217 5749 2392 5819 σθειη
2414 5765 2429 5782 ο
2459 5749 2598 5806 ἀλλ’
2629 5752 2664 5804 ὀ
2702 5750 2917 5820 Κύριός
2963 5772 3065 5823 μοι
3103 5753 3395 5822 παρέστη,
3437 5754 3535 5806 καὶ
3588 5753 3794 5808 ἐνεδυο
