4170 6488
397 315 509 373 197

396 435 536 491 nihil
560 432 766 490 habent
791 434 812 489 ?
841 431 1150 489 Electiones
1176 432 1306 502 ipsae
1326 440 1381 486 et
1411 431 1535 485 vita:
1563 429 1804 484 insututa
1827 437 1954 482 sunt
1989 468 2004 492 ,

399 545 527 598 quze
571 525 769 582 divites
812 535 867 581 et
914 539 1182 597 pauperes
1226 523 1474 590 faciunt,
1509 538 1616 576 non
1658 521 2005 592 pecuniarum

401 618 739 672 abundantia
772 625 864 672 aut
893 615 1094 688 inopia.
1123 615 1217 672 Vis
1246 624 1303 672 tu
1323 657 1338 683 ,
1372 629 1406 670 ο
1438 629 1640 685 pauper
1665 655 1678 678 ,
1708 610 2014 667 ditescere?

402 713 462 765 Si
497 712 633 766 velis
655 751 669 776 ,
721 710 846 765 licet
888 709 980 764 tibi
1017 727 1031 762 :
1061 723 1221 764 nemo
1245 718 1329 764 est
1351 749 1366 774 ,
1396 709 1486 779 qui
1519 706 1799 778 prohibeat
1831 722 1844 758 :
1877 720 2002 759 con-

404 814 590 858 temne
613 803 798 857 mundi
830 801 1103 871 pecunias,
1140 817 1238 872 pro
1270 800 1440 856 nihilo
1463 801 1582 855 illas
1614 799 1752 854 habe
1781 839 1796 864 ,
1831 805 1890 852 ut
1921 811 2014 852 re-

407 912 541 951 vera
576 895 708 950 nihil
741 907 867 950 sunt
901 938 915 961 ,
963 896 1136 966 abjice
1179 895 1486 950 divitiarum
1526 893 1873 965 cupiditatem
1901 933 1916 957 ,
1960 901 2016 948 et

403 987 587 1041 factus
611 1001 672 1042 es
694 987 849 1041 divcs
900 987 1001 1054 Qui
1029 988 1188 1041 ditari
1223 1004 1331 1042 non
1358 987 1496 1053 vult,
1529 985 1616 1042 hic
1643 997 1724 1041 est
1749 988 1838 1053 qui
1870 986 2010 1040 dita-

408 1088 500 1130 tur
534 1097 546 1132 :
580 1078 671 1147 qui
703 1079 924 1132 minime
969 1079 1080 1132 vult
1128 1079 1180 1132 in
1230 1087 1603 1148 paupertatem
1652 1077 1890 1132 incidere
1920 1119 1933 1138 ,
1969 1077 2014 1131 is

408 1168 620 1222 incidit.
653 1169 786 1223 Nam
819 1179 875 1222 ut
906 1169 949 1223 is
981 1184 1107 1224 vere
1136 1179 1382 1240 :cgrotat,
1410 1169 1682 1240 quietiam
1711 1170 1762 1224 in
1786 1169 2018 1225 sanitate

410 1261 635 1331 languet
663 1275 830 1330 seque
860 1262 1112 1321 afflictat.
1157 1278 1263 1316 non
1313 1263 1404 1317 ille
1443 1261 1532 1332 qui
1562 1262 1811 1316 morbum
1845 1262 2014 1316 nihilo

407 1352 690 1408 dillieilius
727 1355 832 1408 fert
869 1369 1028 1424 quam
1075 1353 1338 1424 integram
1369 1355 1664 1410 sanitatem
1699 1373 1712 1410 :
1748 1356 1816 1408 ita
1850 1355 2013 1409 etiam

407 1460 621 1514 pauper
649 1453 735 1500 est
764 1446 854 1514 qui
886 1455 1262 1516 paupertatem
1291 1448 1434 1502 ferre
1465 1464 1573 1502 non
1608 1457 1784 1518 potest
1810 1491 1824 1513 ,
1856 1459 2019 1519 atque

407 1537 655 1608 undique
682 1535 1032 1592 affluentibus
1057 1538 1261 1593 divitiis
1290 1554 1350 1594 se
1381 1556 1492 1611 prae
1524 1542 1778 1597 omnibus
1811 1558 2016 1613 panpe-

409 1644 530 1682 rem
564 1636 748 1697 putat:
772 1644 877 1682 non
909 1629 996 1684 ille
1023 1630 1113 1698 qui
1141 1639 1511 1700 paupertatem
1539 1633 1790 1688 facillime
1814 1635 2016 1704 ferens,

411 1717 643 1773 hilarius
670 1719 802 1772 vivit
825 1735 986 1788 quam
1016 1719 1209 1776 divites
1230 1739 1242 1775 :
1261 1720 1350 1776 hic
1372 1722 1516 1778 enim
1544 1723 1703 1794 longe
1728 1724 1891 1780 ditior
1914 1733 2016 1780 est.

413 1811 513 1866 Dic
538 1812 683 1866 enim
723 1812 876 1878 mihi,
910 1830 1008 1868 cur
1040 1825 1408 1886 paupertatem
1442 1818 1638 1873 times?
1673 1835 1770 1873 cur
1793 1820 2021 1874 tremis?

409 1919 598 1958 nonne
625 1915 843 1974 propter
875 1906 1031 1960 famis
1061 1908 1396 1977 periculum?
1417 1925 1596 1965 nonne
1627 1921 1845 1980 prapter
1875 1913 2020 1981 peri-

413 1996 600 2049 culum
647 1997 763 2051 sitis
807 2006 861 2052 et
911 1997 1166 2068 frigoris?
1198 2015 1377 2055 nonne
1421 2001 1491 2055 ob
1535 2001 1669 2056 alias
1714 2002 2018 2072 hujusmodi

417 2088 653 2142 causas?
683 2089 749 2142 At
779 2104 962 2151 nemo,
997 2106 1174 2154 nemo,
1211 2091 1451 2161 inquam,
1481 2104 1584 2160 est,
1609 2095 1698 2166 qui
1733 2096 1784 2150 in
1819 2105 2018 2150 tantam

418 2181 656 2252 inopiam
686 2182 942 2238 redactus
978 2183 1070 2236 sit.
1118 2183 1374 2254 Respicite
1411 2187 1556 2241 enim
1589 2187 1641 2240 in
1669 2189 1904 2258 antiquas
1932 2204 2020 2259 ge-

412 2281 707 2334 nerationes
736 2321 752 2344 ,
793 2291 842 2334 et
863 2280 1028 2334 videte
1061 2295 1080 2334 :
1104 2281 1219 2350 quis
1245 2281 1459 2336 credidit
1485 2281 1595 2335 Deo
1625 2322 1640 2346 ,
1679 2292 1724 2336 et
1754 2282 2022 2338 derelictus

409 2381 488 2427 est
515 2374 542 2426 Ρ
567 2371 648 2426 vel
673 2375 786 2440 quis
814 2375 1034 2441 speravit
1066 2374 1118 2427 in
1149 2374 1281 2443 ipso,
1306 2384 1354 2428 et
1384 2374 1630 2444 confusus
1649 2385 1722 2429 est
1747 2376 1936 2445 (Eccli.
1965 2376 2020 2430 ‘2.

411 2465 556 2531 1|)?
586 2475 639 2517 et
661 2478 874 2527 rursus,
894 2465 1148 2534 Respicite
1169 2465 1396 2519 volatilia
1418 2466 1549 2530 caeli,
1578 2483 1692 2535 qua:
1716 2485 1818 2520 non
1848 2478 2022 2522 serunt

409 2572 578 2624 neque
609 2564 800 2607 metunt
832 2572 992 2620 neque
1026 2568 1338 2628 congregant
1362 2558 1414 2611 in
1446 2561 1649 2624 horrea,
1676 2570 1722 2612 et
1754 2558 1913 2613 Pater
1936 2576 2024 2614 ve-

405 2656 518 2700 ster
543 2647 756 2700 calestis
784 2648 947 2716 pascit
985 2648 1077 2701 illa
1126 2649 1144 2718 (
1173 2647 1362 2704 Matth.
1396 2649 1450 2705 6.
1481 2649 1553 2704 26
1584 2651 1625 2720 ).
1667 2649 1838 2706 Nemo
1867 2651 2024 2708 nobis

407 2739 728 2808 quempiam
761 2738 1082 2808 protulerit,
1124 2741 1214 2811 qui
1243 2741 1357 2796 cito
1388 2742 1530 2798 fame
1570 2753 1662 2798 aut
1694 2744 1894 2813 frigore
1927 2761 2022 2814 pe-

409 2833 610 2886 ricrit:
644 2849 741 2889 cur
793 2849 925 2905 ergo
976 2845 1348 2905 paupertatem
1403 2837 1639 2894 timeas?
1673 2838 1814 2894 Nihil
1856 2840 2023 2898 habes

407 2924 560 2994 quod
594 2926 948 2996 respondeas.
981 2925 1115 2982 Nam
1146 2928 1189 2985 si
1223 2930 1526 2984 necessaria
1555 2929 1647 2984 tibi
1682 2941 1972 3002 suppetunt
2003 2972 2020 2998 ,

410 3032 516 3070 cur
542 3016 778 3086 denique
813 3017 957 3072 illam
995 3020 1199 3074 times?
1231 3021 1374 3090 quod
1405 3037 1509 3076 non
1541 3022 1633 3077 tibi
1667 3023 1821 3079 adest
1853 3023 2024 3080 famu-

410 3107 593 3162 lorum
637 3111 970 3165 multitudo?
1002 3111 1056 3167 Id
1101 3127 1232 3168 vero
1277 3114 1408 3169 nihil
1451 3115 1595 3170 aliud
1626 3127 1711 3172 est
1741 3159 1756 3183 ,
1789 3136 1948 3189 quam
1991 3137 2022 3176 a

409 3199 654 3256 dominis
686 3217 808 3257 csse
837 3204 1062 3258 liberant
1095 3247 1108 3269 ,
1139 3220 1300 3276 quam
1333 3217 1590 3277 perpetua
1620 3211 1863 3279 quwdam
1895 3212 2025 3268 bea-

417 3292 598 3346 titudo
628 3334 641 3352 .
673 3311 833 3362 qnam
866 3312 1118 3350 curarum
1149 3297 1389 3353 vacuitas
1412 3309 1468 3354 et
1491 3301 1734 3357 libertas.
1766 3305 1848 3358 An
1881 3307 2022 3374 quod

410 3401 543 3437 \asa
565 3426 582 3449 ,
610 3386 778 3440 lectos
801 3429 816 3450 ,
855 3389 1247 3456 supellectilem
1280 3405 1386 3446 non
1409 3390 1578 3448 habes
1604 3409 1668 3448 ex
1697 3405 1921 3465 argento
1944 3397 2026 3450 fa-

411 3477 714 3532 brefacta?
755 3481 820 3533 Et
871 3480 1000 3549 quid
1052 3482 1171 3549 plus
1221 3482 1382 3538 habet
1430 3500 1589 3554 quam
1638 3494 1691 3539 tu
1724 3527 1739 3552 ,
1773 3488 1914 3556 quod
1957 3488 2022 3542 ad

411 3567 703 3624 fruendum
729 3572 984 3640 pertinet,
1017 3573 1060 3627 is
1087 3577 1171 3627 cui
1201 3575 1300 3628 ista
1332 3585 1621 3644 suppetunt
1646 3576 1670 3628 ?
1692 3575 1833 3632 Nihil
1857 3596 1870 3633 :
1898 3594 2027 3636 usus

415 3667 568 3720 cuin.
603 3666 740 3720 idem
766 3676 873 3730 Col,
909 3667 1027 3721 sive
1053 3685 1117 3722 ex
1145 3667 1245 3724 hac
1275 3670 1390 3725 sive
1419 3686 1486 3726 ex
1517 3671 1604 3725 illa
1634 3673 1859 3728 materia
1889 3690 2024 3730 eon-

411 3793 3120 3818 rw...“

1305 311 1368 370 IN
1410 309 1628 368 EPnS'I‘.
1671 308 1761 364 AD
1802 304 2069 363 PIIIIJPI’
2132 304 2287 360 CAP.
2331 304 2370 362 ἰ.
2415 305 2647 363 IIOMIL.
2693 306 2781 363 Ill.

3611 307 3718 368 198

2121 433 2288 478 stent.
2322 425 2404 479 An
2434 425 2578 494 quod
2608 425 2790 482 tnultis
2820 441 2927 480 non
2963 441 3021 482 es
3062 429 3255 484 terrori
3282 430 3303 482 ἱ)
3347 427 3499 484 Absit
3525 469 3540 494 ,
3574 439 3632 484 ut
3661 431 3715 487 Id

2125 519 2218 573 tibi
2249 535 2500 588 umquam
2532 523 2747 575 eveniat
2774 538 2787 574 :
2815 536 2935 592 qua:
2984 521 3129 577 enim
3163 523 3410 592 voluptas
3435 565 3450 589 ,
3477 538 3598 579 esse
3629 541 3722 594 qui

2126 622 2178 668 te
2217 622 2460 667 metuant
2494 629 2558 667 ac
2599 613 2931 671 formident?
2960 615 3039 669 An
3072 614 3216 685 quod
3243 615 3380 671 alios
3411 615 3670 672 formidas
3700 618 3724 672 ?

2124 707 2192 760 At
2221 704 2343 759 licet
2371 721 2478 758 non
2508 705 2820 761 formidare.
2875 705 2962 761 Vis
2988 708 3134 762 enim
3167 724 3269 760 non
3293 709 3469 763 timere
3495 719 3726 778 potesta-

2127 808 2225 851 tem
2256 799 2281 852 ?
2307 799 2494 852 bonum
2524 802 2627 870 fac,
2660 810 2710 853 et
2743 799 2947 854 habebis
2975 802 3181 856 laudem
3204 818 3267 856 ea:
3294 801 3386 855 illa
3416 801 3596 870 (Rom.
3626 804 3718 859 13.

2124 893 2201 959 5).
2228 893 2297 946 At
2321 890 2466 947 enim
2496 891 2633 946 dicis
2657 933 2671 955 ,
2701 891 2879 946 Facile
2904 895 3302 948 contemnimur
3331 936 3346 958 .
3380 893 3537 950 facile
3565 894 3728 951 malis

2126 984 2394 1039 afficimur
2420 985 2442 1038 ?
2471 984 2726 1051 Quinimo
2757 984 2808 1038 id
2838 986 3176 1054 potissimum
3210 986 3334 1041 facit
3362 987 3680 1057 improbitas
3707 1029 3724 1054 ,

2127 1092 2234 1132 non
2291 1088 2602 1147 paupertas.
2657 1079 2871 1134 Etenim
2927 1094 3050 1134 cum
3105 1079 3257 1134 multi
3324 1096 3588 1151 pauperes
3641 1081 3725 1137 vi-

2129 1179 2235 1225 tam
2281 1180 2442 1240 agant
2481 1171 2599 1225 sine
2645 1171 2934 1236 molestia;
2973 1187 3078 1224 non
3124 1171 3414 1226 defuerunt
3449 1173 3725 1243 principes

2126 1263 2464 1319 abundantes
2485 1263 2710 1330 divitiis,
2740 1278 2805 1318 ac
2826 1261 3091 1334 dynastze,
3120 1265 3207 1333 qui
3236 1263 3425 1333 quovis
3447 1263 3725 1319 faciuoro~

2127 1372 2224 1422 so,
2259 1356 2469 1410 latrone
2498 1365 2551 1410 et
2579 1355 2955 1426 sepulcrorum
3002 1355 3265 1411 elfossore
3295 1354 3534 1410 deterius
3579 1356 3727 1410 mul-

2129 1449 2224 1502 tati
2257 1449 2649 1505 discesserunt.
2684 1447 2837 1514 Quod
2865 1448 3014 1502 enim
3051 1447 3102 1501 in
3135 1457 3186 1501 te
3217 1458 3507 1517 paupertas
3531 1488 3546 1513 ,
3597 1447 3648 1501 id
3674 1447 3727 1502 in

2128 1541 2217 1594 illo
2242 1539 2445 1595 divitia:
2482 1540 2704 1595 faciunt.
2736 1540 2870 1597 Nam
2911 1540 3000 1611 qui
3047 1541 3365 1596 malefacere
3409 1540 3639 1605 volunt,
3671 1549 3731 1595 ut

2129 1633 2224 1686 tibi
2255 1649 2320 1687 ex
2349 1641 2686 1701 contemptu,
2713 1633 2784 1686 ita
2813 1631 2966 1686 diviti
2994 1647 3058 1686 ex
3091 1631 3290 1686 invidia
3317 1640 3371 1687 et
3405 1632 3576 1686 livore
3607 1648 3726 1685 ma-

2128 1725 2423 1790 lefaciant;
2453 1734 2616 1794 atque
2639 1725 2808 1795 magis
2833 1724 2994 1779 invidi
3026 1740 3185 1794 quam
3213 1724 3441 1780 malefici
3466 1742 3478 1778 :
3499 1724 3554 1778 hi
3583 1725 3729 1780 enim

2128 1820 2388 1875 validiore
2422 1819 2628 1889 impetu
2656 1819 2722 1874 ad
2755 1818 3203 1874 malefaciendum
3229 1818 3602 1887 impelluntur.
3627 1818 3727 1874 Et-

2129 1914 2273 1969 enim
2305 1913 2395 1983 qui
2424 1912 2648 1978 invidet,
2676 1927 2894 1968 onmem
2920 1912 3083 1966 animi
3114 1911 3221 1966 vim
3254 1921 3311 1967 et
3342 1911 3650 1967 facultatem
3676 1912 3729 1966 in

2129 2006 2339 2077 agendo
2365 2005 2586 2061 adhibet
2619 2022 2632 2058 :
2667 2013 2723 2060 at
2749 2003 2840 2075 qui
2868 2005 3186 2070 contemnit,
3215 2019 3362 2074 saepe
3395 2003 3559 2060 etiam
3586 2002 3730 2060 illius

2129 2113 2291 2168 quem
2319 2097 2620 2153 contemnit
2649 2096 2982 2162 miseretur;
3014 2104 3177 2165 atque
3220 2094 3324 2151 hoc
3356 2096 3532 2167 ipsum
3563 2110 3728 2150 causa

2132 2191 2206 2245 illi
2239 2190 2427 2245 salutis
2457 2190 2575 2253 fuit,
2605 2203 2919 2258 pauperem,
2945 2188 3186 2256 inquam,
3205 2202 3348 2253 esse,
3369 2188 3499 2242 nihil
3530 2187 3733 2242 habere

2131 2284 2350 2339 virium.
2382 2283 2457 2338 Ita
2483 2283 2628 2338 enim
2659 2282 2920 2337 adversus
2946 2297 3068 2334 eum
3093 2280 3184 2350 qui
3209 2281 3433 2351 pauperi
3458 2281 3726 2340 imminet.

2130 2377 2314 2432 dicere
2342 2376 2486 2430 soliti
2509 2389 2730 2429 sumus:
2756 2373 3003 2443 Magnum
3036 2387 3164 2428 vero
3189 2371 3442 2442 quiddam
3465 2370 3732 2434 effeceris,

2130 2472 2175 2524 si
2204 2468 2348 2524 hunc
2374 2467 2660 2523 sustuleris
2685 2507 2701 2533 ,
2735 2466 2779 2522 si
2813 2480 3106 2536 pauperem
3135 2479 3303 2518 unum
3339 2461 3680 2518 interfeceris
3711 2480 3725 2515 :

2131 2578 2198 2618 en
2230 2571 2432 2631 quanta
2468 2571 2525 2616 et
2567 2575 2728 2628 quam
2757 2558 2937 2628 ampla
2965 2557 3317 2627 consequeris
3347 2556 3568 2626 przcmia
3601 2572 3614 2610 :
3645 2565 3722 2608 at-

2130 2669 2237 2724 que
2260 2654 2342 2707 his
2372 2651 2550 2708 verbis
2581 2650 2819 2705 furorem
2849 2650 2991 2704 illius
3013 2648 3350 2703 cohibcmus.
3373 2647 3442 2701 At
3471 2645 3734 2700 adversus

2131 2744 2328 2800 divites
2346 2742 2544 2798 invidia
2569 2741 2642 2796 ita
2665 2739 2914 2809 insurgit,
2948 2750 3005 2794 ut
3027 2755 3133 2793 non
3161 2748 3287 2792 ante
3311 2737 3544 2803 desinat,
3572 2751 3734 2807 quam

2131 2835 2275 2908 quod
2320 2835 2433 2889 vult
2474 2833 2754 2898 effecerit,
2790 2845 3056 2899 suumque
3103 2845 3369 2884 venenum
3398 2828 3730 2883 cvomuerit.

2091 2953 2095 2957 Α
2134 2927 2298 2983 Vides
2331 2943 2438 2982 non
2484 2927 2535 2979 in
2567 2931 2884 2996 paupertate
2917 2931 3007 2976 aut
3033 2921 3236 2976 divitiis
3267 2921 3424 2975 sitam
3457 2935 3578 2974 esse
3610 2918 3735 2973 boni

2131 3031 2380 3078 naturam
2416 3060 2432 3085 ,
2465 3017 2559 3074 sed
2604 3018 2656 3072 in
2691 3027 2882 3071 nostro
2909 3015 3181 3070 arbitrio?
3212 3013 3364 3070 lIanc
3399 3013 3560 3083 igitur
3587 3028 3737 3067 com.

2131 3127 2419 3184 ponamus,
2442 3110 2839 3178 doceamnsque
2867 3104 3255 3177 philosOphari.
3283 3105 3338 3160 Si
3372 3104 3488 3159 luce
3515 3105 3651 3160 bene
3677 3118 3739 3159 se

2135 3206 2404 3269 habuerit,
2434 3218 2609 3273 neque
2633 3201 2840 3256 divitia:
2869 3215 2969 3254 nos
2989 3198 3279 3254 excludere
3309 3214 3337 3252 a
3380 3211 3548 3267 regno
3579 3207 3737 3265 pote-

2133 3311 2298 3361 runt,
2338 3313 2438 3352 nec
2484 3295 2778 3367 quidquam
2825 3292 2979 3348 nobis
3015 3291 3218 3346 adimet
3261 3299 3589 3361 paupertas;
3637 3288 3736 3342 sed

2133 3407 2289 3461 aequo
2318 3392 2485 3460 ipsam
2511 3389 2747 3444 feremus
2778 3387 2981 3450 animo,
3013 3384 3215 3438 nullum
3249 3399 3312 3437 ex
3342 3398 3404 3435 ea
3437 3381 3736 3435 detrimen-

2135 3495 2244 3538 tum
2277 3494 2369 3537 aut
2397 3483 2463 3535 ad
2496 3481 2674 3534 futura
2708 3479 2846 3531 bona
2880 3474 3280 3546 conscquenda.
3303 3483 3389 3527 aut
3416 3473 3466 3526 in
3499 3472 3598 3525 hac
3629 3472 3732 3524 vita

2136 3586 2518 3645 reportantes;
2551 3572 2645 3628 sed
2677 3581 2728 3627 et
2781 3571 2865 3624 his
2921 3569 3163 3622 fruemur
3206 3578 3258 3620 et
3288 3565 3599 3620 ea-lestibus
3629 3563 3733 3619 illi.»

2134 3672 2403 3743 potiemur
2434 3667 2618 3720 bonis:
2646 3664 2840 3733 quibus
2868 3662 3068 3714 utinam
3103 3660 3249 3730 digni
3275 3657 3595 3723 efficiamur,
3626 3667 3734 3714 etc.

3360 3793 3741 3808 Μ

1841 3881 2179 3945 HOMILIA
2229 3881 2340 3943 IIl.

410 4027 552 4083 Car.
601 4030 651 4081 Ι.
697 4043 744 4078 v.
793 4026 878 4079 I8.
925 4025 989 4079 Et
1011 4026 1062 4079 in
1097 4026 1191 4080 hoc
1224 4026 1442 4096 gaudeo,
1472 4025 1561 4080 sed
1586 4037 1630 4080 et
1660 4026 1908 4094 gaudebo.
1937 4026 2022 4082 I9.

496 4119 622 4172 Scio
668 4118 802 4170 enim
843 4117 963 4184 quia
997 4117 1092 4170 hoc
1130 4115 1254 4170 mihi
1300 4118 1555 4188 proveniet
1601 4118 1668 4170 ad
1695 4116 1914 4171 salutem
1943 4135 2031 4182 per

495 4220 714 4262 vestram
733 4209 1032 4273 orationem,
1057 4217 1104 4262 et
1124 4207 1640 4262 subministratimtem
1665 4207 1892 4278 Spiritus
1904 4208 1936 4261 ,Ι
1944 4226 2031 4262 esu

495 4298 709 4362 Christi,
731 4298 823 4354 20.
853 4299 1131 4354 secundum
1157 4299 1580 4368 exspectationem
1605 4309 1652 4350 et
1678 4316 1818 4367 spem
1847 4316 2030 4361 nteant,

495 4393 620 4464 quia
669 4393 720 4444 in
769 4392 910 4444 nullo
957 4391 1274 4458 confundur,
1325 4390 1414 4444 sed
1441 4392 1493 4443 in
1525 4390 1661 4444 omni
1686 4391 1874 4458 ﬁducia
1903 4391 2032 4443 sicut

497 4500 722 4549 scalper,
757 4492 803 4535 et
846 4499 981 4534 nunc
1014 4480 1425 4550 magni/imbitur
1458 4479 1690 4535 Christus
1730 4481 1782 4534 in
1823 4497 2035 4550 corpore

500 4593 636 4641 meo,
667 4577 768 4629 sive
802 4591 890 4644 per
911 4575 1086 4638 vitam,
1118 4574 1220 4627 sive
1246 4591 1335 4642 per
1363 4582 1595 4630 mortem.

503 4669 557 4722 I.
601 4666 841 4735 Magnam
873 4675 925 4719 ct
960 4664 1384 4734 ιιιιίΙυδΟμΙιίυιιιη
1413 4665 1648 4719 animam
1680 4665 1844 4728 nihil,
1891 4664 2032 4735 quod

423 4764 480 4817 in
515 4761 617 4814 hac
645 4760 750 4814 vita
782 4760 1009 4814 moleste
1040 4758 1268 4825 accidat,
1299 4757 1495 4813 laedere
1527 4767 1702 4827 potest
1733 4778 1744 4812 :
1781 4775 1886 4812 non
1933 4758 2032 4813 ini-

425 4854 673 4921 micitiae,
704 4868 810 4907 non
837 4850 1235 4914 accusationes,
1267 4865 1375 4905 non
1407 4849 1708 4914 ealumniar,
1751 4865 1856 4903 non
1889 4849 2033 4920 peri-

422 4948 574 5012 cula,
607 4961 714 5000 non
744 4943 974 4999 insidiae.
1005 4942 1137 4997 Nam
1170 4941 1393 5012 perinde
1416 4951 1576 5010 atque
1606 4941 1648 4995 si
1681 4940 2033 5010 igexcelsmn

420 5036 700 5108 quoddam
725 5035 922 5090 montis
948 5049 1204 5088 cacumen
1233 5049 1291 5087 se
1323 5033 1606 5103 receperit,
1634 5032 1766 5087 nihil
1793 5031 1859 5086 ad
1891 5033 2034 5087 illam

423 5147 496 5184 ex
531 5130 600 5183 iis
630 5143 750 5198 qua:
787 5126 855 5181 de
886 5125 1144 5180 inferiore
1171 5125 1289 5179 loco
1316 5124 1382 5178 de
1422 5134 1562 5179 terra
1590 5124 1880 5192 jaciuntur,
1913 5137 2036 5192 per-

421 5222 618 5278 venire
642 5227 839 5291 potest.
865 5219 1010 5273 Talis
1032 5227 1148 5273 erat
1175 5217 1323 5271 Pauli
1356 5216 1533 5269 anima
1569 5233 1580 5267 :
1609 5215 1797 5284 quovis
1827 5214 2038 5284 fastigio

422 5316 680 5369 altiorem
715 5311 891 5365 locum
927 5308 1305 5379 prehendcrat,
1339 5307 1513 5361 locum
1542 5306 1893 5376 philosophia:
1927 5306 2036 5370 spi-

423 5408 664 5471 ritualis,
705 5422 846 5460 vera:
874 5402 1250 5473 philosophia.
1280 5400 1415 5456 Nam
1446 5414 1508 5454 ea
1535 5400 1587 5454 in
1619 5399 1818 5469 quibus
1839 5398 2036 5452 ethnici

423 5511 758 5562 versantur,
791 5498 954 5552 verba
985 5505 1194 5550 tantum
1238 5502 1363 5548 sunt
1413 5502 1469 5548 et
1516 5508 1806 5563 puerorum
1863 5491 2035 5545 lusus.

421 5594 636 5649 Verum
661 5592 728 5646 de
760 5589 844 5646 his
869 5606 1011 5644 llllllC
1039 5603 1220 5643 sermo
1247 5603 1352 5640 non
1381 5597 1462 5640 est
1490 5603 1503 5650 ;
1547 5583 1644 5638 sed
1673 5583 1738 5638 de
1771 5583 1920 5638 Pauli
1949 5598 2038 5636 rc-

425 5685 535 5740 Ims
561 5683 725 5738 verba
758 5681 1001 5735 facimus.
1056 5680 1249 5733 Beatus
1291 5678 1380 5732 ille
1423 5688 1476 5732 et
1509 5676 1893 5746 Imperatorem
1938 5673 2038 5728 sibi

429 5775 816 5831 adversantem
865 5770 1127 5828 habebat.
1176 5779 1230 5823 et
1273 5767 1412 5822 alios
1467 5775 1728 5838 prteterea
1763 5763 2032 5832 inimicos,

783 5855 1052 5916 ΡΑτιιοι.
1103 5853 1219 5913 Gn.
1274 5852 1461 5915 LXII.

2139 4025 2228 4096 qni
2285 4023 2445 4078 variis
2496 4030 2552 4076 et
2601 4019 2964 4074 acerbissima:
3016 4015 3298 4071 calumnias
3345 4015 3518 4085 plenis
3567 4015 3742 4069 modis

2142 4121 2315 4187 ipsum
2347 4115 2609 4172 vexabant
2641 4129 2655 4165 :
2684 4097 2888 4182 etquid
2928 4111 3045 4165 ait?
3085 4109 3200 4164 Non
3253 4108 3416 4162 modo
3458 4117 3739 4177 propterea

2144 4229 2248 4266 non
2279 4210 2438 4265 doleo
2468 4221 2643 4277 neque
2671 4205 2852 4259 animo
2878 4202 3106 4257 eoncido
3130 4242 3145 4264 ,
3191 4199 3286 4254 sed
3317 4199 3477 4254 etiam
3508 4198 3740 4269 gaudeo.

2141 4314 2188 4358 et
2222 4301 2468 4372 gaudebo
2510 4315 2523 4352 :
2552 4313 2656 4352 non
2684 4296 2750 4350 ad
2783 4306 3014 4364 tempus,
3042 4292 3237 4361 inquit,
3277 4291 3371 4345 sed
3423 4306 3639 4358 semper
3675 4291 3745 4344 de

2145 4393 2227 4446 bis
2271 4389 2538 4462 gaudebo.
2574 4387 2696 4442 Scio
2740 4386 2875 4438 enim
2920 4385 3041 4453 quia
3082 4384 3176 4436 hoc
3218 4383 3343 4435 mihi
3374 4382 3628 4451 proveniet
3670 4381 3740 4433 ad

2144 4484 2358 4538 salutem
2388 4482 2644 4535 futuram.
2693 4479 2760 4533 Et
2789 4475 3061 4548 quomodo
3093 4489 3197 4529 non
3233 4475 3545 4543 proveniat,
3573 4489 3746 4543 quan-

2143 4575 2215 4629 do
2259 4582 2315 4628 ct
2356 4571 2647 4626 inimicitia:
2693 4579 2748 4624 et
2788 4568 2938 4622 zelus
2982 4566 3268 4621 adversum
3329 4580 3414 4620 me
3465 4573 3748 4633 susceptus

2147 4666 2584 4736 pt'a-dieationetn
2611 4664 2797 4732 juvant
2816 4663 2838 4713 ’ἰ
2868 4661 2966 4714 I’er
2992 4671 3206 4714 vestram
3227 4661 3526 4722 orationem,
3553 4659 3743 4728 inquit.

2147 4771 2192 4813 ct
2238 4757 2758 4814 subministrationem
2804 4754 3030 4821 Spiritus
3072 4751 3197 4806 Jesu
3239 4751 3427 4806 Christi
3464 4751 3742 4805 secundum

2149 4849 2570 4918 exspectationem
2596 4858 2642 4899 et
2669 4863 2808 4914 spem
2841 4862 3020 4898 meam.
3061 4843 3194 4897 Vide
3216 4843 3355 4897 beati
3385 4842 3540 4911 hujus
3572 4841 3748 4895 Immi-

2150 4943 2355 4996 litatcm
2399 4959 2412 4994 :
2455 4940 2506 4993 in
2554 4937 2944 4993 certationibus
2991 4933 3288 4995 laborabat.
3340 4933 3748 4986 innumerabilia

2151 5042 2305 5085 erant
2348 5032 2514 5100 ipsius
2553 5028 2866 5090 benefacta,
2915 5025 3244 5095 jamjamque
3272 5040 3526 5078 coronam
3580 5025 3748 5096 ipsam

2154 5125 2403 5187 tenebat;
2439 5124 2632 5176 I’aulus
2664 5121 2804 5174 enim
2836 5128 2950 5173 erat
2977 5136 2988 5169 :
3026 5134 3146 5170 nam
3177 5116 3300 5185 quid
3335 5119 3507 5183 majus
3529 5116 3630 5169 dici
3655 5133 3753 5185 pn-

2155 5227 2254 5270 test
2281 5217 2303 5267 ?
2329 5231 2390 5267 ac
2432 5225 2606 5266 tmnen
2634 5210 3070 5279 Philippensibus
3097 5207 3162 5261 ad
3195 5208 3336 5261 hunc
3366 5207 3582 5261 modum
3607 5210 3745 5262 St‘l‘l-

2152 5307 2266 5369 bit,
2302 5306 2402 5359 I’er
2435 5313 2665 5357 vestram
2693 5302 2992 5356 orationem
3025 5315 3241 5369 possunt
3283 5301 3510 5354 salutent
3556 5313 3753 5354 conse-

2155 5397 2245 5467 qui
2300 5395 2458 5460 :iIle,
2509 5395 2742 5464 inquam,
2791 5393 2875 5447 cui
2920 5398 3181 5447 sexcenta
3215 5389 3491 5445 benefacta
3528 5390 3754 5444 salutem

2152 5488 2558 5558 comparabant.
2599 5485 2661 5540 Et
2699 5484 3242 5547 subministrationem,
3295 5481 3487 5552 inquit,
3532 5481 3761 5551 Spiritus

2156 5580 2282 5635 Jesu
2322 5580 2532 5635 Christi.
2567 5579 2619 5632 ΙιΙ
2668 5591 2750 5633 est
2773 5621 2786 5644 ,
2819 5578 2861 5631 si
2916 5593 3009 5646 per
3038 5585 3245 5630 vestras
3289 5588 3477 5644 preces
3511 5573 3760 5643 dignatus

2153 5671 2304 5727 fuero
2340 5673 2528 5740 gratia.
2567 5669 2674 5724 Vox
2707 5669 2849 5724 enim
2882 5668 3004 5733 ista,
3034 5666 3592 5730 Subministrutionem,
3646 5663 3756 5719 hoc

2155 5765 2451 5834 significat,
2494 5763 2547 5816 Si
2592 5759 3051 5827 sulnninistrctur,
3092 5757 3137 5813 si
3174 5756 3302 5812 mihi
3352 5755 3470 5812 ntus
3516 5753 3755 5828 Spiritus

3311 5835 3386 5897 i3
