4170 6496
489 315 589 374 199

487 437 743 491 tributum
772 431 931 487 fuerit
963 447 977 483 :
1009 428 1074 482 ad
1096 427 1348 489 salutem;
1396 423 1446 478 i.l
1477 431 1590 485 est,
1621 420 1686 474 ad
1728 419 1829 473 hoc
1856 429 1913 473 ut
1942 417 2073 472 libe-

485 546 596 595 rer,
628 538 681 582 et
718 543 782 582 ex
815 523 1062 596 praesenti
1094 518 1329 590 periculo
1361 514 1582 586 perinde
1619 521 1780 581 atque
1807 526 1872 565 ex
1903 510 2076 580 primo

483 623 700 691 eripiar.
731 620 804 673 De
831 618 1002 689 primo
1028 613 1167 667 enim
1190 610 1343 672 dixit,
1378 607 1442 661 In
1467 608 1630 677 prima
1658 622 1769 658 mea
1790 603 2080 672 defensione

485 731 632 769 nemo
662 712 785 766 mihi
825 709 1034 779 adfuit:
1065 721 1164 759 non
1200 703 1303 756 illis
1343 702 1620 770 imputetur
1649 715 1666 751 :
1705 697 1950 750 Dominus
1987 711 2081 748 au—

485 818 583 858 tem
607 804 729 857 ntihi
756 800 969 863 adstitit,
999 806 1044 851 et
1073 794 1378 865 confortavit
1400 807 1478 845 me
1506 791 1586 860 (9..
1615 789 1748 843 Tim.
1775 789 1827 843 4.
1861 784 2075 856 16.17).

483 896 597 950 Hoc
623 894 782 964 igitur
808 901 862 945 et
891 903 1035 944 nunc
1069 885 1384 956 proplictiee
1415 880 1656 953 priedicit
1691 897 1705 936 :
1743 879 1842 933 Per
1862 888 2078 932 vestram

485 986 763 1039 orationem
807 991 853 1036 ct
897 977 1419 1034 subministrationem
1463 973 1694 1043 Spiritus
1737 970 1862 1024 Jesu
1890 969 2079 1024 Christi

483 1077 761 1132 secundum
805 1073 1231 1145 exspectatione»:
1271 1077 1318 1124 ct
1358 1085 1501 1137 spem
1542 1082 1722 1120 meam.
1777 1062 1853 1117 Ita
1892 1061 2034 1116 enim
2059 1101 2073 1125 ,

487 1169 675 1240 inquit,
705 1180 885 1236 spero.
916 1163 1046 1218 Nam
1087 1171 1144 1216 ut
1188 1174 1293 1214 non
1327 1158 1398 1212 ita
1428 1167 1598 1212 totum
1640 1153 2038 1209 committamus
2060 1191 2076 1216 ,

485 1239 770 1330 precibus,
803 1272 924 1326 qum
957 1268 1055 1324 pro
1086 1251 1240 1307 nobis
1267 1248 1585 1312 funduntur,
1618 1255 1675 1300 ιιι
1707 1243 1840 1298 nihil
1872 1241 1972 1311 ipsi
1999 1239 2082 1295 af-

485 1355 722 1407 feramus
747 1365 762 1414 ;
798 1347 919 1402 vide
940 1344 1210 1416 quomodo
1245 1349 1474 1411 exponat
1504 1337 1630 1409 quid
1656 1337 1776 1406 ipse
1799 1333 2036 1388 attulerit
2059 1373 2076 1399 ,

486 1443 741 1496 nimirum
783 1455 934 1510 spem
971 1437 1210 1491 omnium
1261 1434 1522 1487 bonorum
1567 1442 1782 1483 causam
1832 1443 1846 1482 :
1887 1440 2078 1496 quem-

487 1534 775 1590 admodum
809 1529 1070 1601 prOpheta
1100 1527 1289 1598 inquit,
1318 1523 1437 1578 Fiat
1456 1521 1806 1576 misericordia
1829 1529 1938 1583 tua,
1975 1517 2080 1570 Do-

487 1628 641 1692 mine,
660 1641 813 1695 super
837 1639 946 1687 nos,
963 1619 1390 1688 quemadmodum
1415 1614 1728 1686 speravimus
1753 1613 1805 1665 in
1834 1623 1880 1665 te
1906 1610 2075 1681 (Psul.

487 1720 572 1774 52.
593 1719 718 1787 2‘2);
745 1728 799 1771 ut
821 1726 874 1771 et
895 1715 1019 1770 alibi
1035 1714 1190 1778 alius,
1219 1710 1472 1780 Respicite
1488 1710 1539 1761 in
1556 1707 1791 1776 antiquas
1805 1704 2082 1776 generatio-

486 1831 597 1877 nes,
629 1824 675 1866 et
706 1810 904 1865 videte:
946 1809 1057 1878 quis
1086 1805 1303 1877 speravit
1329 1804 1379 1856 in
1406 1801 1648 1866 Domino,
1673 1809 1718 1853 et
1743 1800 1987 1869 confusus
2008 1806 2081 1850 est

488 1904 677 1978 (Eccli.
707 1904 760 1957 2.
792 1900 916 1974 il)?
949 1901 1014 1954 Et
1050 1911 1236 1954 rursus
1275 1896 1462 1950 beatus
1490 1893 1573 1946 hic
1603 1891 1709 1956 ait,
1753 1888 1886 1959 Spes
1914 1897 2083 1942 autem

485 2015 588 2052 non
613 1997 881 2068 confundit
911 1992 1088 2066 (Rom.
1115 1991 1168 2047 5.
1196 1990 1274 2061 5).
1301 1987 1596 2044 Secundum
1633 1984 2079 2052 exspectationem,

488 2091 676 2160 inquit,
699 2098 744 2143 et
767 2104 907 2156 spem
929 2083 1250 2153 meum,un
1275 2083 1329 2134 in
1359 2079 1500 2134 nullo
1525 2076 1833 2148 confundor.
1862 2074 1985 2128 ΙΙωο
2000 2082 2085 2127 est

487 2181 638 2236 l‘auli
669 2194 832 2250 Spes;
879 2191 1098 2248 sperare
1130 2187 1392 2242 nusquam
1418 2184 1476 2224 se
1505 2169 1785 2222 confusum
1816 2165 1900 2219 iri.
1921 2163 2085 2219 Vides

493 2282 754 2343 quantum
785 2270 954 2324 valeat
980 2280 1199 2336 sperare
1244 2264 1297 2318 in
1333 2261 1483 2316 Deo?
1527 2257 1798 2328 Quidquid
1823 2298 1840 2324 ,
1876 2255 2078 2326 inquit,

490 2364 723 2424 eveniat,
772 2375 879 2414 non
924 2355 1224 2414 confundar
1249 2374 1262 2410 :
1291 2352 1346 2408 id
1370 2359 1454 2407 est
1473 2393 1488 2418 ,
1521 2366 1629 2406 non
1657 2349 1714 2404 bi
1749 2363 1836 2403 me
1866 2361 2086 2416 supera-

495 2457 649 2510 bunt.
683 2453 789 2509 Sed
813 2454 866 2504 in
893 2450 1030 2504 omni
1057 2447 1247 2517 ﬁducia
1268 2445 1395 2500 sicut
1417 2458 1637 2512 semper,
1662 2450 1709 2495 et
1732 2455 1864 2494 nunc
1890 2437 2083 2508 magnio

493 2547 728 2615 ﬁcabitur
751 2543 984 2599 Christus
1009 2540 1060 2594 in
1087 2554 1301 2607 corpore
1329 2553 1460 2590 meo.
1495 2533 1795 2605 Sperabam
1838 2531 1910 2586 illi
1957 2531 2084 2586 dolo

493 2653 591 2692 suo
613 2636 776 2691 veluti
811 2635 1003 2702 laqueo
1032 2630 1265 2700 quodam
1299 2627 1402 2682 hoc
1430 2641 1488 2681 se
1515 2624 1736 2681 efﬁcere
1779 2638 1937 2694 posse
1961 2665 1976 2689 ,
2027 2630 2087 2676 ut

497 2731 722 2787 Paulum
757 2725 969 2797 quidem
1011 2739 1042 2778 e
1090 2721 1268 2777 medio
1310 2719 1599 2782 tollerent,
1643 2715 2084 2787 praedicatiOuem

494 2839 626 2880 vero
653 2821 1073 2890 exstinguerent,
1120 2815 1246 2870 dolo
1291 2826 1483 2880 nempe
1521 2824 1619 2865 suo
1645 2807 1990 2880 prmvalente.
2029 2805 2086 2860 Id

497 2919 662 2986 igitur
712 2926 855 2968 nunc
897 2911 1128 2963 futurum
1169 2913 1366 2977 negat:
1401 2903 1516 2958 Non
1555 2916 1716 2968 nunc,
1741 2901 1932 2971 inquit,
1966 2912 2085 2952 mo-
2133 2927 2135 2929 ι

495 3010 634 3073 riar;
669 3003 773 3060 Sed
795 3003 920 3056 sicut
947 3016 1162 3068 semper,
1189 3008 1234 3052 et
1263 3012 1396 3051 nunc
1419 2993 1831 3067 magniﬁcabitur
1853 2992 2087 3046 Christus

493 3103 548 3156 in
579 3113 790 3168 corpore
815 3111 943 3150 meo.
983 3091 1304 3161 Quomodo?
1349 3090 1506 3159 Stepe
1535 3089 1588 3143 in
1615 3087 1852 3158 pericula
1883 3083 2043 3140 incidi
2069 3124 2086 3148 ,

493 3194 549 3248 in
583 3190 775 3262 quibus
803 3187 869 3243 de
911 3186 1068 3241 nobis
1103 3198 1209 3238 non
1239 3181 1401 3236 modo
1427 3178 1556 3247 alii,
1608 3177 1702 3232 sed
1733 3192 1832 3231 nos
1859 3174 1958 3245 ipsi
1989 3173 2087 3228 de-

492 3282 874 3354 sperabamus;
928 3275 1040 3349 Ipsi
1079 3275 1223 3331 enim
1268 3274 1323 3327 in
1368 3268 1741 3339 nobismetipsis
1791 3281 2089 3338 responsum

490 3375 667 3430 mortis
697 3372 964 3427 habuimus
1004 3369 1084 3441 (2.
1118 3367 1238 3422 Cor.
1270 3365 1447 3439 1,9);
1479 3378 1542 3419 ac
1579 3371 1759 3417 tamen
1805 3376 1872 3414 cx
1907 3357 2088 3413 omni-

489 3470 592 3526 bus
620 3481 719 3523 nos
749 3464 946 3535 eripuit
971 3462 1130 3516 Deus.
1177 3458 1254 3514 Ita
1289 3467 1345 3513 et
1375 3471 1517 3511 nunc
1560 3451 1996 3524 magniﬁcabitur
2034 3448 2086 3502 in

490 3575 719 3632 corpore
767 3571 910 3612 meo.
941 3555 1141 3610 Verum
1167 3566 1236 3607 ne
1264 3549 1383 3620 quis
1418 3548 1488 3603 ita
1514 3546 1744 3616 cogitet,
1788 3558 1852 3598 ac
1897 3542 2034 3597 dicat
2067 3557 2086 3596 ;

491 3653 631 3723 Quid
659 3651 704 3708 si
729 3659 784 3705 tu
812 3648 1035 3711 obieris,
1065 3660 1170 3700 non
1195 3636 1654 3713 maguiiieabitur?
1674 3636 1870 3698 Probe.
1895 3633 2086 3703 inquit,

491 3746 617 3803 novi
643 3762 658 3810 ;
710 3752 874 3813 atque
904 3740 1026 3795 ideo
1053 3751 1158 3792 non
1191 3735 1300 3790 dixi
1323 3777 1337 3800 ,
1367 3747 1462 3802 per
1491 3731 1662 3785 solam
1691 3728 1853 3781 vitam
1883 3723 2089 3794 magni-

493 3840 644 3895 ﬁcari
674 3835 982 3898 Dominum,
1025 3834 1120 3886 sed
1148 3825 1328 3883 addidi
1356 3825 1551 3888 etiam,
1585 3821 1686 3876 Per
1707 3826 1935 3872 mortem.
1982 3813 2089 3869 Sed

494 3933 724 3996 interea,
766 3926 960 3998 inquit,
1008 3923 1112 3978 Per
1143 3922 1335 3984 vitam;
1379 3931 1486 3972 non
1528 3913 1673 3969 enim
1725 3927 1813 3965 me
1855 3909 2040 3963 tolli-nt
2074 3929 2087 3962 :

495 4022 640 4093 quod
666 4022 711 4076 si
743 4019 952 4082 tollant,
1003 4012 1360 4070 nihilominus
1391 4008 1460 4061 ita
1484 4005 1647 4063 etiam
1669 4000 2093 4073 magriillcabitur

493 4113 758 4170 Christus.
791 4105 1115 4177 Quomodo?
1143 4103 1246 4158 Per
1271 4101 1434 4155 vitam
1465 4095 1701 4167 quidem,
1727 4093 1978 4163 quoniam
2005 4105 2091 4145 me

492 4205 725 4278 eripuit;
759 4219 857 4274 per
883 4208 1113 4256 mortem
1144 4209 1294 4261 vero,
1327 4191 1585 4263 quoniam
1617 4201 1790 4257 neque
1821 4199 1968 4240 mors
1988 4226 2003 4250 ,
2035 4193 2091 4239 ut

492 4301 644 4357 illum
672 4310 946 4368 negarem,
978 4292 1111 4348 mihi
1143 4285 1432 4361 persuasit.
1461 4283 1728 4353 Quoniam
1757 4280 1847 4336 ille
1883 4287 2088 4334 tantum

495 4393 626 4450 mihi
657 4390 948 4446 alacritatis
977 4385 1198 4456 largitus
1225 4391 1338 4446 est,
1387 4395 1579 4450 meque
1619 4384 1794 4433 morte
1833 4374 2086 4445 superio-

495 4501 611 4542 rem
680 4482 808 4538 fecit
849 4497 863 4534 :
913 4478 986 4534 ibi
1033 4475 1290 4546 quidem,
1337 4470 1593 4541 quoniam
1637 4484 1724 4522 me
1764 4483 1792 4520 a
1843 4465 2093 4536 periculis

497 4574 780 4639 liberavit;
828 4570 917 4625 hic
953 4583 1102 4632 vero,
1135 4565 1389 4637 quoniam
1417 4577 1503 4617 me
1531 4575 1561 4614 a
1592 4559 1782 4614 mortis
1805 4556 2094 4629 tyrannide

500 4675 744 4722 metuere
767 4677 872 4718 non
901 4658 1047 4718 sivit.
1080 4657 1157 4713 lta
1187 4671 1286 4727 per
1316 4653 1477 4708 vitam
1508 4659 1563 4707 et
1591 4657 1819 4706 mortem
1845 4646 2093 4718 magnifi-

498 4759 724 4816 cabitur.

569 4853 628 4910 2.
672 4849 830 4904 Pauli
875 4845 1098 4901 charitas
1126 4852 1173 4898 et
1203 4825 1512 4896 constantia.
1543 4865 1615 4876 —
1640 4833 1767 4890 llaec
1794 4847 1920 4889 vero
1941 4831 2090 4898 dicit,

503 4959 611 4999 non
646 4939 791 5012 quod
833 4945 1061 4994 mortem
1103 4941 1248 4991 esset
1293 4931 1558 4994 obiturus,
1605 4926 1703 4982 sed
1753 4941 1818 4982 ne
1858 4925 1972 4990 illi,
2004 4925 2104 4979 ubi.

505 5042 732 5090 mortem
765 5030 994 5094 obierit,
1027 5027 1260 5080 humana
1288 5019 1533 5090 qumdam
1565 5019 1860 5090 patiantur.
1886 5016 2094 5072 Etenim

504 5143 573 5181 ne
601 5129 852 5196 putarent
892 5129 1164 5188 tamquam
1196 5114 1466 5169 obiturum
1509 5111 1622 5165 Iure
1663 5107 1902 5172 dixisse,
1953 5107 2096 5177 quod

506 5234 698 5290 magna
750 5217 872 5272 illos
929 5210 1248 5281 aigritudine
1299 5206 1604 5268 affecisset;
1668 5202 1786 5257 vide
1827 5200 2098 5271 quomodo

507 5311 763 5366 adhibeat
799 5304 1258 5367 consolationem;
1300 5297 1492 5353 talibus
1523 5310 1686 5366 pr0pe
1716 5293 1894 5348 verbis
1926 5307 2052 5346 usus
2082 5311 2095 5347 :

513 5406 640 5459 ilu3c
681 5409 860 5455 autem
891 5397 1105 5466 loquor,
1137 5392 1329 5462 inquit,
1381 5404 1486 5444 non
1514 5387 1666 5458 quasi
1703 5384 1834 5440 mihi
1866 5385 2100 5437 inoricn-

511 5503 640 5549 dum
669 5491 759 5546 sit.
805 5480 1095 5559 Propterea
1123 5495 1176 5540 et
1208 5484 1260 5538 in
1291 5493 1575 5554 progressu
1605 5477 1692 5532 illa
1720 5475 1981 5544 adjungit,
2033 5472 2099 5525 Et

519 5591 614 5642 hoc
643 5585 904 5655 conﬁdens
926 5582 1054 5646 scio,
1085 5581 1203 5650 quia
1234 5575 1467 5642 manebo,
1509 5585 1555 5629 et
1588 5574 1890 5644 permanebo
1929 5570 2098 5624 omni-

519 5680 615 5732 bus
644 5677 798 5730 vobis.
844 5673 975 5730 illud
1007 5682 1206 5736 autem,
1248 5669 1313 5724 In
1361 5669 1507 5723 nullo
1545 5665 1853 5736 confundor,
1894 5663 1945 5719 id
1978 5671 2096 5728 est,

517 5777 715 5826 nullam
741 5767 868 5824 mihi
899 5767 1274 5840 ignominiam,
1322 5761 1416 5818 sed
1448 5775 1698 5832 magnum
1723 5758 1930 5814 lucrum
1962 5755 2097 5812 all'e-

1285 304 1340 362 S.
1382 302 1658 361 JOANNIS
1693 299 2171 358 CIIRYSOSTOMI
2212 297 2527 358 ARCIIIEP.
2559 297 3095 360 CONSTANTINOP.

3666 295 3773 356 200

2189 426 2270 471 ret
2300 431 2465 472 mors.
2505 415 2720 484 Quare?
2754 415 3078 473 Immortalis
3105 415 3322 488 quidem
3351 416 3573 472 minime
3611 431 3729 472 sum
3755 458 3772 483 ,

2183 507 2278 563 sed
2293 507 2487 563 clarior
2511 522 2607 564 ero
2635 524 2793 578 quam
2817 509 2863 562 si
2889 507 3208 565 immortalis
3222 509 3386 565 etiam
3411 523 3587 565 essem
3623 527 3637 564 :
3664 523 3772 564 non

2183 602 2325 656 enim
2352 617 2451 672 par
2477 601 2593 656 laus
2613 611 2731 666 est,
2761 603 2806 659 si
2835 603 3153 660 immortalis
3179 615 3409 661 mortem
3437 613 3770 670 contemnat,

2183 708 2245 747 ac
2286 693 2332 748 si
2388 693 2650 748 mortalis.
2698 693 3058 762 Quamobrem
3102 696 3206 750 etsi
3248 696 3582 751 moriendum
3630 711 3774 751 nunc

2185 785 2315 840 mihi
2358 795 2542 852 esset,
2586 786 2792 842 nullum
2838 786 2965 842 hinc
3004 787 3240 842 subirem
3269 788 3522 856 dedecus;
3553 803 3770 842 verum.

2185 884 2360 931 tamen
2393 889 2498 930 non
2526 876 2746 931 moriar.
2797 874 2866 930 In
2902 878 3043 931 nullo
3064 879 3389 950 confundor;
3415 894 3588 947 neque
3615 880 3662 933 si
3687 879 3778 934 vi-

2185 981 2326 1033 vam,
2357 982 2530 1036 neque
2560 967 2605 1021 si
2635 968 2836 1022 moriar
2861 986 2872 1021 :
2903 977 3188 1038 utrumque
3228 970 3371 1024 enim
3404 985 3669 1040 generose
3691 970 3772 1024 leo

2185 1075 2321 1125 ram,
2365 1060 2478 1114 sive
2501 1059 2784 1115 vivendum
2807 1103 2823 1128 ,
2852 1062 2966 1117 sive
2995 1062 3336 1117 moriendum
3369 1063 3457 1118 sit.
3493 1062 3722 1118 Pulchre
3753 1078 3770 1119 :

2187 1151 2301 1206 lloc
2329 1151 2639 1206 christiana:
2665 1154 2858 1208 anima:
2885 1163 2986 1208 est.
3022 1153 3130 1209 Sed
3149 1155 3202 1209 in
3231 1156 3389 1222 omni,
3421 1156 3609 1227 inquit,
3635 1156 3774 1225 ﬁdu-

2185 1241 2285 1296 cia.
2311 1240 2473 1297 Yides
2499 1243 2769 1312 quomodo
2797 1259 2902 1299 non
2945 1244 3282 1300 confundar?
3329 1245 3460 1302 Nam
3485 1248 3528 1301 si
3557 1247 3774 1318 quidem

2186 1333 2376 1387 mortis
2404 1336 2565 1389 timor
2591 1351 2766 1390 meam
2793 1337 2924 1392 mihi
2953 1337 3247 1394 ademisset
3271 1339 3540 1402 fiduciam,
3565 1340 3772 1411 puden~

2184 1424 2312 1479 dum
2353 1440 2483 1483 sane
2522 1425 2712 1483 fuisset
2743 1430 2880 1484 mori
2908 1447 2921 1496 ;
2953 1446 3094 1486 nunc
3120 1447 3268 1498 vero,
3295 1449 3416 1488 cum
3451 1434 3537 1488 illa
3569 1436 3774 1505 impen-

2185 1518 2321 1575 dens
2349 1535 2433 1575 me
2464 1520 2595 1576 nihil
2625 1523 2836 1588 terruit,
2866 1524 3069 1577 nullum
3097 1524 3337 1594 profecto
3369 1529 3419 1580 in
3457 1543 3518 1580 ea
3540 1527 3773 1582 dedecus

2185 1619 2329 1665 esset
2383 1610 2490 1665 Sed
2520 1613 2633 1667 sive
2662 1613 2858 1678 vivam,
2890 1629 2957 1668 ex
2989 1615 3096 1670 vita
3125 1630 3231 1670 non
3257 1616 3582 1682 confundar;
3633 1633 3772 1688 prui-

2186 1699 2306 1754 dico
2331 1702 2473 1756 enim
2505 1705 2766 1774 evangelii
2799 1706 3230 1773 prmdicationem
3262 1727 3274 1761 :
3306 1708 3418 1763 sive
3438 1710 3658 1775 moriar,
3704 1725 3772 1765 ex

2189 1803 2360 1847 morte
2391 1809 2494 1848 non
2521 1794 2854 1862 confundur;
2894 1814 2998 1850 non
3026 1799 3170 1853 enim
3207 1811 3420 1854 coercet
3452 1816 3538 1855 me
3568 1802 3728 1856 timor
3755 1818 3769 1866 ;

2187 1886 2430 1940 eamdem
2485 1887 2755 1944 ﬁdentiam
2795 1900 2955 1960 atque
2997 1891 3161 1946 animi
3207 1891 3504 1947 libertatem
3550 1909 3657 1962 prie
3688 1908 3774 1948 me

2188 1977 2320 2033 fero.
2353 1978 2536 2050 Neque
2560 1982 2724 2043 enim,
2757 1981 2898 2052 quod
2928 1983 3263 2038 vinculorum
3295 1986 3622 2039 mentionem
3647 1984 3771 2048 feci,

2189 2085 2302 2124 rem
2333 2072 2487 2124 istam
2528 2080 2736 2142 turpem
2770 2073 2988 2143 putetis.
3027 2073 3321 2128 Tantorum
3353 2075 3480 2129 mihi
3512 2077 3774 2131 bonorum

2189 2179 2349 2216 causa
2382 2165 2592 2218 fuerunt
2620 2207 2635 2230 ,
2659 2175 2713 2218 ut
2743 2166 2955 2220 caeteris
2989 2167 3152 2221 etiam
3177 2168 3412 2221 animum
3443 2166 3773 2234 addiderint,

2188 2271 2296 2326 quo
2340 2257 2626 2310 conﬁdant.
2674 2256 2790 2313 Non
2843 2259 2986 2314 enim
3039 2260 3272 2315 vinctum
3321 2275 3443 2316 esse
3482 2277 3581 2331 pro
3622 2261 3820 2318 Cliri-.

2190 2355 2307 2414 sto,
2338 2347 2434 2403 sed
2467 2349 2798 2404 vinculorum
2842 2361 2985 2405 metu
3015 2351 3244 2421 prodere
3267 2353 3536 2423 quidpiam
3587 2370 3775 2410 eorum

2191 2453 2308 2507 qua:
2336 2439 2531 2494 Chriin
2563 2449 2687 2494 sunt
2713 2481 2728 2506 ,
2758 2441 2809 2496 id
2862 2451 3017 2511 turpe
3047 2452 3129 2497 est
3155 2460 3168 2496 :
3199 2445 3452 2513 quamdiu
3483 2443 3624 2499 istud
3673 2447 3776 2500 mi-

2192 2531 2336 2585 nime
2382 2532 2621 2598 accidet,
2669 2533 3005 2587 fidentiorem
3054 2535 3290 2589 animum
3315 2536 3526 2590 vincula
3556 2534 3776 2592 faciunt.

2191 2621 2306 2676 Non
2323 2624 2575 2692 quoniam
2601 2638 2744 2693 smpe
2770 2640 2833 2678 ex
2864 2625 3114 2693 periculis
3137 2625 3279 2680 evasi
3302 2643 3314 2690 ;
3343 2636 3502 2697 atque
3530 2627 3652 2682 inde
3671 2635 3775 2693 est,

2191 2729 2288 2768 cur
2333 2713 2590 2769 adversus
2635 2714 2876 2770 infideles
2923 2715 3168 2786 glorier:
3202 2717 3246 2771 si
3285 2718 3410 2787 quid
3457 2718 3634 2774 simile
3672 2735 3778 2774 non

2191 2805 2429 2870 accidat,
2457 2807 2565 2874 jam
2597 2822 2692 2861 vos
2721 2805 3008 2875 ignominia
3053 2809 3226 2863 notari
3256 2809 3576 2865 existimetis
3605 2827 3618 2862 :
3648 2825 3771 2864 nam

2192 2907 2246 2951 et
2274 2895 2376 2950 hoc
2400 2898 2560 2950 etiam
2587 2912 2691 2951 non
2721 2899 2898 2952 minus
2921 2897 3073 2952 vobis
3105 2897 3341 2953 fidentia:
3374 2899 3596 2968 praebet,
3620 2914 3780 2971 quam

2195 2989 2340 3043 illud.
2364 2988 2518 3054 Vide,
2547 2990 2816 3059 quomodo
2844 2992 2943 3046 sub
2971 3005 3200 3062 persona
3229 3007 3323 3046 sua
3353 2990 3491 3047 hanc
3515 3008 3632 3048 rem
3659 3008 3783 3064 per-

2195 3089 2386 3134 tractet
2420 3098 2433 3133 :
2484 3080 2626 3150 quod
2667 3088 2722 3135 et
2765 3096 2911 3150 saape
2964 3081 3092 3136 alibi
3137 3081 3285 3148 facit,
3327 3083 3797 3154 quemadmodum.

2192 3186 2317 3241 erga
2350 3169 2639 3236 Romanos,
2675 3169 2797 3225 Non
2833 3173 2967 3226 enim
2996 3171 3234 3228 erubesco
3261 3175 3576 3245 euangelium
3602 3173 3780 3246 (Rom.

2194 3263 2246 3317 1.
2278 3261 2406 3334 16);
2435 3271 2494 3318 ιιι
2521 3279 2644 3334 erga
2671 3264 2979 3320 Corinthios
2998 3307 3012 3329 ,
3065 3263 3193 3321 Hac
3219 3278 3388 3321 autem
3417 3269 3783 3340 transﬁgurari

2192 3357 2244 3411 in
2271 3373 2371 3423 me,
2403 3366 2451 3411 et
2481 3357 2666 3429 Apollo
2685 3359 2762 3428 (Ι.
2790 3357 2907 3413 Cor.
2933 3360 2988 3414 4.
3011 3359 3090 3423 6).
3113 3361 3233 3415 Sive
3262 3378 3350 3430 per
3377 3362 3546 3427 vitam,
3569 3363 3670 3418 sive
3694 3380 3786 3431 per

2193 3457 2423 3502 mortem.
2447 3447 2563 3502 Non
2588 3448 2689 3504 hoc
2715 3449 2876 3504 veluti
2905 3449 3158 3520 ignorans
3187 3451 3316 3506 dicit
3346 3469 3360 3506 :
3394 3463 3614 3508 noverat
3634 3457 3783 3510 enim

2195 3539 2416 3594 minime
2457 3549 2582 3594 tunc
2628 3540 2728 3594 sibi
2775 3541 3109 3594 moriendum
3151 3557 3291 3606 esse,
3321 3543 3415 3597 sed
3452 3545 3503 3598 in
3539 3547 3785 3614 sequenti

2195 3640 2456 3700 tempore,
2481 3641 2714 3685 attamen
2732 3631 2842 3700 jam
2867 3632 3102 3702 ipsorum
3121 3635 3353 3688 animam
3379 3645 3638 3706 pra-parat
3660 3635 3751 3690 :il
3769 3677 3784 3691 .

2197 3721 2329 3775 Mihi
2357 3721 2513 3779 enim.
2538 3721 2725 3790 inquit,
2745 3723 2905 3776 vivere
2926 3722 3234 3790 Christus,et
3250 3726 3378 3777 mori
3403 3727 3621 3779 lucrum.
3649 3726 3785 3782 Nam

2195 3825 2252 3871 et
2297 3814 2594 3881 moriendo,
2639 3816 2827 3885 inquit,
2861 3833 2966 3872 non
3015 3820 3233 3886 moriar,
3275 3822 3437 3875 vitam
3476 3820 3680 3876 habens
3730 3823 3785 3878 in

2195 3912 2420 3981 meipso.
2451 3913 2596 3966 'l‘uuc
2625 3929 2709 3967 me
2735 3914 3097 3979 sustulissent,
3129 3913 3172 3968 si
3207 3928 3302 3984 per
3342 3925 3539 3968 metum
3583 3916 3789 3983 potuis-

2196 4013 2316 4058 seut
2357 4020 2423 4060 ex
2467 4005 2642 4059 anima
2673 4021 2789 4060 mea
2827 4003 2986 4063 ﬁdem
3017 4006 3301 4060 exturbare
3333 4023 3346 4058 :
3374 4005 3626 4075 quamdiu
3656 4021 3793 4062 vero

2195 4096 2437 4152 Christus
2465 4113 2672 4152 mecum
2718 4097 2897 4166 fuerit,
2938 4097 3146 4155 etiamsi
3196 4112 3341 4152 mors
3388 4099 3664 4168 ingruerit,
3701 4101 3793 4152 vi-

2197 4204 2336 4244 vam.
2369 4191 2543 4261 Atque
2590 4191 2641 4244 in
2697 4189 2798 4245 hac
2842 4192 3002 4246 etiam
3049 4192 3176 4257 vita,
3227 4206 3332 4247 non
3384 4190 3485 4245 hoc
3532 4189 3659 4244 mihi
3709 4192 3793 4245 vi-

2195 4297 2320 4338 vere
2346 4293 2447 4349 est,
2483 4281 2575 4338 sed
2612 4281 2876 4339 Christus.
2909 4283 3062 4349 quod
3109 4284 3154 4338 si
3200 4283 3326 4338 dum
3370 4283 3456 4338 hic
3499 4282 3639 4347 vivo,
3677 4298 3792 4339 non

2197 4377 2298 4433 hoc
2340 4378 2470 4432 mihi
2512 4378 2692 4432 vivere
2719 4377 2736 4408 ‘
2769 4395 2782 4432 :
2818 4376 2969 4445 Quod
2998 4392 3111 4431 vero
3138 4393 3292 4441 nunc,
3321 4376 3524 4445 inquit,
3548 4376 3600 4428 in
3631 4391 3796 4432 carne

2196 4471 2324 4535 vivo,
2368 4470 2422 4523 in
2449 4469 2552 4538 ﬁde
2575 4470 2684 4523 vivo
2725 4485 2745 4524 :
2784 4469 2884 4523 hoc
2911 4476 2966 4523 et
2997 4468 3068 4523 ibi
3097 4468 3217 4522 dico
3249 4485 3261 4520 :
3305 4466 3424 4521 Vivo
3464 4480 3631 4520 autem
3668 4468 3794 4538 jmn

2198 4581 2300 4618 non
2326 4579 2437 4634 ego,
2467 4563 2583 4617 vivit
2611 4578 2724 4616 vero
2751 4562 2801 4616 in
2838 4579 2917 4616 me
2944 4561 3174 4616 Christus
3197 4559 3340 4630 (Gul.
3371 4561 3424 4617 9..
3458 4559 3575 4632 20).
3599 4559 3797 4616 Talem

2199 4666 2410 4724 oportet
2436 4655 2801 4711 Christianum
2827 4669 2968 4710 esse.
2994 4652 3111 4708 Non
3143 4653 3286 4719 vivo,
3316 4653 3518 4722 inquit,
3546 4666 3800 4705 commu-

2200 4763 2323 4804 nem
2353 4749 2534 4801 vitam.
2561 4745 2846 4812 Quomodo
2877 4745 3038 4816 igitur
3064 4744 3220 4811 vivis,
3264 4744 3420 4799 beate
3450 4742 3655 4797 Paule?
3679 4758 3802 4798 non

2199 4840 2368 4895 solem
2395 4837 2622 4907 aspicis?
2641 4851 2746 4891 non
2775 4850 3114 4891 communem
3139 4849 3318 4890 aerem
3351 4833 3662 4904 respirando
3691 4833 3806 4888 du-

2200 4929 2322 4984 cis?
2354 4943 2457 4983 non
2484 4927 2677 4984 iisdem
2708 4936 2866 4998 atque
2891 4941 3082 4982 omnes
3111 4925 3382 4981 alimentis
3412 4925 3658 4979 nutriris?
3681 4940 3806 4981 non

2203 5033 2438 5088 terram,
2484 5019 2934 5091 quemadmodum
2979 5036 3078 5075 nos
3119 5019 3372 5085 facimus,
3427 5017 3647 5073 calcas?
3682 5033 3808 5073 non

2201 5113 2374 5169 somni
2403 5113 2566 5183 eges?
2597 5127 2703 5166 non
2731 5113 2956 5166 vestium
2978 5152 2993 5177 ,
3025 5126 3130 5164 non
3159 5109 3505 5164 calceorum?
3542 5107 3680 5175 Quid
3711 5108 3814 5163 di-

2201 5207 2278 5260 cis
2304 5247 2319 5270 ,
2360 5204 2481 5258 Non
2523 5205 2631 5258 vivo
2650 5205 2676 5256 .'
2718 5201 2992 5273 quomodo
3022 5217 3130 5255 non
3159 5199 3339 5254 vivis?
3380 5198 3516 5267 Quid
3544 5198 3644 5252 sibi
3674 5199 3817 5254 vult

2203 5299 2304 5354 iste
2341 5297 2625 5351 verborum
2677 5293 2892 5349 tumor?
2920 5293 3037 5348 Non
3075 5301 3202 5348 sunt
3242 5291 3356 5345 hare
3385 5288 3813 5346 ostentationis.

2204 5393 2414 5448 Etenim
2443 5391 2542 5445 nisi
2571 5403 2658 5444 res
2681 5388 2811 5458 ipsa:
2843 5385 3207 5442 testimonium
3231 5383 3423 5440 darent
3445 5426 3458 5444 ,
3479 5381 3672 5435 merito
3700 5380 3817 5435 illa

2203 5483 2466 5555 quispiam
2511 5479 2706 5534 tumori
2731 5493 2794 5533 ac
2825 5476 3046 5532 vanitati
3073 5475 3403 5530 adscriberet
3444 5491 3458 5528 :
3493 5485 3634 5525 nunc
3665 5485 3822 5526 vero

2270 5640 2285 5704 ξ
2323 5639 2405 5704 t_Iic
2429 5639 2477 5704 in
2493 5636 2666 5704 graeca
2687 5634 2831 5704 serie
2841 5632 3091 5704 quidpiam
3109 5629 3439 5704 desideratur,
3458 5626 3587 5704 quod
3601 5626 3822 5704 sicea-

2205 5701 2370 5762 primit
2392 5698 2606 5762 Nobilius
2631 5711 2642 5744 :
2665 5687 2884 5762 ...._m_ihi
2906 5687 3247 5762 ivitierenaguid
3270 5689 3321 5739 in
3334 5687 3498 5762 altero
3518 5687 3820 5748 saculofu-

2209 5753 2371 5812 "turum
2393 5768 2461 5812 est
2477 5758 2508 5811 Γ
2527 5758 2826 5822 itanuscripti
2851 5756 3000 5807 nostri
3027 5753 3143 5804 nihil
3167 5753 3366 5803 habent.
