4170 6524
529 352 633 412 199

521 465 770 541 γάμωσέ
802 485 900 539 με.
939 467 1113 524 Τοῦτο
1145 468 1276 540 γοῦν
1315 469 1410 524 καὶ
1450 469 1554 549 ’νῦν
1602 469 1707 542 ἤδη
1761 469 2119 542 προφητεύει,

522 571 627 625 Διά
669 569 784 638 τῆς
828 569 1000 640 ὑμῶν
1047 570 1348 639 δεήσεως,
1415 569 1514 624 καὶ
1571 569 1962 640 ἐπιχορηγίας
2017 569 2124 624 τοῦ

519 673 872 742 Πνεύματος
909 671 1114 740 Ἰησοῦ
1134 673 1414 742 Χριστοῦ,
1444 673 1641 743 λέγων,
1667 675 1818 727 κατὰ
1847 672 1961 740 τὴν
1979 674 2127 727 ἀπο-

519 774 896 842 καραδοκίαν
935 776 1036 830 καὶ
1075 764 1298 831 ἐλπίδα
1339 794 1482 846 μου.
1541 775 1700 830 Οῦτω
1751 775 1882 849 γὰρ,
1931 776 2122 847 φησὶν,

518 873 746 938 ἐλπίζω.
776 875 895 928 Ἵνα
916 875 1024 947 γάρ
1051 875 1210 930 πάλιν
1225 877 1386 948 ἡμεῖς
1406 877 1480 949 μὴ
1502 876 1564 930 τὸ
1587 877 1709 930 ὅλον
1744 879 1864 942 ταῖς
1900 878 2124 931 ἐκείνων

519 975 912 1047 ἐπιτρέπωμεν
960 976 1170 1046 εὐχαῖς,
1221 976 1374 1030 αύτοὶ
1410 975 1578 1046 μηδὲν
1605 975 1978 1047 εἰσφέροντες,
2019 977 2121 1047 ὅρα

519 1077 641 1141 πῶς
700 1078 884 1148 τίθησι
939 1077 1002 1130 τὸ
1064 1078 1269 1144 αὑτοῦ,
1329 1078 1429 1148 τὴν
1473 1077 1705 1144 ἐλπίδα,
1744 1077 1843 1150 τὴν
1902 1078 2122 1132 πάντων

520 1179 704 1234 αἰτίαν
756 1178 866 1233 τῶν
921 1177 1174 1247 ἀγαθῶν,
1233 1179 1487 1251 καθάπερ
1531 1180 1560 1233 ό
1609 1180 1896 1252 προφήτης
1944 1180 2117 1250 φησί·

518 1285 570 1337 Γ
571 1282 788 1347 ἐνοιτο,
817 1280 1020 1349 Κύριε,
1053 1280 1120 1334 τὸ
1153 1282 1327 1345 ἔλεός
1359 1294 1477 1336 σου
1500 1279 1594 1350 ἐφ’
1633 1279 1813 1350 ἡμᾶς.
1854 1280 2122 1350 καθάπερ

516 1382 873 1451 ἠλπίσαμεν
913 1379 1014 1434 ἐπὶ
1060 1382 1164 1434 σοί
1184 1395 1196 1408 ·
1239 1379 1493 1451 καθάπερ
1523 1379 1619 1433 καὶ
1652 1379 1881 1452 ἑτέρωθί
1933 1397 2119 1452 φησιν,

531 1479 908 1550 Ἐμόλέψατε
947 1481 1034 1546 εἰς
1067 1479 1324 1548 ἀρχαίας
1371 1477 1616 1547 γενεὰς,
1663 1478 1765 1533 καὶ
1811 1477 1968 1533 ἴδετε
1992 1494 2005 1508 ·
2031 1481 2122 1546 τίς

516 1582 788 1652 ἤλπισεν
826 1579 927 1634 ἐπὶ
965 1581 1207 1648 Κύριον,
1236 1577 1335 1633 καὶ
1363 1579 1799 1647 κατῃσχύνθη;
1837 1579 1932 1633 καὶ
1959 1579 2120 1634 πάλιν

515 1686 546 1738 ὁ
595 1683 870 1757 μακάριος
909 1674 1068 1745 οὗτός
1116 1697 1318 1752 φησιν,
1362 1680 1426 1736 'H
1469 1679 1542 1734 δὲ
1584 1679 1763 1748 ἐλπὶς
1810 1683 1883 1736 οὐ
1925 1698 2123 1737 καται-

515 1787 755 1857 σχύνει.
789 1781 954 1840 Κατὰ
987 1781 1106 1850 τὴν
1138 1781 1654 1850 ἀποκαραδοκίαν,
1695 1780 1850 1851 φησὶ,
1897 1781 1998 1835 καὶ
2024 1781 2123 1836 ἐλ-

516 1886 664 1942 πίδα
681 1903 824 1956 μου,
855 1883 945 1937 ὅτι
978 1883 1049 1937 ἐν
1085 1880 1292 1936 οὐδενὶ
1327 1879 1840 1952 αἰσχυνθήσομαι.
1898 1880 2049 1954 Αὕτη
2085 1883 2118 1954 ἡ

521 1989 616 2044 τοῦ
641 1987 859 2044 Παύλου
891 1985 1072 2051 ἐλπὶς,
1104 1983 1166 2038 τὸ
1195 1983 1457 2049 ἐλπίζειν,
1497 1983 1582 2036 ὅτι
1613 1981 1866 2054 Οὐδαμοῦ
1895 1985 2123 2056 αἰσχυν-

527 2089 778 2161 θήσομαι.
819 2085 984 2157 Ὁρᾷς
1027 2084 1153 2138 ὅσον
1189 2082 1338 2136 ἐστὶν
1383 2059 1764 2146 ἐλπίζεινθέπὶ
1811 2083 1905 2138 τὸν
1951 2083 2117 2150 Θεόν;

521 2187 639 2242 Κάν
660 2186 840 2243 ὁτιοῦν
865 2187 1117 2258 γένηται,
1136 2185 1322 2255 φησὶν,
1353 2184 1454 2238 οὐκ
1469 2184 1932 2258 αἰσχυνθήσομαι⁹
1955 2204 2118 2242 τουτ-

515 2289 696 2354 έστιν,
749 2288 811 2343 ού
839 2287 1190 2361 περιέσονται
1240 2277 1410 2337 οὗτοι.
1452 2283 1607 2339 Ἀλλ’
1641 2284 1713 2338 ἐν
1751 2285 1924 2355 πάσῃ
1967 2289 2118 2358 παῤ-

505 2394 725 2466 ῥησίιι,
760 2389 960 2454 καθὼς
998 2386 1278 2452 πάντοτε,
1322 2384 1422 2439 καὶ
1449 2384 1569 2439 νῦν
1590 2387 2120 2457 μεγαλυνθήσεται

511 2493 769 2565 Χριστὸς
801 2489 967 2557 ἐνεῷ
987 2487 1220 2559 σώματί
1241 2505 1386 2557 μου.
1429 2486 1785 2559 Προσεδόκων
1814 2491 2013 2543 ἐκεῖνοι
2033 2491 2120 2547 διά

509 2597 618 2668 τῆς
667 2593 898 2663 παγίδος
943 2589 1152 2662 ταύτης
1195 2588 1360 2660 δῆθεν
1405 2588 1549 2643 ἐλεῖν
1586 2589 1688 2661 μὲν
1742 2589 1836 2644 τὸν
1881 2591 2116 2661 Παῦλον,

513 2695 847 2751 σϐέννυσθαι
879 2693 936 2747 δὲ
963 2692 1025 2746 τὺ
1074 2693 1362 2764 κήρυγμα,
1396 2691 1474 2756 ὡς
1507 2691 1602 2746 τοῦ
1627 2691 1780 2746 δόλου
1810 2692 1904 2748 τοῦ
1938 2695 2119 2752 αὐτῶν

514 2796 820 2869 ἰσχύοντος.
851 2791 1023 2848 Τοῦτο
1056 2785 1151 2845 οὗν
1181 2807 1368 2862 φησιν,
1402 2788 1484 2845 ὅτι
1513 2791 1629 2845 Ούκ
1659 2789 1813 2846 ἔσται
1840 2791 2018 2860 τοῦτο,
2053 2795 2115 2849 ού

509 2889 613 2948 νῦν
656 2888 1072 2960 ἀποθανοῦμαι·
1117 2886 1270 2942 Ἀλλ’
1306 2887 1388 2954 ὡς
1417 2887 1696 2956 πάντοτε,
1727 2890 1826 2946 καὶ
1859 2892 1978 2948 νῦν
2009 2910 2116 2964 με-

508 2992 971 3064 γαλυνθήσεται
1003 2988 1263 3059 Χριστὸς
1289 2989 1361 3044 ἐν
1388 2988 1469 3056 τῷ
1505 2988 1740 3062 σώματι
1768 3011 1912 3063 μου,
1953 2995 2114 3063 Πῶς;

510 3097 787 3161 Πολλάκις
809 3096 890 3159 εἰς
915 3093 1194 3158 κινδύνους
1214 3094 1493 3160 ἐνέπεσον,
1525 3095 1582 3148 ἐν
1627 3089 1711 3159 οἷς
1745 3097 1948 3163 πάντες
1969 3101 2119 3172 ἡμᾶς

511 3198 928 3272 ἀπηγόρευσαν,
976 3195 1177 3266 μᾶλλον
1228 3193 1286 3248 δὲ
1338 3196 1434 3250 καὶ
1478 3195 1642 3267 ἡμεῖς
1691 3197 1923 3263 ἑαυτούς
1967 3215 1982 3231 ο
2020 3201 2118 3254 Ἐν

508 3300 756 3368 ἑαυτοῖς
783 3299 895 3372 γὰρ
911 3299 978 3353 τὸ
1007 3298 1312 3368 ἀπόκριμα
1333 3297 1439 3353 τοῦ
1458 3298 1722 3354 θανάτου
1742 3300 2112 3371 ἐσχήκαμεν·

509 3406 632 3464 ἀλλ’
660 3407 726 3459 ἐκ
758 3403 978 3458 πάντων
1007 3403 1157 3474 ἡμᾶς
1179 3401 1453 3475 ἐρρύσατο
1479 3403 1508 3455 ὀ
1554 3401 1786 3475 Κύριος.
1835 3402 1996 3458 Οὕτω
2021 3405 2117 3460 καὶ

507 3506 614 3561 νῦν
643 3503 1119 3578 μεγαλυνθήσεται
1159 3503 1220 3556 ἐν
1250 3499 1330 3572 τῷ
1373 3500 1589 3572 σώματί
1643 3519 1770 3573 μου.
1797 3502 1915 3557 Ἵνα
1938 3503 1997 3559 δὲ
2038 3505 2113 3576 μή

508 3621 601 3669 τις
639 3604 840 3677 νομίσῃ
871 3601 967 3656 καὶ
995 3601 1149 3676 εἴπῃ,
1182 3602 1280 3655 Ἂν
1312 3600 1376 3654 σὺ
1411 3600 1714 3675 ἀποθάνῃς,
1745 3601 1806 3655 ού
1842 3602 2114 3674 μεγαλυν-

510 3710 780 3782 θήσεται,
807 3703 936 3774 Ναὶ,
973 3705 1140 3778 φησὶν
1159 3746 1174 3772 ,
1203 3700 1322 3759 οἶδα
1348 3721 1362 3735 ·
1396 3704 1514 3760 ἀλλ’
1543 3705 1606 3759 ού
1633 3705 1723 3760 διὰ
1749 3705 1910 3761 τοῦτο
1941 3707 2118 3774 οὕτως

509 3808 674 3869 εἷπον
695 3851 712 3878 ,
757 3810 844 3865 ὃτι
879 3809 917 3882 ἠ
960 3807 1076 3880 ζωὴ
1106 3807 1247 3878 μόνη
1281 3806 1582 3878 μεγαλυνεῖ
1624 3807 1810 3876 αὑτὸν,
1851 3808 1991 3864 ἀλλά
2019 3811 2116 3865 καὶ⁹

510 3919 546 3971 ό
582 3913 862 3980 θάνατος.
892 3908 1048 3972 Τέως
1086 3907 1181 3975 δὲ,
1226 3906 1331 3962 Διὰ
1362 3907 1543 3979 ζωῆς,
1591 3908 1792 3982 φησιν*
1818 3909 1920 3964 ούκ
1959 3911 2117 3966 ἀναι-

511 4013 674 4090 ροῦσί
706 4030 798 4085 με,
830 4009 968 4066 ἀλλά
989 4009 1085 4064 καὶ
1111 4003 1320 4066 εἰεῖλόν
1348 4025 1437 4081 με,
1468 4010 1562 4063 καὶ
1592 4009 1736 4065 οὓτω
1766 4011 2114 4085 μεγαλυνθή-

509 4130 671 4171 σεται
701 4114 731 4168 ὁ
761 4111 1021 4185 Χριστός.
1050 4109 1212 4176 Πῶς;
1250 4108 1353 4164 Διά
1391 4109 1492 4181 μὲν
1519 4108 1689 4182 ζωῆς,
1719 4111 1802 4166 ὅτι
1835 4111 2072 4180 ἐξείλετο
2097 4129 2114 4146 ο

508 4214 606 4271 διὰ
637 4212 871 4269 θανάτου
912 4211 992 4280 δὲ,
1026 4213 1112 4268 ὅτι
1147 4209 1271 4265 οὐδὲ
1304 4209 1536 4275 Θάνατος
1557 4210 1748 4268 ἐπεισέ
1784 4228 1853 4284 με
1877 4212 2115 4285 ἀρνήσα-

510 4317 643 4372 σθαι
677 4315 861 4370 αὐτόν.
889 4315 1014 4370 Ὅτι
1043 4325 1134 4384 μοι
1149 4311 1425 4384 τοσαύτην
1451 4311 1765 4384 προθυμόιν
1788 4313 2110 4386 ἐχαρίσατο,

506 4425 611 4480 καὶ
638 4421 876 4478 θανάτου
907 4421 1166 4490 ἐποίησεν
1205 4417 1555 4490 ἰσχυρότερον
1590 4434 1606 4449 °
1635 4418 1756 4472 ἐκεῖ
1781 4417 1902 4490 μιν,
1931 4420 2013 4474 ὅτι
2046 4437 2114 4492 με

505 4521 797 4596 ἀπήλλαξε
826 4519 1108 4575 κινδύνων·
1143 4516 1378 4572 ἐνταῦθα
1400 4517 1478 4584 δὲ,
1508 4518 1590 4572 ὅτι
1619 4534 1686 4589 με
1710 4517 1813 4572 οὐκ
1846 4519 1998 4581 εἴασε
2023 4538 2116 4591 φο-

508 4625 752 4698 ϐηθῆναι
776 4621 873 4677 τοῦ
905 4620 1139 4676 θανάτου
1168 4617 1267 4691 τὴν
1295 4618 1608 4690 τυραννίδα.
1643 4617 1804 4672 Οὕτω
1846 4619 2116 4690 μεγαλυν-

506 4730 748 4800 θήσεται
778 4725 868 4781 διά
899 4723 1046 4796 ζωῆς
1071 4722 1168 4777 καὶ
1199 4721 1456 4777 θανάτου.

587 4827 744 4904 [2151
778 4827 846 4900 β’.
877 4824 1066 4880 Ταῦτα
1084 4825 1142 4879 δέ
1163 4823 1333 4894 λέγει,
1353 4824 1454 4896 ούχ
1481 4824 1558 4889 ὡς
1584 4823 1794 4895 μέλλων
1819 4824 2115 4885 ἀποθανεῖ-

506 4931 669 4996 σθαι,
703 4927 822 4984 ἀλλ’
856 4928 988 4982 ὅταν
1019 4924 1293 4998 ἀποθάνῃ,
1326 4923 1415 4979 ἵνα
1447 4924 1615 4996 μηδὲν
1639 4923 1983 4996 ἀνθρώπινον
2016 4924 2118 4980 πά-

501 5035 706 5090 θωσιν.
723 5031 850 5086 Ὅτι
866 5029 976 5102 γάρ
987 5028 1088 5098 ούχ
1101 5026 1178 5090 ὼς
1191 5026 1400 5100 μέλλων
1410 5025 1819 5091 ἀποθανεῖσθαι,
1836 5025 1866 5078 ὃ
1883 5026 2117 5098 μάλιστα

501 5134 716 5198 αὐτοὺς
743 5129 958 5197 ἐλύπει,
988 5127 1164 5183 ταῦτα
1187 5127 1392 5197 ἔλεγεν,
1427 5126 1530 5198 ὅρα
1548 5125 1666 5190 πῶς
1691 5125 1824 5180 αὐτὸ
1851 5143 2114 5200 παραμυ-

499 5237 712 5302 θεῖται,
744 5231 1028 5306 μονονουχὶ
1072 5229 1249 5300 λέγων
1266 5241 1282 5258 ⁹
1317 5227 1506 5284 Ταῦτα
1527 5227 1585 5281 δὲ
1608 5227 1774 5297 λέγω,
1802 5229 1988 5298 φησὶν,
2015 5229 2116 5300 οὐχ

496 5338 589 5401 ὡς
617 5333 1085 5405 ἀποθανούμενος.
1111 5329 1211 5385 Διά
1241 5329 1401 5384 τοῦτο
1433 5330 1684 5400 ἐπήγαγε
1713 5329 1921 5401 προϊών
1957 5344 1972 5361 .
2005 5331 2115 5386 Καὶ

496 5437 694 5495 τοῦτο
713 5433 1014 5499 πεποιθὼς
1057 5427 1192 5485 οἶδα
1212 5430 1300 5484 ὅτι
1320 5427 1505 5500 μενῶ,
1537 5429 1635 5484 καὶ
1664 5430 2116 5502 συμπαραμενῶ

499 5535 708 5595 πᾶσιν
729 5535 892 5606 ὑμῖν.
913 5534 987 5587 Τὸ
999 5533 1078 5598 δὲ,
1095 5532 1194 5586 Ἐν
1208 5529 1412 5586 οὐδενὶ
1429 5530 1938 5602 αἰσχυνθήσομαι,
1956 5532 2116 5587 τοῦτό

498 5647 688 5708 ἐστιν,
707 5640 784 5694 Ού
812 5639 968 5710 φέρει
1011 5653 1103 5707 μοι
1126 5633 1390 5705 αἰσχύνην
1419 5631 1480 5686 τδ
1503 5633 1820 5699 ἀποθανεῖν,
1846 5635 1988 5690 ἀλλά
2020 5636 2116 5690 κοιλ¹

504 5739 666 5814 μέγα
680 5737 891 5808 κέρδος.
933 5740 1032 5792 Διά
1063 5738 1143 5805 τίς
1188 5737 1262 5790 Ού
1287 5737 1395 5809 γὰρ
1415 5735 1683 5800 ἀθάνατός
1703 5736 1840 5806 εἰμι,
1858 5733 1994 5790 ἀλλὰ
2021 5735 2116 5788 καὶ

498 5843 896 5916 καμπρότερος
926 5839 1142 5912 1ἔσομαι,
1171 5838 1204 5910 ἢ
1237 5841 1284 5892 εί
1312 5839 1408 5894 καὶ
1429 5837 1693 5900 ἀθάνατος
1714 5837 1890 5910 ἥμην·
1913 5835 1973 5890 ού
2001 5835 2110 5907 γάρ

1421 354 1484 407 ιλ
1530 351 1751 408 EPIS'I.
1788 356 1880 406 AD
1921 355 2210 409 I'IIILIPP.
2249 355 2402 412 (ΑΡ.
2469 357 2508 415 Ι.
2552 360 2783 418 1103111..
2829 362 2916 420 III.

3711 372 3820 428 200

2231 473 2378 528 ἐστιν
2417 475 2531 531 ἴσον
2565 478 2833 535 ἀθάνατον
2871 481 3002 536 ὄντα
3041 483 3403 554 καταφρονεῖν
3438 480 3690 553 Θανάτου,
3725 491 3822 542 καὶ

2227 576 2440 648 θνητόν.
2465 580 2626 635 ’Ὠστε
2655 581 2777 634 οὐδὲ
2803 582 2960 637 τοῦτο
2980 581 3231 656 αἰσχύνη,
3262 583 3323 638 τὸ
3349 583 3444 639 νῦν
3488 585 3784 642 ἀποθανεῖν
3803 605 3818 619 ⁸

2226 677 2366 748 πλὴν
2389 680 2488 734 ούκ
2521 680 2920 754 ἀποθανοῦμαι.
2953 682 3048 736 Ἑν
3070 683 3273 738 οὐδενὶ
3305 684 3818 755 αἰσχυνθήσομαι.

2223 776 2347 831 οὔτε
2383 779 2439 831 ἐν
2461 779 2538 850 τῷ
2572 781 2690 853 ζῇν,
2728 780 2850 836 οὔτε
2875 784 2932 836 ἐν
2955 782 3033 856 τῷ
3053 783 3344 839 ἀποθανεῖν
3364 825 3379 850 ,
3416 785 3580 857 φησίν
3604 803 3619 817 ο
3649 786 3825 856 ἀμφό-

2225 895 2356 949 τερα
2379 881 2489 952 γὰρ
2515 882 2775 949 γενναίως
2802 883 3032 949 ύποίσω,
3065 884 3176 937 εἴτε
3207 883 3328 957 ζῇν,
3363 885 3475 938 εἴτε
3503 885 3818 940 ἀποθανεῖν.

2225 979 2421 1043 Καλῶς
2447 980 2638 1034 ’τοῦτο
2690 982 3024 1054 Χριστιανῆς
3073 983 3271 1054 ψυχῆς.
3325 984 3478 1037 Ἀλλ’
3517 985 3588 1037 ἐν
3622 983 3816 1052 πάσῃ,

2225 1077 2380 1148 φησι,
2431 1080 2757 1148 παρρησίᾳ.
2823 1081 3021 1153 Ὁρᾷς,
3071 1084 3188 1147 πῶς
3228 1084 3328 1137 οὐκ
3365 1084 3821 1154 αἰσχύνομαιςΕί

2227 1181 2329 1253 μὲν
2367 1164 2475 1252 γὰρ
2510 1182 2540 1232 ὁ
2586 1181 2682 1236 τοῦ
2725 1184 2959 1239 θανάτου
3006 1183 3170 1253 φόϐος
3201 1185 3533 1255 περιέκοπτε
3585 1203 3687 1256 μου
3721 1186 3822 1256 τὴν

2224 1282 2575 1354 παρρησίαν,
2633 1282 2899 1354 αἰσχύνης
2962 1282 3114 1348 ἀξιον
3176 1282 3238 1335 τὸ
3292 1282 3699 1336 ἀποθανεῖνέί
3763 1283 3821 1336 δέ

2222 1380 2378 1434 οὐδὲν
2417 1375 2572 1446 οὗτος
2603 1381 2848 1436 ἐπελθὼν
2903 1383 3192 1454 ἐφόϐησεν,
3230 1382 3330 1437 οὐκ
3364 1381 3594 1454 αἰσχύνη
3630 1381 3819 1435 τοῦτο·

2223 1480 2338 1535 ἀλλ’
2357 1481 2468 1534 εἴτε
2485 1481 2586 1547 ζῶ,
2606 1481 2693 1536 διά
2716 1481 2810 1535 τοῦ
2829 1482 2928 1554 ζῇν
2951 1482 3052 1536 οὐκ
3073 1480 3542 1554 αἰσχυνθήσομαι·
3564 1479 3823 1551 κηρύττω

2222 1584 2332 1655 γάρ
2364 1585 2438 1655 ξτὺ
2475 1586 2770 1656 κήρυγμα·
2803 1585 2911 1638 εἴτε
2953 1584 3233 1648 ἀποθάνω,
3274 1584 3363 1638 διά
3393 1583 3488 1637 τοῦ
3529 1583 3822 1638 ἀποθανεῖν

2223 1688 2323 1741 ούκ
2354 1687 2789 1760 αἰσχυνθήσομαι
2821 1705 2834 1719 ο
2866 1689 2926 1742 ού
2968 1687 3190 1758 κατεῖχέ
3243 1703 3311 1756 με
3343 1684 3454 1756 γάρ
3487 1684 3652 1755 φόϐος
3674 1699 3688 1712 ·
3717 1685 3820 1753 τὴν

2222 1789 2332 1862 γὰρ
2366 1789 2536 1860 αὐτὴν
2563 1789 2881 1862 παρρησίαν
2903 1789 3309 1860 ἐπιδείκνυμαι.
3341 1789 3434 1860 Μὴ
3458 1787 3593 1859 γάρ,
3630 1785 3824 1858 ἐπειδὴ

2221 1889 2400 1962 δεσμά
2414 1885 2589 1956 εἷπον,
2604 1889 2870 1962 αἰσχύνην
2892 1890 2952 1944 τὸ
2969 1891 3204 1962 πρᾶγμα
3222 1889 3508 1960 νομίσητε.
3533 1886 3822 1940 Τοσούτων

2223 1990 2446 2061 ἀγαθῶν
2493 1992 2664 2047 αῖτιόν
2707 2009 2799 2064 μοι
2841 1993 3090 2062 γέγονεν,
3129 1992 3215 2046 ὅτι
3263 1990 3360 2045 καὶ
3396 1989 3610 2060 ἑτέροις
3651 1987 3821 2043 ἔδωκε

2224 2091 2469 2165 θαρρεῖν.
2526 2091 2602 2145 Οὐ
2651 2090 2762 2162 γὰρ
2799 2089 2858 2142 τὸ
2890 2088 3113 2160 δεθῆναι
3156 2087 3245 2142 διὰ
3279 2087 3539 2158 Χριστὸν,
3578 2082 3718 2138 ἀλλά
3758 2085 3828 2138 τὸ

2224 2190 2533 2264 φοϐηθέντα
2553 2190 2624 2245 τὰ
2655 2189 2856 2260 δεσμὰ,
2890 2186 3186 2259 προδοῦναί
3208 2203 3262 2239 τι
3295 2187 3403 2239 τῶν
3432 2183 3524 2238 τοῦ
3553 2181 3820 2254 Χριστοῦ,

2223 2290 2382 2345 τοῦτο
2414 2289 2800 2362 αἰσχύνηοὼς,
2851 2289 2919 2344 ἂν
2957 2287 3119 2343 τοῦτο
3158 2287 3234 2358 μὴ
3273 2285 3330 2359 ᾖ,
3380 2284 3476 2339 καὶ
3503 2281 3822 2354 παρρησίας

2223 2393 2465 2465 πρόξενα
2509 2391 2580 2447 τά
2625 2391 2822 2463 δεσμά.
2881 2390 2975 2462 Μὴ
3025 2388 3217 2458 ἐπειδὴ
3255 2385 3517 2449 πολλάκις
3559 2383 3821 2452 διέφυγον

2223 2494 2507 2558 κινδύνους
2533 2492 2653 2566 (καὶ
2677 2493 2786 2565 ἔχω
2822 2493 2917 2546 ἐπὶ
2937 2490 3151 2555 τούτοις
3177 2487 3486 2560 καυχᾶσθαι
3525 2485 3665 2556 πρὸς
3691 2485 3821 2549 τοὺς

2221 2595 2534 2668 ἀπίστους),
2577 2595 2643 2650 ἂν
2680 2595 2754 2667 μὴ
2790 2593 2972 2666 συμϐῇ
3015 2609 3066 2646 τι
3110 2589 3384 2656 τοιοῦτον,
3425 2588 3525 2659 ἤδη
3569 2585 3821 2656 νομίζετε

2220 2701 2574 2774 αἰσχύνεσθαι
2599 2716 2614 2731 °
2650 2703 2746 2754 καὶ
2787 2699 2897 2770 γὰρ
2932 2698 3028 2751 καὶ
3071 2695 3231 2750 τοῦτο
3266 2695 3367 2764 ούχ
3407 2688 3574 2766 ἦττον
3604 2691 3819 2745 ἐκείνου

2219 2800 2436 2855 δίδωσιν
2459 2799 2588 2871 ὑμῖν
2609 2799 2704 2871 τὴν
2723 2796 3056 2868 παρρησίαν.
3079 2796 3221 2866 Ὅρα
3243 2793 3357 2857 πῶς
3383 2792 3475 2846 ἐπὶ
3497 2791 3592 2846 τοῦ
3615 2791 3822 2861 οἰκείου

2221 2899 2516 2973 προσώπου
2564 2899 2698 2954 αὐτὸ
2739 2899 3012 2970 προάγει·
3042 2897 3181 2968 ὅπερ
3224 2893 3496 2965 πολλαχοῦ
3537 2895 3683 2947 ποιεῖ
3727 2895 3823 2948 καὶ

2219 2998 2480 3071 ἀλλαχοῦ,
2500 2997 2754 3069 καθάπερ
2771 2997 2864 3050 ἐπί
2889 2995 3200 3068 Ῥωμαίων,
3215 2996 3299 3050 Οὐ
3321 2995 3432 3066 γὰρ
3452 2995 3826 3065 ἐπαισχύνο-

2214 3117 2324 3172 μαι
2355 3100 2422 3154 τὸ
2454 3099 2855 3171 Εὐαγγέλιον,
2888 3097 3058 3170 φησί’
3087 3096 3452 3166 καθάπερέπὶ
3475 3093 3784 3163 Κορινθίων
3803 3114 3817 3127 ·

2224 3203 2415 3259 Ταῦτα
2431 3201 2502 3256 δὲ
2510 3199 3008 3272 μετεσχημάτισα
3022 3199 3111 3264 εις
3125 3195 3390 3266 ἐμαυτὸν
3407 3195 3505 3250 καὶ
3533 3194 3819 3251 Ἀπολλώ.

2219 3305 2358 3360 Ehe
2389 3303 2489 3358 διὰ
2525 3300 2678 3371 ζωῆς
2719 3300 2841 3355 εἶτε
2867 3299 2965 3354 διὰ
3003 3297 3290 3355 θανάτου.
3349 3297 3464 3367 Ούχ
3499 3297 3577 3360 ὡς
3607 3297 3821 3366 ἀγνοῶν

2216 3405 2378 3460 τοῦτό
2424 3419 2591 3476 φησιν
2610 3421 2625 3437 ·
2650 3398 2761 3456 οἶδε
2792 3403 2891 3474 μὲν
2914 3401 3044 3471 γὰρ,
3068 3401 3150 3454 ὅτι
3178 3400 3278 3454 ούκ
3299 3397 3654 3454 ἀποθανεῖται
3674 3399 3817 3464 τότε,

2215 3506 2356 3561 ἀλλὰ
2410 3504 2551 3573 μετά
2599 3504 2807 3558 ταῦτα’
2837 3501 2978 3573 πλὴν
3040 3500 3222 3555 αὐτῶν
3295 3499 3820 3572 προπαρασκευάζει

2215 3607 2315 3680 τὴν
2344 3605 2524 3678 ψυχὴν
2558 3605 2688 3678 ἤδη·
2737 3603 2893 3673 Ἐμοὶ
2929 3603 3060 3674 γὰρ,
3099 3601 3255 3674 φησὶ,
3286 3600 3353 3654 τὸ
3386 3599 3498 3668 ζῇν
3536 3600 3819 3666 Χριστὸς,

2215 3709 2398 3764 καὶτὸ
2421 3705 2752 3764 ἀποθανεῖν
2770 3703 3006 3773 κέρδος.
3033 3703 3144 3758 Καὶ
3161 3701 3270 3774 γὰρ
3296 3700 3606 3765 ἀποθανὼν,
3628 3701 3816 3772 φησιν,

2215 3813 2278 3868 ού
2318 3810 2673 3883 τεθνήξομαι,
2722 3809 2823 3879 τὴν
2865 3805 3011 3878 ζωὴν
3037 3805 3176 3877 ἔχων
3203 3805 3261 3857 ἐν
3290 3803 3536 3875 ἐμαυτῷ.
3571 3802 3705 3858 Τότε
3753 3821 3822 3874 με

2216 3913 2428 3970 ἀνεῖλον
2486 3911 2575 3976 ἂν,
2617 3911 2666 3964 εἰ
2714 3909 2944 3979 ῖσχυσαν
2998 3907 3087 3961 διὰ
3123 3903 3219 3960 τοῦ
3271 3905 3438 3975 φόϐου
3478 3907 3582 3977 τὴν
3633 3905 3820 3960 πίστιν

2216 4015 2470 4071 ἐκϐαλεῖν
2494 4013 2595 4084 τῆς
2624 3993 2767 4083 ἐμῆς
2793 4009 2975 4082 ψυχῆς
2996 4026 3008 4038 ο
3042 4009 3149 4072 ἕως
3177 4007 3224 4061 δ’
3249 4007 3316 4062 ἀν
3356 4007 3594 4079 Χριστὸς
3699 4009 3820 4081 μετ’

2217 4119 2377 4193 ἐμοῦ,
2416 4119 2518 4175 κάν
2545 4119 2774 4181 θάνατος
2809 4114 3034 4186 ἐπέλθῃ,
3063 4112 3162 4178 ζῶ.
3193 4113 3304 4167 Καὶ
3333 4115 3392 4166 ἐν
3420 4115 3484 4183 τῇ
3516 4111 3666 4186 [ΞΗ]
3704 4114 3819 4186 ζωῇ

2217 4223 2277 4278 δέ
2310 4222 2482 4292 ταύτῃ
2515 4220 2575 4275 ού
2601 4219 2762 4274 τοῦτό
2791 4217 2909 4272 ἐστί
2949 4233 3052 4287 μου
3076 4215 3136 4269 τὸ
3172 4213 3294 4286 ζῇν,
3340 4212 3476 4267 ἀλλά
3504 4215 3532 4267 ό
3559 4215 3816 4286 Χριστός.

2219 4323 2284 4378 Et
2311 4322 2490 4377 τοίνυν
2519 4321 2643 4376 οὐδὲ
2675 4321 2733 4373 ἐν
2775 4321 2841 4390 τῇ
2869 4316 2984 4389 ζωῇ
3022 4315 3197 4386 ταύτῃ
3228 4312 3395 4368 τοῦτό
3422 4315 3570 4368 ἐστιν
3597 4330 3611 4344 '
3651 4317 3722 4368 "0
3752 4314 3822 4368 δὲ

2217 4422 2338 4477 νῦν
2367 4421 2439 4485 (ὦ
2457 4421 2528 4476 έν
2550 4419 2754 4490 σαρκὶν
2787 4418 2859 4472 ἐν’
2887 4418 3089 4471 πίστει
3111 4411 3186 4476 ζῶ
3208 4430 3222 4445 ⁶
3258 4412 3419 4468 τοῦτο
3452 4415 3610 4468 κάκεῖ
3638 4414 3783 4483 λέγω
3804 4432 3817 4446 ·

2220 4522 2312 4578 Ζῶ
2334 4497 2403 4576 δὲ
2431 4519 2632 4576 οὐκέτι
2651 4517 2788 4589 ἐγὼ,
2814 4515 2883 4587 ζεῖ
2911 4516 2980 4571 δὲ
3005 4516 3077 4571 ἐν
3095 4513 3228 4585 ἐμοὶ
3252 4513 3532 4582 Χριστός.
3561 4513 3821 4569 Τοιοῦτον

2218 4625 2326 4696 χρὴ
2357 4620 2501 4678 εἶναι
2533 4621 2625 4675 τὸν
2656 4616 3006 4691 Χριστιανόν.
3063 4617 3138 4670 υύ
3179 4614 3280 4681 ζῶ,
3321 4613 3477 4686 φησὶ,
3513 4612 3612 4686 τὴν
3633 4616 3821 4685 κοινὴν

2219 4725 2388 4796 ζωήν.
2413 4721 2542 4786 Πῶς
2562 4717 2656 4776 οὖν
2685 4721 2808 4791 ζῇς.
2835 4713 2880 4774 ὦ
2902 4716 3140 4789 μακάριε
3160 4714 3343 4771 Παῦλε
3363 4731 3378 4781 ;
3405 4715 3528 4786 οὐχὶ
3547 4714 3642 4769 τὸν
3665 4715 3728 4786 ἦ)
3743 4733 3819 4771 ιον

2219 4825 2384 4896 ὁρᾷςς
2417 4822 2541 4893 οὐχὶ
2574 4821 2666 4876 τὴν
2699 4819 2880 4874 κοινὸν
2910 4817 3052 4889 ἀέρα
3094 4818 3390 4882 ἀναπνεῖς;
3425 4817 3549 4887 ούχὶ
3590 4814 3820 4878 ταύταις

2219 4925 2341 4987 ταῖς
2380 4923 2640 4978 ἁπάντων
2665 4919 2840 4992 τρέφῃ
2885 4913 3116 4990 τροφαῖς
3131 4935 3150 4983 ;~
3184 4916 3308 4987 ούχὶ
3335 4916 3437 4988 τὴν
3465 4916 3574 4985 γῆν
3606 4919 3812 4981 πατεῖς,

2220 5023 2412 5093 ῶσπερ
2440 5022 2637 5093 ἡμεῖςς
2667 5020 2788 5088 οὐχὶ
2819 5019 2988 5072 ’ύπνου
3015 5016 3140 5088 δέης
3172 5015 3295 5085 ούχὶ
3316 5015 3661 5087 ἐνδυμάτωνς
3691 5015 3817 5085 οὐχὶ

2221 5120 2622 5193 ύποδημάτωνς
2662 5117 2728 5174 Τί
2773 5119 2980 5186 λέγεις,
3035 5120 3118 5173 Οὺ
3161 5116 3260 5184 ζῶ;
3313 5116 3441 5180 Πῶς
3494 5117 3554 5171 ού
3592 5116 3726 5188 ζῇς;
3767 5117 3818 5170 τί

2224 5224 2628 5297 μεγαλαυχεῖς;
2678 5220 2793 5274 Ούκ
2816 5218 2932 5272 ἐστι
2970 5217 3350 5291 μεγαληγορία
3386 5218 3580 5273 ταῦτα.
3617 5219 3680 5271 Εἰ
3716 5218 3820 5289 μέν

2219 5329 2328 5401 γὰρ
2362 5326 2438 5400 μὴ
2456 5325 2525 5379 τά
2547 5324 2849 5394 πράγματα
2864 5318 3186 5393 ἐμαρτύρει,
3211 5319 3434 5382 εἰκότως
3460 5318 3525 5372 ἀν
3560 5335 3643 5377 τις
3673 5318 3818 5374 εἴποι

2224 5425 2631 5502 μεγαληγορίαν
2679 5418 2855 5477 εἶναι·
2888 5423 2936 5475 εἰ
2974 5421 3033 5476 δέ
3073 5420 3141 5473 τὰ
3180 5419 3486 5491 πράγματα
3522 5421 3816 5490 μαρτυρεῖ.

2220 5531 2355 5586 ποία
2402 5527 2818 5602 μεγαληγορίας
2857 5525 2980 5588 Πῶς
3022 5517 3116 5577 οὖν
3154 5522 3214 5575 ού
3256 5519 3346 5592 ζῇ,
3390 5519 3689 5592 μάθωμεν·
3719 5519 3818 5576 καὶ

2218 5634 2328 5706 γὰρ
2359 5631 2592 5704 ἀλλαχοῦ
2628 5648 2815 5702 φησιν,
2861 5629 3002 5698 Ἐγὼ
3036 5625 3116 5694 τῷ
3148 5626 3357 5696 κόσμῳ
3414 5624 3816 5696 ἐσταύρωμαι.

2219 5735 2315 5790 καὶ
2349 5733 2480 5804 ἐμοὶ
2506 5736 2540 5787 ὁ
2568 5734 2815 5802 κόσμος.
2853 5724 3109 5794 Πῶς⁹ούν
3137 5747 3324 5803 φησιν,
3343 5719 3556 5783 Οὐκέτι
3585 5729 3688 5792 ζῶ,
3720 5730 3815 5785 καὶ

2221 5836 2340 5900 πῶς
2374 5834 2555 5901 πάλιν,
2605 5832 2757 5903 ’Ἐμοὶ
2794 5831 2860 5886 τὸ
2891 5831 2997 5902 ζῇν
3020 5829 3298 5901 Χριστὸς,
3335 5828 3630 5883 ἀκούσατε·
