4170 6510
533 388 633 445 261

535 521 660 561 cum
689 521 778 560 res
810 504 940 576 ipsa:
969 505 1336 562 testimonium
1360 507 1526 575 dent,
1569 523 1729 578 quam
1760 505 2139 563 ostentationis

537 597 774 669 speciem
818 596 1131 654 habebunt?
1174 600 1454 656 Discamus
1503 601 1664 672 igitur
1711 600 1983 672 quomodo
2035 614 2142 654 non

538 690 680 744 vivat
710 707 726 744 :
761 704 884 743 nam
913 699 968 745 ct
993 690 1120 745 alibi
1145 690 1313 758 dicit,
1349 691 1461 763 Ego
1491 692 1771 762 cruciﬁxus
1792 709 1903 745 sum
1931 689 2141 756 mundo,

537 793 584 834 et
620 780 744 834 mihi
783 782 1004 835 mundus
1047 781 1194 851 (Gal.
1219 783 1274 838 6.
1305 783 1420 853 l4).
1469 781 1754 850 Quomodo
1797 783 1961 853 igitur
1989 783 2141 848 dicit,

542 869 664 926 Non
701 874 817 943 jam
837 888 932 944 ego
980 874 1110 940 rivo,
1168 882 1222 928 et
1258 873 1532 944 quomodo
1576 889 1784 939 rursus,
1817 872 1950 929 Mihi
1983 875 2148 929 vivere

538 962 794 1030 Christus,
830 965 1080 1020 audiatis.

624 1056 755 1112 Viue
771 1075 960 1128 genera
982 1059 1242 1130 quasdam.
1265 1089 1338 1099 --
1355 1059 1489 1114 Vita:
1519 1049 1714 1115 nomen
1741 1059 2015 1130 multiplex
2045 1069 2146 1122 c5t,

538 1151 724 1206 dilecti
759 1169 770 1203 :
803 1153 855 1206 id
872 1152 1161 1216 est,multa
1189 1153 1491 1221 significat,
1524 1162 1583 1208 ut
1630 1155 1822 1208 mortis
1863 1153 2024 1208 etiam
2057 1168 2153 1206 n0-

542 1259 694 1298 nten.
746 1243 842 1297 Est
869 1243 974 1297 vita
1005 1243 1122 1298 lnec
1145 1245 1421 1314 corporis;
1453 1254 1537 1300 est
1572 1245 1736 1299 etiam
1770 1245 1875 1300 vita
1903 1243 2151 1314 quaedam

546 1334 782 1405 peccati,
835 1335 1293 1405 quemadmodum
1344 1337 1547 1392 Paulus
1581 1337 1707 1392 alibi
1738 1337 1887 1402 dit'll,
1922 1337 1982 1392 Si
2021 1341 2155 1391 enim

548 1429 740 1484 mortui
773 1445 954 1484 simius
995 1439 1199 1501 peccato
1217 1470 1237 1497 ,
1281 1431 1535 1500 quomodo
1559 1431 1726 1484 adhuc
1746 1431 1966 1485 vivemus
1989 1431 2041 1484 in
2065 1430 2156 1484 illo

546 1518 728 1592 (Rom.
758 1519 813 1576 6.
843 1519 952 1590 ‘2)?
981 1521 1076 1575 Est
1101 1521 1260 1591 igitur
1281 1523 1463 1576 vivere
1502 1522 1709 1592 peccati
1745 1522 1905 1576 vitam
1943 1540 1959 1577 ε
1985 1531 2160 1576 atten-

548 1613 683 1680 dite,
726 1613 980 1680 obsecro,
1014 1611 1323 1684 diligenter,
1355 1630 1424 1669 ne
1453 1613 1650 1670 frustra
1681 1616 1992 1671 laboremus
2024 1634 2036 1670 :
2069 1623 2154 1670 est

551 1705 662 1760 vita
687 1713 888 1759 aeterna
922 1714 979 1758 et
1010 1704 1350 1769 immortalis,
1387 1721 1519 1775 qttze'
1552 1705 1714 1761 etiam
1763 1706 1998 1761 cariestis
2021 1716 2103 1760 est
2137 1725 2152 1760 :

553 1797 752 1853 Nostra
775 1797 946 1860 enim,
976 1797 1170 1869 inquit,
1201 1799 1518 1852 conversatio
1539 1799 1594 1853 in
1629 1800 1769 1855 uelis
1794 1811 1868 1853 est
1894 1798 2157 1870 (Philipp.

553 1899 610 1955 '5.
636 1899 1031 1970 ‘20).Estctiam
1057 1898 1164 1952 vita
1187 1898 1453 1968 corporis,
1475 1896 1544 1952 de
1573 1913 1676 1967 qua
1701 1897 1852 1961 dicit,
1879 1896 1978 1951 Per
1997 1896 2164 1966 ipsum

560 1995 794 2061 uicimus,
819 2003 866 2048 ct
900 2009 1179 2057 movemur,
1208 2002 1255 2046 et
1291 2008 1462 2045 sumus
1495 1990 1609 2062 (Act
1655 1992 1742 2045 l7.
1775 1991 1892 2059 28).
1924 1990 2040 2044 Non
2070 1989 2164 2058 igi-

565 2098 652 2142 tur
680 2096 834 2156 negat
876 2083 1176 2139 naturalem
1213 2098 1274 2139 se
1299 2083 1464 2137 vitam
1498 2083 1701 2147 vivere,
1751 2082 1844 2137 sed
1877 2097 1995 2137 eam
2041 2095 2162 2151 quae

564 2188 909 2248 peccatorum
953 2184 1058 2239 est,
1113 2190 1275 2246 quam
1321 2175 1511 2229 vivunt
1555 2188 1745 2229 omnes
1789 2173 2057 2227 homines.
2103 2170 2170 2225 Et

559 2271 758 2325 merito
787 2267 1006 2340 quidem
1049 2277 1229 2337 negat.
1267 2266 1400 2323 Nam
1431 2268 1523 2339 qui
1552 2268 1834 2338 praesentis
1858 2268 1983 2321 vita:
2008 2265 2166 2336 cupi-

555 2362 663 2417 dus
696 2376 803 2415 non
836 2369 938 2424 est,
969 2359 1246 2430 quomodo
1276 2359 1418 2415 hanc
1448 2360 1622 2414 vivit?
1667 2359 1759 2430 qui
1826 2359 1893 2413 ad
1940 2359 2169 2413 alteram

557 2455 800 2519 festinat,
833 2453 1109 2524 quomodo
1134 2452 1276 2508 hanc
1302 2452 1573 2524 vivitiqui
1603 2460 1833 2508 mortem
1853 2451 2169 2512 contemnit,

557 2553 836 2617 quomodo
861 2545 1002 2601 hanc
1030 2545 1195 2600 vivit?
1239 2545 1330 2615 qui
1361 2545 1494 2599 nihil
1520 2559 1586 2599 ex
1612 2544 1678 2598 iis
1706 2560 1826 2614 qua:
1869 2544 1922 2598 in
1961 2543 2165 2598 mundo

565 2647 696 2693 sum
731 2638 1101 2708 concupiscit,
1139 2637 1413 2708 quomodo
1442 2636 1580 2691 hanc
1607 2637 1777 2691 vivit?
1818 2635 1954 2691 Nam
1979 2651 2174 2708 quem-

566 2733 860 2789 admodum
888 2732 979 2803 qui
1004 2747 1070 2788 ex
1101 2732 1388 2786 adamante
1412 2737 1646 2793 constat.
1676 2746 1744 2784 ne
1769 2729 1814 2784 si
1842 2730 2039 2784 millies
2059 2730 2178 2799 qui-

564 2828 693 2882 dem
719 2825 1074 2896 percutiatur,
1097 2824 1387 2895 quidquam
1416 2821 1846 2878 commovebitur
1877 2840 1890 2876 :
1923 2822 1991 2876 ita
2016 2822 2176 2876 etiam

568 2919 768 2976 Paulus
801 2937 813 2972 :
843 2917 966 2973 Vivo
996 2928 1188 2984 autem,
1217 2917 1408 2986 inquit,
1440 2931 1540 2969 non
1557 2915 1673 2984 jam
1704 2930 1816 2986 ego,
1853 2912 1905 2967 id
1932 2923 2038 2980 est,
2071 2927 2176 2965 non

564 3012 681 3082 jam
712 3020 866 3066 vetus
895 3009 1060 3063 homo
1092 3024 1107 3061 :
1139 3017 1196 3062 et
1225 3022 1412 3062 rursus
1438 3005 1564 3060 alibi
1591 3046 1604 3068 ,
1655 3004 1817 3059 Miser
1856 3021 1948 3075 ego
1993 3002 2182 3057 homo!

569 3104 686 3172 quis
704 3118 783 3157 me
807 3099 1041 3156 liberabit
1067 3116 1368 3171 excorpore
1389 3099 1566 3153 mortis
1596 3098 1755 3168 hujus
1779 3095 1958 3168 (Rom.
1987 3097 2038 3150 7.
2061 3095 2186 3166 ‘24)?

573 3197 652 3252 lta
677 3195 767 3265 qui
802 3193 934 3248 nihil
961 3191 1226 3257 alimenti,
1257 3190 1390 3245 nihil
1424 3190 1651 3245 vestium
1672 3231 1689 3256 ,
1739 3188 1876 3244 nihil
1903 3187 2070 3243 ullius
2101 3186 2181 3241 rei

574 3287 861 3360 praesentis
904 3301 1070 3341 causa
1112 3283 1272 3351 facit,
1295 3282 1571 3354 quomodo
1615 3281 1704 3336 hic
1733 3280 1908 3335 vivit?
1935 3279 2034 3335 llic
2063 3293 2188 3349 pro-

575 3383 721 3436 fecto
763 3395 830 3436 ne
872 3377 1174 3434 naturalem
1219 3375 1440 3447 quidem
1480 3375 1644 3431 vitam
1694 3374 1879 3429 vivere
1925 3372 2188 3429 dicendus

577 3483 667 3529 est
698 3491 711 3527 :
738 3472 830 3543 qui
859 3470 993 3526 nihil
1020 3485 1214 3528 eorum
1240 3484 1363 3541 qua:
1392 3468 1461 3524 ad
1491 3469 1655 3523 vitam
1688 3467 1894 3523 faciunt
1919 3475 2106 3533 curat,
2143 3466 2190 3521 is

576 3581 681 3621 nec
707 3565 860 3620 vivit.
891 3561 1002 3618 Nos
1030 3561 1171 3617 hanc
1200 3561 1366 3616 vitam
1393 3559 1626 3615 vivimus
1647 3599 1663 3626 ,
1699 3558 1790 3630 qui
1820 3572 1917 3628 pro
1947 3557 2050 3612 hac
2073 3572 2192 3612 om-

578 3661 669 3716 nia
697 3657 968 3723 facimus;
997 3656 1088 3711 ille
1129 3670 1258 3710 vero
1303 3670 1410 3708 nun
1466 3651 1701 3718 vivebat,
1733 3665 1907 3720 neque
1940 3649 1992 3705 in
2030 3649 2193 3704 rebus

581 3752 707 3806 ullis
751 3747 1102 3805 inferioribus
1153 3745 1493 3802 versabatur.
1539 3744 1823 3812 Quomodo
1857 3743 2020 3814 igitur
2047 3743 2191 3798 vive-

581 3841 722 3900 bat?
750 3839 825 3896 Ita
844 3841 1010 3897 etiam
1043 3837 1116 3894 de
1141 3836 1466 3909 quibusdam
1495 3835 1753 3902 dicimus,
1781 3834 1877 3891 llle
1909 3835 2043 3890 mihi
2085 3850 2192 3889 non

580 3935 780 4002 adest;
823 3933 914 3990 ubi
961 3932 1097 3988 nihil
1141 3940 1306 4005 agat,
1354 3930 1501 4002 quod
1539 3930 1608 3986 ad
1656 3945 1745 3986 me
1788 3929 2193 4001 pertineat:ita

579 4030 748 4086 etiam
770 4042 978 4094 rursus,
1015 4025 1112 4082 Ille
1137 4025 1269 4081 mihi
1302 4040 1410 4080 non
1442 4025 1594 4080 vivit.
1619 4023 1773 4092 Quod
1804 4023 1948 4080 enim
1978 4031 2198 4077 natura-

583 4128 694 4177 tem
725 4121 866 4177 hanc
895 4121 1062 4175 vitam
1093 4133 1202 4174 non
1234 4117 1468 4188 rejiciat,
1505 4116 1634 4172 alibi
1676 4116 1760 4172 his
1803 4115 1980 4172 verbis
2008 4125 2196 4171 osten-

583 4215 668 4270 dit
698 4231 712 4268 :
749 4213 900 4282 Quod
926 4219 1095 4267 autem
1123 4227 1259 4266 nunc
1284 4212 1394 4265 vivo
1423 4211 1475 4264 in
1501 4225 1676 4274 carne,
1721 4210 1776 4262 in
1803 4209 1907 4278 fide
1933 4209 2043 4263 vivo
2071 4207 2198 4262 Filii

588 4306 721 4372 Dei,
768 4307 856 4376 qui
896 4305 1078 4360 dilexit
1108 4320 1222 4370 me,
1249 4312 1299 4358 et
1327 4301 1540 4356 tradidit
1563 4302 1787 4372 seipsum
1816 4318 1910 4372 pro
1936 4318 2016 4356 me
2051 4301 2195 4373 (Gal.

587 4401 626 4454 2
669 4397 792 4467 20).
827 4396 882 4452 Id
907 4404 1026 4464 est,
1060 4410 1256 4452 novam
1284 4393 1573 4466 quamdam
1606 4395 1768 4450 vitam
1796 4394 1916 4450 vivo
1943 4403 2104 4466 atque
2131 4397 2199 4452 ab

588 4493 787 4547 usitata
815 4491 1105 4546 diversam.

660 4586 720 4641 3.
750 4584 884 4640 llzec
909 4599 1042 4640 sane
1084 4583 1264 4639 omnia
1295 4582 1362 4638 ad
1399 4583 1824 4654 Philippensium
1869 4585 2200 4640 consolatio-

590 4693 720 4734 nem
738 4676 889 4732 dicit.
918 4676 996 4732 Ne
1018 4676 1239 4747 putetis,
1270 4676 1462 4744 inquit,
1483 4676 1599 4732 fore
1619 4686 1678 4731 ut
1701 4677 1802 4732 hac
1824 4676 1932 4732 vita
1955 4677 2157 4746 spolier
2181 4693 2198 4734 :

590 4767 1038 4841 quandoquidem
1056 4782 1123 4822 ne
1144 4767 1330 4821 vivens
1345 4766 1562 4837 quidem
1590 4767 1731 4824 hanc
1745 4767 1990 4823 vivebam
2011 4767 2199 4835 vitam,

593 4861 696 4918 sed
721 4861 893 4926 illam,
917 4876 1080 4932 quam
1097 4861 1311 4915 volebat
1337 4860 1608 4916 Christus.
1641 4862 1739 4918 Dic
1762 4862 1907 4917 enim
1931 4862 2084 4926 mihi,
2107 4862 2202 4932 qui

592 4955 855 5026 pecunias
883 4955 1208 5019 contemnit,
1241 4955 1332 5025 qui
1360 4954 1564 5020 cibum,
1595 4955 1683 5024 qui
1713 4953 1913 5011 famem
1943 4963 2000 5010 et
2024 4955 2196 5023 sitim,

589 5046 688 5117 qui
717 5045 980 5117 pericula,
1010 5048 1105 5116 qui
1135 5045 1445 5109 sanitatem,
1478 5048 1568 5115 qui
1616 5047 1847 5102 salutem
1873 5061 1889 5112 ;
1919 5047 2037 5102 isne
2063 5045 2204 5102 hanc

507 5156 512 5164 ·
595 5139 764 5194 vitam
796 5139 972 5194 vivit?
999 5139 1092 5209 qui
1120 5139 1254 5193 nihil
1286 5140 1339 5193 in
1374 5138 1535 5194 terris
1566 5139 1752 5204 habet,
1775 5141 1867 5210 qui
1898 5155 2044 5211 smpe
2073 5155 2202 5210 pro.

595 5231 831 5286 fundere
872 5231 1042 5300 ipsam
1070 5231 1221 5300 cupit
1245 5272 1262 5296 ,
1291 5231 1336 5285 si
1365 5245 1502 5300 opus
1527 5231 1636 5298 sit,
1670 5247 1843 5300 neque
1870 5232 2203 5298 reluctatur;

595 5326 718 5379 isne
750 5323 891 5377 hanc
936 5324 1066 5378 vivit
1096 5322 1302 5378 vitam?
1332 5322 1675 5392 Neutiquam.
1717 5322 1827 5379 Sed
1871 5323 2012 5378 istud
2049 5324 2207 5381 vobis

591 5414 754 5486 quasi
792 5415 1042 5484 exemplo
1069 5413 1303 5484 quodam
1360 5414 1702 5486 perSpicuum
1760 5414 2062 5470 iaciendum
2097 5427 2204 5471 est.

600 5507 736 5562 Esto
774 5507 1042 5577 quispiam
1089 5505 1294 5561 divitiis
1333 5506 1537 5571 multis,
1584 5507 1818 5574 famulis,
1856 5521 1989 5562 auro
2033 5509 2207 5562 abun-

595 5597 783 5663 dans;
817 5598 961 5653 nulla
991 5610 1173 5654 autem
1205 5597 1394 5652 harum
1424 5613 1604 5653 rerum
1634 5607 1814 5653 utatur
1843 5617 1858 5654 :
1892 5615 2020 5654 num
2054 5599 2100 5655 is
2128 5600 2209 5655 di-

600 5689 750 5746 vitiis
781 5689 900 5746 istis
939 5689 1094 5747 dives
1118 5691 1265 5747 erit?
1295 5691 1534 5746 Minime.
1582 5690 1688 5747 Sed
1729 5690 1910 5747 videat
1949 5701 2208 5762 praeterea

601 5781 746 5837 bona
775 5797 806 5835 a
837 5783 964 5839 filiis
990 5783 1245 5854 dissipari
1273 5791 1482 5839 temere
1505 5782 2079 5853 circumcursantibus,
2109 5801 2211 5842 nec

596 5872 896 5946 quidquam
941 5884 1133 5944 curet;
1181 5873 1320 5933 addc
1357 5875 1522 5932 etiam
1546 5874 1591 5930 si
1623 5875 1740 5943 vis,
1773 5889 2060 5948 percussus
2103 5892 2208 5934 non

1465 391 1534 449 IN
1575 389 1794 450 EPIST.
1840 391 1932 447 AD
1969 389 2257 447 PlllLlPP.
2299 389 2456 446 CAP.
2499 389 2538 445 l.
2582 389 2818 448 llOMlL.
2861 391 2947 449 lll.

3743 393 3847 449 202

2250 503 2464 563 doleat:
2487 522 2553 562 an
2575 506 2718 564 hunc
2737 507 2981 563 dicemus
3000 507 3051 561 iu
3080 505 3282 562 divitiis
3298 522 3416 563 esse
3437 507 3458 562 ’ἓ
3483 507 3852 579 Nequaquam,

2254 598 2668 668 tametsi'ipsius
2693 608 2819 654 sunt
2839 599 3060 655 divitiae.
3085 599 3164 654 Ad
3196 601 3337 655 hunc
3363 601 3525 656 etiam
3554 601 3771 655 modum
3796 617 3856 657 se

2253 687 2484 744 habebat
2507 691 2724 746 Paulus:
2748 691 2899 757 Mihi,
2923 692 3113 762 inquit,
3139 693 3303 746 vivere
3321 691 3576 747 Christus.
3597 693 3650 748 Si
3676 709 3852 748 meam

2255 780 2389 835 velis
2419 781 2687 850 vestigare
2718 782 2910 844 vitam,
2944 782 3035 837 ille
3081 782 3210 837 inihi
3240 791 3341 837 est.
3376 780 3444 837 Et
3476 785 3605 837 mori
3634 785 3856 837 lucrum.
3957 853 3964 861 ‘

2253 874 2408 930 Cur?
2435 874 2700 943 Quoniam
2745 876 2918 946 major
2945 875 3076 930 mihi
3105 877 3250 932 illius
3279 879 3466 931 notitia
3498 879 3624 941 erit,
3654 887 3708 933 et
3737 893 3859 932 cum

2257 968 2375 1037 ipso
2394 968 2855 1036 versabor.Quarc
2873 969 2976 1025 hoc
2993 970 3120 1024 nihil
3140 971 3280 1024 aliud
3296 981 3376 1025 cst
3396 987 3554 1042 quam
3573 971 3862 1026 mOriendo

2257 1061 2324 1116 ad
2352 1063 2513 1117 vitam
2549 1064 2864 1132 pervenire?
2887 1063 3034 1119 Nihil
3055 1065 3184 1118 mihi
3210 1065 3399 1120 durius
3432 1065 3626 1120 facient
3656 1066 3746 1135 qui
3779 1067 3862 1119 iu-

2262 1153 2591 1222 terfecerint,
2621 1155 2694 1209 ad
2715 1170 2887 1210 meam
2919 1171 3006 1210 me
3043 1158 3351 1211 emitteules
3383 1158 3563 1222 vitam,
3597 1169 3648 1210 et
3675 1156 3743 1210 ab
3765 1155 3866 1209 hac

2260 1262 2380 1316 qua:
2399 1247 2526 1300 mihi
2552 1255 2670 1318 apta
2694 1264 2801 1302 non
2823 1259 2906 1303 est
2925 1248 3234 1304 liherantes.
3256 1250 3390 1317 Quid
3417 1250 3575 1320 igitur
3593 1251 3617 1303 ?
3633 1250 3758 1304 dum
3780 1250 3868 1304 hic

2261 1354 2340 1405 es,
2365 1339 2566 1395 Christi
2594 1356 2710 1394 non.
2727 1341 2875 1396 eris?
2895 1341 2961 1396 Et
2990 1342 3144 1397 valde
3171 1343 3412 1413 quidem.
3434 1343 3525 1396 ‘29..
3550 1343 3700 1409 Quod
3729 1345 3772 1397 si
3795 1345 3869 1396 vi-

2263 1448 2376 1487 vere
2398 1434 2450 1486 in
2473 1451 2644 1499 carne,
2668 1435 2764 1488 hoc
2787 1436 2912 1490 mihi
2939 1438 3135 1508 fructus
3159 1437 3326 1506 operis
3343 1448 3438 1504 est,
3466 1447 3519 1499 et
3537 1438 3662 1508 quid
3683 1439 3870 1509 eligam

2265 1527 2464 1597 ignoro.
2495 1525 2572 1582 Ne
2592 1527 2712 1597 quis
2734 1528 2910 1583 dicat:
2934 1528 2989 1583 Si
3020 1531 3180 1598 igitur
3197 1531 3328 1586 illud
3360 1541 3443 1586 est
3466 1532 3593 1599 vita,
3613 1532 3874 1587 curChri-

2266 1627 2384 1673 stus
2412 1619 2499 1674 hie
2527 1627 2578 1674 te
2609 1634 2830 1675 manere
2859 1621 3030 1675 sinit?
3062 1620 3309 1687 Fructus,
3343 1623 3551 1694 inquit,
3581 1625 3749 1693 opm-is
3775 1634 3869 1678 est.

2267 1710 2628 1777 Quamobrem
2653 1711 2780 1767 licet
2799 1714 3050 1782 praesenti
3072 1717 3233 1768 etiam
3262 1715 3474 1781 vita-co,
3501 1731 3609 1787 quo
3631 1726 3871 1788 oportet,

2269 1803 2431 1858 modo
2473 1805 2586 1870 uti,
2621 1804 2664 1859 si
2696 1805 2866 1875 ipsam
2895 1807 3116 1860 minime
3149 1806 3392 1861 vivamus
3420 1823 3488 1863 eo
3529 1807 3690 1862 modo
3716 1851 3732 1874 ,
3764 1823 3874 1878 quo

2272 1896 2463 1966 vulgus
2485 1896 2636 1950 vivit.
2661 1896 2773 1953 Hoc
2800 1897 2920 1952 ideo
2938 1899 3086 1964 dicit,
3108 1914 3175 1954 ne
3206 1908 3359 1968 putes
3388 1901 3552 1953 vitam
3576 1901 3745 1969 ipsam
3768 1901 3876 1954 cri-

2273 1989 2403 2043 mini
2433 1987 2548 2043 dari
2571 2006 2586 2054 ;
2607 2005 2783 2060 neque
2813 1990 2981 2056 dicas,
3001 1992 3054 2047 Si
3087 1992 3247 2062 igitur
3269 1991 3356 2047 hic
3377 1992 3521 2046 nulla
3549 1994 3704 2048 nobis
3730 2009 3882 2048 com-

2275 2091 2494 2149 paratur
2521 2083 2746 2150 utilitas,
2766 2083 2891 2153 quid
2912 2094 2995 2139 est
3018 2100 3115 2139 cur
3131 2099 3230 2139 nos
3250 2102 3354 2139 non
3373 2100 3403 2140 e
3425 2086 3605 2141 medio
3625 2086 3878 2141 tollamus

2273 2182 2330 2227 et
2358 2172 2668 2228 occidamus
2689 2176 2713 2227 ?
2733 2174 3076 2246 Neutiquam,
3098 2177 3271 2247 inquit
3297 2197 3310 2233 :
3337 2179 3466 2233 licet
3485 2193 3550 2234 ex
3582 2178 3684 2233 hac
3713 2179 3878 2233 etiam

2278 2264 2557 2319 mansione
2587 2266 2796 2321 lucrum
2820 2277 3120 2337 reportare,
3154 2269 3198 2323 si
3233 2270 3370 2322 hanc
3395 2271 3571 2323 vitam
3594 2285 3700 2324 non
3728 2270 3880 2323 viva-

2275 2372 2422 2423 mus,
2453 2357 2550 2412 sed
2577 2357 2829 2414 alteram.
2861 2359 2966 2416 Sed
2991 2362 3256 2431 quispiam
3288 2359 3523 2416 fortasse
3543 2362 3838 2430 interroget
3867 2378 3884 2416 :

2281 2449 2470 2505 llocne
2501 2450 2594 2505 tibi
2638 2451 2867 2506 fructum
2900 2453 3055 2508 afl‘ert
3081 2454 3104 2507 ’ἒ
3135 2454 3294 2509 Certe
3318 2496 3332 2520 ,
3375 2455 3569 2525 inquit.
3613 2454 3711 2511 Ubi
3747 2470 3889 2508 tuine

2283 2539 2567 2596 haeretici?
2598 2542 2726 2597 Vide
2756 2560 2896 2598 nunc
2926 2586 2940 2610 ,
2983 2543 3159 2598 Vivere
3182 2546 3235 2600 in
3259 2563 3416 2601 carne
3441 2587 3455 2611 ,
3492 2547 3594 2600 hoc
3620 2547 3747 2601 dicit
3778 2547 3889 2600 fru-

2280 2639 2426 2685 ctum
2445 2633 2658 2701 operis:
2689 2635 2870 2703 operis
2892 2635 3035 2689 enim
3065 2646 3169 2690 est.
3203 2635 3488 2702 Quomodo
3520 2638 3725 2692 fruetus
3754 2653 3889 2706 ope-

2283 2722 2396 2777 ris?
2421 2723 2570 2788 Quod
2591 2735 2758 2778 autem
2780 2743 2916 2779 nunc
2942 2727 3050 2781 vivo
3081 2729 3133 2781 in
3169 2744 3321 2782 carne
3345 2771 3358 2793 ,
3383 2732 3435 2782 in
3465 2729 3566 2798 ﬁde
3595 2731 3723 2784 vivo.
3755 2728 3892 2785 Illuc

2294 2814 2501 2869 fructus
2529 2817 2729 2886 operis.
2757 2817 2824 2871 Et
2847 2819 2969 2889 quid
2989 2820 3172 2889 eligam
3199 2821 3399 2892 ignoro.

2365 2908 2520 2963 Pauli
2551 2911 2901 2982 philosOphia.
2948 2943 3021 2952 —
3049 2914 3207 2984 Papae
3239 2916 3253 2968 !
3299 2924 3495 2985 quanta
3526 2925 3612 2971 est
3647 2917 3892 2987 philoso-

2291 3000 2450 3070 phia!
2498 3002 2781 3069 Quomodo
2811 3006 3092 3074 praesentis
3123 3009 3247 3062 vitae
3272 3007 3622 3078 cupiditatem
3669 3009 3891 3078 abjece-

2291 3102 2410 3160 rat,
2440 3111 2541 3151 nec
2573 3105 2749 3152 tamen
2779 3097 2925 3152 illam
2949 3099 3378 3154 criminabatur?
3402 3117 3523 3155 nam
3554 3102 3637 3156 his
3677 3101 3893 3172 quidem

2293 3188 2496 3255 verbis,
2543 3188 2680 3244 Mori
2738 3189 2956 3256 lucrum,
3008 3192 3359 3261 cupiditatem
3410 3193 3732 3262 abjicicbat;
3789 3193 3898 3247 illis

2294 3295 2444 3346 vero,
2487 3279 2660 3335 Vivere
2688 3281 2741 3335 in
2765 3299 2921 3336 carne
2947 3284 3143 3351 [ructus
3164 3286 3354 3352 operis,
3386 3285 3622 3340 ostendit
3651 3301 3896 3355 prasen-

2296 3382 2404 3430 tem
2434 3389 2650 3446 quoque
2678 3375 2841 3431 vitam
2888 3393 3011 3434 esse
3052 3379 3432 3434 nceessauiam.
3486 3380 3812 3448 Quomodo?
3841 3382 3899 3436 Si

2297 3467 2411 3537 ipsa
2443 3478 2501 3522 ut
2530 3477 2746 3536 oportet
2768 3478 3008 3537 utamur,
3040 3471 3084 3526 si
3115 3470 3346 3527 fructum
3381 3471 3618 3527 feramus
3649 3490 3660 3524 :
3695 3475 3896 3530 etenim

2296 3561 2340 3613 si
2367 3558 2701 3616 infructuosa
2730 3561 2843 3629 sit,
2876 3577 3054 3632 neque
3083 3564 3192 3618 vita
3244 3565 3478 3634 amplius
3517 3573 3619 3620 est.
3665 3564 3798 3619 Nam
3847 3575 3903 3621 ct

2297 3652 2522 3709 arbores
2551 3669 2671 3723 qua:
2697 3652 2935 3710 fructum
2966 3671 3072 3711 non
3105 3656 3308 3725 ferunt,
3337 3658 3563 3728 perinde
3593 3669 3755 3730 atque
3785 3661 3898 3713 ari-

2297 3743 2394 3799 das
2420 3759 2740 3800 aversamur
2763 3755 2820 3801 et
2848 3746 2901 3826 in
2933 3747 3110 3818 ignem
3141 3750 3483 3819 conjicimus.
3512 3751 3724 3806 Rursus
3753 3754 3901 3806 enim

2302 3837 2406 3891 vita
2436 3847 2520 3894 est
2546 3828 2834 3895 ex'earum
2882 3855 3065 3896 rerum
3095 3854 3324 3898 numero
3345 3885 3361 3910 ,
3403 3860 3526 3914 quae
3556 3844 3750 3900 mediae
3779 3855 3906 3901 Sunt

2300 3939 2357 3985 et
2379 3930 2747 3989 indill'erentes
2773 3950 2787 4000 ;
2817 3933 2957 3991 bene
2981 3942 3162 3991 autem
3192 3936 3275 3992 vel
3309 3938 3448 3993 male
3473 3940 3657 3995 vivere
3684 3980 3697 4005 ,
3723 3939 3776 3994 in
3803 3955 3904 3994 no-

2303 4020 2386 4076 bis
2425 4031 2509 4078 est
2553 4023 2740 4079 situm.
2789 4024 2957 4095 Igitur
3001 4042 3070 4082 ne
3096 4027 3377 4098 displiceat
3425 4030 3532 4085 vita
3583 4047 3746 4086 :nam
3779 4032 3908 4088 licet

2303 4113 2466 4168 etiam
2515 4113 2745 4172 honeste
2793 4105 2977 4173 vivere
3027 4135 3042 4172 :
3089 4119 3134 4174 si
3182 4120 3324 4175 male
3373 4122 3478 4176 vita
3511 4131 3758 4190 utamur,
3793 4140 3904 4180 non

2303 4205 2467 4260 etiam
2505 4217 2788 4277 prepterea
2839 4209 3008 4278 ipsam
3052 4224 3309 4265 accusare
3337 4211 3654 4268 debeamus.
3684 4214 3908 4281 Quare?

2304 4296 2570 4364 Quoniam
2597 4314 2705 4354 non
2738 4299 2854 4370 ipsa
2881 4316 3043 4355 causa
3081 4302 3199 4369 fuit,
3228 4303 3323 4358 sed
3353 4304 3548 4360 electio
3575 4321 3787 4375 eorum,
3817 4310 3911 4379 qui

2307 4387 2447 4444 male
2482 4388 2597 4460 ipsa
2633 4399 2760 4446 sunt
2788 4392 2892 4446 usi.
2923 4392 3056 4448 Nam
3088 4392 3228 4450 Deus
3255 4397 3472 4466 quidem
3502 4397 3624 4454 ideo
3648 4407 3700 4455 te
3729 4399 3913 4457 vivere

2306 4483 2596 4548 concessit,
2633 4491 2691 4537 ut
2721 4483 2823 4555 ipsi
2854 4484 2999 4540 vivas
3034 4504 3048 4540 :
3080 4495 3134 4541 tu
3164 4502 3295 4543 vero
3325 4499 3542 4560 propter
3561 4491 3909 4547 vitiositatem

2309 4583 2536 4643 peccato
2555 4576 2766 4642 vivens,
2797 4591 3014 4633 omnem
3035 4578 3088 4633 iu
3120 4588 3171 4635 te
3203 4579 3411 4638 haerere
3437 4582 3652 4654 culpam
3671 4585 3908 4640 voluisti.

2308 4665 2446 4734 Quid
2462 4668 2564 4736 ais,
2583 4685 2790 4740 quaeso,
2815 4671 3016 4727 Paule?
3035 4674 3249 4744 ignoras
3273 4676 3401 4746 quid
3429 4677 3632 4749 eligas?
3657 4678 3770 4735 l-loc
3793 4680 3914 4736 loco

2309 4774 2562 4830 magnum
2591 4761 3196 4836 patefecitmysterium,
3227 4782 3420 4837 nempe
3441 4767 3636 4823 factam
3659 4770 3763 4826 sibi
3791 4787 3915 4829 esse

2311 4859 2634 4920 potestatem
2680 4853 2976 4911 decedendi
3011 4871 3026 4909 :
3069 4856 3285 4926 quando
3315 4857 3458 4913 enim
3493 4859 3649 4914 nobis
3679 4861 3916 4931 eligendi

2310 4943 2464 5013 copia
2481 4941 2660 5010 datur,
2681 4954 3000 5014 potestatem
3023 4946 3301 5003 habemus.
3321 4949 3460 5016 Quid
3481 4950 3690 5020 eligam,
3717 4949 3912 5024 inquit,

2310 5033 2512 5103 ignoro.
2539 5035 2682 5106 Ergo
2711 5036 2762 5092 in
2793 5047 2847 5092 te
2871 5037 3034 5092 situm
3061 5038 3189 5093 est?
3218 5039 3401 5106 Certe,
3429 5040 3634 5110 inquit,
3669 5043 3714 5096 si
3745 5058 3776 5098 a
3807 5045 3922 5102 Deo

2313 5125 2454 5182 hanc
2484 5128 2758 5196 postulare
2793 5131 3022 5199 gratiam
3066 5132 3309 5187 voluero.
3339 5131 3432 5187 25.
3462 5133 3708 5189 Coarctor
3732 5137 3864 5191 enim
3905 5129 3946 5205 ,'

2314 5219 2532 5285 duobus,
2557 5221 2862 5276 desiderium
2884 5223 3094 5279 habens.
3119 5226 3354 5280 Attende
3386 5227 3524 5282 beati
3553 5227 3719 5297 hujus
3743 5239 3923 5299 pater-

2315 5327 2444 5366 num
2471 5311 2720 5369 allectum
2754 5333 2767 5368 :
2799 5314 2900 5370 hac
2928 5315 3090 5371 etiam
3121 5319 3332 5373 ratione
3375 5319 3520 5388 ipsos
3563 5321 3880 5378 consolatur
3902 5365 3920 5391 ,

2316 5405 2404 5460 ubi
2435 5405 2802 5464 intellexerint
2849 5409 2983 5465 idin
3034 5413 3205 5482 ipsius
3249 5414 3527 5468 voluntate
3575 5415 3738 5469 situm
3771 5432 3917 5480 esse.

2317 5514 2494 5569 neque
2524 5501 2593 5556 ab
2615 5501 2895 5557 hominum
2921 5503 3288 5574 improbitate,
3317 5507 3410 5560 sed
3441 5523 3472 5560 a
3502 5507 3596 5562 Dei
3629 5511 3923 5580 providens

2319 5593 2387 5648 tia
2416 5595 2705 5665 proficisci.
2731 5596 2840 5652 Cur
2866 5613 3014 5668 ergo,
3041 5599 3237 5670 inquit,
3263 5614 3411 5655 mors
3440 5600 3598 5657 vobis
3621 5619 3914 5661 mmrorout

2317 5686 2516 5742 affert?
2571 5689 2743 5745 multo
2782 5691 2952 5746 satius
2990 5701 3109 5746 erat
3164 5691 3489 5762 jampridem
3539 5694 3844 5751 decessisse
3902 5711 3920 5750 ε

2319 5779 2544 5836 Dissolvi
2572 5781 2736 5849 enim,
2769 5783 2960 5855 inquit,
2977 5793 3024 5838 et
3041 5799 3148 5840 esse
3170 5801 3287 5839 cum
3317 5784 3518 5841 Christo
3547 5787 3705 5842 multo
3722 5787 3922 5852 melius;

2323 5872 2414 5933 9.4.
2445 5890 2648 5931 manere
2694 5885 2861 5935 autem
2882 5879 2933 5934 in
2959 5895 3112 5938 carne
3138 5881 3300 5952 magis
3342 5883 3680 5938 necessarium
3719 5890 3934 5952 propter
