4170 6492
393 368 500 423 203

400 497 505 532 ros.
543 477 666 532 llaec
694 475 1064 548 prmparabaut
1085 476 1150 529 ad
1183 474 1412 528 futuram
1438 473 1604 542 ipsius
1631 482 1856 526 mortem
1887 487 1984 540 ge-

400 587 594 628 nerose
639 571 910 626 ferendam
947 590 960 624 :
995 571 1108 622 lene
1141 567 1542 637 philosophiam
1573 565 1859 620 docebant.
1892 563 1992 618 Bo.

400 681 550 730 num,
582 663 771 734 inquit,
803 673 884 717 est
914 659 1155 720 dissolvi,
1189 667 1390 713 etesse
1417 672 1539 711 cum
1569 655 1787 710 Christo
1822 671 1836 709 :
1870 671 1992 709 nam

398 766 456 810 et
505 756 617 825 ipsa
654 771 799 810 mors
845 755 896 808 in
945 766 1168 806 numero
1213 765 1390 805 rerum
1432 748 1850 804 indifferentiqu
1883 756 1983 801 est.

399 847 514 902 Non
542 846 685 902 enim
718 860 863 899 mors
887 845 1085 898 malum
1119 852 1222 907 est,
1248 841 1344 896 sed
1376 850 1495 911 post
1538 851 1766 896 mortem
1800 855 1992 910 pinnas

399 942 548 1007 dare,
580 939 682 994 hoc
709 938 907 992 malum
937 949 1019 992 est
1047 979 1060 1001 ,
1095 952 1266 1006 neque
1292 936 1453 990 etiam
1486 935 1683 988 bonum
1711 943 1793 988 est
1823 949 1989 996 mors,

397 1033 492 1087 sed
536 1039 818 1102 postquam
851 1030 1152 1085 decesseris
1178 1071 1194 1095 ,
1228 1044 1347 1082 cum
1379 1027 1593 1082 Christo
1623 1041 1742 1081 esse
1767 1067 1782 1092 ,
1813 1025 1863 1080 id
1894 1024 1993 1078 he-

400 1139 526 1176 nutu
557 1130 642 1176 est
688 1139 702 1174 :
741 1137 860 1192 qua:
909 1129 1030 1190 post
1075 1129 1344 1182 mortem,
1374 1134 1435 1173 ca
1467 1117 1683 1172 denttun
1735 1126 1862 1170 sunt
1908 1115 1989 1168 vel

398 1215 536 1269 bona
565 1215 650 1270 vel
673 1215 833 1268 mala.
871 1213 1033 1284 Igitur
1061 1229 1165 1266 non
1188 1211 1486 1281 generatim
1515 1227 1608 1266 eos
1629 1210 1718 1279 qui
1749 1209 1989 1264 moriun-

399 1320 506 1373 tur,
544 1309 822 1378 lugeanms
851 1349 864 1374 ,
896 1324 1067 1377 neque
1095 1307 1163 1361 de
1190 1307 1486 1362 viventibus
1524 1305 1819 1377 generatim
1861 1319 1990 1375 gau-

396 1404 658 1468 deamus;
689 1402 782 1456 sed
806 1402 980 1471 quid?
1006 1401 1307 1470 Lugeamus
1337 1410 1646 1470 peccatores
1673 1414 1778 1454 non
1807 1398 1984 1454 solum

397 1497 714 1562 morientes,
739 1495 832 1551 sed
857 1497 1018 1548 etiam
1043 1497 1280 1549 viventes
1313 1512 1327 1549 :
1362 1495 1427 1548 de
1449 1494 1608 1563 juStis
1627 1493 1978 1564 gaudeamus,

403 1606 511 1643 non
540 1590 711 1643 solum
743 1587 867 1641 dum
903 1588 1110 1652 vivunt,
1143 1604 1324 1642 verum
1353 1587 1512 1642 etiam
1535 1595 1814 1656 postquam
1847 1599 1992 1640 mor-

403 1681 475 1734 tui
512 1680 730 1735 fuerint.
763 1679 895 1734 Nam
923 1680 996 1734 illi
1015 1679 1228 1750 quidem
1258 1681 1418 1732 etiam
1450 1677 1578 1733 dum
1610 1678 1816 1744 vivunt,
1843 1693 1990 1732 mor-

404 1772 478 1826 tui
511 1783 636 1826 sunt
663 1790 676 1826 :
707 1771 760 1826 hi
793 1788 920 1825 vero
956 1772 1116 1825 etiam
1148 1787 1270 1826 cum
1303 1771 1498 1826 mortui
1526 1771 1754 1834 fuerint,
1781 1771 1990 1825 vivunt.

403 1864 481 1916 Illi
515 1863 677 1919 etiam
721 1863 846 1918 dum
879 1863 965 1918 hic
994 1873 1118 1917 sunt
1145 1904 1160 1930 ,
1193 1863 1431 1917 omnimn
1458 1862 1655 1917 elicere
1687 1861 1992 1917 misericor-

402 1954 543 2008 diam
569 1952 786 2016 debent,
816 1954 1068 2023 quoniam
1119 1953 1284 2006 Deum
1315 1952 1602 2008 offendunt
1638 1973 1651 2008 :
1686 1951 1738 2006 bi
1763 1968 1892 2007 vero
1923 1953 1989 2006 il-

399 2045 484 2099 lue
534 2045 694 2099 etiam
751 2045 993 2100 translati
1042 2045 1182 2100 beati
1232 2053 1384 2109 sunt,
1415 2045 1665 2116 quoniam
1718 2044 1787 2100 ad
1834 2043 1992 2100 Chri-

400 2145 543 2191 stum
566 2145 689 2192 sunt
716 2138 954 2208 profecti.
983 2138 1315 2204 Peccatores,
1344 2138 1521 2194 ubiubi
1553 2149 1672 2197 sunt
1694 2178 1710 2205 ,
1741 2137 1920 2207 procul
1960 2153 1991 2192 a

407 2229 549 2300 llegc
594 2241 758 2296 sunt;
797 2241 1078 2300 propterea
1124 2231 1378 2302 lacrymis
1407 2230 1550 2302 digni
1583 2247 1597 2284 :
1641 2229 1772 2298 justi
1813 2240 1990 2285 autem

399 2321 519 2374 sive
548 2321 656 2384 hic,
687 2322 800 2376 sive
828 2322 920 2387 ibi,
969 2337 1092 2375 cum
1121 2321 1264 2391 [tege
1288 2331 1441 2385 sunt;
1467 2331 1626 2390 atque
1653 2321 1724 2376 ibi
1774 2321 1990 2391 quidem

407 2414 577 2468 multo
607 2414 777 2484 magis
806 2429 869 2468 ac
900 2414 1152 2484 propius,
1189 2430 1292 2468 nou
1328 2430 1421 2484 per
1447 2417 1705 2483 speciem,
1738 2431 1842 2467 non
1901 2428 1993 2482 per

407 2509 566 2565 fidem
587 2550 603 2575 ,
634 2509 728 2564 sed
752 2507 928 2574 Facie,
957 2509 1153 2580 inquit,
1186 2509 1254 2561 ad
1292 2510 1473 2579 [aciem
1504 2506 1581 2581 (1.
1613 2508 1732 2562 Cor.
1763 2507 1846 2562 15.
1873 2506 1988 2576 12).

469 2602 526 2657 4.
564 2600 667 2666 Qui
713 2602 900 2655 mortui
937 2602 1038 2655 sint
1094 2601 1320 2671 lugendi.
1377 2598 1746 2669 Exsequiarum
1788 2598 1989 2651 modus.

401 2691 726 2748 Morinorum
754 2692 998 2746 memoria
1026 2692 1080 2744 in
1098 2691 1367 2762 mysteriis.
1396 2720 1468 2730 —
1487 2689 1602 2745 Non
1627 2690 1784 2760 igitur
1803 2706 1992 2746 omnes

399 2787 673 2855 ploremus
695 2794 958 2848 mortuos,
979 2782 1074 2839 sed
1094 2799 1186 2838 eos
1213 2784 1302 2853 qui
1324 2783 1376 2837 in
1403 2783 1670 2852 peccatis;
1695 2781 1749 2836 bi
1787 2782 1986 2836 lamen-

402 2880 471 2932 tis
498 2877 685 2948 digiti,
718 2877 771 2931 hi
807 2877 1007 2946 ejulatu
1038 2917 1053 2941 ,
1106 2877 1159 2930 hi
1189 2876 1465 2948 lacrymis.
1515 2876 1646 2943 Quae
1691 2877 1834 2932 enim
1863 2917 1878 2941 ,
1905 2876 1994 2930 die

400 2968 531 3024 mihi
557 3009 572 3032 ,
602 2983 727 3039 spes
770 2976 855 3024 est
901 2983 1003 3022 uua
1030 2983 1150 3023 cum
1183 2967 1414 3038 peccatis
1461 2982 1528 3022 eo
1558 2966 1860 3032 discedere,
1904 2967 1992 3022 ubi

401 3071 619 3134 peccata
669 3078 868 3119 exuere
914 3078 1020 3117 non
1074 3063 1243 3119 licet?
1273 3063 1454 3118 Donec
1501 3063 1647 3117 enim
1693 3062 1781 3118 hic
1807 3071 1987 3127 erant,

399 3171 593 3225 magna
621 3155 844 3211 forsitan
873 3165 990 3212 erat
1016 3171 1164 3226 spes,
1193 3155 1308 3212 fore
1337 3164 1397 3210 ut
1427 3164 1902 3221 converterentur,
1933 3164 1991 3210 ut

399 3249 654 3304 meliores
698 3247 994 3304 evaderent
1025 3266 1039 3302 :
1068 3257 1124 3302 at
1147 3249 1193 3302 si
1221 3249 1272 3302 in
1309 3247 1575 3302 infernum
1605 3246 1840 3302 abierint
1859 3287 1872 3308 ,
1903 3245 1993 3300 ubi

403 3338 536 3394 nihil
580 3339 716 3394 lucri
745 3354 811 3394 ex
843 3339 1160 3408 paenitentia
1188 3338 1450 3407 reportari
1497 3347 1707 3407 potest;
1749 3353 1891 3400 nam,
1926 3335 1994 3390 In

398 3430 638 3502 inferno,
676 3429 886 3500 inquit,
913 3429 1027 3499 quis
1071 3429 1392 3497 conﬁtebitur
1437 3429 1524 3482 tibi
1553 3429 1572 3500 (
1604 3429 1750 3483 Psal.
1783 3429 1836 3484 6.
1875 3429 1992 3498 6)?

399 3519 673 3588 quomodo
721 3535 827 3575 non
875 3519 1126 3575 lamentis
1171 3520 1357 3590 digni?
1387 3520 1687 3591 Lugeamus
1717 3535 1849 3587 eos,
1893 3519 1982 3589 qui

399 3612 505 3667 hoc
529 3611 689 3668 modo
717 3612 1008 3680 decedunt,
1034 3629 1140 3668 non
1172 3613 1223 3667 id
1257 3613 1525 3684 impedio;
1556 3613 1852 3683 lugeamus,
1890 3612 1984 3667 sed

399 3719 510 3758 non
563 3713 761 3773 prauer
799 3705 1078 3769 decorum,
1128 3720 1233 3758 non
1275 3706 1534 3760 vellentes
1580 3705 1835 3774 capillos,
1883 3717 1989 3756 nou

398 3795 620 3851 brachia
647 3797 930 3861 nudantes,
955 3813 1059 3851 non
1095 3797 1393 3854 lacerantes
1427 3798 1641 3862 faciem,
1675 3813 1780 3851 non
1814 3796 1987 3866 pullas

401 3898 582 3942 vestes
633 3885 952 3952 iudueutes;
998 3887 1092 3944 sed
1139 3889 1313 3944 solum
1373 3890 1424 3942 in
1482 3889 1661 3943 anima
1726 3888 1990 3955 lacrymas

399 3992 611 4032 amaras
663 3978 844 4047 quiete
889 3979 1190 4035 fundamus.
1245 3980 1462 4036 Etenim
1520 3980 1638 4033 sine
1690 3979 1790 4032 hac
1828 3978 1990 4031 etiam

402 4085 594 4142 pompa
615 4071 739 4124 licet
768 4086 947 4125 amare
977 4073 1126 4138 flere,
1152 4081 1205 4128 et
1238 4087 1342 4125 non
1377 4062 1582 4126 tantum
1609 4069 1813 4124 ludere.
1846 4068 1978 4123 Nam

399 4184 521 4236 quae
549 4184 577 4222 a
613 4169 883 4223 nonnullis
916 4168 1049 4224 fiunt
1078 4211 1092 4234 ,
1127 4184 1153 4219 a
1185 4181 1470 4236 puerorum
1497 4165 1700 4220 lusibus
1729 4164 1858 4218 nihil
1890 4163 1991 4218 dif-

401 4259 604 4317 ferunt.
636 4261 710 4314 llli
740 4263 884 4316 enim
915 4261 1070 4314 fletus
1098 4261 1340 4314 forenses
1370 4272 1474 4311 non
1503 4275 1565 4311 ex
1593 4257 1802 4323 dolore,
1828 4273 1987 4327 quem

399 4351 617 4422 quidatu
646 4362 851 4408 natura:
895 4367 1194 4410 consensus
1240 4349 1515 4414 attulerit,
1551 4349 1985 4419 proficiscuntur,

399 4444 496 4500 scd
525 4459 592 4499 ex
618 4445 978 4500 ostentatione
1004 4452 1059 4499 et
1083 4442 1375 4497 ambitione
1401 4449 1457 4496 et
1485 4458 1636 4496 vana:
1662 4443 1849 4512 gloriae
1871 4451 1982 4496 stu-

398 4532 488 4588 dio
521 4549 536 4588 :
566 4534 688 4590 ideo
714 4535 898 4590 multa:
943 4533 1287 4589 inveniuntur
1329 4533 1583 4588 mulieres
1609 4575 1624 4598 ,
1653 4549 1771 4603 qua:
1818 4533 1978 4602 hujus

397 4626 476 4681 rei
519 4636 690 4682 artem
737 4635 1012 4683 exercent.
1044 4627 1240 4680 Amare
1272 4623 1423 4690 fleas,
1457 4624 1601 4680 domi
1650 4625 1865 4694 plores,
1897 4639 1991 4679 ne-

397 4719 544 4774 mine
583 4719 839 4783 vidente;
870 4717 923 4773 id
957 4717 1343 4773 misericordia:
1371 4717 1571 4782 fuerit,
1616 4717 1667 4770 id
1701 4717 1795 4771 tibi
1825 4715 1986 4772 etiam

399 4809 681 4877 profuerit.
713 4810 844 4864 Nam
876 4810 965 4880 qui
997 4809 1148 4863 illum
1172 4808 1275 4863 hoc
1303 4807 1461 4862 modo
1484 4808 1648 4877 luget,
1680 4809 1850 4862 multo
1871 4823 1986 4862 ma-

395 4903 481 4970 gis
501 4902 618 4972 ipse
641 4902 872 4957 studium
895 4899 1191 4963 adhibebit,
1214 4915 1282 4955 ne
1301 4899 1354 4955 in
1383 4900 1568 4955 eadem
1593 4899 1788 4954 incidat
1814 4899 1985 4954 mala:

400 5008 663 5050 terrorem
693 4993 785 5047 tibi
810 4993 1034 5064 posthac
1061 5001 1338 5062 peceatum
1364 4991 1603 5046 incutiet.
1637 4991 1986 5062 Lugeiuﬂde.

397 5086 498 5151 les,
533 5087 653 5156 lnge
682 5101 778 5140 eos
818 5085 908 5154 qui
940 5084 1076 5140 nihil
1120 5085 1187 5140 ab
1213 5084 1524 5138 infidelibus
1553 5083 1844 5150 diﬁ‘eruut,
1894 5086 1984 5155 qui

396 5179 515 5234 sine
558 5177 970 5241 illuminatione,
1021 5177 1140 5232 sine
1183 5176 1459 5246 signaculo
1506 5175 1895 5230 decesserunt:
1930 5178 1982 5232 hi

396 5285 524 5327 vere
546 5270 796 5326 lamentis
831 5269 1000 5339 digiti,
1031 5267 1085 5323 hi
1115 5268 1367 5340 lacrymis
1397 5285 1410 5322 :
1437 5279 1588 5322 extra
1629 5269 1827 5339 regiam
1859 5281 1985 5323 sunt

398 5377 501 5416 uua
522 5375 641 5416 eum
667 5359 857 5428 iis,qui
877 5373 1046 5428 pinnae
1068 5367 1190 5414 sunt
1215 5359 1454 5424 obnoxii,
1481 5374 1582 5412 una
1603 5375 1724 5414 cum
1755 5359 1983 5414 damna-

399 5455 487 5508 tis.
513 5452 672 5506 Amen
717 5451 833 5506 dico
861 5451 1018 5517 vobis,
1042 5451 1140 5506 nisi
1165 5452 1276 5517 quis
1323 5460 1472 5504 natus
1503 5450 1654 5522 fuerit
1675 5465 1740 5504 ea:
1773 5466 1906 5520 aqua
1935 5459 1984 5504 et

401 5544 626 5613 Spiritu,
650 5560 751 5598 non
773 5543 998 5598 introibit
1023 5545 1076 5598 in
1103 5558 1316 5615 regnum
1345 5541 1587 5596 actorum
1609 5540 1789 5612 (Joun.
1812 5542 1865 5597 5.
1899 5543 1980 5610 3).

397 5636 543 5706 Lugc
582 5649 682 5691 eos
706 5637 794 5706 qui
825 5636 877 5691 in
900 5635 1101 5693 divitiis
1130 5644 1257 5690 sunt
1294 5635 1525 5701 mortui,
1550 5649 1672 5690 eum
1695 5649 1758 5689 ex
1783 5634 1983 5691 divitiis

397 5730 601 5786 nullum
644 5728 928 5785 animabus
972 5727 1086 5785 suis
1117 5727 1371 5792 solatium
1397 5737 1800 5798 comparassent
1841 5748 1856 5784 ;
1888 5743 1982 5784 eos

399 5821 590 5891 quibus
633 5822 878 5881 abluendi
921 5831 1139 5896 peccata
1179 5837 1273 5880 sua
1309 5830 1547 5892 potestas
1592 5821 1730 5875 facta
1762 5831 1894 5889 erat,
1928 5831 1980 5875 et

1142 362 1199 418 S.
1225 359 1502 416 JOANNIS
1539 353 2003 415 CIIRYSOSTOMI
2043 353 2353 411 AllClllEP.
2395 354 2924 416 CONSTANTIXOP.

3589 365 3693 423 206

2099 475 2408 526 notuerunt.
2442 472 2552 528 llos
2574 474 2789 544 quidem
2819 491 2917 532 nos
2946 492 3135 533 ontues
3163 490 3212 534 et
3248 479 3455 546 publice
3496 492 3545 536 et
3581 483 3691 554 pri-

2099 561 2259 614 vatim
2284 561 2582 633 lugeamus,
2610 564 2706 620 sed
2731 566 2824 631 ita,
2855 576 2912 621 ut
2938 583 2970 623 a
2991 568 3188 624 decoro
3211 585 3278 625 ne
3302 571 3604 638 recedatur,
3625 585 3684 628 ut

2096 652 2414 721 gravitatem
2445 663 2726 722 tueamur,
2759 665 2818 711 ut
2841 673 2908 713 ne
2938 673 3038 714 nos
3068 660 3214 731 ipsos
3243 662 3368 716 ludi:
3392 664 3476 717 rio
3518 680 3690 734 expo-

2097 759 2306 798 namus.
2341 745 2449 801 llos
2479 746 2756 817 lugeamus
2787 765 2892 804 non
2921 766 3084 806 unum
3113 763 3204 806 aut
3247 755 3475 810 alterum
3501 757 3644 810 diem
3675 799 3690 823 ,

2094 835 2189 888 sed
2213 851 2308 906 per
2335 851 2496 893 omne
2518 839 2640 893 vita:
2666 849 2866 896 nostra:
2899 849 3128 912 tempus.
3160 844 3435 917 Lacryuue
3463 847 3544 900 lue
3571 864 3680 903 ron

2093 936 2219 980 sunt
2248 928 2477 982 amentis
2502 932 2939 1000 perturbationis,
2970 944 3026 988 at
3047 935 3158 990 veri
3185 953 3245 990 ac
3271 941 3511 1007 germani
3533 957 3687 994 amo-

2095 1017 2209 1083 vis;
2253 1017 2358 1074 illm
2390 1035 2520 1076 vero
2557 1023 2789 1078 amentis
2819 1024 2977 1093 plane
3007 1027 3308 1083 affectionis
3341 1046 3354 1083 :
3403 1043 3686 1100 propterea

2092 1109 2252 1165 etiam
2281 1113 2390 1167 cito
2409 1125 2683 1170 arescunt.
2715 1116 2845 1184 Quae
2867 1118 3010 1174 enim
3033 1135 3097 1174 ex
3133 1121 3225 1176 Dei
3257 1123 3448 1177 timore
3472 1126 3686 1194 profici-

2091 1215 2337 1272 scuntur,
2366 1222 2581 1278 semper
2609 1211 2827 1266 durant.
2860 1212 2970 1268 llos
2999 1211 3165 1280 igitur
3189 1217 3460 1285 lugeamus
3480 1259 3495 1283 ,
3529 1235 3687 1289 opem

2095 1314 2192 1367 pro
2222 1301 2422 1356 viribus
2453 1302 2708 1369 feramus,
2741 1304 2960 1375 aliquod
2984 1306 3154 1374 ipsius
3175 1307 3441 1364 auxilium
3463 1325 3684 1382 compa-

2094 1408 2296 1459 remus,
2323 1394 2578 1463 exiguum
2609 1395 2739 1451 illud
2767 1397 3007 1467 quidem,
3036 1397 3129 1452 sed
3160 1400 3301 1468 quod
3335 1411 3512 1456 tamen
3536 1404 3689 1458 auxi-

2093 1481 2211 1537 liari
2270 1493 2454 1554 queat.
2507 1486 2830 1554 Quomodo,
2863 1504 3038 1558 quave
3088 1491 3344 1546 ratione?
3396 1493 3530 1549 Cum
3587 1495 3688 1566 ipsi

2094 1590 2278 1645 preces
2315 1577 2623 1644 fundentes,
2658 1589 2770 1634 tum
2796 1582 2932 1636 alios
2960 1593 3016 1636 ut
3058 1597 3156 1653 pro
3186 1583 3319 1653 ipsis
3343 1584 3565 1641 fundant
3586 1589 3686 1644 θῦε

2092 1679 2390 1736 secrantes,
2409 1686 2473 1726 ac
2500 1686 2597 1741 pro
2618 1672 2750 1742 ipsis
2770 1673 3080 1744 frequenter
3098 1675 3288 1731 dantes
3314 1678 3686 1753 eleemosynas

2092 1761 2436 1830 pauperibus.
2463 1762 2633 1818 All‘ert
2657 1762 2771 1819 base
2793 1780 2881 1820 res
2909 1765 3108 1837 aliquid
3137 1768 3312 1823 solatii
3344 1786 3357 1823 :
3390 1770 3512 1824 audi
3541 1771 3684 1826 enim

2097 1851 2262 1906 Deum
2308 1853 2379 1907 ita
2425 1853 2694 1910 dicentem
2727 1875 2741 1911 :
2777 1855 3054 1930 Protegam
3087 1861 3259 1915 urbem
3307 1862 3440 1916 hanc
3482 1876 3686 1935 propter

2093 1957 2194 2009 nte,
2228 1953 2274 1996 et
2295 1955 2502 2013 prapter
2527 1945 2693 2000 David
2717 1963 2919 2002 servum
2946 1967 3110 2004 meum
3137 1950 3214 2022 (4.
3252 1952 3378 2024 (leg.
3399 1953 3489 2010 20.
3521 1956 3598 2027 6).
3628 1958 3685 2014 Si

2093 2034 2205 2088 sola
2227 2034 2356 2104 justi
2384 2039 2640 2092 memoria
2673 2045 2880 2094 tantum
2909 2041 3095 2105 valuit,
3123 2043 3210 2097 ubi
3234 2060 3395 2112 opera
3425 2057 3686 2116 praeterea

2095 2139 2193 2194 pro
2231 2138 2444 2182 mortuo
2493 2127 2658 2196 fiant,
2716 2129 2844 2198 'quid
2901 2147 3008 2187 non
3067 2135 3356 2203 poterunt?
3394 2135 3510 2196 Non
3571 2138 3686 2194 fru-

2094 2225 2205 2271 stra
2255 2216 2373 2274 haec
2423 2218 2495 2273 ab
2532 2219 2794 2290 apostolis
2849 2230 2975 2276 sunt
3029 2222 3237 2294 legibus
3262 2227 3594 2283 constituta:
3633 2240 3689 2285 ut

2095 2307 2148 2363 in
2179 2310 2496 2365 venerandis
2519 2353 2536 2378 ,
2596 2313 2810 2382 inquam
2839 2353 2856 2381 ,
2884 2324 3046 2384 atque
3104 2315 3371 2372 horrificis
3416 2323 3690 2390 mysteriis

2094 2403 2353 2457 memoria
2412 2417 2599 2458 eorum
2652 2403 2789 2470 fiat,
2824 2405 2911 2474 qui
2964 2405 3313 2462 decesserunt
3361 2425 3374 2461 :
3428 2426 3690 2468 noverant

2094 2492 2220 2548 hinc
2268 2495 2491 2550 multum
2540 2494 2608 2550 ad
2654 2497 2774 2551 illos
2823 2497 2952 2552 lucri
3002 2499 3280 2566 accedere,
3311 2501 3532 2556 nmltum
3583 2508 3687 2559 uti-

2093 2585 2281 2642 litatis.
2341 2587 2421 2642 Eo
2466 2589 2608 2644 enim
2672 2599 2952 2657 tempore,
3005 2605 3112 2659 quo
3182 2593 3462 2649 universus
3516 2609 3689 2666 p0pu.

2095 2676 2178 2732 lus
2224 2687 2330 2732 stat
2371 2680 2621 2735 manibus
2671 2680 2842 2750 passis
2876 2695 2940 2735 ac
2992 2692 3166 2736 cattus
3215 2684 3586 2751 sacerdotalis,
3635 2697 3689 2741 et

2096 2767 2225 2822 illud
2247 2767 2525 2824 horrorem
2554 2769 2820 2826 incutiens
2842 2771 3162 2825 sacrificium
3191 2788 3205 2836 ;
3232 2775 3502 2842 quomodo
3519 2775 3685 2832 Deum

2095 2875 2202 2914 non
2243 2860 2571 2930 placabimus
2603 2876 2700 2931 pro
2727 2861 2846 2916 istis
2873 2863 3134 2917 orantes?
3170 2864 3346 2934 Atque
3385 2865 3436 2920 id
3462 2866 3681 2937 quidem

2095 2952 2164 3008 de
2201 2954 2300 3022 iis,
2330 2954 2423 3025 qui
2475 2954 2528 3008 iu
2573 2955 2678 3010 fide
2723 2955 3066 3012 decesserunt
3099 2975 3112 3010 :
3149 2958 3517 3016 cateclmmeni
3565 2978 3691 3018 vero

2095 3058 2269 3114 neque
2298 3044 2396 3100 hac
2421 3045 2708 3116 dignantur
2731 3046 3104 3101 Consolatione
3123 3089 3138 3114 ,
3177 3049 3271 3103 sed
3303 3053 3446 3106 omni
3474 3055 3674 3108 auxilio

2096 3147 2224 3191 sunt
2247 3136 2510 3203 destituti,
2541 3153 2647 3193 uno
2667 3138 2900 3208 quodam
2928 3150 3173 3208 excepto.
3203 3143 3374 3209 Quale
3398 3161 3528 3201 vero
3555 3149 3690 3204 hoc?

2049 3243 2060 3254 '
2095 3229 2247 3286 Licet
2277 3231 2603 3301 pauperibus
2646 3247 2743 3301 pro
2782 3232 2912 3302 ipsis
2939 3233 3106 3299 dare,
3145 3247 3306 3305 atque
3335 3235 3463 3293 binc
3484 3238 3687 3310 aliquid

2097 3322 2398 3392 percipiunt
2421 3321 2846 3393 refrigerationis
2877 3340 2892 3379 :
2921 3325 3034 3378 vult
3054 3327 3198 3380 enim
3238 3327 3378 3383 Deus
3399 3369 3414 3393 ,
3447 3343 3502 3384 ut
3533 3332 3687 3385 nobis

2096 3422 2336 3468 tnutuunt
2387 3414 2644 3469 auxilium
2703 3414 3014 3475 afferamus.
3084 3417 3288 3488 Ecquid
3341 3422 3486 3476 enim
3543 3423 3688 3476 aliud

2094 3520 2272 3560 causa:
2297 3505 2369 3560 sit
2397 3547 2414 3572 ,
2443 3521 2540 3560 cur
2568 3521 2663 3575 pro
2687 3521 2818 3576 pace
2842 3515 2900 3562 et
2923 3506 3068 3562 bono
3090 3510 3274 3564 mundi
3303 3521 3448 3566 statu
3478 3515 3689 3582 precari

2091 3596 2352 3666 jusserit?
2376 3611 2473 3651 cur
2493 3611 2593 3664 pro
2615 3597 2864 3652 omnibus
2905 3596 3258 3653 hominibus?
3288 3599 3421 3655 Nam
3453 3602 3542 3657 hic
3563 3605 3684 3669 qui-

2097 3690 2219 3745 dem
2246 3688 2388 3744 inter
2414 3704 2603 3744 onmes
2647 3700 2772 3744 sunt
2816 3691 2978 3746 etiam
3012 3692 3248 3749 latrones
3268 3736 3284 3760 ,
3312 3698 3685 3765 sepulcrorum

2095 3780 2402 3845 ell‘ossores,
2435 3779 2580 3836 fures
2601 3820 2617 3846 ,
2657 3792 2819 3852 atque
2843 3783 2933 3839 alii
2962 3787 3235 3840 sexcentis
3261 3799 3533 3846 scatentes
3561 3807 3678 3844 ma-

2096 3874 2164 3930 lis
2190 3893 2204 3930 :
2235 3885 2468 3932 attamen
2499 3893 2595 3946 pro
2624 3877 2876 3934 omnibus
2912 3896 3195 3950 precamur
3228 3901 3242 3936 :
3273 3885 3376 3938 erit
3401 3886 3544 3940 enim
3576 3885 3688 3940 for-

2099 3976 2243 4024 tasse
2290 3969 2534 4038 qmedam
2578 3971 2816 4042 ipsorum
2869 3977 3174 4030 conversio.
3225 3977 3687 4044 Quemadmodum

2099 4061 2258 4131 igitur
2288 4077 2384 4131 pro
2409 4063 2712 4120 viventibus
2742 4065 2858 4120 istis
2903 4081 3188 4136 precamur
3211 4109 3226 4133 ,
3253 4071 3343 4140 qui
3376 4071 3508 4126 nihil
3535 4089 3564 4127 a
3594 4088 3689 4127 ea-

2095 4152 2386 4209 daveribus
2411 4153 2664 4210 differunt
2692 4172 2708 4210 :
2735 4157 2808 4211 ita
2850 4171 2948 4226 pro
2978 4157 3086 4213 illis
3110 4159 3272 4215 etiam
3304 4164 3509 4230 precari
3541 4163 3686 4217 licet.

2095 4245 2198 4302 Job
2245 4262 2340 4316 pro
2389 4247 2515 4302 filiis
2549 4249 2812 4304 sacrificia
2854 4250 3104 4316 faciebat,
3135 4262 3188 4306 et
3220 4253 3365 4323 ipsos
3389 4270 3418 4308 a
3449 4259 3685 4325 peccatis

2098 4339 2394 4405 liberabat;
2432 4338 2512 4393 Ne
2537 4342 2658 4410 quid
2705 4346 2852 4412 forte,
2881 4344 3086 4414 inquit,
3115 4347 3444 4415 cogitaverim
3475 4348 3530 4400 in
3571 4365 3688 4402 cor-

2096 4431 2242 4485 dibus
2282 4432 2386 4485 suis
2413 4434 2431 4502 (
2462 4431 2560 4486 Job
2591 4435 2641 4488 1.
2675 4435 2772 4506 5).
2809 4436 2919 4491 lloc
2948 4437 3110 4491 modo
3148 4440 3448 4495 consulitur
3484 4441 3684 4497 liberis.

2094 4522 2213 4578 Non
2258 4523 2506 4588 dicebat,
2536 4526 2680 4596 quod
2720 4527 2961 4598 plerique
3007 4545 3150 4584 nunc
3191 4530 3437 4586 homines
3486 4535 3687 4600 solent,

2095 4615 2238 4686 Opes
2265 4616 2370 4671 illis
2397 4617 2694 4688 relinquam
2723 4639 2736 4673 :
2763 4635 2868 4673 non
2894 4619 3127 4686 diccbat,
3152 4622 3386 4676 Gloriam
3409 4625 3510 4679 illis
3538 4639 3690 4678 cum»

2096 4709 2297 4778 parabo
2328 4728 2340 4763 :
2373 4726 2478 4765 non
2519 4710 2764 4775 dicebat,
2806 4711 3085 4766 Mercabor
3137 4714 3494 4784 principatum
3531 4735 3544 4768 :
3578 4734 3685 4769 non

2094 4800 2340 4868 dicebat,
2371 4805 2545 4873 Agros
2570 4818 2744 4858 emam
2779 4821 2792 4857 :
2826 4804 2920 4858 sed
2946 4804 3119 4874 quid?
3159 4804 3244 4859 Ne
3284 4807 3406 4875 quid
3436 4809 3687 4878 cogitave-

2095 4893 2197 4948 rint
2222 4894 2273 4947 in
2295 4895 2529 4948 cordibus
2557 4895 2679 4949 suis.
2713 4895 2844 4963 Qua:
2865 4896 3007 4950 enim
3039 4912 3102 4951 ex
3135 4897 3296 4951 rebus
3326 4897 3431 4951 illis
3460 4900 3686 4958 utilitas.

2094 5001 2214 5040 cum
2245 4987 2328 5039 hic
2360 4986 2604 5040 restent?
2629 4985 2802 5040 Nulla.
2849 4987 3000 5040 Illum
3026 5029 3041 5052 ,
3073 4987 3275 5057 inquit,
3305 4987 3542 5042 muniunt
3577 4989 3684 5041 Ile-

2093 5093 2212 5147 gem
2255 5076 2542 5146 propitium
2591 5075 2719 5145 ipsis
2763 5076 3016 5136 reddam;
3045 5088 3098 5131 et
3141 5077 3270 5130 nihil
3305 5079 3434 5146 ipsis
3463 5079 3685 5144 posthac

2093 5171 2287 5225 deerit.
2314 5169 2488 5241 Inquit
2516 5168 2682 5234 enim,
2713 5166 2964 5222 Dominus
2990 5169 3150 5238 pascit
3179 5184 3274 5232 me,
3307 5180 3354 5222 et
3400 5167 3528 5221 nihil
3561 5171 3684 5222 mini

2093 5263 2249 5316 deerit
2281 5265 2297 5327 (
2324 5261 2469 5314 Psal.
2498 5261 2589 5315 22.
2623 5259 2699 5332 1).
2734 5261 2856 5314 llaec
2899 5271 2983 5314 est
3033 5276 3224 5329 magna
3256 5261 3560 5330 opulentia_
3597 5263 3684 5317 hic

2094 5355 2378 5412 thesaurus
2412 5364 2496 5411 est
2527 5373 2541 5407 :
2588 5355 2633 5410 si
2685 5355 2775 5408 Dei
2807 5355 3056 5408 timorem
3091 5352 3384 5410 habeamus
3409 5395 3427 5423 ,
3479 5353 3679 5410 nullius

2093 5450 2168 5503 rei
2199 5447 2512 5518 egebimus;
2543 5447 2625 5501 siu
2654 5446 2832 5500 minus
2858 5487 2872 5510 ,
2907 5445 3117 5499 tametsi
3161 5460 3385 5514 regnum
3430 5445 3681 5500 obtinea-

2094 5556 2213 5596 mus
2238 5582 2254 5609 ,
2304 5540 2559 5594 omnibus
2593 5539 2898 5594 bominibus
2937 5538 3108 5608 magis
3154 5553 3418 5608 pauperes
3471 5553 3677 5594 sumus.

2091 5633 2233 5691 Nihil
2264 5633 2315 5690 ei
2347 5647 2444 5703 par
2491 5631 2714 5688 inveniri
2769 5639 2966 5700 potest,
2998 5631 3088 5700 qui
3121 5631 3287 5686 Deum
3329 5632 3479 5686 timet
3511 5647 3526 5684 :
3557 5647 3678 5686 nam

2091 5725 2288 5790 Timor,
2314 5725 2505 5795 inquit,
2526 5723 2757 5788 Domini,
2779 5739 2930 5793 super
2951 5722 3122 5776 omnia
3136 5723 3525 5792 “superposuit
3553 5720 3677 5792 (Ec-

2091 5829 2176 5882 rli.
2207 5825 2298 5881 25.
2325 5822 2431 5893 ll).
2466 5822 2614 5878 llunc
2639 5819 2792 5877 nobis
2817 5831 3208 5888 comparemus,
3245 5831 3340 5889 pro
3368 5817 3468 5873 hoc
3498 5816 3677 5872 ouiuia
