4170 6492
403 409 512 466 203

405 612 712 668 ἀπελθόντα
729 610 826 664 σὺν
843 606 1064 678 Χριστῷ
1085 603 1245 662 εἶναι·
1264 607 1334 660 τὰ
1359 607 1497 679 μετά
1524 607 1776 670 θάνατον,
1805 605 1836 678 ﬂ
1856 603 1997 659 καλὰ

406 702 444 771 ἢ
474 697 641 752 κακά.
672 697 767 768 Μὴ
796 695 974 750 τοίνυν
1003 694 1096 748 ἐπὶ
1134 698 1246 759 τοῖς
1273 695 1681 766 ἀποθνήσκουσι
1711 694 2001 763 πενθῶμεν

404 791 617 856 ἁπλῶς,
662 787 800 860 μηδὲ
833 787 927 840 ἐπὶ
952 789 1070 851 τοῖς
1112 785 1248 851 ζῶσι
1291 787 1574 858 χαίρωμεν
1605 784 1823 848 ἁπλῶςο
1861 784 2000 838 ἀλλά

401 884 494 946 τίς
529 881 830 950 Πενθῶμεν
867 879 995 943 τοὺς
1039 876 1402 948 ἁμαρτωλοὺς
1445 876 1519 948 μὴ
1553 876 2001 946 ἀποθνήσκοντας

407 975 594 1047 μόνον,
629 973 770 1028 ἀλλά
812 974 909 1026 καὶ
953 970 1185 1036 ζῶντας.
1223 969 1520 1038 Χαίρωμεν
1553 968 1611 1022 δὲ
1652 968 1745 1021 ἐπὶ
1775 968 1888 1030 τοῖς
1917 966 1998 1019 δι-

404 1067 616 1129 καίοις,
665 1063 745 1136 μὴ
794 1061 929 1129 ζῶσι
992 1061 1177 1134 μόνον,
1209 1060 1348 1115 ἀλλά
1391 1060 1485 1114 καὶ
1527 1058 1995 1128 τετελευτηκόσιν.

417 1157 654 1210 Ἐκεῖνοι
693 1154 794 1226 μὲν
839 1152 952 1223 γάρ
987 1153 1082 1204 καὶ
1124 1150 1328 1215 ζῶντες
1368 1151 1716 1219 τεθνήκασιν,
1748 1143 1893 1203 οὗτοι
1941 1147 2000 1200 δὲ

405 1248 505 1304 καὶ
535 1247 904 1309 ἀποθανόντες
949 1243 1150 1309 ζῶσιν·
1200 1245 1398 1298 ἐκεῖνοι
1445 1243 1540 1296 καὶ
1582 1239 1816 1294 ἐνταῦθα
1845 1239 2002 1301 ὅντες

404 1339 638 1396 ἐλεεινοί»
673 1337 841 1392 πᾶσίν
897 1339 1069 1402 εἰσιν,
1128 1335 1317 1406 ἐπειδὴ
1363 1333 1485 1405 Θεῷ
1528 1331 1958 1407 προσκρούουσιν
1983 1347 1998 1362 ο

403 1425 556 1488 οὗτοι
589 1433 686 1489 καὶ
730 1431 849 1483 ἐκεῖ
895 1429 1272 1500 μεταστάντες
1304 1425 1589 1497 μακάριοι,
1625 1422 1875 1494 ὅτι-πρὸς
1909 1422 2001 1476 τὸν

406 1521 651 1593 Χριστὸν
712 1520 979 1591 ἀπῆλθον.
1035 1519 1099 1572 OE
1160 1517 1506 1589 ἁμαρτωλοὶ,
1560 1516 1694 1569 ὅπου
1749 1515 1816 1568 ἂν
1859 1507 1999 1577 ὦσι,

407 1616 606 1687 πόρῤω
629 1611 725 1666 τοῦ
759 1611 1031 1684 βασιλέως
1059 1609 1186 1665 είσί.
1220 1609 1319 1663 Διά
1349 1608 1510 1662 τοῦτο
1538 1607 1791 1680 δακρύων
1817 1606 1956 1674 ἀξιοι
1982 1623 1998 1638 ·

407 1711 464 1763 of.
499 1707 558 1762 δὲ
599 1706 823 1770 δίκαιοι,
867 1703 932 1757 ἀν
963 1721 1023 1756 τε
1063 1700 1318 1767 ἐνταῦθα,
1353 1701 1418 1756 ἀν
1457 1718 1516 1754 τε
1560 1701 1696 1766 ἐκεῖ,
1730 1698 1868 1770 μετά
1906 1697 2002 1752 τοῦ

411 1799 684 1872 βασιλέως
710 1797 820 1851 εἰσὶ
841 1837 856 1864 ,
900 1796 1064 1849 κάκεῖ
1097 1793 1298 1865 μᾶλλον
1332 1792 1427 1847 καὶ
1463 1791 1777 1862 ἐγγύτερον,
1812 1790 1872 1844 ού
1914 1790 2003 1844 διά

411 1892 589 1956 είδους
606 1901 648 1956 ⁵,
665 1891 727 1943 οὺ
746 1888 837 1944 διὰ
857 1888 1113 1952 πίστεως,
1134 1885 1290 1953 ἀλλὰ,
1310 1883 1662 1955 Πρόσωπον,
1681 1884 1836 1956 φησὶ,
1854 1881 2004 1952 πρὸς

415 1984 759 2055 πρόσωπον.

487 2163 548 2217 δ’.
575 2162 665 2233 Μή
692 2160 873 2215 τοίνυν
904 2159 1092 2224 ἁπλῶς
1133 2159 1414 2231 κλαίωμεν
1438 2159 1566 2223 τοὺς
1593 2156 1966 2220 ἀποθανόντας
1985 2196 2000 2222 ,

411 2253 554 2308 ἀλλά
581 2253 710 2314 τοὺς
756 2252 815 2303 ἐν
849 2250 1184 2320 ἁμαρτίαιςο
1220 2241 1369 2301 οὗτοι
1404 2247 1621 2318 θρήνων
1658 2245 1823 2310 ἄξιοι,
1857 2235 2004 2297 οὗτοι

408 2341 662 2398 κοπετῶν
693 2341 790 2394 καὶ
829 2339 1103 2412 δακρύων.
1159 2337 1298 2392 Ποία
1329 2335 1440 2408 γὰρ
1490 2337 1681 2400 ἐλπὶς,
1716 2333 1838 2388 είπέ
1879 2350 2004 2404 μοι,

409 2435 558 2507 μετά
592 2432 1007 2505 ἁμαρτημάτων
1047 2429 1327 2492 ἀπελθεῖν,
1355 2427 1484 2482 ἔνθα
1515 2429 1615 2481 οὐκ
1649 2426 1795 2480 ἐστιν
1827 2427 2008 2497 ἀμαρ-

403 2525 634 2596 τήματα
673 2519 1076 2588 ἀποδύσασθαις
1119 2520 1266 2583 Ἕως
1302 2520 1399 2590 μὲν
1427 2517 1534 2589 γὰρ
1562 2508 1703 2588 ἦσαν
1747 2516 2001 2581 ἐνταῦθα,

407 2617 544 2680 ἴσως
573 2610 642 2687 ἦν
675 2611 828 2686 [217]
873 2611 1170 2684 προσδοκία
1203 2611 1394 2682 πολλὴ,
1425 2610 1506 2663 ὄτι
1547 2607 2002 2681 μεταϐαλοῦνται,

407 2712 497 2764 ὅτι
530 2707 776 2779 βελτίους
807 2706 1020 2759 ἔσονται
1045 2721 1057 2734 ’
1095 2704 1162 2758 ἂν
1191 2703 1249 2756 δέ
1276 2702 1587 2757 ἀπέλθωσιν
1619 2703 1696 2764 είς
1727 2701 1818 2755 τὸν
1850 2701 2003 2772 ᾅδην,

411 2799 551 2854 ἔνθα
574 2799 677 2852 ούκ
707 2795 855 2850 ἐστιν
883 2795 994 2849 ἀπὸ
1024 2793 1314 2866 μετανοίας
1350 2791 1608 2864 κερδᾶναί
1639 2809 1692 2846 τι
1735 2792 1866 2862 (Ἐν
1899 2791 2007 2862 γὰρ

407 2891 498 2959 τῷ
538 2891 682 2959 ᾄδῃ,
719 2889 876 2960 φησὶ,
908 2888 999 2954 τίς
1031 2885 1544 2956 ἐξομολογήσεται
1575 2884 1756 2955 σοι;),
1790 2884 1906 2948 πῶς
1945 2885 2006 2936 ού

409 2985 632 3056 θρήνων
670 2981 844 3049 ἀξιοις
881 2978 1176 3050 Κλαίωμεν
1215 2977 1342 3044 τοὺς
1373 2977 1548 3040 οὕτως
1577 2975 2008 3047 ἀπερχομένους,

408 3077 478 3130 οὐ
509 3075 728 3138 κωλύω,
761 3073 1069 3142 κλαίωμεν,
1109 3068 1248 3124 ἀλλά
1283 3069 1358 3141 μὴ
1389 3069 1739 3139 ἀσχημόνως,
1773 3067 1848 3138 μὴ
1888 3067 2008 3137 τρί-

410 3187 522 3241 χας
565 3169 844 3232 τίλλοντες
865 3207 879 3231 ,
925 3165 1000 3238 μὴ
1031 3163 1329 3237 βραχίονας
1356 3160 1692 3233 γυμνοῦντες
1715 3201 1730 3226 ,
1773 3161 1848 3232 μὴ
1886 3160 2010 3230 ὄψιν

413 3261 871 3334 σπαράττοντες,
926 3257 1002 3329 μὴ
1050 3253 1569 3327 μελακδειμονοῦντες
1594 3295 1609 3321 ,
1662 3252 1800 3306 ἀλλά
1851 3253 2011 3323 μόνον

411 3354 563 3408 κατά
587 3352 766 3423 ψυχὴν
797 3349 984 3422 ἡρέμα
1010 3348 1247 3421 δάκρυον
1271 3345 1523 3417 ἀφιέντες
1548 3345 1766 3417 πικρόν.
1791 3346 2011 3399 Ἔνεστι

319 3447 330 3456 .
411 3447 531 3517 γὰρ
555 3445 652 3499 καὶ
682 3442 891 3512 ταύτης
915 3439 1088 3513 χωρὶς
1113 3440 1212 3511 τῆς
1251 3438 1477 3510 πομπῆς
1509 3437 1742 3492 κλαῦσαι
1771 3436 2009 3508 πικρῶς,

413 3540 522 3596 καὶ
556 3539 633 3611 μὴ
660 3536 853 3602 παῖξαι
889 3533 1047 3606 μόνον
1071 3549 1088 3564 ’
1124 3531 1393 3601 παιγνίων
1419 3529 1530 3601 γὰρ
1558 3528 1711 3584 οὐδὲν
1737 3528 2010 3599 διενήνοχε

412 3632 490 3686 τὰ
524 3631 631 3685 ὑπό
678 3645 843 3682 τινων
889 3625 1175 3697 γινόμενα.
1229 3623 1342 3677 Καὶ
1388 3623 1498 3693 γὰρ
1545 3623 1606 3676 οὐ
1668 3620 2013 3691 συμπαθείας

418 3725 625 3778 ἐκεῖνοι
651 3722 702 3775 οἱ
730 3718 955 3775 κοπετοὶ
981 3719 1030 3770 οί
1057 3716 1145 3769 ἐπ’
1171 3715 1399 3786 ἀγορᾶς,
1427 3713 1546 3767 ἀλλ’
1575 3713 1891 3779 ἐπιδείξεως
1917 3712 2013 3766 καὶ

421 3811 741 3884 φιλοτιμίας
771 3808 867 3862 καὶ
912 3804 1218 3870 κενοδοξίας
1257 3803 1400 3857 εἰσίο
1446 3802 1642 3857 πολλα)⁹
1690 3801 1780 3856 διά
1815 3803 2014 3873 τέχνην

419 3903 586 3961 τοῦτο
634 3901 934 3956 ποιοῦνται.
992 3896 1243 3952 Κλαῦσον
1298 3895 1526 3966 πικρὸν,
1587 3893 1842 3958 στέναξον
1891 3895 2012 3946 κατ’

413 3995 634 4058 οἰκίαν,
688 3992 917 4065 μηδενὸς
961 3989 1234 4061 ὁρῶντος·
1279 3986 1438 4039 τοῦτο
1485 3986 1830 4057 συμπαθείας
1863 3987 2008 4052 ἐστὶ,

414 4087 583 4142 τοῦτο
613 4086 708 4140 καὶ
746 4084 806 4137 σὲ
844 4081 1067 4153 ὠφελεῖ.
1128 4079 1186 4132 '0
1215 4080 1326 4152 γὰρ
1364 4079 1574 4132 ἐκεῖνον
1607 4078 1819 4133 πενθῶν
1847 4078 2010 4144 οὓτω,

419 4179 608 4250 πολλῷ
638 4177 839 4249 μᾶλλον
869 4173 1032 4236 αὐτὸς
1068 4171 1360 4224 σπουδάσει
1389 4169 1657 4242 μηδέποτε
1684 4173 1797 4235 τοῖς
1829 4171 2015 4235 αὐτοῖς

418 4273 787 4344 περιπεσεῖνσ
842 4265 1050 4337 φοϐερά
1084 4281 1166 4317 σοι
1212 4263 1363 4315 ἔσται
1415 4264 1448 4334 ἡ
1503 4263 1750 4332 ἁμαρτία
1805 4262 2010 4317 λοιπόν.

416 4362 678 4420 Κλαῦσον
703 4361 830 4422 τοὺς
858 4355 1148 4418 ἀπίστους,
1192 4351 1428 4407 κλαῦσον
1452 4354 1578 4416 τοὺς
1608 4351 1761 4405 οὐδὲν
1789 4353 2013 4406 ἐκείνων

416 4454 760 4525 ἀπέχοντας,
795 4451 922 4512 τοὺς
972 4447 1141 4518 χωρὶς
1175 4445 1526 4516 φωτίσματος
1564 4444 2010 4515 ἀπερχομένους,

416 4549 550 4611 τοὺς
580 4547 750 4617 χωρἰς
805 4542 1135 4612 σφραγῖδοςο
1174 4531 1321 4592 οὗτοι
1369 4538 1539 4601 ὅντως
1574 4536 1790 4608 θρήνων
1834 4535 2010 4603 ἄξιοι,

416 4629 573 4692 οὗτοι
621 4631 909 4705 ὀδυρμῶν*
952 4630 1058 4695 ἔξω
1085 4628 1193 4682 τῶν
1225 4627 1514 4698 βασιλείων
1561 4626 1670 4680 eis}.
1723 4625 1862 4696 μετὰ
1904 4625 2014 4678 τῶν

417 4726 762 4789 καταδίκων,
812 4721 950 4793 μετά
991 4719 1099 4774 τῶν
1141 4715 1629 4786 κατεγνωσμένων.
1679 4715 1868 4786 Ἀμὴν
1904 4715 2012 4787 γὰρ

412 4820 582 4888 λέγω
611 4815 782 4885 ὑμῖν,
827 4813 938 4868 ἐὰν
974 4811 1062 4882 μή
1100 4829 1188 4878 τις
1232 4808 1498 4881 γεννηθῇ
1539 4809 1609 4872 ἐξ
1648 4808 1866 4875 ὕδατος
1912 4809 2013 4862 καὶ

416 4911 788 4978 πνεύματος,
822 4907 892 4958 οὐ
911 4905 997 4975 μὴ
1019 4903 1267 4971 είσέλθῃ
1288 4904 1375 4968 εἰς
1401 4900 1518 4970 τὴν
1532 4901 1866 4966 βασιλείαν
1896 4899 2014 4954 τῶν

413 4999 720 5072 οὐρανῶν.
754 4997 1006 5052 Κλαῦσον
1032 4996 1158 5058 τοὺς
1188 4995 1246 5047 ἐν
1288 4993 1504 5062 πλούτῳ
1530 4992 2011 5062 τετελευτηκότας,

414 5094 520 5149 καὶ
577 5089 850 5163 μηδεμίαν
895 5087 1005 5141 ἀπὸ
1052 5085 1148 5139 τοῦ
1203 5084 1435 5138 πλούτου
1487 5083 1844 5154 παραμυθίαν
1893 5085 2015 5146 ταῖς

415 5184 636 5239 ἑαυτῶν
672 5181 874 5252 ψυχαῖς
923 5177 1353 5245 ἐπινοήσαντας,
1387 5177 1515 5238 τοὺς
1561 5173 1829 5238 λαϐόντας
1862 5175 2014 5240 ἐξου-

419 5279 553 5333 σίαν
581 5271 992 5329 ἀπολούσασθαι
1032 5268 1214 5324 αὐτῶν
1252 5269 1322 5322 τά
1349 5267 1744 5338 ἁμαρτήματα,
1793 5267 1889 5320 καί
1938 5267 2015 5338 μὴ

419 5367 814 5442 βουληθέντας.
855 5363 1094 5425 Τούτους
1119 5363 1402 5433 κλαίωμεν
1448 5361 1544 5414 καὶ
1584 5360 1692 5430 ίδίᾳ
1733 5360 1826 5413 καὶ
1858 5363 2013 5432 κοινῇ

419 5461 652 5522 πάντες,
691 5455 829 5510 ἀλλά
876 5453 1016 5525 μετά
1045 5451 1430 5523 κοσμιότητος,
1472 5448 1608 5503 ἀλλά
1652 5447 1791 5518 μετά
1821 5448 2016 5516 σεμνό-

490 5726 521 5756 ⁸
546 5719 676 5774 Edili
699 5720 887 5770 habent
910 5719 965 5769 οὐ
989 5718 1068 5769 διὰ
1092 5718 1299 5766 εἰσόδου.
1326 5714 1540 5765 Savilius
1565 5713 1832 5776 legendum
1855 5709 2018 5776 smpi-

415 5793 568 5839 calus
590 5790 665 5834 est
709 5784 765 5831 οὐ
788 5785 846 5830 δι’
885 5784 1136 5842 ἐσόπτρου.
1172 5780 1350 5829 Veram
1387 5775 1650 5828 lectionem
1679 5776 1863 5836 profert
1904 5775 2016 5824 Cul—

421 5845 659 5901 berlinus
683 5844 840 5896 codex
870 5844 924 5892 οῦ
951 5845 1026 5892 διὰ
1051 5844 1219 5898 εἴδους.

1230 400 1296 455 IN
1337 399 1554 457 EPIST.
1598 399 1688 453 AD
1722 397 2010 454 PHILIPP.
2049 395 2204 453 CAP.
2247 399 2290 455 1.
2329 397 2564 455 ιιοιιιι.
2605 397 2691 454 ΙΙΙ.

406 518 737 586 κολάζεσθαι
762 537 774 549 ·
819 517 941 572 οὐδὲ
981 514 1145 570 καλὸν
1188 519 1216 570 ό
1249 515 1501 581 θάνατος,
1541 515 1677 570 ἀλλὰ
1726 513 1892 568 καλὸν
1929 510 1992 566 τὸ
2035 533 2051 554 ι

3574 405 3682 462 204

2099 528 2299 582 τητος,
2341 513 2480 567 ἀλλὰ
2527 513 2605 584 μὴ
2654 511 2795 567 ῶστε
2843 514 3374 586 παραδειγματίζειν
3429 517 3676 584 ἑαυτούς.

2097 603 2332 669 Τούτους
2360 605 2637 677 κλαίωμεν
2673 607 2748 678 μὴ
2791 608 2922 678 μίαν
2950 607 3186 679 ἡμέραν,
3229 609 3363 681 μηδέ
3394 610 3676 683 δευτέραν,

2095 695 2232 750 ἀλλά
2257 697 2350 750 τὸν
2378 698 2558 751 πάντα
2584 698 2698 769 βίον
2732 698 2907 770 ήμῶν.
2955 699 3136 753 Τοῦτο
3177 700 3278 754 οὐκ
3320 700 3436 755 ἐστι
3474 703 3680 768 πάθους

2096 783 2293 852 ἀλόγου
2321 784 2382 838 τὸ
2403 770 2660 858 δάκρυον,
2692 788 2827 842 ἀλλά
2853 789 3238 860 φιλοστοργίας
3257 807 3270 820 ·
3295 793 3471 846 ἐκεῖνο
3497 793 3554 847 δὲ
3577 795 3682 848 πά-

2098 873 2225 939 θους
2258 876 2454 945 ἀλόγου
2478 893 2490 906 ·
2520 877 2608 930 διὰ
2637 879 2793 932 τοῦτο
2819 880 2918 933 καὶ·
2939 881 3150 951 ταχέως
3176 881 3485 939 σϐέννυται.
3514 885 3683 939 Ὅταν

2099 965 2207 1038 γὰρ
2238 966 2328 1020 διά
2360 967 2452 1020 τὸν
2474 968 2568 1020 τοῦ
2597 969 2734 1022 Θεοῦ
2769 971 2934 1040 φόϐον
2957 971 3198 1042 γίνηται,
3230 973 3317 1027 ἀεὶ
3348 976 3680 1046 παραμένει.

2100 1058 2394 1130 Κλαίωμεν
2422 1055 2515 1114 οὗν
2545 1061 2789 1128 τούτους,
2820 1062 3106 1134 βοηθῶμεν
3137 1067 3321 1130 αὐτοῖς
3350 1068 3493 1122 κατά
3521 1068 3682 1123 δύνα-

2104 1165 2218 1220 μιν,
2242 1151 2621 1222 ἐπινοήσωμεν
2648 1153 2834 1219 αὐτοῖς
2863 1172 2990 1210 τινα
3018 1155 3290 1227 βοήθειαν,
3324 1159 3527 1230 μικράν
3558 1161 3681 1232 μέν,

2102 1239 2317 1311 βοηθεῖν
2354 1242 2412 1295 δὲ
2458 1244 2608 1313 ὅμως
2649 1245 2989 1317 δυναμένην..
3013 1247 3136 1311 Πῶς
3183 1249 3278 1302 καὶ
3318 1249 3426 1304 τίνι
3459 1253 3684 1324 τρόπῳς

2098 1329 2262 1382 Λύτοί
2291 1349 2350 1385 τε
2395 1333 2709 1404 εὐχόμενοι,
2742 1336 2836 1390 καὶ
2869 1337 3092 1409 ἐτέρους
3121 1340 3571 1411 παρακαλοῦντες
3599 1343 3688 1395 εύ-

2099 1417 2200 1489 χάς
2221 1419 2360 1492 ὑπὲρ
2380 1421 2558 1476 αὐτῶν
2580 1424 2869 1492 ποιεῖσθαι,
2895 1427 3122 1499 πένησιν
3155 1428 3295 1501 ὑπὲρ
3321 1431 3499 1485 αὐτῶν
3519 1431 3688 1486 διδόν·-

2098 1529 2190 1576 τες
2235 1513 2497 1585 συνεχῶς.
2536 1517 2691 1587 Ἔχει
2733 1519 2856 1574 τινὰ
2893 1521 2956 1574 τὸ
3007 1524 3244 1594 πρᾶγμα
3286 1524 3642 1596 παραμυθίαν
3671 1544 3684 1556 °

2099 1603 2264 1657 ἄκουε
2291 1605 2400 1677 γάρ
2427 1606 2522 1659 τοῦ
2549 1607 2682 1662 Θεου
2712 1609 2963 1680 λέγοντος
2989 1629 3002 1643 ·
3043 1612 3418 1682 Ὑπερασπιῶ
3445 1615 3555 1686 τῆς
3582 1620 3689 1673 πό·

2099 1699 2253 1763 λεως
2271 1698 2494 1766 ταύτης
2509 1699 2585 1754 δι’
2599 1699 2726 1770 ἐμὲ,
2750 1703 2849 1756 καὶ
2863 1703 2962 1758 διὰ
2977 1706 3159 1760 Amm?
3180 1707 3287 1763 τὸν
3306 1709 3535 1766 δοῦλόν
3543 1730 3688 1782 μου.

2101 1787 2163 1841 Εἰ
2202 1789 2390 1861 μνήμη
2434 1791 2593 1862 μόνον
2623 1793 2835 1848 δικαίου
2872 1796 3128 1854 τοσοῦτον
3165 1799 3404 1873 ἴσχυσεν,
3439 1804 3567 1859 ὃταν
3596 1807 3691 1860 καὶ

2102 1875 2241 1948 ἔργα
2272 1879 2500 1951 γένηται
2544 1881 2686 1953 ὑπὲρ
2730 1883 2916 1953 αὐτοῦ,
2968 1887 3087 1951 πῶς
3132 1890 3232 1944 ούκ
3283 1894 3528 1963 ίσχύσει;
3575 1897 3690 1951 Οὐκ

2104 1971 2226 2042 είκῆ
2256 1969 2432 2026 ταῦτα
2464 1973 2829 2050 ἐνομοθετήθη
2864 1978 2969 2032 ὑπὸ
2991 1981 3101 2034 τῶν
3137 1983 3473 2050 ἀποστόλων,
3507 1989 3568 2042 τὸ
3597 1989 3692 2042 ἐπὶ

2100 2062 2209 2115 τῶν
2235 2063 2479 2134 φρικτῶν
2511 2068 2828 2139 μυστηρίων
2862 2071 3084 2142 μνήμην
3111 2072 3359 2142 γίνεσθαι
3384 2075 3492 2130 τῶν
3516 2076 3691 2131 ἀπελ-

2101 2150 2302 2208 θόντων
2326 2171 2339 2183 ·
2369 2153 2549 2211 ἴσασιν
2568 2158 2752 2223 αὐτοῖς
2770 2160 2904 2214 πολὺ
2927 2161 3116 2232 κέρδος
3149 2164 3458 2236 γινόμενον,
3487 2168 3692 2240 πολλὴν

2099 2245 2200 2317 τὴν
2230 2247 2524 2318 ὠφέλειαν.
2550 2250 2719 2304 Ὅταν
2745 2250 2854 2324 γὰρ
2883 2253 3091 2327 ἑστήκῃ
3112 2254 3238 2319 λαὸς
3259 2257 3558 2330 ὁλόκληρος
3581 2264 3694 2331 χεῖ-

2103 2353 2204 2408 ρας
2236 2336 2628 2403 ἀνατείνοντες,
2648 2340 2923 2413 πλήρωμα
2952 2342 3248 2414 ίερατικδν,
3270 2347 3362 2400 καὶ
3383 2349 3692 2421 προκέηται

2102 2428 2137 2498 ἡ
2207 2430 2412 2501 φρικτὴ
2497 2429 2692 2498 θυσία,
2752 2432 2870 2497 πῶς
2927 2434 2988 2487 ού
3070 2434 3469 2510 δυσωπήσομεν
3551 2441 3693 2510 ὑπὲρ

2102 2521 2310 2574 τούτων
2376 2520 2528 2595 [218]
2587 2523 2680 2577 τὸν
2759 2524 2892 2580 Θεὸν
2962 2528 3474 2598 παρακαλοῦντες;
3531 2533 3694 2589 Ἀλλά

2101 2607 2261 2662 τοῦτο
2306 2609 2404 2680 μὲν
2465 2613 2596 2681 περὶ
2648 2613 2758 2667 τῶν
2815 2615 2874 2666 ἐν
2929 2615 3109 2670 πίστει
3158 2619 3538 2690 παρελθόντων
3575 2637 3590 2653 ⁶
3638 2623 3689 2675 οἱ

2100 2699 2158 2752 δέ
2223 2702 2626 2772 κατηχούμενοι
2699 2704 2822 2758 οὐδὲ
2888 2705 3101 2779 ταύτης
3147 2707 3535 2774 καταξιοῦνται
3589 2713 3693 2784 τῆς

2103 2793 2480 2863 παραμυθίας,
2506 2794 2640 2848 ἀλλά
2696 2796 3100 2870 ἀπεστέρηνται
3157 2800 3339 2872 πάσης
3371 2803 3469 2873 τῆς
3501 2805 3691 2859 τοιαύ-

2100 2900 2202 2954 της
2271 2884 2544 2956 βοηθείας,
2606 2887 2748 2959 πλὴν
2798 2891 2928 2961 μιᾶς
2981 2909 3150 2956 τινος.
3221 2894 3388 2959 Ποίας
3432 2896 3496 2966 δὴ
3559 2898 3692 2952 ταύ-

2103 2991 2245 3045 της;
2291 2975 2512 3030 Ἔνεστι
2562 2978 2791 3050 πένησιν
2851 2982 2993 3053 ὑπὲρ
3043 2984 3225 3038 αὐτῶν
3276 2987 3509 3043 διδόναι·
3550 2995 3696 3046 ποιεῖ

2105 3085 2228 3122 τινα
2279 3068 2463 3134 αὐτοῖς
2509 3071 2836 3142 παραψυχὴν
2876 3073 2935 3126 τὸ
2985 3077 3221 3146 πρᾶγμα
3249 3095 3262 3108 ·
3291 3080 3384 3133 καὶ
3409 3081 3518 3153 γὰρ
3559 3086 3692 3154 παρ’

2105 3161 2353 3234 ἀλλήλων
2381 3164 2527 3234 ἡμᾶς
2555 3163 2886 3234 ὠφελεῖσθαι
2935 3165 3187 3236 βούλεται
3229 3171 3256 3223 ὁ
3300 3171 3454 3237 Θεός.
3504 3176 3603 3229 Διά
3641 3176 3694 3228 τί

2106 3252 2216 3325 γάρ
2239 3253 2382 3326 ὑπὲρ
2419 3256 2645 3328 εἰρήνης
2698 3258 2794 3310 καὶ
2841 3259 3164 3325 εὐσταθείας
3193 3263 3286 3316 τοῦ
3318 3265 3525 3336 κόσμου
3569 3269 3694 3323 ἐκέ-

2107 3345 2300 3402 λευσεν
2350 3347 2611 3419 εὔχεσθαι
2644 3367 2660 3414 ;
2693 3349 2783 3404 διὰ
2824 3350 2877 3404 τί
2920 3349 3061 3423 ὖ’πέρ
3095 3353 3314 3410 πάντων
3339 3357 3644 3429 ἀνθρώπων
3677 3381 3694 3429 ;

2107 3439 2302 3494 Καίτοι
2319 3457 2384 3509 γε
2413 3441 2650 3496 ἐνταῦθα
2679 3444 2737 3497 ἐν
2770 3443 2938 3497 πᾶσίν
2961 3447 3068 3500 είσι
3099 3448 3192 3502 καὶ
3215 3449 3412 3522 λῃσταὶ
3431 3454 3528 3506 καὶ
3551 3472 3694 3526 τυμ-

2111 3530 2348 3602 βωρύχοι
2376 3533 2470 3586 καὶ
2507 3532 2766 3602 κλέπται,
2797 3535 2894 3589 καὶ
2921 3535 3134 3607 μυρίων
3168 3540 3357 3595 κακῶν
3386 3543 3651 3612 γέμοντες
3678 3564 3700 3577 ’γ

2109 3619 2224 3673 ἀλλ’
2267 3621 2418 3691 ὅμως
2469 3620 2611 3693 ὑπὲρ
2653 3623 2875 3678 πάντων
2907 3627 3180 3697 εὐχόμεθα
3208 3647 3224 3661 ο
3256 3629 3386 3695 ἴσως
3413 3633 3521 3705 γὰρ
3542 3635 3698 3690 ἔσται

2107 3727 2190 3773 τις
2213 3710 2395 3763 αὐτῶν
2422 3713 2750 3783 ἐπιστροφή.
2785 3714 2995 3786 Ὥσπερ
3025 3711 3121 3770 οὖν
3151 3717 3290 3790 ὑπὲρ
3332 3720 3440 3774 τῶν
3475 3723 3696 3788 ζώντων

2111 3800 2383 3871 εὐχόμεθα
2413 3800 2525 3854 τῶν
2551 3802 2704 3856 οὐδὲν
2729 3802 3161 3861 διαλλαττόντων
3187 3808 3306 3863 τῶν
3324 3812 3538 3881 νεκρῶν
3562 3853 3576 3878 ,
3600 3813 3697 3868 οῦ-

2109 3909 2218 3955 τως
2247 3891 2426 3948 ἔνεστι
2449 3893 2545 3947 καὶ
2575 3894 2717 3966 ὑπὲρ
2745 3894 2971 3952 ἐκείνων
2986 3897 3267 3968 εὔχεσθαι.
3301 3901 3358 3955 '0
3405 3904 3521 3958 Ἰὼϐ
3557 3908 3698 3980 ὑπὲρ

2109 3983 2220 4037 τῶν
2250 3983 2459 4038 παίδων
2503 3984 2678 4038 ἐποίει
2728 3983 2942 4050 θυσίας,
2989 3987 3084 4041 καὶ
3129 3989 3471 4060 ἀπήλλαττεν
3499 3994 3698 4056 αὐτοὺς

2110 4075 2218 4129 τῶν
2244 4076 2659 4148 ἁμαρτημάτων
2683 4094 2698 4109 ο
2729 4077 2826 4144 Μή
2856 4093 3002 4132 ποτε
3033 4079 3570 4156 ἐνενόησαν,νησὶ
3594 4127 3609 4149 ,
3643 4088 3701 4140 τι

2076 4240 2079 4243 ι
2110 4168 2181 4221 ἑν
2208 4167 2286 4237 τῇ
2328 4167 2541 4237 καρδίᾳ
2572 4169 2794 4224 αὐτῶν.
2825 4169 2983 4224 Οὕτω
3010 4189 3098 4236 τις
3124 4177 3432 4244 προνοεῖται
3461 4170 3696 4233 παίδων.

2111 4260 2227 4313 Οὐκ
2293 4255 2437 4326 εἷπε,
2484 4259 2740 4331 καθάπερ
2766 4262 2816 4314 οἱ
2847 4261 3032 4316 πολλοὶ
3085 4263 3195 4317 τῶν
3219 4264 3314 4318 νῦν
3349 4266 3653 4337 ἀνθρώπων
3682 4289 3696 4303 ·

2111 4351 2441 4405 Καταλείπω
2481 4351 2666 4416 αὐτοῖς
2692 4352 3008 4425 ὑπάρχοντα
3031 4368 3046 4384 ⁸
3086 4355 3186 4410 οὐκ
3208 4352 3350 4410 εἷπε·
3395 4361 3484 4412 Δῶ
3514 4362 3700 4428 αὐτοῖς

2110 4445 2306 4508 δόξαν·
2339 4445 2440 4498 οὐκ
2492 4440 2669 4498 εἶπεν
2715 4444 2916 4517 Ἀρχὴν
2969 4445 3298 4520 ὠνήσομαιο
3350 4452 3452 4508 ούκ
3505 4450 3697 4510 εἶπεν·

2122 4538 2354 4609 Ἀγροὺς
2411 4537 2661 4608 πρίωμαι
2689 4553 2704 4567 ο
2741 4537 2878 4591 ἀλλὰ
2935 4539 3018 4605 τί;
3049 4541 3144 4608 Μή
3175 4559 3227 4595 τι
3266 4544 3604 4616 ἐνενόησαν
3629 4551 3700 4604 ἐν

2112 4630 2188 4700 τῇ
2237 4629 2453 4698 καρδίᾳ
2501 4629 2731 4685 αὐτῶν.
2764 4631 2830 4683 Τί
2853 4631 2961 4703 γὰρ
3000 4633 3194 4700 ὄφελος
3223 4637 3447 4692 ἐκείνων
3478 4641 3699 4696 πάντων

2112 4721 2347 4777 ἐνταῦθα
2405 4720 2723 4793 μενόντωνς
2781 4722 2969 4777 Οὐδέν.
3032 4725 3134 4778 Τὸν
3189 4727 3421 4782 Βασιλέα
3481 4732 3699 4786 πάντων

2115 4817 2272 4870 ἵλεων
2303 4816 2534 4886 ποιήσω,
2567 4814 2756 4884 φησὶν,
2786 4815 2988 4878 αὐτοῖς,
3020 4816 3114 4869 καὶ
3134 4817 3286 4870 οὐδὲν
3314 4820 3498 4885 αὐτοῖς
3521 4822 3700 4878 λείπει

2113 4905 2300 4958 λοιπόν
2336 4921 2349 4935 ⁸
2387 4905 2606 4972 Κύριος
2641 4905 2771 4975 γὰρ,
2817 4905 2972 4974 φησὶ,
3008 4908 3307 4975 ποιμαίνει
3327 4927 3440 4979 με,
3471 4913 3569 4968 καί
3592 4917 3697 4970 οὐ-

2113 4997 2220 5051 δέν
2241 5014 2315 5067 με
2338 4996 2682 5065 ὐστερήσει.
2717 4991 2884 5060 Οὗτος
2911 4997 3140 5060 πλοῦτος
3193 5000 3386 5074 μέγας,
3411 4999 3566 5068 οὗτος
3597 5006 3698 5076 οη-

2117 5090 2318 5160 σαυρός
2354 5105 2368 5118 ’
2400 5088 2467 5142 ἂν
2524 5087 2614 5141 τὸν
2648 5086 2742 5140 τοῦ
2797 5087 2932 5141 Θεοῦ
2993 5089 3156 5158 φόϐον
3196 5091 3412 5163 ἔχωμεν
3435 5137 3448 5160 ,
3481 5097 3702 5163 οὐδενὸς

2116 5183 2247 5250 ἡμῖν
2275 5181 2356 5234 δεῖ
2383 5197 2395 5210 ·
2428 5181 2494 5234 ἂν
2526 5181 2583 5234 δὲ
2603 5181 2762 5234 τοῦτο
2799 5180 2874 5253 μὴ
2904 5181 3137 5254 ἔχωμεν,
3170 5186 3263 5238 καλ⁸
3285 5187 3387 5257 τὴν
3412 5189 3696 5258 βασιλείαν

2116 5273 2285 5342 αὐτὴν
2317 5271 2412 5324 ἐὰν
2443 5271 2678 5342 ἔχωμεν,
2715 5272 2936 5326 πάντων
2966 5275 3132 5344 ἐσμὲν
3155 5279 3500 5350 πενέστεροι.
3531 5282 3697 5336 Οὐδὲν

2118 5363 2231 5415 ἴσον
2275 5361 2370 5415 τοῦ
2411 5361 2750 5431 φοϐουμένου
2799 5364 2892 5417 τὸν
2939 5364 3179 5438 Κύριονο
3230 5367 3283 5420 '0
3326 5371 3514 5438 φόϐος
3565 5373 3706 5446 γὰρ,

2117 5450 2253 5522 φησὶ
2281 5489 2297 5516 ,
2327 5450 2423 5504 τοῦ
2457 5452 2664 5525 Κυρίου
2701 5452 2898 5508 πάντα
2940 5452 3294 5522 ὑπερέϐαλε.
3329 5458 3531 5512 Τουτον
3563 5477 3707 5532 κτη-υ-

2118 5541 2362 5614 σώμεθα,
2399 5544 2540 5616 ὑπὲρ
2567 5544 2760 5599 τούτου
2812 5544 2992 5599 πάντα
3037 5546 3371 5619 πράττωμεν
3403 5564 3417 5579 ’
3454 5551 3559 5606 κᾶν
3603 5553 3704 5625 τὴν

2115 5636 2294 5707 ψυχὴν
2329 5637 2623 5691 ἀποδόσθαι
2670 5637 2763 5710 δέῃ
2787 5678 2801 5700 ,
2839 5639 2912 5708 μὴ
2949 5638 3286 5711 φεισὼμεθα,
3319 5643 3422 5698 κάν
3449 5646 3512 5700 τὸ
3543 5647 3708 5719 σῶμα

2118 5729 2423 5799 κατακόψαι
2453 5746 2468 5759 ο
2507 5729 2686 5783 πάντα
2725 5729 3076 5801 πράττωμεν,
3099 5732 3186 5786 ἵνα
3214 5735 3308 5788 τοῦ
3328 5737 3493 5805 φόϐου
3512 5740 3699 5794 τούτου

2121 5819 2490 5890 ἐπιτύχωμεν.
2535 5819 2692 5874 Οῦτω
2734 5820 2839 5892 γὰρ
2881 5822 3118 5893 ἐσόμεθα
3139 5825 3358 5880 πάντων
3393 5829 3701 5901 εὐπορώτε-
