4170 6496
369 412 477 468 .‘205
1292 413 1354 469 IN
1398 413 1614 471 EPiST.
1657 415 1751 470 AD
1792 415 2082 472 Pllll.lPP.
2126 416 2278 470 CAP.
2325 416 2360 471 1.
2409 418 2644 474 “Oili!”
2690 420 2778 482 IV,

371 528 672 588 faciamus;
712 526 926 582 etiamsi
961 527 1230 582 reddenda
1274 529 1449 582 anima
1479 529 1548 581 sit
1572 569 1586 591 ,
1616 529 1827 583 etiamsi
1860 544 1979 583 eor-

365 639 470 691 pus
501 620 913 686 trucidandum,
944 638 1051 675 non
1084 621 1204 675 ideo
1233 623 1561 692 relugiamus
1587 638 1601 685 ;
1645 624 1823 676 omnia
1859 639 1978 691 qua:

361 717 565 770 decent
609 713 891 777 faciamus,
946 722 1003 766 ut
1063 711 1206 767 hunc
1258 713 1504 767 timorem
1561 728 1979 784 consequamur.

363 806 482 861 lloc
516 805 665 860 enim
709 805 870 860 modo
897 815 949 859 et
972 806 1224 860 omnibus
1256 807 1460 860 erimus
1487 806 1896 878 opulentiores,
1927 815 1983 862 et

3599 432 3703 489 ⁸2116

2092 529 2266 582 lutnra
2309 546 2707 603 eonseqnemur
2746 536 2909 602 bona,
2960 539 3010 592 in
3060 539 3278 595 Christo
3308 543 3433 596 Jcsu
3475 547 3701 602 hmnilm

2092 632 2300 689 nostro,
2338 641 2458 678 cum
2490 643 2598 696 quo
2632 628 2774 682 Patri
2803 630 2958 684 simul
2992 649 3114 686 enin
3140 647 3330 689 saneto
3356 639 3554 707 Spiritu
3582 647 3700 710 glo-

2091 717 2193 779 ria,
2223 719 2484 786 potentia,
2506 731 2561 774 et
2586 721 2778 790 honor,
2814 739 2957 780 nunc
2984 737 3037 782 01
3066 743 3300 799 semper,
3338 741 3389 787 et
3417 732 3470 786 iu
3501 738 3700 791 saecula

2090 813 2434 868 saeculorum.
2471 817 2666 871 Amen.

371 963 600 978 *

2282 974 3267 996 __.____________

1861 1043 2207 1107 HOMILIA
2256 1049 2364 1110 IV.

361 1193 494 1249 Cn.
531 1191 583 1248 1.
613 1188 704 1246 (1³.2.
747 1187 812 1246 Et
840 1190 963 1262 quid
993 1192 1199 1260 eligam,
1234 1194 1428 1263 ignoro.
1459 1191 1549 1246 25.
1582 1190 1831 1247 Coarclor
1877 1207 1973 1243 cu—

437 1299 537 1339 tem
568 1286 794 1350 duobus,
827 1285 1134 1339 desiderium
1162 1287 1352 1340 habens
1383 1285 1595 1338 dissolri
1622 1295 1668 1338 et
1714 1300 1821 1337 esse
1863 1301 1978 1336 cum

437 1379 692 1440 Christo;
742 1376 901 1430 multo
941 1376 1076 1429 enim
1117 1377 1280 1445 magis
1313 1378 1491 1430 melius
1517 1376 1646 1429 121.
1680 1391 1980 1444 permanere

433 1489 610 1532 autem
637 1476 689 1528 in
724 1491 881 1529 carne
912 1475 1075 1545 magis
1106 1475 1449 1528 necessarium
1489 1483 1696 1540 promer
1736 1487 1841 1523 vos.
1883 1470 1975 1524 ‘25.

433 1567 504 1622 Et
537 1569 633 1621 hoc
676 1567 943 1636 conﬁdens
983 1567 1089 1620 scio
1120 1568 1240 1637 quia
1283 1565 1495 1619 manebo
1518 1606 1532 1630 ,
1566 1575 1611 1619 et
1650 1562 1977 1618 commonebo

433 1661 673 1715 omnibus
693 1662 832 1714 vobis
854 1661 922 1713 ad
939 1663 1220 1731 profectum
1244 1670 1459 1712 vestrum
1487 1668 1531 1710 et
1549 1657 1794 1728 gaudium
1817 1657 1938 1723 [idei
1957 1673 1976 1710 :

430 1755 526 1809 211.
555 1764 608 1806 ut
635 1753 879 1823 gloria'io
910 1763 1077 1806 vestra
1106 1751 1327 1804 abundet
1351 1752 1404 1804 in
1430 1749 1634 1807 Clu-isto
1658 1747 1782 1802 Jesu
1825 1750 1875 1802 iu
1900 1766 1978 1800 me

433 1864 526 1916 per
551 1861 718 1899 meum
740 1844 1014 1896 adventum
1035 1843 1220 1897 iterum
1241 1843 1309 1894 1111
1334 1859 1440 1897 ros.

436 1940 493 1994 1.
537 1938 676 1993 Nihil
705 1938 853 1993 Pauli
879 1937 1059 1991 anima
1091 1937 1300 1990 beatius
1322 1977 1337 2002 ,
1369 1937 1622 2006 quoniam
1655 1935 1783 1988 nihil
1814 1935 1973 1989 etiam

367 2031 550 2101 magis
579 2045 918 2101 generosum.
946 2028 1100 2083 Nunc
1126 2043 1255 2084 vero
1285 2038 1472 2083 contra
1501 2028 1570 2082 de
1591 2028 1842 2082 omnibus
1867 2027 1974 2082 diei

369 2132 554 2194 potest
586 2140 598 2176 :
635 2121 766 2176 nihil
798 2120 956 2176 nobis
983 2120 1269 2185 inﬁrmius,
1303 2119 1435 2175 nihil
1481 2119 1752 2174 miserius.
1801 2119 1972 2188 Prop-

362 2225 514 2272 terea
549 2230 739 2270 omnes
769 2213 1053 2271 horremus
1082 2224 1336 2279 mortem,
1372 2214 1566 2284 partim
1593 2213 1814 2286 quidem
1845 2228 1973 2282 pee-

352 2320 606 2365 calorum
657 2309 1005 2364 multitudine
1051 2309 1298 2378 gravati,
1349 2323 1576 2378 quorum
1620 2323 1721 2377 ego
1760 2322 1974 2376 quoque

353 2419 500 2457 unus
521 2418 676 2467 sum;
706 2403 902 2472 partim
931 2417 1062 2456 vero
1091 2402 1213 2455 11110
1243 2401 1444 2471 cupidi.
1475 2410 1528 2455 et
1557 2399 1691 2455 mori
1717 2398 1972 2454 miserum

349 2493 621 2548 ducentes
652 2508 666 2546 :
693 2492 888 2564 quibus
920 2507 1021 2564 ego
1057 2493 1262 2547 utinam
1295 2506 1586 2562 numquam
1614 2490 1970 2545 adnumerer!

349 2586 626 2641 animales
647 2585 793 2642 enim
824 2596 969 2652 sunt,
999 2587 1090 2656 qui
1119 2585 1261 2639 hunc
1290 2585 1539 2638 timorem
1571 2584 1780 2638 timent.
1830 2583 1974 2652 Ergo

355 2679 487 2745 hoc,
518 2678 663 2748 quod
695 2693 887 2733 omnes
921 2678 1227 2742 horremus,
1263 2677 1352 2731 ille
1381 2677 1600 2746 aptabat
1621 2718 1636 2741 ,
1670 2691 1844 2744 eoque
1890 2675 1973 2728 in-

351 2769 686 2835 cumbebat,
722 2770 793 2822 ita
826 2768 1015 2823 dicens
1045 2785 1057 2821 :
1094 2767 1317 2822 Dissolvi
1358 2768 1517 2821 multo
1551 2768 1714 2838 magis
1755 2767 1969 2831 melius,

351 2876 402 2918 et
426 2863 554 2931 quid
580 2863 790 2932 eligam,
821 2863 1022 2933 ignoro.
1053 2861 1190 2930 Quid
1223 2863 1341 2917 ais?
1371 2877 1490 2915 cum
1526 2861 1648 2915 hinc
1674 2861 1857 2914 abiens
1905 2861 1970 2914 ad

351 2957 552 3012 cadum
577 2956 653 3010 sis
682 2955 1028 3024 migraturus,
1060 2965 1113 3010 et
1139 2971 1262 3009 eum
1295 2953 1511 3009 Christo
1544 2954 1785 3015 iuturus,
1819 2953 1972 3023 igno-

354 3066 448 3103 ras
469 3047 602 3119 quid
627 3048 838 3118 eligas?
859 3047 966 3104 Sed
989 3048 1145 3116 longe
1167 3050 1285 3102 haec
1311 3047 1505 3100 absunt
1533 3062 1560 3099 a
1591 3045 1742 3100 Pauli
1769 3046 1970 3100 anima.

353 3144 491 3210 Quis
525 3142 678 3202 enim,
705 3140 896 3207 fuerit,
929 3141 1013 3195 cui
1045 3140 1089 3194 si
1119 3140 1236 3194 11ωο
1265 3155 1390 3195 1010
1417 3138 1678 3194 offeratur
1706 3138 1967 3204 conditio,

353 3252 466 3288 non
483 3233 631 3288 illam
655 3233 1052 3304 quamprimum
1067 3231 1326 3303 arripiat?
1347 3232 1529 3298 Certe,
1551 3232 1742 3302 inquit,
1768 3247 1927 3286 nemo
1951 3245 1967 3286 :

351 3341 383 3380 s
419 3325 454 3380 11
486 3325 944 3396 quemadmodum
975 3326 1195 3380 minime
1223 3335 1471 3379 nostrum
1521 3333 1604 3379 est
1646 3340 1804 3395 posse
1843 3324 1969 3378 illud

349 3417 568 3478 dicere.
599 3415 770 3485 Cupio
793 3415 1039 3480 disSolri,
1072 3425 1127 3471 et
1151 3431 1272 3471 esse
1293 3431 1415 3470 cum
1444 3416 1662 3471 Christo
1696 3433 1708 3470 :
1743 3416 1813 3470 ita
1845 3431 1968 3470 eum

352 3510 410 3563 id
437 3510 658 3578 assequi
691 3509 870 3573 liceat,
901 3507 1124 3563 minimc
1153 3519 1396 3562 nostrum
1449 3519 1530 3563 est
1555 3550 1571 3573 ,
1622 3508 1710 3562 hic
1753 3524 1972 3563 manere

351 3601 543 3665 velle;
574 3599 671 3655 sed
700 3610 987 3670 utrumque
1015 3599 1163 3654 Pauli
1194 3608 1296 3663 est,
1328 3608 1383 3654 et
1411 3599 1554 3652 illius
1584 3600 1799 3652 animai.
1831 3598 1969 3666 Quid

348 3705 464 3762 cst,
486 3693 631 3764 quod
649 3694 819 3750 dicis?
848 3692 1071 3748 nostiac
1097 3709 1196 3764 pro
1222 3705 1502 3762 Comperto
1535 3692 1700 3746 habes
1731 3691 1969 3746 futurum

353 3801 412 3843 te
445 3805 570 3844 esse
599 3803 723 3842 cum
752 3787 992 3854 Christo,
1021 3797 1074 3842 et
1104 3787 1320 3841 1110511115
1348 3802 1411 3841 110
1438 3786 1595 3850 111015,
1629 3784 1768 3850 Quid
1786 3785 1972 3854 eligam

350 3880 578 3934 nescio?
605 3895 782 3950 neque
815 3881 919 3934 hoc
964 3888 1170 3932 tantum
1198 3918 1213 3940 ,
1255 3877 1352 3932 sed
1407 3878 1569 3931 etiam
1617 3876 1706 3930 hic
1751 3892 1972 3930 inani-re

352 3973 521 4042 eligis
542 3971 568 4025 2
593 3970 828 4034 Manere,
863 3970 1106 4040 inquam,
1138 3970 1188 4024 in
1211 3970 1416 4023 carne?
1444 3967 1580 4036 Quid
1635 3967 1747 4021 ita?
1793 3984 1974 4022 nonne

351 4065 619 4122 acerbam
650 4065 814 4120 11111111
845 4064 1128 4120 ducebas?
1159 4063 1209 4117 in
1242 4062 1457 4133 vigiliis,
1490 4063 1542 4116 in
1568 4062 1878 4131 naufragiis,
1919 4063 1969 4116 111

353 4158 510 4212 fame
535 4165 590 4211 et
611 4156 700 4210 siti
731 4165 788 4211 et
812 4156 1078 4220 nuditate,
1112 4155 1163 4208 in
1187 4155 1331 4210 curis
1372 4164 1428 4208 et
1473 4153 1969 4217 sollicitudinibus;

350 4266 486 4305 cum
519 4248 616 4311 iis,
651 4247 742 4317 qui
797 4247 1250 4313 inlirmabantur,
1302 4245 1703 4311 inlirmaharis;
1754 4255 1974 4316 propter

351 4358 480 4408 eos,
504 4343 597 4414 qui
630 4344 682 4396 in
714 4343 1027 4397 scandalum
1062 4340 1387 4405 incidebant,
1414 4341 1677 4396 urebaris.
1700 4339 1764 4393 lu
1788 4341 1971 4406 multa,

354 4436 582 4509 inquit,
614 4437 886 4507 patientia,
918 4435 971 4488 in
1009 4435 1444 4499 tribulationibus,
1474 4435 1525 4487 iu
1564 4435 1966 4498 necessitatibus,

348 4532 410 4584 in
441 4530 714 4600 angustiis,
741 4529 795 4582 iu
823 4529 1012 4598 plagis,
1043 4529 1095 4581 in
1119 4528 1432 4590 carceribus,
1457 4530 1510 4581 111
1533 4527 1864 4580 seditionibus
1886 4569 1899 4591 ,
1922 4528 1972 4579 in

339 4622 598 4694 jejuniis,
623 4621 930 4675 iueastitate
965 4620 1059 4689 (9..
1093 4621 1210 4673 Cor.
1240 4621 1292 4674 6.
1323 4621 1376 4674 4.
1404 4620 1440 4674 5
1465 4621 1503 4690 >.
1537 4620 1818 4691 Quinquies
1845 4638 1974 4692 qua-

350 4713 623 4782 dragenas
654 4729 755 4766 una
780 4714 947 4766 minus
969 4713 1165 4783 accepi,
1191 4723 1264 4767 ter
1285 4713 1438 4783 virgis
1461 4729 1625 4766 ctvsus
1653 4729 1766 4768 sum
1783 4755 1797 4776 ,
1821 4715 1975 4767 semel

352 4807 628 4876 lapidatus
646 4823 781 4871 sum,
809 4815 955 4860 nocte
979 4816 1026 4860 et
1052 4805 1135 4858 die
1156 4808 1207 4858 in
1231 4805 1491 4875 profundo
1515 4806 1670 4857 maris
1693 4805 1771 4874 [ui
1791 4821 1809 4869 ,'
1840 4806 1976 4875 peri-

353 4897 496 4951 culis
526 4897 821 4966 ﬂuminum,
849 4897 1088 4965 periculis
1108 4896 1387 4960 latronum,
1414 4897 1651 4966 periculis
1673 4898 1724 4949 in
1752 4898 1969 4964 civitate,

354 4990 605 5045 periculis
636 4990 687 5041 in
716 4989 1013 5049 solitudine,
1040 4988 1280 5058 periculis
1319 4989 1370 5040 iu
1398 4988 1545 5056 falsis
1578 4987 1824 5057 fratribus
1877 4989 1973 5057 (2.

353 5081 485 5138 Cor.
524 5082 609 5136 li.
643 5080 736 5136 94.
768 5079 887 5149 211).
919 5080 1110 5135 Nonne
1131 5096 1254 5136 eum
1280 5088 1389 5134 tota
1417 5080 1727 5135 Galatarum
1755 5097 1886 5150 gens
1908 5080 1973 5135 ad

350 5175 498 5244 legis
525 5175 963 5230 observationem
992 5189 1209 5229 reversa
1240 5185 1408 5238 esset,
1440 5172 1712 5228 clamabas
1740 5175 1924 5228 dii-ens
1957 5192 1971 5226 :

351 5269 465 5336 Qui
496 5269 548 5321 in
571 5269 680 5340 lege
695 5268 1077 5340 justi/icamini,
1104 5287 1135 5320 a
1161 5267 1329 5338 gratia
1353 5267 1611 5321 excidislis
1634 5265 1776 5334 (Gal.
1891 5266 1974 5334 4)?

346 5368 534 5432 Quem
557 5374 685 5417 tunc
708 5364 910 5418 luctum
944 5379 1050 5416 non
1081 5363 1342 5416 hausisti?
1373 5371 1534 5431 atque
1563 5361 1738 5416 adlmc
1771 5360 1972 5414 ﬂuxam

348 5456 504 5511 hanc
531 5455 696 5508 vitam
730 5453 1054 5508 desideras?
1089 5452 1218 5506 Nam
1249 5451 1462 5506 tametsi
1495 5451 1628 5504 nihil
1659 5453 1846 5503 borum
1880 5450 1972 5504 tibi

343 5549 684 5612 accidisset,
719 5558 772 5602 et
803 5546 1237 5616 quibuscumque
1262 5554 1410 5600 recte
1439 5544 1765 5614 lungeharis,
1792 5544 1974 5614 quiete

345 5654 408 5699 et
437 5659 563 5696 cum
594 5641 869 5709 voluptate
899 5639 1111 5692 tunetus
1143 5653 1293 5692 esses
1329 5654 1340 5690 :
1375 5652 1554 5692 nonne
1585 5647 1762 5692 tamen
1805 5651 1973 5705 opor-

346 5739 505 5794 tebat
537 5736 745 5790 incerta
778 5733 941 5788 futuri
969 5732 1230 5804 temporis
1257 5732 1729 5805 pertimescentem
1756 5728 1821 5784 ad
1851 5745 1975 5799 por-

344 5844 471 5888 111111
500 5831 738 5900 aliquem
767 5828 1098 5884 contendere
1120 5827 1142 5878 ’ἓ
1168 5827 1362 5897 Ecquis
1393 5835 1663 5884 mereator
1689 5826 1808 5880 navi
1850 5842 1972 5880 100-

346 5936 450 5982 1115
496 5922 971 5980 innumerabilium
1027 5921 1402 5977 thesaurorum
1460 5921 1654 5993 plena,
1710 5920 1752 5975 si
1811 5920 1971 5975 liccat

2091 1192 2276 1247 subire
2310 1206 2522 1261 portum
2557 1212 2619 1251 ac
2662 1199 3004 1269 requiescere
3031 1243 3045 1265 ,
3093 1203 3224 1256 mari
3278 1205 3453 1260 adhuc
3499 1210 3691 1272 jactari

2090 1287 2281 1339 malit?
2309 1289 2491 1358 Cthtis
2519 1290 2742 1357 athleta,
2767 1308 2887 1346 cum
2910 1293 3282 1348 lieeateorona
3311 1299 3488 1365 potiri,
3519 1301 3695 1353 adhuc.

2086 1389 2296 1433 certare
2327 1382 2604 1449 postulet?
2635 1385 2819 1452 eoquis
2845 1385 2987 1454 pugil
3010 1429 3022 1446 ,
3060 1402 3182 1440 cum
3220 1405 3475 1442 eoronam
3525 1394 3694 1459 possit

2087 1474 2354 1542 act-ipere,
2390 1476 2540 1530 maiit
2569 1493 2757 1531 rursus
2802 1479 2850 1531 iu
2898 1492 3172 1534 certamen
3223 1481 3555 1537 descendere
3583 1528 3595 1544 .
3639 1495 3693 1540 et

2086 1580 2241 1618 suum
2290 1567 2456 1636 ipsius
2515 1581 2675 1638 caput
2721 1574 3112 1627 emit-idemlnm
3164 1577 3451 1644 pra-bere?
3503 1582 3690 1644 ecquis

2084 1657 2216 1721 dux,
2242 1660 2380 1729 quia
2409 1660 2546 1715 bello
2568 1678 2688 1716 eum
2713 1665 2879 1732 gloria
2934 1674 2987 1718 et
3011 1667 3228 1734 tropa-is
3259 1667 3472 1720 liberari
3500 1682 3678 1738 qui-at,

2085 1763 2137 1804 et
2166 1767 2287 1806 cum
2322 1770 2445 1820 rege
2477 1754 2526 1807 in
2558 1757 2702 1824 regia
2733 1756 2945 1826 quietus
2977 1758 3173 1825 degere
3206 1775 3371 1827 seque
3393 1759 3685 1825 oblectare,

2083 1844 2259 1900 adhuc
2290 1856 2342 1898 et
2369 1847 2563 1901 sudare
2587 1859 2868 1917 prteoptet,
2899 1860 2944 1900 et
2973 1850 3023 1902 in
3053 1850 3221 1904 aciein
3257 1852 3514 1918 prodire?
3544 1854 3690 1920 Quo-

2085 1937 2244 1992 tundo
2270 1938 2432 2008 igitur
2457 1941 2593 1994 adeo
2640 1943 2890 1994 acerbam
2945 1944 3107 1995 vitam
3156 1944 3343 1998 1110115
3388 1945 3562 2000 111111110
3609 1948 3689 2000 vis

2087 2031 2137 2084 in
2171 2035 2331 2086 terris
2359 2036 2624 2088 manere?
2654 2053 2832 2089 annon
2865 2045 2951 2090 tua
2984 2049 3108 2091 sunt
3137 2038 3236 2092 ista
3267 2041 3467 2095 verba?
3518 2041 3688 2093 'l'inu-o

2083 2142 2146 2177 ne
2167 2130 2441 2195 [orte,emu
2469 2127 2585 2182 aliis
2611 2129 2992 2198 prmdieaverim
3014 2173 3029 2192 ,
3061 2130 3172 2198 ipse
3213 2132 3459 2200 reprobus
3500 2134 3689 2202 cfﬁciur

2083 2217 2102 2284 (
2131 2217 2174 2271 l.
2211 2215 2331 2270 Cor.
2364 2218 2417 2274 9.
2447 2217 2516 2271 27
2539 2222 2577 2287 ).
2609 2219 2666 2274 Si
2697 2221 2825 2273 nihil
2858 2221 3002 2274 aliud
3031 2233 3290 2290 111-10101011
3333 2238 3512 2278 causa:
3560 2224 3688 2276 luis-

2083 2319 2194 2371 set,
2229 2309 2344 2363 ha-c
2371 2309 2504 2364 satis
2529 2321 2644 2366 erat
2671 2353 2685 2370 .
2715 2327 2823 2381 quo
2854 2313 3106 2368 liberatio
3134 2313 3536 2369 desideraretur
3578 2331 3590 2366 :
3640 2315 3685 2368 si

2083 2399 2569 2456 innumerabilibus
2597 2403 2752 2458 bonis
2782 2419 3021 2472 pr:esens
3068 2406 3172 2458 vita
3219 2405 3585 2469 abundasset,
3618 2408 3686 2461 ab

2085 2492 2185 2547 hac
2231 2502 2408 2548 tamen
2467 2494 2682 2549 liberari
2734 2497 3027 2563 optandum
3073 2508 3225 2562 erat,
3263 2499 3332 2550 oh
3373 2499 3684 2563 Christum,

2082 2600 2242 2654 quem
2269 2585 2636 2640 desiderabas.
2665 2586 2709 2641 Ο
2742 2587 2888 2640 Pauli
2924 2590 3192 2643 animam!
3223 2589 3352 2642 nihil
3378 2590 3451 2642 illi
3484 2607 3578 2659 par
3595 2603 3686 2645 aut

2083 2676 2200 2736 fuit,
2226 2686 2318 2729 aut
2347 2677 2581 2732 futurum
2604 2687 2705 2733 est.
2727 2679 2911 2734 Times
2932 2680 2976 2733 si
3007 2682 3059 2733 in
3081 2682 3180 2735 hac
3203 2681 3306 2734 vita
3341 2697 3682 2749 permaneas,

2081 2768 2208 2838 quid
2245 2767 2480 2823 futurum
2509 2769 2620 2831 sit;
2655 2770 2952 2825 innumeris
2976 2773 3128 2825 malis
3161 2772 3462 2840 implicatus
3501 2789 3558 2827 es
3585 2817 3598 2836 ,
3630 2784 3686 2829 et

2084 2869 2260 2912 tamen
2291 2875 2508 2914 recusas
2534 2862 2674 2927 apud
2707 2861 2983 2915 Christum
3014 2864 3174 2917 esse?
3205 2862 3437 2928 11001150,
3469 2865 3636 2934 inquit
3667 2906 3682 2927 ,

2083 2950 2242 3020 idque
2273 2961 2490 3020 propter
2523 2950 2799 3007 Christum
2836 2971 2848 3008 :
2883 2964 2934 3007 ut
2967 2969 3104 3023 quos
3127 2954 3200 3008 illi
3231 2956 3412 3024 paravi
3459 2971 3646 3010 seri-os
3667 2998 3680 3018 ,

2083 3045 2290 3098 lirmius
2318 3045 2369 3097 in
2401 3046 2543 3100 illius
2570 3062 2756 3101 amore
2778 3048 3045 3102 stabiliam
3084 3066 3096 3102 :
3127 3060 3180 3102 ut
3213 3064 3276 3104 ex
3325 3065 3487 3119 agro,
3520 3066 3683 3119 quem

2081 3137 2336 3206 planlm‘i,
2365 3137 2568 3192 functus
2588 3138 2805 3209 decerpi
2835 3155 3041 3195 curem.
3067 3141 3184 3196 Non
3216 3143 3436 3206 audisti,
3468 3160 3553 3196 me
3576 3160 3682 3198 non

2078 3246 2322 3299 quaerere
2349 3231 2491 3301 quod
2521 3231 2650 3288 mihi
2696 3233 2826 3287 u:i|e
2875 3244 2992 3298 est,
3041 3233 3135 3289 sed
3185 3235 3326 3305 quod
3379 3235 3687 3305 proximis?

2082 3339 2187 3376 non
2211 3323 2431 3388 audisti,
2463 3325 2592 3379 mihi
2625 3326 2675 3381 in
2703 3328 2901 3396 optatis
2933 3326 3097 3382 fuisse
3148 3329 3432 3384 anathema
3487 3330 3602 3385 ﬁeri
3651 3347 3682 3384 11

2078 3415 2316 3478 Chi-isto,
2348 3433 2456 3486 quo
2482 3418 2632 3472 multi
2661 3419 2727 3472 ad
2759 3419 2906 3472 illum
2941 3420 3225 3473 vi-nirent?
3252 3421 3352 3489 Qui
3377 3420 3502 3476 illud
3521 3422 3678 3490 elegi,

2081 3524 2186 3562 non
2218 3508 2579 3578 multomagis
2608 3508 2710 3563 1100
2736 3510 2953 3580 eligam,
2985 3523 3036 3565 ut
3066 3512 3323 3566 damnum
3361 3515 3474 3582 ipse
3494 3528 3559 3567 ex
3585 3512 3685 3566 hac

2082 3616 2231 3652 mora
2261 3610 2317 3654 et
2343 3600 2600 3655 dilatione
2630 3603 2821 3670 patiar,
2851 3618 2958 3672 quo
2986 3603 3091 3657 illis
3126 3604 3303 3674 aliqua
3345 3603 3411 3658 ad
3453 3605 3682 3658 salutem

2079 3693 2318 3747 accessio
2349 3693 2435 3745 liat
2456 3694 2478 3746 ?

2155 3782 2312 3838 Pauli
2333 3785 2532 3838 laudes.
2558 3816 2628 3827 —
2654 3786 2782 3851 Quis
2821 3785 3052 3854 loquetur
3075 3788 3327 3858 potentius
3354 3798 3467 3842 tuas
3489 3789 3507 3858 (
3536 3787 3680 3843 Psal.

2081 3876 2204 3931 105.
2236 3876 2271 3930 2
2291 3876 2332 3944 ),
2372 3877 2618 3941 Domine,
2650 3878 2740 3948 qui
2774 3877 2996 3933 Paulum
3028 3880 3246 3934 minime
3272 3881 3441 3935 latere
3467 3882 3681 3947 siveris,

2079 3971 2170 4041 qui
2199 3971 2356 4024 talem
2387 3970 2560 4024 111-11111
2583 3971 2700 4024 orbi
2723 3972 3068 4026 ostenderis?
3098 3972 3408 4026 Laudarunt
3427 3985 3686 4028 teomnes

2081 4063 2254 4132 angeli
2279 4079 2386 4116 uno
2413 4063 2595 4118 animo
2620 4103 2633 4123 .
2662 4078 2786 4116 cum
2813 4072 2957 4117 astra
2986 4063 3275 4118 fabricatus
3308 4079 3367 4118 es
3412 4073 3466 4118 et
3510 4065 3682 4121 solem

2081 4154 2226 4224 (Job
2256 4155 2348 4211 58.
2380 4156 2444 4226 7)
2471 4175 2486 4220 ς
2518 4155 2614 4210 sed
2669 4172 2775 4210 non
2831 4155 3054 4226 perinde
3091 4166 3250 4226 atque
3295 4171 3361 4211 eo
3403 4166 3679 4226 tempore.

2080 4265 2185 4320 quo
2213 4249 2368 4303 nobis
2395 4251 2603 4320 totique
2625 4250 2742 4304 orbi
2775 4250 2997 4305 Paulum
3019 4249 3326 4304 ostendisti.
3363 4250 3496 4305 Ilinc
3537 4258 3681 4304 terra

2084 4341 2219 4396 facta
2242 4353 2324 4397 est
2355 4341 2687 4411 splendidior
2709 4342 2864 4408 01010,
2897 4340 3173 4412 pulchrior
3201 4341 3286 4395 hic
3316 4340 3446 4397 solis
3483 4341 3685 4396 lumine

2080 4433 2478 4503 Splendidiores
2507 4433 2688 4490 emisit
2719 4432 2956 4504 fulgores
2980 4473 2996 4498 ,
3047 4435 3200 4488 110105
3242 4432 3433 4489 01101111
3481 4434 3684 4490 radios.

2081 4531 2352 4597 Quantum
2387 4527 2474 4582 hic
2499 4526 2656 4583 nobis
2687 4528 2894 4597 peperit
2926 4528 3176 4592 fructum,
3210 4543 3317 4581 non
3353 4528 3528 4599 spicas
3559 4528 3685 4598 piti-

2082 4619 2388 4690 guelaeicns
2411 4661 2425 4686 ,
2454 4627 2545 4673 aut
2579 4618 2803 4674 arbores
2832 4619 3105 4682 nutriens,
3135 4619 3228 4672 sed
3259 4618 3432 4688 ipsum
3470 4618 3686 4688 pietatis

2084 4714 2314 4768 fructum
2342 4721 2395 4766 et
2425 4727 2715 4782 procreans
2745 4723 2798 4766 et
2826 4711 2890 4765 ad
2920 4711 3160 4782 rigorem
3189 4711 3485 4776 adducens,
3510 4720 3564 4765 et
3588 4727 3684 4765 eos

2082 4806 2172 4875 qui
2200 4804 2578 4867 concidebant,
2606 4804 2823 4858 assidue
2867 4804 3164 4858 recreans?
3194 4802 3322 4856 lure
3367 4819 3382 4856 :
3423 4817 3546 4855 nam
3597 4801 3684 4858 hic

2080 4898 2297 4968 quidem
2322 4896 2424 4961 sol,
2458 4896 2600 4968 quod
2631 4896 2800 4951 semel
2836 4897 2886 4950 iu
2919 4896 3175 4950 arborum
3227 4894 3487 4949 fructibus
3531 4908 3687 4948 com-

2084 4989 2370 5059 putruerit,
2406 4990 2691 5044 restituere
2723 5004 3061 5057 nequaquam
3089 4987 3323 5056 poterit;
3360 4985 3560 5041 Paulus
3588 5003 3686 5041 1111-

2082 5092 2188 5137 tem
2217 5097 2311 5137 eos
2340 5082 2523 5146 etiam,
2552 5081 2643 5151 qui
2666 5089 2919 5135 sexcenta
2950 5080 3128 5133 ulcera
3159 5079 3451 5144 habebant,
3493 5094 3523 5132 a
3559 5094 3684 5148 pec-

2080 5176 2509 5232 0111151010011111
2543 5193 2557 5230 :
2590 5185 2747 5243 atque
2790 5173 2878 5227 hic
2922 5174 3063 5228 nocti
3115 5172 3364 5237 decedit;
3417 5171 3506 5226 ille
3554 5187 3686 5224 10111

2079 5270 2296 5323 diabolo
2327 5267 2574 5338 superior
2597 5266 2716 5320 fuit.
2748 5266 2890 5321 Nihil
2920 5265 3068 5320 illum
3095 5265 3324 5328 evertit,
3350 5264 3481 5318 nihil
3515 5278 3682 5333 snpe-

2082 5363 2236 5416 ravit.
2265 5361 2360 5415 llic
2391 5360 2457 5414 de
2484 5358 2700 5412 sublimi
2734 5359 2854 5414 loco
2881 5358 3007 5412 dum
3038 5357 3206 5411 fertur
3230 5398 3244 5420 ,
3293 5356 3472 5410 radios
3517 5354 3680 5410 deor-

2079 5469 2198 5507 sum
2229 5452 2423 5506 emiitit
2457 5469 2468 5503 :
2502 5451 2698 5505 Paulus
2723 5465 2852 5505 111-10
2892 5449 2959 5504 110
3005 5447 3179 5503 infero
3225 5447 3344 5502 loco
3388 5447 3678 5511 exoriens,

2082 5562 2187 5600 non
2210 5546 2325 5598 caeli
2355 5560 2419 5598 ae
2451 5552 2608 5598 terra:
2639 5541 2920 5598 dimidium
2968 5540 3168 5595 lumine
3214 5537 3542 5607 compleiit,
3586 5537 3678 5592 sed

2079 5637 2240 5693 simul
2274 5649 2436 5702 atque
2465 5651 2526 5690 os
2557 5635 2806 5705 aperuit,
2841 5633 3064 5703 angelos
3097 5631 3262 5686 etiam
3297 5630 3443 5700 ipsos
3489 5645 3682 5701 magna

2081 5732 2307 5802 replevit
2332 5731 2628 5800 voluptate.
2659 5728 2790 5783 Nam
2820 5728 2866 5782 si
2895 5742 3005 5781 uno
3052 5723 3272 5779 homine
3308 5721 3683 5793 pinnitentiam

2072 5831 2272 5893 agente
2293 5821 2546 5893 gaudium
2572 5819 2778 5875 exsistit
2801 5818 2854 5873 in
2885 5817 3035 5873 0111115
3067 5814 3233 5887 (Luc.
3267 5814 3356 5869 13.
3389 5814 3456 5869 10
3481 5814 3500 5883 )
3521 5829 3535 5878 ;
3559 5828 3684 5868 cinn

2085 5915 2281 5974 Paulus
2309 5931 2336 5971 11
2369 5910 2540 5988 prima
2570 5913 2830 5970 concione
2861 5910 3061 5968 inultos
3087 5915 3312 5967 venatus
3337 5907 3519 5974 luerit,
3548 5919 3683 5977 quo-
