4170 6512
545 436 653 492 207

551 551 710 606 tuodo
742 549 853 604 ﬁeri
884 547 1072 618 ι-οιιιίι,
1099 553 1154 600 ιιι
1183 559 1408 614 superas
1449 550 1747 613 potestates
1783 539 1977 608 gaudio
2025 553 2130 591 non

551 641 832 710 impleret?

617 732 676 790 9.
702 729 902 800 Ecquid
927 728 1091 784 dico?
1119 727 1251 782 satis
1271 734 1390 781 erat
1440 724 1663 780 Paulum
1707 723 1850 793 loqui
1876 739 1890 786 ;
1942 731 1994 776 et
2040 721 2142 775 hoc

552 827 668 894 ipso
698 825 815 878 ca-li
847 821 1186 877 exsultabant
1215 828 1268 876 et
1308 819 1627 874 laetabantur
1667 817 1686 887 (
1714 815 1858 871 Psal.
1914 816 2000 870 15.
2049 817 2140 884 7).

553 916 761 970 Etenim
789 917 834 970 si
865 913 1123 969 lsraclilis
1148 929 1214 968 ex
1256 911 1492 983 Egypto
1527 910 1846 966 exeuntibus
1873 950 1888 975 ,
1934 919 2145 962 uumtes

551 1009 892 1062 exsultarunt
919 1015 979 1059 ut
1007 1006 1205 1059 arietes
1239 1021 1252 1058 :
1288 1002 1504 1074 quamlo
1530 1001 1781 1055 homines
1807 1015 1871 1054 ex
1920 1009 2060 1053 terra
2093 999 2143 1052 in

551 1099 743 1151 czelum
774 1095 1254 1159 transferebaulur,
1282 1102 1538 1164 qttanttun
1563 1090 1738 1159 gaudii
1773 1099 1922 1160 putas
1942 1089 2146 1142 fuisse?

557 1187 849 1258 Propterea
870 1187 1031 1257 igitur
1057 1185 1366 1242 Permanere
1382 1185 1432 1238 in
1450 1199 1600 1236 carne
1629 1183 1787 1253 ntagis
1808 1183 2147 1235 necessarium

559 1289 766 1350 propter
796 1295 900 1334 vos.
927 1278 993 1334 Et
1032 1295 1152 1348 qua:
1183 1277 1338 1332 nobis
1370 1275 1592 1346 posthac
1633 1275 1822 1330 relicta
1863 1282 1948 1328 est
1985 1287 2148 1327 excu-

559 1374 744 1427 satio?
785 1371 867 1427 Fit
911 1373 1054 1428 enint
1099 1386 1376 1442 persaepe,
1411 1379 1468 1423 ut
1507 1369 1770 1438 quispiam
1821 1382 2037 1435 parvam
2087 1380 2150 1419 ac

562 1481 850 1534 pauperem
879 1464 1150 1519 civitatem
1183 1471 1388 1526 nactus,
1417 1461 1565 1515 abire
1607 1469 1785 1514 tamen
1828 1458 1935 1512 alio
1975 1457 2109 1511 ttulit
2134 1498 2148 1520 ,

562 1567 760 1611 extera
803 1555 981 1609 ontnia
1035 1570 1146 1624 pra:
1191 1571 1285 1610 sua
1335 1556 1516 1624 quiete
1568 1560 1887 1623 postputans
1929 1567 1942 1603 :
1987 1549 2152 1604 Paulo

561 1648 864 1702 abeundum
890 1648 955 1702 ad
979 1647 1254 1703 Clll'iallllll
1279 1658 1414 1704 erat.
1441 1657 1493 1701 et
1517 1661 1624 1700 non
1649 1645 1814 1698 voluit
1837 1643 2110 1698 Christum
2135 1649 2164 1707 ;'

565 1737 836 1793 Christum
863 1738 1036 1805 illtttn,
1067 1754 1227 1809 qttem
1258 1739 1327 1793 ita
1373 1737 1746 1802 desiderabat,
1793 1744 1850 1789 ut
1899 1750 1995 1804 pro
2037 1733 2155 1804 ipso
2193 1769 2198 1773 ς

564 1829 867 1898 gehennam
895 1830 1059 1886 etiam
1089 1831 1351 1900 eligeret:
1383 1828 1476 1884 sed
1504 1828 1680 1883 adlmc
1714 1827 1883 1882 voluit
1909 1842 2151 1892 manere,

564 1937 626 1976 ac
660 1921 905 1976 laborare
935 1921 986 1975 ia
1029 1937 1203 1991 pugna
1253 1937 1355 1992 pro
1400 1921 1726 1975 hominibus.
1777 1921 1954 1990 Ecqua
2001 1919 2157 1976 nobis

564 2011 668 2065 crit
693 2013 969 2066 excusatio
992 2012 1014 2066 ?
1046 2011 1243 2068 Verum
1273 2021 1426 2067 estne
1454 2013 1704 2068 universe
1731 2020 1936 2066 tantum
1954 2011 2157 2066 mentio

567 2102 808 2157 facienda
839 2103 1034 2159 Pauli?
1077 2103 1311 2158 Attende
1355 2103 1483 2174 quid
1530 2104 1718 2174 egerit.
1779 2103 1920 2158 Dixit
1965 2101 2158 2158 melius

563 2207 687 2248 esse
713 2192 886 2260 abire,
920 2210 986 2249 ne
1014 2194 1086 2250 illi
1118 2195 1185 2249 de
1213 2193 1384 2264 ipsius
1415 2205 1586 2249 morte
1613 2195 1894 2259 dolerent;
1923 2194 2158 2248 ostendit

567 2285 754 2351 etiam,
783 2285 828 2339 si
858 2294 1091 2349 maneat,
1125 2285 1326 2340 ideirco
1357 2302 1575 2341 manere
1604 2297 1658 2339 ut
1687 2287 1791 2341 illis
1820 2287 1989 2356 prosit
2015 2301 2157 2342 :non

567 2376 711 2429 enim
737 2375 787 2431 id
811 2392 878 2431 ex
904 2378 1041 2430 mala
1069 2377 1432 2432 insidiantium
1458 2387 1636 2432 mente
1663 2378 1974 2433 succedere.
1999 2378 2160 2449 Igitur

572 2479 628 2520 ut
655 2467 725 2522 illi
751 2466 958 2522 facilius
978 2468 1043 2520 ad
1069 2466 1170 2523 hoc
1198 2467 1526 2522 credendtmt
1558 2469 1911 2529 adducantur,
1941 2484 2158 2523 causam

569 2560 843 2629 apposuit.
876 2559 1008 2614 Nam
1036 2561 1081 2614 si
1110 2559 1160 2614 id
1191 2561 1555 2615 necessarium
1588 2571 1704 2624 est,
1737 2561 1958 2616 mnnino
1984 2562 2161 2618 adhuc

573 2652 832 2712 manebo;
880 2666 979 2706 nec
1028 2660 1231 2705 tantmn
1274 2652 1536 2717 manebo,
1568 2653 1661 2706 sed
1690 2653 1850 2706 etiam
1885 2654 2160 2709 volti~cum

574 2744 823 2797 manelm.
861 2743 971 2798 Iloc
993 2745 1137 2799 cnim
1168 2743 1270 2799 sihi
1295 2744 1482 2798 volunt
1510 2746 1668 2799 verba
1702 2747 1812 2807 illa,
1850 2746 1910 2799 Et
1940 2765 2165 2800 comma-

571 2838 719 2898 nebo.
753 2837 802 2892 id
832 2846 935 2902 est,
962 2837 1154 2891 videbo
1180 2852 1274 2891 vos
1301 2847 1354 2890 et
1381 2838 1654 2892 vobiscum
1687 2839 1956 2892 morabor.
1991 2842 2162 2906 Quam

573 2930 646 2980 ob
667 2942 882 2982 causam
905 2930 929 2980 ?
956 2929 1033 2981 Ad
1062 2931 1342 2998 profectum
1373 2939 1586 2982 vestrum
1632 2938 1678 2982 et
1723 2930 1968 2997 gaudium
2020 2929 2162 2998 ﬁdei.

577 3018 692 3074 lloc
718 3019 838 3074 loco
867 3019 1013 3090 ipsos
1055 3018 1293 3083 excitat,
1346 3029 1402 3071 ut
1450 3017 1552 3072 sibi
1597 3019 1896 3081 attendant.
1943 3018 2076 3073 Nam
2121 3020 2165 3073 si

577 3121 800 3179 propter
831 3126 946 3175 ναις,
977 3109 1168 3179 inquit.
1195 3109 1466 3171 manebo;
1495 3107 1677 3164 videte
1725 3126 1794 3163 ne
1831 3109 2166 3164 mansionem

577 3217 754 3255 meam
781 3201 1140 3256 dedecoretis.
1169 3201 1302 3255 Cum
1328 3200 1438 3270 jam
1469 3199 1717 3254 Christus
1745 3199 1876 3254 mihi
1906 3199 2170 3256 videmlus

579 3303 746 3358 esset,
774 3293 909 3361 elegi
943 3302 1162 3361 propter
1192 3303 1428 3345 vestrum
1463 3290 1759 3361 profectum
1789 3307 2026 3348 manere.
2055 3293 2169 3349 Mea

579 3387 724 3439 enim
758 3386 1042 3455 przesentia
1069 3395 1123 3439 et
1143 3383 1208 3439 ad
1235 3385 1389 3439 tidem
1421 3385 1571 3439 vobis
1619 3386 1781 3451 facit,
1831 3395 1886 3441 et
1926 3387 1990 3441 ad
2036 3403 2170 3458 gau-

578 3477 730 3532 dium
763 3496 776 3532 :
818 3487 1097 3546 propterea
1125 3476 1258 3546 elegi
1293 3493 1529 3532 manere.
1571 3478 1708 3546 Quid
1737 3479 1940 3549 igitur?
1971 3480 2172 3552 Philip-

585 3573 904 3641 peusiunme
930 3581 1132 3624 tantum
1159 3571 1328 3642 gratia
1363 3572 1596 3626 mansit?
1622 3571 1737 3626 Non
1783 3589 1914 3629 sane
1955 3575 2172 3631 illorum

585 3672 791 3715 Littlttttt
815 3662 983 3730 gratia
1012 3663 1227 3726 mansit,
1261 3661 1355 3716 sed
1385 3662 1468 3717 ltis
1518 3663 1694 3717 verbis
1733 3665 2020 3734 quamdam
2069 3667 2176 3721 illis

587 3753 807 3807 adlubet
854 3755 1028 3808 lenem
1077 3755 1418 3808 medicinam.
1471 3755 1752 3821 Quomodo
1800 3767 1982 3810 autem
2022 3768 2179 3812 erant

591 3846 663 3900 illi
697 3845 986 3915 profecturi
1019 3848 1070 3900 in
1105 3847 1249 3902 lide?
1280 3846 1345 3902 lIt
1389 3847 1557 3915 magis
1589 3849 1864 3917 magisque
1908 3861 2004 3902 vos
2043 3864 2178 3904 con-

593 3940 799 3991 lirtnem
833 3954 844 3986 :
879 3938 1100 4008 perinde
1147 3953 1212 3991 ac
1264 3937 1440 4006 pullos
1488 3938 1747 4006 quosdam
1805 3939 1991 3992 matris
2051 3954 2178 3995 cura

591 4043 813 4101 egentes
839 4072 852 4091 ,
882 4031 1054 4084 donec
1083 4030 1211 4096 ipsis
1237 4029 1519 4084 solidiores
1547 4039 1893 4083 succrescant
1919 4031 2038 4085 al.c.
2073 4032 2183 4086 ιιι..

593 4141 752 4192 gnum
778 4128 877 4178 hoc
899 4123 1137 4178 caritatis
1161 4122 1436 4176 indicium.
1461 4120 1540 4174 Ad
1564 4120 1704 4175 hunc
1726 4121 1940 4177 modum
1971 4141 2001 4179 a
2027 4128 2182 4183 nobis

593 4217 755 4273 οιὶ.ιιιι
805 4218 1022 4286 quidam
1072 4215 1291 4270 excitari
1341 4213 1548 4274 solent,
1601 4223 1762 4282 atque
1817 4215 1886 4269 ita
1912 4215 2182 4274 dicimus:

594 4309 706 4363 'l‘na
734 4324 892 4363 causa
924 4308 1094 4362 mansi
1118 4349 1132 4371 ,
1165 4316 1221 4360 ut
1250 4318 1300 4360 te
1327 4305 1524 4361 bonum
1553 4305 1855 4361 redderem.
1891 4307 1959 4362 Ut
2001 4321 2183 4380 gratu-

593 4401 718 4454 latio
747 4411 930 4460 vestra.
962 4400 1154 4468 inquit,
1189 4397 1407 4451 abundet
1433 4397 1484 4451 in
1512 4397 1712 4452 Christo
1737 4397 1863 4453 Jesu
1891 4401 1943 4453 in
1975 4418 2053 4455 me
2094 4419 2187 4472 per

593 4509 761 4546 meum
790 4492 1057 4544 adventum
1085 4492 1264 4543 iterant
1291 4490 1360 4542 ad
1391 4505 1491 4543 vos.
1523 4489 1686 4544 Vides
1714 4492 1812 4546 ista
1848 4507 2000 4555 voce,
2033 4493 2185 4548 Com-

595 4581 828 4643 manebo,
861 4583 958 4634 hoe
982 4580 1121 4649 quod
1152 4579 1394 4635 dicebam
1424 4581 1780 4650 significatum
1825 4588 1994 4638 esse?
2041 4585 2184 4640 Con-

597 4675 774 4728 sidera
823 4675 1196 4728 humilitati-nt.
1244 4673 1506 4740 Quoniam
1555 4675 1730 4738 dixit,
1773 4676 1853 4728 Ad
1903 4678 2186 4747 profectum

597 4780 812 4823 restrum
836 4808 850 4828 ,
875 4767 1110 4821 ostendit
1142 4766 1192 4820 id
1221 4767 1321 4820 sibi
1363 4783 1576 4836 quoque
1627 4768 1907 4822 utiIitatcm
1955 4770 2183 4836 alicrre;

597 4863 738 4930 quod
767 4863 928 4917 etiam
959 4861 1083 4916 facit
1111 4859 1176 4913 ad
1228 4859 1502 4914 Ronmnos
1545 4861 1787 4915 scribens
1835 4861 1918 4915 bis
1971 4863 2184 4931 verbis,

598 4952 659 5006 IJ
696 4965 766 5006 est
812 4952 964 5006 simul
985 4951 1238 5006 consolari
1281 4951 1332 5003 in
1377 4951 1510 5004 vobis
1533 4967 1551 5004 :
1575 4961 1730 5004 antea
1759 4953 1902 5007 enim
1933 4953 2139 5008 dixerat
2167 4994 2185 5021 ,

600 5047 668 5100 Ut
690 5045 887 5113 aliquid
913 5043 1176 5107 impertiar
1203 5043 1339 5096 vobis
1369 5045 1548 5114 gratia:
1577 5045 1859 5112 spiritualis
1897 5045 1914 5114 (
1940 5045 2088 5100 Ilont.
2133 5047 2184 5100 l.

600 5138 684 5190 Η.
721 5141 772 5189 ιι
797 5137 836 5204 ).
855 5133 990 5201 Quid
1014 5143 1192 5188 autem
1222 5134 1321 5188 hoc
1345 5146 1448 5198 est,
1481 5133 1548 5190 Ut
1577 5135 1816 5206 gloriatio
1837 5148 1998 5190 vestra
2018 5137 2186 5192 abun-

599 5231 723 5285 det?
753 5229 806 5283 ld
831 5238 933 5292 est,
967 5235 1024 5282 ut
1048 5237 1256 5282 crescat
1282 5226 1354 5292 id,
1383 5228 1522 5297 quod
1552 5238 1667 5282 erat
1693 5243 1850 5282 eausa
1879 5231 2180 5298 gloriandi:

602 5323 703 5376 hoc
735 5330 911 5375 autem
941 5329 1021 5372 est
1042 5319 1376 5376 corroborari
1407 5321 1456 5373 in
1487 5321 1587 5373 lide
1615 5323 1633 5387 (
1659 5320 1770 5373 Itatc
1800 5322 1942 5374 enim
1969 5332 2051 5376 est
2071 5322 2188 5392 glo-

603 5413 760 5468 riatio
791 5413 842 5465 in
873 5410 1132 5480 Christo),
1167 5423 1310 5466 recte
1337 5413 1536 5465 vivere.
1570 5411 1712 5480 Ergo
1743 5409 1995 5464 Gloriatio
2022 5423 2188 5464 vestra

601 5510 653 5559 in
683 5524 761 5560 me
787 5522 876 5576 per
905 5521 1070 5560 meum
1097 5504 1366 5559 adventum
1396 5506 1576 5558 iterum
1599 5504 1666 5556 ad
1688 5505 1811 5557 eos?
1833 5504 2081 5566 Maxime,
2109 5504 2187 5557 in.

600 5599 737 5668 quit,
774 5598 902 5665 Qua:
925 5599 1057 5652 enim
1083 5607 1156 5651 est
1181 5614 1298 5667 spes
1323 5606 1497 5650 nostra
1517 5605 1603 5648 aut
1633 5611 1746 5664 qua!
1769 5601 1959 5649 cerona
1987 5595 2184 5666 gloria-

601 5691 794 5745 tionis?
823 5707 990 5745 nonae
1016 5700 1064 5744 et
1104 5705 1189 5744 vos
1231 5689 1320 5762 (Ι.
1374 5689 1551 5743 Thess.
1598 5690 1656 5745 Ξ.
1702 5689 1849 5759 l9)?
1903 5688 2000 5743 Vos
2041 5691 2185 5744 enim

599 5781 720 5833 estis
746 5783 982 5849 gloriatio
1005 5793 1178 5836 nostra
1202 5821 1216 5846 ,
1247 5781 1670 5851 quemadmodum
1695 5790 1741 5835 et
1763 5797 1854 5834 nos
1885 5791 2049 5836 vestra
2087 5783 2181 5851 (2.

599 5876 718 5926 (in.
758 5875 801 5930 Ι.
841 5875 964 5943 ll);
997 5875 1046 5928 id
1076 5883 1175 5939 est,
1212 5882 1267 5927 ut
1290 5871 1513 5928 habeam
1541 5888 1644 5942 quo
1669 5873 1718 5927 in
1746 5873 1894 5928 vobis
1919 5873 2179 5944 majorem

1294 429 1350 486 S.
1390 426 1668 484 JOANNIS
1706 421 2177 480 CIIllYSOSTOMI
2220 422 2536 480 AllClllEP.
2578 426 3108 484 (ΖΟΝΞΤᾹΝΙΊΝΟΡ.

3735 429 3844 486 208

2249 536 2301 590 in
2329 538 2543 591 modum
2570 538 2785 607 glorier.
2820 538 3139 606 Quomodo?
3189 537 3255 594 L't
3293 539 3532 612 gloriatio
3556 581 3572 605 ,
3624 541 3796 606 inquit
3824 581 3838 601 .

2249 638 2408 682 rostra
2437 629 2673 684 abundet.
2715 629 2968 698 Majorem
2995 631 3135 685 enim
3168 630 3339 685 habeo
3365 631 3704 702 gloriationis
3729 648 3843 683 ma-

2250 723 2460 786 teriam,
2477 738 2598 776 cum
2618 737 2710 776 Vos
2730 724 3009 793 prolicitis.
3041 721 3143 777 Per
3169 739 3331 776 meum
3357 723 3627 776 adventum
3655 722 3839 775 iterum

2249 813 2318 866 ad
2341 828 2449 868 vos.
2476 814 2576 882 Qut
2612 815 2808 884 igitur?
2835 831 2960 869 num
2985 814 3050 869 ad
3101 816 3245 883 ipsos
3285 813 3484 868 rediit?
3533 813 3644 868 lloc
3687 814 3841 868 vobis

2253 907 2633 977 inquirendmn
2665 907 2943 978 relinquo,
2973 917 3150 962 utrum
3197 907 3436 962 redierit.
3486 908 3581 961 27.
3620 905 3841 960 Tantum

2251 1000 2422 1071 digne,
2451 1001 2656 1071 inquit,
2701 1002 2961 1072 evangelio
3009 1000 3198 1055 Christi
3241 1000 3630 1055 conversamiai.
3686 1000 3842 1054 Vides

2252 1093 2431 1145 ontnia
2473 1108 2822 1163 quaecumque
2867 1093 3035 1156 dixit,
3087 1092 3191 1147 huc
3235 1102 3510 1163 spectasse
3537 1135 3551 1158 ,
3601 1100 3658 1147 ut
3695 1094 3845 1163 ipsos

2254 1181 2570 1237 exhortetur
2596 1183 2664 1237 ad
2695 1185 2929 1254 majores
2955 1183 3007 1238 in
3043 1185 3240 1239 virtute
3281 1199 3594 1253 progressus
3642 1183 3845 1238 l'aeicn-

2254 1273 2392 1329 dos?
2433 1273 2655 1330 Tantum
2704 1276 2856 1347 digne
2903 1279 3161 1347 evangelio
3213 1277 3402 1332 Christi
3453 1279 3842 1332 consersamini.

2254 1367 2389 1434 Quid
2413 1377 2493 1423 est
2520 1368 2662 1439 quod
2692 1369 2882 1438 inquit,
2917 1369 3177 1423 Tantum?
3207 1369 3349 1426 Idem
3382 1371 3520 1425 valet
3564 1385 3628 1424 ac
3672 1372 3722 1425 si
3757 1373 3845 1425 di-

2255 1469 2402 1514 ceret
2433 1478 2446 1514 :
2477 1461 2587 1516 lloc
2633 1462 2807 1516 solum
2856 1471 2976 1526 est,
3020 1463 3162 1533 quod
3213 1463 3540 1532 requiritur;
3587 1472 3847 1532 pra-terea

2260 1553 2388 1608 nihil
2419 1569 2431 1605 :
2467 1555 2510 1608 si
2539 1553 2641 1610 hoc
2667 1555 2827 1621 adsit,
2862 1555 2998 1609 nihil
3020 1557 3170 1610 vobis
3217 1556 3429 1610 molesti
3471 1556 3730 1624 obtinget.
3775 1555 3851 1612 Ut

2257 1645 2359 1698 sive
2383 1660 2497 1697 cum
2530 1661 2708 1699 venero
2741 1655 2788 1698 et
2827 1647 3001 1699 videro
3043 1661 3128 1699 vos
3148 1687 3163 1709 ,
3193 1647 3296 1700 sive
3321 1648 3501 1700 absens
3540 1648 3747 1699 audiam
3784 1649 3852 1701 dc

2260 1734 2407 1789 rebus
2427 1737 2621 1789 vestris.
2639 1735 2754 1790 Non
2780 1736 2893 1790 Ita‘c
2913 1736 3062 1802 dicit,
3085 1738 3234 1806 quasi
3263 1737 3482 1791 mutarit
3499 1738 3850 1803 sententiam,

2260 1841 2433 1896 neque
2475 1826 2543 1880 ad
2598 1826 2743 1894 ipsos
2792 1828 2966 1882 redire
3009 1827 3246 1896 amplius
3285 1829 3447 1894 velit;
3491 1827 3620 1893 sed,
3672 1827 3852 1883 Etinn

2260 1918 2304 1972 si
2334 1918 2434 1973 hoc
2462 1919 2688 1984 accidat,
2717 1921 2922 1990 inquit,
2955 1921 3150 1976 absens
3173 1937 3384 1990 quoque
3413 1921 3576 1976 la-tari
3606 1937 3853 1991 possum.

2262 2010 2326 2066 Si
2347 2011 2580 2076 audiero,
2607 2012 2726 2080 quia
2755 2015 2904 2066 statis
2926 2014 2980 2066 in
3005 2030 3107 2068 uno
3131 2013 3313 2082 spiritu
3338 2023 3388 2067 et
3417 2031 3518 2068 una
3543 2015 3735 2068 anima.

2334 2106 2390 2161 ὅ.
2432 2103 2544 2159 lloc
2568 2114 2672 2170 est,
2701 2104 2842 2176 quod
2874 2106 3104 2161 maxime
3137 2105 3324 2162 ﬁdeles
3345 2107 3642 2178 coniungit,
3670 2117 3725 2163 ct
3754 2126 3856 2164 ca-

2263 2196 2474 2251 ritatem
2505 2197 2676 2266 ipsam
2714 2196 2956 2250 continet
2989 2215 3003 2252 :
3039 2197 3164 2252 hinc
3192 2197 3281 2252 illa
3317 2197 3524 2253 Domini
3555 2201 3747 2264 verba,
3783 2199 3860 2256 Ut

2261 2290 2362 2342 sint
2389 2304 2546 2342 unum
2575 2287 2757 2356 (Joan.
2788 2289 2872 2344 Π.
2911 2291 3022 2359 ll).
3058 2289 3188 2344 Nam
3222 2290 3472 2360 Regnum,
3504 2292 3694 2361 inquit,
3725 2292 3864 2346 inse

2263 2381 2479 2435 divisum
2499 2421 2514 2446 ,
2544 2397 2646 2434 non
2673 2383 2853 2451 poterit
2879 2391 3016 2436 stare
3045 2381 3262 2451 (Matth.
3295 2383 3382 2437 12.
3415 2383 3531 2454 25).
3564 2383 3862 2453 Propterea

2264 2483 2318 2528 et
2346 2472 2546 2528 Paulus
2573 2473 2773 2527 multus
2803 2473 2997 2543 ubique
3024 2485 3107 2529 est
3135 2475 3185 2528 itt
3218 2476 3507 2530 concordia
3537 2475 3810 2530 suadenda
3845 2495 3864 2530 :

2267 2566 2388 2620 ideo
2414 2575 2468 2619 et
2494 2565 2742 2620 Christus
2765 2565 2953 2636 inquit,
2989 2563 3050 2618 ln
3076 2568 3169 2619 hoc
3189 2577 3490 2636 cognoscent
3515 2583 3706 2629 onmes,
3735 2569 3870 2636 quia

2267 2661 2509 2730 discipuli
2536 2659 2632 2712 mei
2658 2660 2798 2723 estis,
2830 2660 2874 2712 si
2904 2658 3221 2713 dilectionem
3255 2660 3532 2715 habueritis
3557 2662 3624 2713 ad
3649 2661 3868 2714 invicem

2272 2753 2448 2826 (Joan.
2485 2754 2565 2808 l3.
2598 2752 2712 2822 55).
2743 2751 2820 2806 Nc
2849 2751 3034 2822 igitur,
3069 2752 3242 2822 inquit
3269 2753 3483 2813 Paulus.
3521 2754 3622 2808 ιιιεὶ
3651 2753 3866 2807 adven-

2272 2856 2354 2900 tus
2381 2843 2785 2913 exspectatione
2829 2845 3127 2914 pendentes
3171 2844 3376 2898 interea
3422 2844 3768 2908 obdormire;
3803 2854 3868 2898 us

2270 2952 2391 2990 cum
2423 2933 2565 3004 qttod
2594 2934 2996 3004 exspectabatis
3018 2975 3033 2998 ,
3065 2935 3408 2998 sucee~scril,
3441 2952 3632 3005 meque
3659 2936 3866 2989 videri-

2274 3031 2363 3087 tis.
2394 3027 2649 3096 deinceps
2676 3026 3009 3096 diligentiam
3053 3028 3338 3083 remittatis
3366 3043 3428 3083 ac
3463 3027 3863 3083 dissoIVamini.

2272 3120 2405 3176 Nam
2446 3118 2607 3173 etiam
2653 3134 2718 3172 ex
2765 3117 2949 3172 auditu
2995 3119 3239 3174 eamdem
3289 3135 3485 3188 capere
3531 3119 3867 3190 voluptatem

2277 3226 2516 3282 possum.
2539 3209 2676 3276 Quid
2703 3210 2837 3264 istuc
2857 3219 2961 3274 est,
2996 3208 3061 3264 In
3090 3227 3189 3263 uno
3210 3213 3390 3280 spiritu
3416 3212 3441 3264 Ρ
3469 3210 3523 3266 ld
3547 3221 3647 3270 est.
3673 3213 3868 3266 emit-nt

2277 3305 2365 3360 illa
2409 3303 2576 3371 gratia
2631 3299 2976 3365 concordia},
3023 3301 3334 3355 alacritatis.
3389 3302 3536 3357 Unus
3579 3302 3740 3355 etiam
3783 3313 3875 3356 est

2277 3397 2497 3467 spiritus
2528 3411 2542 3448 :
2572 3401 2735 3461 atque
2768 3392 2816 3445 id
2849 3408 2913 3446 ex
2941 3408 3006 3445 eo
3031 3394 3336 3447 ostenditur
3359 3433 3372 3456 ,
3401 3392 3543 3462 quod
3575 3407 3718 3462 szrpe
3765 3392 3875 3449 loc

2278 3482 2439 3538 tnodo
2457 3482 2657 3536 dictum
2683 3481 2754 3535 sit
2781 3497 2794 3532 :
2826 3479 2898 3533 ita
2925 3479 3069 3531 etaim
3097 3487 3180 3532 est
3204 3487 3255 3530 et
3287 3478 3338 3530 in
3369 3493 3471 3530 una
3499 3488 3644 3531 stare
3664 3478 3872 3542 anima,

2278 3592 2400 3633 cum
2429 3589 2616 3630 omnes
2639 3570 2802 3626 unum
2825 3571 3071 3641 spiritum
3104 3568 3414 3623 habeamus.
3444 3568 3576 3623 Vide
3601 3584 3730 3624 voce
3754 3567 3873 3635 illa,

2280 3677 2374 3736 μιᾷ
2400 3677 2526 3737 ψυχῇ
2549 3707 2562 3730 ,
2595 3665 2644 3718 id
2675 3672 2776 3725 est.
2812 3679 2915 3717 una
2945 3661 3146 3724 anima,
3179 3662 3525 3717 concordiam
3553 3677 3674 3718 esse
3698 3663 3876 3733 signi-

2285 3759 2493 3812 licatam
2527 3775 2540 3808 :
2572 3756 2692 3811 vide
2722 3756 2916 3810 multas
2939 3754 3147 3810 animas
3175 3770 3333 3809 unam
3363 3755 3487 3809 dici.
3519 3754 3590 3808 Ita
3622 3770 3681 3810 se
3711 3756 3881 3810 habe-

2286 3850 2376 3904 bat
2424 3848 2716 3917 antiquitus
2747 3866 2759 3900 :
2791 3847 3066 3910 Omnium,
3103 3846 3309 3917 inquit,
3345 3856 3454 3900 erat
3481 3862 3570 3900 cor
3609 3859 3656 3900 et
3701 3850 3880 3901 anima

2285 3957 2388 3994 una
2419 3939 2556 4010 (det.
2605 3939 2656 3993 4.
2703 3939 2816 4008 52).
2847 3937 3228 3992 Collaborantes
3265 3937 3386 4006 ﬁdei
3429 3939 3696 4008 evangelii.
3735 3937 3876 3991 Nmn

2288 4044 2556 4103 tamquam
2590 4031 2690 4086 lide
2714 4032 2991 4086 laborante
3024 4032 3075 4084 in
3103 4031 3420 4095 certamine,
3447 4039 3654 4095 mutuo,
3681 4030 3878 4098 inquit,

2287 4129 2678 4184 collaborantes
2698 4127 2723 4178 ’ἔ
2750 4141 2851 4193 qua
2882 4125 3087 4179 ratione
3114 4124 3165 4178 id
3195 4133 3338 4178 stare
3363 4123 3570 4192 possit?
3593 4123 3707 4176 Non
3732 4123 3881 4177 enim

2290 4220 2430 4273 inter
2460 4233 2518 4272 se
2549 4217 2875 4288 pugnabant;
2908 4215 3001 4270 sed
3030 4214 3171 4285 quod
3202 4215 3309 4269 vult
3343 4214 3538 4269 Paulus
3561 4255 3576 4279 ,
3617 4213 3719 4268 hoc
3747 4222 3834 4267 est
3862 4231 3881 4263 :

2290 4313 2530 4367 Motuum
2553 4354 2566 4376 ,
2598 4310 2804 4381 inquit,
2837 4309 2990 4364 vobis
3023 4309 3281 4362 auxilium
3313 4307 3502 4362 afferte
3527 4349 3541 4374 ,
3574 4307 3700 4360 dum
3745 4308 3885 4362 lich

2289 4403 2549 4473 evangelii
2581 4404 2634 4458 in
2663 4403 2958 4457 certamine
2991 4410 3251 4456 versatur.
3285 4400 3376 4456 28.
3410 4399 3475 4453 Et
3513 4402 3564 4454 in
3596 4399 3739 4454 nullo
3767 4409 3879 4454 ter-

2292 4499 2372 4552 riti
2402 4499 2466 4552 ab
2491 4496 2796 4551 adversariis
2819 4537 2832 4560 ,
2865 4495 3001 4565 quod
3026 4493 3227 4566 quidem
3268 4493 3395 4562 ipsis
3421 4504 3494 4547 est
3519 4503 3885 4566 argumentum

2293 4589 2613 4659 perditionis,
2640 4587 2776 4642 vobis
2801 4597 2969 4640 autem
2995 4586 3194 4640 salutis.
3219 4586 3432 4654 Optime
3459 4585 3616 4646 dixit,
3651 4584 3837 4639 Territi
3862 4599 3887 4641 :

2295 4682 2416 4735 talia
2441 4681 2581 4734 enim
2617 4689 2744 4733 sunt
2767 4721 2780 4742 ,
2815 4693 2934 4747 qua:
2960 4678 3030 4732 ab
3058 4676 3384 4731 adversariis
3418 4676 3836 4746 proﬁciscuntur
3864 4692 3883 4730 :

2293 4779 2498 4828 terrent
2528 4769 2919 4826 tantummodo.
2951 4769 3088 4823 Dicit
3113 4769 3290 4839 igitur,
3320 4767 3386 4822 In
3414 4769 3556 4821 nullo
3581 4783 3600 4821 :
3622 4766 3884 4838 quidquid

2292 4864 2553 4929 evenerit,
2581 4863 2740 4918 etiam
2760 4861 2804 4916 si
2830 4860 3063 4930 pericula
3091 4861 3360 4930 proposita
3383 4859 3512 4925 sint,
3530 4859 3690 4914 etiam
3718 4857 3762 4911 si
3797 4860 3881 4911 in.

2293 4957 2477 5014 sidiae:
2508 4956 2610 5010 hoc
2629 4953 2772 5010 enim
2801 4963 2883 5009 est
2911 4963 3056 5008 recte
3082 4954 3356 5008 stantium.
3393 4952 3470 5007 llli
3500 4953 3644 5007 enim
3678 4963 3886 5006 terrere

2293 5050 2570 5104 dumtaxat
2600 5054 2858 5112 possunt;
2911 5053 3170 5114 prazterca
3224 5043 3377 5097 nihil.
3409 5043 3544 5109 Quia
3573 5042 3716 5097 enim
3745 5042 3888 5096 veri—

2294 5139 2468 5194 simile
2490 5147 2606 5192 erat
2636 5137 2758 5191 illos
2785 5135 2940 5190 valde
2969 5135 3288 5202 perturbari,
3321 5150 3442 5188 cum
3482 5133 3882 5187 animadverte-

2293 5239 2415 5286 rent
2442 5228 2661 5283 Paulum
2691 5225 3113 5281 innumerabiles
3150 5225 3331 5280 subire
3357 5225 3731 5280 calamitates:
3766 5223 3884 5278 Non

2293 5323 2440 5389 dico,
2471 5321 2676 5390 inquit,
2709 5319 2786 5376 Ne
2817 5319 3102 5382 ﬂuctuetis,
3137 5319 3230 5373 sed
3255 5361 3267 5379 .
3297 5318 3373 5373 Ne
3403 5318 3755 5382 terreamini;
3789 5317 3883 5372 sed

2293 5415 2454 5470 etiam
2489 5412 2609 5467 illos
2636 5412 2792 5465 valde
2813 5410 3192 5466 rontcmnatis.
3220 5409 3351 5464 Nam
3382 5411 3424 5464 si
3457 5409 3560 5466 hoc
3582 5411 3743 5465 modo
3766 5411 3885 5463 ani-

2296 5506 2423 5561 mati
2452 5503 2591 5567 sitis,
2622 5503 2746 5557 hinc
2771 5502 2880 5570 jam
2910 5512 2961 5554 et
2993 5503 3233 5570 ipsorum
3273 5500 3634 5570 perditionem
3658 5541 3674 5566 ,
3703 5511 3756 5554 et
3787 5515 3885 5553 vc-

2294 5606 2458 5651 stram
2483 5596 2710 5652 salutem
2737 5593 3070 5665 perspicuam
3103 5591 3326 5647 facietis.
3356 5592 3565 5648 Etenim
3590 5607 3712 5647 cum
3736 5592 3888 5646 vide.

2295 5690 2400 5743 rint
2433 5697 2682 5743 sexcenta
2711 5701 2770 5742 se
2805 5685 3031 5740 artiﬁcia
3064 5683 3440 5750 comminisci,
3483 5698 3546 5739 ac
3575 5698 3642 5739 ne
3669 5691 3883 5739 terrere

2293 5768 2507 5851 quidem
2533 5794 2629 5834 vos
2657 5792 2818 5850 posse
2841 5819 2856 5844 ,
2887 5786 3031 5833 certa
3070 5780 3150 5832 sui
3182 5777 3419 5846 ipsorum
3449 5776 3698 5832 interitus
3719 5791 3884 5846 argu-

2302 5885 2478 5930 mcn'a
2523 5871 2754 5944 capient.
2824 5869 3047 5940 Quando
3096 5870 3237 5927 cnim
3299 5879 3580 5927 vexatorcs
3631 5868 3698 5925 iis
3745 5883 3884 5940 quos
