  <div class='ocr_page' id='page_1' title='image "/cluster/home/n/w/nwhite01/storage/ocr_20150623/62:no.11/coo.31924054869627/216.png"; bbox 0 0 4170 6512; ppageno 0'>
   <div class='ocr_carea' id='block_1_1' title="bbox 222 380 340 439">
    <p class='ocr_par' dir='ltr' id='par_1_1' title="bbox 222 380 340 439">
     <span class='ocr_line' id='line_1_1' title="bbox 222 380 340 439; baseline 0.017 -2"><span class='ocrx_word' id='word_1_1' title='bbox 222 380 340 439; x_wconf 74' lang='lat'><strong>909</strong></span> 
     </span>
    </p>
   </div>
   <div class='ocr_carea' id='block_1_2' title="bbox 225 486 1844 566">
    <p class='ocr_par' dir='ltr' id='par_1_2' title="bbox 225 486 1844 566">
     <span class='ocr_line' id='line_1_2' title="bbox 225 486 1844 566; baseline -0.007 -15"><span class='ocrx_word' id='word_1_2' title='bbox 225 507 435 553; x_wconf 75' lang='lat' dir='ltr'><strong>vexant</strong></span> <span class='ocrx_word' id='word_1_3' title='bbox 466 496 780 566; x_wconf 73' lang='lat' dir='ltr'><strong>superiores</strong></span> <span class='ocrx_word' id='word_1_4' title='bbox 823 510 929 549; x_wconf 84' lang='lat' dir='ltr'><strong>non</strong></span> <span class='ocrx_word' id='word_1_5' title='bbox 956 491 1195 549; x_wconf 84' lang='lat' dir='ltr'><strong>evadunt</strong></span> <span class='ocrx_word' id='word_1_6' title='bbox 1218 534 1232 555; x_wconf 89' lang='lat'><strong>,</strong></span> <span class='ocrx_word' id='word_1_7' title='bbox 1266 507 1372 545; x_wconf 88' lang='lat' dir='ltr'><strong>non</strong></span> <span class='ocrx_word' id='word_1_8' title='bbox 1404 488 1751 544; x_wconf 70' lang='lat' dir='ltr'><strong>insidiatores</strong></span> <span class='ocrx_word' id='word_1_9' title='bbox 1777 486 1844 541; x_wconf 90' lang='lat' dir='ltr'><strong>iis</strong></span> 
     </span>
    </p>
   </div>
   <div class='ocr_carea' id='block_1_3' title="bbox 226 580 1847 660">
    <p class='ocr_par' dir='ltr' id='par_1_3' title="bbox 226 580 1847 660">
     <span class='ocr_line' id='line_1_3' title="bbox 226 580 1847 660; baseline -0.006 -17"><span class='ocrx_word' id='word_1_10' title='bbox 226 608 372 660; x_wconf 76' lang='lat' dir='ltr'><strong>quos</strong></span> <span class='ocrx_word' id='word_1_11' title='bbox 402 592 455 643; x_wconf 89' lang='lat' dir='ltr'><strong>in</strong></span> <span class='ocrx_word' id='word_1_12' title='bbox 486 597 755 657; x_wconf 86' lang='lat' dir='ltr'><strong>potestate</strong></span> <span class='ocrx_word' id='word_1_13' title='bbox 780 588 981 643; x_wconf 90' lang='lat' dir='ltr'><strong>habent</strong></span> <span class='ocrx_word' id='word_1_14' title='bbox 1008 605 1021 642; x_wconf 92' lang='lat'><strong>:</strong></span> <span class='ocrx_word' id='word_1_15' title='bbox 1056 601 1235 640; x_wconf 93' lang='lat' dir='ltr'><strong>noune</strong></span> <span class='ocrx_word' id='word_1_16' title='bbox 1262 600 1327 640; x_wconf 75' lang='lat' dir='ltr'><strong>ex</strong></span> <span class='ocrx_word' id='word_1_17' title='bbox 1359 588 1459 638; x_wconf 89' lang='lat' dir='ltr'><strong>hoc</strong></span> <span class='ocrx_word' id='word_1_18' title='bbox 1488 584 1604 653; x_wconf 90' lang='lat' dir='ltr'><strong>ipso</strong></span> <span class='ocrx_word' id='word_1_19' title='bbox 1634 580 1847 652; x_wconf 84' lang='lat' dir='ltr'><strong>perspi-</strong></span> 
     </span>
    </p>
   </div>
   <div class='ocr_carea' id='block_1_4' title="bbox 224 674 1847 747">
    <p class='ocr_par' dir='ltr' id='par_1_4' title="bbox 224 674 1847 747">
     <span class='ocr_line' id='line_1_4' title="bbox 224 674 1847 747; baseline -0.006 -11"><span class='ocrx_word' id='word_1_20' title='bbox 224 698 333 736; x_wconf 84' lang='lat' dir='ltr'><strong>cue</strong></span> <span class='ocrx_word' id='word_1_21' title='bbox 362 681 714 747; x_wconf 61' lang='lat' dir='ltr'><strong>intelligent,</strong></span> <span class='ocrx_word' id='word_1_22' title='bbox 757 694 817 733; x_wconf 89' lang='lat' dir='ltr'><strong>se</strong></span> <span class='ocrx_word' id='word_1_23' title='bbox 852 678 916 732; x_wconf 90' lang='lat' dir='ltr'><strong>ad</strong></span> <span class='ocrx_word' id='word_1_24' title='bbox 951 679 1230 733; x_wconf 87' lang='lat' dir='ltr'><strong>interitum</strong></span> <span class='ocrx_word' id='word_1_25' title='bbox 1273 692 1456 741; x_wconf 88' lang='lat' dir='ltr'><strong>ruere,</strong></span> <span class='ocrx_word' id='word_1_26' title='bbox 1489 674 1620 730; x_wconf 84' lang='lat' dir='ltr'><strong>nihil</strong></span> <span class='ocrx_word' id='word_1_27' title='bbox 1645 688 1807 746; x_wconf 89' lang='lat' dir='ltr'><strong>posse</strong></span> <span class='ocrx_word' id='word_1_28' title='bbox 1830 713 1847 739; x_wconf 97' lang='lat'><strong>,</strong></span> 
     </span>
    </p>
   </div>
   <div class='ocr_carea' id='block_1_5' title="bbox 222 765 1842 839">
    <p class='ocr_par' dir='ltr' id='par_1_5' title="bbox 222 765 1842 839">
     <span class='ocr_line' id='line_1_5' title="bbox 222 765 1842 839; baseline -0.006 -10"><span class='ocrx_word' id='word_1_29' title='bbox 222 790 327 829; x_wconf 80' lang='lat' dir='ltr'><strong>Sua</strong></span> <span class='ocrx_word' id='word_1_30' title='bbox 358 788 483 827; x_wconf 85' lang='lat' dir='ltr'><strong>esse</strong></span> <span class='ocrx_word' id='word_1_31' title='bbox 523 772 656 826; x_wconf 75' lang='lat' dir='ltr'><strong>falsa</strong></span> <span class='ocrx_word' id='word_1_32' title='bbox 688 781 743 825; x_wconf 90' lang='lat' dir='ltr'><strong>et</strong></span> <span class='ocrx_word' id='word_1_33' title='bbox 773 772 1030 825; x_wconf 88' lang='lat' dir='ltr'><strong>inlirma?</strong></span> <span class='ocrx_word' id='word_1_34' title='bbox 1063 770 1130 824; x_wconf 74' lang='lat' dir='ltr'><strong>Et</strong></span> <span class='ocrx_word' id='word_1_35' title='bbox 1158 770 1253 824; x_wconf 85' lang='lat' dir='ltr'><strong>hoc</strong></span> <span class='ocrx_word' id='word_1_36' title='bbox 1279 786 1311 823; x_wconf 88' lang='lat' dir='ltr'><strong>a</strong></span> <span class='ocrx_word' id='word_1_37' title='bbox 1340 768 1471 833; x_wconf 68' lang='lat' dir='ltr'><strong>Deo,</strong></span> <span class='ocrx_word' id='word_1_38' title='bbox 1504 768 1717 839; x_wconf 89' lang='lat' dir='ltr'><strong>inquit:</strong></span> <span class='ocrx_word' id='word_1_39' title='bbox 1750 765 1842 821; x_wconf 70' lang='lat'><strong>29.</strong></span> 
     </span>
    </p>
   </div>
   <div class='ocr_carea' id='block_1_6' title="bbox 224 860 1847 936">
    <p class='ocr_par' dir='ltr' id='par_1_6' title="bbox 224 860 1847 936">
     <span class='ocr_line' id='line_1_6' title="bbox 224 860 1847 936; baseline -0.004 -17"><span class='ocrx_word' id='word_1_40' title='bbox 224 867 356 936; x_wconf 86' lang='lat' dir='ltr'><strong>quia</strong></span> <span class='ocrx_word' id='word_1_41' title='bbox 387 866 530 919; x_wconf 76' lang='lat' dir='ltr'><strong>vobis</strong></span> <span class='ocrx_word' id='word_1_42' title='bbox 565 864 817 918; x_wconf 88' lang='lat' dir='ltr'><strong>donatum</strong></span> <span class='ocrx_word' id='word_1_43' title='bbox 865 874 939 916; x_wconf 87' lang='lat' dir='ltr'><strong>est</strong></span> <span class='ocrx_word' id='word_1_44' title='bbox 974 880 1065 932; x_wconf 90' lang='lat' dir='ltr'><strong>pro</strong></span> <span class='ocrx_word' id='word_1_45' title='bbox 1102 862 1304 916; x_wconf 82' lang='lat' dir='ltr'><strong>Christo</strong></span> <span class='ocrx_word' id='word_1_46' title='bbox 1329 904 1342 926; x_wconf 89' lang='lat'><strong>,</strong></span> <span class='ocrx_word' id='word_1_47' title='bbox 1387 878 1488 915; x_wconf 84' lang='lat' dir='ltr'><strong>non</strong></span> <span class='ocrx_word' id='word_1_48' title='bbox 1516 860 1683 914; x_wconf 90' lang='lat' dir='ltr'><strong>solum</strong></span> <span class='ocrx_word' id='word_1_49' title='bbox 1711 870 1766 913; x_wconf 89' lang='lat' dir='ltr'><strong>ut</strong></span> <span class='ocrx_word' id='word_1_50' title='bbox 1792 876 1847 913; x_wconf 86' lang='lat' dir='ltr'><strong>tn</strong></span> 
     </span>
    </p>
   </div>
   <div class='ocr_carea' id='block_1_7' title="bbox 225 955 1847 1028">
    <p class='ocr_par' dir='ltr' id='par_1_7' title="bbox 225 955 1847 1028">
     <span class='ocr_line' id='line_1_7' title="bbox 225 955 1847 1028; baseline -0.005 -13"><span class='ocrx_word' id='word_1_51' title='bbox 225 978 347 1015; x_wconf 84' lang='lat' dir='ltr'><strong>cum</strong></span> <span class='ocrx_word' id='word_1_52' title='bbox 389 960 614 1015; x_wconf 80' lang='lat' dir='ltr'><strong>credatis</strong></span> <span class='ocrx_word' id='word_1_53' title='bbox 638 1000 656 1026; x_wconf 87' lang='lat'><strong>,</strong></span> <span class='ocrx_word' id='word_1_54' title='bbox 696 960 787 1013; x_wconf 83' lang='lat' dir='ltr'><strong>sed</strong></span> <span class='ocrx_word' id='word_1_55' title='bbox 818 959 969 1011; x_wconf 81' lang='lat' dir='ltr'><strong>etiam</strong></span> <span class='ocrx_word' id='word_1_56' title='bbox 994 967 1049 1011; x_wconf 84' lang='lat' dir='ltr'><strong>ut</strong></span> <span class='ocrx_word' id='word_1_57' title='bbox 1073 975 1167 1028; x_wconf 90' lang='lat' dir='ltr'><strong>pro</strong></span> <span class='ocrx_word' id='word_1_58' title='bbox 1193 956 1285 1010; x_wconf 89' lang='lat' dir='ltr'><strong>illo</strong></span> <span class='ocrx_word' id='word_1_59' title='bbox 1312 955 1606 1024; x_wconf 88' lang='lat' dir='ltr'><strong>patiamini.</strong></span> <span class='ocrx_word' id='word_1_60' title='bbox 1639 955 1847 1009; x_wconf 73' lang='lat' dir='ltr'><strong>Iiurstts</strong></span> 
     </span>
    </p>
   </div>
   <div class='ocr_carea' id='block_1_8' title="bbox 226 1048 1846 1123">
    <p class='ocr_par' dir='ltr' id='par_1_8' title="bbox 226 1048 1846 1123">
     <span class='ocr_line' id='line_1_8' title="bbox 226 1048 1846 1123; baseline -0.005 -15"><span class='ocrx_word' id='word_1_61' title='bbox 226 1054 358 1108; x_wconf 87' lang='lat' dir='ltr'><strong>illos</strong></span> <span class='ocrx_word' id='word_1_62' title='bbox 404 1053 724 1123; x_wconf 88' lang='lat' dir='ltr'><strong>componit,</strong></span> <span class='ocrx_word' id='word_1_63' title='bbox 772 1062 829 1105; x_wconf 90' lang='lat' dir='ltr'><strong>ut</strong></span> <span class='ocrx_word' id='word_1_64' title='bbox 863 1051 934 1106; x_wconf 90' lang='lat' dir='ltr'><strong>de</strong></span> <span class='ocrx_word' id='word_1_65' title='bbox 978 1065 1039 1104; x_wconf 91' lang='lat' dir='ltr'><strong>se</strong></span> <span class='ocrx_word' id='word_1_66' title='bbox 1086 1048 1332 1104; x_wconf 78' lang='lat' dir='ltr'><strong>modeste</strong></span> <span class='ocrx_word' id='word_1_67' title='bbox 1363 1048 1641 1111; x_wconf 86' lang='lat' dir='ltr'><strong>sentiant,</strong></span> <span class='ocrx_word' id='word_1_68' title='bbox 1673 1055 1846 1101; x_wconf 91' lang='lat' dir='ltr'><strong>totum</strong></span> 
     </span>
    </p>
   </div>
   <div class='ocr_carea' id='block_1_9' title="bbox 232 1138 1847 1213">
    <p class='ocr_par' dir='ltr' id='par_1_9' title="bbox 232 1138 1847 1213">
     <span class='ocr_line' id='line_1_9' title="bbox 232 1138 1847 1213; baseline -0.005 -13"><span class='ocrx_word' id='word_1_69' title='bbox 232 1146 353 1200; x_wconf 87' lang='lat' dir='ltr'><strong>Deo</strong></span> <span class='ocrx_word' id='word_1_70' title='bbox 382 1144 705 1200; x_wconf 89' lang='lat' dir='ltr'><strong>adscribens</strong></span> <span class='ocrx_word' id='word_1_71' title='bbox 731 1185 747 1205; x_wconf 90' lang='lat'><strong>.</strong></span> <span class='ocrx_word' id='word_1_72' title='bbox 777 1153 832 1196; x_wconf 90' lang='lat' dir='ltr'><strong>et</strong></span> <span class='ocrx_word' id='word_1_73' title='bbox 877 1141 1106 1213; x_wconf 90' lang='lat' dir='ltr'><strong>gratiam</strong></span> <span class='ocrx_word' id='word_1_74' title='bbox 1140 1151 1194 1196; x_wconf 91' lang='lat' dir='ltr'><strong>et</strong></span> <span class='ocrx_word' id='word_1_75' title='bbox 1230 1140 1502 1195; x_wconf 75' lang='lat' dir='ltr'><strong>charisma</strong></span> <span class='ocrx_word' id='word_1_76' title='bbox 1549 1147 1603 1194; x_wconf 91' lang='lat' dir='ltr'><strong>et</strong></span> <span class='ocrx_word' id='word_1_77' title='bbox 1644 1138 1847 1193; x_wconf 91' lang='lat' dir='ltr'><strong>donum</strong></span> 
     </span>
    </p>
   </div>
   <div class='ocr_carea' id='block_1_10' title="bbox 234 1231 1848 1306">
    <p class='ocr_par' dir='ltr' id='par_1_10' title="bbox 234 1231 1848 1306">
     <span class='ocr_line' id='line_1_10' title="bbox 234 1231 1848 1306; baseline -0.003 -16"><span class='ocrx_word' id='word_1_78' title='bbox 234 1253 363 1293; x_wconf 80' lang='lat' dir='ltr'><strong>csse</strong></span> <span class='ocrx_word' id='word_1_79' title='bbox 393 1238 584 1292; x_wconf 86' lang='lat' dir='ltr'><strong>dicens</strong></span> <span class='ocrx_word' id='word_1_80' title='bbox 627 1236 736 1306; x_wconf 88' lang='lat' dir='ltr'><strong>pati</strong></span> <span class='ocrx_word' id='word_1_81' title='bbox 776 1251 875 1306; x_wconf 90' lang='lat' dir='ltr'><strong>pro</strong></span> <span class='ocrx_word' id='word_1_82' title='bbox 903 1233 1147 1289; x_wconf 83' lang='lat' dir='ltr'><strong>Christo.</strong></span> <span class='ocrx_word' id='word_1_83' title='bbox 1194 1232 1381 1303; x_wconf 90' lang='lat' dir='ltr'><strong>Itaque</strong></span> <span class='ocrx_word' id='word_1_84' title='bbox 1420 1248 1490 1288; x_wconf 88' lang='lat' dir='ltr'><strong>ne</strong></span> <span class='ocrx_word' id='word_1_85' title='bbox 1525 1247 1621 1288; x_wconf 81' lang='lat' dir='ltr'><strong>vos</strong></span> <span class='ocrx_word' id='word_1_86' title='bbox 1650 1231 1848 1303; x_wconf 89' lang='lat' dir='ltr'><strong>pudeat</strong></span> 
     </span>
    </p>
   </div>
   <div class='ocr_carea' id='block_1_11' title="bbox 233 1324 1845 1397">
    <p class='ocr_par' dir='ltr' id='par_1_11' title="bbox 233 1324 1845 1397">
     <span class='ocr_line' id='line_1_11' title="bbox 233 1324 1845 1397; baseline -0.002 -16"><span class='ocrx_word' id='word_1_87' title='bbox 233 1329 305 1383; x_wconf 87' lang='lat' dir='ltr'><strong>de</strong></span> <span class='ocrx_word' id='word_1_88' title='bbox 333 1328 669 1383; x_wconf 88' lang='lat' dir='ltr'><strong>charismate</strong></span> <span class='ocrx_word' id='word_1_89' title='bbox 695 1344 709 1380; x_wconf 88' lang='lat'><strong>:</strong></span> <span class='ocrx_word' id='word_1_90' title='bbox 740 1337 822 1382; x_wconf 89' lang='lat' dir='ltr'><strong>est</strong></span> <span class='ocrx_word' id='word_1_91' title='bbox 853 1327 1000 1382; x_wconf 89' lang='lat' dir='ltr'><strong>enim</strong></span> <span class='ocrx_word' id='word_1_92' title='bbox 1043 1326 1203 1397; x_wconf 86' lang='lat' dir='ltr'><strong>longe</strong></span> <span class='ocrx_word' id='word_1_93' title='bbox 1238 1324 1606 1380; x_wconf 65' lang='lat' dir='ltr'><strong>admirabilius</strong></span> <span class='ocrx_word' id='word_1_94' title='bbox 1627 1364 1644 1390; x_wconf 89' lang='lat'><strong>,</strong></span> <span class='ocrx_word' id='word_1_95' title='bbox 1685 1339 1845 1394; x_wconf 89' lang='lat' dir='ltr'><strong>quam</strong></span> 
     </span>
    </p>
   </div>
   <div class='ocr_carea' id='block_1_12' title="bbox 231 1414 1843 1484">
    <p class='ocr_par' dir='ltr' id='par_1_12' title="bbox 231 1414 1843 1484">
     <span class='ocr_line' id='line_1_12' title="bbox 231 1414 1843 1484; baseline -0.003 -10"><span class='ocrx_word' id='word_1_96' title='bbox 231 1431 481 1475; x_wconf 89' lang='lat' dir='ltr'><strong>mortuos</strong></span> <span class='ocrx_word' id='word_1_97' title='bbox 509 1419 581 1475; x_wconf 83' lang='lat' dir='ltr'><strong>ad</strong></span> <span class='ocrx_word' id='word_1_98' title='bbox 611 1419 775 1473; x_wconf 86' lang='lat' dir='ltr'><strong>vitam</strong></span> <span class='ocrx_word' id='word_1_99' title='bbox 806 1432 1066 1473; x_wconf 89' lang='lat' dir='ltr'><strong>revocare</strong></span> <span class='ocrx_word' id='word_1_100' title='bbox 1096 1458 1113 1484; x_wconf 89' lang='lat'><strong>,</strong></span> <span class='ocrx_word' id='word_1_101' title='bbox 1150 1432 1214 1472; x_wconf 87' lang='lat' dir='ltr'><strong>ac</strong></span> <span class='ocrx_word' id='word_1_102' title='bbox 1241 1426 1435 1472; x_wconf 60' lang='lat' dir='ltr'><strong>cietera</strong></span> <span class='ocrx_word' id='word_1_103' title='bbox 1469 1416 1727 1472; x_wconf 90' lang='lat' dir='ltr'><strong>miracula</strong></span> <span class='ocrx_word' id='word_1_104' title='bbox 1758 1414 1843 1469; x_wconf 87' lang='lat' dir='ltr'><strong>l&#39;a-</strong></span> 
     </span>
    </p>
   </div>
   <div class='ocr_carea' id='block_1_13' title="bbox 227 1505 1845 1579">
    <p class='ocr_par' dir='ltr' id='par_1_13' title="bbox 227 1505 1845 1579">
     <span class='ocr_line' id='line_1_13' title="bbox 227 1505 1845 1579; baseline -0.002 -15"><span class='ocrx_word' id='word_1_105' title='bbox 227 1528 383 1565; x_wconf 82' lang='lat' dir='ltr'><strong>cere.</strong></span> <span class='ocrx_word' id='word_1_106' title='bbox 423 1509 561 1566; x_wconf 85' lang='lat' dir='ltr'><strong>Nam</strong></span> <span class='ocrx_word' id='word_1_107' title='bbox 608 1510 681 1564; x_wconf 92' lang='lat' dir='ltr'><strong>ibi</strong></span> <span class='ocrx_word' id='word_1_108' title='bbox 731 1508 953 1579; x_wconf 84' lang='lat' dir='ltr'><strong>quidem</strong></span> <span class='ocrx_word' id='word_1_109' title='bbox 999 1523 1101 1579; x_wconf 82' lang='lat' dir='ltr'><strong>ego</strong></span> <span class='ocrx_word' id='word_1_110' title='bbox 1145 1522 1262 1561; x_wconf 88' lang='lat' dir='ltr'><strong>sum</strong></span> <span class='ocrx_word' id='word_1_111' title='bbox 1295 1506 1545 1573; x_wconf 82' lang='lat' dir='ltr'><strong>debitor;</strong></span> <span class='ocrx_word' id='word_1_112' title='bbox 1598 1505 1686 1561; x_wconf 91' lang='lat' dir='ltr'><strong>hic</strong></span> <span class='ocrx_word' id='word_1_113' title='bbox 1712 1520 1845 1561; x_wconf 89' lang='lat' dir='ltr'><strong>vero</strong></span> 
     </span>
    </p>
   </div>
   <div class='ocr_carea' id='block_1_14' title="bbox 228 1598 1844 1667">
    <p class='ocr_par' dir='ltr' id='par_1_14' title="bbox 228 1598 1844 1667">
     <span class='ocr_line' id='line_1_14' title="bbox 228 1598 1844 1667; baseline -0.002 -11"><span class='ocrx_word' id='word_1_114' title='bbox 228 1600 545 1657; x_wconf 81' lang='lat' dir='ltr'><strong>debitorem</strong></span> <span class='ocrx_word' id='word_1_115' title='bbox 579 1600 755 1655; x_wconf 87' lang='lat' dir='ltr'><strong>habeo</strong></span> <span class='ocrx_word' id='word_1_116' title='bbox 779 1598 1077 1655; x_wconf 85' lang='lat' dir='ltr'><strong>Christum.</strong></span> <span class='ocrx_word' id='word_1_117' title='bbox 1111 1598 1292 1667; x_wconf 84' lang='lat' dir='ltr'><strong>Quare</strong></span> <span class='ocrx_word' id='word_1_118' title='bbox 1322 1607 1530 1653; x_wconf 90' lang='lat' dir='ltr'><strong>tantmn</strong></span> <span class='ocrx_word' id='word_1_119' title='bbox 1558 1599 1753 1664; x_wconf 88' lang='lat' dir='ltr'><strong>abest,</strong></span> <span class='ocrx_word' id='word_1_120' title='bbox 1785 1606 1844 1652; x_wconf 91' lang='lat' dir='ltr'><strong>ut</strong></span> 
     </span>
    </p>
   </div>
   <div class='ocr_carea' id='block_1_15' title="bbox 234 1690 1842 1765">
    <p class='ocr_par' dir='ltr' id='par_1_15' title="bbox 234 1690 1842 1765">
     <span class='ocr_line' id='line_1_15' title="bbox 234 1690 1842 1765; baseline -0.002 -17"><span class='ocrx_word' id='word_1_121' title='bbox 234 1694 422 1765; x_wconf 80' lang='lat' dir='ltr'><strong>probri</strong></span> <span class='ocrx_word' id='word_1_122' title='bbox 452 1694 576 1749; x_wconf 89' lang='lat' dir='ltr'><strong>loco</strong></span> <span class='ocrx_word' id='word_1_123' title='bbox 605 1692 656 1747; x_wconf 88' lang='lat' dir='ltr'><strong>id</strong></span> <span class='ocrx_word' id='word_1_124' title='bbox 686 1692 996 1747; x_wconf 89' lang='lat' dir='ltr'><strong>habendum</strong></span> <span class='ocrx_word' id='word_1_125' title='bbox 1027 1690 1134 1759; x_wconf 88' lang='lat' dir='ltr'><strong>sit,</strong></span> <span class='ocrx_word' id='word_1_126' title='bbox 1168 1701 1230 1746; x_wconf 91' lang='lat' dir='ltr'><strong>ut</strong></span> <span class='ocrx_word' id='word_1_127' title='bbox 1257 1692 1436 1762; x_wconf 82' lang='lat' dir='ltr'><strong>potius</strong></span> <span class='ocrx_word' id='word_1_128' title='bbox 1463 1692 1535 1746; x_wconf 89' lang='lat' dir='ltr'><strong>sit</strong></span> <span class='ocrx_word' id='word_1_129' title='bbox 1559 1692 1842 1746; x_wconf 75' lang='lat' dir='ltr'><strong>exsultan-</strong></span> 
     </span>
    </p>
   </div>
   <div class='ocr_carea' id='block_1_16' title="bbox 224 1783 1840 1857">
    <p class='ocr_par' dir='ltr' id='par_1_16' title="bbox 224 1783 1840 1857">
     <span class='ocr_line' id='line_1_16' title="bbox 224 1783 1840 1857; baseline 0 -17"><span class='ocrx_word' id='word_1_130' title='bbox 224 1786 363 1840; x_wconf 89' lang='lat' dir='ltr'><strong>dmn</strong></span> <span class='ocrx_word' id='word_1_131' title='bbox 389 1801 453 1841; x_wconf 91' lang='lat' dir='ltr'><strong>ac</strong></span> <span class='ocrx_word' id='word_1_132' title='bbox 484 1784 852 1857; x_wconf 87' lang='lat' dir='ltr'><strong>gaudendum,</strong></span> <span class='ocrx_word' id='word_1_133' title='bbox 881 1786 1080 1856; x_wconf 79' lang='lat' dir='ltr'><strong>quippe</strong></span> <span class='ocrx_word' id='word_1_134' title='bbox 1102 1783 1192 1856; x_wconf 87' lang='lat' dir='ltr'><strong>qui</strong></span> <span class='ocrx_word' id='word_1_135' title='bbox 1219 1784 1490 1841; x_wconf 87' lang='lat' dir='ltr'><strong>charisma</strong></span> <span class='ocrx_word' id='word_1_136' title='bbox 1521 1783 1840 1840; x_wconf 86' lang='lat' dir='ltr'><strong>habeamus.</strong></span> 
     </span>
    </p>
   </div>
   <div class='ocr_carea' id='block_1_17' title="bbox 224 1876 1842 1944">
    <p class='ocr_par' dir='ltr' id='par_1_17' title="bbox 224 1876 1842 1944">
     <span class='ocr_line' id='line_1_17' title="bbox 224 1876 1842 1944; baseline -0.001 -11"><span class='ocrx_word' id='word_1_137' title='bbox 224 1877 478 1933; x_wconf 71' lang='lat' dir='ltr'><strong>Virtutes</strong></span> <span class='ocrx_word' id='word_1_138' title='bbox 506 1886 663 1932; x_wconf 88' lang='lat' dir='ltr'><strong>vocat</strong></span> <span class='ocrx_word' id='word_1_139' title='bbox 682 1877 1012 1932; x_wconf 83' lang='lat' dir='ltr'><strong>charismata</strong></span> <span class='ocrx_word' id='word_1_140' title='bbox 1039 1888 1094 1933; x_wconf 87' lang='lat' dir='ltr'><strong>et</strong></span> <span class='ocrx_word' id='word_1_141' title='bbox 1119 1878 1281 1944; x_wconf 89' lang='lat' dir='ltr'><strong>dona,</strong></span> <span class='ocrx_word' id='word_1_142' title='bbox 1313 1893 1421 1932; x_wconf 92' lang='lat' dir='ltr'><strong>non</strong></span> <span class='ocrx_word' id='word_1_143' title='bbox 1448 1887 1625 1933; x_wconf 90' lang='lat' dir='ltr'><strong>tamen</strong></span> <span class='ocrx_word' id='word_1_144' title='bbox 1647 1876 1842 1932; x_wconf 89' lang='lat' dir='ltr'><strong>eodem</strong></span> 
     </span>
    </p>
   </div>
   <div class='ocr_carea' id='block_1_18' title="bbox 226 1970 1843 2042">
    <p class='ocr_par' dir='ltr' id='par_1_18' title="bbox 226 1970 1843 2042">
     <span class='ocr_line' id='line_1_18' title="bbox 226 1970 1843 2042; baseline -0.004 -13"><span class='ocrx_word' id='word_1_145' title='bbox 226 1971 423 2039; x_wconf 83' lang='lat' dir='ltr'><strong>modo,</strong></span> <span class='ocrx_word' id='word_1_146' title='bbox 452 1981 614 2042; x_wconf 89' lang='lat' dir='ltr'><strong>atque</strong></span> <span class='ocrx_word' id='word_1_147' title='bbox 639 1972 740 2026; x_wconf 90' lang='lat' dir='ltr'><strong>alia</strong></span> <span class='ocrx_word' id='word_1_148' title='bbox 766 1988 781 2026; x_wconf 93' lang='lat'><strong>:</strong></span> <span class='ocrx_word' id='word_1_149' title='bbox 812 1971 901 2026; x_wconf 89' lang='lat' dir='ltr'><strong>illa</strong></span> <span class='ocrx_word' id='word_1_150' title='bbox 932 1972 1078 2026; x_wconf 89' lang='lat' dir='ltr'><strong>enim</strong></span> <span class='ocrx_word' id='word_1_151' title='bbox 1109 1980 1218 2026; x_wconf 86' lang='lat' dir='ltr'><strong>tota</strong></span> <span class='ocrx_word' id='word_1_152' title='bbox 1249 1970 1342 2026; x_wconf 89' lang='lat' dir='ltr'><strong>Dei</strong></span> <span class='ocrx_word' id='word_1_153' title='bbox 1370 1980 1529 2035; x_wconf 88' lang='lat' dir='ltr'><strong>sunt;</strong></span> <span class='ocrx_word' id='word_1_154' title='bbox 1564 1970 1679 2025; x_wconf 74' lang='lat' dir='ltr'><strong>lucc</strong></span> <span class='ocrx_word' id='word_1_155' title='bbox 1710 1985 1843 2025; x_wconf 81' lang='lat' dir='ltr'><strong>vero</strong></span> 
     </span>
    </p>
   </div>
   <div class='ocr_carea' id='block_1_19' title="bbox 226 2060 1842 2133">
    <p class='ocr_par' dir='ltr' id='par_1_19' title="bbox 226 2060 1842 2133">
     <span class='ocr_line' id='line_1_19' title="bbox 226 2060 1842 2133; baseline -0.001 -15"><span class='ocrx_word' id='word_1_156' title='bbox 226 2062 406 2119; x_wconf 86' lang='lat' dir='ltr'><strong>etiam</strong></span> <span class='ocrx_word' id='word_1_157' title='bbox 454 2072 661 2120; x_wconf 83' lang='lat' dir='ltr'><strong>nostra.</strong></span> <span class='ocrx_word' id='word_1_158' title='bbox 686 2060 1070 2119; x_wconf 83' lang='lat' dir='ltr'><strong>Verumtamen</strong></span> <span class='ocrx_word' id='word_1_159' title='bbox 1116 2063 1370 2133; x_wconf 89' lang='lat' dir='ltr'><strong>quoniam</strong></span> <span class='ocrx_word' id='word_1_160' title='bbox 1400 2072 1453 2119; x_wconf 90' lang='lat' dir='ltr'><strong>et</strong></span> <span class='ocrx_word' id='word_1_161' title='bbox 1474 2064 1561 2117; x_wconf 85' lang='lat' dir='ltr'><strong>hic</strong></span> <span class='ocrx_word' id='word_1_162' title='bbox 1587 2062 1758 2133; x_wconf 87' lang='lat' dir='ltr'><strong>major</strong></span> <span class='ocrx_word' id='word_1_163' title='bbox 1778 2077 1842 2117; x_wconf 89' lang='lat' dir='ltr'><strong>ac</strong></span> 
     </span>
    </p>
   </div>
   <div class='ocr_carea' id='block_1_20' title="bbox 228 2156 1840 2227">
    <p class='ocr_par' dir='ltr' id='par_1_20' title="bbox 228 2156 1840 2227">
     <span class='ocr_line' id='line_1_20' title="bbox 228 2156 1840 2227; baseline 0.002 -22"><span class='ocrx_word' id='word_1_164' title='bbox 228 2156 420 2225; x_wconf 74' lang='lat' dir='ltr'><strong>potior</strong></span> <span class='ocrx_word' id='word_1_165' title='bbox 445 2171 570 2227; x_wconf 84' lang='lat' dir='ltr'><strong>pars</strong></span> <span class='ocrx_word' id='word_1_166' title='bbox 609 2156 704 2211; x_wconf 85' lang='lat' dir='ltr'><strong>Dei</strong></span> <span class='ocrx_word' id='word_1_167' title='bbox 728 2165 812 2211; x_wconf 90' lang='lat' dir='ltr'><strong>est</strong></span> <span class='ocrx_word' id='word_1_168' title='bbox 834 2198 850 2224; x_wconf 93' lang='lat'><strong>,</strong></span> <span class='ocrx_word' id='word_1_169' title='bbox 877 2167 1162 2227; x_wconf 85' lang='lat' dir='ltr'><strong>prepterea</strong></span> <span class='ocrx_word' id='word_1_170' title='bbox 1198 2165 1369 2211; x_wconf 89' lang='lat' dir='ltr'><strong>totum</strong></span> <span class='ocrx_word' id='word_1_171' title='bbox 1402 2157 1572 2226; x_wconf 83' lang='lat' dir='ltr'><strong>ipsius</strong></span> <span class='ocrx_word' id='word_1_172' title='bbox 1599 2171 1720 2210; x_wconf 88' lang='lat' dir='ltr'><strong>esse</strong></span> <span class='ocrx_word' id='word_1_173' title='bbox 1752 2156 1840 2209; x_wconf 84' lang='lat' dir='ltr'><strong>in-</strong></span> 
     </span>
    </p>
   </div>
   <div class='ocr_carea' id='block_1_21' title="bbox 221 2246 1841 2317">
    <p class='ocr_par' dir='ltr' id='par_1_21' title="bbox 221 2246 1841 2317">
     <span class='ocr_line' id='line_1_21' title="bbox 221 2246 1841 2317; baseline 0.002 -17"><span class='ocrx_word' id='word_1_174' title='bbox 221 2247 387 2317; x_wconf 87' lang='lat' dir='ltr'><strong>quit,</strong></span> <span class='ocrx_word' id='word_1_175' title='bbox 420 2263 525 2304; x_wconf 82' lang='lat' dir='ltr'><strong>non</strong></span> <span class='ocrx_word' id='word_1_176' title='bbox 555 2247 852 2304; x_wconf 73' lang='lat' dir='ltr'><strong>voluntatis</strong></span> <span class='ocrx_word' id='word_1_177' title='bbox 883 2248 1191 2304; x_wconf 76' lang='lat' dir='ltr'><strong>libertatem</strong></span> <span class='ocrx_word' id='word_1_178' title='bbox 1219 2258 1475 2303; x_wconf 91' lang='lat' dir='ltr'><strong>evertens</strong></span> <span class='ocrx_word' id='word_1_179' title='bbox 1498 2289 1514 2314; x_wconf 91' lang='lat'><strong>,</strong></span> <span class='ocrx_word' id='word_1_180' title='bbox 1550 2246 1647 2303; x_wconf 89' lang='lat' dir='ltr'><strong>sed</strong></span> <span class='ocrx_word' id='word_1_181' title='bbox 1693 2248 1841 2317; x_wconf 88' lang='lat' dir='ltr'><strong>ipsos</strong></span> 
     </span>
    </p>
   </div>
   <div class='ocr_carea' id='block_1_22' title="bbox 216 2339 1841 2412">
    <p class='ocr_par' dir='ltr' id='par_1_22' title="bbox 216 2339 1841 2412">
     <span class='ocr_line' id='line_1_22' title="bbox 216 2339 1841 2412; baseline 0 -17"><span class='ocrx_word' id='word_1_182' title='bbox 216 2356 498 2410; x_wconf 77' lang='lat' dir='ltr'><strong>apparatis</strong></span> <span class='ocrx_word' id='word_1_183' title='bbox 529 2349 588 2394; x_wconf 91' lang='lat' dir='ltr'><strong>ut</strong></span> <span class='ocrx_word' id='word_1_184' title='bbox 624 2340 889 2396; x_wconf 85' lang='lat' dir='ltr'><strong>moderati</strong></span> <span class='ocrx_word' id='word_1_185' title='bbox 933 2351 986 2396; x_wconf 89' lang='lat' dir='ltr'><strong>et</strong></span> <span class='ocrx_word' id='word_1_186' title='bbox 1030 2342 1166 2412; x_wconf 81' lang='lat' dir='ltr'><strong>grati</strong></span> <span class='ocrx_word' id='word_1_187' title='bbox 1206 2341 1334 2395; x_wconf 86' lang='lat' dir='ltr'><strong>sint.</strong></span> <span class='ocrx_word' id='word_1_188' title='bbox 1363 2340 1452 2397; x_wconf 74' lang='lat'><strong>30.</strong></span> <span class='ocrx_word' id='word_1_189' title='bbox 1499 2339 1646 2394; x_wconf 85' lang='lat' dir='ltr'><strong>Idem</strong></span> <span class='ocrx_word' id='word_1_190' title='bbox 1674 2351 1841 2395; x_wconf 82' lang='lat' dir='ltr'><strong>certa-</strong></span> 
     </span>
    </p>
   </div>
   <div class='ocr_carea' id='block_1_23' title="bbox 219 2431 1837 2504">
    <p class='ocr_par' dir='ltr' id='par_1_23' title="bbox 219 2431 1837 2504">
     <span class='ocr_line' id='line_1_23' title="bbox 219 2431 1837 2504; baseline 0.002 -19"><span class='ocrx_word' id='word_1_191' title='bbox 219 2450 340 2487; x_wconf 81' lang='lat' dir='ltr'><strong>men</strong></span> <span class='ocrx_word' id='word_1_192' title='bbox 372 2431 638 2499; x_wconf 73' lang='lat' dir='ltr'><strong>habentes,</strong></span> <span class='ocrx_word' id='word_1_193' title='bbox 670 2434 825 2504; x_wconf 81' lang='lat' dir='ltr'><strong>quale</strong></span> <span class='ocrx_word' id='word_1_194' title='bbox 854 2435 1050 2488; x_wconf 79' lang='lat' dir='ltr'><strong>vidistis</strong></span> <span class='ocrx_word' id='word_1_195' title='bbox 1079 2436 1131 2489; x_wconf 91' lang='lat' dir='ltr'><strong>in</strong></span> <span class='ocrx_word' id='word_1_196' title='bbox 1162 2450 1258 2488; x_wconf 88' lang='lat' dir='ltr'><strong>me.</strong></span> <span class='ocrx_word' id='word_1_197' title='bbox 1297 2434 1351 2488; x_wconf 96' lang='lat' dir='ltr'><strong>Id</strong></span> <span class='ocrx_word' id='word_1_198' title='bbox 1380 2444 1485 2499; x_wconf 88' lang='lat' dir='ltr'><strong>est,</strong></span> <span class='ocrx_word' id='word_1_199' title='bbox 1520 2434 1837 2504; x_wconf 78' lang='lat' dir='ltr'><strong>Exemplum</strong></span> 
     </span>
    </p>
   </div>
   <div class='ocr_carea' id='block_1_24' title="bbox 223 2525 1838 2598">
    <p class='ocr_par' dir='ltr' id='par_1_24' title="bbox 223 2525 1838 2598">
     <span class='ocr_line' id='line_1_24' title="bbox 223 2525 1838 2598; baseline 0.002 -19"><span class='ocrx_word' id='word_1_200' title='bbox 223 2526 391 2579; x_wconf 89' lang='lat' dir='ltr'><strong>etiam</strong></span> <span class='ocrx_word' id='word_1_201' title='bbox 419 2525 657 2581; x_wconf 78' lang='lat' dir='ltr'><strong>habetis.</strong></span> <span class='ocrx_word' id='word_1_202' title='bbox 686 2525 895 2581; x_wconf 80' lang='lat' dir='ltr'><strong>Rursus</strong></span> <span class='ocrx_word' id='word_1_203' title='bbox 920 2526 1023 2582; x_wconf 88' lang='lat' dir='ltr'><strong>hoc</strong></span> <span class='ocrx_word' id='word_1_204' title='bbox 1055 2528 1174 2582; x_wconf 88' lang='lat' dir='ltr'><strong>loco</strong></span> <span class='ocrx_word' id='word_1_205' title='bbox 1198 2527 1343 2598; x_wconf 86' lang='lat' dir='ltr'><strong>ipsos</strong></span> <span class='ocrx_word' id='word_1_206' title='bbox 1369 2527 1601 2583; x_wconf 80' lang='lat' dir='ltr'><strong>extollit.</strong></span> <span class='ocrx_word' id='word_1_207' title='bbox 1628 2526 1838 2597; x_wconf 89' lang='lat' dir='ltr'><strong>Uhique</strong></span> 
     </span>
    </p>
   </div>
   <div class='ocr_carea' id='block_1_25' title="bbox 221 2619 1839 2677">
    <p class='ocr_par' dir='ltr' id='par_1_25' title="bbox 221 2619 1839 2677">
     <span class='ocr_line' id='line_1_25' title="bbox 221 2619 1839 2677; baseline 0.004 -6"><span class='ocrx_word' id='word_1_208' title='bbox 221 2620 373 2673; x_wconf 86' lang='lat' dir='ltr'><strong>enim</strong></span> <span class='ocrx_word' id='word_1_209' title='bbox 416 2634 515 2673; x_wconf 89' lang='lat' dir='ltr'><strong>eos</strong></span> <span class='ocrx_word' id='word_1_210' title='bbox 559 2619 801 2675; x_wconf 91' lang='lat' dir='ltr'><strong>ostendit</strong></span> <span class='ocrx_word' id='word_1_211' title='bbox 856 2619 909 2674; x_wconf 92' lang='lat' dir='ltr'><strong>iu</strong></span> <span class='ocrx_word' id='word_1_212' title='bbox 974 2620 1165 2675; x_wconf 83' lang='lat' dir='ltr'><strong>iisdem</strong></span> <span class='ocrx_word' id='word_1_213' title='bbox 1222 2636 1404 2676; x_wconf 88' lang='lat' dir='ltr'><strong>secum</strong></span> <span class='ocrx_word' id='word_1_214' title='bbox 1446 2622 1839 2677; x_wconf 84' lang='lat' dir='ltr'><strong>certaminibus</strong></span> 
     </span>
    </p>
   </div>
   <div class='ocr_carea' id='block_1_26' title="bbox 216 2711 1839 2784">
    <p class='ocr_par' dir='ltr' id='par_1_26' title="bbox 216 2711 1839 2784">
     <span class='ocr_line' id='line_1_26' title="bbox 216 2711 1839 2784; baseline 0.004 -21"><span class='ocrx_word' id='word_1_215' title='bbox 216 2712 451 2776; x_wconf 82' lang='lat' dir='ltr'><strong>versari,</strong></span> <span class='ocrx_word' id='word_1_216' title='bbox 478 2711 704 2768; x_wconf 83' lang='lat' dir='ltr'><strong>eosdem</strong></span> <span class='ocrx_word' id='word_1_217' title='bbox 734 2712 968 2784; x_wconf 90' lang='lat' dir='ltr'><strong>impetus</strong></span> <span class='ocrx_word' id='word_1_218' title='bbox 992 2716 1153 2779; x_wconf 82' lang='lat' dir='ltr'><strong>terre,</strong></span> <span class='ocrx_word' id='word_1_219' title='bbox 1184 2713 1436 2782; x_wconf 84' lang='lat' dir='ltr'><strong>privatim</strong></span> <span class='ocrx_word' id='word_1_220' title='bbox 1458 2714 1646 2780; x_wconf 89' lang='lat' dir='ltr'><strong>etiam,</strong></span> <span class='ocrx_word' id='word_1_221' title='bbox 1674 2723 1839 2783; x_wconf 86' lang='lat' dir='ltr'><strong>atque</strong></span> 
     </span>
    </p>
   </div>
   <div class='ocr_carea' id='block_1_27' title="bbox 215 2803 1838 2877">
    <p class='ocr_par' dir='ltr' id='par_1_27' title="bbox 215 2803 1838 2877">
     <span class='ocr_line' id='line_1_27' title="bbox 215 2803 1838 2877; baseline 0.002 -19"><span class='ocrx_word' id='word_1_222' title='bbox 215 2803 365 2874; x_wconf 86' lang='lat' dir='ltr'><strong>apud</strong></span> <span class='ocrx_word' id='word_1_223' title='bbox 402 2804 662 2876; x_wconf 86' lang='lat' dir='ltr'><strong>seipsos:</strong></span> <span class='ocrx_word' id='word_1_224' title='bbox 693 2821 761 2860; x_wconf 90' lang='lat' dir='ltr'><strong>eo</strong></span> <span class='ocrx_word' id='word_1_225' title='bbox 800 2805 943 2877; x_wconf 88' lang='lat' dir='ltr'><strong>quod</strong></span> <span class='ocrx_word' id='word_1_226' title='bbox 989 2806 1210 2860; x_wconf 65' lang='lat' dir='ltr'><strong>easdem</strong></span> <span class='ocrx_word' id='word_1_227' title='bbox 1249 2815 1410 2876; x_wconf 88' lang='lat' dir='ltr'><strong>atque</strong></span> <span class='ocrx_word' id='word_1_228' title='bbox 1455 2806 1570 2876; x_wconf 81' lang='lat' dir='ltr'><strong>ipse</strong></span> <span class='ocrx_word' id='word_1_229' title='bbox 1603 2807 1838 2862; x_wconf 82' lang='lat' dir='ltr'><strong>tolerent</strong></span> 
     </span>
    </p>
   </div>
   <div class='ocr_carea' id='block_1_28' title="bbox 219 2895 1835 2963">
    <p class='ocr_par' dir='ltr' id='par_1_28' title="bbox 219 2895 1835 2963">
     <span class='ocr_line' id='line_1_28' title="bbox 219 2895 1835 2963; baseline 0.002 -15"><span class='ocrx_word' id='word_1_230' title='bbox 219 2896 577 2952; x_wconf 81' lang='lat' dir='ltr'><strong>tcutationcs.</strong></span> <span class='ocrx_word' id='word_1_231' title='bbox 608 2895 728 2952; x_wconf 87' lang='lat' dir='ltr'><strong>Non</strong></span> <span class='ocrx_word' id='word_1_232' title='bbox 758 2898 913 2963; x_wconf 75' lang='lat' dir='ltr'><strong>dixit,</strong></span> <span class='ocrx_word' id='word_1_233' title='bbox 959 2897 1201 2952; x_wconf 84' lang='lat' dir='ltr'><strong>Audistis</strong></span> <span class='ocrx_word' id='word_1_234' title='bbox 1224 2941 1237 2962; x_wconf 88' lang='lat'><strong>,</strong></span> <span class='ocrx_word' id='word_1_235' title='bbox 1270 2897 1388 2961; x_wconf 92' lang='lat' dir='ltr'><strong>scd,</strong></span> <span class='ocrx_word' id='word_1_236' title='bbox 1431 2896 1677 2952; x_wconf 73' lang='lat' dir='ltr'><strong>Vidistis:</strong></span> <span class='ocrx_word' id='word_1_237' title='bbox 1711 2913 1835 2952; x_wconf 89' lang='lat' dir='ltr'><strong>nam</strong></span> 
     </span>
    </p>
   </div>
   <div class='ocr_carea' id='block_1_29' title="bbox 215 2987 1830 3061">
    <p class='ocr_par' dir='ltr' id='par_1_29' title="bbox 215 2987 1830 3061">
     <span class='ocr_line' id='line_1_29' title="bbox 215 2987 1830 3061; baseline 0.006 -22"><span class='ocrx_word' id='word_1_238' title='bbox 215 2997 276 3040; x_wconf 86' lang='lat' dir='ltr'><strong>et</strong></span> <span class='ocrx_word' id='word_1_239' title='bbox 305 2987 453 3053; x_wconf 91' lang='lat' dir='ltr'><strong>illic,</strong></span> <span class='ocrx_word' id='word_1_240' title='bbox 497 2987 551 3043; x_wconf 90' lang='lat' dir='ltr'><strong>id</strong></span> <span class='ocrx_word' id='word_1_241' title='bbox 578 2999 663 3044; x_wconf 90' lang='lat' dir='ltr'><strong>est</strong></span> <span class='ocrx_word' id='word_1_242' title='bbox 710 2988 765 3044; x_wconf 89' lang='lat' dir='ltr'><strong>in</strong></span> <span class='ocrx_word' id='word_1_243' title='bbox 814 2988 1244 3061; x_wconf 84' lang='lat' dir='ltr'><strong>Philippensimn</strong></span> <span class='ocrx_word' id='word_1_244' title='bbox 1292 2990 1425 3045; x_wconf 85' lang='lat' dir='ltr'><strong>urbe</strong></span> <span class='ocrx_word' id='word_1_245' title='bbox 1453 3031 1469 3054; x_wconf 92' lang='lat'><strong>,</strong></span> <span class='ocrx_word' id='word_1_246' title='bbox 1502 2999 1830 3048; x_wconf 88' lang='lat' dir='ltr'><strong>certaverat.</strong></span> 
     </span>
    </p>
   </div>
   <div class='ocr_carea' id='block_1_30' title="bbox 218 3077 1834 3152">
    <p class='ocr_par' dir='ltr' id='par_1_30' title="bbox 218 3077 1834 3152">
     <span class='ocr_line' id='line_1_30' title="bbox 218 3077 1834 3152; baseline 0.004 -21"><span class='ocrx_word' id='word_1_247' title='bbox 218 3077 338 3132; x_wconf 84' lang='lat' dir='ltr'><strong>Hoc</strong></span> <span class='ocrx_word' id='word_1_248' title='bbox 387 3079 549 3149; x_wconf 81' lang='lat' dir='ltr'><strong>igitur</strong></span> <span class='ocrx_word' id='word_1_249' title='bbox 591 3097 802 3152; x_wconf 81' lang='lat' dir='ltr'><strong>magna:</strong></span> <span class='ocrx_word' id='word_1_250' title='bbox 847 3083 1061 3137; x_wconf 76' lang='lat' dir='ltr'><strong>vittatis</strong></span> <span class='ocrx_word' id='word_1_251' title='bbox 1106 3091 1210 3137; x_wconf 83' lang='lat' dir='ltr'><strong>est.</strong></span> <span class='ocrx_word' id='word_1_252' title='bbox 1255 3081 1620 3149; x_wconf 88' lang='lat' dir='ltr'><strong>Quamobretn</strong></span> <span class='ocrx_word' id='word_1_253' title='bbox 1665 3094 1721 3138; x_wconf 90' lang='lat' dir='ltr'><strong>et</strong></span> <span class='ocrx_word' id='word_1_254' title='bbox 1767 3083 1834 3137; x_wconf 90' lang='lat' dir='ltr'><strong>ad</strong></span> 
     </span>
    </p>
   </div>
   <div class='ocr_carea' id='block_1_31' title="bbox 213 3169 1833 3245">
    <p class='ocr_par' dir='ltr' id='par_1_31' title="bbox 213 3169 1833 3245">
     <span class='ocr_line' id='line_1_31' title="bbox 213 3169 1833 3245; baseline 0.001 -20"><span class='ocrx_word' id='word_1_255' title='bbox 213 3169 447 3225; x_wconf 81' lang='lat' dir='ltr'><strong>Galatas</strong></span> <span class='ocrx_word' id='word_1_256' title='bbox 470 3173 720 3229; x_wconf 84' lang='lat' dir='ltr'><strong>scribens</strong></span> <span class='ocrx_word' id='word_1_257' title='bbox 742 3174 959 3230; x_wconf 83' lang='lat' dir='ltr'><strong>dicebat</strong></span> <span class='ocrx_word' id='word_1_258' title='bbox 983 3193 995 3229; x_wconf 95' lang='lat'>:</span> <span class='ocrx_word' id='word_1_259' title='bbox 1025 3174 1192 3229; x_wconf 84' lang='lat' dir='ltr'><strong>Tanta</strong></span> <span class='ocrx_word' id='word_1_260' title='bbox 1211 3177 1351 3245; x_wconf 86' lang='lat' dir='ltr'><strong>passi</strong></span> <span class='ocrx_word' id='word_1_261' title='bbox 1382 3176 1501 3229; x_wconf 73' lang='lat' dir='ltr'><strong>estis</strong></span> <span class='ocrx_word' id='word_1_262' title='bbox 1521 3178 1630 3229; x_wconf 85' lang='lat' dir='ltr'><strong>sine</strong></span> <span class='ocrx_word' id='word_1_263' title='bbox 1654 3192 1833 3240; x_wconf 87' lang='lat' dir='ltr'><strong>causa,</strong></span> 
     </span>
    </p>
   </div>
   <div class='ocr_carea' id='block_1_32' title="bbox 210 3265 1836 3340">
    <p class='ocr_par' dir='ltr' id='par_1_32' title="bbox 210 3265 1836 3340">
     <span class='ocr_line' id='line_1_32' title="bbox 210 3265 1836 3340; baseline 0.004 -23"><span class='ocrx_word' id='word_1_264' title='bbox 210 3265 265 3317; x_wconf 86' lang='lat' dir='ltr'><strong>si</strong></span> <span class='ocrx_word' id='word_1_265' title='bbox 295 3274 471 3319; x_wconf 83' lang='lat' dir='ltr'><strong>tamen</strong></span> <span class='ocrx_word' id='word_1_266' title='bbox 511 3266 622 3320; x_wconf 85' lang='lat' dir='ltr'><strong>sine</strong></span> <span class='ocrx_word' id='word_1_267' title='bbox 657 3282 814 3319; x_wconf 87' lang='lat' dir='ltr'><strong>causa</strong></span> <span class='ocrx_word' id='word_1_268' title='bbox 855 3266 1000 3337; x_wconf 79' lang='lat' dir='ltr'><strong>(Gal.</strong></span> <span class='ocrx_word' id='word_1_269' title='bbox 1036 3268 1091 3323; x_wconf 79' lang='lat'><strong>3.</strong></span> <span class='ocrx_word' id='word_1_270' title='bbox 1123 3266 1220 3340; x_wconf 70' lang='lat'><strong>4);</strong></span> <span class='ocrx_word' id='word_1_271' title='bbox 1254 3278 1311 3323; x_wconf 88' lang='lat' dir='ltr'><strong>et</strong></span> <span class='ocrx_word' id='word_1_272' title='bbox 1356 3268 1597 3323; x_wconf 71' lang='lat' dir='ltr'><strong>IIebraeis</strong></span> <span class='ocrx_word' id='word_1_273' title='bbox 1646 3283 1836 3323; x_wconf 84' lang='lat' dir='ltr'><strong>rursus</strong></span> 
     </span>
    </p>
   </div>
   <div class='ocr_carea' id='block_1_33' title="bbox 208 3354 1833 3429">
    <p class='ocr_par' dir='ltr' id='par_1_33' title="bbox 208 3354 1833 3429">
     <span class='ocr_line' id='line_1_33' title="bbox 208 3354 1833 3429; baseline 0.002 -20"><span class='ocrx_word' id='word_1_274' title='bbox 208 3354 471 3409; x_wconf 82' lang='lat' dir='ltr'><strong>scribens</strong></span> <span class='ocrx_word' id='word_1_275' title='bbox 497 3355 738 3419; x_wconf 84' lang='lat' dir='ltr'><strong>dicebat,</strong></span> <span class='ocrx_word' id='word_1_276' title='bbox 771 3356 1206 3412; x_wconf 81' lang='lat' dir='ltr'><strong>Ilememoramini</strong></span> <span class='ocrx_word' id='word_1_277' title='bbox 1232 3371 1399 3414; x_wconf 84' lang='lat' dir='ltr'><strong>autem</strong></span> <span class='ocrx_word' id='word_1_278' title='bbox 1431 3360 1673 3429; x_wconf 88' lang='lat' dir='ltr'><strong>pristinos</strong></span> <span class='ocrx_word' id='word_1_279' title='bbox 1703 3360 1833 3426; x_wconf 85' lang='lat' dir='ltr'><strong>dies,</strong></span> 
     </span>
    </p>
   </div>
   <div class='ocr_carea' id='block_1_34' title="bbox 207 3447 1835 3522">
    <p class='ocr_par' dir='ltr' id='par_1_34' title="bbox 207 3447 1835 3522">
     <span class='ocr_line' id='line_1_34' title="bbox 207 3447 1835 3522; baseline 0.002 -21"><span class='ocrx_word' id='word_1_280' title='bbox 207 3447 271 3501; x_wconf 80' lang='lat' dir='ltr'><strong>in</strong></span> <span class='ocrx_word' id='word_1_281' title='bbox 292 3448 483 3517; x_wconf 77' lang='lat' dir='ltr'><strong>quibus</strong></span> <span class='ocrx_word' id='word_1_282' title='bbox 512 3448 791 3503; x_wconf 86' lang='lat' dir='ltr'><strong>illuminati</strong></span> <span class='ocrx_word' id='word_1_283' title='bbox 821 3467 1066 3521; x_wconf 87' lang='lat' dir='ltr'><strong>magnum</strong></span> <span class='ocrx_word' id='word_1_284' title='bbox 1093 3461 1346 3505; x_wconf 77' lang='lat' dir='ltr'><strong>certamen</strong></span> <span class='ocrx_word' id='word_1_285' title='bbox 1370 3452 1685 3505; x_wconf 83' lang='lat' dir='ltr'><strong>sustinuistis</strong></span> <span class='ocrx_word' id='word_1_286' title='bbox 1714 3469 1835 3522; x_wconf 87' lang='lat' dir='ltr'><strong>pas-</strong></span> 
     </span>
    </p>
   </div>
   <div class='ocr_carea' id='block_1_35' title="bbox 212 3542 1836 3614">
    <p class='ocr_par' dir='ltr' id='par_1_35' title="bbox 212 3542 1836 3614">
     <span class='ocr_line' id='line_1_35' title="bbox 212 3542 1836 3614; baseline 0 -17"><span class='ocrx_word' id='word_1_287' title='bbox 212 3542 425 3597; x_wconf 84' lang='lat' dir='ltr'><strong>sionum</strong></span> <span class='ocrx_word' id='word_1_288' title='bbox 447 3584 461 3605; x_wconf 94' lang='lat'><strong>,</strong></span> <span class='ocrx_word' id='word_1_289' title='bbox 494 3552 540 3595; x_wconf 91' lang='lat' dir='ltr'><strong>et</strong></span> <span class='ocrx_word' id='word_1_290' title='bbox 576 3544 627 3596; x_wconf 86' lang='lat' dir='ltr'><strong>in</strong></span> <span class='ocrx_word' id='word_1_291' title='bbox 665 3544 826 3597; x_wconf 84' lang='lat' dir='ltr'><strong>altera</strong></span> <span class='ocrx_word' id='word_1_292' title='bbox 852 3545 1059 3612; x_wconf 80' lang='lat' dir='ltr'><strong>quidem</strong></span> <span class='ocrx_word' id='word_1_293' title='bbox 1095 3544 1386 3614; x_wconf 84' lang='lat' dir='ltr'><strong>opprobriis</strong></span> <span class='ocrx_word' id='word_1_294' title='bbox 1415 3554 1462 3599; x_wconf 86' lang='lat' dir='ltr'><strong>et</strong></span> <span class='ocrx_word' id='word_1_295' title='bbox 1490 3545 1836 3599; x_wconf 78' lang='lat' dir='ltr'><strong>tribulationi-</strong></span> 
     </span>
    </p>
   </div>
   <div class='ocr_carea' id='block_1_36' title="bbox 211 3635 1832 3708">
    <p class='ocr_par' dir='ltr' id='par_1_36' title="bbox 211 3635 1832 3708">
     <span class='ocr_line' id='line_1_36' title="bbox 211 3635 1832 3708; baseline 0.004 -21"><span class='ocrx_word' id='word_1_296' title='bbox 211 3635 313 3688; x_wconf 82' lang='lat' dir='ltr'><strong>bus</strong></span> <span class='ocrx_word' id='word_1_297' title='bbox 342 3638 699 3704; x_wconf 81' lang='lat' dir='ltr'><strong>spectaculum</strong></span> <span class='ocrx_word' id='word_1_298' title='bbox 744 3638 911 3708; x_wconf 66' lang='lat' dir='ltr'><strong>[at-ti,</strong></span> <span class='ocrx_word' id='word_1_299' title='bbox 964 3639 1017 3691; x_wconf 84' lang='lat' dir='ltr'><strong>in</strong></span> <span class='ocrx_word' id='word_1_300' title='bbox 1063 3639 1226 3693; x_wconf 84' lang='lat' dir='ltr'><strong>altero</strong></span> <span class='ocrx_word' id='word_1_301' title='bbox 1273 3649 1442 3693; x_wconf 85' lang='lat' dir='ltr'><strong>autem</strong></span> <span class='ocrx_word' id='word_1_302' title='bbox 1490 3641 1617 3693; x_wconf 83' lang='lat' dir='ltr'><strong>socii</strong></span> <span class='ocrx_word' id='word_1_303' title='bbox 1660 3640 1832 3694; x_wconf 84' lang='lat' dir='ltr'><strong>taliter</strong></span> 
     </span>
    </p>
   </div>
   <div class='ocr_carea' id='block_1_37' title="bbox 213 3729 1835 3803">
    <p class='ocr_par' dir='ltr' id='par_1_37' title="bbox 213 3729 1835 3803">
     <span class='ocr_line' id='line_1_37' title="bbox 213 3729 1835 3803; baseline 0.004 -23"><span class='ocrx_word' id='word_1_304' title='bbox 213 3730 635 3782; x_wconf 71' lang='lat' dir='ltr'><strong>conversantium</strong></span> <span class='ocrx_word' id='word_1_305' title='bbox 674 3729 838 3796; x_wconf 78' lang='lat' dir='ltr'><strong>e/fecti</strong></span> <span class='ocrx_word' id='word_1_306' title='bbox 867 3732 884 3800; x_wconf 94' lang='lat'><strong>(</strong></span> <span class='ocrx_word' id='word_1_307' title='bbox 911 3729 1070 3787; x_wconf 81' lang='lat' dir='ltr'><strong>Hebr.</strong></span> <span class='ocrx_word' id='word_1_308' title='bbox 1102 3732 1191 3786; x_wconf 81' lang='grc'><strong>10.</strong></span> <span class='ocrx_word' id='word_1_309' title='bbox 1234 3732 1322 3786; x_wconf 69' lang='lat'><strong>39..</strong></span> <span class='ocrx_word' id='word_1_310' title='bbox 1351 3734 1420 3788; x_wconf 79' lang='lat'><strong>55</strong></span> <span class='ocrx_word' id='word_1_311' title='bbox 1441 3731 1482 3803; x_wconf 94' lang='lat'><strong>).</strong></span> <span class='ocrx_word' id='word_1_312' title='bbox 1532 3733 1601 3787; x_wconf 85' lang='lat' dir='ltr'><strong>Et</strong></span> <span class='ocrx_word' id='word_1_313' title='bbox 1646 3748 1835 3787; x_wconf 86' lang='lat' dir='ltr'><strong>rursus</strong></span> 
     </span>
    </p>
   </div>
   <div class='ocr_carea' id='block_1_38' title="bbox 215 3822 1835 3889">
    <p class='ocr_par' dir='ltr' id='par_1_38' title="bbox 215 3822 1835 3889">
     <span class='ocr_line' id='line_1_38' title="bbox 215 3822 1835 3889; baseline 0.006 -15"><span class='ocrx_word' id='word_1_314' title='bbox 215 3822 617 3877; x_wconf 75' lang='lat' dir='ltr'><strong>Macedonibus</strong></span> <span class='ocrx_word' id='word_1_315' title='bbox 644 3865 659 3889; x_wconf 95' lang='lat'><strong>,</strong></span> <span class='ocrx_word' id='word_1_316' title='bbox 706 3826 756 3877; x_wconf 92' lang='lat' dir='ltr'><strong>id</strong></span> <span class='ocrx_word' id='word_1_317' title='bbox 803 3835 932 3888; x_wconf 83' lang='lat' dir='ltr'><strong>est,</strong></span> <span class='ocrx_word' id='word_1_318' title='bbox 960 3825 1542 3882; x_wconf 56' lang='lat' dir='ltr'><strong>&#39;I&#39;thsalonicen-ihus</strong></span> <span class='ocrx_word' id='word_1_319' title='bbox 1588 3827 1835 3883; x_wconf 84' lang='lat' dir='ltr'><strong>scribens</strong></span> 
     </span>
    </p>
   </div>
   <div class='ocr_carea' id='block_1_39' title="bbox 211 3914 1834 3993">
    <p class='ocr_par' dir='ltr' id='par_1_39' title="bbox 211 3914 1834 3993">
     <span class='ocr_line' id='line_1_39' title="bbox 211 3914 1834 3993; baseline 0.004 -25"><span class='ocrx_word' id='word_1_320' title='bbox 211 3915 459 3980; x_wconf 62' lang='lat' dir='ltr'><strong>diu-hat,</strong></span> <span class='ocrx_word' id='word_1_321' title='bbox 498 3914 524 3968; x_wconf 94' lang='grc'><strong>1</strong></span> <span class='ocrx_word' id='word_1_322' title='bbox 531 3916 612 3985; x_wconf 92' lang='lat' dir='ltr'><strong>psi</strong></span> <span class='ocrx_word' id='word_1_323' title='bbox 634 3917 768 3971; x_wconf 81' lang='lat' dir='ltr'><strong>enim</strong></span> <span class='ocrx_word' id='word_1_324' title='bbox 798 3919 862 3972; x_wconf 83' lang='lat' dir='ltr'><strong>de</strong></span> <span class='ocrx_word' id='word_1_325' title='bbox 889 3918 1034 3973; x_wconf 88' lang='lat' dir='ltr'><strong>nobis</strong></span> <span class='ocrx_word' id='word_1_326' title='bbox 1065 3921 1393 3987; x_wconf 87' lang='lat' dir='ltr'><strong>annuntiant,</strong></span> <span class='ocrx_word' id='word_1_327' title='bbox 1423 3921 1623 3993; x_wconf 88' lang='lat' dir='ltr'><strong>qualem</strong></span> <span class='ocrx_word' id='word_1_328' title='bbox 1654 3922 1834 3976; x_wconf 84' lang='lat' dir='ltr'><strong>introi-</strong></span> 
     </span>
    </p>
   </div>
   <div class='ocr_carea' id='block_1_40' title="bbox 212 4008 1828 4084">
    <p class='ocr_par' dir='ltr' id='par_1_40' title="bbox 212 4008 1828 4084">
     <span class='ocr_line' id='line_1_40' title="bbox 212 4008 1828 4084; baseline 0.005 -24"><span class='ocrx_word' id='word_1_329' title='bbox 212 4018 325 4060; x_wconf 83' lang='lat' dir='ltr'><strong>tum</strong></span> <span class='ocrx_word' id='word_1_330' title='bbox 357 4008 690 4065; x_wconf 57' lang='lat' dir='ltr'><strong>habuerimus</strong></span> <span class='ocrx_word' id='word_1_331' title='bbox 715 4011 786 4064; x_wconf 85' lang='lat' dir='ltr'><strong>atl</strong></span> <span class='ocrx_word' id='word_1_332' title='bbox 815 4026 944 4076; x_wconf 80' lang='lat' dir='ltr'><strong>vos;</strong></span> <span class='ocrx_word' id='word_1_333' title='bbox 970 4023 1024 4067; x_wconf 90' lang='lat' dir='ltr'><strong>et</strong></span> <span class='ocrx_word' id='word_1_334' title='bbox 1052 4029 1263 4079; x_wconf 86' lang='lat' dir='ltr'><strong>rursus,</strong></span> <span class='ocrx_word' id='word_1_335' title='bbox 1300 4013 1440 4067; x_wconf 84' lang='lat' dir='ltr'><strong>Nam</strong></span> <span class='ocrx_word' id='word_1_336' title='bbox 1466 4025 1511 4068; x_wconf 91' lang='lat' dir='ltr'><strong>et</strong></span> <span class='ocrx_word' id='word_1_337' title='bbox 1542 4015 1642 4084; x_wconf 84' lang='lat' dir='ltr'><strong>ipsi</strong></span> <span class='ocrx_word' id='word_1_338' title='bbox 1669 4016 1828 4081; x_wconf 85' lang='lat' dir='ltr'><strong>scitis,</strong></span> 
     </span>
    </p>
   </div>
   <div class='ocr_carea' id='block_1_41' title="bbox 211 4102 1834 4179">
    <p class='ocr_par' dir='ltr' id='par_1_41' title="bbox 211 4102 1834 4179">
     <span class='ocr_line' id='line_1_41' title="bbox 211 4102 1834 4179; baseline 0.007 -27"><span class='ocrx_word' id='word_1_339' title='bbox 211 4103 413 4171; x_wconf 80' lang='lat' dir='ltr'><strong>fratres</strong></span> <span class='ocrx_word' id='word_1_340' title='bbox 432 4144 445 4169; x_wconf 94' lang='lat'><strong>,</strong></span> <span class='ocrx_word' id='word_1_341' title='bbox 476 4102 745 4157; x_wconf 87' lang='lat' dir='ltr'><strong>introitum</strong></span> <span class='ocrx_word' id='word_1_342' title='bbox 768 4116 997 4159; x_wconf 85' lang='lat' dir='ltr'><strong>nostrum</strong></span> <span class='ocrx_word' id='word_1_343' title='bbox 1023 4106 1092 4159; x_wconf 84' lang='lat' dir='ltr'><strong>ad</strong></span> <span class='ocrx_word' id='word_1_344' title='bbox 1122 4124 1228 4172; x_wconf 76' lang='lat' dir='ltr'><strong>vos,</strong></span> <span class='ocrx_word' id='word_1_345' title='bbox 1261 4112 1381 4179; x_wconf 81' lang='lat' dir='ltr'><strong>quia</strong></span> <span class='ocrx_word' id='word_1_346' title='bbox 1412 4126 1512 4163; x_wconf 86' lang='lat' dir='ltr'><strong>non</strong></span> <span class='ocrx_word' id='word_1_347' title='bbox 1542 4111 1709 4163; x_wconf 86' lang='lat' dir='ltr'><strong>inanis</strong></span> <span class='ocrx_word' id='word_1_348' title='bbox 1737 4111 1834 4177; x_wconf 81' lang='lat' dir='ltr'><strong>fuit</strong></span> 
     </span>
    </p>
   </div>
   <div class='ocr_carea' id='block_1_42' title="bbox 207 4190 1832 4269">
    <p class='ocr_par' dir='ltr' id='par_1_42' title="bbox 207 4190 1832 4269">
     <span class='ocr_line' id='line_1_42' title="bbox 207 4190 1832 4269; baseline 0.006 -23"><span class='ocrx_word' id='word_1_349' title='bbox 207 4192 297 4260; x_wconf 92' lang='lat' dir='ltr'><strong>(l.</strong></span> <span class='ocrx_word' id='word_1_350' title='bbox 328 4190 517 4248; x_wconf 87' lang='lat' dir='ltr'><strong>Thess.</strong></span> <span class='ocrx_word' id='word_1_351' title='bbox 554 4194 605 4248; x_wconf 89' lang='lat' dir='ltr'><strong>I.</strong></span> <span class='ocrx_word' id='word_1_352' title='bbox 630 4196 683 4249; x_wconf 85' lang='lat'><strong>9.</strong></span> <span class='ocrx_word' id='word_1_353' title='bbox 716 4205 762 4250; x_wconf 88' lang='lat' dir='ltr'><strong>et</strong></span> <span class='ocrx_word' id='word_1_354' title='bbox 802 4196 855 4251; x_wconf 75' lang='grc'><strong>2.</strong></span> <span class='ocrx_word' id='word_1_355' title='bbox 889 4198 966 4268; x_wconf 89' lang='lat' dir='ltr'><strong>I).</strong></span> <span class='ocrx_word' id='word_1_356' title='bbox 998 4196 1340 4269; x_wconf 85' lang='lat' dir='ltr'><strong>Omninoque</strong></span> <span class='ocrx_word' id='word_1_357' title='bbox 1367 4200 1436 4254; x_wconf 83' lang='lat' dir='ltr'><strong>de</strong></span> <span class='ocrx_word' id='word_1_358' title='bbox 1462 4202 1714 4256; x_wconf 88' lang='lat' dir='ltr'><strong>omnibus</strong></span> <span class='ocrx_word' id='word_1_359' title='bbox 1748 4202 1832 4256; x_wconf 88' lang='lat' dir='ltr'><strong>id-</strong></span> 
     </span>
    </p>
   </div>
   <div class='ocr_carea' id='block_1_43' title="bbox 208 4284 1834 4363">
    <p class='ocr_par' dir='ltr' id='par_1_43' title="bbox 208 4284 1834 4363">
     <span class='ocr_line' id='line_1_43' title="bbox 208 4284 1834 4363; baseline 0.006 -25"><span class='ocrx_word' id='word_1_360' title='bbox 208 4284 400 4353; x_wconf 84' lang='lat' dir='ltr'><strong>ipsmn</strong></span> <span class='ocrx_word' id='word_1_361' title='bbox 445 4285 700 4342; x_wconf 87' lang='lat' dir='ltr'><strong>similiter</strong></span> <span class='ocrx_word' id='word_1_362' title='bbox 745 4295 1016 4356; x_wconf 89' lang='lat' dir='ltr'><strong>testatur,</strong></span> <span class='ocrx_word' id='word_1_363' title='bbox 1059 4291 1355 4345; x_wconf 87' lang='lat' dir='ltr'><strong>certamina</strong></span> <span class='ocrx_word' id='word_1_364' title='bbox 1399 4300 1453 4346; x_wconf 91' lang='lat' dir='ltr'><strong>ct</strong></span> <span class='ocrx_word' id='word_1_365' title='bbox 1500 4308 1726 4363; x_wconf 81' lang='lat' dir='ltr'><strong>pugnas.</strong></span> <span class='ocrx_word' id='word_1_366' title='bbox 1767 4295 1834 4348; x_wconf 86' lang='lat' dir='ltr'><strong>At</strong></span> 
     </span>
    </p>
   </div>
   <div class='ocr_carea' id='block_1_44' title="bbox 207 4375 1831 4451">
    <p class='ocr_par' dir='ltr' id='par_1_44' title="bbox 207 4375 1831 4451">
     <span class='ocr_line' id='line_1_44' title="bbox 207 4375 1831 4451; baseline 0.006 -22"><span class='ocrx_word' id='word_1_367' title='bbox 207 4375 450 4430; x_wconf 89' lang='lat' dir='ltr'><strong>tninimc</strong></span> <span class='ocrx_word' id='word_1_368' title='bbox 488 4378 593 4433; x_wconf 92' lang='lat' dir='ltr'><strong>hoc</strong></span> <span class='ocrx_word' id='word_1_369' title='bbox 625 4394 769 4435; x_wconf 92' lang='lat' dir='ltr'><strong>nunc</strong></span> <span class='ocrx_word' id='word_1_370' title='bbox 812 4381 952 4451; x_wconf 90' lang='lat' dir='ltr'><strong>apud</strong></span> <span class='ocrx_word' id='word_1_371' title='bbox 1003 4398 1103 4437; x_wconf 91' lang='lat' dir='ltr'><strong>nos</strong></span> <span class='ocrx_word' id='word_1_372' title='bbox 1136 4383 1441 4439; x_wconf 80' lang='lat' dir='ltr'><strong>invenietur</strong></span> <span class='ocrx_word' id='word_1_373' title='bbox 1471 4402 1484 4436; x_wconf 89' lang='lat'><strong>:</strong></span> <span class='ocrx_word' id='word_1_374' title='bbox 1518 4399 1661 4439; x_wconf 91' lang='lat' dir='ltr'><strong>mmc</strong></span> <span class='ocrx_word' id='word_1_375' title='bbox 1685 4384 1831 4438; x_wconf 91' lang='lat' dir='ltr'><strong>enim</strong></span> 
     </span>
    </p>
   </div>
   <div class='ocr_carea' id='block_1_45' title="bbox 206 4467 1831 4546">
    <p class='ocr_par' dir='ltr' id='par_1_45' title="bbox 206 4467 1831 4546">
     <span class='ocr_line' id='line_1_45' title="bbox 206 4467 1831 4546; baseline 0.007 -28"><span class='ocrx_word' id='word_1_376' title='bbox 206 4467 351 4520; x_wconf 87' lang='lat' dir='ltr'><strong>satis</strong></span> <span class='ocrx_word' id='word_1_377' title='bbox 381 4467 523 4522; x_wconf 87' lang='lat' dir='ltr'><strong>bene</strong></span> <span class='ocrx_word' id='word_1_378' title='bbox 564 4472 743 4539; x_wconf 80' lang='lat' dir='ltr'><strong>agitur</strong></span> <span class='ocrx_word' id='word_1_379' title='bbox 767 4512 782 4536; x_wconf 94' lang='lat'><strong>,</strong></span> <span class='ocrx_word' id='word_1_380' title='bbox 831 4473 874 4526; x_wconf 90' lang='lat' dir='ltr'><strong>si</strong></span> <span class='ocrx_word' id='word_1_381' title='bbox 908 4474 1028 4541; x_wconf 89' lang='lat' dir='ltr'><strong>quis</strong></span> <span class='ocrx_word' id='word_1_382' title='bbox 1057 4474 1143 4529; x_wconf 87' lang='lat' dir='ltr'><strong>vel</strong></span> <span class='ocrx_word' id='word_1_383' title='bbox 1190 4475 1242 4528; x_wconf 88' lang='lat' dir='ltr'><strong>itt</strong></span> <span class='ocrx_word' id='word_1_384' title='bbox 1276 4476 1518 4545; x_wconf 90' lang='lat' dir='ltr'><strong>pecuniis</strong></span> <span class='ocrx_word' id='word_1_385' title='bbox 1555 4475 1831 4546; x_wconf 88' lang='lat' dir='ltr'><strong>quidpiam</strong></span> 
     </span>
    </p>
   </div>
   <div class='ocr_carea' id='block_1_46' title="bbox 203 4559 1830 4637">
    <p class='ocr_par' dir='ltr' id='par_1_46' title="bbox 203 4559 1830 4637">
     <span class='ocr_line' id='line_1_46' title="bbox 203 4559 1830 4637; baseline 0.006 -26"><span class='ocrx_word' id='word_1_386' title='bbox 203 4559 535 4613; x_wconf 85' lang='lat' dir='ltr'><strong>detrimenti</strong></span> <span class='ocrx_word' id='word_1_387' title='bbox 564 4560 717 4616; x_wconf 79' lang='lat' dir='ltr'><strong>lerat.</strong></span> <span class='ocrx_word' id='word_1_388' title='bbox 748 4565 824 4617; x_wconf 83' lang='lat' dir='ltr'><strong>Ac</strong></span> <span class='ocrx_word' id='word_1_389' title='bbox 846 4580 976 4618; x_wconf 90' lang='lat' dir='ltr'><strong>sane</strong></span> <span class='ocrx_word' id='word_1_390' title='bbox 1002 4565 1053 4618; x_wconf 83' lang='lat' dir='ltr'><strong>in</strong></span> <span class='ocrx_word' id='word_1_391' title='bbox 1089 4568 1331 4635; x_wconf 74' lang='lat' dir='ltr'><strong>pecuniis</strong></span> <span class='ocrx_word' id='word_1_392' title='bbox 1358 4583 1571 4637; x_wconf 91' lang='lat' dir='ltr'><strong>quoque</strong></span> <span class='ocrx_word' id='word_1_393' title='bbox 1602 4567 1830 4637; x_wconf 65' lang='lat' dir='ltr'><strong>prmia-</strong></span> 
     </span>
    </p>
   </div>
   <div class='ocr_carea' id='block_1_47' title="bbox 204 4646 1832 4717">
    <p class='ocr_par' dir='ltr' id='par_1_47' title="bbox 204 4646 1832 4717">
     <span class='ocr_line' id='line_1_47' title="bbox 204 4646 1832 4717; baseline 0.007 -12"><span class='ocrx_word' id='word_1_394' title='bbox 204 4667 337 4705; x_wconf 85' lang='lat' dir='ltr'><strong>rum</strong></span> <span class='ocrx_word' id='word_1_395' title='bbox 376 4650 449 4705; x_wconf 87' lang='lat' dir='ltr'><strong>de</strong></span> <span class='ocrx_word' id='word_1_396' title='bbox 480 4651 588 4708; x_wconf 91' lang='lat' dir='ltr'><strong>illis</strong></span> <span class='ocrx_word' id='word_1_397' title='bbox 619 4656 988 4711; x_wconf 87' lang='lat' dir='ltr'><strong>teSIimouimn</strong></span> <span class='ocrx_word' id='word_1_398' title='bbox 1029 4646 1121 4711; x_wconf 87' lang='lat' dir='ltr'><strong>dat</strong></span> <span class='ocrx_word' id='word_1_399' title='bbox 1172 4659 1367 4713; x_wconf 83' lang='lat' dir='ltr'><strong>Paulus</strong></span> <span class='ocrx_word' id='word_1_400' title='bbox 1399 4678 1413 4714; x_wconf 88' lang='lat'>:</span> <span class='ocrx_word' id='word_1_401' title='bbox 1450 4676 1572 4714; x_wconf 86' lang='lat' dir='ltr'><strong>nam</strong></span> <span class='ocrx_word' id='word_1_402' title='bbox 1600 4660 1669 4715; x_wconf 90' lang='lat' dir='ltr'><strong>de</strong></span> <span class='ocrx_word' id='word_1_403' title='bbox 1711 4661 1832 4717; x_wconf 89' lang='lat' dir='ltr'><strong>aliis</strong></span> 
     </span>
    </p>
   </div>
   <div class='ocr_carea' id='block_1_48' title="bbox 201 4745 1835 4820">
    <p class='ocr_par' dir='ltr' id='par_1_48' title="bbox 201 4745 1835 4820">
     <span class='ocr_line' id='line_1_48' title="bbox 201 4745 1835 4820; baseline 0.007 -24"><span class='ocrx_word' id='word_1_404' title='bbox 201 4745 441 4815; x_wconf 79' lang='lat' dir='ltr'><strong>quidem</strong></span> <span class='ocrx_word' id='word_1_405' title='bbox 493 4746 565 4800; x_wconf 89' lang='lat' dir='ltr'><strong>ita</strong></span> <span class='ocrx_word' id='word_1_406' title='bbox 610 4747 776 4814; x_wconf 89' lang='lat' dir='ltr'><strong>dicit,</strong></span> <span class='ocrx_word' id='word_1_407' title='bbox 815 4748 1071 4820; x_wconf 79' lang='lat' dir='ltr'><strong>Ilapinam</strong></span> <span class='ocrx_word' id='word_1_408' title='bbox 1118 4752 1364 4807; x_wconf 88' lang='lat' dir='ltr'><strong>bonorum</strong></span> <span class='ocrx_word' id='word_1_409' title='bbox 1397 4766 1677 4807; x_wconf 80' lang='lat' dir='ltr'><strong>vestrorum</strong></span> <span class='ocrx_word' id='word_1_410' title='bbox 1719 4771 1835 4807; x_wconf 84' lang='lat' dir='ltr'><strong>cum</strong></span> 
     </span>
    </p>
   </div>
   <div class='ocr_carea' id='block_1_49' title="bbox 199 4837 1831 4916">
    <p class='ocr_par' dir='ltr' id='par_1_49' title="bbox 199 4837 1831 4916">
     <span class='ocr_line' id='line_1_49' title="bbox 199 4837 1831 4916; baseline 0.008 -28"><span class='ocrx_word' id='word_1_411' title='bbox 199 4837 411 4906; x_wconf 85' lang='lat' dir='ltr'><strong>gaudio</strong></span> <span class='ocrx_word' id='word_1_412' title='bbox 439 4840 735 4915; x_wconf 68' lang='lat' dir='ltr'><strong>suscepistis</strong></span> <span class='ocrx_word' id='word_1_413' title='bbox 770 4842 955 4912; x_wconf 76' lang='lat' dir='ltr'><strong>(Hebr.</strong></span> <span class='ocrx_word' id='word_1_414' title='bbox 993 4846 1078 4898; x_wconf 89' lang='lat' dir='ltr'><strong>l0.</strong></span> <span class='ocrx_word' id='word_1_415' title='bbox 1108 4845 1200 4916; x_wconf 79' lang='grc'><strong>51)</strong></span> <span class='ocrx_word' id='word_1_416' title='bbox 1228 4864 1241 4908; x_wconf 88' lang='grc'></span> <span class='ocrx_word' id='word_1_417' title='bbox 1270 4846 1338 4900; x_wconf 87' lang='lat' dir='ltr'><strong>de</strong></span> <span class='ocrx_word' id='word_1_418' title='bbox 1364 4846 1485 4900; x_wconf 84' lang='lat' dir='ltr'><strong>aliis</strong></span> <span class='ocrx_word' id='word_1_419' title='bbox 1512 4862 1662 4912; x_wconf 90' lang='lat' dir='ltr'><strong>vero,</strong></span> <span class='ocrx_word' id='word_1_420' title='bbox 1697 4845 1831 4900; x_wconf 86' lang='lat' dir='ltr'><strong>Pro-</strong></span> 
     </span>
    </p>
   </div>
   <div class='ocr_carea' id='block_1_50' title="bbox 201 4928 1833 5011">
    <p class='ocr_par' dir='ltr' id='par_1_50' title="bbox 201 4928 1833 5011">
     <span class='ocr_line' id='line_1_50' title="bbox 201 4928 1833 5011; baseline 0.007 -30"><span class='ocrx_word' id='word_1_421' title='bbox 201 4928 469 4982; x_wconf 74' lang='lat' dir='ltr'><strong>bat&#39;crttnt</strong></span> <span class='ocrx_word' id='word_1_422' title='bbox 504 4930 813 4987; x_wconf 74' lang='lat' dir='ltr'><strong>Macedonia</strong></span> <span class='ocrx_word' id='word_1_423' title='bbox 837 4945 884 4989; x_wconf 88' lang='lat' dir='ltr'><strong>et</strong></span> <span class='ocrx_word' id='word_1_424' title='bbox 915 4937 1109 4990; x_wconf 75' lang='lat' dir='ltr'><strong>Achaia</strong></span> <span class='ocrx_word' id='word_1_425' title='bbox 1133 4939 1458 4993; x_wconf 84' lang='lat' dir='ltr'><strong>collationem</strong></span> <span class='ocrx_word' id='word_1_426' title='bbox 1497 4940 1722 5011; x_wconf 85' lang='lat' dir='ltr'><strong>aliquam</strong></span> <span class='ocrx_word' id='word_1_427' title='bbox 1750 4943 1833 5010; x_wconf 74' lang='lat' dir='ltr'><strong>[a-</strong></span> 
     </span>
    </p>
   </div>
   <div class='ocr_carea' id='block_1_51' title="bbox 202 5022 1835 5104">
    <p class='ocr_par' dir='ltr' id='par_1_51' title="bbox 202 5022 1835 5104">
     <span class='ocr_line' id='line_1_51' title="bbox 202 5022 1835 5104; baseline 0.009 -31"><span class='ocrx_word' id='word_1_428' title='bbox 202 5038 327 5074; x_wconf 66' lang='lat' dir='ltr'><strong>cere</strong></span> <span class='ocrx_word' id='word_1_429' title='bbox 358 5022 415 5075; x_wconf 84' lang='lat' dir='ltr'><strong>in</strong></span> <span class='ocrx_word' id='word_1_430' title='bbox 460 5041 713 5096; x_wconf 80' lang='lat' dir='ltr'><strong>pauperes</strong></span> <span class='ocrx_word' id='word_1_431' title='bbox 754 5028 935 5097; x_wconf 80' lang='lat' dir='ltr'><strong>(Rom.</strong></span> <span class='ocrx_word' id='word_1_432' title='bbox 969 5033 1056 5087; x_wconf 78' lang='grc'><strong>15.</strong></span> <span class='ocrx_word' id='word_1_433' title='bbox 1087 5032 1219 5104; x_wconf 71' lang='lat'><strong>2(3);</strong></span> <span class='ocrx_word' id='word_1_434' title='bbox 1267 5046 1320 5089; x_wconf 88' lang='lat' dir='ltr'><strong>et</strong></span> <span class='ocrx_word' id='word_1_435' title='bbox 1361 5034 1555 5088; x_wconf 88' lang='lat' dir='ltr'><strong>iterum</strong></span> <span class='ocrx_word' id='word_1_436' title='bbox 1584 5076 1600 5101; x_wconf 94' lang='lat'><strong>,</strong></span> <span class='ocrx_word' id='word_1_437' title='bbox 1656 5033 1835 5089; x_wconf 82' lang='lat' dir='ltr'><strong>Vestra</strong></span> 
     </span>
    </p>
   </div>
   <div class='ocr_carea' id='block_1_52' title="bbox 201 5115 1543 5199">
    <p class='ocr_par' dir='ltr' id='par_1_52' title="bbox 201 5115 1543 5199">
     <span class='ocr_line' id='line_1_52' title="bbox 201 5115 1543 5199; baseline 0.011 -32"><span class='ocrx_word' id='word_1_438' title='bbox 201 5115 480 5167; x_wconf 81' lang='lat' dir='ltr'><strong>a&#39;mulatio</strong></span> <span class='ocrx_word' id='word_1_439' title='bbox 518 5123 810 5185; x_wconf 82' lang='lat' dir='ltr'><strong>provocarit</strong></span> <span class='ocrx_word' id='word_1_440' title='bbox 841 5122 1090 5194; x_wconf 82' lang='lat' dir='ltr'><strong>plurimos</strong></span> <span class='ocrx_word' id='word_1_441' title='bbox 1119 5126 1196 5197; x_wconf 67' lang='grc'><strong>(2.</strong></span> <span class='ocrx_word' id='word_1_442' title='bbox 1229 5126 1349 5183; x_wconf 86' lang='lat' dir='ltr'><strong>Cor.</strong></span> <span class='ocrx_word' id='word_1_443' title='bbox 1382 5128 1434 5183; x_wconf 89' lang='lat'><strong>9.</strong></span> <span class='ocrx_word' id='word_1_444' title='bbox 1466 5128 1543 5199; x_wconf 69' lang='grc'><strong>2).</strong></span> 
     </span>
    </p>
   </div>
   <div class='ocr_carea' id='block_1_53' title="bbox 281 5207 1832 5287">
    <p class='ocr_par' dir='ltr' id='par_1_53' title="bbox 281 5207 1832 5287">
     <span class='ocr_line' id='line_1_53' title="bbox 281 5207 1832 5287; baseline 0.013 -27"><span class='ocrx_word' id='word_1_445' title='bbox 281 5208 342 5262; x_wconf 67' lang='grc'><strong>4.</strong></span> <span class='ocrx_word' id='word_1_446' title='bbox 396 5207 565 5265; x_wconf 74' lang='lat' dir='ltr'><strong>Vides</strong></span> <span class='ocrx_word' id='word_1_447' title='bbox 616 5213 762 5269; x_wconf 87' lang='lat' dir='ltr'><strong>illius</strong></span> <span class='ocrx_word' id='word_1_448' title='bbox 807 5220 1067 5287; x_wconf 85' lang='lat' dir='ltr'><strong>temporis</strong></span> <span class='ocrx_word' id='word_1_449' title='bbox 1106 5222 1342 5277; x_wconf 80' lang='lat' dir='ltr'><strong>virorum</strong></span> <span class='ocrx_word' id='word_1_450' title='bbox 1389 5223 1679 5278; x_wconf 90' lang='lat' dir='ltr'><strong>cncomia?</strong></span> <span class='ocrx_word' id='word_1_451' title='bbox 1722 5223 1832 5280; x_wconf 83' lang='lat' dir='ltr'><strong>Nos</strong></span> 
     </span>
    </p>
   </div>
   <div class='ocr_carea' id='block_1_54' title="bbox 196 5304 1831 5388">
    <p class='ocr_par' dir='ltr' id='par_1_54' title="bbox 196 5304 1831 5388">
     <span class='ocr_line' id='line_1_54' title="bbox 196 5304 1831 5388; baseline 0.012 -34"><span class='ocrx_word' id='word_1_452' title='bbox 196 5317 347 5356; x_wconf 80' lang='lat' dir='ltr'><strong>vero</strong></span> <span class='ocrx_word' id='word_1_453' title='bbox 375 5318 447 5357; x_wconf 86' lang='lat' dir='ltr'><strong>ne</strong></span> <span class='ocrx_word' id='word_1_454' title='bbox 472 5304 540 5359; x_wconf 85' lang='lat' dir='ltr'><strong>ad</strong></span> <span class='ocrx_word' id='word_1_455' title='bbox 566 5306 753 5377; x_wconf 89' lang='lat' dir='ltr'><strong>alapas</strong></span> <span class='ocrx_word' id='word_1_456' title='bbox 783 5311 1002 5380; x_wconf 88' lang='lat' dir='ltr'><strong>quidem</strong></span> <span class='ocrx_word' id='word_1_457' title='bbox 1029 5323 1079 5367; x_wconf 91' lang='lat' dir='ltr'><strong>et</strong></span> <span class='ocrx_word' id='word_1_458' title='bbox 1115 5315 1296 5385; x_wconf 83' lang='lat' dir='ltr'><strong>plagas</strong></span> <span class='ocrx_word' id='word_1_459' title='bbox 1324 5331 1493 5388; x_wconf 89' lang='lat' dir='ltr'><strong>usque</strong></span> <span class='ocrx_word' id='word_1_460' title='bbox 1516 5317 1831 5387; x_wconf 89' lang='lat' dir='ltr'><strong>sapientiam</strong></span> 
     </span>
    </p>
   </div>
   <div class='ocr_carea' id='block_1_55' title="bbox 197 5401 1829 5480">
    <p class='ocr_par' dir='ltr' id='par_1_55' title="bbox 197 5401 1829 5480">
     <span class='ocr_line' id='line_1_55' title="bbox 197 5401 1829 5480; baseline 0.007 -24"><span class='ocrx_word' id='word_1_461' title='bbox 197 5401 583 5465; x_wconf 83' lang='lat' dir='ltr'><strong>adhibemus;</strong></span> <span class='ocrx_word' id='word_1_462' title='bbox 616 5403 725 5458; x_wconf 91' lang='lat' dir='ltr'><strong>imo</strong></span> <span class='ocrx_word' id='word_1_463' title='bbox 746 5417 854 5458; x_wconf 90' lang='lat' dir='ltr'><strong>non</strong></span> <span class='ocrx_word' id='word_1_464' title='bbox 877 5408 1286 5476; x_wconf 84' lang='lat' dir='ltr'><strong>contumeliam,</strong></span> <span class='ocrx_word' id='word_1_465' title='bbox 1322 5425 1428 5465; x_wconf 92' lang='lat' dir='ltr'><strong>non</strong></span> <span class='ocrx_word' id='word_1_466' title='bbox 1479 5412 1829 5480; x_wconf 87' lang='lat' dir='ltr'><strong>pecuniarum</strong></span> 
     </span>
    </p>
   </div>
   <div class='ocr_carea' id='block_1_56' title="bbox 193 5492 1831 5571">
    <p class='ocr_par' dir='ltr' id='par_1_56' title="bbox 193 5492 1831 5571">
     <span class='ocr_line' id='line_1_56' title="bbox 193 5492 1831 5571; baseline 0.006 -24"><span class='ocrx_word' id='word_1_467' title='bbox 193 5494 485 5564; x_wconf 69' lang='lat' dir='ltr'><strong>iacturam</strong></span> <span class='ocrx_word' id='word_1_468' title='bbox 530 5492 775 5550; x_wconf 77' lang='lat' dir='ltr'><strong>ierimus.</strong></span> <span class='ocrx_word' id='word_1_469' title='bbox 804 5496 884 5551; x_wconf 92' lang='lat' dir='ltr'><strong>Illi</strong></span> <span class='ocrx_word' id='word_1_470' title='bbox 919 5498 1031 5567; x_wconf 89' lang='lat' dir='ltr'><strong>jam</strong></span> <span class='ocrx_word' id='word_1_471' title='bbox 1057 5514 1248 5555; x_wconf 89' lang='lat' dir='ltr'><strong>omnes</strong></span> <span class='ocrx_word' id='word_1_472' title='bbox 1274 5502 1620 5558; x_wconf 79' lang='lat' dir='ltr'><strong>:emulalorcs</strong></span> <span class='ocrx_word' id='word_1_473' title='bbox 1642 5515 1796 5559; x_wconf 86' lang='lat' dir='ltr'><strong>erant</strong></span> <span class='ocrx_word' id='word_1_474' title='bbox 1816 5547 1831 5571; x_wconf 91' lang='lat'><strong>,</strong></span> 
     </span>
    </p>
   </div>
   <div class='ocr_carea' id='block_1_57' title="bbox 196 5586 1838 5655">
    <p class='ocr_par' dir='ltr' id='par_1_57' title="bbox 196 5586 1838 5655">
     <span class='ocr_line' id='line_1_57' title="bbox 196 5586 1838 5655; baseline 0.007 -17"><span class='ocrx_word' id='word_1_475' title='bbox 196 5599 258 5641; x_wconf 83' lang='lat' dir='ltr'><strong>et</strong></span> <span class='ocrx_word' id='word_1_476' title='bbox 294 5595 574 5650; x_wconf 79' lang='lat' dir='ltr'><strong>martvres</strong></span> <span class='ocrx_word' id='word_1_477' title='bbox 607 5586 658 5640; x_wconf 90' lang='lat' dir='ltr'><strong>in</strong></span> <span class='ocrx_word' id='word_1_478' title='bbox 696 5599 975 5644; x_wconf 84' lang='lat' dir='ltr'><strong>certamen</strong></span> <span class='ocrx_word' id='word_1_479' title='bbox 1007 5589 1439 5655; x_wconf 85' lang='lat' dir='ltr'><strong>descendentes;</strong></span> <span class='ocrx_word' id='word_1_480' title='bbox 1470 5610 1568 5649; x_wconf 92' lang='lat' dir='ltr'><strong>nos</strong></span> <span class='ocrx_word' id='word_1_481' title='bbox 1592 5610 1721 5650; x_wconf 88' lang='lat' dir='ltr'><strong>vero</strong></span> <span class='ocrx_word' id='word_1_482' title='bbox 1747 5611 1838 5650; x_wconf 86' lang='lat' dir='ltr'><strong>ca-</strong></span> 
     </span>
    </p>
   </div>
   <div class='ocr_carea' id='block_1_58' title="bbox 202 5676 1837 5757">
    <p class='ocr_par' dir='ltr' id='par_1_58' title="bbox 202 5676 1837 5757">
     <span class='ocr_line' id='line_1_58' title="bbox 202 5676 1837 5757; baseline 0.007 -25"><span class='ocrx_word' id='word_1_483' title='bbox 202 5681 439 5732; x_wconf 80' lang='lat' dir='ltr'><strong>ritatem</strong></span> <span class='ocrx_word' id='word_1_484' title='bbox 482 5679 539 5733; x_wconf 91' lang='lat' dir='ltr'><strong>in</strong></span> <span class='ocrx_word' id='word_1_485' title='bbox 589 5676 864 5735; x_wconf 87' lang='lat' dir='ltr'><strong>Christum</strong></span> <span class='ocrx_word' id='word_1_486' title='bbox 916 5682 1375 5753; x_wconf 81' lang='lat' dir='ltr'><strong>relrigeravimus.</strong></span> <span class='ocrx_word' id='word_1_487' title='bbox 1420 5685 1631 5741; x_wconf 85' lang='lat' dir='ltr'><strong>Rursus</strong></span> <span class='ocrx_word' id='word_1_488' title='bbox 1671 5702 1837 5757; x_wconf 87' lang='lat' dir='ltr'><strong>cogor</strong></span> 
     </span>
    </p>
   </div>
   <div class='ocr_carea' id='block_1_59' title="bbox 200 5778 1837 5850">
    <p class='ocr_par' dir='ltr' id='par_1_59' title="bbox 200 5778 1837 5850">
     <span class='ocr_line' id='line_1_59' title="bbox 200 5778 1837 5850; baseline 0.006 -24"><span class='ocrx_word' id='word_1_489' title='bbox 200 5783 551 5845; x_wconf 65' lang='lat' dir='ltr'><strong>pne-sentem</strong></span> <span class='ocrx_word' id='word_1_490' title='bbox 585 5788 766 5828; x_wconf 91' lang='lat' dir='ltr'><strong>rerum</strong></span> <span class='ocrx_word' id='word_1_491' title='bbox 800 5784 1003 5830; x_wconf 86' lang='lat' dir='ltr'><strong>statum</strong></span> <span class='ocrx_word' id='word_1_492' title='bbox 1033 5791 1314 5833; x_wconf 85' lang='lat' dir='ltr'><strong>accusare.</strong></span> <span class='ocrx_word' id='word_1_493' title='bbox 1350 5778 1414 5832; x_wconf 87' lang='lat' dir='ltr'><strong>Et</strong></span> <span class='ocrx_word' id='word_1_494' title='bbox 1437 5779 1563 5850; x_wconf 91' lang='lat' dir='ltr'><strong>quid</strong></span> <span class='ocrx_word' id='word_1_495' title='bbox 1598 5779 1837 5836; x_wconf 83' lang='lat' dir='ltr'><strong>faciam?</strong></span> 
     </span>
    </p>
   </div>
   <div class='ocr_carea' id='block_1_60' title="bbox 199 5864 1831 5950">
    <p class='ocr_par' dir='ltr' id='par_1_60' title="bbox 199 5864 1831 5950">
     <span class='ocr_line' id='line_1_60' title="bbox 199 5864 1831 5950; baseline 0.004 -27"><span class='ocrx_word' id='word_1_496' title='bbox 199 5864 419 5925; x_wconf 80' lang='lat' dir='ltr'><strong>nollem</strong></span> <span class='ocrx_word' id='word_1_497' title='bbox 448 5866 695 5937; x_wconf 84' lang='lat' dir='ltr'><strong>quidem,</strong></span> <span class='ocrx_word' id='word_1_498' title='bbox 723 5866 818 5923; x_wconf 89' lang='lat' dir='ltr'><strong>sed</strong></span> <span class='ocrx_word' id='word_1_499' title='bbox 861 5868 1018 5940; x_wconf 86' lang='lat' dir='ltr'><strong>plane</strong></span> <span class='ocrx_word' id='word_1_500' title='bbox 1040 5884 1225 5950; x_wconf 82' lang='lat' dir='ltr'><strong>cogor.</strong></span> <span class='ocrx_word' id='word_1_501' title='bbox 1256 5869 1388 5926; x_wconf 81' lang='lat' dir='ltr'><strong>Nam</strong></span> <span class='ocrx_word' id='word_1_502' title='bbox 1413 5872 1458 5928; x_wconf 87' lang='lat' dir='ltr'><strong>si</strong></span> <span class='ocrx_word' id='word_1_503' title='bbox 1486 5872 1602 5929; x_wconf 78' lang='lat' dir='ltr'><strong>eri</strong></span> <span class='ocrx_word' id='word_1_504' title='bbox 1624 5885 1831 5949; x_wconf 84' lang='lat' dir='ltr'><strong>posset,</strong></span> 
     </span>
    </p>
   </div>
   <div class='ocr_carea' id='block_1_61' title="bbox 1159 368 2629 433">
    <p class='ocr_par' dir='ltr' id='par_1_61' title="bbox 1159 368 2629 433">
     <span class='ocr_line' id='line_1_61' title="bbox 1159 368 2629 433; baseline 0.001 -1"><span class='ocrx_word' id='word_1_505' title='bbox 1159 374 1224 432; x_wconf 79' lang='lat' dir='ltr'><strong>IN</strong></span> <span class='ocrx_word' id='word_1_506' title='bbox 1264 373 1477 431; x_wconf 75' lang='lat' dir='ltr'><strong>EI&#39;IS&#39;I.</strong></span> <span class='ocrx_word' id='word_1_507' title='bbox 1520 372 1611 429; x_wconf 82' lang='lat' dir='ltr'><strong>AD</strong></span> <span class='ocrx_word' id='word_1_508' title='bbox 1652 368 1941 429; x_wconf 81' lang='lat' dir='ltr'><strong>PIIILIPP.</strong></span> <span class='ocrx_word' id='word_1_509' title='bbox 1983 368 2137 428; x_wconf 71' lang='lat' dir='ltr'><strong>CAP.</strong></span> <span class='ocrx_word' id='word_1_510' title='bbox 2183 371 2220 427; x_wconf 93' lang='lat' dir='ltr'><strong>I.</strong></span> <span class='ocrx_word' id='word_1_511' title='bbox 2265 372 2497 431; x_wconf 69' lang='grc'><strong>1101111..</strong></span> <span class='ocrx_word' id='word_1_512' title='bbox 2541 376 2629 433; x_wconf 71' lang='lat' dir='ltr'><strong>IV.</strong></span> 
     </span>
    </p>
   </div>
   <div class='ocr_carea' id='block_1_62' title="bbox 3458 386 3566 442">
    <p class='ocr_par' dir='ltr' id='par_1_62' title="bbox 3458 386 3566 442">
     <span class='ocr_line' id='line_1_62' title="bbox 3458 386 3566 442; baseline 0 0"><span class='ocrx_word' id='word_1_513' title='bbox 3458 386 3566 442; x_wconf 76' lang='grc'><strong>210</strong></span> 
     </span>
    </p>
   </div>
   <div class='ocr_carea' id='block_1_63' title="bbox 1958 487 3567 568">
    <p class='ocr_par' dir='ltr' id='par_1_63' title="bbox 1958 487 3567 568">
     <span class='ocr_line' id='line_1_63' title="bbox 1958 487 3567 568; baseline 0.011 -30"><span class='ocrx_word' id='word_1_514' title='bbox 1958 494 2017 540; x_wconf 88' lang='lat' dir='ltr'><strong>ut</strong></span> <span class='ocrx_word' id='word_1_515' title='bbox 2048 487 2275 545; x_wconf 87' lang='lat' dir='ltr'><strong>tacendo</strong></span> <span class='ocrx_word' id='word_1_516' title='bbox 2299 530 2315 555; x_wconf 90' lang='lat'><strong>,</strong></span> <span class='ocrx_word' id='word_1_517' title='bbox 2349 506 2449 547; x_wconf 87' lang='lat' dir='ltr'><strong>nec</strong></span> <span class='ocrx_word' id='word_1_518' title='bbox 2475 493 2766 564; x_wconf 86' lang='lat' dir='ltr'><strong>quidquam</strong></span> <span class='ocrx_word' id='word_1_519' title='bbox 2804 510 2871 550; x_wconf 74' lang='lat' dir='ltr'><strong>ex</strong></span> <span class='ocrx_word' id='word_1_520' title='bbox 2905 495 2970 551; x_wconf 87' lang='lat' dir='ltr'><strong>iis</strong></span> <span class='ocrx_word' id='word_1_521' title='bbox 3002 513 3121 568; x_wconf 84' lang='lat' dir='ltr'><strong>qua:</strong></span> <span class='ocrx_word' id='word_1_522' title='bbox 3148 508 3298 568; x_wconf 86' lang='lat' dir='ltr'><strong>gesta</strong></span> <span class='ocrx_word' id='word_1_523' title='bbox 3339 499 3567 556; x_wconf 73' lang='lat' dir='ltr'><strong>fuissent</strong></span> 
     </span>
    </p>
   </div>
   <div class='ocr_carea' id='block_1_64' title="bbox 1959 583 3565 660">
    <p class='ocr_par' dir='ltr' id='par_1_64' title="bbox 1959 583 3565 660">
     <span class='ocr_line' id='line_1_64' title="bbox 1959 583 3565 660; baseline 0.01 -29"><span class='ocrx_word' id='word_1_524' title='bbox 1959 583 2466 651; x_wconf 88' lang='lat' dir='ltr'><strong>counnemorando,</strong></span> <span class='ocrx_word' id='word_1_525' title='bbox 2510 585 2726 640; x_wconf 88' lang='lat' dir='ltr'><strong>silentio</strong></span> <span class='ocrx_word' id='word_1_526' title='bbox 2768 587 2887 655; x_wconf 91' lang='lat' dir='ltr'><strong>ipso</strong></span> <span class='ocrx_word' id='word_1_527' title='bbox 2916 629 2933 653; x_wconf 88' lang='lat'><strong>,</strong></span> <span class='ocrx_word' id='word_1_528' title='bbox 2975 605 3039 644; x_wconf 88' lang='lat' dir='ltr'><strong>ea</strong></span> <span class='ocrx_word' id='word_1_529' title='bbox 3077 605 3201 660; x_wconf 81' lang='lat' dir='ltr'><strong>qua:</strong></span> <span class='ocrx_word' id='word_1_530' title='bbox 3244 601 3507 660; x_wconf 88' lang='lat' dir='ltr'><strong>geruntur</strong></span> <span class='ocrx_word' id='word_1_531' title='bbox 3534 609 3565 647; x_wconf 87' lang='lat' dir='ltr'><strong>e</strong></span> 
     </span>
    </p>
   </div>
   <div class='ocr_carea' id='block_1_65' title="bbox 1960 671 3562 744">
    <p class='ocr_par' dir='ltr' id='par_1_65' title="bbox 1960 671 3562 744">
     <span class='ocr_line' id='line_1_65' title="bbox 1960 671 3562 744; baseline 0.01 -19"><span class='ocrx_word' id='word_1_532' title='bbox 1960 671 2140 726; x_wconf 85' lang='lat' dir='ltr'><strong>medio</strong></span> <span class='ocrx_word' id='word_1_533' title='bbox 2175 673 2529 744; x_wconf 88' lang='lat' dir='ltr'><strong>tollerentur,</strong></span> <span class='ocrx_word' id='word_1_534' title='bbox 2564 680 2848 735; x_wconf 87' lang='lat' dir='ltr'><strong>tacendum</strong></span> <span class='ocrx_word' id='word_1_535' title='bbox 2894 693 3041 738; x_wconf 89' lang='lat' dir='ltr'><strong>certe</strong></span> <span class='ocrx_word' id='word_1_536' title='bbox 3066 694 3184 738; x_wconf 88' lang='lat' dir='ltr'><strong>erat</strong></span> <span class='ocrx_word' id='word_1_537' title='bbox 3214 701 3227 738; x_wconf 90' lang='lat'>:</span> <span class='ocrx_word' id='word_1_538' title='bbox 3258 685 3341 738; x_wconf 91' lang='lat' dir='ltr'><strong>sin</strong></span> <span class='ocrx_word' id='word_1_539' title='bbox 3380 694 3562 741; x_wconf 88' lang='lat' dir='ltr'><strong>autem</strong></span> 
     </span>
    </p>
   </div>
   <div class='ocr_carea' id='block_1_66' title="bbox 1958 763 3564 830">
    <p class='ocr_par' dir='ltr' id='par_1_66' title="bbox 1958 763 3564 830">
     <span class='ocr_line' id='line_1_66' title="bbox 1958 763 3564 830; baseline 0.007 -13"><span class='ocrx_word' id='word_1_540' title='bbox 1958 772 2146 817; x_wconf 90' lang='lat' dir='ltr'><strong>contra</strong></span> <span class='ocrx_word' id='word_1_541' title='bbox 2180 763 2257 829; x_wconf 84' lang='lat' dir='ltr'><strong>lit,</strong></span> <span class='ocrx_word' id='word_1_542' title='bbox 2290 774 2345 819; x_wconf 88' lang='lat' dir='ltr'><strong>et</strong></span> <span class='ocrx_word' id='word_1_543' title='bbox 2374 767 2535 823; x_wconf 89' lang='lat' dir='ltr'><strong>nobis</strong></span> <span class='ocrx_word' id='word_1_544' title='bbox 2562 770 2863 825; x_wconf 79' lang='lat' dir='ltr'><strong>tacentibus</strong></span> <span class='ocrx_word' id='word_1_545' title='bbox 2892 788 2996 825; x_wconf 89' lang='lat' dir='ltr'><strong>nou</strong></span> <span class='ocrx_word' id='word_1_546' title='bbox 3030 773 3193 827; x_wconf 89' lang='lat' dir='ltr'><strong>modo</strong></span> <span class='ocrx_word' id='word_1_547' title='bbox 3220 790 3328 829; x_wconf 88' lang='lat' dir='ltr'><strong>nou</strong></span> <span class='ocrx_word' id='word_1_548' title='bbox 3366 777 3564 830; x_wconf 80' lang='lat' dir='ltr'><strong>tollun-</strong></span> 
     </span>
    </p>
   </div>
   <div class='ocr_carea' id='block_1_67' title="bbox 1960 856 3563 928">
    <p class='ocr_par' dir='ltr' id='par_1_67' title="bbox 1960 856 3563 928">
     <span class='ocr_line' id='line_1_67' title="bbox 1960 856 3563 928; baseline 0.007 -21"><span class='ocrx_word' id='word_1_549' title='bbox 1960 864 2069 920; x_wconf 86' lang='lat' dir='ltr'><strong>tur,</strong></span> <span class='ocrx_word' id='word_1_550' title='bbox 2103 856 2197 909; x_wconf 86' lang='lat' dir='ltr'><strong>sed</strong></span> <span class='ocrx_word' id='word_1_551' title='bbox 2237 859 2484 928; x_wconf 77' lang='lat' dir='ltr'><strong>graviora</strong></span> <span class='ocrx_word' id='word_1_552' title='bbox 2511 860 2672 914; x_wconf 89' lang='lat' dir='ltr'><strong>etiam</strong></span> <span class='ocrx_word' id='word_1_553' title='bbox 2707 861 2839 914; x_wconf 83' lang='lat' dir='ltr'><strong>unt</strong></span> <span class='ocrx_word' id='word_1_554' title='bbox 2864 904 2880 928; x_wconf 93' lang='lat'><strong>,</strong></span> <span class='ocrx_word' id='word_1_555' title='bbox 2921 862 3210 920; x_wconf 87' lang='lat' dir='ltr'><strong>dicendum</strong></span> <span class='ocrx_word' id='word_1_556' title='bbox 3254 869 3563 921; x_wconf 88' lang='lat' dir='ltr'><strong>necessario</strong></span> 
     </span>
    </p>
   </div>
   <div class='ocr_carea' id='block_1_68' title="bbox 1956 947 3558 1027">
    <p class='ocr_par' dir='ltr' id='par_1_68' title="bbox 1956 947 3558 1027">
     <span class='ocr_line' id='line_1_68' title="bbox 1956 947 3558 1027; baseline 0.006 -25"><span class='ocrx_word' id='word_1_557' title='bbox 1956 958 2060 1003; x_wconf 91' lang='lat' dir='ltr'><strong>est.</strong></span> <span class='ocrx_word' id='word_1_558' title='bbox 2093 947 2227 1003; x_wconf 87' lang='lat' dir='ltr'><strong>Nam</strong></span> <span class='ocrx_word' id='word_1_559' title='bbox 2253 951 2343 1020; x_wconf 89' lang='lat' dir='ltr'><strong>qui</strong></span> <span class='ocrx_word' id='word_1_560' title='bbox 2374 962 2590 1021; x_wconf 85' lang='lat' dir='ltr'><strong>peceata</strong></span> <span class='ocrx_word' id='word_1_561' title='bbox 2624 964 2861 1019; x_wconf 86' lang='lat' dir='ltr'><strong>accusat,</strong></span> <span class='ocrx_word' id='word_1_562' title='bbox 2898 966 2952 1008; x_wconf 88' lang='lat' dir='ltr'><strong>nt</strong></span> <span class='ocrx_word' id='word_1_563' title='bbox 2982 956 3114 1010; x_wconf 91' lang='lat' dir='ltr'><strong>nihil</strong></span> <span class='ocrx_word' id='word_1_564' title='bbox 3144 957 3284 1011; x_wconf 85' lang='lat' dir='ltr'><strong>aliud</strong></span> <span class='ocrx_word' id='word_1_565' title='bbox 3319 968 3558 1027; x_wconf 64' lang='lat' dir='ltr'><strong>praestet,</strong></span> 
     </span>
    </p>
   </div>
   <div class='ocr_carea' id='block_1_69' title="bbox 1957 1040 3561 1116">
    <p class='ocr_par' dir='ltr' id='par_1_69' title="bbox 1957 1040 3561 1116">
     <span class='ocr_line' id='line_1_69' title="bbox 1957 1040 3561 1116; baseline 0.006 -21"><span class='ocrx_word' id='word_1_566' title='bbox 1957 1050 2106 1095; x_wconf 89' lang='lat' dir='ltr'><strong>certe</strong></span> <span class='ocrx_word' id='word_1_567' title='bbox 2134 1040 2346 1113; x_wconf 86' lang='lat' dir='ltr'><strong>longius</strong></span> <span class='ocrx_word' id='word_1_568' title='bbox 2373 1043 2465 1099; x_wconf 90' lang='lat' dir='ltr'><strong>ille</strong></span> <span class='ocrx_word' id='word_1_569' title='bbox 2503 1045 2753 1116; x_wconf 76' lang='lat' dir='ltr'><strong>progredi</strong></span> <span class='ocrx_word' id='word_1_570' title='bbox 2786 1062 2896 1100; x_wconf 89' lang='lat' dir='ltr'><strong>non</strong></span> <span class='ocrx_word' id='word_1_571' title='bbox 2938 1047 3087 1101; x_wconf 84' lang='lat' dir='ltr'><strong>sinit.</strong></span> <span class='ocrx_word' id='word_1_572' title='bbox 3122 1048 3274 1102; x_wconf 79' lang='lat' dir='ltr'><strong>Nulla</strong></span> <span class='ocrx_word' id='word_1_573' title='bbox 3306 1051 3451 1105; x_wconf 88' lang='lat' dir='ltr'><strong>enim</strong></span> <span class='ocrx_word' id='word_1_574' title='bbox 3479 1061 3561 1105; x_wconf 70' lang='lat' dir='ltr'><strong>est</strong></span> 
     </span>
    </p>
   </div>
   <div class='ocr_carea' id='block_1_70' title="bbox 1959 1133 3561 1209">
    <p class='ocr_par' dir='ltr' id='par_1_70' title="bbox 1959 1133 3561 1209">
     <span class='ocr_line' id='line_1_70' title="bbox 1959 1133 3561 1209; baseline 0.007 -23"><span class='ocrx_word' id='word_1_575' title='bbox 1959 1140 2067 1187; x_wconf 86' lang='lat' dir='ltr'><strong>tam</strong></span> <span class='ocrx_word' id='word_1_576' title='bbox 2112 1133 2397 1204; x_wconf 90' lang='lat' dir='ltr'><strong>impudens</strong></span> <span class='ocrx_word' id='word_1_577' title='bbox 2426 1136 2606 1191; x_wconf 90' lang='lat' dir='ltr'><strong>anima</strong></span> <span class='ocrx_word' id='word_1_578' title='bbox 2637 1151 2702 1192; x_wconf 91' lang='lat' dir='ltr'><strong>ac</strong></span> <span class='ocrx_word' id='word_1_579' title='bbox 2731 1136 3015 1192; x_wconf 86' lang='lat' dir='ltr'><strong>temeraria</strong></span> <span class='ocrx_word' id='word_1_580' title='bbox 3046 1179 3062 1202; x_wconf 93' lang='lat'><strong>,</strong></span> <span class='ocrx_word' id='word_1_581' title='bbox 3094 1155 3214 1209; x_wconf 81' lang='lat' dir='ltr'><strong>qua:</strong></span> <span class='ocrx_word' id='word_1_582' title='bbox 3260 1140 3306 1194; x_wconf 90' lang='lat' dir='ltr'><strong>si</strong></span> <span class='ocrx_word' id='word_1_583' title='bbox 3345 1140 3561 1197; x_wconf 78' lang='lat' dir='ltr'><strong>assidue</strong></span> 
     </span>
    </p>
   </div>
   <div class='ocr_carea' id='block_1_71' title="bbox 1956 1226 3558 1300">
    <p class='ocr_par' dir='ltr' id='par_1_71' title="bbox 1956 1226 3558 1300">
     <span class='ocr_line' id='line_1_71' title="bbox 1956 1226 3558 1300; baseline 0.002 -19"><span class='ocrx_word' id='word_1_584' title='bbox 1956 1240 2016 1281; x_wconf 89' lang='lat' dir='ltr'><strong>se</strong></span> <span class='ocrx_word' id='word_1_585' title='bbox 2046 1226 2369 1296; x_wconf 87' lang='lat' dir='ltr'><strong>reprehendi</strong></span> <span class='ocrx_word' id='word_1_586' title='bbox 2400 1228 2618 1294; x_wconf 87' lang='lat' dir='ltr'><strong>audiat,</strong></span> <span class='ocrx_word' id='word_1_587' title='bbox 2651 1245 2757 1284; x_wconf 92' lang='lat' dir='ltr'><strong>non</strong></span> <span class='ocrx_word' id='word_1_588' title='bbox 2788 1229 3130 1285; x_wconf 83' lang='lat' dir='ltr'><strong>sulluudatur</strong></span> <span class='ocrx_word' id='word_1_589' title='bbox 3166 1230 3369 1300; x_wconf 89' lang='lat' dir='ltr'><strong>pudore</strong></span> <span class='ocrx_word' id='word_1_590' title='bbox 3394 1273 3410 1297; x_wconf 90' lang='lat'><strong>,</strong></span> <span class='ocrx_word' id='word_1_591' title='bbox 3452 1248 3558 1286; x_wconf 84' lang='lat' dir='ltr'><strong>non</strong></span> 
     </span>
    </p>
   </div>
   <div class='ocr_carea' id='block_1_72' title="bbox 1955 1319 3561 1393">
    <p class='ocr_par' dir='ltr' id='par_1_72' title="bbox 1955 1319 3561 1393">
     <span class='ocr_line' id='line_1_72' title="bbox 1955 1319 3561 1393; baseline 0.003 -19"><span class='ocrx_word' id='word_1_592' title='bbox 1955 1319 2197 1374; x_wconf 85' lang='lat' dir='ltr'><strong>remittat</strong></span> <span class='ocrx_word' id='word_1_593' title='bbox 2243 1319 2447 1391; x_wconf 86' lang='lat' dir='ltr'><strong>aliquid</strong></span> <span class='ocrx_word' id='word_1_594' title='bbox 2493 1320 2561 1375; x_wconf 90' lang='lat' dir='ltr'><strong>de</strong></span> <span class='ocrx_word' id='word_1_595' title='bbox 2607 1336 2816 1376; x_wconf 89' lang='lat' dir='ltr'><strong>summa</strong></span> <span class='ocrx_word' id='word_1_596' title='bbox 2864 1322 2952 1376; x_wconf 90' lang='lat' dir='ltr'><strong>illa</strong></span> <span class='ocrx_word' id='word_1_597' title='bbox 3000 1321 3365 1393; x_wconf 89' lang='lat' dir='ltr'><strong>improbitate.</strong></span> <span class='ocrx_word' id='word_1_598' title='bbox 3417 1322 3561 1379; x_wconf 90' lang='lat' dir='ltr'><strong>Inest</strong></span> 
     </span>
    </p>
   </div>
   <div class='ocr_carea' id='block_1_73' title="bbox 1954 1410 3559 1487">
    <p class='ocr_par' dir='ltr' id='par_1_73' title="bbox 1954 1410 3559 1487">
     <span class='ocr_line' id='line_1_73' title="bbox 1954 1410 3559 1487; baseline 0.004 -23"><span class='ocrx_word' id='word_1_599' title='bbox 1954 1410 2137 1478; x_wconf 88' lang='lat' dir='ltr'><strong>enim,</strong></span> <span class='ocrx_word' id='word_1_600' title='bbox 2183 1411 2324 1466; x_wconf 88' lang='lat' dir='ltr'><strong>inest</strong></span> <span class='ocrx_word' id='word_1_601' title='bbox 2363 1412 2528 1467; x_wconf 89' lang='lat' dir='ltr'><strong>etiam</strong></span> <span class='ocrx_word' id='word_1_602' title='bbox 2574 1412 2627 1468; x_wconf 92' lang='lat' dir='ltr'><strong>in</strong></span> <span class='ocrx_word' id='word_1_603' title='bbox 2678 1414 3084 1483; x_wconf 88' lang='lat' dir='ltr'><strong>impudentibus</strong></span> <span class='ocrx_word' id='word_1_604' title='bbox 3124 1415 3397 1486; x_wconf 87' lang='lat' dir='ltr'><strong>paululum</strong></span> <span class='ocrx_word' id='word_1_605' title='bbox 3430 1416 3559 1487; x_wconf 91' lang='lat' dir='ltr'><strong>quid</strong></span> 
     </span>
    </p>
   </div>
   <div class='ocr_carea' id='block_1_74' title="bbox 1952 1503 3557 1580">
    <p class='ocr_par' dir='ltr' id='par_1_74' title="bbox 1952 1503 3557 1580">
     <span class='ocr_line' id='line_1_74' title="bbox 1952 1503 3557 1580; baseline 0.004 -24"><span class='ocrx_word' id='word_1_606' title='bbox 1952 1503 2296 1559; x_wconf 69' lang='lat' dir='ltr'><strong>verecundia:</strong></span> <span class='ocrx_word' id='word_1_607' title='bbox 2324 1522 2336 1559; x_wconf 92' lang='lat'>:</span> <span class='ocrx_word' id='word_1_608' title='bbox 2366 1514 2570 1560; x_wconf 81' lang='lat' dir='ltr'><strong>natura:</strong></span> <span class='ocrx_word' id='word_1_609' title='bbox 2593 1506 2737 1561; x_wconf 89' lang='lat' dir='ltr'><strong>enim</strong></span> <span class='ocrx_word' id='word_1_610' title='bbox 2764 1516 2963 1561; x_wconf 78' lang='lat' dir='ltr'><strong>nostra:</strong></span> <span class='ocrx_word' id='word_1_611' title='bbox 2989 1507 3130 1562; x_wconf 86' lang='lat' dir='ltr'><strong>Deus</strong></span> <span class='ocrx_word' id='word_1_612' title='bbox 3152 1508 3269 1578; x_wconf 86' lang='lat' dir='ltr'><strong>ipse</strong></span> <span class='ocrx_word' id='word_1_613' title='bbox 3296 1507 3557 1580; x_wconf 88' lang='lat' dir='ltr'><strong>pudorem</strong></span> 
     </span>
    </p>
   </div>
   <div class='ocr_carea' id='block_1_75' title="bbox 1952 1595 3557 1670">
    <p class='ocr_par' dir='ltr' id='par_1_75' title="bbox 1952 1595 3557 1670">
     <span class='ocr_line' id='line_1_75' title="bbox 1952 1595 3557 1670; baseline 0.002 -19"><span class='ocrx_word' id='word_1_614' title='bbox 1952 1595 2170 1652; x_wconf 89' lang='lat' dir='ltr'><strong>inscvit.</strong></span> <span class='ocrx_word' id='word_1_615' title='bbox 2217 1596 2431 1653; x_wconf 83' lang='lat' dir='ltr'><strong>Etenim</strong></span> <span class='ocrx_word' id='word_1_616' title='bbox 2472 1597 2689 1668; x_wconf 86' lang='lat' dir='ltr'><strong>quando</strong></span> <span class='ocrx_word' id='word_1_617' title='bbox 2738 1615 2845 1654; x_wconf 91' lang='lat' dir='ltr'><strong>non</strong></span> <span class='ocrx_word' id='word_1_618' title='bbox 2884 1599 3017 1653; x_wconf 87' lang='lat' dir='ltr'><strong>satis</strong></span> <span class='ocrx_word' id='word_1_619' title='bbox 3046 1609 3255 1670; x_wconf 87' lang='lat' dir='ltr'><strong>poterat</strong></span> <span class='ocrx_word' id='word_1_620' title='bbox 3288 1600 3450 1655; x_wconf 89' lang='lat' dir='ltr'><strong>timor</strong></span> <span class='ocrx_word' id='word_1_621' title='bbox 3487 1599 3557 1656; x_wconf 86' lang='lat' dir='ltr'><strong>ad</strong></span> 
     </span>
    </p>
   </div>
   <div class='ocr_carea' id='block_1_76' title="bbox 1952 1690 3556 1765">
    <p class='ocr_par' dir='ltr' id='par_1_76' title="bbox 1952 1690 3556 1765">
     <span class='ocr_line' id='line_1_76' title="bbox 1952 1690 3556 1765; baseline 0.004 -22"><span class='ocrx_word' id='word_1_622' title='bbox 1952 1704 2053 1744; x_wconf 90' lang='lat' dir='ltr'><strong>nos</strong></span> <span class='ocrx_word' id='word_1_623' title='bbox 2081 1690 2507 1761; x_wconf 84' lang='lat' dir='ltr'><strong>componendos,</strong></span> <span class='ocrx_word' id='word_1_624' title='bbox 2541 1692 2740 1748; x_wconf 89' lang='lat' dir='ltr'><strong>tnultas</strong></span> <span class='ocrx_word' id='word_1_625' title='bbox 2779 1692 2913 1748; x_wconf 85' lang='lat' dir='ltr'><strong>alias</strong></span> <span class='ocrx_word' id='word_1_626' title='bbox 2945 1708 3051 1748; x_wconf 91' lang='lat' dir='ltr'><strong>non</strong></span> <span class='ocrx_word' id='word_1_627' title='bbox 3084 1694 3359 1765; x_wconf 84' lang='lat' dir='ltr'><strong>peccando</strong></span> <span class='ocrx_word' id='word_1_628' title='bbox 3387 1699 3556 1750; x_wconf 84' lang='lat' dir='ltr'><strong>ratio-</strong></span> 
     </span>
    </p>
   </div>
   <div class='ocr_carea' id='block_1_77' title="bbox 1952 1784 3556 1855">
    <p class='ocr_par' dir='ltr' id='par_1_77' title="bbox 1952 1784 3556 1855">
     <span class='ocr_line' id='line_1_77' title="bbox 1952 1784 3556 1855; baseline 0.004 -19"><span class='ocrx_word' id='word_1_629' title='bbox 1952 1796 2048 1837; x_wconf 92' lang='lat' dir='ltr'><strong>nes</strong></span> <span class='ocrx_word' id='word_1_630' title='bbox 2075 1784 2355 1853; x_wconf 85' lang='lat' dir='ltr'><strong>apparavit</strong></span> <span class='ocrx_word' id='word_1_631' title='bbox 2389 1801 2402 1839; x_wconf 91' lang='lat'>:</span> <span class='ocrx_word' id='word_1_632' title='bbox 2431 1795 2488 1838; x_wconf 91' lang='lat' dir='ltr'><strong>ut</strong></span> <span class='ocrx_word' id='word_1_633' title='bbox 2520 1785 2970 1855; x_wconf 83' lang='lat' dir='ltr'><strong>reprehensiones</strong></span> <span class='ocrx_word' id='word_1_634' title='bbox 3002 1786 3316 1853; x_wconf 85' lang='lat' dir='ltr'><strong>hmninum,</strong></span> <span class='ocrx_word' id='word_1_635' title='bbox 3352 1795 3556 1843; x_wconf 89' lang='lat' dir='ltr'><strong>metum</strong></span> 
     </span>
    </p>
   </div>
   <div class='ocr_carea' id='block_1_78' title="bbox 1952 1874 3553 1949">
    <p class='ocr_par' dir='ltr' id='par_1_78' title="bbox 1952 1874 3553 1949">
     <span class='ocr_line' id='line_1_78' title="bbox 1952 1874 3553 1949; baseline 0.005 -22"><span class='ocrx_word' id='word_1_636' title='bbox 1952 1874 2308 1929; x_wconf 87' lang='lat' dir='ltr'><strong>Innnanarum</strong></span> <span class='ocrx_word' id='word_1_637' title='bbox 2361 1875 2562 1947; x_wconf 81' lang='lat' dir='ltr'><strong>legum.</strong></span> <span class='ocrx_word' id='word_1_638' title='bbox 2611 1893 2853 1933; x_wconf 90' lang='lat' dir='ltr'><strong>amorem</strong></span> <span class='ocrx_word' id='word_1_639' title='bbox 2899 1877 3088 1949; x_wconf 70' lang='lat' dir='ltr'><strong>gloria:</strong></span> <span class='ocrx_word' id='word_1_640' title='bbox 3117 1921 3133 1944; x_wconf 94' lang='lat'><strong>,</strong></span> <span class='ocrx_word' id='word_1_641' title='bbox 3189 1879 3553 1936; x_wconf 85' lang='lat' dir='ltr'><strong>amicitiarum</strong></span> 
     </span>
    </p>
   </div>
   <div class='ocr_carea' id='block_1_79' title="bbox 1949 1966 3553 2043">
    <p class='ocr_par' dir='ltr' id='par_1_79' title="bbox 1949 1966 3553 2043">
     <span class='ocr_line' id='line_1_79' title="bbox 1949 1966 3553 2043; baseline 0.005 -22"><span class='ocrx_word' id='word_1_642' title='bbox 1949 1966 2211 2023; x_wconf 89' lang='lat' dir='ltr'><strong>studium.</strong></span> <span class='ocrx_word' id='word_1_643' title='bbox 2242 1969 2436 2025; x_wconf 85' lang='lat' dir='ltr'><strong>Omnia</strong></span> <span class='ocrx_word' id='word_1_644' title='bbox 2463 1971 2607 2025; x_wconf 88' lang='lat' dir='ltr'><strong>enim</strong></span> <span class='ocrx_word' id='word_1_645' title='bbox 2641 1970 2758 2026; x_wconf 71' lang='lat' dir='ltr'><strong>hazc</strong></span> <span class='ocrx_word' id='word_1_646' title='bbox 2786 1986 2853 2027; x_wconf 90' lang='lat' dir='ltr'><strong>co</strong></span> <span class='ocrx_word' id='word_1_647' title='bbox 2879 1986 2980 2026; x_wconf 81' lang='lat' dir='ltr'><strong>nos</strong></span> <span class='ocrx_word' id='word_1_648' title='bbox 3007 1971 3302 2037; x_wconf 88' lang='lat' dir='ltr'><strong>adducunt,</strong></span> <span class='ocrx_word' id='word_1_649' title='bbox 3337 1981 3394 2027; x_wconf 91' lang='lat' dir='ltr'><strong>ut</strong></span> <span class='ocrx_word' id='word_1_650' title='bbox 3426 1988 3553 2043; x_wconf 82' lang='lat' dir='ltr'><strong>pec-</strong></span> 
     </span>
    </p>
   </div>
   <div class='ocr_carea' id='block_1_80' title="bbox 1947 2060 3545 2135">
    <p class='ocr_par' dir='ltr' id='par_1_80' title="bbox 1947 2060 3545 2135">
     <span class='ocr_line' id='line_1_80' title="bbox 1947 2060 3545 2135; baseline 0.004 -20"><span class='ocrx_word' id='word_1_651' title='bbox 1947 2060 2177 2115; x_wconf 88' lang='lat' dir='ltr'><strong>candum</strong></span> <span class='ocrx_word' id='word_1_652' title='bbox 2206 2076 2313 2117; x_wconf 91' lang='lat' dir='ltr'><strong>non</strong></span> <span class='ocrx_word' id='word_1_653' title='bbox 2337 2070 2602 2132; x_wconf 88' lang='lat' dir='ltr'><strong>putemus.</strong></span> <span class='ocrx_word' id='word_1_654' title='bbox 2631 2063 2789 2134; x_wconf 69' lang='lat' dir='ltr'><strong>Stepe</strong></span> <span class='ocrx_word' id='word_1_655' title='bbox 2812 2064 2957 2119; x_wconf 92' lang='lat' dir='ltr'><strong>enim</strong></span> <span class='ocrx_word' id='word_1_656' title='bbox 2986 2080 3106 2134; x_wconf 69' lang='lat' dir='ltr'><strong>qua:</strong></span> <span class='ocrx_word' id='word_1_657' title='bbox 3132 2072 3350 2135; x_wconf 85' lang='lat' dir='ltr'><strong>propter</strong></span> <span class='ocrx_word' id='word_1_658' title='bbox 3380 2065 3545 2121; x_wconf 84' lang='lat' dir='ltr'><strong>Deum</strong></span> 
     </span>
    </p>
   </div>
   <div class='ocr_carea' id='block_1_81' title="bbox 1948 2153 3551 2228">
    <p class='ocr_par' dir='ltr' id='par_1_81' title="bbox 1948 2153 3551 2228">
     <span class='ocr_line' id='line_1_81' title="bbox 1948 2153 3551 2228; baseline 0.002 -20"><span class='ocrx_word' id='word_1_659' title='bbox 1948 2153 2172 2208; x_wconf 88' lang='lat' dir='ltr'><strong>minime</strong></span> <span class='ocrx_word' id='word_1_660' title='bbox 2203 2154 2425 2221; x_wconf 88' lang='lat' dir='ltr'><strong>liehant,</strong></span> <span class='ocrx_word' id='word_1_661' title='bbox 2459 2166 2684 2226; x_wconf 87' lang='lat' dir='ltr'><strong>propter</strong></span> <span class='ocrx_word' id='word_1_662' title='bbox 2708 2155 2969 2226; x_wconf 88' lang='lat' dir='ltr'><strong>pudorem</strong></span> <span class='ocrx_word' id='word_1_663' title='bbox 3003 2164 3128 2211; x_wconf 90' lang='lat' dir='ltr'><strong>sunt</strong></span> <span class='ocrx_word' id='word_1_664' title='bbox 3154 2155 3292 2210; x_wconf 80' lang='lat' dir='ltr'><strong>facta</strong></span> <span class='ocrx_word' id='word_1_665' title='bbox 3314 2172 3331 2224; x_wconf 88' lang='lat'><strong>;</strong></span> <span class='ocrx_word' id='word_1_666' title='bbox 3356 2166 3409 2210; x_wconf 88' lang='lat' dir='ltr'><strong>et</strong></span> <span class='ocrx_word' id='word_1_667' title='bbox 3431 2173 3551 2228; x_wconf 80' lang='lat' dir='ltr'><strong>qua:</strong></span> 
     </span>
    </p>
   </div>
   <div class='ocr_carea' id='block_1_82' title="bbox 1947 2244 3555 2313">
    <p class='ocr_par' dir='ltr' id='par_1_82' title="bbox 1947 2244 3555 2313">
     <span class='ocr_line' id='line_1_82' title="bbox 1947 2244 3555 2313; baseline 0.002 -13"><span class='ocrx_word' id='word_1_668' title='bbox 1947 2244 2041 2301; x_wconf 90' lang='lat' dir='ltr'><strong>Dei</strong></span> <span class='ocrx_word' id='word_1_669' title='bbox 2070 2258 2255 2313; x_wconf 87' lang='lat' dir='ltr'><strong>causa,</strong></span> <span class='ocrx_word' id='word_1_670' title='bbox 2288 2254 2346 2301; x_wconf 91' lang='lat' dir='ltr'><strong>ut</strong></span> <span class='ocrx_word' id='word_1_671' title='bbox 2373 2247 2601 2302; x_wconf 75' lang='lat' dir='ltr'><strong>velimus</strong></span> <span class='ocrx_word' id='word_1_672' title='bbox 2631 2262 2738 2302; x_wconf 87' lang='lat' dir='ltr'><strong>non</strong></span> <span class='ocrx_word' id='word_1_673' title='bbox 2764 2246 3108 2313; x_wconf 84' lang='lat' dir='ltr'><strong>adducimur,</strong></span> <span class='ocrx_word' id='word_1_674' title='bbox 3137 2263 3198 2302; x_wconf 89' lang='lat' dir='ltr'><strong>ea</strong></span> <span class='ocrx_word' id='word_1_675' title='bbox 3231 2248 3422 2303; x_wconf 85' lang='lat' dir='ltr'><strong>timore</strong></span> <span class='ocrx_word' id='word_1_676' title='bbox 3454 2248 3555 2303; x_wconf 84' lang='lat' dir='ltr'><strong>ho-</strong></span> 
     </span>
    </p>
   </div>
   <div class='ocr_carea' id='block_1_83' title="bbox 1947 2338 3555 2410">
    <p class='ocr_par' dir='ltr' id='par_1_83' title="bbox 1947 2338 3555 2410">
     <span class='ocr_line' id='line_1_83' title="bbox 1947 2338 3555 2410; baseline 0 -17"><span class='ocrx_word' id='word_1_677' title='bbox 1947 2338 2151 2393; x_wconf 89' lang='lat' dir='ltr'><strong>minum</strong></span> <span class='ocrx_word' id='word_1_678' title='bbox 2180 2338 2528 2409; x_wconf 90' lang='lat' dir='ltr'><strong>suscipimus.</strong></span> <span class='ocrx_word' id='word_1_679' title='bbox 2559 2338 2712 2408; x_wconf 84' lang='lat' dir='ltr'><strong>Quod</strong></span> <span class='ocrx_word' id='word_1_680' title='bbox 2740 2340 2884 2394; x_wconf 80' lang='lat' dir='ltr'><strong>enim</strong></span> <span class='ocrx_word' id='word_1_681' title='bbox 2917 2340 3138 2410; x_wconf 87' lang='lat' dir='ltr'><strong>petitur.</strong></span> <span class='ocrx_word' id='word_1_682' title='bbox 3168 2340 3270 2395; x_wconf 93' lang='lat' dir='ltr'><strong>hoc</strong></span> <span class='ocrx_word' id='word_1_683' title='bbox 3290 2349 3373 2394; x_wconf 85' lang='lat' dir='ltr'><strong>est</strong></span> <span class='ocrx_word' id='word_1_684' title='bbox 3397 2380 3411 2405; x_wconf 89' lang='lat'><strong>,</strong></span> <span class='ocrx_word' id='word_1_685' title='bbox 3442 2341 3555 2410; x_wconf 83' lang='lat' dir='ltr'><strong>pri-</strong></span> 
     </span>
    </p>
   </div>
   <div class='ocr_carea' id='block_1_84' title="bbox 1947 2433 3554 2505">
    <p class='ocr_par' dir='ltr' id='par_1_84' title="bbox 1947 2433 3554 2505">
     <span class='ocr_line' id='line_1_84' title="bbox 1947 2433 3554 2505; baseline 0.001 -17"><span class='ocrx_word' id='word_1_686' title='bbox 1947 2450 2094 2488; x_wconf 91' lang='lat' dir='ltr'><strong>mum</strong></span> <span class='ocrx_word' id='word_1_687' title='bbox 2120 2475 2134 2499; x_wconf 92' lang='lat'><strong>,</strong></span> <span class='ocrx_word' id='word_1_688' title='bbox 2166 2442 2223 2488; x_wconf 92' lang='lat' dir='ltr'><strong>ut</strong></span> <span class='ocrx_word' id='word_1_689' title='bbox 2245 2434 2519 2489; x_wconf 90' lang='lat' dir='ltr'><strong>discamus</strong></span> <span class='ocrx_word' id='word_1_690' title='bbox 2549 2448 2656 2488; x_wconf 93' lang='lat' dir='ltr'><strong>non</strong></span> <span class='ocrx_word' id='word_1_691' title='bbox 2703 2449 2931 2505; x_wconf 89' lang='lat' dir='ltr'><strong>peccare</strong></span> <span class='ocrx_word' id='word_1_692' title='bbox 2958 2449 2974 2499; x_wconf 92' lang='lat'><strong>;</strong></span> <span class='ocrx_word' id='word_1_693' title='bbox 3007 2433 3205 2490; x_wconf 88' lang='lat' dir='ltr'><strong>deinde</strong></span> <span class='ocrx_word' id='word_1_694' title='bbox 3252 2450 3381 2489; x_wconf 89' lang='lat' dir='ltr'><strong>vero</strong></span> <span class='ocrx_word' id='word_1_695' title='bbox 3421 2434 3554 2490; x_wconf 89' lang='lat' dir='ltr'><strong>illud</strong></span> 
     </span>
    </p>
   </div>
   <div class='ocr_carea' id='block_1_85' title="bbox 1944 2524 3557 2597">
    <p class='ocr_par' dir='ltr' id='par_1_85' title="bbox 1944 2524 3557 2597">
     <span class='ocr_line' id='line_1_85' title="bbox 1944 2524 3557 2597; baseline 0.001 -18"><span class='ocrx_word' id='word_1_696' title='bbox 1944 2525 2130 2590; x_wconf 89' lang='lat' dir='ltr'><strong>etiam,</strong></span> <span class='ocrx_word' id='word_1_697' title='bbox 2166 2535 2223 2578; x_wconf 89' lang='lat' dir='ltr'><strong>ut</strong></span> <span class='ocrx_word' id='word_1_698' title='bbox 2246 2524 2339 2580; x_wconf 86' lang='lat' dir='ltr'><strong>Dei</strong></span> <span class='ocrx_word' id='word_1_699' title='bbox 2368 2541 2529 2581; x_wconf 86' lang='lat' dir='ltr'><strong>causa</strong></span> <span class='ocrx_word' id='word_1_700' title='bbox 2559 2528 2661 2581; x_wconf 90' lang='lat' dir='ltr'><strong>hoc</strong></span> <span class='ocrx_word' id='word_1_701' title='bbox 2691 2541 2936 2597; x_wconf 77' lang='lat' dir='ltr'><strong>agamus,</strong></span> <span class='ocrx_word' id='word_1_702' title='bbox 2961 2540 3377 2597; x_wconf 87' lang='lat' dir='ltr'><strong>consequemur.</strong></span> <span class='ocrx_word' id='word_1_703' title='bbox 3404 2527 3557 2582; x_wconf 74' lang='lat' dir='ltr'><strong>Alio~</strong></span> 
     </span>
    </p>
   </div>
   <div class='ocr_carea' id='block_1_86' title="bbox 1944 2617 3550 2689">
    <p class='ocr_par' dir='ltr' id='par_1_86' title="bbox 1944 2617 3550 2689">
     <span class='ocr_line' id='line_1_86' title="bbox 1944 2617 3550 2689; baseline 0.004 -22"><span class='ocrx_word' id='word_1_704' title='bbox 1944 2617 2035 2687; x_wconf 87' lang='lat' dir='ltr'><strong>qui</strong></span> <span class='ocrx_word' id='word_1_705' title='bbox 2078 2617 2207 2688; x_wconf 89' lang='lat' dir='ltr'><strong>quid</strong></span> <span class='ocrx_word' id='word_1_706' title='bbox 2239 2633 2418 2672; x_wconf 78' lang='lat' dir='ltr'><strong>causa:</strong></span> <span class='ocrx_word' id='word_1_707' title='bbox 2464 2618 2688 2680; x_wconf 79' lang='lat' dir='ltr'><strong>luisset,</strong></span> <span class='ocrx_word' id='word_1_708' title='bbox 2718 2634 2815 2673; x_wconf 91' lang='lat' dir='ltr'><strong>cur</strong></span> <span class='ocrx_word' id='word_1_709' title='bbox 2846 2618 3047 2673; x_wconf 79' lang='lat' dir='ltr'><strong>Paulus</strong></span> <span class='ocrx_word' id='word_1_710' title='bbox 3072 2633 3166 2673; x_wconf 91' lang='lat' dir='ltr'><strong>eos</strong></span> <span class='ocrx_word' id='word_1_711' title='bbox 3188 2658 3205 2684; x_wconf 91' lang='lat'><strong>,</strong></span> <span class='ocrx_word' id='word_1_712' title='bbox 3236 2620 3431 2689; x_wconf 86' lang='lat' dir='ltr'><strong>quibus</strong></span> <span class='ocrx_word' id='word_1_713' title='bbox 3456 2635 3550 2675; x_wconf 84' lang='lat' dir='ltr'><strong>su-</strong></span> 
     </span>
    </p>
   </div>
   <div class='ocr_carea' id='block_1_87' title="bbox 1947 2710 3551 2780">
    <p class='ocr_par' dir='ltr' id='par_1_87' title="bbox 1947 2710 3551 2780">
     <span class='ocr_line' id='line_1_87' title="bbox 1947 2710 3551 2780; baseline 0.001 -15"><span class='ocrx_word' id='word_1_714' title='bbox 1947 2711 2165 2780; x_wconf 84' lang='lat' dir='ltr'><strong>perandi</strong></span> <span class='ocrx_word' id='word_1_715' title='bbox 2189 2710 2485 2764; x_wconf 89' lang='lat' dir='ltr'><strong>adversarii</strong></span> <span class='ocrx_word' id='word_1_716' title='bbox 2518 2726 2612 2779; x_wconf 88' lang='lat' dir='ltr'><strong>per</strong></span> <span class='ocrx_word' id='word_1_717' title='bbox 2636 2710 2947 2780; x_wconf 90' lang='lat' dir='ltr'><strong>patientiam</strong></span> <span class='ocrx_word' id='word_1_718' title='bbox 2968 2719 3144 2773; x_wconf 84' lang='lat' dir='ltr'><strong>erant,</strong></span> <span class='ocrx_word' id='word_1_719' title='bbox 3170 2725 3275 2764; x_wconf 90' lang='lat' dir='ltr'><strong>nou</strong></span> <span class='ocrx_word' id='word_1_720' title='bbox 3297 2726 3327 2764; x_wconf 86' lang='lat' dir='ltr'><strong>a</strong></span> <span class='ocrx_word' id='word_1_721' title='bbox 3356 2710 3551 2767; x_wconf 83' lang='lat' dir='ltr'><strong>timore</strong></span> 
     </span>
    </p>
   </div>
   <div class='ocr_carea' id='block_1_88' title="bbox 1949 2802 3550 2874">
    <p class='ocr_par' dir='ltr' id='par_1_88' title="bbox 1949 2802 3550 2874">
     <span class='ocr_line' id='line_1_88' title="bbox 1949 2802 3550 2874; baseline 0.001 -17"><span class='ocrx_word' id='word_1_722' title='bbox 1949 2804 2045 2857; x_wconf 87' lang='lat' dir='ltr'><strong>Dei</strong></span> <span class='ocrx_word' id='word_1_723' title='bbox 2074 2803 2391 2857; x_wconf 89' lang='lat' dir='ltr'><strong>cohortatur</strong></span> <span class='ocrx_word' id='word_1_724' title='bbox 2415 2846 2431 2869; x_wconf 90' lang='lat'><strong>,</strong></span> <span class='ocrx_word' id='word_1_725' title='bbox 2480 2803 2575 2858; x_wconf 90' lang='lat' dir='ltr'><strong>sed</strong></span> <span class='ocrx_word' id='word_1_726' title='bbox 2618 2803 2763 2865; x_wconf 88' lang='lat' dir='ltr'><strong>inde.</strong></span> <span class='ocrx_word' id='word_1_727' title='bbox 2792 2802 2936 2874; x_wconf 90' lang='lat' dir='ltr'><strong>quod</strong></span> <span class='ocrx_word' id='word_1_728' title='bbox 2982 2803 3308 2874; x_wconf 89' lang='lat' dir='ltr'><strong>supplicium</strong></span> <span class='ocrx_word' id='word_1_729' title='bbox 3339 2804 3407 2858; x_wconf 89' lang='lat' dir='ltr'><strong>de</strong></span> <span class='ocrx_word' id='word_1_730' title='bbox 3443 2806 3550 2858; x_wconf 84' lang='lat' dir='ltr'><strong>Illis</strong></span> 
     </span>
    </p>
   </div>
   <div class='ocr_carea' id='block_1_89' title="bbox 1944 2893 3549 2965">
    <p class='ocr_par' dir='ltr' id='par_1_89' title="bbox 1944 2893 3549 2965">
     <span class='ocr_line' id='line_1_89' title="bbox 1944 2893 3549 2965; baseline 0.001 -17"><span class='ocrx_word' id='word_1_731' title='bbox 1944 2893 2211 2964; x_wconf 89' lang='lat' dir='ltr'><strong>sumpturi</strong></span> <span class='ocrx_word' id='word_1_732' title='bbox 2242 2894 2469 2949; x_wconf 84' lang='lat' dir='ltr'><strong>essent?</strong></span> <span class='ocrx_word' id='word_1_733' title='bbox 2503 2893 2619 2948; x_wconf 85' lang='lat' dir='ltr'><strong>Hoc</strong></span> <span class='ocrx_word' id='word_1_734' title='bbox 2647 2895 2781 2949; x_wconf 81' lang='lat' dir='ltr'><strong>enim</strong></span> <span class='ocrx_word' id='word_1_735' title='bbox 2806 2894 3003 2965; x_wconf 75' lang='lat' dir='ltr'><strong>faciens</strong></span> <span class='ocrx_word' id='word_1_736' title='bbox 3027 2934 3042 2959; x_wconf 90' lang='lat'><strong>,</strong></span> <span class='ocrx_word' id='word_1_737' title='bbox 3074 2895 3279 2964; x_wconf 89' lang='lat' dir='ltr'><strong>inquit,</strong></span> <span class='ocrx_word' id='word_1_738' title='bbox 3307 2895 3549 2950; x_wconf 74' lang='lat' dir='ltr'><strong>carbones</strong></span> 
     </span>
    </p>
   </div>
   <div class='ocr_carea' id='block_1_90' title="bbox 1942 2985 3547 3059">
    <p class='ocr_par' dir='ltr' id='par_1_90' title="bbox 1942 2985 3547 3059">
     <span class='ocr_line' id='line_1_90' title="bbox 1942 2985 3547 3059; baseline 0.002 -20"><span class='ocrx_word' id='word_1_739' title='bbox 1942 2987 2076 3057; x_wconf 82' lang='lat' dir='ltr'><strong>ignis</strong></span> <span class='ocrx_word' id='word_1_740' title='bbox 2102 3004 2344 3059; x_wconf 79' lang='lat' dir='ltr'><strong>congeres</strong></span> <span class='ocrx_word' id='word_1_741' title='bbox 2371 3004 2523 3058; x_wconf 87' lang='lat' dir='ltr'><strong>super</strong></span> <span class='ocrx_word' id='word_1_742' title='bbox 2550 2996 2703 3056; x_wconf 85' lang='lat' dir='ltr'><strong>caput</strong></span> <span class='ocrx_word' id='word_1_743' title='bbox 2729 2987 2839 3058; x_wconf 78' lang='lat' dir='ltr'><strong>rjus</strong></span> <span class='ocrx_word' id='word_1_744' title='bbox 2869 2986 3046 3057; x_wconf 74' lang='lat' dir='ltr'><strong>(Rem.</strong></span> <span class='ocrx_word' id='word_1_745' title='bbox 3077 2985 3165 3042; x_wconf 66' lang='grc'><strong>12.</strong></span> <span class='ocrx_word' id='word_1_746' title='bbox 3195 2986 3311 3055; x_wconf 70' lang='grc'><strong>20).</strong></span> <span class='ocrx_word' id='word_1_747' title='bbox 3337 2985 3547 3043; x_wconf 76' lang='lat' dir='ltr'><strong>Interea</strong></span> 
     </span>
    </p>
   </div>
   <div class='ocr_carea' id='block_1_91' title="bbox 1944 3078 3545 3149">
    <p class='ocr_par' dir='ltr' id='par_1_91' title="bbox 1944 3078 3545 3149">
     <span class='ocr_line' id='line_1_91' title="bbox 1944 3078 3545 3149; baseline -0.001 -15"><span class='ocrx_word' id='word_1_748' title='bbox 1944 3081 2091 3134; x_wconf 85' lang='lat' dir='ltr'><strong>enim</strong></span> <span class='ocrx_word' id='word_1_749' title='bbox 2145 3080 2284 3133; x_wconf 87' lang='lat' dir='ltr'><strong>hanc</strong></span> <span class='ocrx_word' id='word_1_750' title='bbox 2327 3080 2765 3149; x_wconf 81' lang='lat' dir='ltr'><strong>progressionem</strong></span> <span class='ocrx_word' id='word_1_751' title='bbox 2829 3080 2943 3133; x_wconf 87' lang='lat' dir='ltr'><strong>lieri</strong></span> <span class='ocrx_word' id='word_1_752' title='bbox 2994 3079 3107 3133; x_wconf 85' lang='lat' dir='ltr'><strong>vult</strong></span> <span class='ocrx_word' id='word_1_753' title='bbox 3150 3079 3217 3132; x_wconf 89' lang='lat' dir='ltr'><strong>ad</strong></span> <span class='ocrx_word' id='word_1_754' title='bbox 3268 3078 3545 3134; x_wconf 86' lang='lat' dir='ltr'><strong>virtutem.</strong></span> 
     </span>
    </p>
   </div>
   <div class='ocr_carea' id='block_1_92' title="bbox 1944 3172 3545 3243">
    <p class='ocr_par' dir='ltr' id='par_1_92' title="bbox 1944 3172 3545 3243">
     <span class='ocr_line' id='line_1_92' title="bbox 1944 3172 3545 3243; baseline 0.001 -17"><span class='ocrx_word' id='word_1_755' title='bbox 1944 3172 2086 3229; x_wconf 89' lang='lat' dir='ltr'><strong>Inest</strong></span> <span class='ocrx_word' id='word_1_756' title='bbox 2116 3172 2277 3243; x_wconf 85' lang='lat' dir='ltr'><strong>igitur</strong></span> <span class='ocrx_word' id='word_1_757' title='bbox 2300 3214 2314 3237; x_wconf 94' lang='lat'><strong>,</strong></span> <span class='ocrx_word' id='word_1_758' title='bbox 2342 3172 2484 3243; x_wconf 90' lang='lat' dir='ltr'><strong>quod</strong></span> <span class='ocrx_word' id='word_1_759' title='bbox 2511 3182 2668 3228; x_wconf 90' lang='lat' dir='ltr'><strong>antea</strong></span> <span class='ocrx_word' id='word_1_760' title='bbox 2712 3172 2959 3228; x_wconf 87' lang='lat' dir='ltr'><strong>dicebam</strong></span> <span class='ocrx_word' id='word_1_761' title='bbox 2988 3214 3002 3237; x_wconf 89' lang='lat'><strong>,</strong></span> <span class='ocrx_word' id='word_1_762' title='bbox 3051 3172 3104 3226; x_wconf 91' lang='lat' dir='ltr'><strong>iu</strong></span> <span class='ocrx_word' id='word_1_763' title='bbox 3158 3172 3316 3227; x_wconf 89' lang='lat' dir='ltr'><strong>nobis</strong></span> <span class='ocrx_word' id='word_1_764' title='bbox 3358 3174 3545 3228; x_wconf 78' lang='lat' dir='ltr'><strong>nescio</strong></span> 
     </span>
    </p>
   </div>
   <div class='ocr_carea' id='block_1_93' title="bbox 1942 3266 3544 3338">
    <p class='ocr_par' dir='ltr' id='par_1_93' title="bbox 1942 3266 3544 3338">
     <span class='ocr_line' id='line_1_93' title="bbox 1942 3266 3544 3338; baseline 0.002 -19"><span class='ocrx_word' id='word_1_765' title='bbox 1942 3266 2070 3336; x_wconf 90' lang='lat' dir='ltr'><strong>quid</strong></span> <span class='ocrx_word' id='word_1_766' title='bbox 2096 3267 2389 3321; x_wconf 82' lang='lat' dir='ltr'><strong>verecundi</strong></span> <span class='ocrx_word' id='word_1_767' title='bbox 2422 3307 2437 3333; x_wconf 89' lang='lat'><strong>,</strong></span> <span class='ocrx_word' id='word_1_768' title='bbox 2473 3267 2749 3338; x_wconf 89' lang='lat' dir='ltr'><strong>multaque</strong></span> <span class='ocrx_word' id='word_1_769' title='bbox 2790 3266 3053 3322; x_wconf 85' lang='lat' dir='ltr'><strong>naturalia</strong></span> <span class='ocrx_word' id='word_1_770' title='bbox 3102 3266 3361 3321; x_wconf 89' lang='lat' dir='ltr'><strong>habemus</strong></span> <span class='ocrx_word' id='word_1_771' title='bbox 3404 3267 3544 3323; x_wconf 78' lang='lat' dir='ltr'><strong>bona</strong></span> 
     </span>
    </p>
   </div>
   <div class='ocr_carea' id='block_1_94' title="bbox 1940 3358 3542 3431">
    <p class='ocr_par' dir='ltr' id='par_1_94' title="bbox 1940 3358 3542 3431">
     <span class='ocr_line' id='line_1_94' title="bbox 1940 3358 3542 3431; baseline 0.001 -19"><span class='ocrx_word' id='word_1_772' title='bbox 1940 3359 2007 3413; x_wconf 89' lang='lat' dir='ltr'><strong>ad</strong></span> <span class='ocrx_word' id='word_1_773' title='bbox 2043 3359 2295 3413; x_wconf 85' lang='lat' dir='ltr'><strong>virtutem</strong></span> <span class='ocrx_word' id='word_1_774' title='bbox 2326 3376 2340 3412; x_wconf 90' lang='lat'><strong>:</strong></span> <span class='ocrx_word' id='word_1_775' title='bbox 2374 3360 2610 3431; x_wconf 70' lang='lat' dir='ltr'><strong>exempli</strong></span> <span class='ocrx_word' id='word_1_776' title='bbox 2641 3374 2835 3426; x_wconf 84' lang='lat' dir='ltr'><strong>causa,</strong></span> <span class='ocrx_word' id='word_1_777' title='bbox 2870 3358 2936 3413; x_wconf 91' lang='lat' dir='ltr'><strong>ad</strong></span> <span class='ocrx_word' id='word_1_778' title='bbox 2970 3358 3393 3415; x_wconf 76' lang='lat' dir='ltr'><strong>miscricordiam</strong></span> <span class='ocrx_word' id='word_1_779' title='bbox 3421 3374 3542 3414; x_wconf 88' lang='lat' dir='ltr'><strong>om-</strong></span> 
     </span>
    </p>
   </div>
   <div class='ocr_carea' id='block_1_95' title="bbox 1943 3449 3543 3521">
    <p class='ocr_par' dir='ltr' id='par_1_95' title="bbox 1943 3449 3543 3521">
     <span class='ocr_line' id='line_1_95' title="bbox 1943 3449 3543 3521; baseline 0.003 -18"><span class='ocrx_word' id='word_1_780' title='bbox 1943 3464 2040 3504; x_wconf 84' lang='lat' dir='ltr'><strong>nes</strong></span> <span class='ocrx_word' id='word_1_781' title='bbox 2069 3464 2098 3504; x_wconf 90' lang='lat' dir='ltr'><strong>a</strong></span> <span class='ocrx_word' id='word_1_782' title='bbox 2144 3460 2331 3505; x_wconf 84' lang='lat' dir='ltr'><strong>natura</strong></span> <span class='ocrx_word' id='word_1_783' title='bbox 2365 3465 2682 3515; x_wconf 64' lang='lat' dir='ltr'><strong>motcmur,</strong></span> <span class='ocrx_word' id='word_1_784' title='bbox 2719 3465 2819 3506; x_wconf 91' lang='lat' dir='ltr'><strong>nec</strong></span> <span class='ocrx_word' id='word_1_785' title='bbox 2849 3449 3140 3521; x_wconf 87' lang='lat' dir='ltr'><strong>quidquam</strong></span> <span class='ocrx_word' id='word_1_786' title='bbox 3180 3452 3322 3506; x_wconf 89' lang='lat' dir='ltr'><strong>aliud</strong></span> <span class='ocrx_word' id='word_1_787' title='bbox 3358 3453 3409 3505; x_wconf 95' lang='lat' dir='ltr'><strong>in</strong></span> <span class='ocrx_word' id='word_1_788' title='bbox 3443 3468 3543 3507; x_wconf 82' lang='lat' dir='ltr'><strong>na-</strong></span> 
     </span>
    </p>
   </div>
   <div class='ocr_carea' id='block_1_96' title="bbox 1942 3542 3542 3613">
    <p class='ocr_par' dir='ltr' id='par_1_96' title="bbox 1942 3542 3542 3613">
     <span class='ocr_line' id='line_1_96' title="bbox 1942 3542 3542 3613; baseline 0.003 -17"><span class='ocrx_word' id='word_1_789' title='bbox 1942 3550 2060 3597; x_wconf 87' lang='lat' dir='ltr'><strong>tura</strong></span> <span class='ocrx_word' id='word_1_790' title='bbox 2092 3553 2276 3597; x_wconf 86' lang='lat' dir='ltr'><strong>nostra</strong></span> <span class='ocrx_word' id='word_1_791' title='bbox 2308 3558 2463 3613; x_wconf 81' lang='lat' dir='ltr'><strong>:eque</strong></span> <span class='ocrx_word' id='word_1_792' title='bbox 2492 3542 2692 3597; x_wconf 89' lang='lat' dir='ltr'><strong>bonum</strong></span> <span class='ocrx_word' id='word_1_793' title='bbox 2730 3553 2811 3598; x_wconf 87' lang='lat' dir='ltr'><strong>est</strong></span> <span class='ocrx_word' id='word_1_794' title='bbox 2837 3553 2998 3612; x_wconf 88' lang='lat' dir='ltr'><strong>atque</strong></span> <span class='ocrx_word' id='word_1_795' title='bbox 3026 3542 3149 3598; x_wconf 92' lang='lat' dir='ltr'><strong>hoc.</strong></span> <span class='ocrx_word' id='word_1_796' title='bbox 3177 3544 3542 3612; x_wconf 76' lang='lat' dir='ltr'><strong>Quamobrem</strong></span> 
     </span>
    </p>
   </div>
   <div class='ocr_carea' id='block_1_97' title="bbox 1942 3637 3543 3707">
    <p class='ocr_par' dir='ltr' id='par_1_97' title="bbox 1942 3637 3543 3707">
     <span class='ocr_line' id='line_1_97' title="bbox 1942 3637 3543 3707; baseline 0.002 -17"><span class='ocrx_word' id='word_1_797' title='bbox 1942 3637 2137 3693; x_wconf 89' lang='lat' dir='ltr'><strong>merito</strong></span> <span class='ocrx_word' id='word_1_798' title='bbox 2167 3638 2328 3692; x_wconf 87' lang='lat' dir='ltr'><strong>etiam</strong></span> <span class='ocrx_word' id='word_1_799' title='bbox 2356 3637 2621 3707; x_wconf 89' lang='lat' dir='ltr'><strong>quispiam</strong></span> <span class='ocrx_word' id='word_1_800' title='bbox 2644 3637 2937 3707; x_wconf 70' lang='lat' dir='ltr'><strong>qttzesietiz,</strong></span> <span class='ocrx_word' id='word_1_801' title='bbox 2971 3654 3130 3705; x_wconf 89' lang='lat' dir='ltr'><strong>quam</strong></span> <span class='ocrx_word' id='word_1_802' title='bbox 3154 3638 3222 3691; x_wconf 92' lang='lat' dir='ltr'><strong>ob</strong></span> <span class='ocrx_word' id='word_1_803' title='bbox 3249 3654 3464 3693; x_wconf 82' lang='lat' dir='ltr'><strong>causam</strong></span> <span class='ocrx_word' id='word_1_804' title='bbox 3488 3638 3543 3694; x_wconf 89' lang='lat' dir='ltr'><strong>id</strong></span> 
     </span>
    </p>
   </div>
   <div class='ocr_carea' id='block_1_98' title="bbox 1942 3730 3544 3802">
    <p class='ocr_par' dir='ltr' id='par_1_98' title="bbox 1942 3730 3544 3802">
     <span class='ocr_line' id='line_1_98' title="bbox 1942 3730 3544 3802; baseline 0.002 -20"><span class='ocrx_word' id='word_1_805' title='bbox 1942 3731 2280 3802; x_wconf 79' lang='lat' dir='ltr'><strong>potissimum</strong></span> <span class='ocrx_word' id='word_1_806' title='bbox 2314 3740 2512 3785; x_wconf 77' lang='lat' dir='ltr'><strong>nostra:</strong></span> <span class='ocrx_word' id='word_1_807' title='bbox 2536 3740 2744 3784; x_wconf 77' lang='lat' dir='ltr'><strong>natura:</strong></span> <span class='ocrx_word' id='word_1_808' title='bbox 2773 3731 2841 3784; x_wconf 78' lang='lat' dir='ltr'><strong>sit</strong></span> <span class='ocrx_word' id='word_1_809' title='bbox 2872 3730 3113 3796; x_wconf 72' lang='lat' dir='ltr'><strong>insitum,</strong></span> <span class='ocrx_word' id='word_1_810' title='bbox 3149 3739 3206 3784; x_wconf 91' lang='lat' dir='ltr'><strong>ut</strong></span> <span class='ocrx_word' id='word_1_811' title='bbox 3235 3730 3544 3801; x_wconf 69' lang='lat' dir='ltr'><strong>h&#39;anganmr</strong></span> 
     </span>
    </p>
   </div>
   <div class='ocr_carea' id='block_1_99' title="bbox 1941 3822 3543 3900">
    <p class='ocr_par' dir='ltr' id='par_1_99' title="bbox 1941 3822 3543 3900">
     <span class='ocr_line' id='line_1_99' title="bbox 1941 3822 3543 3900; baseline -0.002 -18"><span class='ocrx_word' id='word_1_812' title='bbox 1941 3827 2193 3900; x_wconf 81' lang='lat' dir='ltr'><strong>lacrymis</strong></span> <span class='ocrx_word' id='word_1_813' title='bbox 2220 3868 2235 3893; x_wconf 92' lang='lat'><strong>,</strong></span> <span class='ocrx_word' id='word_1_814' title='bbox 2265 3825 2546 3881; x_wconf 79' lang='lat' dir='ltr'><strong>ectantur</strong></span> <span class='ocrx_word' id='word_1_815' title='bbox 2594 3834 2649 3879; x_wconf 89' lang='lat' dir='ltr'><strong>et</strong></span> <span class='ocrx_word' id='word_1_816' title='bbox 2693 3823 2760 3878; x_wconf 90' lang='lat' dir='ltr'><strong>ad</strong></span> <span class='ocrx_word' id='word_1_817' title='bbox 2809 3822 3239 3879; x_wconf 69' lang='lat' dir='ltr'><strong>miscricordian</strong></span> <span class='ocrx_word' id='word_1_818' title='bbox 3290 3825 3543 3894; x_wconf 87' lang='lat' dir='ltr'><strong>propensi</strong></span> 
     </span>
    </p>
   </div>
   <div class='ocr_carea' id='block_1_100' title="bbox 1942 3919 3548 3980">
    <p class='ocr_par' dir='ltr' id='par_1_100' title="bbox 1942 3919 3548 3980">
     <span class='ocr_line' id='line_1_100' title="bbox 1942 3919 3548 3980; baseline -0.001 -5"><span class='ocrx_word' id='word_1_819' title='bbox 1942 3922 2133 3975; x_wconf 77' lang='lat' dir='ltr'><strong>SIIIIIIS.</strong></span> <span class='ocrx_word' id='word_1_820' title='bbox 2166 3919 2337 3975; x_wconf 71' lang='lat' dir='ltr'><strong>NCIIIO</strong></span> <span class='ocrx_word' id='word_1_821' title='bbox 2379 3929 2571 3973; x_wconf 88' lang='lat' dir='ltr'><strong>natura</strong></span> <span class='ocrx_word' id='word_1_822' title='bbox 2612 3928 2863 3972; x_wconf 72' lang='grc' dir='ltr'><strong></strong></span> <span class='ocrx_word' id='word_1_823' title='bbox 2891 3928 2972 3972; x_wconf 71' lang='grc'><strong>881</strong></span> <span class='ocrx_word' id='word_1_824' title='bbox 2998 3959 3012 3980; x_wconf 80' lang='lat'><strong>,</strong></span> <span class='ocrx_word' id='word_1_825' title='bbox 3059 3934 3219 3971; x_wconf 78' lang='lat' dir='ltr'><strong>IICIIIO</strong></span> <span class='ocrx_word' id='word_1_826' title='bbox 3259 3927 3446 3973; x_wconf 88' lang='lat' dir='ltr'><strong>natura</strong></span> <span class='ocrx_word' id='word_1_827' title='bbox 3478 3919 3548 3973; x_wconf 75' lang='lat' dir='ltr'><strong>:tb</strong></span> 
     </span>
    </p>
   </div>
   <div class='ocr_carea' id='block_1_101' title="bbox 1941 4009 3544 4082">
    <p class='ocr_par' dir='ltr' id='par_1_101' title="bbox 1941 4009 3544 4082">
     <span class='ocr_line' id='line_1_101' title="bbox 1941 4009 3544 4082; baseline -0.002 -14"><span class='ocrx_word' id='word_1_828' title='bbox 1941 4013 2116 4068; x_wconf 89' lang='lat' dir='ltr'><strong>inanis</strong></span> <span class='ocrx_word' id='word_1_829' title='bbox 2146 4013 2332 4082; x_wconf 82' lang='lat' dir='ltr'><strong>gloria:</strong></span> <span class='ocrx_word' id='word_1_830' title='bbox 2358 4010 2655 4079; x_wconf 87' lang='lat' dir='ltr'><strong>cupiditate</strong></span> <span class='ocrx_word' id='word_1_831' title='bbox 2679 4009 2852 4075; x_wconf 90' lang='lat' dir='ltr'><strong>liber,</strong></span> <span class='ocrx_word' id='word_1_832' title='bbox 2885 4026 3046 4064; x_wconf 90' lang='lat' dir='ltr'><strong>nemo</strong></span> <span class='ocrx_word' id='word_1_833' title='bbox 3073 4019 3262 4064; x_wconf 90' lang='lat' dir='ltr'><strong>natura</strong></span> <span class='ocrx_word' id='word_1_834' title='bbox 3293 4012 3544 4081; x_wconf 79' lang='lat' dir='ltr'><strong>superior</strong></span> 
     </span>
    </p>
   </div>
   <div class='ocr_carea' id='block_1_102' title="bbox 1941 4102 3546 4163">
    <p class='ocr_par' dir='ltr' id='par_1_102' title="bbox 1941 4102 3546 4163">
     <span class='ocr_line' id='line_1_102' title="bbox 1941 4102 3546 4163; baseline -0.002 -1"><span class='ocrx_word' id='word_1_835' title='bbox 1941 4106 2288 4163; x_wconf 80' lang='lat' dir='ltr'><strong>a-tnttlatione</strong></span> <span class='ocrx_word' id='word_1_836' title='bbox 2322 4124 2335 4159; x_wconf 92' lang='lat'>:</span> <span class='ocrx_word' id='word_1_837' title='bbox 2363 4104 2459 4160; x_wconf 90' lang='lat' dir='ltr'><strong>scd</strong></span> <span class='ocrx_word' id='word_1_838' title='bbox 2489 4102 2733 4159; x_wconf 87' lang='lat' dir='ltr'><strong>misereri</strong></span> <span class='ocrx_word' id='word_1_839' title='bbox 2766 4103 3017 4158; x_wconf 88' lang='lat' dir='ltr'><strong>otnuihus</strong></span> <span class='ocrx_word' id='word_1_840' title='bbox 3042 4119 3073 4157; x_wconf 87' lang='lat' dir='ltr'><strong>a</strong></span> <span class='ocrx_word' id='word_1_841' title='bbox 3102 4116 3292 4158; x_wconf 88' lang='lat' dir='ltr'><strong>natura</strong></span> <span class='ocrx_word' id='word_1_842' title='bbox 3320 4103 3546 4159; x_wconf 90' lang='lat' dir='ltr'><strong>inditttm</strong></span> 
     </span>
    </p>
   </div>
   <div class='ocr_carea' id='block_1_103' title="bbox 1941 4195 3547 4270">
    <p class='ocr_par' dir='ltr' id='par_1_103' title="bbox 1941 4195 3547 4270">
     <span class='ocr_line' id='line_1_103' title="bbox 1941 4195 3547 4270; baseline -0.002 -15"><span class='ocrx_word' id='word_1_843' title='bbox 1941 4208 2046 4266; x_wconf 91' lang='lat' dir='ltr'><strong>est,</strong></span> <span class='ocrx_word' id='word_1_844' title='bbox 2070 4198 2418 4270; x_wconf 88' lang='lat' dir='ltr'><strong>quantumvis</strong></span> <span class='ocrx_word' id='word_1_845' title='bbox 2446 4197 2682 4253; x_wconf 86' lang='lat' dir='ltr'><strong>crudelis</strong></span> <span class='ocrx_word' id='word_1_846' title='bbox 2709 4196 2777 4251; x_wconf 90' lang='lat' dir='ltr'><strong>sit</strong></span> <span class='ocrx_word' id='word_1_847' title='bbox 2823 4196 2945 4266; x_wconf 88' lang='lat' dir='ltr'><strong>quis</strong></span> <span class='ocrx_word' id='word_1_848' title='bbox 2983 4205 3038 4251; x_wconf 89' lang='lat' dir='ltr'><strong>et</strong></span> <span class='ocrx_word' id='word_1_849' title='bbox 3082 4211 3277 4251; x_wconf 65' lang='lat' dir='ltr'><strong>sazvus.</strong></span> <span class='ocrx_word' id='word_1_850' title='bbox 3311 4195 3378 4251; x_wconf 85' lang='lat' dir='ltr'><strong>Et</strong></span> <span class='ocrx_word' id='word_1_851' title='bbox 3417 4196 3547 4267; x_wconf 89' lang='lat' dir='ltr'><strong>quid</strong></span> 
     </span>
    </p>
   </div>
   <div class='ocr_carea' id='block_1_104' title="bbox 1943 4286 3546 4358">
    <p class='ocr_par' dir='ltr' id='par_1_104' title="bbox 1943 4286 3546 4358">
     <span class='ocr_line' id='line_1_104' title="bbox 1943 4286 3546 4358; baseline -0.004 -12"><span class='ocrx_word' id='word_1_852' title='bbox 1943 4291 2161 4356; x_wconf 89' lang='lat' dir='ltr'><strong>tnirum,</strong></span> <span class='ocrx_word' id='word_1_853' title='bbox 2194 4290 2238 4344; x_wconf 89' lang='lat' dir='ltr'><strong>si</strong></span> <span class='ocrx_word' id='word_1_854' title='bbox 2278 4304 2402 4358; x_wconf 84' lang='lat' dir='ltr'><strong>erga</strong></span> <span class='ocrx_word' id='word_1_855' title='bbox 2447 4287 2696 4342; x_wconf 90' lang='lat' dir='ltr'><strong>homines</strong></span> <span class='ocrx_word' id='word_1_856' title='bbox 2729 4290 2867 4341; x_wconf 90' lang='lat' dir='ltr'><strong>hanc</strong></span> <span class='ocrx_word' id='word_1_857' title='bbox 2910 4286 3326 4357; x_wconf 87' lang='lat' dir='ltr'><strong>propensionem</strong></span> <span class='ocrx_word' id='word_1_858' title='bbox 3356 4294 3546 4340; x_wconf 77' lang='lat' dir='ltr'><strong>osten-</strong></span> 
     </span>
    </p>
   </div>
   <div class='ocr_carea' id='block_1_105' title="bbox 1942 4378 3547 4439">
    <p class='ocr_par' dir='ltr' id='par_1_105' title="bbox 1942 4378 3547 4439">
     <span class='ocr_line' id='line_1_105' title="bbox 1942 4378 3547 4439; baseline -0.003 0"><span class='ocrx_word' id='word_1_859' title='bbox 1942 4384 2133 4439; x_wconf 90' lang='lat' dir='ltr'><strong>damus</strong></span> <span class='ocrx_word' id='word_1_860' title='bbox 2154 4382 2177 4436; x_wconf 73' lang='lat' dir='ltr'><strong>l</strong></span> <span class='ocrx_word' id='word_1_861' title='bbox 2206 4382 2442 4437; x_wconf 81' lang='lat' dir='ltr'><strong>ferarum</strong></span> <span class='ocrx_word' id='word_1_862' title='bbox 2465 4380 2625 4435; x_wconf 89' lang='lat' dir='ltr'><strong>etiam</strong></span> <span class='ocrx_word' id='word_1_863' title='bbox 2653 4379 2974 4434; x_wconf 86' lang='lat' dir='ltr'><strong>miseremur</strong></span> <span class='ocrx_word' id='word_1_864' title='bbox 3000 4395 3013 4433; x_wconf 93' lang='lat'>:</span> <span class='ocrx_word' id='word_1_865' title='bbox 3041 4378 3179 4435; x_wconf 88' lang='lat' dir='ltr'><strong>adeo</strong></span> <span class='ocrx_word' id='word_1_866' title='bbox 3202 4379 3358 4434; x_wconf 90' lang='lat' dir='ltr'><strong>nobis</strong></span> <span class='ocrx_word' id='word_1_867' title='bbox 3380 4378 3547 4435; x_wconf 89' lang='lat' dir='ltr'><strong>indita</strong></span> 
     </span>
    </p>
   </div>
   <div class='ocr_carea' id='block_1_106' title="bbox 1942 4470 3547 4543">
    <p class='ocr_par' dir='ltr' id='par_1_106' title="bbox 1942 4470 3547 4543">
     <span class='ocr_line' id='line_1_106' title="bbox 1942 4470 3547 4543; baseline -0.004 -13"><span class='ocrx_word' id='word_1_868' title='bbox 1942 4485 2027 4531; x_wconf 89' lang='lat' dir='ltr'><strong>est</strong></span> <span class='ocrx_word' id='word_1_869' title='bbox 2072 4473 2465 4530; x_wconf 79' lang='lat' dir='ltr'><strong>misericordia.</strong></span> <span class='ocrx_word' id='word_1_870' title='bbox 2516 4470 2613 4527; x_wconf 81' lang='lat' dir='ltr'><strong>Vel</strong></span> <span class='ocrx_word' id='word_1_871' title='bbox 2668 4471 2837 4526; x_wconf 90' lang='lat' dir='ltr'><strong>leonis</strong></span> <span class='ocrx_word' id='word_1_872' title='bbox 2885 4471 3121 4526; x_wconf 89' lang='lat' dir='ltr'><strong>catulum</strong></span> <span class='ocrx_word' id='word_1_873' title='bbox 3179 4471 3547 4543; x_wconf 70' lang='lat' dir='ltr'><strong>aspicientes,</strong></span> 
     </span>
    </p>
   </div>
   <div class='ocr_carea' id='block_1_107' title="bbox 1943 4563 3545 4635">
    <p class='ocr_par' dir='ltr' id='par_1_107' title="bbox 1943 4563 3545 4635">
     <span class='ocr_line' id='line_1_107' title="bbox 1943 4563 3545 4635; baseline -0.005 -11"><span class='ocrx_word' id='word_1_874' title='bbox 1943 4566 2189 4624; x_wconf 87' lang='lat' dir='ltr'><strong>ttotmihil</strong></span> <span class='ocrx_word' id='word_1_875' title='bbox 2217 4580 2626 4622; x_wconf 88' lang='lat' dir='ltr'><strong>commovemur</strong></span> <span class='ocrx_word' id='word_1_876' title='bbox 2659 4581 2673 4617; x_wconf 89' lang='lat'><strong>:</strong></span> <span class='ocrx_word' id='word_1_877' title='bbox 2707 4571 2911 4633; x_wconf 87' lang='lat' dir='ltr'><strong>quanto</strong></span> <span class='ocrx_word' id='word_1_878' title='bbox 2939 4563 3101 4635; x_wconf 84' lang='lat' dir='ltr'><strong>igitur</strong></span> <span class='ocrx_word' id='word_1_879' title='bbox 3128 4563 3299 4635; x_wconf 83' lang='lat' dir='ltr'><strong>magis</strong></span> <span class='ocrx_word' id='word_1_880' title='bbox 3319 4580 3444 4635; x_wconf 86' lang='lat' dir='ltr'><strong>erga</strong></span> <span class='ocrx_word' id='word_1_881' title='bbox 3471 4565 3545 4629; x_wconf 87' lang='lat' dir='ltr'><strong>id,</strong></span> 
     </span>
    </p>
   </div>
   <div class='ocr_carea' id='block_1_108' title="bbox 1940 4659 3547 4734">
    <p class='ocr_par' dir='ltr' id='par_1_108' title="bbox 1940 4659 3547 4734">
     <span class='ocr_line' id='line_1_108' title="bbox 1940 4659 3547 4734; baseline -0.001 -16"><span class='ocrx_word' id='word_1_882' title='bbox 1940 4663 2084 4734; x_wconf 91' lang='lat' dir='ltr'><strong>quod</strong></span> <span class='ocrx_word' id='word_1_883' title='bbox 2108 4660 2351 4731; x_wconf 81' lang='lat' dir='ltr'><strong>ejusdem</strong></span> <span class='ocrx_word' id='word_1_884' title='bbox 2385 4660 2664 4715; x_wconf 89' lang='lat' dir='ltr'><strong>uobiscum</strong></span> <span class='ocrx_word' id='word_1_885' title='bbox 2692 4659 2907 4729; x_wconf 88' lang='lat' dir='ltr'><strong>generis</strong></span> <span class='ocrx_word' id='word_1_886' title='bbox 2937 4660 3065 4714; x_wconf 77' lang='lat' dir='ltr'><strong>est?</strong></span> <span class='ocrx_word' id='word_1_887' title='bbox 3094 4660 3225 4715; x_wconf 89' lang='lat' dir='ltr'><strong>llem</strong></span> <span class='ocrx_word' id='word_1_888' title='bbox 3258 4670 3391 4731; x_wconf 89' lang='lat' dir='ltr'><strong>quot</strong></span> <span class='ocrx_word' id='word_1_889' title='bbox 3416 4661 3547 4715; x_wconf 68' lang='lat' dir='ltr'><strong>eaci</strong></span> 
     </span>
    </p>
   </div>
   <div class='ocr_carea' id='block_1_109' title="bbox 1942 4752 3549 4828">
    <p class='ocr_par' dir='ltr' id='par_1_109' title="bbox 1942 4752 3549 4828">
     <span class='ocr_line' id='line_1_109' title="bbox 1942 4752 3549 4828; baseline -0.003 -16"><span class='ocrx_word' id='word_1_890' title='bbox 1942 4768 1995 4813; x_wconf 90' lang='lat' dir='ltr'><strong>et</strong></span> <span class='ocrx_word' id='word_1_891' title='bbox 2016 4756 2337 4828; x_wconf 82' lang='lat' dir='ltr'><strong>corporibus</strong></span> <span class='ocrx_word' id='word_1_892' title='bbox 2356 4754 2638 4817; x_wconf 83' lang='lat' dir='ltr'><strong>mutilatis.</strong></span> <span class='ocrx_word' id='word_1_893' title='bbox 2664 4769 2807 4823; x_wconf 70' lang='lat' dir='ltr'><strong>smpe</strong></span> <span class='ocrx_word' id='word_1_894' title='bbox 2827 4752 3081 4817; x_wconf 88' lang='lat' dir='ltr'><strong>dicimus,</strong></span> <span class='ocrx_word' id='word_1_895' title='bbox 3108 4770 3212 4807; x_wconf 82' lang='lat' dir='ltr'><strong>non</strong></span> <span class='ocrx_word' id='word_1_896' title='bbox 3238 4753 3549 4823; x_wconf 64' lang='lat' dir='ltr'><strong>ignorantes</strong></span> 
     </span>
    </p>
   </div>
   <div class='ocr_carea' id='block_1_110' title="bbox 1945 4844 3541 4922">
    <p class='ocr_par' dir='ltr' id='par_1_110' title="bbox 1945 4844 3541 4922">
     <span class='ocr_line' id='line_1_110' title="bbox 1945 4844 3541 4922; baseline -0.006 -13"><span class='ocrx_word' id='word_1_897' title='bbox 1945 4854 1998 4909; x_wconf 85' lang='lat' dir='ltr'><strong>id</strong></span> <span class='ocrx_word' id='word_1_898' title='bbox 2028 4854 2159 4907; x_wconf 90' lang='lat' dir='ltr'><strong>satis</strong></span> <span class='ocrx_word' id='word_1_899' title='bbox 2188 4861 2370 4922; x_wconf 89' lang='lat' dir='ltr'><strong>aptum</strong></span> <span class='ocrx_word' id='word_1_900' title='bbox 2398 4864 2554 4916; x_wconf 88' lang='lat' dir='ltr'><strong>esse,</strong></span> <span class='ocrx_word' id='word_1_901' title='bbox 2587 4848 2729 4920; x_wconf 90' lang='lat' dir='ltr'><strong>quod</strong></span> <span class='ocrx_word' id='word_1_902' title='bbox 2770 4862 2869 4902; x_wconf 89' lang='lat' dir='ltr'><strong>nos</strong></span> <span class='ocrx_word' id='word_1_903' title='bbox 2898 4845 2965 4901; x_wconf 91' lang='lat' dir='ltr'><strong>ad</strong></span> <span class='ocrx_word' id='word_1_904' title='bbox 2994 4844 3541 4919; x_wconf 81' lang='lat' dir='ltr'><strong>misericordiamad-</strong></span> 
     </span>
    </p>
   </div>
   <div class='ocr_carea' id='block_1_111' title="bbox 1942 4946 2123 5000">
    <p class='ocr_par' dir='ltr' id='par_1_111' title="bbox 1942 4946 2123 5000">
     <span class='ocr_line' id='line_1_111' title="bbox 1942 4946 2123 5000; baseline -0.011 -1"><span class='ocrx_word' id='word_1_905' title='bbox 1942 4946 2123 5000; x_wconf 88' lang='lat' dir='ltr'><strong>ducat.</strong></span> 
     </span>
    </p>
   </div>
   <div class='ocr_carea' id='block_1_112' title="bbox 2018 5026 3548 5103">
    <p class='ocr_par' dir='ltr' id='par_1_112' title="bbox 2018 5026 3548 5103">
     <span class='ocr_line' id='line_1_112' title="bbox 2018 5026 3548 5103; baseline -0.005 -14"><span class='ocrx_word' id='word_1_906' title='bbox 2018 5034 2169 5089; x_wconf 83' lang='lat' dir='ltr'><strong>Nihil</strong></span> <span class='ocrx_word' id='word_1_907' title='bbox 2196 5050 2336 5103; x_wconf 75' lang='lat' dir='ltr'><strong>teque</strong></span> <span class='ocrx_word' id='word_1_908' title='bbox 2370 5032 2533 5087; x_wconf 86' lang='lat' dir='ltr'><strong>Deum</strong></span> <span class='ocrx_word' id='word_1_909' title='bbox 2557 5031 2774 5085; x_wconf 81' lang='lat' dir='ltr'><strong>delectat</strong></span> <span class='ocrx_word' id='word_1_910' title='bbox 2803 5039 2855 5083; x_wconf 89' lang='lat' dir='ltr'><strong>ut</strong></span> <span class='ocrx_word' id='word_1_911' title='bbox 2886 5027 3233 5082; x_wconf 78' lang='lat' dir='ltr'><strong>misericordia</strong></span> <span class='ocrx_word' id='word_1_912' title='bbox 3262 5036 3310 5082; x_wconf 90' lang='lat' dir='ltr'><strong>et</strong></span> <span class='ocrx_word' id='word_1_913' title='bbox 3331 5026 3548 5081; x_wconf 62' lang='lat' dir='ltr'><strong>elevato-</strong></span> 
     </span>
    </p>
   </div>
   <div class='ocr_carea' id='block_1_113' title="bbox 1943 5120 3545 5200">
    <p class='ocr_par' dir='ltr' id='par_1_113' title="bbox 1943 5120 3545 5200">
     <span class='ocr_line' id='line_1_113' title="bbox 1943 5120 3545 5200; baseline -0.004 -16"><span class='ocrx_word' id='word_1_914' title='bbox 1943 5146 2092 5200; x_wconf 82' lang='lat' dir='ltr'><strong>syua.</strong></span> <span class='ocrx_word' id='word_1_915' title='bbox 2116 5157 2188 5167; x_wconf 95' lang='lat'><strong><em></em></strong></span> <span class='ocrx_word' id='word_1_916' title='bbox 2207 5126 2347 5181; x_wconf 83' lang='lat' dir='ltr'><strong>Nihil</strong></span> <span class='ocrx_word' id='word_1_917' title='bbox 2392 5140 2545 5195; x_wconf 66' lang='lat' dir='ltr'><strong>irque</strong></span> <span class='ocrx_word' id='word_1_918' title='bbox 2572 5123 2739 5177; x_wconf 87' lang='lat' dir='ltr'><strong>Deum</strong></span> <span class='ocrx_word' id='word_1_919' title='bbox 2770 5121 3037 5187; x_wconf 89' lang='lat' dir='ltr'><strong>delectat,</strong></span> <span class='ocrx_word' id='word_1_920' title='bbox 3070 5131 3124 5175; x_wconf 93' lang='lat' dir='ltr'><strong>ut</strong></span> <span class='ocrx_word' id='word_1_921' title='bbox 3153 5120 3545 5177; x_wconf 82' lang='lat' dir='ltr'><strong>misericordia.</strong></span> 
     </span>
    </p>
   </div>
   <div class='ocr_carea' id='block_1_114' title="bbox 1944 5213 3544 5292">
    <p class='ocr_par' dir='ltr' id='par_1_114' title="bbox 1944 5213 3544 5292">
     <span class='ocr_line' id='line_1_114' title="bbox 1944 5213 3544 5292; baseline -0.007 -13"><span class='ocrx_word' id='word_1_922' title='bbox 1944 5223 2304 5292; x_wconf 72' lang='lat' dir='ltr'><strong>Quamobrem</strong></span> <span class='ocrx_word' id='word_1_923' title='bbox 2335 5218 2648 5275; x_wconf 86' lang='lat' dir='ltr'><strong>sacerdotes</strong></span> <span class='ocrx_word' id='word_1_924' title='bbox 2667 5257 2683 5282; x_wconf 93' lang='lat'><strong>,</strong></span> <span class='ocrx_word' id='word_1_925' title='bbox 2714 5230 2891 5285; x_wconf 84' lang='lat' dir='ltr'><strong>rcges,</strong></span> <span class='ocrx_word' id='word_1_926' title='bbox 2919 5214 3197 5285; x_wconf 54' lang='lat' dir='ltr'><strong>prophetat</strong></span> <span class='ocrx_word' id='word_1_927' title='bbox 3224 5213 3346 5268; x_wconf 88' lang='lat' dir='ltr'><strong>oleo</strong></span> <span class='ocrx_word' id='word_1_928' title='bbox 3375 5228 3544 5283; x_wconf 80' lang='lat' dir='ltr'><strong>unge-</strong></span> 
     </span>
    </p>
   </div>
   <div class='ocr_carea' id='block_1_115' title="bbox 1944 5306 3548 5379">
    <p class='ocr_par' dir='ltr' id='par_1_115' title="bbox 1944 5306 3548 5379">
     <span class='ocr_line' id='line_1_115' title="bbox 1944 5306 3548 5379; baseline -0.007 -8"><span class='ocrx_word' id='word_1_929' title='bbox 1944 5308 2182 5372; x_wconf 82' lang='lat' dir='ltr'><strong>bantur:</strong></span> <span class='ocrx_word' id='word_1_930' title='bbox 2212 5314 2389 5368; x_wconf 90' lang='lat' dir='ltr'><strong>oleum</strong></span> <span class='ocrx_word' id='word_1_931' title='bbox 2421 5310 2566 5366; x_wconf 90' lang='lat' dir='ltr'><strong>enim</strong></span> <span class='ocrx_word' id='word_1_932' title='bbox 2606 5324 2704 5379; x_wconf 89' lang='lat' dir='ltr'><strong>pro</strong></span> <span class='ocrx_word' id='word_1_933' title='bbox 2736 5306 2984 5379; x_wconf 86' lang='lat' dir='ltr'><strong>symbolo</strong></span> <span class='ocrx_word' id='word_1_934' title='bbox 3028 5306 3120 5360; x_wconf 73' lang='lat' dir='ltr'><strong>Dei</strong></span> <span class='ocrx_word' id='word_1_935' title='bbox 3161 5306 3548 5360; x_wconf 69' lang='lat' dir='ltr'><strong>misericordiae</strong></span> 
     </span>
    </p>
   </div>
   <div class='ocr_carea' id='block_1_116' title="bbox 1945 5398 3548 5469">
    <p class='ocr_par' dir='ltr' id='par_1_116' title="bbox 1945 5398 3548 5469">
     <span class='ocr_line' id='line_1_116' title="bbox 1945 5398 3548 5469; baseline -0.01 -3"><span class='ocrx_word' id='word_1_936' title='bbox 1945 5409 2234 5466; x_wconf 87' lang='lat' dir='ltr'><strong>habebant.</strong></span> <span class='ocrx_word' id='word_1_937' title='bbox 2258 5407 2527 5462; x_wconf 66' lang='lat' dir='ltr'><strong>Prmtcrea</strong></span> <span class='ocrx_word' id='word_1_938' title='bbox 2559 5400 2840 5457; x_wconf 88' lang='lat' dir='ltr'><strong>discebant</strong></span> <span class='ocrx_word' id='word_1_939' title='bbox 2870 5400 2920 5453; x_wconf 88' lang='lat' dir='ltr'><strong>in</strong></span> <span class='ocrx_word' id='word_1_940' title='bbox 2954 5398 3194 5469; x_wconf 84' lang='lat' dir='ltr'><strong>principe</strong></span> <span class='ocrx_word' id='word_1_941' title='bbox 3228 5399 3345 5466; x_wconf 80' lang='lat' dir='ltr'><strong>plus</strong></span> <span class='ocrx_word' id='word_1_942' title='bbox 3382 5401 3548 5450; x_wconf 79' lang='lat' dir='ltr'><strong>mise-</strong></span> 
     </span>
    </p>
   </div>
   <div class='ocr_carea' id='block_1_117' title="bbox 1945 5489 3547 5569">
    <p class='ocr_par' dir='ltr' id='par_1_117' title="bbox 1945 5489 3547 5569">
     <span class='ocr_line' id='line_1_117' title="bbox 1945 5489 3547 5569; baseline -0.01 -11"><span class='ocrx_word' id='word_1_943' title='bbox 1945 5502 2193 5558; x_wconf 61' lang='lat' dir='ltr'><strong>ricordias</strong></span> <span class='ocrx_word' id='word_1_944' title='bbox 2218 5496 2416 5569; x_wconf 89' lang='lat' dir='ltr'><strong>requiri</strong></span> <span class='ocrx_word' id='word_1_945' title='bbox 2449 5515 2462 5552; x_wconf 88' lang='lat'><strong>:</strong></span> <span class='ocrx_word' id='word_1_946' title='bbox 2490 5497 2617 5551; x_wconf 85' lang='lat' dir='ltr'><strong>item</strong></span> <span class='ocrx_word' id='word_1_947' title='bbox 2644 5491 3028 5549; x_wconf 85' lang='lat' dir='ltr'><strong>ostendebatur</strong></span> <span class='ocrx_word' id='word_1_948' title='bbox 3049 5489 3297 5559; x_wconf 88' lang='lat' dir='ltr'><strong>spiritum</strong></span> <span class='ocrx_word' id='word_1_949' title='bbox 3328 5505 3547 5559; x_wconf 80' lang='lat' dir='ltr'><strong>propter</strong></span> 
     </span>
    </p>
   </div>
   <div class='ocr_carea' id='block_1_118' title="bbox 1944 5583 3545 5651">
    <p class='ocr_par' dir='ltr' id='par_1_118' title="bbox 1944 5583 3545 5651">
     <span class='ocr_line' id='line_1_118' title="bbox 1944 5583 3545 5651; baseline -0.007 0"><span class='ocrx_word' id='word_1_950' title='bbox 1944 5592 2371 5651; x_wconf 89' lang='lat' dir='ltr'><strong>misericordiam</strong></span> <span class='ocrx_word' id='word_1_951' title='bbox 2393 5599 2675 5645; x_wconf 88' lang='lat' dir='ltr'><strong>venturmn</strong></span> <span class='ocrx_word' id='word_1_952' title='bbox 2696 5601 2815 5641; x_wconf 88' lang='lat' dir='ltr'><strong>esse</strong></span> <span class='ocrx_word' id='word_1_953' title='bbox 2846 5585 2897 5639; x_wconf 91' lang='lat' dir='ltr'><strong>in</strong></span> <span class='ocrx_word' id='word_1_954' title='bbox 2923 5583 3217 5637; x_wconf 89' lang='lat' dir='ltr'><strong>hominem.</strong></span> <span class='ocrx_word' id='word_1_955' title='bbox 3241 5583 3381 5638; x_wconf 86' lang='lat' dir='ltr'><strong>Deus</strong></span> <span class='ocrx_word' id='word_1_956' title='bbox 3399 5585 3545 5640; x_wconf 83' lang='lat' dir='ltr'><strong>enim</strong></span> 
     </span>
    </p>
   </div>
   <div class='ocr_carea' id='block_1_119' title="bbox 1946 5676 3555 5749">
    <p class='ocr_par' dir='ltr' id='par_1_119' title="bbox 1946 5676 3555 5749">
     <span class='ocr_line' id='line_1_119' title="bbox 1946 5676 3555 5749; baseline -0.007 -7"><span class='ocrx_word' id='word_1_957' title='bbox 1946 5687 2226 5742; x_wconf 89' lang='lat' dir='ltr'><strong>hominum</strong></span> <span class='ocrx_word' id='word_1_958' title='bbox 2267 5683 2580 5747; x_wconf 82' lang='lat' dir='ltr'><strong>miseretur,</strong></span> <span class='ocrx_word' id='word_1_959' title='bbox 2610 5689 2665 5736; x_wconf 90' lang='lat' dir='ltr'><strong>et</strong></span> <span class='ocrx_word' id='word_1_960' title='bbox 2693 5678 2924 5747; x_wconf 87' lang='lat' dir='ltr'><strong>benigne</strong></span> <span class='ocrx_word' id='word_1_961' title='bbox 2951 5690 3073 5731; x_wconf 88' lang='lat' dir='ltr'><strong>eum</strong></span> <span class='ocrx_word' id='word_1_962' title='bbox 3118 5676 3248 5745; x_wconf 90' lang='lat' dir='ltr'><strong>ipsis</strong></span> <span class='ocrx_word' id='word_1_963' title='bbox 3271 5677 3417 5749; x_wconf 87' lang='lat' dir='ltr'><strong>agit:</strong></span> <span class='ocrx_word' id='word_1_964' title='bbox 3450 5676 3555 5731; x_wconf 74' lang='lat' dir='ltr'><strong>Mi-</strong></span> 
     </span>
    </p>
   </div>
   <div class='ocr_carea' id='block_1_120' title="bbox 1945 5768 3541 5842">
    <p class='ocr_par' dir='ltr' id='par_1_120' title="bbox 1945 5768 3541 5842">
     <span class='ocr_line' id='line_1_120' title="bbox 1945 5768 3541 5842; baseline -0.006 -8"><span class='ocrx_word' id='word_1_965' title='bbox 1945 5780 2125 5835; x_wconf 86' lang='lat' dir='ltr'><strong>sereris</strong></span> <span class='ocrx_word' id='word_1_966' title='bbox 2149 5777 2283 5832; x_wconf 83' lang='lat' dir='ltr'><strong>enim</strong></span> <span class='ocrx_word' id='word_1_967' title='bbox 2324 5775 2548 5829; x_wconf 86' lang='lat' dir='ltr'><strong>omnium</strong></span> <span class='ocrx_word' id='word_1_968' title='bbox 2569 5815 2584 5839; x_wconf 95' lang='lat'><strong>,</strong></span> <span class='ocrx_word' id='word_1_969' title='bbox 2616 5772 2818 5842; x_wconf 90' lang='lat' dir='ltr'><strong>inquit,</strong></span> <span class='ocrx_word' id='word_1_970' title='bbox 2849 5770 2967 5839; x_wconf 89' lang='lat' dir='ltr'><strong>quia</strong></span> <span class='ocrx_word' id='word_1_971' title='bbox 2996 5768 3167 5823; x_wconf 89' lang='lat' dir='ltr'><strong>omnia</strong></span> <span class='ocrx_word' id='word_1_972' title='bbox 3198 5779 3340 5838; x_wconf 73' lang='lat' dir='ltr'><strong>potes</strong></span> <span class='ocrx_word' id='word_1_973' title='bbox 3383 5768 3541 5839; x_wconf 85' lang='lat' dir='ltr'><strong>(Sap.</strong></span> 
     </span>
    </p>
   </div>
   <div class='ocr_carea' id='block_1_121' title="bbox 1947 5862 3547 5945">
    <p class='ocr_par' dir='ltr' id='par_1_121' title="bbox 1947 5862 3547 5945">
     <span class='ocr_line' id='line_1_121' title="bbox 1947 5862 3547 5945; baseline -0.006 -15"><span class='ocrx_word' id='word_1_974' title='bbox 1947 5875 2033 5930; x_wconf 82' lang='lat' dir='ltr'><strong>ll.</strong></span> <span class='ocrx_word' id='word_1_975' title='bbox 2062 5872 2180 5945; x_wconf 68' lang='lat' dir='ltr'><strong>2t).</strong></span> <span class='ocrx_word' id='word_1_976' title='bbox 2210 5871 2500 5940; x_wconf 77' lang='lat' dir='ltr'><strong>Propterea</strong></span> <span class='ocrx_word' id='word_1_977' title='bbox 2525 5866 2646 5923; x_wconf 90' lang='lat' dir='ltr'><strong>oleo</strong></span> <span class='ocrx_word' id='word_1_978' title='bbox 2677 5864 3090 5936; x_wconf 79' lang='lat' dir='ltr'><strong>inungcbantnr.</strong></span> <span class='ocrx_word' id='word_1_979' title='bbox 3126 5862 3257 5918; x_wconf 70' lang='lat' dir='ltr'><strong>Nam</strong></span> <span class='ocrx_word' id='word_1_980' title='bbox 3288 5871 3341 5919; x_wconf 90' lang='lat' dir='ltr'><strong>et</strong></span> <span class='ocrx_word' id='word_1_981' title='bbox 3368 5878 3547 5920; x_wconf 82' lang='lat' dir='ltr'><strong>sacer-</strong></span> 
     </span>
    </p>
   </div>
  </div>
