4170 6492
648 349 745 406 211

599 481 619 507 9
654 464 858 518 «lotium
892 462 1066 534 ipsum
1093 480 1156 520 ex
1191 465 1554 521 misericordia
1581 465 1830 520 instituit.
1864 465 2056 519 Verum
2088 481 2242 533 reges

654 566 815 610 etiam
838 557 959 612 oleo
983 557 1402 627 'inungebantur.
1424 557 1492 612 Et
1511 557 1553 612 si
1577 559 1696 628 quis
1720 557 2012 628 principem
2040 556 2241 624 laudet,

653 648 784 702 nihil
812 647 951 718 quod
983 663 1136 716 aeque
1163 650 1333 719 ipsum
1365 648 1550 705 deceat
1578 649 1792 713 afferet,
1825 664 1889 704 ac
1937 651 2243 704 misericor-

651 739 792 792 diam
820 757 832 793 :
865 739 1195 811 principatus
1211 743 1352 796 enim
1387 743 1661 812 proprium
1681 752 1762 798 est
1781 743 2041 799 misereri.
2059 743 2242 812 Cogita

653 846 717 884 ex
762 831 1125 887 tttisericordia
1168 848 1288 888 esse
1316 834 1590 890 conditum
1624 835 1880 889 mundum
1905 878 1919 901 ,
1949 845 2004 890 et
2033 835 2244 888 imitare

657 921 963 976 Dominttm.
987 923 1271 990 Miseratio,
1307 927 1500 996 inquit,
1526 927 1744 981 hominis
1780 928 1914 980 circa
1956 927 2242 996 proximum

649 1030 798 1066 suum
817 1029 832 1066 :
851 1014 1196 1069 misericordia
1213 1028 1379 1070 autem
1402 1017 1494 1071 Dei
1509 1035 1660 1088 super
1675 1035 1871 1071 omnem
1889 1033 2088 1070 carnem
2115 1014 2243 1086 (Ec-

650 1107 734 1158 rli.
753 1106 955 1175 18.12).
971 1107 1274 1173 Quomodo,
1292 1109 1463 1180 Super
1479 1125 1682 1164 onmem
1701 1109 1947 1164 carnem?
1969 1109 2094 1164 Sive
2117 1125 2243 1177 pec-

652 1207 886 1262 ratores,
916 1199 1029 1252 sive
1055 1198 1232 1268 justos
1263 1201 1546 1269 protuleris
1572 1241 1588 1266 ,
1618 1215 1808 1255 omnes
1830 1216 2052 1270 egemus
2079 1201 2244 1255 mise-

653 1288 881 1342 ricordia
905 1291 1018 1354 Dei,
1043 1307 1231 1346 onmes
1253 1292 1366 1362 ipea
1391 1292 1636 1357 fruimur,
1662 1291 1775 1346 sive
1798 1294 1912 1362 ipse
1931 1293 1999 1345 sit
2026 1291 2242 1352 Paulus,

653 1380 768 1434 sive
793 1382 1000 1446 Petrus,
1026 1384 1139 1438 sive
1159 1383 1412 1438 Joannes.
1440 1385 1613 1454 Atque
1630 1385 1755 1439 audi
1780 1385 2014 1452 ipsorum
2040 1383 2200 1439 verba
2227 1401 2242 1438 :

654 1473 781 1542 qttid
810 1476 950 1527 enim
982 1477 1178 1530 nostris
1199 1491 1333 1544 Opus
1354 1480 1477 1530 est?
1515 1477 1649 1543 Quid
1683 1477 1842 1547 igitur
1863 1477 2028 1546 inquit
2060 1477 2247 1531 beatus

656 1563 781 1618 hic?
803 1561 908 1618 Sed
932 1565 1328 1619 misericordiam
1351 1579 1685 1636 consequutus
1707 1585 1838 1632 sum,
1861 1570 1979 1638 quia
2004 1569 2248 1639 ignorans

655 1655 753 1724 feci
784 1656 870 1723 (1.
907 1655 1038 1710 Tim.
1076 1659 1124 1711 1.
1161 1659 1285 1728 13).
1331 1659 1466 1724 Quid
1497 1661 1668 1726 ergo?
1697 1668 1877 1727 postea
1916 1675 2020 1713 non
2057 1662 2247 1727 egebat

655 1747 1023 1801 miserit-ordia
1046 1747 1070 1800 ἲ
1100 1749 1234 1802 Audi
1259 1749 1384 1819 qttid
1407 1749 1547 1804 dicat
1574 1767 1586 1802 ε
1619 1749 1974 1804 Abundantius
2005 1751 2106 1804 illis
2133 1766 2235 1802 om~

655 1840 802 1892 nibus
832 1839 1059 1893 laboravi
1082 1882 1097 1903 ,
1130 1857 1230 1894 non
1269 1859 1360 1912 ego
1387 1853 1585 1906 autent,
1619 1843 1708 1896 sed
1733 1844 1899 1912 gratia
1929 1841 2023 1896 Dei
2053 1859 2246 1896 mecum

657 1931 732 2004 (l.
768 1930 888 1988 Cor.
924 1935 1011 1988 15.
1043 1933 1164 2006 10);
1199 1950 1262 1990 ac
1291 1951 1476 1990 rursus
1514 1935 1581 1989 de
1621 1935 1988 2005 Epaphrodito
2034 1937 2244 2005 inquit,

656 2024 796 2078 Nam
823 2037 869 2079 et
910 2027 1196 2094 inﬁrmatus
1225 2037 1296 2082 est
1327 2045 1482 2098 usque
1505 2029 1572 2081 ad
1604 2039 1811 2082 mortem
1831 2070 1844 2091 ,
1873 2029 1964 2082 sed
1995 2027 2129 2082 Deus
2154 2029 2247 2081 uti-

652 2130 812 2172 sertus
840 2129 911 2171 est
945 2120 1073 2189 ejus,
1106 2137 1207 2172 non
1236 2119 1400 2173 solum
1429 2129 1595 2173 autent
1621 2122 1732 2189 eius
1755 2161 1770 2184 ,
1805 2136 1978 2174 rerum
2004 2121 2157 2172 etiam
2199 2130 2248 2174 et

655 2211 756 2262 mei
776 2251 790 2272 ,
823 2227 886 2263 ne
911 2211 1168 2263 tristitiam
1205 2227 1358 2280 super
1384 2212 1643 2264 tristitiam
1686 2209 1920 2266 haberent
1965 2211 1984 2280 (
2011 2209 2244 2281 Philipp.

655 2301 712 2355 2.
743 2300 870 2370 27);
901 2313 951 2355 et
983 2316 1170 2355 rursus
1193 2343 1208 2366 ,
1242 2301 1472 2365 Craeati,
1509 2302 1713 2373 inquit,
1745 2319 1920 2357 sumus
1946 2319 2105 2371 supra
2133 2319 2246 2355 mo-

657 2391 800 2449 dum.
829 2395 902 2444 ita
927 2401 979 2444 ut
1009 2392 1213 2445 traderet
1239 2409 1330 2446 nos
1357 2396 1505 2446 etiam
1531 2395 1712 2446 vivere.
1747 2393 1855 2448 Sed
1881 2395 1979 2464 ipsi
2005 2395 2056 2446 in
2079 2395 2250 2448 nobis-

656 2486 886 2553 tuetipsis
925 2501 1224 2554 responsum
1271 2486 1446 2539 mortis
1494 2485 1798 2552 habuimus,
1854 2495 1908 2539 ut
1948 2503 2048 2540 non
2091 2487 2249 2540 simus

656 2576 869 2646 fidentes
890 2577 941 2630 in
984 2575 1158 2638 nobis,
1199 2578 1289 2630 sed
1326 2577 1376 2629 in
1417 2575 1528 2630 Deo
1551 2619 1564 2642 ,
1607 2579 1694 2648 qui
1719 2578 1782 2631 de
1821 2580 1975 2632 tantis
2004 2578 2249 2633 mortibus

655 2669 841 2736 eripuit
873 2685 981 2730 nos,
1009 2679 1054 2721 et
1084 2669 1259 2736 eripiet
1281 2669 1360 2737 (‘2.
1381 2667 1499 2723 Cor.
1533 2670 1579 2723 l.
1610 2671 1664 2724 8.
1687 2670 1850 2738 9-10)
1879 2686 1896 2734 ς
1941 2679 1996 2725 et
2019 2685 2207 2725 rursus
2231 2711 2246 2736 ,

657 2758 922 2813 Liberatus
952 2776 1062 2812 sum
1089 2760 1153 2812 de
1178 2776 1265 2813 ore
1287 2761 1448 2814 leonis
1471 2801 1487 2825 ,
1535 2772 1583 2814 et
1617 2762 1846 2816 liberavit
1887 2777 1968 2816 tne
1999 2761 2249 2816 Dominus

657 2850 738 2918 (2.
769 2849 900 2904 Tim.
925 2851 980 2906 4.
1019 2851 1100 2906 17.
1133 2851 1245 2920 18).
1279 2853 1454 2922 Atque
1475 2853 1674 2922 ubique
1704 2854 1876 2924 ipsunt
1909 2855 2249 2910 inveniemus

657 2941 711 2997 id
739 2942 1094 3012 gloriantem,
1127 2943 1268 3012 quod
1302 2945 1670 3000 misericordia
1707 2946 1934 3002 salutem
1961 2946 2032 3000 sit
2059 2961 2255 3002 consc-

657 3045 874 3105 qnttttts.

729 3127 781 3180 5.
815 3128 971 3197 Atqui
1019 3128 1210 3183 Petrus
1247 3127 1432 3194 etiam,
1479 3144 1546 3184 eo
1567 3129 1710 3201 quod
1753 3129 1806 3185 in
1836 3130 2010 3200 ipsum
2039 3131 2252 3186 miscri-

655 3218 836 3274 cordia
868 3218 1060 3273 fuisset
1081 3217 1320 3272 adhibita
1341 3259 1356 3285 ,
1396 3219 1517 3272 talis
1562 3228 1696 3274 erat.
1731 3219 1871 3275 Audi
1914 3226 2058 3276 enim
2087 3221 2242 3276 Chri-

656 3322 798 3367 stum
827 3312 930 3364 hoc
958 3311 1059 3381 ipsi
1084 3309 1262 3365 verbis
1293 3310 1398 3364 illis
1424 3309 1818 3380 significantem
1844 3329 1859 3366 :
1888 3311 2021 3365 Ecce
2040 3322 2248 3369 satanas

656 3403 896 3472 expetivit
926 3417 1013 3455 vos
1045 3409 1097 3452 ut
1128 3399 1372 3455 eribraret
1409 3402 1539 3454 sicut
1569 3401 1792 3455 triticum
1812 3417 1832 3466 ,°
1851 3418 1945 3472 ego
1972 3411 2140 3456 autent
2163 3420 2249 3458 ro-

655 3497 768 3565 gavi
790 3511 882 3564 pro
907 3505 975 3558 te;
1001 3501 1054 3545 ut
1071 3508 1171 3546 non
1202 3491 1404 3562 deﬁciat
1427 3491 1556 3560 ﬁdes
1581 3502 1667 3546 tua
1698 3492 1846 3564 (Luc.
1867 3493 1958 3549 22.
1987 3495 2075 3550 51.
2103 3494 2173 3548 52
2204 3497 2241 3563 ).

656 3588 724 3643 Ει
745 3587 980 3642 Joannes
1008 3585 1374 3639 misericordia
1408 3585 1526 3639 talis
1555 3595 1670 3640 erat
1695 3601 1710 3650 ;
1739 3596 1897 3656 atque
1921 3601 2112 3640 omnes
2130 3602 2248 3640 om-

660 3680 790 3734 ttino
821 3676 1074 3746 apostoli.
1124 3675 1262 3730 Attdi
1291 3677 1432 3730 enim
1463 3676 1589 3747 qttid
1617 3675 1864 3732 Christus
1889 3677 2066 3732 dicat:
2122 3675 2245 3731 Non

658 3787 742 3824 vos
765 3787 843 3823 me
866 3770 1103 3840 elegistis,
1131 3771 1220 3824 sed
1244 3785 1336 3840 ego
1363 3768 1491 3838 elegi
1519 3785 1605 3822 vos
1627 3768 1807 3838 (Joau.
1837 3770 1925 3824 15.
1951 3770 2020 3824 16
2047 3768 2088 3840 ).
2120 3769 2247 3822 0m-

656 3878 755 3916 nes
802 3861 943 3914 enim
992 3875 1213 3930 egemus
1263 3859 1633 3913 misericordia
1690 3859 1819 3913 Dei:
1892 3858 2246 3914 Misericordia

655 3953 787 4006 enim
823 3951 959 4014 Dei,
996 3951 1170 4021 inqttit
1191 3991 1207 4011 ,
1244 3965 1394 4019 super
1410 3964 1609 4002 onmem
1638 3964 1864 4002 carnem.
1904 3949 2054 4016 Quod
2084 3953 2127 4004 si
2157 3953 2243 4006 isti

655 4057 868 4115 quoque
907 4043 1138 4112 egebant
1179 4039 1551 4094 misericordia
1583 4038 1710 4104 Dei,
1757 4040 1884 4110 quid
1934 4043 2147 4097 tandem
2177 4045 2246 4100 de

653 4137 865 4192 czeteris
891 4134 1180 4190 dicendum
1207 4131 1345 4187 erit?
1371 4130 1570 4201 Ecquid
1601 4131 1744 4185 enim
1775 4131 1940 4198 aliud,
1965 4134 2051 4187 die
2079 4134 2241 4198 mihi,

652 4243 830 4283 causa:
858 4235 960 4287 est,
990 4238 1086 4278 cur
1111 4222 1285 4277 solem
1329 4220 1523 4274 exoriri
1572 4219 1732 4275 faciat
1763 4237 1928 4292 super
1970 4223 2142 4280 malos
2188 4234 2245 4280 et

655 4323 826 4376 honos
843 4320 868 4372 ’ἒ
893 4316 1071 4385 Quid?
1093 4315 1136 4369 si
1160 4329 1323 4368 unttm
1352 4314 1630 4369 dumtaxat
1652 4331 1850 4369 annum
1884 4315 2115 4385 pluviam
2145 4332 2242 4373 co-

657 4413 956 4470 hibuisset,
991 4421 1171 4461 nonne
1199 4422 1390 4460 omnes
1429 4407 1789 4476 peremisset?
1833 4407 1959 4476 qttid
1990 4423 2150 4469 vero.
2195 4411 2242 4464 si

656 4503 857 4558 imbres
883 4499 1202 4554 densasset?
1226 4498 1330 4555 Sed
1353 4498 1476 4568 quid
1501 4500 1543 4552 si
1569 4499 1790 4570 pluisset
1809 4500 2022 4570 ignem?
2043 4500 2088 4555 si
2108 4517 2245 4556 mus-

653 4609 746 4650 cas
789 4591 1132 4656 inmisisset;
1183 4589 1278 4646 sed
1321 4589 1448 4660 quid
1495 4590 1598 4644 hoc
1648 4590 1854 4645 all'ero?
1892 4590 1938 4644 si
1991 4590 2245 4646 tenebras

657 4686 974 4749 induxisset,
997 4681 1138 4752 quod
1159 4680 1447 4751 aliquando
1474 4680 1618 4747 fecit,
1648 4697 1828 4737 nonne
1850 4696 2040 4737 omnes
2066 4683 2244 4750 perdi-

649 4781 818 4836 disset
839 4779 862 4832 ?
881 4778 927 4833 si
961 4785 1157 4830 terram
1178 4774 1580 4838 concessisset,
1611 4788 1790 4828 nonne
1818 4773 2105 4843 periissent
2125 4789 2244 4829 om-

651 4871 788 4926 nes?
818 4868 955 4936 Quid
975 4876 1048 4920 est
1075 4866 1244 4928 homo,
1270 4863 1405 4934 quod
1423 4879 1614 4917 memor
1633 4879 1684 4917 es
1708 4864 1818 4934 ejus
1846 4862 2018 4935 (Psal.
2044 4864 2099 4920 8.
2124 4865 2185 4934 5)
2217 4864 2241 4920 3

649 4966 966 5034 Opportune
993 4973 1135 5014 nunc
1162 4959 1386 5012 dixero:
1425 4957 1481 5012 Si
1515 4959 1594 5011 vel
1628 4967 1785 5011 terra:
1816 4955 2094 5012 minitetur
2122 4966 2241 5011 tan-

652 5069 788 5118 tum,
819 5068 1008 5109 omnes
1037 5066 1198 5106 nuutn
1227 5049 1530 5120 sepulcrum
1562 5049 1708 5103 llettt.
1743 5049 1902 5116 Quasi
1929 5049 2067 5102 stilla
2092 5064 2239 5118 aqua

649 5149 713 5200 de
753 5143 926 5206 situla,
957 5142 1123 5211 inquit
1151 5182 1168 5208 ,
1213 5141 1283 5194 ita
1311 5150 1480 5209 gentes
1505 5156 1676 5194 coram
1697 5141 1849 5211 ipso:
1877 5140 2026 5210 quasi
2056 5157 2238 5211 spuma

648 5237 1040 5307 reputabuntur,
1071 5233 1216 5303 quasi
1253 5243 1556 5287 momentum
1576 5242 1779 5287 statertz
1820 5231 1976 5302 (lsai.
2004 5230 2094 5286 40.
2121 5230 2231 5300 15).

648 5329 1111 5402 Quemadmodum
1132 5328 1284 5382 nobis
1310 5328 1462 5384 facile
1490 5340 1572 5384 est
1600 5330 1853 5385 trutinam
1885 5344 2102 5384 movere
2128 5347 2141 5382 :
2163 5329 2233 5383 ita

651 5426 751 5494 ipsi
784 5423 962 5476 omnia
995 5420 1240 5491 perdere,
1272 5436 1333 5475 ac
1364 5421 1432 5475 de
1454 5422 1663 5491 integro
1688 5423 1882 5476 facere.
1937 5421 2038 5488 Qui
2070 5421 2231 5490 igitur

649 5527 756 5568 tam
778 5516 947 5567 uosin
973 5527 1065 5567 sua
1097 5521 1358 5580 potestate
1381 5510 1560 5577 habet,
1594 5526 1658 5567 ac
1677 5512 1820 5566 videt
1841 5511 2078 5580 quotidie
2109 5525 2230 5579 pec-

646 5613 849 5668 cantes,
887 5617 984 5657 nec
1010 5612 1186 5655 tamen
1220 5602 1391 5670 pttnit,
1421 5617 1598 5656 nonne
1623 5602 1724 5657 fert
1745 5618 1807 5656 ex
1838 5601 2231 5656 misericordia?

646 5695 752 5749 Sed
797 5694 918 5749 vide
951 5694 1110 5748 etiam
1152 5693 1394 5762 jumenta
1427 5709 1522 5762 per
1565 5692 1986 5748 misericordiam
2015 5705 2137 5747 esse
2177 5704 2230 5746 et

647 5789 868 5845 servari.
907 5785 1152 5841 Homines
1183 5786 1348 5850 enim,
1380 5785 1573 5858 inquit,
1605 5796 1652 5841 et
1694 5787 1918 5853 iuntenta
1969 5787 2185 5841 salrabis
2207 5826 2225 5854 ,

1330 352 1389 409 S.
1425 352 1704 410 JOANNIS
1733 351 2204 408 CllRYSOSTOMI
2245 350 2562 412 ARCIIIEP.
2602 358 3134 419 CONSTANTINOP.

3842 377 3946 432 2Ιῖ

2359 464 2576 522 Domine
2607 472 2626 540 (
2658 467 2801 526 Psal.
2836 475 2926 530 55.
2958 475 3054 546 7).
3105 477 3360 550 Respexit
3413 493 3643 554 terram,
3674 496 3730 544 et
3770 491 3938 560 ipsam

2353 561 2593 630 implevit
2643 565 2983 622 animalibus.
3027 570 3432 640 Quamobrem?
3481 578 3708 650 Drepter
3749 592 3832 638 te:
3891 597 3942 640 te

2351 671 2488 710 vero
2516 671 2614 710 cur
2640 655 2806 712 fecit?
2835 676 3015 717 nonne
3045 677 3264 734 prepter
3286 668 3578 725 bonitatem
3597 673 3622 724 ’ἒ
3650 673 3792 730 Nihil
3819 678 3942 733 oleo

2354 749 2586 803 melius:
2620 750 2756 805 lucis
2785 767 2943 808 causa
2971 767 3052 809 est
3083 767 3134 811 et
3165 758 3234 813 ibi
3265 768 3319 813 et
3351 760 3456 816 hic.
3493 763 3637 818 Tune
3659 768 3824 834 enim,
3856 770 3939 824 in.

2351 839 2466 906 quit
2499 841 2756 908 propheta
2784 884 2798 906 ,
2841 847 3094 899 exorietur
3119 866 3266 902 mane
3296 851 3464 906 lumen
3494 865 3637 909 tuum
3665 857 3818 923 (Isai.
3851 861 3949 929 58,

2352 930 2385 984 8
2416 933 2455 1000 ),
2483 933 2526 985 si
2559 934 2982 992 misericordiam
3011 956 3132 1008 erga
3157 946 3459 1011 proximum
3489 952 3807 1018 prazstiteris
3833 974 3849 1011 :
3878 971 3943 1010 ac

2353 1023 2547 1075 merito
2598 1025 2840 1093 qnidetn.
2894 1029 3357 1095 Quemadmodum
3413 1039 3590 1094 oleum
3636 1042 3737 1098 hoc
3766 1044 3944 1101 lucem

2355 1115 2557 1183 pmshet
2587 1118 2979 1186 navigantibus,
3013 1125 3081 1177 ita
3105 1136 3159 1179 et
3188 1129 3532 1202 eleentosyna
3554 1150 3806 1206 magnum
3835 1139 3946 1195 illic

2353 1216 2400 1260 el
2437 1207 2754 1265 admirabile
2783 1213 2937 1268 nobis
2974 1216 3201 1286 largitur
3227 1220 3431 1276 lumen.
3488 1225 3636 1280 Talis
3667 1229 3770 1284 olei
3826 1247 3946 1285 rna-

2283 1365 2288 1369 _
2352 1313 2508 1367 gnam
2533 1300 2689 1355 habet
2714 1304 2975 1361 rationem
2997 1308 3215 1365 Paulus:
3234 1315 3355 1368 audi
3373 1316 3515 1370 enim
3542 1319 3807 1376 interdum
3826 1326 3947 1394 qui-

2352 1391 2472 1446 dent
2522 1395 2810 1461 dicentem,
2843 1401 3060 1456 Tantum
3100 1413 3156 1456 ut
3202 1424 3484 1476 pauperum
3513 1429 3757 1470 memores
3803 1391 3944 1472 esse-

2353 1503 2464 1538 tnus
2513 1487 2654 1555 (Cal.
2681 1489 2734 1545 2.
2768 1491 2857 1562 10)
2883 1509 2896 1558 ;
2931 1495 3195 1551 interdtun
3239 1515 3367 1555 vero
3386 1544 3401 1568 ,
3432 1503 3494 1558 Si
3514 1506 3721 1575 dignum
3749 1509 3944 1578 fuerit,

2353 1589 2403 1629 ut
2431 1595 2520 1648 ego
2550 1583 2736 1648 eam.“
2769 1581 2890 1637 Cor.
2924 1587 3007 1641 16.
3051 1588 3127 1658 4).
3184 1588 3523 1663 Omninoque
3565 1596 3738 1666 ipsum
3793 1601 3945 1656 vides

2355 1671 2553 1740 ubique
2582 1676 2828 1729 omnibus
2859 1679 3031 1734 modis
3062 1680 3198 1737 hanc
3227 1699 3340 1738 rem
3369 1687 3603 1744 sollicite
3629 1705 3842 1748 curare.
3877 1694 3946 1749 Et

2353 1775 2558 1826 rursus,
2597 1763 2808 1819 Discant
2835 1780 3000 1822 autem
3016 1782 3062 1824 et
3092 1775 3251 1828 nostri
3271 1775 3415 1831 battis
3436 1780 3672 1848 operibus
3699 1800 3948 1851 putasse;

2353 1862 2406 1907 ct
2445 1870 2664 1915 rursus.
2729 1859 2852 1914 Herc
2887 1863 3019 1916 enim
3061 1877 3180 1919 sunt
3218 1866 3350 1922 bona
3389 1881 3436 1924 et
3478 1873 3625 1927 utilia
3658 1875 3949 1934 hominibus

2354 1942 2498 2013 (Tit.
2533 1948 2586 2000 5.
2622 1949 2705 2004 14.
2737 1950 2770 2005 8
2800 1951 2819 2022 )
2881 1954 3017 2010 Audi
3067 1972 3196 2012 vero
3235 1968 3289 2013 et
3343 1961 3507 2016 alium
3538 1967 3822 2034 quemdam
3874 1970 3948 2024 ita

2354 2035 2621 2129 dicentem
2649 2085 2660 2101 ,
2710 2041 3042 2116 Eleemosyna
3081 2065 3112 2101 a
3155 2062 3313 2104 morte
3338 2053 3515 2108 liberat
3548 2055 3696 2126 (Tob.
3729 2059 3814 2113 12.
3847 2060 3944 2129 9);

2356 2135 2411 2180 et
2436 2127 2618 2192 alium,
2655 2130 2718 2186 Si
2744 2134 3146 2192 misericordiam
3178 2147 3468 2210 removeris,
3494 2143 3726 2212 Domine,
3762 2127 3954 2204 Domi-

2354 2234 2434 2283 ne,
2455 2222 2568 2290 quis
2593 2225 2890 2279 sustinebit?
2914 2237 2969 2282 et
2987 2245 3193 2298 rursus,
3216 2234 3276 2288 Si
3296 2237 3470 2302 intres,
3503 2239 3692 2308 inquit,
3721 2241 3774 2294 in
3791 2244 3958 2313 judi-

2353 2309 2488 2365 cium
2549 2331 2663 2369 cum
2706 2334 2847 2371 servo
2896 2330 2981 2374 tuo
3034 2321 3208 2395 (Psal.
3243 2325 3372 2384 129.
3407 2327 3463 2384 5.
3494 2341 3538 2382 et
3570 2331 3686 2385 142.
3719 2333 3754 2386 2
3781 2309 3843 2404 i;
3899 2347 3960 2391 et

2354 2403 2514 2470 alius,
2547 2404 2796 2479 Magnum
2821 2413 3065 2479 quiddam
3086 2416 3252 2480 homo,
3288 2425 3338 2469 et
3367 2419 3671 2486 pra't'larum
3697 2403 3962 2480 virmise-

2355 2497 2513 2552 ricors
2544 2498 2742 2568 (Prov.
2765 2501 2856 2556 20.
2887 2504 2919 2558 6
2953 2505 2988 2573 ).
3028 2505 3139 2560 lloc
3179 2507 3322 2562 enim
3363 2520 3444 2563 est
3495 2511 3766 2568 hominem
3799 2531 3956 2582 esse,

2356 2589 2439 2644 vel
2462 2590 2638 2658 potius
2669 2591 2770 2648 hoc
2801 2605 2884 2649 cst
2904 2595 3067 2650 Deum
3095 2611 3236 2661 esse,
3271 2599 3537 2656 misereri.
3559 2601 3718 2659 Vides
3745 2622 3957 2675 quanta

2357 2679 2554 2736 divina:
2593 2684 2978 2741 misericordiae
3007 2689 3076 2742 sit
3105 2691 3385 2759 potentia?
3425 2691 3550 2749 ihrc
3574 2696 3751 2750 omnia
3782 2697 3920 2753 fecit
3941 2741 3955 2766 ,

2355 2771 2470 2829 lucc
2495 2776 2750 2831 mttudunt
2772 2778 3027 2844 condidit,
3050 2779 3164 2836 hasc
3185 2783 3405 2852 angelos
3437 2783 3560 2840 fecit
3581 2803 3597 2852 ;
3628 2801 3724 2856 per
3748 2788 3956 2857 solam,

2357 2866 2594 2936 inquam,
2616 2869 2933 2925 bonitatem.
2958 2873 3243 2943 Propterea
3262 2874 3405 2929 enim
3436 2877 3738 2946 gehennam
3772 2883 3960 2938 mina-

2358 2967 2441 3012 IIIS
2465 2969 2566 3024 (381,
2602 2969 2660 3015 ιιι
2688 2976 2912 3028 regnum
2935 2978 3316 3034 assequamur;
3349 2983 3570 3038 regnum
3598 2986 3727 3026 τοῖο
3753 2988 3961 3030 CDIISC-

2353 3051 2568 3120 quintur
2606 3068 2704 3122 per
2742 3054 3188 3111 misericordiam.
3219 3059 3330 3114 Cur
3353 3062 3496 3115 enim
3525 3077 3648 3118 cum
3682 3065 3832 3121 solus
3863 3082 3960 3121 es—

2355 3152 2436 3198 set
2471 3143 2643 3208 Deus,
2677 3157 2755 3200 tot
2779 3146 2911 3202 deos
2953 3148 3113 3202 fecit?
3143 3165 3324 3206 nonne
3354 3162 3571 3222 propter
3597 3153 3903 3211 bonitatem
3937 3159 3961 3212 ?

2356 3251 2534 3292 nonne
2558 3247 2776 3308 propter
2802 3238 3184 3309 benignitatem
3213 3251 3372 3312 atque
3400 3245 3790 3302 humanitatem
3819 3248 3845 3302 ἲ
3895 3249 3958 3304 Si

2352 3332 2650 3400 quaesieris,
2678 3347 2775 3387 cur
2799 3333 2919 3396 hoc,
2955 3334 3199 3388 curillttd
3231 3334 3439 3404 fecerit,
3469 3337 3668 3408 ubique
3696 3340 3960 3398 invenies

2355 3423 2670 3479 bonitatem.
2699 3423 2881 3496 Itaque
2911 3427 3275 3494 proximorum
3304 3417 3678 3495 misereantur,
3711 3433 3959 3487 utetiam

2353 3517 2405 3572 in
2434 3532 2532 3574 nos
2558 3518 2926 3574 misericordia
2945 3518 3278 3574 adhibeatur.
3301 3519 3416 3575 Non
3445 3521 3610 3592 magis
3639 3522 3768 3586 illis,
3785 3539 3960 3593 quam

2354 3609 2508 3666 nobis
2550 3611 2680 3680 ipsis
2708 3609 3016 3680 colligimus
3047 3611 3472 3666 misericordiam
3507 3614 3558 3666 in
3593 3612 3737 3669 diem
3769 3615 3957 3670 illum.

2354 3702 2453 3758 Ubi
2484 3703 2777 3758 vehemens
2807 3703 2966 3760 fuerit
2993 3704 3205 3759 ﬂamma
3236 3706 3393 3776 ignis,
3428 3707 3799 3763 misericordia
3830 3708 3964 3766 lsa-c

2353 3794 2530 3865 ignem
2557 3794 2774 3865 quidem
2801 3796 3104 3866 restinguit,
3139 3797 3468 3852 lucisantent
3489 3799 3642 3853 nobis
3660 3815 3824 3854 causa
3841 3811 3960 3857 est.

2354 3888 2428 3944 lta
2459 3889 2616 3957 hujus
2642 3903 2804 3959 opera
2845 3905 2873 3942 a
2901 3888 3161 3960 gehennae
3203 3890 3309 3960 igni
3352 3890 3735 3946 liberabimur:
3777 3907 3962 3949 (aL-te-

2353 3981 2543 4051 roqnin
2589 3981 2730 4036 unde
2771 3998 2866 4036 sua
2921 3982 3075 4037 vobis
3109 3983 3313 4038 viscera
3343 3984 3752 4054 aperietDeus?
3803 3988 3963 4042 unde

2355 4072 2736 4128 miserebitur?
2770 4073 2848 4127 Ex
2865 4074 3086 4128 caritate
3109 4075 3479 4131 misericordia
3501 4077 3767 4131 exoritur.
3806 4078 3962 4134 Nilt'l

2351 4165 2485 4218 adeo
2509 4163 2688 4224 irritat
2719 4165 2905 4229 Deum,
2950 4174 3109 4234 atque
3146 4165 3630 4222 itnmiserimrdem
3664 4182 3814 4224 esse.
3845 4170 3968 4226 Ob.

2353 4258 2490 4310 latus
2516 4265 2598 4311 est
2625 4257 2673 4312 ei
2701 4256 2986 4327 quispiam,
3015 4258 3104 4327 qui
3137 4257 3326 4313 decem
3355 4259 3518 4313 millia
3551 4261 3754 4316 talenta
3784 4263 3962 4318 delte~

2352 4351 2460 4413 bat,
2486 4359 2537 4404 et
2569 4349 2934 4403 misericordia
2961 4362 3136 4404 motus
3166 4351 3406 4406 debitum
3439 4354 3685 4409 remisit:
3723 4364 3785 4410 at
3825 4373 3963 4412 enm

2353 4443 2442 4498 hic
2471 4442 2610 4496 idem
2639 4458 2960 4497 conservum
2982 4444 3052 4498 ob
3075 4443 3285 4498 debitos
3320 4445 3420 4500 sibi
3442 4455 3657 4501 centum
3686 4449 3968 4505 denarios

2351 4534 2673 4601 suﬂ'oearet,
2724 4544 2849 4590 tunc
2871 4536 3087 4590 tradidit
3131 4552 3254 4591 eum
3302 4537 3561 4594 Dominus
3603 4541 3968 4608 tortoribus,

2353 4644 2632 4700 qttousqttc
2656 4629 2908 4685 redderet
2937 4629 3200 4686 debitum.
3235 4632 3359 4687 litec
3391 4633 3690 4701 audientes,
3726 4636 3970 4692 miseri-

2351 4720 2542 4776 cordes
2563 4721 2730 4776 simus
2760 4737 2884 4793 erga
2912 4721 3186 4780 debitores
3215 4724 3265 4779 in
3298 4725 3568 4794 peccatis:
3601 4741 3764 4780 nemo
3797 4725 3968 4798 inju-

2350 4814 2554 4870 riarnm
2591 4814 2660 4870 sit
2698 4830 2941 4881 memor,
2979 4816 3081 4871 nisi
3112 4816 3349 4887 seipsum
3393 4818 3591 4874 laedere
3619 4819 3772 4874 velit.
3832 4819 3969 4875 Non

2348 4906 2492 4961 enim
2516 4915 2720 4962 tantum
2749 4907 3009 4962 molestae
3031 4909 3105 4962 illi
3129 4907 3288 4964 affers
3316 4924 3421 4965 non
3450 4909 3752 4974 remittens,
3775 4927 3975 4982 quan-

2349 5010 2456 5054 tam
2481 5001 2574 5055 tibi
2628 5003 2726 5072 ipsi
2770 5003 2935 5058 infers
2962 5003 3232 5074 iujuriatn.
3286 5003 3414 5058 Nam
3449 5015 3501 5059 te
3530 5003 3749 5074 quidem
3791 5007 3972 5063 illum

2348 5104 2705 5164 persequente
2730 5136 2745 5162 ,
2797 5111 2903 5150 non
2938 5097 3276 5167 persequitur
3301 5097 3474 5152 Deus:
3509 5107 3560 5153 te
3590 5113 3720 5153 vero
3748 5097 3973 5156 dimit-

2348 5198 2512 5254 tente,
2532 5196 2623 5242 aut
2652 5189 2802 5243 illum
2825 5190 3164 5258 persequitur
3187 5189 3347 5256 Dens,
3376 5201 3466 5243 aut
3484 5199 3570 5243 tua
3601 5191 3693 5244 tibi
3715 5190 3976 5249 dimittit

2347 5291 2586 5349 peccata.
2618 5280 2896 5347 Quomodo
2917 5289 3094 5335 autem
3119 5322 3132 5346 ,
3161 5281 3262 5336 nisi
3293 5289 3347 5334 tu
3378 5281 3618 5336 remittas
3650 5284 3933 5350 proximo
3956 5327 3973 5352 ,

2344 5375 2409 5429 ad
2441 5391 2662 5444 regnum
2676 5373 2919 5443 aspiras?
2947 5374 3063 5442 Quo
3081 5373 3294 5444 quidem
3309 5375 3506 5430 damno
3525 5389 3592 5430 ne
3608 5373 3970 5444 afficiamur,

2347 5466 2684 5520 remittamus
2709 5466 2995 5531 omnibus;
3044 5465 3199 5521 nobis
3227 5466 3370 5520 enim
3401 5466 3530 5535 ipsis
3559 5467 3920 5526 remittimus
3956 5491 3973 5527 :

2343 5557 2730 5620 condonamus,
2759 5565 2817 5610 ut
2837 5555 2992 5610 nobis
3021 5554 3291 5610 condonet
3318 5554 3460 5610 Deus
3484 5566 3702 5626 peccata
3725 5571 3976 5630 nostra,

2341 5660 2500 5721 atque
2527 5649 2596 5704 ita
2621 5648 2809 5704 futuris
2834 5649 3099 5720 patiamur
3124 5648 3299 5716 bonis,
3329 5657 3432 5703 etc.
