4170 6488
280 314 376 373 9."

279 425 526 492 δικαίους
548 427 734 501 εἴπῃς,
770 429 976 495 πάντες
995 430 1088 485 τοῦ
1105 433 1290 500 ἐλέους
1316 435 1413 490 τοῦ
1437 434 1574 489 Θεοῦ
1605 436 1837 508 δεόμεθα
1857 452 1872 465 ·

281 517 483 582 πάντες
516 516 870 589 ἀπολαύομεν
899 518 1089 586 αὑτοῦ,
1117 521 1224 575 κᾶν
1245 520 1466 596 αύτδςῇ
1496 523 1732 588 Παῦλος,
1764 523 1870 578 κᾶν

280 606 510 679 Πέτρος,
563 607 668 660 κᾶν
718 607 997 678 Ἰωάννης.
1029 609 1142 663 Καὶ
1188 610 1423 664 ἄκουσον
1465 611 1646 665 αὐτῶν
1685 611 1877 682 λεγόν-

276 709 418 746 τωνο
460 693 616 747 οὐδὲν
663 692 772 766 γὰρ
823 693 906 748 δεῖ
931 695 1111 765 λόγων
1149 697 1261 751 τῶν
1289 699 1598 768 ἡμετέρων.
1648 699 1714 752 Τί
1766 700 1876 772 γάρ

277 797 448 849 φησιν
470 783 498 835 0
521 781 792 853 μακάριος
807 775 1000 850 οὗτοςς
1036 783 1190 838 Ἀλλ’
1221 784 1510 853 ἠλεήθην,
1529 785 1619 839 ὅτι
1640 786 1876 856 ἀγνοῶν

277 870 568 938 ἐποίησα.
611 870 678 924 Τί
729 866 859 936 οῦνς
903 871 1044 941 μετὰ
1087 857 1263 927 ταῦτά
1303 873 1403 928 οὐκ
1433 874 1607 928 ἐδεῖτο
1651 875 1870 939 ἐλέους;

281 959 553 1014 ’Δκουσον
578 959 630 1013 τί
654 977 790 1032 φησι
816 960 978 1014 πάλιν
999 977 1012 990 ·
1038 965 1484 1030 Περισσότερον
1500 962 1702 1018 αὐτῶν
1730 963 1876 1018 πάν-

277 1032 396 1102 των
436 1047 760 1115 ἐκοπίασα,
813 1051 926 1105 οὐκ
978 1050 1095 1120 ἐγὼ
1147 1049 1236 1117 δὲ,
1296 1051 1436 1106 ἀλλ’
1472 1052 1511 1120 ἡ
1542 1050 1716 1121 χάρις
1766 1051 1874 1106 τοῦ

279 1138 430 1193 Θεοῦ
462 1140 501 1208 ή
534 1137 661 1194 σὺν
696 1139 848 1207 ἐμοί.
895 1140 1006 1193 Καὶ
1056 1140 1186 1212 περὶ
1243 1139 1644 1213 Ἐπαφροδίτου
1699 1142 1869 1212 φησί·

279 1227 391 1282 Καὶ
432 1226 546 1298 γὰρ
575 1225 886 1294 ἠσθένησε
907 1227 1343 1295 παραπλήσιον
1374 1227 1632 1294 θανάτῳ,
1666 1229 1806 1283 ἀλλ’
1841 1231 1875 1283 ό

282 1316 427 1382 Θεὸς
455 1314 648 1370 αὐτὸν
675 1313 968 1383 ἠλέησεν,
1003 1318 1116 1370 οὐκ
1145 1316 1336 1371 αὑτὸν
1363 1316 1432 1371 δὲ
1463 1317 1682 1387 μόνον,
1713 1317 1874 1373 ἀλλὰ

279 1402 378 1456 καὶ
406 1403 532 1472 ἐμὲ,
564 1403 666 1456 ἵνα
688 1403 775 1472 μὴ
793 1404 1002 1470 λύπην
1023 1403 1123 1456 ἐπὶ
1145 1405 1315 1472 λύπῃ
1347 1404 1480 1475 σχῶ
1510 1421 1524 1435 ⁸
1559 1405 1654 1459 καὶ
1685 1405 1870 1472 πάλιν,

290 1488 720 1559 Ἐὅαρήθημεν,
748 1491 934 1559 φησιν,
969 1490 1121 1558 ὑπὲρ
1151 1491 1432 1561 δύναμιν,
1463 1490 1618 1547 ὥστε
1649 1493 1871 1558 ἐξαπο-

266 1575 536 1646 ρηθῆναι
565 1574 727 1646 ἡμᾶς
765 1577 865 1631 καὶ
909 1577 1017 1632 τοῦ
1055 1576 1181 1646 ζῇν.
1225 1579 1380 1633 Ἀλλ’
1411 1579 1584 1634 αὐτοὶ
1625 1580 1695 1633 ἐν
1735 1579 1873 1634 ἐαυ-

275 1666 404 1734 τοῒς
443 1668 510 1720 τὸ
546 1666 848 1736 ἀπόκριμα
893 1665 1001 1720 τοῦ
1034 1665 1295 1722 θανάτου
1340 1667 1714 1738 ἐσχήκαμεν,
1771 1669 1873 1722 ἵνα

272 1753 360 1824 μὴ
405 1755 759 1820 πεποιθότες
808 1748 968 1822 ὦμεν
1014 1753 1107 1823 ἐφ’
1157 1754 1428 1821 ἑαυτοῖς,
1472 1755 1613 1810 ἀλλ’
1654 1755 1752 1809 ἐπὶ
1793 1753 1876 1821 τῷ

280 1839 424 1906 Θεῷ,
461 1841 531 1907 ὃς
559 1841 628 1894 ἐκ
659 1841 1032 1910 τηλικούτων
1054 1841 1330 1895 θανάτων
1355 1843 1655 1911 ἐρρύσατο
1680 1841 1840 1912 ἡμᾶς
1857 1882 1872 1908 ,

280 1926 385 1981 καὶ
413 1927 700 1996 ῥύσεταν
734 1928 829 1980 καὶ
862 1926 1048 1991 πάλιν,
1097 1930 1442 1998 Ἐῤῥύσθην
1469 1929 1539 1984 ἐκ
1576 1931 1877 1999 στόματος

221 2073 232 2082 ,
281 2015 560 2083 λέοντος,
591 2015 684 2070 καί
708 2017 967 2085 ῥύσεταί
1000 2034 1079 2086 με
1108 2021 1141 2072 ό
1169 2019 1408 2086 Κύριος.
1451 2019 1562 2073 Καὶ
1596 2018 1873 2089 πανταχοῦ

286 2103 596 2175 εὑρήσομεν
623 2102 779 2156 τοῦτο
809 2102 972 2156 αὐτὸν
997 2103 1376 2175 καυχώμενον,
1404 2105 1488 2158 ὅτι
1515 2105 1651 2175 ἐλέῳ
1670 2105 1874 2177 ἐσώθη.

356 2189 420 2245 ε’.
453 2190 563 2244 Καὶ
599 2191 806 2262 Πέτρος
836 2191 893 2244 δὲ
922 2191 1032 2244 ἀπὸ
1061 2192 1156 2245 τοῦ
1205 2192 1490 2264 ἐλεηθῆναι
1511 2193 1751 2257 τοιοῦτος
1783 2188 1872 2264 ἦν.

285 2279 490 2332 ’Ἄκουε
519 2278 632 2351 γὰρ
663 2277 758 2332 τοῦ
788 2277 1028 2348 Χριστοῦ
1071 2279 1207 2351 πρὸς
1241 2279 1406 2334 αὐτὸν
1431 2280 1686 2348 λέγοντος
1712 2297 1728 2312 ·
1762 2279 1873 2334 Πέ-

277 2384 403 2438 τρε,
438 2366 639 2437 Πέτρε,
669 2366 978 2436 ἠθέλησεν
1020 2372 1052 2423 ὀ
1081 2369 1355 2436 Σατανᾶς
1387 2369 1662 2425 σινιάσαι
1694 2366 1871 2438 ὑμᾶς,

272 2457 361 2523 ὡς
397 2457 510 2510 τὸν
547 2455 742 2518 σῖτον,
797 2456 899 2510 καὶ
950 2455 1212 2525 ἐδεήθην
1263 2457 1396 2525 περὶ
1445 2457 1599 2524 σοῦ,
1647 2457 1748 2510 ἵνα
1786 2455 1872 2525 μὴ

271 2545 535 2612 ἐκλείπῃ
562 2545 601 2610 ἡ
623 2545 831 2609 πίστις
854 2557 994 2598 σου.
1031 2543 1145 2596 Καὶ
1185 2543 1443 2612 Ἰωάννης
1471 2543 1607 2614 ἐλέῳ
1631 2541 1875 2604 τοιοῦτος

270 2628 366 2704 ἦν,
387 2632 484 2686 καὶ
515 2632 717 2694 πάντες
737 2631 796 2686 δέ
808 2631 998 2694 ἁπλῶς
1015 2633 1063 2686 οί
1094 2630 1410 2685 ἀπόστολοι.
1434 2632 1633 2684 Ἀκουε
1649 2630 1758 2700 γάρ
1777 2626 1873 2681 τοῦ

273 2717 523 2790 Χριστοῦ
553 2716 705 2790 [226]
731 2716 892 2772 τοῦτο
911 2718 1294 2790 αἰνιττομένου
1319 2717 1416 2772 καὶ
1436 2717 1692 2785 λέγοντος
1708 2733 1722 2746 ·
1751 2716 1874 2784 Οὐχ

274 2807 452 2877 ὑμεῖς
471 2824 548 2879 με
578 2805 973 2872 ἐξελέξασθε,
1002 2805 1140 2860 ἀλλ’
1166 2804 1281 2878 ἐγὼ
1303 2803 1680 2874 ἐξελεξάμην
1698 2800 1872 2874 ὑμᾶς.

274 2897 494 2959 Πάντες
529 2895 638 2968 γάρ
683 2893 921 2966 δεόμεθα
962 2894 1058 2948 τοῦ
1097 2893 1280 2958 ἐλέους
1322 2891 1418 2946 τοῦ
1461 2891 1596 2945 Θεοῦ
1619 2909 1634 2922 ·
1669 2892 1877 2957 Ἔλεος

271 2986 390 3055 γὰρ
434 2984 620 3048 Θεοῦ,
649 2984 838 3054 φησὶν,
882 2981 983 3035 ἐπὶ
1025 2981 1234 3040 πᾶσαν
1263 2979 1481 3048 σάρκα.
1527 2979 1589 3033 El
1631 2979 1689 3032 δὲ
1730 2971 1877 3032 οὗτοι

272 3074 492 3128 ἐδέοντο
534 3069 632 3126 τοῦ
671 3070 857 3135 ἐλέους
889 3068 984 3124 τοῦ
1017 3068 1177 3134 Θεοῦ,
1221 3068 1274 3122 τί
1312 3066 1378 3122 ἄν
1422 3084 1506 3130 τις
1555 3066 1701 3120 εῐποι
1748 3066 1879 3137 περὶ

270 3161 387 3216 τῶν
415 3159 657 3226 λοιπῶν;
694 3158 867 3214 Πόθεν
895 3158 1028 3229 γάρ,
1060 3155 1184 3209 είπέ
1208 3172 1322 3226 μοι,
1358 3154 1450 3208 τὸν
1479 3153 1633 3224 ἥλιον
1655 3152 1878 3207 ἀνατέλ-

270 3249 360 3302 λει
389 3248 482 3301 ἐπὶ
498 3246 772 3318 πονηροὺς
803 3245 901 3299 καὶ
929 3241 1208 3312 ἁγαθούς;
1243 3241 1310 3295 Τί
1329 3241 1387 3295 δέ
1408 3258 1422 3307 ;
1440 3242 1490 3294 εί
1508 3239 1671 3311 μόνον
1693 3242 1876 3295 ἐνιαυ⁹

269 3337 374 3392 τὸν
427 3337 585 3391 ὑετὸν
629 3336 886 3404 ἐπέσχεν,
930 3333 1031 3388 οὐκ
1089 3330 1157 3386 ἂν
1201 3329 1450 3394 ἅπαντας
1492 3328 1774 3396 ἀπώλεσε;
1820 3327 1876 3382 τί

267 3428 357 3491 δὲ,
390 3429 441 3480 εἰ
487 3425 803 3498 ἐπομϐρίαν
834 3423 1166 3496 είργάσατο;
1203 3419 1258 3473 τί
1286 3419 1364 3485 δέ,
1403 3419 1453 3472 εί
1498 3416 1611 3490 πῦρ
1651 3416 1874 3490 ἐδρεξε;

267 3515 328 3568 τί
360 3513 441 3578 δὲ,
474 3515 524 3567 εί
558 3512 726 3584 μυίας
776 3509 1059 3583 έπεμψενς
1114 3507 1278 3562 ama
1317 3507 1371 3561 τί
1416 3505 1590 3562 ταῦτα
1619 3505 1800 3574 λέγω;
1827 3506 1877 3559 εί

272 3601 477 3664 σκότος
504 3600 788 3672 ἐποίησεν,
817 3595 930 3652 οἷόν
963 3615 1118 3662 ποτε,
1150 3597 1252 3650 οὐκ
1282 3596 1350 3650 ἂν
1378 3594 1624 3658 ἅπαντας
1656 3593 1877 3648 ἀπώλε-

271 3706 404 3754 σεν;
439 3690 490 3741 εί
509 3687 608 3759 τήν
629 3689 732 3759 γῆν
759 3686 1028 3754 ἐτίναξεν,
1053 3686 1156 3738 ούκ
1187 3684 1253 3738 ἂν
1285 3682 1524 3745 ἅπαντες
1555 3680 1872 3746 ἀπώλοντος

273 3776 345 3832 Τί
384 3776 558 3832 ἐστιν
601 3775 937 3843 ἅνθρωπος,
997 3773 1089 3827 ὅτι
1131 3771 1448 3841 μιμνήσκῃ
1506 3768 1731 3833 αὐτοῦς
1766 3767 1874 3822 Εὕ-

267 3880 477 3934 καιρον
511 3864 689 3917 είπεῖν
708 3861 804 3916 νῦν
828 3878 842 3894 ·
873 3861 938 3916 ἂν
969 3859 1244 3932 ἀπειλήσῃ
1268 3860 1334 3930 τῇ
1355 3861 1427 3930 γῇ
1463 3858 1646 3929 μόνον,
1673 3857 1877 3920 πάντες

268 3946 362 4015 εἷς
386 3950 642 4019 ἐγένοντο
663 3951 854 4018 τάφος.
893 3949 988 4015 Ὠς
1014 3947 1260 4017 σταγὼν
1281 3947 1499 4012 ὕδατος
1514 3945 1632 4000 ἀ.τό
1659 3943 1872 4007 κάδου,

268 4039 468 4110 φησὶν,
499 4037 654 4092 οὕτω
695 4037 770 4090 τὰ
809 4035 958 4104 ἔθνη
981 4034 1242 4089 ἐνώπιον
1271 4031 1460 4088 αὑτοῦ
1488 4046 1498 4060 ·
1539 4031 1621 4096 ὠς
1657 4030 1872 4094 015.10;-

264 4123 781 4194 λογισθήσονται,
813 4123 893 4190 ὠς
915 4119 1075 4192 ῥοπὴ
1111 4118 1314 4188 ζυγοῦ.
1356 4118 1444 4181 Ὠς
1487 4115 1710 4172 εύκολον
1740 4116 1873 4186 ἡμῖν

265 4213 381 4285 τὴν
412 4210 691 4285 τρυτάνην
722 4211 964 4283 κινῆσαι,
990 4207 1167 4271 οὕτως
1194 4203 1346 4278 αύτῷ
1375 4203 1555 4260 πάντα
1580 4203 1870 4267 ἀπολέσαι,

267 4302 377 4355 καὶ
408 4299 634 4370 ποιῆσαι
671 4297 858 4353 πάλιν.
908 4297 968 4351 '0
1013 4294 1194 4350 τοίνυν
1238 4291 1512 4364 τοσαύτην
1545 4291 1684 4363 ἔχων
1719 4290 1873 4356 ἐξου-

269 4389 404 4442 σίαν
433 4386 617 4459 ήμῶν,
649 4387 747 4440 καὶ
786 4384 930 4456 ὁρῶν
956 4385 1107 4456 ἡμᾶς
1155 4381 1280 4436 καθ’
1329 4380 1571 4450 ἑκάστην
1618 4376 1872 4448 ἁμαρτά-

265 4491 499 4538 νοντας,
544 4475 641 4528 καὶ
692 4473 770 4544 μὴ
822 4472 1088 4537 κολάζων,
1143 4471 1267 4539 ούχὶ
1300 4468 1437 4539 ἐλέῳ
1481 4464 1866 4531 διαύαστάζεις

279 4561 454 4615 Ἐπεὶ
484 4562 672 4616 καὶτὰ
703 4561 878 4632 κτήνη
909 4559 1044 4629 ἐλέῳ
1073 4556 1192 4611 ἐστι
1222 4573 1282 4609 τε
1312 4555 1408 4609 καὶ
1438 4553 1705 4618 σώζεται·
1748 4552 1870 4607 Ἁν-

263 4648 558 4719 θρώπους
583 4649 712 4720 γὰρ,
757 4647 916 4719 φησὶ,
959 4644 1064 4701 καὶ
1091 4642 1288 4711 κτήνη
1348 4641 1571 4708 σώσεις
1600 4680 1616 4705 ,
1667 4640 1864 4708 Κύριε.

259 4732 438 4794 Εἷδεν
474 4737 570 4791 ἐπὶ
606 4737 708 4805 τὴν
751 4736 878 4807 γῆν,
919 4734 1012 4788 καὶ
1051 4731 1286 4802 ἔπλησεν
1337 4728 1507 4801 αὐτὴν
1559 4726 1735 4792 ζώων.
1771 4727 1872 4782 Διὰ

255 4825 354 4891 τίς
400 4823 503 4877 Διὰ
534 4824 614 4879 σέ.
651 4823 720 4877 Σὲ
750 4822 806 4876 δὲ
840 4821 931 4876 διὰ
973 4821 1025 4874 τί
1059 4818 1350 4890 ἐποίησεν;
1388 4813 1498 4887 ἆρα
1532 4815 1595 4868 ού
1627 4815 1697 4869 δι’
1729 4818 1871 4884 ἀγα-

256 4913 520 4984 θότητα;
557 4911 724 4966 οὐδὲν
753 4909 936 4965 ἐλαίου
975 4908 1222 4979 κρεῖττον
1249 4919 1264 4932 ·
1303 4902 1483 4973 φωτός
1507 4903 1655 4956 ἐστιν
1687 4903 1867 4957 αἴτιον

254 5000 364 5057 καὶ
400 5000 524 5055 ἐκεῖ
555 5000 649 5054 καὶ
682 4996 938 5054 ἐνταῦθα.
972 4995 1080 5051 Καὶ
1120 4989 1422 5059 ἀνατελεῖ,
1463 4990 1630 5060 φησὶν
1678 4989 1708 5043 0
1733 5006 1868 5061 προ-

1191 318 1257 374 IN
1297 319 1519 378 EPIST.
1564 319 1657 376 ΔΙ)
1696 319 1986 378 PlllLIPP.
2026 323 2181 383 CAP.
2221 325 2264 384 I.
2324 326 2560 387 HOMIL.
2594 329 2681 387 IV.

3467 334 3572 395 212

1979 443 2178 515 φήτης,
2209 445 2479 516 πρώὶμον
2500 446 2568 501 τὸ
2595 446 2724 516 φῶς
2754 464 2893 513 σου,
2926 448 3289 528 ἐὰν-ποιήσῃς
3312 452 3461 510 ἐλεον
3485 457 3582 520 sic,

1976 528 2070 583 τὸν
2105 530 2336 602 πλησίον
2359 550 2373 563 ·
2412 534 2519 587 καὶ
2545 535 2793 600 εἰκότως.
2847 537 3058 610 Ὠσπερ
3094 539 3158 592 τὸ
3197 540 3376 595 ἔλαιον
3411 542 3569 596 τοῦτο

1975 617 2038 671 τὺ
2068 619 2184 687 φῶς
2214 620 2445 694 παρέχει
2485 623 2598 683 τοῖς
2649 621 3091 691 θαλαττεύουσιν,
3128 627 3302 692 οὕτως
3335 630 3368 699 ή
3411 630 3569 701 ἐλεη-

1978 707 2184 779 μοσύνη
2227 709 2344 762 ἐκεῖ
2381 710 2499 779 φῶς
2530 709 2676 780 μέγα
2723 713 2856 782 ἡμῖν
2884 713 3168 784 χαρίζεται
3217 716 3314 769 καὶ
3345 719 3566 787 θαυμάο

1977 811 2114 847 σιον.
2141 796 2251 848 Καὶ
2279 796 2448 861 πολὺς
2483 796 2576 849 τοῦ
2609 799 2762 851 ἐλέου
2792 799 2980 854 τούτου
3013 804 3040 855 0
3076 802 3235 871 λόγος
3261 804 3341 875 τῷ
3367 805 3566 876 Παύλῳ

1973 877 2063 954 ἦν.
2105 885 2306 936 ’Ἄκουε
2348 885 2460 954 γὰρ
2514 885 2679 939 αὑτοῦ
2723 888 2853 941 ποτὲ
2909 889 3008 959 μὲν
3047 889 3323 958 λέγοντος,
3360 893 3568 947 Μόνον

1973 970 2095 1025 τῶν
2126 972 2378 1042 πτωχῶν
2410 974 2512 1026 ἵνα
2540 976 3022 1044 μνημονεύωμεν
3043 968 3274 1033 σ’ἆλλοτε
3303 981 3382 1045 δὲ,
3429 963 3566 1034 Ἐὰν

1971 1052 2016 1130 ᾖ
2043 1059 2119 1122 ἅξ
2125 1075 2218 1110 ιον
2249 1060 2356 1112 τοῦ
2391 1059 2545 1128 κάμὲ
2577 1061 2961 1128 πορεύεσθαι.
2992 1063 3106 1116 Kal
3141 1066 3421 1136 πανταχοῦ
3453 1066 3566 1119 ἄνω

1975 1143 2070 1195 καὶ
2111 1143 2263 1196 κάτω
2291 1145 2420 1212 περὶ
2453 1143 2645 1196 τούτου
2679 1145 2813 1216 ὁρᾷς
2835 1146 3000 1199 αὑτὸν
3045 1149 3417 1220 μεριμνῶντα.
3456 1151 3564 1204 Καὶ

1974 1230 2158 1293 πάλιν,
2190 1229 2682 1285 Μανθανέτωσαν
2713 1232 2782 1285 δὲ
2815 1233 2915 1286 καί
2953 1235 3009 1287 οἱ
3045 1233 3322 1304 ἡμέτεροι
3361 1238 3566 1292 καλῶν

1972 1317 2162 1386 ἔργων
2203 1320 2604 1385 προΐστασθαι
2631 1335 2644 1348 ’
2679 1320 2773 1372 καὶ
2807 1320 2992 1385 πάλιν,
3045 1323 3237 1377 Ταῦτα
3279 1322 3390 1392 γάρ
3433 1325 3566 1378 ἐστι

1973 1406 2134 1459 καλὰ
2164 1405 2266 1459 καὶ
2293 1405 2562 1474 ὠφέλιμα
2592 1406 2717 1474 τοῖς
2744 1408 3099 1476 ἀνθρώποις.
3147 1412 3348 1464 ’Ἄκουε
3381 1411 3438 1466 δὲ
3473 1413 3566 1466 καὶ

1972 1495 2136 1549 ἄλλου
2185 1495 2332 1558 τινὸς
2380 1495 2652 1563 λέγοντος,
2726 1498 3146 1567 Ἔλεημοσύνη
3186 1499 3256 1553 ἐκ
3301 1499 3564 1555 θανάτου

1965 1581 2212 1648 ῥύεται·
2252 1583 2349 1635 καὶ
2398 1583 2584 1646 ἄλλου,
2648 1585 2793 1638 Ἐὰν
2835 1583 2906 1638 δὲ
2951 1586 3061 1640 τὸν
3109 1587 3291 1641 ἔλεον
3311 1587 3563 1656 ἀνέλῃς,

1974 1669 2170 1736 Κιίριε,
2203 1670 2400 1738 Κύριε.
2429 1671 2522 1738 τίς
2552 1672 3006 1742 ὐποστήσεταιῖ
3037 1674 3153 1738 καὶ,
3195 1674 3337 1729 Ἐὰν
3362 1675 3564 1729 εἰσέλ-

1973 1761 2108 1824 θῃς.
2149 1760 2334 1828 φησὶν,
2368 1763 2456 1828 εὶς
2486 1761 2692 1829 κρίσιν
2721 1763 2873 1832 μετὰ
2907 1763 3014 1817 τοῦ
3034 1762 3262 1818 δούλου
3291 1778 3408 1818 σου
3431 1781 3442 1792 ·
3473 1763 3564 1817 καὶ

1974 1843 2152 1908 ἄλλος,
2189 1845 2353 1914 Μέγα
2387 1864 2438 1900 τι
2473 1846 2808 1916 ἄνθρωπος,
2837 1849 2934 1902 καὶ
2975 1851 3170 1919 τίμιον
3199 1850 3356 1917 ἀνὴρ
3393 1850 3565 1914 ἐλεή-

1969 1947 2121 1998 μων.
2169 1931 2342 1985 Τοῦτο
2381 1932 2490 2004 γὰρ
2542 1934 2851 2007 ἄνθρωπος,
2909 1936 3162 2008 ἐλεήμων
3190 1954 3204 1969 ·
3247 1938 3449 2007 μᾶλλον
3506 1938 3562 1992 δὲ

1973 2019 2133 2073 τοῦτο
2155 2021 2184 2073 0
2219 2021 2375 2087 Θεὸς,
2412 2023 2474 2077 τὸ
2509 2025 2704 2079 ἐλεεῖν.
2760 2027 2923 2099 Ὁρᾷς
2970 2028 3070 2099 ὅση
3101 2025 3198 2081 τοῦ
3243 2028 3426 2092 ἐλέους
3465 2027 3560 2080 τοῦ

1973 2107 2110 2161 Θεοῦ
2139 2110 2173 2181 ή
2205 2109 2391 2180 ἰσχύς;
2435 2109 2594 2165 τοῦτο
2628 2113 2809 2167 πάντα
2855 2115 3104 2185 ἐποίησε,
3141 2114 3300 2169 τοῦτο
3333 2114 3425 2168 τὸν
3469 2115 3561 2169 κό-

1977 2211 2113 2264 σμον
2143 2198 2465 2268 εἰργάσατο,
2491 2199 2653 2254 τοῦτο
2679 2201 2948 2269 ἀγγέλους
2989 2202 3240 2273 ἐποίησε,
3270 2203 3337 2257 δι’
3360 2201 3562 2272 ἀγαθό-

1971 2299 2112 2354 τητα
2143 2285 2325 2356 μόνον.
2363 2287 2461 2340 Διὰ
2495 2284 2654 2340 τοῦτο
2696 2288 2792 2341 καὶ
2838 2288 3067 2356 γέενναν
3106 2290 3426 2361 ἠπείλησεν,
3473 2288 3562 2342 ἵνα

1977 2371 2259 2442 βασιλείας
2307 2373 2561 2446 τύχωμεν
2587 2392 2601 2408 ·
2657 2375 2940 2445 βασιλείας
2987 2377 3043 2431 δὲ
3093 2378 3437 2448 τυγχάνομεν
3493 2376 3561 2431 δι’

1973 2460 2144 2515 ἔλεον.
2189 2462 2289 2515 Διὰ
2317 2461 2369 2514 τί
2399 2462 2528 2534 γὰρ,
2559 2464 2703 2527 είπέ,
2742 2465 2901 2535 μόνος
2943 2463 3020 2517 ὣν
3047 2467 3075 2518 0
3107 2465 3241 2529 Θεὸς
3274 2463 3564 2530 τοσούτους

1974 2549 2262 2618 ἐποίησενς
2292 2550 2353 2603 ού
2394 2550 2462 2604 δι’
2496 2551 2845 2621 ἀγαθότητας
2878 2552 2939 2606 ού
2977 2551 3066 2606 διὰ
3109 2552 3559 2624 φιλανθρωπίαν;

1978 2635 2081 2689 Ἂν
2115 2638 2424 2708 ἐρωτήσῃς,
2459 2637 2549 2691 διὰ
2579 2638 2633 2691 τί
2666 2637 2786 2691 τόδε
2832 2641 2929 2692 καὶ
2965 2640 3108 2702 τόδε,
3152 2639 3432 2712 πανταχοῦ
3460 2640 3561 2712 τὴν

1975 2723 2290 2796 ἀγαθὸτητα
2321 2726 2597 2797 εὑρήσεις.
2639 2724 2850 2780 Οὐκοῦν
2892 2727 3206 2799 ἐλεήσωμεν
3245 2729 3372 2793 τοὺς
3418 2727 3560 2799 πλη-

1977 2813 2112 2878 σίον,
2139 2813 2228 2868 ἴνα
2255 2813 2570 2885 ἐλεηθῶμεν
2601 2815 2777 2870 αὐτοί.
2816 2814 2966 2888 [22η
3010 2817 3124 2869 Ούκ
3162 2815 3392 2878 ἐκείνοις
3420 2815 3562 2887 μᾶλ-

1976 2901 2148 2973 λον,ἢ
2185 2904 2318 2973 ἡμῖν
2363 2902 2550 2966 αὐτοῖς
2601 2901 2910 2974 συνάγομεν
2955 2903 3047 2957 τὸν
3094 2902 3243 2956 ἐλεον
3271 2902 3459 2957 τοῦτον
3503 2905 3560 2957 ἐν

1979 2989 2163 3061 ἐκείνῃ
2189 2991 2256 3059 τῇ
2281 2987 2488 3061 ἡμέρᾳ.
2521 2988 2693 3043 Ὅταν
2722 2989 2929 3062 σφοδρά
3019 2989 3114 3044 τοῦ
3140 2990 3314 3063 πυρὸς
3343 2991 3378 3062 ἠ
3404 2991 3559 3061 φλὸξ,

1976 3077 2037 3131 τὸ
2063 3078 2211 3141 ἐλεος
2249 3076 2410 3132 τοῦτο
2433 3075 2529 3130 τοῦ
2560 3078 2659 3148 μὲν
2700 3079 2875 3150 πυρός
2917 3079 3036 3133 ἐστι
3081 3078 3389 3145 σϐεστικὸν,
3428 3081 3562 3152 ἡμῖν

1975 3164 2033 3219 δὲ
2064 3165 2241 3233 φωτὸς
2278 3165 2469 3219 αῐτιον.
2500 3164 2658 3219 υῦτω
2705 3164 2799 3220 τοῦ
2845 3166 3018 3238 πυρὸς
3064 3167 3167 3238 τῆς
3200 3166 3428 3237 γεέννης
3471 3168 3561 3222 διὰ

1975 3253 2166 3306 τούτου
2200 3251 2706 3324 ἀπαλλαγησόμεθα
2737 3269 2751 3284 ·
2789 3254 2912 3307 ἐπεὶ
2952 3253 3119 3307 πόθεν
3157 3253 3554 3326 σπλαγχνισθήο

1977 3355 2128 3392 σεται
2157 3339 2256 3392 καὶ
2285 3339 2532 3409 ἐλεήσεις
2573 3339 2707 3393 Ἀπὸ
2735 3341 2834 3412 τῆς
2855 3341 3078 3412 ἀγάπης
3102 3342 3131 3395 0
3156 3341 3302 3406 ἐλεος
3325 3343 3557 3410 γίνεται.

1977 3426 2142 3481 Οὐδὲν
2178 3425 2323 3480 οῦτω
2356 3425 2649 3498 παροξύνει
2678 3427 2771 3481 τὸν
2809 3429 2964 3492 Θεὸν,
3007 3429 3083 3493 ὡς
3119 3430 3180 3483 τὸ
3223 3428 3560 3501 ἁνελεήμονα

1976 3507 2136 3566 εἶναι.
2170 3512 2526 3585 Προσηνέχθη
2548 3512 2699 3585 αὐτῷ
2727 3530 2811 3579 τις
2837 3514 3070 3585 ὀφείλων
3097 3518 3271 3588 μυρία
3298 3517 3559 3583 τάλαντα,

1976 3600 2072 3655 καὶ
2098 3599 2518 3671 σπλαγχνισθεὶς
2538 3598 2888 3671 συνεχώρησε
2912 3618 2928 3634 ο
2957 3602 3048 3656 καὶ
3071 3604 3267 3674 ἐκείνῳ
3295 3603 3561 3673 ὠφείλετο

1976 3691 2130 3761 παρὰ
2167 3687 2262 3742 τοῦ
2295 3687 2577 3741 συνδούλου
2610 3689 2806 3742 ἑκατὸν
2833 3688 3092 3763 δηνάρια,
3123 3691 3218 3745 καὶ
3259 3688 3430 3763 ἦγχεν
3465 3691 3564 3744 αύ-

1973 3779 2067 3831 τόν
2093 3794 2106 3808 ·
2142 3777 2230 3829 διὰ
2259 3775 2415 3829 τοῦτο
2440 3775 2760 3845 παρέδωκεν
2784 3776 2949 3831 αὑτὸν
2977 3780 3006 3832 ὁ
3031 3777 3220 3850 κύριος
3248 3781 3362 3842 τοῖς
3394 3778 3561 3849 βασα-

1975 3867 2203 3929 νιτταῖς,
2221 3863 2327 3927 ἓως
2347 3859 2406 3918 οὗ
2419 3863 2602 3934 ἀποδῷ
2629 3864 2690 3918 τὸ
2711 3865 3084 3936 ὀφειλόμενον.
3116 3866 3303 3920 Ταῦτα
3335 3865 3562 3920 ἀκούον-

1975 3970 2087 4018 τες,
2151 3953 2442 4023 ἐλεήμονες
2473 3945 2624 4024 ὦμεν
2657 3952 2786 4024 περὶ
2819 3953 2947 4019 τοὺς
2984 3953 3300 4024 ὀφείλοντας
3332 3956 3389 4008 ἐν
3418 3955 3560 4026 χρή-

1978 4057 2164 4113 μασιν,
2218 4043 2276 4095 ἐν
2324 4041 2726 4112 ἁμαρτήμασιο
2767 4043 2965 4116 μηδεὶς
3014 4044 3354 4115 μνησίκακος
3395 4042 3558 4105 ἐστω,

1976 4129 2120 4198 εἴγε
2155 4126 2232 4200 μὴ
2267 4127 2514 4199 βούλοιτο
2559 4128 2757 4183 ἐαυτὸν
2799 4129 3028 4184 ἀδικεῖν.
3071 4131 3146 4183 Οὐ
3198 4131 3306 4201 γὰρ
3351 4131 3561 4188 ἐκεῖνον

1975 4215 2230 4273 τοσοῦτον
2281 4216 2356 4289 μὴ
2411 4216 2598 4287 ἀφιεὶς
2648 4216 2860 4282 λυπεῖς,
2920 4218 3044 4271 ὅσον
3079 4217 3274 4270 ἐαυτὸν
3328 4217 3556 4279 ἀδικεῖς.

1989 4303 2214 4375 Ἐκείνῳ
2244 4303 2344 4374 μὲν
2376 4303 2508 4374 γάρ,
2554 4303 2866 4368 ἐπεξιόντος
2911 4321 3030 4369 σου,
3076 4304 3177 4358 οὐκ
3223 4302 3497 4368 ἐπέξεισιν
3529 4303 3562 4353 0

1942 4455 1947 4462 η
1975 4391 2108 4455 Θεὸς
2129 4407 2142 4422 ³
2177 4391 2270 4445 σοῦ
2289 4392 2346 4444 δὲ
2371 4390 2786 4455 καταλιπόντος,
2817 4392 2849 4462 ἢ
2883 4391 3154 4456 ἐπέξεισιν
3183 4391 3364 4454 αὐτὸς,
3399 4389 3432 4460 ἦ
3459 4388 3561 4453 τὰς

1977 4479 2254 4551 ἁμαρτίας
2283 4495 2377 4532 σου
2410 4479 2629 4550 ἀφίησι.
2655 4479 2782 4543 Πῶς
2803 4479 2859 4532 δὲ
2893 4481 2967 4550 μὴ
2992 4479 3174 4548 ἀφιεὶς
3206 4480 3270 4532 σὺ
3307 4478 3384 4549 τῷ
3422 4477 3562 4548 πλη-

1977 4569 2121 4634 σίον,
2155 4567 2435 4640 βασιλείαν
2462 4569 2677 4640 ζητεῖς;
2711 4568 2892 4640 Ὅπερ
2919 4569 3006 4622 ἵνα
3028 4568 3104 4641 μὴ
3136 4569 3418 4639 πάθωμεν,
3454 4568 3562 4620 πᾶ-

1980 4674 2067 4710 σιν
2098 4655 2348 4727 άφῶμεψ
2375 4656 2590 4719 ἑαυτοῖς
2617 4653 2729 4726 γὰρ
2753 4656 3010 4728 ἀφίεμεν·
3057 4657 3149 4710 καὶ
3184 4655 3559 4727 συγχωρήσω-

1981 4761 2105 4815 μεν,
2137 4743 2223 4796 ῖνα
2265 4745 2294 4797 0
2342 4743 2474 4808 Θεὸς
2519 4743 2852 4816 συγχωρήσῃ
2898 4745 3031 4814 ἡμῖν
3078 4743 3146 4798 τά
3185 4741 3558 4813 ἁμαρτήματα

1978 4830 2269 4902 ἡμῶν,κώ
2289 4830 2434 4884 οὕτω
2456 4830 2565 4884 τῶν
2595 4829 2898 4902 μελλόντων
2932 4830 3279 4901 ἐπιτύχωμεν
3309 4825 3556 4898 ἀγαθῶν,

1977 4920 2072 4974 καὶ
2095 4920 2162 4974 τά
2198 4917 2344 4990 ἑξῆς.
