4170 6492
295 354 390 412 213

1181 336 1249 393 IN
1292 333 1508 392 EPIST.
1552 333 1645 390 AD
1683 330 1976 390 PlllLIPP.
2019 329 2173 389 CAP.
2216 331 2282 390 11.
2327 335 2558 393 HOMIL.
2603 338 2672 394 ν.

3493 339 3601 397 2H

1673 473 2011 537 HOMILIA
2065 474 2139 535 V.

294 597 413 654 Car.
437 593 493 648 2.
517 608 569 647 v.
597 587 651 647 1.
683 589 747 645 Si
773 606 872 661 qua
897 605 1019 660 ergo
1039 585 1321 642 consolatio
1347 585 1401 637 in
1423 581 1645 642 Christo,
1673 577 1718 632 si
1745 575 1884 647 quod

355 687 589 743 solatium
620 685 870 746 caritatis,
901 683 947 736 si
969 698 1070 752 qua
1099 677 1314 734 societas
1341 675 1572 747 spiritus,
1602 671 1648 727 si
1681 687 1782 742 qua
1810 669 1882 724 tti-

356 796 491 836 scera
520 787 568 832 et
593 771 949 830 miserationes
978 788 998 828 :
1024 772 1080 826 2.
1109 767 1316 840 implete
1343 767 1588 840 gaudium
1616 779 1804 828 meum,
1827 770 1883 816 ut

356 814 489 836 mu.
520 814 568 832 υ.
595 814 948 830 ...ηωυηνηη
978 815 992 828 .
1029 814 1080 826 -.
1110 814 1314 840 ....,,.ν.-
1343 814 1586 840 σηκπ---
1619 814 1726 819 τη
1789 814 1804 828 ,

248 814 259 907 ἱ
353 873 482 929 idem
497 869 735 942 sapiatls,
769 864 998 922 eamdem
1022 866 1286 920 caritatem
1315 858 1572 918 habentes.
1592 855 1881 920 unanimes,

353 967 573 1038 idipsnm
603 965 858 1032 sapientes
888 976 906 1014 :
933 959 986 1016 3.
1019 958 1151 1012 nihil
1179 973 1269 1027 per
1295 951 1691 1014 contentionem,
1723 963 1884 1018 neque

353 1079 437 1132 per
459 1058 666 1114 inanem
695 1055 936 1127 gloriam,
975 1051 1065 1107 sed
1088 1051 1143 1105 in
1170 1046 1456 1103 humilitate
1481 1040 1767 1115 superiores
1788 1039 1884 1132 sibi

351 1128 560 1209 invicem
585 1145 1015 1203 arbitrantes:4.
1064 1159 1166 1197 non
1215 1155 1331 1212 quae
1367 1153 1463 1193 sua
1492 1143 1642 1198 sunt,
1689 1128 1882 1202 singuli

353 1243 682 1306 considerate,
714 1236 804 1294 sed
833 1247 879 1292 et
901 1252 959 1291 ea
989 1251 1102 1304 quia
1127 1230 1372 1299 aliorum,
1402 1227 1768 1300 unusquisque.

354 1339 403 1393 1.
432 1334 577 1390 Nihil
623 1331 850 1398 melius,
892 1327 1025 1383 nihil
1073 1327 1126 1382 in
1163 1337 1348 1380 amore
1381 1321 1619 1378 tenerius
1656 1317 1880 1372 doctore

290 1428 540 1502 spirituali
565 1445 578 1482 τ
607 1424 802 1496 quovis
830 1421 1060 1476 naturali
1088 1426 1239 1491 patre
1266 1415 1524 1487 majorem
1549 1409 1878 1468 benevolen-

290 1525 404 1578 tiam
425 1528 662 1592 przestat.
695 1513 952 1580 Attende,
982 1513 1231 1576 obsecro,
1257 1525 1415 1581 quam
1443 1506 1762 1578 suppliciter
1785 1520 1880 1575 pe-

288 1625 359 1673 tat
383 1631 409 1669 a
435 1610 874 1682 Philippensibus
903 1624 964 1662 ea
989 1621 1108 1678 qua:
1129 1621 1160 1661 e
1191 1620 1252 1660 re
1275 1604 1513 1674 ipsorum
1538 1608 1710 1657 erant.
1736 1598 1876 1667 Quid

289 1710 420 1764 enim
455 1706 582 1761 dicit
612 1703 679 1758 ad
719 1701 1068 1757 concordiam
1096 1699 1338 1754 omnium
1371 1696 1635 1752 bonorum
1657 1709 1876 1748 causam

289 1798 605 1856 cohortaris?
631 1809 682 1852 et
702 1796 844 1862 vide,
862 1809 1023 1864 quam
1045 1793 1288 1864 cepiose,
1313 1806 1471 1862 quam
1499 1788 1872 1857 vehementer,

288 1901 477 1962 quanto
502 1904 624 1944 cum
648 1887 846 1942 all'ectu
877 1901 892 1941 :
918 1883 981 1941 Si
1006 1901 1108 1956 qua
1125 1900 1246 1955 ergo
1268 1881 1549 1937 consolatio
1567 1882 1622 1934 in
1647 1879 1870 1948 Christo,

289 1984 474 2055 inquit.
492 1981 549 2037 ld
565 1991 664 2046 est,
679 1981 735 2035 Si
760 1979 888 2050 quid
910 1977 1120 2033 habetis
1143 1973 1532 2032 consolationis
1557 1976 1609 2030 in
1631 1975 1870 2042 Christo;

291 2075 501 2148 perinde
537 2089 598 2130 ac
623 2073 667 2130 si
695 2072 941 2128 diceret:
970 2070 1028 2126 Si
1060 2085 1219 2142 quam
1250 2069 1353 2125 mei
1379 2070 1641 2124 rationem
1666 2069 1832 2124 habes
1851 2109 1868 2135 ,

289 2171 334 2227 si
357 2183 452 2238 qua
483 2165 569 2221 tibi
593 2165 697 2220 mei
728 2179 880 2232 cura,
905 2163 949 2218 si
975 2162 1104 2234 quid
1134 2163 1272 2218 bene
1302 2176 1558 2233 umquam
1582 2160 1651 2217 de
1681 2169 1732 2218 te
1756 2176 1871 2216 me-

283 2263 376 2325 rui,
406 2262 500 2316 hoc
521 2258 704 2315 facito.
737 2258 848 2314 llac
874 2272 1007 2314 vero
1033 2257 1296 2312 orationis
1329 2256 1496 2328 ﬁgura
1525 2257 1578 2311 in
1603 2253 1871 2311 movendo

275 2350 458 2411 all‘eetu
485 2351 711 2418 utimur,
746 2353 789 2406 si
821 2352 949 2423 quid
975 2350 1354 2422 postulandum
1383 2350 1475 2416 sit,
1529 2349 1672 2420 quod
1702 2355 1869 2404 caete-

275 2449 344 2503 ris
370 2447 618 2503 omnibus
649 2461 1051 2517 prmponamus.
1083 2444 1216 2500 Nam
1249 2444 1350 2499 nisi
1377 2443 1629 2499 omnibus
1659 2455 1871 2514 praepo-

277 2554 544 2606 neremus,
600 2555 706 2593 non
750 2553 818 2594 eo
846 2551 954 2592 uno
983 2539 1272 2607 impetrato
1300 2535 1541 2591 omnium
1583 2533 1740 2590 nobis
1766 2549 1868 2589 ex-

274 2628 509 2686 haustam
558 2644 684 2686 esse
733 2628 1042 2686 mercedem
1092 2629 1392 2696 vellemus,
1447 2643 1550 2684 nec
1597 2643 1694 2698 per
1735 2626 1867 2683 illud

267 2725 561 2780 diceremus
586 2721 851 2796 quidquid
873 2723 1028 2779 nobis
1052 2719 1372 2789 debebatur,
1403 2735 1524 2777 esse
1552 2735 1864 2792 reprtesen-

267 2826 442 2871 tatam.
469 2817 580 2872 Sed
615 2833 712 2872 nos
737 2815 954 2888 quidem
973 2814 1214 2871 carnalia
1233 2814 1499 2871 beneﬁcia
1525 2829 1860 2870 commemo-

265 2924 436 2966 ramus
467 2930 480 2964 :
514 2921 575 2967 ut
607 2913 651 2967 si
696 2925 850 2982 pater
878 2927 1004 2985 erga
1041 2913 1208 2967 lilium
1250 2909 1496 2980 diceret,
1545 2913 1599 2970 Si
1633 2930 1735 2986 qua
1768 2915 1860 2971 tibi

262 3005 553 3059 reverentia
593 3020 721 3076 erga
764 3014 1008 3076 patrem,
1033 3004 1078 3060 si
1125 3021 1228 3076 qua
1259 3002 1626 3075 educationis,
1682 3003 1730 3062 si
1757 3024 1860 3079 qua

261 3096 461 3166 pietatis
485 3113 619 3168 erga
644 3113 750 3161 me,
773 3098 816 3152 si
839 3113 942 3169 qua
969 3098 1189 3153 honoris
1211 3114 1370 3168 quem
1393 3115 1458 3154 ex
1480 3115 1566 3154 me
1587 3115 1648 3155 es
1669 3115 1861 3157 conse-

257 3200 463 3258 quutus,
495 3191 543 3246 si
576 3208 685 3262 qua
713 3192 1106 3248 benevolentia:
1129 3193 1409 3258 memoria,
1438 3209 1570 3265 rogo
1593 3203 1666 3262 te,
1698 3210 1765 3252 ne
1783 3191 1858 3252 sis

259 3281 502 3340 inimicus
530 3285 721 3349 fratri;
756 3285 858 3340 hoc
883 3294 986 3353 est,
1016 3301 1113 3354 pro
1139 3287 1390 3341 omnibus
1409 3286 1515 3341 illis
1543 3287 1681 3346 hanc
1699 3288 1859 3361 exigo

253 3376 585 3432 mercedem.
631 3375 738 3432 Sed
763 3394 869 3431 non
895 3378 962 3432 ita
1001 3374 1233 3434 Paulus:
1266 3379 1398 3433 nihil
1427 3381 1594 3448 enim,
1621 3381 1765 3449 quod
1790 3381 1856 3435 ad

248 3482 456 3522 carnem
491 3469 802 3540 pertineat,
850 3467 1044 3541 redigit
1084 3470 1151 3526 ad
1183 3471 1522 3536 memoriam,
1546 3474 1640 3529 sed
1672 3476 1851 3530 omnia

245 3559 569 3630 spiritualia.
607 3562 765 3630 Quod
791 3572 970 3619 autem
1000 3563 1166 3632 dicit,
1199 3564 1304 3621 tale
1331 3575 1415 3627 est
1445 3585 1457 3621 :
1487 3566 1542 3623 Si
1563 3567 1690 3639 quid
1723 3567 1856 3626 mihi

245 3652 412 3707 solatii
439 3654 613 3710 vultis
645 3655 698 3708 in
729 3656 1118 3712 tentationibus
1138 3655 1354 3724 all‘erre,
1382 3675 1576 3730 meque
1602 3676 1854 3718 recreare

241 3752 293 3808 in
318 3753 559 3823 Christo,
595 3756 648 3811 si
683 3773 842 3827 quam
867 3759 1295 3814 consolationem
1326 3760 1591 3828 caritatis,
1622 3763 1665 3817 si
1698 3762 1854 3832 quid-

241 3861 391 3916 quam
413 3849 535 3921 ejus
568 3851 980 3906 communionis
1002 3868 1124 3923 qua:
1143 3853 1199 3908 itt
1224 3854 1419 3923 Spiritu
1449 3864 1553 3921 cst,
1583 3856 1745 3911 vultis
1765 3871 1856 3912 os-

240 3942 457 4000 tendere
477 3988 492 4010 ,
525 3945 572 4000 si
606 3960 716 4016 qua
750 3943 959 4000 habetis
987 3946 1194 4002 viscera
1218 3957 1272 4002 et
1314 3947 1702 4004 misericordia:
1726 3965 1821 4006 seu
1835 3939 1883 3988 -“

239 4044 372 4102 sum,
410 4036 646 4108 implete
674 4053 852 4092 meum
879 4039 1157 4108 gaudium.
1191 4038 1253 4095 Si
1282 4057 1382 4110 qua
1415 4043 1604 4096 viscera
1630 4052 1676 4096 et
1698 4044 1849 4097 mise—

233 4128 472 4184 rationes.
520 4128 935 4184 Miserationem
983 4131 1086 4186 sibi
1116 4130 1416 4186 exhibitam
1462 4142 1621 4187 vocat
1657 4133 1852 4188 Paulus

234 4217 638 4290 discipulorum
676 4221 1060 4288 concordiam,
1109 4222 1404 4278 ostendens
1447 4239 1714 4279 smnmnm
1752 4226 1853 4280 im-

232 4313 434 4367 minere
469 4315 788 4384 periculum
813 4355 827 4378 ,
879 4314 981 4369 nisi
1027 4316 1329 4370 concordes
1357 4315 1576 4371 fuerint.
1627 4317 1683 4370 Si
1723 4318 1850 4388 quid

232 4406 356 4459 mihi
383 4448 400 4471 ,
447 4409 636 4479 inquit
665 4450 677 4471 ,
721 4408 901 4462 solatii
928 4423 957 4461 a
986 4408 1137 4463 vobis
1165 4409 1591 4478 exspectandum
1618 4418 1701 4464 est
1725 4451 1740 4476 ,
1805 4411 1849 4464 si

227 4497 351 4564 quid
393 4500 803 4555 consolationis
833 4515 901 4555 ex
933 4510 1108 4555 vestra
1133 4502 1360 4556 caritate
1384 4512 1660 4571 reportare
1684 4504 1846 4568 licet;

227 4589 269 4642 si
297 4593 501 4659 possim
531 4592 821 4648 vobiscum
851 4593 1252 4649 communicare
1285 4595 1341 4648 in
1368 4596 1582 4665 spiritu,
1619 4596 1665 4651 si
1695 4611 1848 4651 com-

224 4685 511 4740 municare
547 4685 841 4740 vobiscum
878 4684 927 4738 in
955 4687 1220 4751 Domino;
1252 4689 1295 4741 si
1329 4703 1431 4758 qua
1463 4688 1591 4742 mihi
1629 4705 1658 4742 a
1697 4689 1849 4745 vobis

226 4777 610 4833 misericordia
644 4786 702 4831 et
727 4779 1126 4833 eomtniseratio
1154 4779 1454 4849 prznstanda
1475 4789 1575 4845 est,
1607 4782 1846 4836 omnium

226 4867 411 4926 harum
457 4887 661 4928 rerum
710 4872 1015 4928 mercedem
1049 4874 1101 4927 in
1133 4875 1359 4930 caritate
1386 4875 1500 4945 ipsa
1537 4875 1730 4930 tuenda
1759 4893 1848 4932 re-

227 4973 578 5028 prmsentate.
613 4965 763 5020 Satis
788 4965 916 5018 mihi
936 4980 966 5019 a
991 4965 1141 5020 vobis
1163 4966 1358 5020 factum
1385 4981 1528 5031 esse,
1560 4969 1848 5039 omniaque

223 5065 637 5125 consequutum
679 5056 900 5125 putabo,
927 5057 973 5112 5i
1001 5073 1094 5111 vos
1121 5069 1312 5113 mutuo
1343 5061 1673 5114 amaveritis.
1728 5060 1847 5114 1m-

220 5147 346 5210 ptete
373 5149 642 5217 gaudium
678 5164 865 5201 meum.
898 5149 974 5202 Ne
1006 5166 1127 5218 qure
1155 5149 1305 5218 dicit,
1330 5150 1717 5206 admonitionis
1739 5153 1845 5206 vim

216 5237 420 5297 habere
453 5243 819 5306 viderentur,
849 5243 1003 5312 quasi
1037 5244 1114 5296 illi
1140 5242 1250 5314 jam
1283 5245 1351 5298 ab
1376 5245 1556 5300 oftieio
1581 5245 1847 5301 decessis-

217 5343 358 5399 sent,
381 5351 496 5389 non
528 5337 608 5389 ita
642 5334 795 5400 dicit,
828 5335 1016 5392 Facite
1041 5337 1196 5404 mihi,
1226 5337 1344 5403 sed,
1386 5337 1638 5408 lmplete;
1663 5339 1714 5392 id
1739 5348 1841 5403 est,

214 5425 471 5498 Caepistis
496 5429 622 5500 jam
659 5428 711 5482 in
735 5445 823 5484 me
848 5445 1052 5498 serere,
1075 5431 1186 5501 jam
1211 5431 1340 5485 mihi
1371 5432 1616 5500 dedistis,
1642 5435 1844 5489 utsatis

215 5519 429 5587 quietus
460 5523 596 5586 sim,
632 5520 731 5576 sed
757 5521 824 5576 ad
855 5522 1014 5578 tinem
1049 5525 1334 5593 pervenire
1375 5523 1649 5580 desidero.
1699 5525 1842 5593 Quid

214 5610 501 5670 desideras
522 5657 538 5680 ,
569 5613 669 5670 dic
699 5614 874 5668 mihi?
919 5625 977 5669 ut
1006 5623 1056 5670 te
1084 5630 1113 5668 a
1145 5616 1397 5684 periculis
1421 5616 1757 5671 liberemus?
1787 5627 1843 5672 ut

216 5705 309 5759 tibi
327 5707 622 5777 quidpiam
649 5706 1097 5775 suppeditcmus?
1124 5706 1260 5760 Nihil
1281 5707 1609 5776 hujusmodi,
1643 5709 1836 5780 inquit,

215 5798 305 5855 sed
354 5800 427 5857 Ut
473 5818 568 5856 vos
617 5798 758 5850 idem
788 5801 1001 5868 sapiatis
1027 5800 1252 5853 eamdem
1283 5801 1519 5859 habentes
1550 5806 1837 5874 caritatem,

565 5905 847 5965 PATROL.
895 5899 1012 5962 Gtt.
1064 5899 1255 5963 LXII.

1998 577 2052 631 in
2080 593 2183 648 qua
2214 580 2490 650 coepistis,
2534 581 2830 648 unanimes,
2880 597 3039 636 unum
3077 583 3354 654 sapientes.
3409 583 3596 654 Papail

1994 671 2207 740 quoties
2235 671 2378 728 idem
2407 675 2605 745 repetit
2646 691 2713 730 ex
2759 691 2954 746 magno
2992 676 3225 748 quodam
3267 676 3496 732 allectu!
3530 677 3601 732 Ut

1991 766 2129 821 idem
2150 769 2389 837 sapiatis,
2418 769 2612 840 inquit,
2637 769 2746 825 lmo
2775 786 2906 826 vero
2937 781 2996 826 nt
3025 788 3188 826 unum
3211 771 3452 842 sapiatls.
3483 772 3599 826 Iloc

1995 859 2138 914 enim
2173 859 2526 930 progrediens
2551 863 2792 918 ostendit
2816 865 2997 920 verbis
3023 865 3130 919 illis
3151 907 3164 930 ,
3193 863 3364 920 Unum
3391 867 3598 936 sapien-

1993 961 2066 1006 tes
2090 968 2109 1005 :
2147 953 2288 1022 quod
2323 953 2495 1024 majus
2513 953 2807 1025 quidquam
2838 965 2956 1021 est,
2989 972 3151 1027 quam
3190 957 3330 1012 idem
3377 968 3589 1027 sapere.

1992 1041 2243 1098 Eamdem
2289 1046 2554 1099 caritatem
2601 1046 2841 1101 habentes
2867 1062 2887 1102 :
2943 1048 2992 1100 id
3045 1057 3272 1113 est,non
3305 1060 3510 1104 tantum
3537 1049 3593 1104 in

1991 1138 2132 1193 nuda
2158 1137 2283 1203 title,
2314 1137 2408 1193 sed
2443 1137 2494 1193 in
2526 1139 2743 1193 caeteris
2771 1139 2934 1193 etiam
2968 1139 3222 1194 omnibus
3252 1140 3432 1195 rebus.
3461 1141 3596 1196 Pos-

1989 1243 2178 1286 sumus
2197 1231 2340 1286 enim
2368 1240 2423 1286 et
2452 1230 2594 1286 idem
2619 1245 2832 1301 sapere,
2859 1241 2914 1286 et
2933 1232 3214 1286 caritatem
3231 1247 3338 1287 non
3367 1231 3588 1288 habere.

1989 1325 2240 1380 Eamdem
2266 1327 2531 1380 raritatem
2553 1325 2793 1382 habentes
2822 1338 2842 1380 :
2869 1325 2918 1380 id
2948 1336 3052 1390 est,
3077 1341 3231 1396 :eque
3257 1334 3312 1381 et
3335 1338 3520 1380 amare
3537 1335 3594 1381 et

1987 1420 2180 1475 amari.
2211 1417 2362 1483 Noli,
2394 1435 2516 1475 eum
2559 1435 2745 1492 magna
2773 1421 3001 1475 aliorttm
3032 1421 3084 1474 in
3114 1429 3168 1476 te
3194 1421 3420 1475 caritate
3445 1418 3594 1474 frua-

1990 1513 2064 1566 ris
2085 1554 2100 1578 ,
2131 1513 2397 1567 minorem
2438 1513 2574 1583 ipsis
2598 1521 2854 1582 praestare
2876 1554 2889 1574 ,
2923 1513 3077 1582 quasi
3110 1511 3211 1567 hac
3245 1513 3407 1567 etiam
3449 1512 3503 1567 in
3531 1527 3592 1567 re

1988 1608 2105 1676 plus
2127 1619 2283 1678 mque
2311 1607 2404 1661 tibi
2437 1615 2681 1677 appetas.
2724 1606 2856 1662 Nam
2885 1607 2928 1660 si
2963 1607 3205 1660 nonnulli
3238 1607 3474 1676 suntqui
3504 1605 3588 1661 t‘a-

1983 1701 2151 1765 ciant,
2183 1710 2236 1754 tu
2261 1699 2310 1755 id
2343 1700 2395 1755 iu
2429 1710 2479 1754 te
2502 1699 2698 1755 cadere
2728 1700 2878 1754 nullo
2898 1709 3057 1770 pacto
3086 1698 3250 1753 feras.
3283 1698 3585 1761 Unanimes,

1983 1795 2157 1865 inquit
2183 1813 2195 1850 :
2229 1792 2278 1848 id
2305 1802 2407 1859 est,
2439 1796 2528 1849 uni
2555 1794 2751 1848 anima:
2773 1793 3014 1848 omnium
3041 1808 3266 1862 corpora
3291 1793 3441 1864 quasi
3463 1807 3588 1862 pro-

1985 1887 2103 1957 pria
2134 1885 2613 1942 accommodantes
2634 1928 2649 1952 ,
2709 1901 2814 1940 non
2839 1885 3056 1955 quidem
3091 1885 3390 1940 substantia
3427 1885 3584 1955 ipsa;

1982 1993 2104 2032 nam
2133 1978 2184 2032 id
2217 1977 2330 2032 ﬁeri
2374 1993 2479 2032 non
2526 1985 2736 2049 potest;
2765 1977 2860 2034 sed
2889 1978 3156 2034 electione
3177 1988 3233 2032 et
3263 1978 3534 2034 sententia
3565 1995 3582 2032 :

1980 2071 2132 2140 quasi
2159 2086 2223 2126 ex
2249 2084 2351 2126 una
2394 2072 2571 2126 anima
2604 2072 2783 2126 omnia
2819 2069 3250 2140 proﬁciscantur.
3299 2071 3435 2138 Quid
3457 2081 3580 2136 est,

1983 2162 2308 2218 Unaniines?
2333 2164 2447 2219 lloc
2475 2165 2768 2220 declaravit
2793 2164 3029 2231 addens,
3069 2163 3242 2219 Unum
3287 2165 3540 2233 sapientes
3563 2180 3584 2220 :

1979 2255 2198 2311 unicum
2231 2257 2376 2311 enim
2404 2257 2518 2311 vult
2547 2271 2672 2313 esse
2702 2257 2944 2311 omnium
2973 2272 3189 2312 sensum
3214 2297 3231 2324 ,
3276 2257 3498 2328 perinde
3518 2273 3582 2311 ac

1976 2349 2023 2404 si
2059 2363 2124 2404 ex
2166 2362 2268 2404 una
2299 2350 2475 2404 anima
2518 2351 2837 2421 penderent.
2889 2350 3040 2406 Nihil
3067 2363 3159 2422 per
3185 2354 3578 2409 contentionem.

1979 2441 2154 2513 Rogat
2183 2441 2380 2498 deinde
2419 2453 2475 2498 et
2503 2444 2726 2513 exponit
2759 2443 2978 2499 modum
3009 2460 3118 2516 quo
3164 2445 3217 2500 id
3271 2446 3397 2514 ﬁat;
3431 2445 3583 2501 Nihil

1975 2555 2064 2608 per
2089 2538 2458 2593 contentionem
2489 2538 2568 2592 uel
2589 2538 2795 2592 inanem
2819 2534 3058 2609 gloriam,
3093 2539 3286 2609 inquit.
3310 2539 3464 2608 Quod
3494 2545 3578 2608 ip-

1973 2648 2092 2690 sum
2107 2647 2322 2702 semper
2341 2633 2461 2687 dico
2479 2627 2743 2687 malorum
2762 2633 3000 2686 omnium
3026 2647 3148 2687 esse
3169 2647 3389 2687 causam
3412 2651 3424 2684 :
3451 2631 3578 2688 hinc

1973 2740 2165 2797 pugna:
2187 2735 2241 2780 et
2266 2726 2406 2788 lites,
2433 2725 2559 2778 hinc
2585 2723 2782 2778 invidia
2811 2733 2866 2778 et
2893 2724 3142 2779 vincendi
3164 2725 3423 2787 studium,
3451 2725 3577 2780 hinc

1971 2819 2213 2874 caritatis
2243 2816 2624 2888 refrigeratio;
2675 2833 2795 2873 cttm
2845 2818 3122 2872 hominum
3160 2819 3387 2888 gloriam
3424 2834 3574 2874 ama-

1970 2928 2113 2980 mus,
2143 2927 2264 2966 cum
2299 2913 2490 2968 lienori
2521 2955 2535 2976 ,
2563 2913 2652 2982 qui
2685 2927 2715 2967 a
2747 2912 2931 2966 multis
2953 2913 3260 2978 exhibetur,
3287 2917 3571 2980 servimus,

1971 2995 2098 3060 tunc
2125 3000 2305 3060 omnia
2351 3004 2466 3062 hzec
2491 3005 2773 3060 accidunt:
2810 3003 3032 3061 minime
3055 3007 3200 3060 enim
3241 3005 3318 3062 fas
3345 3019 3426 3064 est
3454 3009 3575 3079 glo-

1971 3099 2067 3154 ria:
2092 3101 2422 3155 servientem
2451 3141 2464 3163 ,
2511 3100 2602 3154 Dei
2631 3098 2792 3154 etiam
2824 3113 3144 3170 germanum
3174 3114 3296 3154 esse
3319 3115 3532 3156 servum
3556 3142 3570 3156 .

1968 3193 2085 3263 Qua
2115 3193 2278 3265 igitur
2305 3194 2516 3248 ratione
2546 3191 2651 3247 hoc
2685 3191 2858 3248 inanis
2884 3193 3072 3264 gloria:
3113 3194 3348 3249 studium
3378 3195 3575 3266 fugeri-

1966 3303 2089 3343 mus
2106 3289 2130 3341 ?
2149 3286 2388 3343 nondum
2419 3288 2562 3344 enim
2592 3287 2739 3341 illam
2759 3287 3076 3356 exposuisti.
3103 3286 3238 3342 Audi
3262 3290 3567 3358 sequentia:

1970 3380 2080 3437 Sed
2101 3382 2154 3437 in
2187 3379 2492 3448 humilitate,
2525 3376 2718 3450 inquit,
2751 3379 3040 3450 superiores
3069 3377 3164 3433 sibi
3193 3380 3406 3433 invicem
3435 3381 3572 3434 arbi-

1965 3485 2176 3531 trantes.
2213 3472 2370 3546 Papa:
2396 3473 2408 3529 Ξ
2439 3473 2710 3546 quomodo
2736 3472 2951 3542 plenum
2982 3472 3332 3542 philostiphim.
3351 3472 3566 3542 dogma,

1963 3578 2019 3624 et
2048 3567 2115 3622 ad
2148 3576 2389 3622 nostram
2421 3566 2649 3622 salutem
2690 3560 3011 3619 mirabiliter
3046 3565 3352 3619 conducens
3397 3579 3566 3635 expo-

1963 3658 2103 3716 snit!
2133 3657 2189 3716 Si
2220 3659 2578 3726 existimaris,
2608 3659 2813 3728 inquit,
2844 3657 2995 3711 illum
3035 3666 3085 3711 te
3114 3654 3373 3726 majorem
3403 3672 3526 3712 esse
3551 3698 3566 3719 .

1964 3748 2127 3824 idque
2169 3751 2262 3806 tibi
2303 3747 2402 3823 ipsi
2428 3750 2796 3822 persuaseris;
2843 3755 2935 3803 aut
2957 3749 3137 3818 potius
3169 3749 3212 3802 si
3248 3763 3356 3803 non
3392 3750 3566 3803 solum

1961 3843 2185 3910 dixeris,
2211 3842 2306 3898 sed
2337 3843 2499 3897 etiam
2524 3841 2889 3909 persuasionis
2921 3841 3074 3894 istius
3107 3839 3320 3910 plenus,
3358 3839 3567 3894 honore

1961 3951 2176 4008 quoque
2217 3931 2384 3991 fueris
2431 3943 2814 4005 prosequutns,
2847 3934 3069 3988 minime
3117 3933 3494 4000 succensebis,
3522 3934 3567 3987 si

1962 4029 2065 4102 ipsi
2093 4031 2163 4087 ab
2194 4030 2305 4085 alio
2347 4029 2604 4085 tributum
2631 4027 2834 4084 videas.
2873 4027 3038 4099 Igitur
3067 4043 3172 4082 non
3211 4035 3415 4082 tantum
3447 4028 3566 4082 exi-

1958 4127 2120 4181 stima
2151 4125 2300 4180 illum
2327 4133 2380 4180 te
2407 4123 2668 4196 majorem
2707 4139 2853 4189 esse,
2891 4123 2984 4178 sed
3007 4123 3170 4178 etiam
3203 4125 3563 4192 superiorem,

1958 4234 2079 4289 qua:
2116 4233 2222 4273 vox
2259 4231 2507 4287 magnam
2541 4217 2901 4287 praestantiam
2952 4216 3179 4279 indicat;
3208 4227 3260 4270 et
3291 4230 3396 4269 non
3420 4231 3563 4284 :egre

1961 4309 2104 4364 feres
2131 4324 2306 4380 neque
2336 4308 2563 4376 dolebis,
2604 4308 2648 4362 si
2678 4307 2826 4362 illum
2865 4307 2918 4361 in
2959 4307 3165 4362 honore
3193 4323 3313 4362 esse
3345 4307 3560 4372 videas;

1957 4411 2013 4457 et
2042 4404 2085 4457 si
2126 4401 2507 4456 contumeliam
2561 4397 2837 4464 intulerit,
2865 4415 3130 4472 generose
3175 4400 3354 4456 feres:
3390 4402 3564 4471 ipsum

1959 4495 2103 4551 enim
2137 4495 2394 4562 majorem
2419 4503 2472 4548 te
2501 4495 2855 4548 existimasti:
2895 4504 2948 4547 et
2969 4491 3013 4548 si
3038 4494 3296 4547 conviciis
3323 4494 3568 4562 appetie-

1959 4589 2062 4651 rit,
2091 4603 2297 4642 morem
2347 4604 2544 4658 geres;
2575 4598 2628 4641 et
2673 4589 2713 4640 si
2761 4587 3114 4650 male-fecerit,
3161 4587 3354 4641 tacitus
3399 4588 3563 4641 feres.

1958 4678 2185 4748 Quando
2209 4685 2353 4736 enim
2379 4681 2547 4738 semel
2565 4680 2668 4736 hoc
2699 4680 2801 4735 sibi
2831 4678 3006 4735 anima
3035 4681 3250 4751 penitus
3279 4696 3566 4749 persuase-

1958 4777 2045 4840 rit,
2074 4791 2196 4831 esse
2226 4776 2484 4845 majorem
2509 4793 2523 4841 ;
2557 4791 2664 4830 non
2689 4771 2982 4845 impellitur
3002 4777 3068 4829 ad
3095 4776 3254 4842 iram,
3275 4774 3319 4828 si
3348 4774 3415 4826 ab
3443 4775 3560 4843 ipso

1959 4869 2100 4925 male
2121 4869 2440 4939 accipiatur,
2477 4886 2581 4922 non
2607 4869 2674 4922 ad
2703 4867 2978 4922 invidiam.
3006 4869 3073 4921 lis
3109 4868 3252 4921 enim
3281 4867 3371 4934 qui
3406 4865 3562 4919 valde

1957 4970 2230 5032 praistant,
2251 4978 2409 5016 nemo
2429 4959 2708 5015 inviderit:
2735 4959 2851 5015 lucc
2873 4959 3012 5014 enim
3032 4958 3209 5012 omnia
3231 4957 3555 5028 prmstantize

1957 5055 2100 5110 illius
2123 5053 2306 5110 deberi
2330 5063 2498 5124 putat.

2027 5149 2082 5202 ‘2.
2118 5150 2211 5204 llis
2241 5149 2399 5219 igitur
2429 5148 2610 5203 verbis
2633 5149 2783 5204 docet
2813 5147 2972 5202 talem
3001 5147 3237 5201 animum
3253 5145 3548 5216 suscipere.

1956 5244 2112 5312 Quod
2137 5245 2181 5299 si
2205 5243 2442 5298 vicissim
2474 5241 2565 5296 illo
2590 5251 2738 5297 tanto
2756 5242 2851 5296 abs
2883 5251 2933 5294 te
2957 5241 3162 5295 honore
3191 5238 3436 5302 ati’ectus,
3470 5239 3556 5292 in-

1957 5339 2093 5408 quit,
2123 5336 2373 5392 eumdem
2401 5349 2529 5406 erga
2553 5343 2606 5390 te
2627 5335 2864 5388 animmn
2889 5331 3184 5402 susceperit
3207 5348 3221 5396 ;
3256 5329 3426 5399 cogita
3454 5329 3554 5382 dn-

1955 5430 2078 5499 plici
2098 5429 2248 5500 quasi
2273 5442 2429 5482 muro
2451 5425 2636 5481 fultam
2653 5441 2774 5481 esse
2793 5426 3272 5500 aequanimitatem.
3288 5421 3556 5490 Quamdiu

1955 5525 2099 5579 enim
2133 5533 2360 5593 uterque
2385 5531 2671 5593 utrumque
2709 5522 2916 5575 honore
2943 5518 3135 5588 dignos
3167 5515 3388 5586 putatis,
3420 5515 3555 5569 nihil

1958 5631 2211 5686 umquam
2243 5615 2490 5671 accidere
2517 5615 2728 5671 molesti
2764 5621 2957 5683 potest.
3001 5610 3133 5665 Nam
3171 5609 3217 5663 "si
3247 5607 3351 5662 hoc
3370 5607 3456 5663 vel
3490 5607 3560 5662 ab

1954 5709 2126 5764 altero
2157 5707 2438 5763 dumtaxat
2471 5708 2765 5778 praestitum
2796 5705 2930 5760 satis
2961 5715 3045 5759 est
3071 5703 3137 5756 ad
3168 5715 3384 5757 omnem
3428 5715 3562 5755 con-

1954 5815 2246 5861 tentionem
2282 5800 2602 5864 tollendam;
2633 5798 2846 5870 quando
2875 5797 2942 5854 ab
2970 5797 3212 5864 utrisque
3253 5801 3564 5866 prtestatur,

3127 5893 3202 5957 1b
