4170 6542
562 369 670 426 ets

564 488 686 558 quis
715 485 853 539 hanc
887 481 1239 537 munitionem
1284 475 1625 548 perrumpet?
1675 474 1754 530 Ne
1796 475 1910 545 ipse
1932 474 2153 545 quidem

552 578 817 632 diabolus
843 594 854 629 :
886 575 1080 645 triplici
1101 573 1241 627 enim
1270 580 1324 624 et
1343 569 1675 639 quadruplici
1703 583 1881 636 muro,
1914 577 2073 638 alque
2089 582 2156 622 eo

570 672 800 740 amplius
827 668 953 722 fulta
985 677 1064 720 est
1091 680 1207 719 arx.
1251 663 1501 718 Omnium
1524 662 1666 716 enim
1697 661 1959 716 bonorum
1991 673 2150 714 causa

567 775 648 818 est
667 762 962 816 humilitas.
982 757 1135 824 Quod
1163 766 1218 810 ιιι
1235 757 1307 810 ita
1329 769 1448 810 esse
1465 753 1660 820 discas,
1685 752 1808 808 audi
1839 751 2152 824 prophetam

565 857 875 911 dicentem:
910 853 1165 918 Quoniam
1191 851 1234 905 si
1255 850 1561 916 sacri/icium
1589 847 1852 913 voluisses,
1899 847 2152 902 dedissem

565 948 736 1016 utique
762 961 781 1000 :
825 945 1135 998 holocaustis
1167 959 1268 996 non
1312 939 1658 995 delectaberis.
1690 938 2016 1007 Sacriﬁcium
2046 936 2154 992 Deo

565 1037 774 1109 spiritus
819 1034 1227 1091 contribulatus:
1291 1051 1378 1088 cor
1425 1033 1696 1088 contritum
1741 1040 1789 1085 et
1832 1031 2155 1085 humiliatum

569 1130 706 1184 Deus
737 1146 837 1183 non
867 1127 1150 1198 despiciet(
1184 1126 1328 1180 Psal.
1358 1125 1449 1180 50.
1483 1125 1571 1180 18.
1602 1121 1718 1194 19).
1745 1121 1863 1178 Νοη
1909 1121 2154 1176 absolute

558 1224 814 1294 quamvis
839 1220 1218 1282 humilitatem,
1247 1216 1340 1273 sed
1366 1217 1718 1272 intentionem
1745 1213 2031 1285 quamdam
2062 1211 2155 1267 hu-

554 1314 809 1370 vvmilitatis
837 1312 1069 1384 postulat
1104 1323 1157 1367 et
1199 1310 1383 1382 exigit.
1437 1308 1570 1364 Nam
1599 1305 2048 1378 quemadmodum
2098 1305 2150 1359 in

565 1405 884 1476 corporibus
903 1404 1042 1473 quod
1069 1402 1359 1458 contritum
1389 1410 1492 1468 est,
1519 1413 1809 1468 numquam
1838 1395 2010 1452 solido
2031 1411 2153 1451 cor-

568 1497 683 1563 pori
717 1494 1086 1562 rcluetabitnr,
1119 1492 1212 1549 sed
1240 1500 1499 1563 quotquot
1521 1489 1700 1560 gravia
1723 1488 1974 1558 patiatur,
2005 1488 2152 1557 prius

569 1589 743 1656 ipsum
793 1585 1066 1650 interibit,
1117 1600 1276 1655 quam
1307 1584 1361 1638 in
1390 1582 1616 1637 alterum
1653 1581 1823 1636 irruat
1852 1596 1865 1633 :
1912 1579 1982 1634 ita
2013 1586 2070 1634 et
2099 1578 2152 1632 in

567 1681 789 1735 anima:
843 1679 1003 1750 eliget
1031 1678 1174 1733 enim
1217 1676 1392 1746 potius
1429 1682 1688 1745 perpetuo
1734 1673 1873 1728 male
1929 1679 2152 1742 excepta

567 1784 796 1831 mortem
821 1773 980 1828 etiam
1009 1772 1180 1838 obire,
1207 1785 1365 1841 quam
1385 1769 1686 1838 irrumpere
1706 1776 1759 1823 et
1778 1764 1986 1821 ulcisci.
2010 1765 2155 1833 Quo-

554 1884 737 1939 usque
764 1865 1090 1938 spirabimus
1117 1864 1340 1935 Spiritus
1366 1862 1502 1918 istos
1528 1860 1824 1917 ridiculos?
1851 1859 1982 1915 Nam
2013 1859 2153 1914 sicut

567 1975 767 2031 pueros
796 1960 842 2013 si
866 1958 1146 2014 videamus
1166 1971 1288 2012 sese
1309 1956 1500 2012 efferre
1531 1962 1584 2010 et
1611 1953 1917 2025 superbire,
1935 1951 2151 2008 etiamsi

564 2053 794 2124 lapidem
815 2052 1004 2107 tollant
1020 2059 1076 2104 et
1092 2049 1316 2120 jaciant,
1341 2049 1579 2104 ridemus
1607 2065 1620 2101 :
1650 2047 1720 2102 ita
1743 2045 1975 2101 humana
1999 2059 2152 2099 arro-

551 2147 744 2214 .gantia
794 2143 1016 2214 puerilis
1073 2142 1303 2206 mentis,
1369 2139 1566 2195 infirmi
1615 2138 1780 2193 animi
1827 2136 2006 2207 proles
2048 2143 2151 2190 est.

562 2237 707 2302 Quid
750 2235 1005 2306 superbis,
1021 2246 1156 2290 terra
1200 2243 1247 2288 et
1277 2234 1405 2288 cinis
1436 2231 1624 2304 (Eccli.
1655 2231 1744 2288 10.
1773 2228 1885 2302 9)?
1933 2229 2154 2300 Magnos

463 2402 474 2412 .
553 2330 789 2398 ‘Spiritus
817 2328 1006 2394 sumis,
1037 2325 1238 2382 homo?
1267 2324 1608 2396 quare?qn:e
1634 2323 1864 2381 utilitas?
1887 2321 1973 2377 die
1996 2319 2152 2384 mihi;

550 2423 708 2478 --nnde
733 2436 864 2476 vero
895 2433 1119 2491 magnos
1147 2418 1369 2489 spiritus
1393 2417 1564 2472 sumis
1608 2416 1660 2471 in
1693 2430 1788 2472 eos
1816 2414 1978 2470 etiam
2000 2455 2014 2480 ,
2060 2415 2178 2485 qui

565 2515 806 2584 ejusdem
839 2519 966 2566 sunt
997 2509 1243 2565 ordinis?
1266 2524 1371 2563 non
1403 2506 1643 2578 ejusdem
1676 2505 1942 2577 particeps
1971 2519 2031 2562 es
2053 2521 2154 2561 na-

565 2604 737 2659 tunc?
768 2616 874 2657 non
901 2599 1142 2672 ejusdem
1179 2597 1409 2654 animm?
1436 2611 1546 2653 non
1575 2595 1827 2653 eumdem
1854 2611 1886 2651 a
1917 2595 2030 2652 Deo
2051 2595 2154 2651 ho-

566 2711 756 2752 norem
785 2692 1083 2764 accepisti?
1113 2692 1183 2747 At
1217 2691 1434 2762 sapiens
1453 2689 1552 2745 es?
1581 2688 1726 2760 Ergo
1752 2688 1950 2760 gratias
1971 2701 2153 2759 agere,

563 2804 676 2844 non
728 2788 1090 2843 intumescere
1132 2783 1316 2839 debes.
1357 2782 1538 2838 Prima
1586 2781 1776 2852 ingrati
1821 2780 1984 2836 animi
2029 2789 2154 2835 nota

566 2879 818 2950 superbia
843 2889 960 2942 est;
1006 2876 1182 2932 aufert
1218 2875 1369 2930 enim
1401 2872 1776 2931 beneficentiae
1799 2871 2023 2928 donum.
2053 2871 2155 2941 Qui

563 2971 710 3027 enim
733 2983 857 3025 sese
875 2967 1065 3033 eli'ert,
1088 2967 1136 3022 is
1159 3007 1174 3034 ,
1204 2965 1357 3037 quasi
1383 2967 1499 3036 ipse
1529 2964 1582 3021 id
1607 2963 1752 3036 quod
1782 2972 1929 3020 recte
1955 2962 2155 3019 factum

566 3071 669 3127 est,
701 3059 1018 3127 confecerit,
1058 3073 1118 3114 se
1147 3057 1339 3114 effert:
1366 3057 1458 3128 qui
1486 3066 1663 3112 autem
1684 3056 1867 3112 omnia
1895 3070 1925 3110 a
1947 3070 2006 3111 se
2031 3068 2158 3126 pro-

566 3152 704 3207 fecta
736 3157 907 3222 putat,
933 3151 1172 3220 ingratus
1206 3157 1291 3204 est
1314 3147 1569 3203 adversus
1589 3162 1734 3214 eum,
1774 3147 1867 3218 qui
1893 3145 2156 3202 honorem

571 3243 744 3299 dedit.
773 3241 1060 3313 Quippiam
1081 3240 1208 3296 boni
1241 3239 1445 3295 habes?
1473 3238 1688 3294 Gratias
1716 3253 1814 3309 age
1841 3238 1921 3306 ei,
1945 3238 2034 3309 qui
2061 3237 2157 3294 de-

567 3337 668 3392 dit.
701 3334 839 3390 Audi
865 3332 992 3405 quid
1021 3331 1164 3388 dicat
1193 3329 1394 3401 Joseph
1415 3371 1431 3396 ,
1461 3328 1589 3402 quid
1621 3329 1825 3385 Daniel.
1869 3328 2002 3386 Nam
2029 3344 2153 3385 cum

567 3427 788 3499 IEgypti
816 3439 910 3481 rex
933 3423 1082 3480 illum
1113 3439 1144 3479 e
1170 3437 1392 3479 carcere
1418 3421 1809 3488 aceersivisset,
1851 3431 1907 3477 et
1937 3421 1990 3477 in
2017 3436 2154 3477 con-

555 3530 755 3592 spectu
786 3518 952 3572 totius
997 3515 1266 3572 exercitus
1291 3514 1359 3570 de
1391 3529 1459 3570 eo
1499 3513 1712 3585 negotio
1737 3515 2151 3586 interrogasset,

572 3611 627 3665 in
663 3625 770 3680 quo
794 3607 1106 3664 defecerant
1138 3605 1375 3679 Egyptii
1398 3647 1414 3674 ,
1465 3606 1553 3677 qui
1582 3605 1635 3660 in
1658 3605 1962 3677 bujusmodi
1995 3605 2155 3661 rebus

567 3703 800 3757 maxime
826 3699 1099 3770 pollebant.
1126 3715 1140 3754 :
1172 3712 1296 3754 eum
1343 3697 1458 3768 ipse
1489 3696 1600 3767 jam
1625 3712 1746 3753 sese
1775 3697 1879 3752 illis
1905 3696 2160 3751 omnibus

569 3793 901 3862 superiorem
931 3801 1246 3846 ostensurus
1275 3799 1438 3855 esset,
1463 3779 1727 3860 longeque
1753 3789 2047 3860 sapientior
2070 3803 2158 3844 es-

569 3893 656 3938 set
685 3881 961 3937 ltabendus
993 3881 1278 3952 astrologis
1297 3921 1314 3948 ,
1362 3880 1574 3934 vatibus
1593 3920 1608 3946 ,
1638 3877 2120 3950 pmstigiatoribus
2139 3919 2155 3944 ,

574 3975 764 4046 magis,
794 3973 1127 4046 philosophis
1163 3973 1281 4043 ejus
1314 3971 1575 4041 temporis
1595 3970 1862 4037 omnibus,
1890 3986 2023 4041 puer
2044 3972 2160 4041 ipse

573 4085 641 4124 ex
674 4068 978 4139 captivitate
1011 4075 1066 4123 et
1092 4067 1347 4122 servitute
1383 4063 1402 4134 (
1422 4071 1548 4118 tunc
1571 4063 1712 4133 enim
1752 4063 1924 4134 major
1944 4063 2162 4118 exsistit

578 4161 746 4232 gloria
780 4178 793 4214 :
824 4175 998 4231 neque
1025 4158 1169 4214 enim
1198 4156 1343 4213 idem
1375 4164 1460 4211 est
1496 4154 1769 4209 hominem
1791 4153 1914 4226 jam
1953 4154 2156 4210 clarum

574 4256 755 4312 lucere
777 4295 791 4323 ,
825 4263 985 4324 atque
1041 4261 1238 4322 praeter
1265 4247 1765 4319 exspectationem;
1807 4262 1974 4318 quare
2017 4247 2158 4318 quod

573 4358 769 4419 prseter
797 4361 948 4416 spem
979 4343 1031 4399 id
1051 4343 1328 4407 evenerit,
1377 4339 1832 4396 admirabiliorem
1865 4338 2039 4411 ipsum
2083 4341 2161 4396 fe-

572 4440 667 4512 cit)
693 4457 707 4494 :
731 4438 856 4510 quid
888 4437 1046 4509 igitur
1068 4437 1168 4490 iste
1194 4433 1458 4489 accedens
1483 4433 1551 4488 ad
1580 4432 1964 4489 Pharaonem?
1994 4431 2159 4488 dixit-

573 4547 642 4585 ne
662 4571 679 4597 ,
712 4527 962 4586 Profecto
989 4525 1110 4582 novi
1134 4525 1156 4578 ?
1185 4523 1327 4579 Nihil
1361 4524 1572 4590 minus;
1621 4522 1717 4578 sed
1744 4522 1913 4594 quid?
1936 4522 2160 4580 Nemine

565 4623 751 4692 ipsum
792 4627 1072 4690 arguente,
1099 4629 1199 4686 pro
1228 4629 1322 4670 sua
1344 4615 1457 4685 ipsa
1481 4627 1671 4683 magna
1701 4613 1837 4683 grati
1863 4613 2027 4668 animi
2055 4616 2162 4669 vir-

564 4724 711 4778 tute,
755 4710 886 4784 quid
917 4710 1024 4766 ait?
1074 4707 1342 4778 Numquid
1368 4723 1470 4760 non
1498 4720 1589 4776 per
1616 4703 1780 4758 Deum
1814 4705 2162 4776 interpretatio

571 4808 759 4861 rttorum
787 4813 856 4860 est
883 4803 1038 4872 (Gen.
1065 4801 1156 4856 40.
1187 4799 1280 4870 8)?
1302 4797 1458 4863 Vide,
1499 4796 1753 4852 continuo
1797 4796 2019 4867 gloriam
2052 4800 2163 4854 Deo

585 4897 803 4962 tribuit;
834 4903 1116 4966 propterea
1142 4892 1256 4962 ipse
1277 4903 1491 4961 quoque
1518 4887 1740 4959 gloriam
1771 4889 1998 4961 accepit.
2029 4889 2161 4944 Nam

581 4999 634 5048 et
665 4989 768 5044 hoc
796 4989 861 5043 ad
891 4986 1113 5056 gloriam
1141 4997 1246 5038 non
1268 4984 1392 5038 leve
1414 4988 1743 5035 momentum
1760 4979 1923 5036 habet
1952 4998 1966 5036 :
1993 4982 2164 5038 multo

583 5081 729 5138 enim
759 5077 930 5148 majus
954 5083 1055 5141 est,
1089 5074 1190 5146 ipsi
1211 5089 1238 5128 a
1269 5073 1382 5130 Deo
1411 5086 1532 5128 esse
1554 5071 1872 5140 revelatum,
1897 5087 2055 5140 quam
2085 5072 2166 5142 ip.

584 5186 704 5229 sum
741 5184 836 5240 per
865 5183 924 5224 se
960 5167 1064 5221 hoe
1102 5164 1432 5229 confecisse;
1480 5173 1834 5234 praeterquam
1865 5163 2007 5234 quod
2041 5163 2166 5220 hinc

579 5261 748 5316 etiam
781 5258 960 5314 verbis
997 5257 1107 5312 suis
1133 5256 1290 5311 fidem
1321 5255 1679 5323 conciliabat,
1734 5256 1894 5326 idque
1922 5257 2165 5312 firmissi-

585 5367 735 5408 mum
765 5359 882 5406 erat
911 5348 1285 5404 familiaritatis
1307 5363 1430 5403 cum
1454 5349 1562 5402 Deo
1590 5356 1984 5418 argumentum.
2025 5349 2164 5403 Nihil

592 5441 735 5498 enim
766 5455 918 5511 aque
942 5440 1139 5495 bonum
1163 5448 1246 5495 est
1266 5482 1281 5506 ,
1323 5454 1385 5493 ac
1410 5438 1724 5493 familiarem
1755 5438 1866 5494 fieri
1920 5439 2049 5494 Deo.
2105 5439 2166 5494 Si

589 5528 722 5583 enim
763 5546 826 5583 ea:
851 5531 1082 5599 operibus
1120 5531 1425 5600 lustiﬁcatus
1476 5539 1578 5597 est,
1610 5530 1755 5583 liabet
1778 5530 1992 5600 gloriam
2017 5573 2032 5596 ,
2082 5531 2165 5584 in-

584 5610 724 5682 quit,
769 5616 859 5670 sed
891 5637 990 5674 non
1019 5622 1158 5691 apud
1188 5620 1352 5675 Deum
1393 5622 1410 5692 (
1440 5621 1590 5676 llam.
1617 5622 1674 5676 4.
1705 5620 1741 5674 2
1761 5623 1801 5691 ).
1831 5620 1961 5675 Nam
1999 5632 2052 5676 ct
2078 5623 2167 5692 qui

587 5701 901 5766 criminibus
924 5714 1186 5768 obnoxius
1218 5715 1439 5785 gratiam
1463 5722 1545 5769 est
1569 5723 1947 5784 consequutus,
1977 5713 2169 5784 gloria-

588 5801 675 5850 tur
703 5796 757 5851 in
785 5800 930 5870 Deo,
958 5806 1208 5862 nimirum
1232 5849 1247 5877 ,
1296 5807 1437 5878 quod
1480 5807 1546 5863 ab
1590 5807 1681 5863 illo
1722 5817 1929 5863 amatur
1959 5807 2166 5877 sibique

1311 363 1368 418 S.
1406 361 1683 419 JOANNIS
1726 357 2198 417 CHRYSOSTOMI
2240 358 2559 415 ARCIIIEP.
2598 359 3129 419 CONSTANTINOP.

3738 371 3845 430 216

2269 482 2482 542 peccata
2501 475 2723 530 remissa
2743 487 2903 535 sunt:
2935 489 2986 532 et
3016 479 3106 533 ille
3127 479 3215 549 qui
3245 492 3518 552 operatur,
3549 483 3715 545 habet
3730 493 3840 562 glu-

2263 565 2416 630 riam,
2451 565 2544 619 sed
2572 581 2676 621 non
2704 568 2843 637 apud
2877 569 3066 637 Deum,
3091 582 3149 627 ut
3178 573 3266 628 ille
3295 593 3310 628 :
3349 591 3471 630 nam
3501 579 3601 634 hoc
3628 583 3837 650 Quidem

2261 671 2468 725 magna:
2499 655 2822 713 infirmitatis
2861 667 3058 716 nostra:
3088 673 3171 717 est
3212 677 3584 735 argumentum
3613 688 3628 726 :
3673 681 3727 726 at
3751 676 3839 744 qui

2261 747 2577 816 sapientiam
2601 762 2635 801 a
2664 749 2774 803 Deo
2801 751 3043 822 accepit,
3071 764 3270 824 quanto
3297 758 3401 813 erit
3433 758 3839 822 admirabilior?

2260 840 2498 896 Gloriam
2529 842 2638 896 Deo
2665 843 2882 910 tribuit,
2927 854 2982 900 et
3012 846 3245 902 vicissim
3275 850 3343 904 ab
3371 851 3466 906 illo
3492 853 3717 922 gloriam
3747 872 3838 912 ae-

2260 931 2438 1000 cepit:
2473 931 2829 1000 Clori/icantes
2855 937 2998 990 enim
3024 953 3123 1005 me,
3159 939 3350 1010 inquit,
3371 940 3604 1012 glori/ica
3627 946 3678 1016 (1
3709 947 3837 1018 Reg.

2258 1021 2313 1075 2.
2349 1023 2416 1078 10
2449 1020 2488 1095 ).
2526 1024 2726 1082 Rursus
2751 1041 3017 1098 pronepos
3055 1030 3251 1101 hujus,
3296 1048 3402 1104 quo
3431 1036 3644 1106 quidem
3683 1054 3839 1095 nemo

2259 1115 2359 1170 fuit
2400 1118 2695 1188 sapientior
2725 1119 3024 1192 (scriptum
3054 1133 3140 1179 est
3165 1125 3331 1193 enim,
3373 1124 3640 1199 Numquid
3667 1139 3720 1185 tu
3755 1149 3840 1185 sa-

2259 1208 2475 1278 pientior
2497 1225 2550 1263 es
2582 1208 2794 1265 Daniele
2823 1210 3034 1283 [Haecin
3062 1213 3153 1270 28.
3187 1214 3308 1287 5])?
3352 1216 3439 1273 hic
3470 1220 3628 1289 igitur
3660 1221 3839 1278 Daniel

2259 1314 2380 1354 cum
2407 1316 2598 1356 omnes
2623 1303 2710 1372 qui
2738 1313 2896 1359 erant
2935 1305 2989 1359 in
3032 1305 3302 1378 Babylone
3343 1309 3646 1379 sapientes,
3681 1321 3841 1383 atque

2259 1388 2361 1461 ipsi
2393 1407 2580 1448 rursus
2611 1394 2898 1466 astrologi,
2943 1405 3122 1462 vates,
3177 1400 3354 1470 magi,
3389 1403 3802 1474 pra‘stigiatores
3825 1448 3840 1472 ,

2259 1490 2422 1553 atque
2449 1485 2700 1541 universa
2732 1487 3092 1559 philosophia,
3143 1506 3246 1546 non
3278 1495 3437 1559 modo
3466 1498 3704 1552 convicta
3729 1499 3841 1569 jam

2258 1585 2422 1643 esset,
2451 1577 2546 1632 sed
2569 1579 2729 1633 etiam
2752 1595 2784 1635 e
2813 1581 2989 1636 medio
3017 1583 3223 1638 sublata
3241 1584 3478 1657 (capitali
3504 1589 3646 1644 enim
3668 1606 3698 1646 a
3719 1607 3845 1662 rege

2259 1665 2312 1720 in
2340 1667 2611 1737 sapientes
2630 1670 2736 1724 lata
2765 1673 3029 1729 sententia
3061 1676 3191 1730 satis
3214 1676 3504 1746 indicabat,
3532 1689 3687 1736 antea
3705 1697 3845 1753 quo-

2258 1773 2364 1827 que
2393 1772 2452 1814 se
2477 1757 2554 1814 ab
2579 1760 2686 1816 illis
2714 1760 2997 1832 deceptum
3038 1763 3227 1836 fuisse)
3258 1783 3273 1822 :
3323 1768 3589 1826 accedens
3613 1775 3846 1842 ergo‘ad

2259 1865 2462 1922 regem,
2506 1853 2672 1923 ipsius
2701 1856 2946 1926 petitioni
2965 1856 3076 1927 jam
3104 1859 3498 1928 satisfacturus,
3529 1879 3701 1935 neque
3730 1870 3847 1937 ipse

2258 1957 2317 1999 se
2346 1945 2625 2016 magnifice
2660 1948 3058 2020 circumspicit,
3106 1951 3202 2008 sed
3244 1954 3478 2023 primum
3509 1959 3690 2012 omnia
3730 1958 3847 2016 Deo

2258 2037 2420 2092 refert
2446 2047 2685 2108 accepta,
2717 2050 2772 2096 et
2800 2041 3006 2113 inquit:
3038 2041 3172 2097 Mihi
3213 2059 3325 2099 vero
3354 2048 3529 2101 nonin
3555 2049 3842 2120 sapientia,

2256 2145 2369 2200 quae
2387 2139 2462 2184 est
2487 2130 2541 2185 in
2567 2149 2644 2187 me
2674 2133 2788 2204 plus
2803 2150 2958 2204 quam
2994 2136 3048 2188 in
3079 2136 3271 2190 cunctis
3300 2137 3610 2207 hominibus,
3653 2142 3851 2197 revela-

2259 2230 2367 2276 tum
2393 2231 2499 2290 est,
2527 2238 2558 2278 ο
2584 2239 2676 2278 rea:
2717 2223 2879 2294 (Dan.
2903 2224 2958 2279 2.
2985 2224 3102 2294 30).
3157 2225 3309 2282 Tunc
3331 2243 3458 2283 vero
3493 2229 3739 2286 adoravit
3771 2233 3848 2301 ip-

2258 2330 2377 2371 sum
2405 2331 2522 2385 rex,
2552 2331 2616 2373 ac
2642 2317 2798 2387 dixit,
2829 2317 3090 2375 Libeutur
3112 2319 3433 2378 oblationes.
3467 2322 3631 2378 Vides
3661 2323 3850 2381 humi-

2258 2405 2460 2462 litatem
2478 2409 2502 2462 1!
2519 2408 2667 2464 vides
2691 2418 2900 2480 gratum
2928 2410 3205 2466 animum?
3234 2411 3383 2469 vides
3404 2428 3622 2470 moresa
3652 2429 3854 2488 super-

2258 2501 2346 2558 bia
2369 2503 2648 2558 remotos?
2675 2502 2815 2559 Audi
2841 2519 2972 2560 vero
2999 2514 3054 2561 et
3079 2506 3449 2576 apostolorum
3470 2509 3655 2578 verba,
3672 2510 3853 2568 inter-

2257 2593 2384 2650 dum
2415 2595 2627 2666 quidem
2667 2595 3000 2653 dicentium:
3046 2597 3188 2663 Quid
3219 2615 3311 2654 nas
3351 2601 3647 2670 intuemini,
3696 2605 3855 2671 quasi

2261 2694 2437 2740 nostra
2461 2687 2643 2741 virtute
2657 2697 2744 2742 aut
2761 2689 2946 2760 pietate
2969 2690 3236 2760 fecerimus
3264 2691 3398 2746 hunc
3418 2693 3679 2749 ambulare
3701 2695 3854 2767 (Act.

2257 2777 2315 2844 3,
2345 2776 2434 2832 12.
2463 2787 2511 2832 et
2540 2778 2627 2834 14.
2661 2776 2808 2850 ib)?
2836 2778 3108 2835 Interdum
3145 2797 3307 2849 vero,
3356 2781 3424 2836 Et
3467 2801 3558 2841 uos
3604 2787 3860 2843 mortales

2259 2886 2452 2938 sumus,
2481 2871 2675 2925 similes
2698 2870 2838 2926 vobis
2867 2872 3119 2927 homines.
3151 2873 3304 2941 Quod
3332 2877 3376 2931 si
3403 2876 3478 2932 illi
3507 2878 3716 2934 delatos
3748 2880 3857 2935 sibi

2261 2963 2492 3020 honores
2509 2963 2645 3020 adeo
2662 2963 3034 3035 repudiabant,
3070 2964 3339 3034 homines,
3370 2969 3460 3040 qui
3482 2986 3578 3038 per
3604 2986 3732 3026 eam
3755 2972 3862 3028 hu-

2259 3055 2542 3111 militatem
2582 3070 2702 3126 quae
2749 3056 3045 3112 secundum
3091 3057 3364 3114 Christum
3411 3069 3525 3126 est,
3569 3062 3864 3135 ipsiusque

2260 3146 2552 3218 potentiam
2570 3146 2772 3217 majora
2799 3163 2957 3219 quam
2979 3147 3226 3205 Christus
3243 3151 3357 3221 ipse
3379 3167 3539 3223 opera
3567 3154 3868 3212 ediderant

2261 3239 2438 3310 (nam,
2473 3237 2574 3304 Qui
2593 3238 2752 3292 credit
2773 3229 2825 3292 in
2852 3255 2956 3303 me,
2996 3239 3202 3309 inquit,
3234 3243 3434 3311 majora
3461 3230 3641 3298 horum
3671 3247 3862 3317 faciet,

2256 3345 2373 3401 quia
2401 3345 2493 3401 ego
2523 3329 2657 3401 facio
2687 3328 2706 3400 (
2724 3326 2880 3383 Joan.
2901 3331 2989 3386 14.
3015 3330 3103 3403 12)
3131 3349 3146 3386 :
3179 3333 3449 3402 quomodo
3475 3351 3574 3390 nos
3603 3351 3718 3392 non
3755 3339 3865 3393 mi-

2260 3421 2366 3477 seri
2387 3430 2547 3493 atque
2573 3421 2816 3476 infelices
2851 3437 3058 3492 sumus,
3090 3425 3177 3494 qui
3200 3441 3268 3480 ne
3288 3426 3488 3483 culices
3515 3428 3744 3499 quidem
3767 3449 3868 3486 ex-

2203 3585 2211 3592 _
2260 3514 2460 3585 pellere
2484 3529 2791 3586 possumus,
2821 3513 3018 3570 nedum
3046 3515 3362 3572 daemonas?
3387 3520 3479 3590 qui
3517 3535 3586 3576 ne
3612 3523 3709 3577 uni
3741 3524 3867 3594 qui-

2257 3606 2384 3663 dem
2410 3607 2613 3661 homini
2641 3607 2899 3677 prodesse
2918 3607 3182 3675 valemus,
3209 3609 3402 3665 nedum
3432 3595 3870 3681 universo‘orbi,

2259 3711 2314 3756 et
2335 3710 2512 3755 tamen
2537 3708 2712 3755 tantos
2745 3700 2900 3756 nobis
2941 3700 3162 3771 spiritus
3188 3703 3473 3772 sumimus,
3508 3715 3758 3774 quantos
3793 3723 3868 3762 ne

2261 3807 2376 3862 ipse
2400 3791 2616 3864 quidem
2643 3792 2934 3848 diabolus?

2333 3884 2385 3940 5.
2429 3883 2679 3952 Superbia
2714 3900 2868 3955 quant
2908 3885 3076 3940 aliena
3114 3885 3175 3940 ab
3215 3887 3387 3942 anima
3429 3885 3756 3945 Christiana.
3791 3921 3870 3934 —

2261 3974 2403 4029 Nihil
2431 3990 2582 4045 mque
2619 3975 2853 4030 alienum
2885 3976 2952 4031 ab
2991 3977 3167 4032 anima
3193 3977 3495 4035 Christiana
3538 3991 3622 4036 est
3663 3998 3739 4039 ac
3773 4001 3881 4039 su—

2263 4067 2446 4138 perbia
2476 4085 2489 4120 :
2515 4067 2820 4136 superbiam
2862 4068 3006 4136 dico,
3055 4085 3162 4125 non
3195 4069 3487 4140 fidentiam,
3541 4090 3650 4130 non
3681 4078 3882 4134 virilis

2263 4159 2426 4215 animi
2459 4159 2859 4227 fortitudinem;
2907 4177 3028 4216 nam
3079 4162 3178 4218 ista
3210 4163 3428 4234 quidem
3473 4169 3886 4225 convenientia

2263 4259 2422 4315 sunt;
2449 4250 2606 4320 longe
2633 4250 2776 4305 enim
2806 4251 2874 4307 ab
2904 4251 2991 4307 illa
3015 4251 3287 4311 dill‘erunt.
3310 4255 3683 4322 Quamobrem
3717 4261 3889 4316 aliud

2265 4342 2479 4412 quidem
2523 4351 2602 4397 est
2633 4343 2924 4409 humilitas,
2957 4344 3100 4400 aliud
3128 4361 3258 4402 vero
3303 4347 3640 4406 illiberalitas
3670 4362 3741 4408 et
3791 4368 3902 4413 as-

2265 4435 2496 4490 sentatio
2537 4444 2592 4491 et
2631 4435 2820 4490 molles
2865 4436 3158 4493 blanditiae.
3207 4439 3285 4495 Ac
3329 4441 3374 4494 si
3421 4442 3604 4508 vultis,
3660 4443 3894 4501 horum

2265 4525 2502 4581 omnium
2529 4539 2628 4596 ego
2666 4525 2821 4581 vobis
2859 4529 3103 4598 exempla
3141 4528 3382 4585 afferam.
3412 4530 3689 4588 Videntur
3725 4538 3901 4592 enim

2263 4634 2383 4690 qua:
2407 4619 2672 4672 contraria
2703 4629 2826 4672 sunt
2864 4618 3004 4675 inter
3026 4635 3107 4686 se,
3136 4635 3303 4692 prope
3329 4623 3751 4692 quodammodo
3799 4645 3904 4685 cs-

2267 4727 2326 4766 se
2368 4710 2559 4781 posita,
2589 4719 2646 4765 ut
2691 4709 2956 4766 frumento
2986 4711 3209 4778 zizania,
3241 4723 3295 4768 et
3334 4714 3472 4769 rosis
3517 4715 3706 4786 spiam
3737 4736 3759 4787 ;
3796 4721 3909 4777 sed

2268 4801 2418 4872 pueri
2449 4801 2663 4870 quidem
2706 4800 2976 4869 fallantur,
3027 4803 3116 4873 qui
3161 4812 3340 4859 autem
3387 4821 3515 4862 vere
3560 4819 3709 4864 sunt.
3757 4813 3907 4880 viri,

2267 4890 2560 4962 spiritualis
2605 4891 2942 4961 agriculturae
2993 4893 3170 4961 periti,
3223 4904 3424 4949 norunt
3463 4911 3589 4952 vera
3642 4897 3824 4956 bona
3879 4919 3916 4958 a

2269 4980 2422 5035 malis
2443 4981 2788 5051 distinguere.
2817 4983 2928 5052 Age
2957 4981 3119 5053 igitur
3143 4985 3387 5055 exempla
3414 4986 3565 5042 vobis
3593 5003 3676 5044 ex
3719 4992 3914 5062 ipsis-

2268 5081 2379 5129 met
2405 5073 2695 5158 _Scripturis
2718 5089 3098 5144 proponamus.
3128 5076 3266 5145 Quid
3290 5077 3504 5134 tandem
3538 5089 3622 5136 est
3677 5097 3920 5143 assen-

2269 5166 2400 5221 tatio
2427 5175 2481 5222 et
2508 5166 2840 5222 illiberalitas
2873 5176 2928 5222 et
2957 5168 3136 5223 mollis
3168 5169 3469 5226 blanditia?
3494 5170 3626 5228 Siba
3668 5175 3919 5234 intem-

2237 5258 2476 5328 pestive
2521 5257 2705 5314 Davidi
2752 5269 2837 5314 est
2889 5268 3210 5326 assentatus,
3262 5277 3527 5332 suumque
3576 5264 3928 5329 dominum

2272 5349 2583 5405 criminatus
2609 5361 2725 5416 est;
2755 5351 2923 5405 multo
2951 5362 3128 5408 autem
3151 5355 3318 5426 magis
3340 5356 3684 5427 Achitopbel
3720 5365 3932 5421 Absa-

2275 5441 2408 5496 loni.
2438 5441 2508 5496 At
2551 5459 2656 5497 non
2686 5442 2808 5498 talis
2838 5444 3025 5512 David,
3068 5445 3161 5500 sed
3204 5445 3424 5504 humilis
3455 5449 3528 5520 (2.
3563 5449 3728 5525 Reg.
3788 5459 3932 5531 16),

2274 5533 2375 5599 Qui
2422 5534 2563 5588 enim
2601 5533 2810 5589 subdoli
2858 5545 3001 5601 sunt,
3052 5547 3418 5597 assentatores
3457 5551 3580 5597 sunt
3608 5561 3627 5598 ε
3691 5564 3934 5618 quem-

2274 5623 2561 5679 admodum
2609 5640 2728 5680 cum
2775 5627 2916 5698 magi
2946 5627 3170 5685 dicunt:
3215 5631 3354 5699 Vive,
3406 5651 3517 5701 rex,
3568 5637 3632 5691 in
3699 5649 3940 5702 uincula

2279 5715 2440 5786 (Dan.
2471 5715 2526 5769 2.
2559 5716 2634 5788 4).
2671 5718 2749 5772 Ac
2784 5718 2849 5774 de
2877 5718 3044 5776 Paulo
3070 5723 3237 5778 multa
3278 5724 3581 5795 bujusmodi
3617 5727 3942 5794 invenie-

2281 5823 2404 5865 mus
2431 5808 2481 5865 in
2520 5811 2686 5880 Actis,
2715 5827 2836 5868 cum
2857 5811 3054 5873 Judteis
3081 5813 3156 5870 ita
3185 5814 3504 5887 disserente,
3534 5826 3593 5874 ut
3640 5838 3790 5883 non
3834 5845 3946 5888 as-
