4170 6492
320 378 418 447 213
1231 372 1298 435 IN
1342 378 1563 436 EPIST.
1608 379 1701 435 AD
1737 379 2032 438 PHILIPP.
2073 383 2228 444 CAP.
2269 386 2335 445 11.
2377 386 2613 443 HOMIL.
2658 385 2738 439 V-

321 511 464 563 ἔσται
489 501 757 572 λυπηρόν.
779 499 841 552 Εἰ
864 497 934 566 γῖκ
944 509 973 568 ρ
997 494 1142 570 παρά
1170 499 1262 551 τοῦ
1283 499 1402 564 ἐνὸς
1430 499 1589 553 τοῦτο
1609 501 1896 573 γινόμενον

317 596 471 669 ἀρκεῖ
499 592 660 645 λῦσαι
683 591 866 644 πᾶσαν
885 589 1220 660 ἐρεσχελίαν,
1251 591 1378 644 ὅταν
1400 593 1552 663 παρά
1574 593 1898 665 ἀμφοτέρων

314 687 369 764 ᾖ,
403 687 482 750 τίς
504 683 756 755 διακόψει
790 681 995 754 ταύτην
1024 683 1122 754 τὴν
1147 684 1485 753 ἀσφάλειαν;
1523 686 1656 739 Οὐδὲ
1680 687 1842 750 αὐτὸς
1869 689 1898 739 6

314 781 580 843 διάϐολος*
618 777 884 848 τριπλοῦν
915 777 1026 848 γάρ
1065 777 1247 840 ἔσται,
1275 778 1371 831 καὶ
1397 778 1761 850 τετραπλοῦν,
1802 780 1897 834 καί¹

315 868 712 926 πολλαπλάσιον
737 866 799 920 τὸ
827 866 1112 937 ὀχύρωμα.
1151 869 1375 922 Πάντων
1404 870 1512 939 γὰρ
1539 869 1649 925 τῶν
1673 869 1897 940 ἀγαθῶν

313 965 453 1021 αἰτία
486 965 520 1035 ή
554 962 1051 1034 ταπεινοφροσύνη.
1086 962 1198 1015 Καὶ
1240 963 1328 1015 ἶνα
1374 963 1575 1034 μάθῃς,
1611 964 1776 1019 ἄκουε
1803 965 1894 1019 τοῦ

313 1059 587 1131 προφήτου
613 1055 886 1125 λέγοντος,
921 1055 1001 1108 ὃτι
1023 1057 1088 1108 El
1111 1053 1422 1124 ἠθέλησας
1444 1056 1682 1123 θυσίαν,
1705 1057 1898 1111 ἔδωκα
1918 1086 1924 1090 -

313 1150 388 1204 ἇν
402 1166 416 1182 ο
445 1145 919 1216 ὁλοκαυτώματα
935 1149 1045 1200 οὐκ
1067 1145 1446 1215 εὐδοκήσεις.
1471 1147 1665 1201 Θυσία
1680 1147 1758 1214 τῷ
1775 1149 1897 1212 Θεῷ

312 1240 540 1309 πνεῦμα
565 1236 1097 1308 συντετριμμένον
1120 1237 1372 1308 καρδίαν
1384 1239 1898 1309 συντετριμμένην

314 1335 404 1390 καί
430 1332 948 1401 τεταπεινωμένην
974 1335 1007 1385 ό
1030 1331 1176 1398 Θεὸς
1196 1334 1306 1386 οὐκ
1337 1331 1756 1396 ἐξουδενώσει.
1782 1333 1896 1404 Οὐχ

313 1425 488 1490 ἁπλῶς
535 1425 591 1479 δέ
636 1423 1149 1495 ταπεινοφροσύνην
1181 1425 1437 1488 ἀπαιτεῖ,
1495 1424 1609 1479 ἀλλ’
1643 1425 1895 1478 ἐπίτασιν

312 1515 827 1588 ταπεινοφροσύνης.
868 1515 1138 1586 Καθάπερ
1173 1515 1282 1588 γάρ
1330 1515 1424 1568 ἐπὶ
1464 1516 1572 1570 τῶν
1623 1517 1894 1587 σωμάτων

312 1608 370 1663 τὸ
418 1605 881 1677 συντετριμμένον
936 1606 1037 1659 οὐκ
1094 1604 1162 1660 ἂν
1222 1606 1564 1677 ἐπανασταίη
1625 1608 1756 1662 ποτὲ
1816 1607 1894 1680 τῷ

315 1701 539 1774 στερρῷ,
567 1699 682 1753 ἀλλ’
705 1700 808 1752 ὅσα
838 1699 904 1752 ἀν
932 1699 1082 1773 πάθῃ
1111 1699 1281 1763 δεινὰ,
1309 1699 1577 1771 πρότερον
1601 1699 1733 1753 αὐτὸ
1755 1701 1894 1754 ἀπο-

316 1792 492 1857 λείται,
522 1792 555 1862 ἢ
578 1789 754 1862 ἐτέρῳ
784 1789 1198 1854 ἐπεξελεύσεται
1220 1805 1234 1819 ·
1266 1789 1409 1843 οὕτω
1433 1790 1636 1844 καὶέπὶ
1660 1793 1758 1862 τῆς
1785 1791 1890 1860 ψυ-

317 1887 442 1956 χῆς,
479 1885 768 1956 αἱρήσεται
815 1883 1018 1954 μᾶλλον
1056 1883 1246 1946 κακῶς
1272 1885 1558 1955 πάσχουσα
1596 1885 1892 1950 διαπαντὸς

320 1977 411 2030 καί
449 1975 756 2041 ἀποθανεῖν,
798 1976 831 2046 ἢ
871 1974 1027 2048 [250]
1061 1975 1372 2040 ἐπεξελθεῖν
1414 1976 1508 2029 καὶ
1557 1976 1889 2048 ἀμύνασθαι.

322 2069 493 2140 Ῐιῑέχρι
523 2068 663 2132 τίνος
688 2067 994 2139 φυσώμεθα
1029 2067 1262 2138 φύσημα
1287 2067 1522 2137 γέλωτος
1547 2068 1730 2135 ἀξιον;
1763 2071 1892 2123 ’Ὡσ-

324 2178 422 2228 περ
588 2160 656 2215 τά
696 2160 906 2227 παιδία,
940 2161 1069 2214 ὅταν
1109 2160 1327 2231 ὁρῶμεν
1357 2161 1748 2233 ἀνατεινόμενα
1796 2164 1892 2217 καὶ

317 2249 652 2321 γαυρούμενα
682 2250 954 2322 γελῶμεν,
990 2251 1024 2323 ἢ
1071 2251 1168 2306 καὶ
1196 2251 1342 2306 λίθον
1385 2254 1610 2324 αἴροντα
1651 2255 1748 2308 καὶ
1805 2257 1889 2326 ρι-

311 2341 540 2397 πτοῦντα
569 2341 734 2396 πάλιν
774 2343 1024 2414 γελῶμεν
1047 2360 1060 2374 ·
1092 2342 1266 2408 οὕτως
1319 2345 1469 2398 ἐστὶν
1503 2348 1534 2416 ή
1583 2347 1812 2401 ἀπόνοια
1852 2350 1885 2421 ή

305 2433 637 2507 ἀνθρωπίνη,
666 2435 931 2504 παιδικῆς
958 2434 1018 2488 δν
1045 2435 1286 2499 διανοίας
1313 2437 1406 2491 καί
1438 2437 1663 2502 ἀτελοῦς
1691 2440 1888 2512 φρενὸς

304 2526 564 2598 γέννημα.
605 2525 667 2582 Ti
696 2526 808 2595 γὰρ
844 2529 1360 2596 ὑπερηφανεύεται
1391 2527 1468 2599 γῆ
1493 2530 1588 2583 καί
1618 2532 1848 2600 σποδός
1866 2551 1886 2598 ;

302 2619 455 2686 Μέγα
485 2620 735 2689 φρονεῖς,
767 2617 1054 2690 ἀνθρωπες
1095 2617 1184 2672 διά
1217 2619 1304 2687 τί;
1341 2621 1394 2673 τί
1422 2620 1483 2674 τὸ
1519 2622 1729 2693 κέρδος,
1767 2625 1887 2679 εἰπέ

303 2728 427 2782 μοις
463 2711 637 2766 πόθεν
670 2711 727 2765 δὲ
761 2711 860 2764 καὶ
901 2711 1044 2784 μέγα
1088 2715 1307 2784 φρονεῖς
1357 2714 1497 2768 κατά
1535 2716 1642 2769 τῶν
1680 2719 1886 2788 ὁμοφύ-

295 2800 422 2869 λωνς
473 2800 606 2872 οὐχὶ
647 2803 748 2872 τῆς
791 2801 962 2872 αὐτῆς
1015 2793 1264 2874 μετέχεις
1317 2803 1571 2874 φύσεως;
1627 2809 1749 2878 οὑχί
1785 2809 1887 2879 τῆς

294 2893 458 2964 αὐτῆς
481 2893 713 2966 ψυχῆς;
744 2894 844 2964 οὐχ
869 2893 1074 2965 ὁμοίως
1102 2895 1400 2966 τετίμησαι
1427 2899 1575 2968 παρὰ
1597 2901 1690 2954 τοῦ
1717 2900 1881 2970 Θεοῦ;

302 2985 454 3040 Ἀλλά
499 2985 678 3054 σοφὸς
725 2978 811 3053 εἷς
855 2986 1068 3040 Οὐκοῦν
1102 2987 1468 3060 εὐχαριστεῖν,
1504 2992 1565 3044 οὐ
1609 2995 1883 3062 φυσᾶσθαι

286 3078 534 3146 ὀφείλεις.
603 3078 806 3150 Πρώτη
857 3079 1182 3151 ἀχαριστία,
1239 3081 1508 3136 ἀπόνοια·
1565 3087 1883 3158 ἀφαιρεῖται

283 3169 385 3237 γὰρ
411 3169 509 3240 τῆς
549 3167 888 3240 εὐεργεσίας
914 3167 976 3222 τὸ
1014 3167 1208 3240 δῶρον.
1251 3171 1310 3224 '0
1349 3172 1458 3243 γὰρ
1485 3174 1880 3248 ἐπαιρόμενος,

280 3259 350 3323 ὡς
386 3260 550 3326 αὐτὸς
599 3259 957 3332 κατορθώσας
980 3263 1271 3334 ἐπαίρεται
1295 3279 1310 3294 ·
1343 3267 1372 3319 ό
1396 3266 1455 3320 δὲ
1480 3269 1718 3338 νομίζων
1752 3288 1884 3327 κατ-

276 3353 569 3424 ωρθωκένα
595 3370 632 3419 ι,
667 3353 961 3426 ἀχάριστός
995 3356 1112 3408 ἐστι
1159 3357 1288 3429 περὶ
1335 3357 1426 3411 τὸν
1473 3359 1740 3415 δεδωκότα
1782 3363 1881 3434 τὴν

273 3445 450 3516 τιμήν.
487 3444 730 3500 Ἐνεστί
770 3444 854 3497 σοί
884 3462 936 3498 τι
969 3446 1206 3515 ἀγαθόν;
1247 3450 1575 3522 Εὐχαρίστει
1608 3452 1687 3524 τῷ
1715 3455 1879 3509 δεδω-

269 3537 404 3590 κότι.
438 3537 728 3591 Ἀκο-υσον
767 3535 820 3589 τί
859 3554 1025 3608 φησιν
1056 3538 1084 3590 6
1127 3539 1349 3612 Ἰωσὴφ,
1390 3541 1442 3595 τί
1480 3543 1537 3597 δέ
1590 3547 1618 3598 6
1657 3547 1876 3618 Δανιήλ.

273 3627 378 3680 Τοῦ
403 3627 514 3698 γὰρ
551 3627 833 3698 βασιλέως
865 3628 1148 3697 Αἰγύπτου
1179 3635 1682 3706 μεταπεμψαμένου
1717 3640 1878 3692 αὐτὸν

273 3717 382 3773 ἀπὸ
405 3718 504 3772 τοῦ
540 3719 958 3790 δεσμωτηρίου,
997 3721 1092 3774 καὶ
1132 3724 1234 3775 ἐπὶο
1262 3724 1444 3796 πάσης
1479 3727 1581 3798 τῆς
1616 3733 1878 3800 στρατιᾶς

274 3809 692 3882 πυνθανομένου
727 3811 822 3864 ἐπὶ
850 3812 1161 3883 πράγματι,
1189 3816 1274 3885 ἐφ’
1315 3810 1359 3885 ᾧ
1399 3819 1598 3882 πάντες
1626 3822 1878 3894 παρεχώο

272 3918 445 3971 ρησαν
497 3902 810 3972 Αἰγύπτιοι
873 3906 922 3957 οἰ
981 3905 1113 3975 περὶ
1163 3907 1334 3962 ταῦτα
1390 3911 1623 3980 μάλιστα
1676 3913 1873 3980 δεινοὶ,
1917 3955 1926 3961 ς

270 3991 477 4059 μέλλων
508 3995 688 4058 αὐτὸς
725 3998 867 4048 κατά
908 3999 1016 4050 πᾶν
1047 3999 1391 4072 ὑπεραίρειν,
1433 4004 1528 4056 καὶ
1566 4005 1876 4078 σοφώτερος

267 4086 615 4158 φανήσεσθαι
681 4086 794 4140 τῶν
833 4089 1217 4160 ἀστρολόγων,
1275 4094 1384 4147 τῶν
1439 4097 1719 4166 μάντεων,
1767 4099 1874 4154 τῶν

261 4179 510 4249 γοήτων,
555 4181 674 4235 τῶν
723 4182 947 4252 μάγων,
999 4186 1218 4238 πάντων
1274 4187 1380 4239 τῶν
1427 4189 1730 4258 φιλοσόφων
1764 4192 1874 4246 τῶν

259 4268 399 4336 τότε,
427 4272 544 4326 ἀπὸ
577 4273 692 4343 τῆς
719 4274 1100 4344 αἰχμαλωσίας
1132 4277 1224 4329 καὶ
1256 4277 1519 4347 δουλείας,
1557 4283 1772 4336 παιδίον
1797 4283 1873 4336 ὢν

260 4361 386 4430 (καὶ
421 4364 538 4436 γάρ
587 4366 722 4419 τότε
781 4367 985 4437 μείζων
1032 4369 1225 4440 ἡδόξα
1253 4387 1266 4400 ·
1306 4373 1366 4445 οὐ
1413 4373 1522 4445 γάρ
1564 4375 1711 4428 ἐστιν
1759 4377 1872 4430 ἴσον

255 4457 594 4527 φαινόμενον
651 4458 919 4528 λάμπειν.
969 4463 1064 4515 καὶ
1112 4463 1267 4535 ποιρά
1317 4466 1676 4535 προτδοκίαν⁸
1730 4469 1869 4524 ὥστε

255 4547 348 4632 καὶ
368 4549 432 4600 τὸ
455 4553 596 4623 παρ’
633 4551 867 4615 ἐλπίδας
896 4553 1070 4606 ἐποίει
1092 4556 1255 4609 αὐτὸν
1276 4555 1750 4632 θαυμαστότερον)
1771 4580 1784 4593 ·
1818 4563 1870 4616 τί

251 4631 346 4691 οὖν
374 4633 540 4705 οὗτος
574 4639 879 4712 παρελθὼν
919 4637 1042 4696 εἶπε
1070 4644 1149 4714 τῷ
1186 4646 1418 4716 Φαραώ;
1449 4649 1533 4702 ὅτι
1562 4631 1691 4716 Ναὶ,
1712 4647 1866 4718 οἶδας

249 4729 360 4800 Οὐχ
390 4731 576 4795 οὕτως
607 4749 620 4762 ’
658 4731 801 4785 ἀλλά
826 4733 910 4794 τίς
935 4734 1165 4800 Οὐδενὸς
1195 4738 1358 4792 αὐτὸν
1395 4740 1731 4812 ἐλέγχοντος,
1762 4746 1871 4799 ἀπὸ

250 4821 456 4893 πολλῆς
491 4825 598 4894 τῆς
629 4825 1064 4899 εὐγνωμοσύνης
1100 4829 1154 4882 τί
1195 4847 1400 4900 φησινς
1448 4836 1594 4904 Οὐχὶ
1639 4836 1736 4891 διὰ
1760 4841 1868 4895 τοῦ

246 4917 396 4970 Θεοῦ
431 4919 472 4987 ή
519 4917 909 4987 διασάφησις
955 4921 1158 4974 αὐτῶν
1181 4924 1388 4990 ἐστιν;
1421 4926 1599 4998 Ὅρα’
1642 4930 1734 4983 τὸν
1770 4934 1868 4984 Δε-

247 5009 454 5082 σπότην
491 5011 718 5074 εὐθέως
764 5010 1020 5078 ἐδόξατε·
1065 5013 1156 5068 διά
1198 5015 1358 5070 τοῦτο
1409 5018 1505 5072 καὶ
1549 5021 1710 5084 αὐτὸς
1755 5023 1869 5078 ἐδο-

244 5099 442 5173 ξάσθη.
472 5105 554 5156 Οὐ
601 5102 813 5174 μικρὸν
841 5103 900 5156 δὲ
923 5105 1082 5159 τοῦτο
1104 5107 1183 5170 εἰς
1212 5107 1372 5180 δόξης
1401 5109 1560 5179 λόγον
1581 5129 1593 5142 ·
1628 5112 1723 5166 τοῦ
1758 5115 1866 5187 γάρ

241 5193 406 5248 αὑτὸν
436 5196 892 5267 κατωρθωκέναι
922 5198 985 5252 τὸ
1012 5200 1104 5254 τὸν
1131 5201 1265 5254 Θεὸν
1301 5204 1653 5276 ἀποκαλύψαι
1683 5207 1866 5278 μεῖζον

239 5287 442 5360 πολλῷ.
495 5289 732 5352 Ἀλλως
770 5289 827 5342 δὲ
865 5292 960 5345 καὶ
993 5291 1062 5346 τά
1114 5293 1381 5366 λεγόμενα
1431 5298 1680 5353 ἐντεῦθεν
1721 5301 1866 5369 ἀξιό-

238 5391 406 5433 πιστα
443 5380 662 5446 ἔδειξε,
720 5382 815 5434 καὶ
855 5383 1014 5436 τοῦτο
1046 5384 1146 5454 τῆς
1186 5388 1523 5454 οἰκειώσεως
1577 5391 1670 5445 τοῦ
1727 5393 1862 5447 Θεοῦ

237 5475 547 5544 τεκμήριον
607 5471 896 5543 μέγιστον.
949 5479 1117 5531 Οὐδὲν
1159 5479 1267 5550 γὰρ
1311 5481 1485 5546 οὑτως
1534 5483 1759 5552 ἀγαθὸν,
1789 5487 1864 5549 ὡς

235 5561 295 5615 τὸ
321 5564 684 5619 οἰκειοῦσθαι
710 5565 788 5636 τῷ
818 5566 956 5638 Θεῷ.
989 5569 1056 5622 El
1080 5570 1188 5639 γὰρ
1225 5573 1294 5638 ἐξ
1314 5574 1503 5642 ἔργων
1522 5577 1859 5646 ἐδικαιώθη,

235 5652 361 5724 ἔχει
388 5658 724 5726 καύχημα,
773 5660 957 5727 φησὶν,
991 5661 1129 5715 ἀλλ’
1167 5665 1237 5717 οὐ
1265 5668 1416 5734 πρὸς
1443 5666 1550 5720 τὸν
1594 5669 1762 5726 Θεόν.
1800 5669 1862 5724 Εἰ

236 5745 346 5818 γάρ
379 5751 410 5802 6
455 5751 706 5821 χάριτος
749 5749 1002 5816 ἀξιωθεὶς
1038 5758 1310 5826 καυχᾶται
1355 5760 1449 5812 ἐπὶ
1483 5759 1560 5830 τῷ
1595 5761 1743 5833 Θεῷ,
1776 5764 1860 5819 ὅτι

238 5839 529 5909 ἀγαπᾶται
550 5884 569 5911 ,
612 5842 815 5916 ἐπειδὴ
852 5846 1208 5920 συνεχωρήθη
1234 5849 1417 5922 αὐτῷ,
1451 5855 1544 5908 καὶ
1575 5853 1686 5926 ἔχει
1725 5857 1858 5912 καύ-

3484 393 3592 448 21ὓ

2006 521 2158 574 χημα
2196 506 2225 558 ὁ
2269 505 2672 577 ἐργαζόμενος,
2725 503 2839 558 ἀλλ’
2879 506 2938 558 οὐ
2982 506 3117 578 πρὸς
3165 507 3256 560 τὸν
3307 506 3471 574 Θεὸν,
3519 511 3596 573 ὡς

2005 595 2212 658 ἐκεῖνος
2231 614 2245 627 ·
2271 596 2373 665 τῆς
2403 597 2512 667 γάρ
2547 597 2750 669 πολλῆς
2784 597 3068 662 ἀσθενείας
3106 598 3405 669 τεκμήριον
3437 600 3596 654 τοῦτο

2003 685 2102 756 τῆς
2132 687 2404 758 ήμετέρας
2426 703 2440 717 ·
2470 690 2498 740 6
2533 687 2630 740 καὶ
2673 689 2866 757 σοφίαν
2896 687 3078 743 λαϐὼν
3121 693 3272 762 παρά
3303 693 3396 746 τοῦ
3433 692 3591 753 Θεοῦ.

2008 776 2158 844 πόσῳ
2189 775 2390 845 μᾶλλον
2419 777 2483 830 ἀν
2512 778 2597 848 εἴη
2629 778 2977 848 θαυμαστός;
3029 779 3279 844 Ἐδόξασε
3307 781 3400 834 τὸν
3436 783 3590 848 Θεὸν,

2006 868 2100 920 καὶ
2126 867 2387 941 ἐδοξάσθη
2420 870 2510 924 ὑπ’
2546 870 2712 924 αὑτοῦ
2737 885 2750 900 ·
2788 869 2940 937 Τοὺς
2962 870 3324 942 δοξάζοντάς
3350 893 3429 945 με
3459 877 3590 947 γάρ,

2005 962 2168 1030 φησὶ,
2203 961 2464 1027 δοξάσω.
2509 962 2681 1016 Πάλιν
2723 965 2752 1017 6
2789 962 3056 1032 ἀπόγονος
3088 967 3117 1018 ὁ
3153 966 3378 1033 τούτου,
3410 961 3472 1020 οῦ
3505 985 3594 1020 σο-

2005 1051 2246 1123 φώτερος
2277 1054 2452 1118 οὐδεὶς
2493 1053 2624 1125 (Μὴ
2674 1054 2784 1125 γὰρ
2809 1055 3149 1124 σοφώτερος
3183 1055 3256 1120 εἴ,
3297 1060 3468 1129 φησὶ,
3507 1061 3590 1113 σὺ

2003 1143 2110 1198 τοῦ
2155 1145 2380 1214 Δανιὴλ
2399 1147 2472 1212 ;),
2509 1141 2663 1211 οὗτος
2695 1147 2759 1218 δὴ
2785 1149 2814 1201 6
2838 1147 3037 1219 Δανιὴλ
3067 1148 3176 1200 τῶν
3216 1150 3272 1203 ἐν
3309 1149 3589 1203 Βαϐυλῶνι

1945 1227 1966 1243 ”
2003 1237 2222 1290 πάντων
2287 1239 2505 1306 σοφῶν,
2573 1240 2669 1294 καὶ
2731 1239 2914 1293 αὐτῶν
2979 1239 3143 1295 πάλιν
3205 1242 3586 1312 ἀστρολόγων,

2004 1324 2154 1398 [251]
2191 1329 2460 1398 μάντεων,
2508 1331 2720 1401 μάγων,
2755 1331 2989 1404 γοήτων,
3033 1330 3216 1398 πάσης
3249 1332 3588 1401 φιλοσοφίας,

2001 1419 2062 1472 οὐ
2106 1420 2264 1489 μόνον
2308 1423 2695 1501 ἐλεγχομένης,
2741 1410 2876 1476 ἀλλά
2922 1424 3017 1477 καὶ
3062 1425 3465 1495 ἀναιρουμένης
3498 1424 3594 1494 (τὸ

2002 1511 2110 1580 γὰρ
2133 1513 2475 1582 ἀναιρεῖσθαι
2503 1517 2803 1586 τεκμήριον
2842 1511 2910 1586 ἦν
2944 1515 3036 1568 τοῦ
3070 1515 3164 1569 καὶ
3198 1515 3466 1587 πρότερον
3497 1516 3594 1568 αὐ-

2001 1606 2128 1669 τοὺς
2178 1605 2599 1677 ἠπατηκέναι),
2645 1606 2932 1678 παρελθὼν
2983 1609 3072 1660 καὶ
3132 1607 3340 1678 μέλλων
3377 1608 3592 1662 ἐπιλύε-

2005 1696 2129 1750 σθαι
2167 1696 2229 1749 τὸ
2285 1697 2577 1768 ἐρώτημα,
2613 1699 2732 1752 οὐδέ
2766 1699 2932 1762 αὐτὸς
2976 1699 3412 1764 καλλωπίζεται,
3453 1699 3590 1754 ἀλλὰ

2001 1787 2266 1857 πρότερον
2303 1788 2588 1859 ἀνατίθησι
2638 1788 2716 1860 τῷ
2771 1789 2892 1860 Θεῷ
2943 1789 3004 1842 τὸ
3044 1790 3190 1852 πᾶν,
3243 1791 3338 1842 καί
3389 1807 3588 1860 φησιν·

2014 1877 2169 1946 Ἐμοὶ
2215 1878 2284 1931 δὲ
2321 1881 2434 1933 οὐκ
2482 1880 2552 1933 ἐν
2603 1881 2791 1950 σοφίᾳ
2836 1878 2912 1950 τῇ
2949 1882 3106 1950 οὔσῃ
3157 1881 3229 1934 ἐν
3267 1881 3396 1951 ἐμοὶ
3430 1883 3593 1949 παρὰ

2000 1964 2234 2033 πάντας
2272 1968 2624 2037 ἀνθρώπους
2653 1968 3073 2038 ἀπεκαλύφθη,
3093 1964 3443 2034 ὧβασιλεῦ.
3479 1970 3591 2022 Καὶ

2001 2059 2410 2130 προσεκύνησεν
2452 2061 2601 2134 αὐτῷ
2639 2063 2669 2114 6
2721 2061 3012 2132 βασιλεὺς,
3061 2062 3157 2115 καὶ
3199 2056 3320 2114 εἷπε
3366 2060 3582 2132 μαναάει

2001 2154 2243 2206 σπεῖσαι.
2294 2153 2461 2224 Ὀρᾷς
2492 2155 3030 2225 ταπεινοφροσύνηνς
3070 2156 3203 2225 ὁρᾷς
3236 2153 3587 2223 εὐγνωμοσύ-

1997 2259 2131 2314 νην;
2157 2245 2288 2315 ὁρᾷς
2318 2245 2520 2313 ἄτυφον
2557 2241 2724 2316 ἦθος;
2765 2247 2966 2298 Ἀκουε
3007 2245 3104 2299 καὶ
3132 2244 3241 2297 τῶν
3271 2244 3588 2298 ἀποστόλων

1997 2335 2299 2404 λεγόντων,
2345 2337 2476 2390 ποτὲ
2515 2337 2648 2407 μὲν,
2689 2339 2751 2391 Τί
2798 2338 2944 2406 ἡμῖν
2993 2335 3316 2399 ἀτενίζετε,
3356 2335 3437 2401 ὡς
3469 2333 3588 2403 ἰδίᾳ

1997 2424 2249 2496 δυνάμει
2289 2427 2326 2495 ἢ
2369 2427 2650 2495 εὐσεϐείᾳ
2685 2428 3052 2494 πεποιηκόσι
3094 2427 3202 2482 τοῦ
3243 2424 3590 2496 περιπατεῖν

1996 2519 2221 2582 αὐτόν;
2270 2518 2402 2571 ποτε
2454 2518 2512 2572 δὲ
2547 2519 2746 2583 πάλιν,
2796 2520 2987 2588 Ἡμεῖς
3025 2519 3405 2589 ὁμοιοπαθεῖς
3441 2517 3589 2588 ὑμῖν

1994 2609 2185 2679 ἐσμεν
2217 2609 2539 2679 ἄνθρωποι.
2570 2613 2633 2664 El
2656 2612 2712 2664 δὲ
2744 2614 2940 2665 ἐκεῖνοι
2967 2612 3260 2682 δεδομένας
3293 2611 3461 2679 τιμὰς
3489 2608 3585 2662 οὑ-

1994 2718 2102 2764 τως
2126 2701 2516 2772 ἀπεκρούοντο,
2551 2702 2646 2755 ἄνθ
2658 2720 2827 2774 ρωποι
2864 2703 3086 2774 μείζονα
3111 2702 3204 2756 τοῦ
3239 2701 3476 2772 Χριστοῦ
3496 2701 3584 2754 δ’ιά

1993 2793 2095 2864 τὴν
2126 2792 2221 2845 τοῦ
2251 2791 2491 2863 Χριστοῦ
2524 2794 3030 2864 ταπεινοφροσύνην
3071 2794 3458 2864 ἐργαζόμενοι,
3489 2794 3585 2846 καὶ

1993 2881 2084 2936 διὰ
2134 2883 2233 2955 τήν
2280 2883 2445 2937 αὐτοῦ
2491 2883 2720 2956 δύναμιν
2765 2885 2860 2954 (Ὀ
2915 2885 3024 2956 γὰρ
3070 2886 3371 2939 πιστεύων
3414 2885 3578 2953 ἐμοὶ,

1994 2973 2148 3044 φησι,
2169 2974 2408 3043 μείζονα
2423 2974 2665 3043 ποιήσει
2683 2969 2771 3029 ὧν
2792 2977 2905 3046 ἐγὼ
2929 2977 3123 3046 ποιῶ)·
3150 2977 3266 3040 πῶς
3285 2977 3385 3030 οὐκ
3410 2975 3582 3031 ἄθλιοι

1993 3067 2088 3119 καὶ
2123 3065 2482 3137 ταλαίπωροι,
2517 3070 2566 3120 οἱ
2587 3051 2738 3138 ’μηδέ
2775 3067 3043 3130 κώνωπας
3073 3068 3304 3138 σοϐἦσαι
3347 3067 3585 3138 δυνάμε-

1992 3175 2102 3223 νοι,
2169 3160 2300 3229 μήτι
2356 3176 2421 3228 γε
2483 3158 2779 3229 δαίμονας;
2829 3161 2878 3213 οἱ
2947 3160 3080 3230 μηδὲ
3139 3159 3236 3213 ἕνα
3293 3159 3583 3231 ἄνθρωπον

1989 3250 2270 3319 ὠφελῆσαι
2313 3251 2620 3322 ἰσχύοντες,
2669 3252 2802 3322 μήτι
2843 3267 2904 3319 γε
2936 3249 3033 3321 τὴν
3073 3249 3400 3319 οἰκουμένην
3435 3248 3582 3303 ἀπα-

1992 3357 2113 3404 σαν,
2139 3341 2236 3393 καὶ
2269 3342 2525 3395 τοσοῦτον
2548 3340 2892 3411 φρονοῦντες,
2917 3341 3040 3394 ὅσον
3067 3339 3188 3392 οὐδὲ
3226 3338 3383 3402 αὐτὸς
3413 3340 3440 3390 6
3466 3339 3582 3392 διὰ-

1990 3433 2143 3497 6ολος
2157 3450 2172 3499 ;
3019 3490 3026 3496 _

2057 3531 2126 3593 γ’.
2166 3525 2334 3578 Οὐδὲν
2393 3523 2537 3578 οὑτω
2577 3524 2754 3595 ψυχῆς
2786 3524 3063 3594 ἀλλότριον
3089 3523 3450 3595 Χριστιανῆς,
3508 3523 3584 3586 ὡς

1987 3611 2212 3666 ἀπόνοια
2237 3627 2250 3640 °
2274 3612 2532 3665 ἀπόνοιαν
2552 3611 2715 3678 λέγω,
2738 3613 2798 3664 οὐ
2825 3612 3140 3683 παρρησίαν
3165 3610 3284 3664 οὐδὲ
3304 3611 3577 3680 ἀνδρείαν·
3685 3641 3688 3644 ν

1987 3701 2168 3753 ἐκεῖνα
2207 3700 2314 3772 γὰρ
2363 3702 2560 3754 οἰκεῖα.
2585 3699 2812 3769 Ἕτερον
2859 3701 2966 3770 γάρ
2999 3717 3050 3752 τι
3099 3699 3257 3752 τοῦτό
3293 3702 3442 3762 ἐστι,
3489 3703 3582 3753 καί

1986 3786 2172 3858 ἕτερον
2219 3790 2394 3840 ἐκεῖνο
2427 3804 2441 3817 °
2485 3787 2626 3839 ὥστε
2668 3787 2856 3856 ἕτερον
2885 3787 2909 3824 δ
2945 3787 3043 3857 μὲν
3084 3786 3579 3857 ταπεινοφροσύνη,

1984 3874 2170 3946 ἕτερον
2195 3877 2251 3929 δὲ
2279 3875 2628 3946 ἀνελευθερία
2655 3876 2749 3929 καὶ
2778 3875 3038 3929 κολακεία
3060 3876 3154 3929 καὶ
3184 3874 3417 3930 θωπεία.
3449 3877 3578 3936 Καὶ,

1985 3964 2034 4016 εἰ
2070 3963 2357 4034 βούλεσθε,
2407 3963 2626 4017 πάντων
2657 3961 2864 4016 τούτων
2914 3964 3043 4033 ὑμῖν
3093 3963 3162 4017 τά
3205 3961 3580 4034 ὑποδείγματα

1985 4051 2222 4124 παρέξω.
2257 4055 2419 4106 Δοκεῖ
2469 4052 2579 4122 γάρ
2614 4069 2730 4116 πως
2766 4052 3184 4121 παρυφεστάναι
3215 4051 3284 4104 τὰ
3334 4051 3575 4113 ἐναντία.

1983 4139 2173 4210 ὥσπερ
2211 4140 2288 4211 τῷ
2313 4139 2442 4210 σίτῳ
2464 4139 2530 4193 τὰ
2563 4139 2797 4204 ζιζάνια,
2833 4139 2926 4192 καὶ
2955 4137 3033 4208 τῷ
3059 4138 3196 4208 ῥόδῳ
3229 4139 3283 4191 αἰ
3319 4138 3571 4191 ἄκανθαι.

1995 4227 2156 4282 Ἀλλά
2176 4229 2364 4291 παῖδες
2389 4228 2488 4298 μὲν
2511 4228 2750 4288 εὐκόλως
2775 4227 2841 4280 ἂν
2863 4226 3214 4302 ἀπατηθεῖεν,
3242 4229 3289 4278 οἱ
3321 4227 3377 4278 δέ
3407 4226 3575 4288 ὅντως

1981 4317 2192 4388 ἄνδρες,
2235 4318 2331 4386 τῆς
2379 4319 2757 4388 πνευματικῆς
2805 4317 2958 4379 ὄντες
2989 4315 3263 4386 γεωργίας
3295 4314 3550 4385 ἔμπειροι

1985 4404 2130 4458 ίσασι
2183 4405 2251 4457 τὰ
2284 4405 2453 4467 ὅντως
2481 4404 2662 4472 ἀγαθά
2704 4404 3024 4476 ἀποκρίνειν
3054 4403 3163 4456 τῶν
3195 4404 3403 4457 κακῶν.
3437 4405 3575 4475 Φέρε

1979 4487 2094 4556 οῦν,
2144 4492 2272 4562 ὑμῖν
2311 4491 2380 4544 τά
2423 4491 2796 4561 ὑποδείγματα
2827 4492 3008 4545 αὐτῶν
3053 4492 3162 4545 ἀπὸ
3189 4491 3300 4545 τῶν
3340 4493 3577 4564 Γραφῶν

1980 4581 2448 4651 παραστήσωμεν.
2489 4579 2556 4632 Τί
2588 4581 2718 4632 ποτέ
2743 4582 2857 4633 ἐστι
2888 4579 3170 4644 κολακεία,
3213 4580 3307 4634 καὶ
3350 4581 3575 4634 ἀνελευ-

1979 4668 2155 4741 θερία,
2178 4669 2272 4721 καὶ
2298 4667 2539 4733 θωπεία;
2567 4668 2626 4722 Ὀ
2646 4668 2781 4749 Σιϐᾶ
2801 4669 2893 4721 τὸν
2916 4667 3079 4721 Δαυῖδ
3104 4668 3398 4722 ἐκολάκευε
3424 4669 3577 4738 παρά

1977 4757 2188 4828 καιρὸν,
2227 4756 2320 4810 καὶ
2365 4756 2456 4810 τὸν
2488 4757 2760 4828 δεσπότην
2787 4756 3002 4811 διέϐαλε
3047 4757 3137 4810 τὸν
3171 4756 3367 4810 ἐαυτοῦ
3396 4774 3409 4787 ·
3435 4756 3574 4827 μᾶλ-

1976 4843 2066 4897 λον
2086 4844 2142 4896 δὲ
2175 4846 2204 4898 6
2232 4843 2513 4914 ’Δχιτόφελ
2531 4844 2623 4897 τὸν
2663 4844 3036 4913 Ἀϐεσσαλώμ.
3076 4843 3213 4896 Ἀλλ’
3235 4843 3333 4914 οὐχ
3357 4845 3384 4896 ὁ
3410 4841 3574 4898 Δαυτδ

1974 4931 2238 4997 τοιοῦτος,
2277 4932 2416 4996 ἀλλά
2443 4933 2855 5003 ταπεινόφρων.
2899 4933 3147 4996 Κόλακες
3195 4933 3304 5004 γάρ
3344 4934 3482 4987 είσιν
3521 4935 3570 4987 οἱ

1977 5020 2199 5076 ῦπουλοι
2224 5039 2238 5053 ·
2282 5016 2414 5087 οἷον,
2448 5023 2523 5085 ώς
2561 5023 2691 5075 ὃταν
2719 5023 2951 5091 λέγωσιν
2979 5022 3028 5075 οἰ
3065 5021 3251 5092 μάγοι,
3278 5022 3567 5085 Βασιλεῦ,

1975 5110 2101 5178 ζῆθι
2139 5113 2226 5176 εἰς
2258 5111 2401 5176 τοὺς
2428 5111 2669 5176 αἰῶνας.
2720 5111 2832 5164 Καὶ
2870 5111 2963 5164 ἐπὶ
2997 5111 3091 5163 τοῦ
3125 5110 3338 5164 Παύλου
3362 5113 3420 5163 ἐν
3448 5113 3570 5174 ταῖς

1975 5197 2212 5270 Πράξεσι
2255 5198 2426 5252 πολλὰ
2476 5198 2704 5252 τοιαῦτα
2749 5199 3077 5270 εὑρήσομεν,
3119 5199 3249 5253 ὅταν
3293 5199 3569 5262 Ἰουδαίοις

1973 5287 2318 5355 διαλέγηται,
2381 5287 2442 5340 οὐ
2491 5286 2835 5351 κολακεύων,
2887 5287 3022 5341 ἀλλά
3082 5287 3562 5357 ταπεινοφρονῶν·

1973 5371 2080 5428 οἶδε
2100 5375 2208 5446 γάρ
2237 5375 2330 5428 καὶ
2358 5374 2866 5446 παρρησιάζεσθαι·
2893 5374 2968 5438 ὡς
2984 5376 3113 5428 ὅταν
3131 5375 3284 5446 λέγῃ,
3315 5374 3568 5443 Ἄνδρες

1973 5463 2244 5533 ἀδελφοὶ,
2279 5464 2460 5520 οὐδὲν
2487 5464 2768 5518 ἐναντίον
2794 5462 3059 5531 ποιήσας
3089 5464 3168 5529 τῷ
3196 5461 3343 5528 λαῷ,
3376 5463 3412 5531 ἦ
3440 5463 3566 5530 τοῖς

1973 5553 2265 5623 πατρῴοις
2307 5556 2471 5610 ἔθεσι
2497 5597 2512 5622 ,
2553 5554 2800 5624 δέσμιος
2853 5553 2924 5618 ἐξ
2981 5553 3366 5624 Ἰερουσαλὴμ
3419 5569 3565 5623 παρ-

2035 5797 2051 5820 ⁸
2078 5799 2250 5848 Μαναά
2273 5813 2334 5847 ex
2363 5799 2552 5850 Hebrzm
2573 5811 2748 5866 arma,
2773 5799 2971 5865 donum,
2999 5798 3193 5852 oblatio.

2036 5868 2064 5909 δ
2092 5869 2277 5922 Mavult
2298 5871 2516 5922 Duneus
2535 5873 2598 5928 ὠς
2622 5871 2799 5935 ἕτερον.
