4170 6492
490 407 601 465 217

487 533 765 591 sentetur,
809 521 907 580 sed
937 520 1213 578 humiliter
1258 529 1382 592 agat
1414 539 1428 578 :
1462 523 1612 577 novit
1645 523 1790 577 enim
1836 530 1892 576 et
1933 521 2103 575 libere

488 634 560 673 ac
590 617 821 672 ﬁdenter
846 629 1041 685 agere;
1072 621 1130 668 ut
1166 628 1290 669 cum
1338 613 1547 682 inquit:
1586 611 1698 667 Viri
1724 612 1931 681 fratres,
1966 609 2099 664 nihil

483 710 739 765 adversus
766 708 964 780 plebem
988 706 1204 777 faciens,
1230 716 1317 759 aut
1344 723 1508 760 mores
1534 714 1792 776 paternos,
1816 704 2013 758 vinctus
2037 700 2099 755 ab

484 802 831 873 Jerosolgmis
863 800 1083 855 traditus
1123 816 1234 853 sum
1269 799 1408 870 (Act.
1441 798 1535 863 28,
1570 797 1682 869 17).
1728 796 1797 852 Ut
1827 796 1970 850 enim
2014 795 2100 849 in-

486 896 704 966 telligas
728 892 1053 948 humilitatis
1077 891 1242 946 fuisse
1268 891 1383 945 ha'c
1408 892 1594 957 verba,
1623 888 1746 943 audi
1768 903 1928 959 quam
1954 887 2100 956 ipsos

483 991 742 1060 objurgct
786 988 841 1042 in
885 986 1262 1057 sequentibus,
1319 984 1390 1039 ita
1433 984 1663 1039 dicens:
1699 983 1834 1037 Bene
1873 982 2102 1049 Spiritus

483 1092 697 1137 sanctus
725 1081 963 1150 loquutus
1012 1088 1109 1145 est,
1141 1076 1277 1131 Aure
1308 1076 1550 1141 audietis,
1580 1086 1626 1130 et
1657 1092 1758 1129 non
1783 1074 2097 1146 intelligetis,

483 1185 532 1229 et
574 1173 797 1228 videntes
835 1171 1089 1237 videbitis,
1122 1180 1170 1224 et
1201 1187 1303 1224 non
1335 1168 1652 1241 perspicietis
1688 1167 1823 1234 (Act.
1852 1167 1941 1223 25.
1976 1165 2094 1236 26).

485 1267 657 1322 Vides
710 1263 1122 1320 fortitudinem?
1181 1262 1285 1319 Sed
1337 1262 1563 1318 Joannis
1621 1261 1785 1316 etiam
1844 1261 2098 1329 Baptista:

482 1357 862 1413 fortitudinem
889 1355 1192 1419 considera,
1221 1371 1324 1425 qua
1358 1370 1482 1424 erga
1524 1352 1791 1408 Herodem
1834 1366 1963 1406 usus
1990 1360 2093 1419 est,

482 1452 678 1508 dicens
706 1470 719 1506 :
750 1449 877 1504 Non
916 1450 1032 1503 licet
1064 1448 1153 1501 tibi
1191 1448 1376 1501 habere
1416 1462 1628 1500 uxorem
1655 1444 1893 1515 Philippi
1919 1445 2097 1515 fratris

480 1547 564 1601 tui
592 1545 789 1617 (Marc.
823 1544 876 1599 6.
910 1541 1023 1614 18).
1048 1542 1163 1597 Hoc
1191 1540 1425 1596 ﬁdentia;
1451 1549 1555 1607 est,
1582 1539 1685 1594 hoc
1716 1537 2043 1594 fortitudinis
2075 1554 2089 1593 :

478 1650 541 1696 at
588 1656 696 1695 non
748 1638 910 1694 verba
965 1637 1055 1692 illa
1103 1636 1280 1691 Semci
1309 1654 1323 1692 :
1355 1634 1731 1707 Egredere,vir
1783 1634 2094 1705 sanguinum

480 1734 564 1802 (2.
604 1733 735 1804 Reg.
766 1731 857 1787 16.
890 1730 977 1801 7);
1012 1744 1334 1800 quamquam
1383 1737 1439 1784 et
1479 1727 1570 1783 ille
1615 1726 1842 1783 ﬁdenter
1878 1726 2090 1797 agebat.

479 1830 558 1881 At
587 1840 695 1881 nun
723 1826 825 1880 hoc
855 1822 1117 1879 fortitudo
1146 1830 1249 1889 est,
1293 1821 1389 1876 sed
1417 1820 1641 1875 audacia
1682 1829 1736 1875 et
1762 1818 2089 1875 contumelia

479 1929 543 1973 et
584 1919 776 1989 lingn:e
828 1916 1268 1986 intemperantia.
1310 1912 1529 1969 Iezabel
1573 1912 1737 1968 etiam
1782 1911 2089 1967 convicium

485 2010 622 2068 fecit
666 2009 817 2073 Jehu,
878 2009 1067 2064 dicens
1116 2026 1131 2062 :
1178 2007 1281 2075 Qui
1327 2006 1579 2077 interfecit
1634 2005 1897 2059 dominum
1936 2020 2087 2060 suum

486 2106 568 2174 (4.
604 2104 729 2175 Reg.
763 2103 817 2159 9.
848 2103 973 2173 5|);
1001 2101 1097 2157 sed
1131 2102 1232 2156 hoc
1260 2098 1484 2155 audacia
1522 2108 1660 2166 erat,
1695 2114 1800 2154 non
1842 2099 2086 2154 ﬁdentia.

480 2198 795 2255 Convieium
824 2205 879 2252 et
905 2196 1085 2251 Helias
1108 2195 1254 2261 fecit,
1285 2193 1380 2249 sed
1413 2192 1465 2248 id
1497 2192 1722 2249 fidentia
1748 2207 1811 2248 ac
1829 2192 2088 2249 fortitudo

472 2299 595 2346 erat
624 2309 638 2344 :
664 2289 793 2344 Non
818 2306 908 2360 ego
933 2289 1079 2342 turbo
1104 2287 1372 2359 pepulum,
1403 2285 1493 2340 sed
1524 2294 1596 2352 tu,
1627 2294 1675 2339 et
1712 2285 1895 2340 domus
1924 2287 2087 2356 patris

470 2388 551 2441 sui
588 2387 667 2458 (5.
706 2385 833 2459 Reg.
868 2386 957 2442 18.
995 2385 1106 2457 18).
1153 2385 1362 2440 Rursus
1403 2399 1541 2455 erga
1563 2385 1875 2440 universum
1917 2400 2086 2456 pupu-

467 2479 587 2534 lum
626 2478 861 2533 ﬁdenter
885 2476 1082 2548 agebat
1112 2475 1294 2531 Helias
1324 2475 1510 2531 dicens
1539 2491 1552 2529 :
1586 2474 1859 2546 Usquequo
1883 2476 2078 2530 claudi-

461 2575 601 2629 satis
626 2574 853 2641 utrisque
878 2572 1061 2628 vestris
1080 2570 1362 2642 poplitibus
1394 2568 1500 2641 (Ib.
1530 2586 1580 2623 υ.
1606 2568 1745 2639 2|)?
1779 2569 1891 2625 Hoc
1922 2570 2083 2640 igitur

464 2667 639 2723 modo
666 2676 890 2737 tangere
935 2665 1157 2721 ﬁdentia
1195 2675 1314 2721 erat
1347 2673 1403 2719 ct
1432 2663 1691 2719 fortitudo
1725 2682 1739 2719 :
1770 2664 1933 2734 idque
1958 2680 2081 2735 pro-

462 2760 653 2829 pheta:
682 2757 981 2824 faciebant;
1023 2756 1158 2813 illud
1184 2765 1367 2812 autem
1393 2756 1619 2811 audacia
1650 2764 1790 2811 erat.
1825 2757 1919 2811 Vis
1945 2774 2081 2827 prte-

458 2860 620 2906 terca
660 2848 1004 2917 humilitatis,
1054 2864 1118 2903 ac
1166 2837 1431 2903 libertatis
1476 2846 1669 2903 audire
1708 2847 1909 2903 verba?
1954 2849 2079 2905 audi

463 2944 711 3000 Paulum
746 2943 1062 3000 dicentem:
1096 2942 1232 2996 Mihi
1269 2954 1439 2997 autem
1471 2959 1563 3013 pro
1602 2943 1818 2997 minium
1845 2951 1939 3008 est,
1967 2952 2021 2996 ut
2049 2960 2080 2997 a

458 3037 849 3109 eobisiudicer,
879 3046 967 3091 aut
1001 3036 1064 3090 ab
1086 3037 1309 3091 humano
1335 3037 1418 3091 die
1449 3053 1469 3092 :
1492 3038 1580 3093 sed
1620 3054 1779 3108 neque
1805 3052 1885 3090 me
1909 3036 2079 3105 ipsmu

446 3130 665 3200 judico.
697 3128 847 3183 Nihil
874 3129 1009 3183 enim
1036 3129 1164 3182 mihi
1191 3130 1425 3184 conscius
1469 3144 1618 3194 sum;
1645 3129 1733 3184 sed
1762 3145 1863 3182 non
1901 3127 1955 3181 in
1982 3129 2078 3181 hoc

445 3223 777 3295 justi/icatus
801 3238 913 3277 sum
945 3222 1020 3292 (1.
1052 3220 1174 3278 Cor.
1206 3222 1261 3277 4.
1289 3222 1343 3278 3.
1379 3222 1459 3292 4).
1506 3220 1824 3292 Huiusmodi
1855 3219 2077 3291 spiritus

450 3316 833 3371 Christianum
856 3316 1081 3371 decent.
1102 3316 1180 3370 Ae
1201 3331 1414 3382 rursus,
1437 3315 1603 3369 Audet
1624 3316 1808 3385 aliquis
1831 3325 2072 3380 vestrum,

454 3410 656 3463 habens
698 3408 958 3480 negotium
992 3408 1234 3462 adversus
1263 3407 1504 3470 alterum,
1539 3406 1771 3480 judicari
1804 3407 1946 3477 apud
1975 3406 2076 3461 iui-

450 3520 614 3574 quos,
644 3512 701 3558 et
720 3519 821 3556 non
846 3502 987 3573 apud
1011 3512 1214 3557 sanctos
1236 3503 1313 3573 (1.
1341 3502 1462 3558 Cor.
1486 3505 1541 3559 4.
1566 3506 1620 3561 5.
1642 3504 1738 3575 4)⁴ἒ
1769 3503 1861 3559 Vis
1887 3516 2072 3559 amen-

451 3596 599 3651 tium
655 3594 968 3650 Judmorum
1024 3596 1447 3651 assentationem
1512 3598 1878 3669 cognoscere?
1942 3597 2068 3651 audi

448 3688 611 3757 ipsos
635 3686 902 3753 dicentes,
937 3686 1047 3742 Nos
1083 3704 1183 3741 non
1206 3688 1446 3743 habemus
1469 3706 1656 3761 regem,
1687 3691 1786 3745 nisi
1812 3688 2067 3746 Cursarem

444 3779 642 3852 (Jaan.
674 3779 763 3834 19.
804 3780 914 3850 15).
977 3779 1068 3835 Vis
1114 3795 1441 3851 cognoscere
1494 3781 1890 3838 humilitatem?
1937 3782 2063 3837 audi

1388 403 1459 462 ΙΝ
1494 403 1713 462 EPIST.
1754 403 1847 460 AD
1884 402 2171 461 PlllLlPP.
2213 402 2369 463 CAP.
2412 408 2477 465 11.
2519 411 2752 471 ΠΟΜΠ..
2796 414 2887 471 Vl.

3712 416 3820 473 213

2205 537 2395 581 rursus
2450 526 2675 583 Paullum
2729 530 3039 595 dicentem,
3101 528 3226 584 Non
3286 529 3421 584 enim
3484 532 3818 603 nosmetipsos

2206 619 2565 686 prwdicamus,
2606 622 2697 675 sed
2732 622 2909 676 Jesum
2944 622 3203 676 Ch‘ristum
3245 620 3541 690 Dominum,
3589 640 3682 678 nos
3720 640 3818 677 au-

2206 719 2304 764 tent
2358 729 2526 766 servos
2574 725 2764 769 vestros
2809 732 2898 786 per
2944 714 3123 770 Jesum
3169 716 3261 785 (ί.
3312 716 3432 770 Cor.
3483 718 3537 772 4.
3584 715 3671 790 5).
3726 718 3817 774 Vis

2204 814 2259 858 ct
2306 807 2727 861 assentationem
2788 816 2844 861 et
2903 807 3183 862 audaciam
3239 807 3469 863 videre?
3521 808 3813 864 considera

2204 895 2485 952 audaciam
2535 897 2753 968 quidem
2804 898 3013 966 Nabal,
3066 901 3488 956 assentationem
3535 916 3667 956 vero
3717 901 3811 956 Zi-

2204 989 2481 1060 phzcorum
2508 992 2589 1061 (1.
2623 991 2752 1063 Reg.
2783 992 2874 1047 25.
2908 1002 2955 1047 et
2992 992 3089 1062 2'5)
3120 1011 3133 1046 :
3160 994 3435 1062 quomodo
3473 994 3563 1049 ille
3590 994 3810 1065 quidem

2205 1082 2485 1139 maledicta
2506 1084 2769 1153 iaciebat;
2794 1085 2880 1140 isti
2905 1100 3055 1151 vero,
3080 1096 3337 1156 quantum
3362 1086 3427 1141 ad
3454 1087 3693 1156 ipsorum
3716 1103 3813 1143 vo-

2205 1173 2464 1231 luntatem
2486 1185 2543 1231 et
2563 1176 2849 1232 consilium
2872 1177 3128 1247 pertinet,
3151 1177 3407 1233 Davidem
3432 1177 3805 1249 prodiderunt.

2207 1265 2296 1322 Vis
2318 1283 2423 1322 non
2446 1270 2888 1336 assentationem,
2912 1269 3006 1325 sed
3028 1270 3424 1340 plnlosophiam
3442 1272 3811 1341 cognoscere?

2201 1361 2484 1416 considera
2518 1361 2774 1417 Davidem
2808 1362 3112 1432 intercepto
3156 1362 3304 1417 Sauli
3348 1373 3682 1432 parcentem.
3714 1363 3810 1419 Vis

2200 1454 2617 1509 assentationem
2644 1456 3011 1525 cognoscere?
3048 1454 3332 1509 considera
3364 1469 3480 1520 eos,
3523 1455 3613 1525 qui
3643 1455 3810 1509 Mem-

2201 1546 2484 1617 phibosten
2515 1547 2590 1617 (a)
2616 1546 3005 1602 interfecerunt
3034 1564 3057 1600 τη
3080 1562 3216 1617 quos
3262 1546 3387 1603 ideo
3427 1546 3590 1602 etiam
3639 1546 3809 1602 David

2198 1654 2229 1694 e
2262 1638 2440 1693 medio
2481 1639 2717 1694 sustulit.
2747 1639 2983 1695 Omnino
3027 1650 3230 1703 autem,
3276 1649 3332 1695 ut
3368 1641 3679 1698 summatim
3711 1640 3810 1696 dc-

2198 1731 2521 1797 scribamus,
2555 1731 2782 1787 audacia
2829 1732 3050 1802 quidem
3084 1740 3190 1797 est,
3234 1731 3281 1787 si
3311 1732 3432 1803 quis
3464 1733 3727 1786 irascatur
3751 1741 3808 1788 ct

2196 1823 2497 1878 convicium
2528 1821 2688 1878 faciat
2729 1823 2931 1877 nullam
2976 1823 3265 1893 objustam
3293 1838 3621 1894 gravemque
3654 1838 3797 1901 cau-

2195 1932 2334 1983 sam,
2358 1915 2451 1972 sed
2476 1927 2569 1970 aut
2592 1917 2830 1987 seipsum
2856 1916 3148 1983 ulciscens,
3176 1925 3267 1970 aut
3295 1916 3402 1971 alio
3429 1916 3622 1986 quovis
3642 1916 3805 1971 modo

2196 2008 2392 2078 injuste
2443 2007 2814 2064 effervescens
2845 2026 2859 2063 :
2889 2007 3110 2064 ﬁdentia
3158 2018 3337 2062 autem
3394 2017 3449 2062 et
3500 2006 3800 2076 fortitudo,

2193 2117 2317 2158 cum
2347 2102 2469 2174 quis
2492 2102 2756 2158 adversus
2787 2101 3033 2174 pericula
3056 2111 3112 2158 et
3141 2110 3373 2157 mortem
3401 2102 3584 2169 audet,
3614 2102 3803 2157 amici-

2194 2196 2297 2251 tias
2346 2204 2401 2252 et
2444 2195 2761 2251 inimicitias
2802 2195 3037 2266 despicit
3082 2211 3180 2266 pro
3226 2195 3293 2250 iis
3335 2195 3499 2250 rebus
3528 2212 3649 2265 qua:
3689 2197 3803 2253 Deo

2192 2289 2510 2361 probantur.
2544 2289 2753 2344 Rursus
2799 2290 3095 2344 assentatio
3127 2288 3344 2359 quidem
3378 2298 3434 2344 et
3463 2288 3803 2346 illiberalitas

2190 2392 2294 2449 est,
2328 2383 2498 2439 cuivis
2516 2384 2814 2450 inservire,
2847 2398 2954 2437 non
2984 2383 3054 2438 oh
3080 2398 3173 2438 eas
3203 2398 3289 2437 res
3332 2398 3454 2453 qua:
3483 2398 3619 2453 opus
3650 2392 3798 2449 sunt,

2189 2476 2295 2532 sed'
2328 2475 2531 2546 aliquid
2574 2475 2716 2546 quod
2763 2475 2831 2530 ad
2862 2474 3001 2530 hanc
3043 2475 3206 2528 vitam
3239 2473 3401 2529 faciat
3445 2484 3796 2544 captantem:

2190 2568 2466 2624 humilitas
2495 2584 2647 2636 vero,
2690 2568 2735 2622 si
2776 2568 2898 2639 quis
2926 2568 2998 2623 ob
3023 2582 3235 2630 causas,
3270 2583 3390 2638 quas
3420 2567 3532 2622 Deo
3557 2566 3799 2639 proban-

2189 2674 2297 2728 tur,
2345 2663 2396 2718 id
2429 2662 2625 2727 faciat;
2672 2661 2903 2731 ideoque
2947 2677 2975 2716 a
3004 2661 3172 2732 gradu
3216 2660 3496 2731 dignitatis
3548 2676 3661 2715 sure
3702 2659 3798 2715 de-

2186 2757 2431 2824 scendat,
2491 2766 2550 2811 ut
2606 2771 2857 2826 magnum
2905 2755 3202 2827 quippiam,
3263 2764 3426 2824 atque
3476 2751 3799 2808 admirabile

2185 2866 2323 2922 opus
2354 2850 2622 2921 perﬁciat.
2671 2849 2726 2905 Si
2772 2848 2889 2903 lucc
2938 2847 3197 2914 sciamus,
3241 2860 3304 2900 ac
3344 2852 3608 2916 praeterea
3641 2842 3797 2898 factis

2184 2944 2575 3015 exprimamus,
2600 2942 2741 2998 beati
2769 2942 2995 2997 erimus.
3020 2940 3135 2996 Non
3162 2941 3306 2996 enim
3339 2939 3471 2995 satis
3500 2948 3584 2994 cst
3613 2939 3753 2994 scire
3779 2956 3793 2992 :

2187 3038 2310 3093 Non
2339 3039 2472 3092 enim
2502 3038 2760 3092 auditores
2785 3036 2930 3107 legis,
2963 3036 3156 3106 inquit,
3185 3037 3274 3089 sed
3302 3038 3523 3106 factores
3549 3033 3675 3103 legis
3694 3034 3793 3103 ju-

2182 3132 2537 3200 stiﬁcabuntur
2584 3131 2762 3203 (Rom.
2791 3128 2986 3199 2.15).
3042 3128 3349 3196 Quinetiam
3396 3125 3633 3197 cognitio
3679 3126 3795 3194 ipsa

2182 3227 2529 3289 condemnat,
2556 3225 2601 3279 si
2632 3224 2786 3279 factis
2820 3223 3142 3293 virtutisque
3171 3220 3366 3276 ofﬁciis
3395 3218 3651 3275 caruerit.
3689 3217 3796 3271 Ita-

2185 3337 2293 3393 que
2346 3331 2404 3375 ut
2456 3318 2969 3375 condemnationem
3026 3316 3295 3380 vitemus,
3352 3311 3597 3367 actiones
3648 3309 3795 3379 ipsas

2187 3413 2449 3468 obeamus
2477 3427 2490 3464 :
2522 3420 2579 3465 ut
2610 3409 2874 3480 promissa
2906 3421 3305 3476 consequamur
3332 3404 3494 3470 bona,
3538 3402 3717 3473 gratia
3739 3410 3795 3456 et

2182 3505 2512 3577 benignitate
2535 3502 2744 3559 Domini
2778 3500 2949 3557 nostri
2976 3499 3106 3556 Jcsu
3132 3497 3354 3559 Christi,
3380 3506 3487 3551 etc.

2239 3726 2313 3789 (a)
2338 3727 2422 3774 llic
2448 3722 2797 3790 Memphiboste
2838 3733 2925 3782 pro
2949 3717 3181 3790 lsboseth
3210 3721 3295 3765 aut
3328 3714 3478 3777 lapsu,
3501 3711 3753 3761 memoria:
3771 3748 3785 3768 ,

2176 3786 2261 3839 aut
2283 3786 2655 3837 amanuensiUm
2681 3797 2853 3833 errore
2878 3786 3086 3844 positum
3111 3786 3207 3829 est:

440 3893 3784 3931 _______________________________________._

1861 3993 2215 4057 HOMILIA
2261 3992 2343 4054 VI
2354 4037 2371 4053 .

440 4137 583 4191 CAP.
618 4135 673 4191 2.
703 4152 758 4191 ν.
806 4137 858 4192 5.
901 4136 1012 4191 Hoc
1038 4138 1177 4191 enim
1213 4137 1462 4193 sentiatur
1488 4139 1541 4192 in
1580 4139 1741 4203 vobis,
1772 4139 1908 4209 quod
1933 4148 1983 4193 et
2010 4138 2064 4193 in

527 4229 734 4283 Christo
760 4228 887 4283 Jesu
918 4229 1011 4285 :6.
1056 4232 1142 4301 qui
1179 4247 1295 4284 cum
1338 4232 1391 4284 in
1420 4233 1585 4301 [arma
1615 4230 1714 4285 Dei
1756 4240 1907 4296 esset,
1960 4248 2064 4286 non

524 4324 769 4391 rapinam
799 4322 1080 4377 arbitratus
1114 4333 1188 4377 est
1220 4340 1328 4377 esse
1351 4340 1405 4377 se
1433 4324 1681 4387 wqualem
1709 4321 1858 4387 Deo;
1890 4323 1943 4376 7.
1971 4323 2063 4376 sed

521 4416 857 4485 semetipsum
888 4416 1166 4469 exinanivit
1190 4419 1409 4486 formam
1439 4417 1569 4470 servi
1598 4417 1871 4488 accipiens,
1904 4418 1957 4470 in
1986 4416 2062 4471 si-

519 4506 815 4560 militudine
861 4507 1126 4560 hominum
1171 4512 1360 4578 factus,
1407 4518 1454 4562 et
1504 4509 1679 4563 habitu
1726 4510 1958 4563 inventus
2007 4520 2062 4563 ut

519 4599 676 4651 homo
705 4598 799 4652 :8.
851 4599 1140 4653 humiliavit
1193 4602 1555 4670 semetipsum,
1605 4602 1774 4671 factus
1820 4602 2058 4657 obediens

520 4707 685 4761 usque
707 4690 777 4743 ad
804 4702 1016 4745 ntortem
1039 4732 1053 4757 ,
1086 4701 1297 4746 mortem
1324 4703 1490 4747 autem
1512 4695 1701 4748 crucis.

517 4786 573 4841 1.
620 4786 882 4841 Dominus
911 4795 1097 4841 noster
1122 4786 1281 4842 Jesns
1308 4787 1562 4843 Christus
1600 4788 1896 4859 discipulos
1931 4804 2061 4845 suos

436 4878 510 4933 ad
544 4893 738 4949 magna
760 4878 1077 4946 cohortans,
1099 4881 1337 4949 seipsum
1370 4891 1425 4935 et
1452 4882 1665 4937 Patrem
1690 4892 1744 4938 et
1767 4883 2059 4954 prophetas

436 4987 547 5043 pro
590 4973 844 5042 exemplo
874 4973 1197 5043 proposuit:
1230 4975 1393 5029 veluti
1434 4991 1557 5029 cum
1597 4976 1748 5042 dicit,
1793 4976 1879 5030 Ita
1923 4978 2057 5031 enim

439 5080 497 5118 se
531 5074 798 5136 gesserunt
839 5066 1082 5121 adversus
1124 5068 1421 5137 prophetas,
1459 5068 1547 5135 qui
1577 5069 1782 5137 fuerunt
1820 5078 1938 5124 ante
1972 5087 2060 5124 vos

448 5156 672 5228 (Matth.
706 5158 760 5212 5.
794 5157 917 5228 12);
965 5167 1019 5213 et
1046 5173 1255 5223 rursus,
1301 5159 1363 5214 Si
1392 5175 1472 5213 me
1515 5161 1802 5231 persequuti
1842 5172 1977 5227 sunt,
2011 5170 2059 5216 et

438 5269 531 5307 vos
560 5262 924 5321 persequentur
952 5250 1131 5321 (Joan.
1161 5252 1246 5307 15.
1276 5251 1404 5323 20);
1434 5261 1510 5320 et,
1542 5252 1738 5307 Discite
1774 5271 1805 5307 a
1832 5271 1911 5308 me
1938 5255 2058 5323 quia

432 5362 555 5401 sum
578 5345 717 5398 mitis
744 5343 961 5413 (Matth.
993 5346 1080 5399 11.
1108 5345 1241 5415 29);
1263 5354 1319 5400 et
1340 5360 1547 5410 rursus,
1575 5345 1751 5399 Estote
1772 5346 2057 5400 misericor-

436 5438 553 5497 des.
583 5438 716 5492 sicut
746 5448 794 5491 et
834 5436 994 5491 Pater
1020 5447 1200 5503 vester,
1231 5437 1320 5507 qui
1350 5438 1561 5491 incertis
1583 5449 1655 5492 est
1688 5436 1837 5509 (Luc.
1859 5438 2053 5513 6.56).

436 5531 497 5586 id
529 5531 723 5586 beatus
751 5531 914 5586 etiam
951 5531 1146 5586 Paulus
1174 5531 1297 5587 facit
1328 5549 1342 5586 :
1373 5531 1671 5587 adhortans
1693 5533 1838 5588 enim
1869 5548 1963 5589 eos
1984 5532 2052 5589 ad

436 5624 833 5687 humilitatem,
862 5623 1135 5679 Christum
1168 5624 1220 5679 in
1250 5624 1485 5681 medium
1510 5625 1853 5692 adducebat;
1880 5642 2054 5697 neque

435 5716 529 5771 hic
559 5716 863 5779 dumtaxat,
921 5714 1018 5771 sed
1065 5717 1229 5772 etiam
1260 5717 1477 5787 quando
1507 5717 1726 5774 disserit
1752 5718 1821 5773 de
1868 5734 2055 5775 amore

438 5824 570 5879 erga
618 5822 927 5878 pauperes.
975 5808 1137 5863 modo
1184 5809 1417 5878 quodam
1462 5810 1530 5863 ita
1574 5810 1810 5880 loquitur
1847 5828 1859 5864 :
1896 5810 2057 5866 Scitis

434 5905 573 5960 enim
602 5901 825 5977 gratiam
850 5899 1057 5959 Domini
1084 5904 1242 5959 nostri
1270 5901 1305 5956 .I
1313 5919 1396 5957 esu
1426 5901 1638 5972 Christi,
1662 5905 1903 5973 quoniam
1928 5921 2049 5976 pro—

2175 4146 2287 4207 pter
2317 4153 2409 4190 nos
2436 4152 2625 4207 egenus
2652 4139 2823 4206 factus
2850 4144 2943 4200 est,
2989 4149 3104 4187 cum
3145 4142 3273 4187 esset
3299 4134 3438 4189 dives
3462 4135 3541 4205 (2.
3573 4136 3692 4192 Cor.
3728 4135 3783 4191 8.

2173 4230 2253 4300 9).
2302 4228 2444 4283 Nihil
2495 4228 2638 4282 enim
2687 4226 2963 4281 excelsum
3013 4239 3076 4279 ac
3104 4224 3489 4296 philosophum
3533 4228 3780 4281 animum

2171 4335 2325 4390 teque
2355 4319 2421 4373 ad
2452 4320 2589 4374 bona
2615 4333 2781 4387 Opera
2802 4315 3052 4371 obeunda
3082 4316 3305 4383 excitat,
3337 4332 3402 4372 ac
3429 4317 3473 4371 si
3499 4317 3780 4387 intelligat,

2172 4413 2273 4467 hac
2304 4429 2363 4468 re
2396 4413 2506 4467 Deo
2536 4427 2595 4467 se
2623 4411 2855 4467 similem
2890 4410 3027 4466 ﬁeri.
3057 4409 3195 4477 Quid
3226 4411 3373 4465 enim
3401 4427 3576 4482 arque,
3618 4421 3782 4481 atque

2171 4504 2296 4571 hoc,
2341 4504 2410 4560 ad
2441 4504 2873 4559 cohortationem
2905 4503 3120 4558 valeat?
3159 4503 3321 4558 Nihil.
3367 4504 3519 4573 Quod
3551 4520 3683 4561 sane
3727 4514 3785 4559 et

2171 4600 2372 4656 Paulus
2414 4600 2617 4665 sciens,
2650 4599 2784 4654 istos
2814 4598 2880 4653 ad
2912 4598 3272 4655 humilitatem
3317 4601 3641 4666 exhortans,
3673 4600 3783 4670 pri-

2170 4710 2318 4748 mum
2348 4693 2568 4762 quidem
2601 4692 2909 4748 obsecravit
2955 4701 3011 4748 ct
3056 4693 3412 4763 supplicavit;
3444 4693 3640 4749 deinde
3683 4709 3782 4748 co-

2169 4784 2435 4840 hortantis
2465 4800 2617 4841 more
2643 4784 2796 4849 dixit,
2823 4784 2957 4850 Quia
2981 4786 3127 4838 statis
3155 4785 3207 4837 in
3239 4802 3339 4838 uno
3364 4786 3583 4855 spiritu;
3611 4785 3771 4853 dixit,

2171 4878 2327 4945 Quod
2372 4879 2475 4933 illis
2520 4888 2593 4934 est
2639 4888 2995 4950 argumentum
3043 4877 3377 4945 perditionis,
3423 4876 3560 4932 vobis
3608 4888 3779 4932 autem

2166 4974 2351 5029 salutis
2384 4971 2645 5043 (Philipp.
2673 4973 2723 5026 1.
2754 4972 2846 5024 27.
2869 4970 2986 5039 28).
3018 4970 3167 5024 Nunc
3198 4986 3324 5023 vero
3356 4972 3572 5027 tandem
3599 4980 3654 5026 ct
3676 4971 3780 5027 hoc

2166 5065 2323 5121 affert
2354 5083 2367 5118 :
2404 5065 2518 5119 Hoc
2544 5067 2679 5119 enim
2706 5064 2959 5118 sentiatur
2987 5064 3039 5117 in
3067 5063 3226 5130 vobis,
3254 5065 3397 5134 quod:
3421 5076 3468 5120 et
3494 5066 3547 5119 in
3577 5065 3781 5121 Christo

2165 5157 2313 5224 Iesu,
2346 5159 2431 5229 qui
2470 5175 2585 5213 cum
2628 5159 2683 5212 in
2709 5162 2878 5229 forma
2908 5157 3004 5210 Dei
3034 5167 3185 5225 esset,
3233 5175 3340 5213 non
3369 5160 3609 5229 rapinam
3639 5161 3778 5215 arbi-

2167 5264 2330 5309 tratus
2358 5262 2430 5306 est
2458 5269 2564 5307 esse
2602 5268 2655 5307 se
2680 5251 2939 5322 (aqualem-
2963 5251 3095 5317 Deo,
3122 5253 3211 5305 sed
3237 5254 3564 5325 semetipsum
3593 5255 3777 5310 exina-

2166 5347 2311 5411 nivit,
2367 5350 2587 5417 formam
2633 5345 2764 5400 servi
2812 5345 3092 5415 accipiens.
3146 5346 3456 5411 Attendite,
3503 5346 3732 5403 obsecro
3757 5388 3780 5418 ,

2165 5450 2329 5510 atque
2358 5437 2654 5508 exsurgite.
2686 5437 2901 5492 Etenim
2928 5438 3382 5509 quemadmodum
3412 5439 3622 5509 gladius
3652 5443 3778 5512 qui-

2164 5532 2289 5589 dam
2320 5530 2600 5599 utrimque
2633 5538 2849 5593 acutus,
2883 5545 3224 5601 quocumque
3254 5530 3524 5596 inciderit,
3558 5534 3775 5591 etiamsi

2167 5624 2221 5679 in
2267 5632 2556 5680 sescentas
2591 5621 2910 5691 phalangas,
2958 5620 3116 5676 facile
3167 5624 3310 5692 ipsas
3360 5626 3662 5695 perrumpit
3712 5641 3776 5681 ac

2165 5717 2346 5782 delet;
2394 5732 2461 5771 eo
2498 5714 2643 5787 quod
2698 5714 2935 5785 undique
2983 5725 3137 5769 acuta
3188 5724 3289 5777 est.
3343 5718 3585 5787 nihilque
3631 5720 3775 5773 illius

2164 5810 2336 5867 aciem
2370 5809 2510 5864 ferre
2532 5816 2709 5877 potest
2740 5827 2753 5863 :
2788 5808 2859 5862 ita
2891 5808 3048 5877 plane
3079 5817 3131 5862 ct
3158 5809 3389 5880 Spiritus
3418 5811 3600 5866 verba.
3636 5811 3771 5865 Nam

2166 5904 2249 5961 his
2294 5904 2425 5976 ipsis
2465 5901 2644 5958 verbis
2691 5910 2746 5959 et
2792 5902 2903 5958 Arii
2953 5902 3299 5959 Alexandrini
3347 5912 3663 5969 sectatores,
3717 5912 3771 5957 et
