4170 6528
503 398 606 454 219

510 513 660 567 Pauli
709 509 1072 580 Samosateui,
1123 521 1178 567 et
1225 511 1458 566 Marcelli
1511 509 1734 576 Galate,
1774 518 1828 565 et
1877 507 2097 566 Sabellil

513 605 719 677 Libyci,
752 614 807 661 et
849 604 1132 660 Marcionis
1159 603 1386 668 Pontici,
1427 612 1482 658 et
1513 603 1805 666 Valentini,
1835 612 1889 656 et
1917 600 2100 656 Mane-

514 696 602 759 tis,
633 706 686 751 et
707 695 1050 750 Laodicensis
1080 695 1415 764 Apollinarii,
1447 704 1501 750 et
1521 693 1757 760 Photini,
1781 703 1836 749 et
1863 692 2100 762 Saphra-

511 789 582 841 nii
615 788 712 858 (a),
756 802 1050 856 omnesque
1104 787 1324 841 omnino
1375 789 1607 840 hmreses
1661 786 1966 854 prostravit.
2033 784 2101 840 Ut

517 881 692 949 itaque
736 880 802 934 ad
853 879 1158 950 hujusmodi
1200 881 1562 950 spectaculum
1610 879 1838 941 invitati,
1893 887 1949 932 ut
1997 894 2098 932 ttna

512 975 661 1045 plaga
694 984 772 1029 tot
804 974 1123 1044 phalangum
1169 975 1374 1028 ruinam
1417 973 1604 1039 visuri,
1657 971 1986 1038 excitamini,
2033 986 2101 1025 ne

511 1066 800 1134 spectaculi
823 1066 1130 1135 jucunditas
1162 1080 1256 1120 vos
1281 1064 1638 1134 prmtervolet.
1669 1063 1799 1118 Nam
1827 1064 1870 1117 si
1901 1063 1952 1116 in
1980 1078 2102 1116 cur-

515 1175 670 1213 ruum
703 1169 865 1228 atque
907 1174 1170 1228 equorum
1218 1157 1599 1214 certaminibus
1642 1157 1770 1212 nihil
1800 1171 1950 1225 atque
1980 1169 2090 1224 spe-

511 1263 654 1306 t-Iatu
682 1252 977 1321 jucundum
1025 1261 1128 1315 est,
1175 1267 1236 1306 ac
1279 1266 1398 1306 cum
1437 1251 1554 1320 quis
1585 1258 1724 1304 totos
1768 1264 1956 1303 currus
1998 1263 2100 1302 una

512 1361 634 1400 cum
684 1345 882 1416 aurigis
933 1345 1162 1414 impqu
1221 1344 1337 1414 ipso
1385 1343 1750 1416 prostraverit,
1810 1341 2101 1409 multisque

516 1440 790 1511 quadrigis
821 1439 1144 1509 resupinatis
1176 1453 1275 1491 una
1309 1453 1430 1492 cum
1477 1434 1847 1491 insistentibus
1875 1434 2097 1504 aurigis,

515 1535 661 1588 solus
699 1532 766 1587 ad
811 1543 1006 1588 metam
1037 1531 1347 1600 calcemque
1388 1529 1574 1599 agonis
1604 1528 1946 1598 pervenerit;
1988 1541 2102 1580 ma-

513 1641 756 1696 gnusque
783 1624 1017 1694 undique
1049 1623 1262 1692 plausus
1292 1631 1345 1678 et
1372 1623 1572 1676 clamor
1601 1620 1666 1675 ad
1689 1621 1878 1675 caelum
1906 1633 2100 1674 ascen-

513 1720 655 1774 derit
683 1736 696 1774 :
727 1719 815 1772 ille
845 1733 975 1772 vero
1005 1733 1067 1771 ex
1097 1717 1279 1770 hctitia
1307 1723 1360 1769 et
1389 1715 1661 1785 plausibus
1691 1713 1842 1784 quasi
1866 1711 2102 1767 volucris

519 1809 691 1864 factus
722 1817 888 1863 totum
919 1807 1148 1863 stadium
1175 1807 1326 1877 equis
1349 1806 1640 1862 confecerit
1668 1823 1680 1858 :
1709 1813 1909 1875 quanto
1931 1803 2103 1873 major

515 1900 642 1958 hinc
669 1901 891 1956 exsistet
908 1899 1173 1968 voluptas,
1201 1914 1324 1954 cum
1350 1897 1586 1954 omnium
1609 1897 1873 1952 haercsnm
1901 1909 2103 1950 cuneos

514 2007 568 2050 ct
603 1994 864 2052 diabolica
905 1994 1332 2047 machinamenta
1380 1975 1484 2046 una
1525 2006 1647 2046 cum
1699 1990 1898 2060 aurigis
1949 1989 2100 2059 ipsis,

514 2086 608 2140 Dei
652 2087 844 2157 gratia,
877 2086 1057 2140 omnia
1090 2085 1247 2139 simul
1292 2083 1580 2140 confertim
1612 2083 2107 2153 prostraverimus?

513 2179 594 2233 Ac
625 2180 668 2233 si
707 2178 854 2246 libet,
887 2179 1117 2248 primum
1149 2178 1386 2232 haereses
1417 2179 1560 2246 ipsas
1607 2191 1674 2232 cx
1720 2176 1910 2232 ordine
1939 2175 2105 2231 collo-

513 2285 720 2325 CCIllUS.

590 2359 808 2414 Errores
837 2358 1072 2425 Sabellii,
1107 2359 1407 2424 Marcionis,
1453 2357 1711 2423 Marcelli,
1743 2357 1977 2424 P/totini,
2005 2358 2108 2413 So-

520 2455 747 2524 pltronii,
793 2453 940 2519 Arii,
985 2463 1338 2522 exponuntur;
1385 2457 1716 2523 confutantur
1757 2451 2014 2508 Sabellius
2059 2463 2110 2508 et

519 2547 693 2599 Arius.
722 2571 793 2584 -ι
823 2544 996 2600 Vultis
1023 2544 1181 2614 igitur
1209 2543 1519 2614 impietatis,
1552 2558 1620 2598 an
1646 2554 1942 2613 temporum
1966 2543 2112 2598 ordi-
2158 2565 2169 2575 -

523 2653 644 2691 nem
669 2636 693 2690 ἓ
718 2636 820 2692 Sed
869 2645 1166 2705 temporum
1208 2650 1336 2690 sane
1377 2650 1703 2707 sequamur:
1736 2635 1936 2690 etenim
1966 2652 2110 2708 qua:-

525 2743 646 2781 uam
677 2728 948 2796 impietate
991 2729 1139 2797 prior
1164 2769 1180 2794 ,
1213 2727 1297 2781 vel
1333 2727 1600 2797 posterior
1629 2727 1720 2792 sit,
1763 2726 1984 2784 difficile
2029 2737 2113 2784 est

519 2820 781 2889 judicatu.
829 2818 1039 2877 Primus
1076 2819 1239 2889 igitur
1282 2818 1505 2888 prodeat
1549 2817 1816 2875 Sabellius
1855 2818 2109 2891 Libycus.

523 2913 660 2980 Quid
691 2913 814 2979 iste,
845 2911 1057 2982 inquit?
1083 2911 1318 2978 Patrem,
1367 2911 1564 2966 Filium
1603 2921 1658 2966 et
1693 2909 1953 2982 Spiritum
1985 2927 2113 2968 san-

525 3012 672 3057 ctum
688 3002 826 3056 nuda
848 3017 967 3056 esse
990 3003 1201 3056 nomina
1223 3002 1312 3056 uni
1333 3017 1576 3071 persona:
1593 3002 1863 3072 imposita.
1881 3003 2112 3058 Marcion

526 3104 707 3150 autem
728 3095 981 3154 Ponticus
1004 3103 1160 3165 negat
1186 3095 1374 3161 Deum,
1395 3096 1484 3164 qui
1507 3095 1684 3150 omnia
1709 3096 1969 3164 condidit,
1996 3111 2116 3152 esse

529 3189 728 3242 honum
755 3227 770 3254 ,
803 3201 866 3242 ac
895 3187 1109 3242 Patrem
1137 3186 1337 3241 Christi
1371 3187 1529 3252 boni;
1587 3187 1682 3241 sed
1729 3187 1894 3242 alium
1926 3203 2116 3257 quem-

529 3279 652 3339 dam
680 3294 800 3334 esse
829 3278 978 3348 lingit
1000 3318 1016 3343 ,
1048 3278 1140 3349 qui
1163 3278 1339 3348 justus
1367 3278 1437 3333 sit
1461 3319 1478 3346 ,
1507 3278 1810 3349 Filiumque
1837 3295 1934 3349 pro
1964 3279 2119 3335 nobis

529 3369 826 3439 sumpsisse
856 3384 1072 3424 carnem
1100 3378 1276 3439 negat.
1296 3369 1578 3424 Marcellus
1595 3380 1648 3424 et
1669 3369 1931 3425 Photinus
1947 3381 1999 3426 et
2015 3371 2120 3427 So-

529 3462 791 3534 phronias
822 3461 1053 3516 Verbum
1082 3461 1254 3530 ipsum
1283 3460 1529 3531 inquiunt
1562 3463 1834 3533 energiam
1860 3473 1913 3518 et
1939 3463 2121 3519 effica-

531 3553 670 3610 ciam
697 3552 1028 3622 operationis
1056 3567 1211 3618 esse;
1253 3562 1412 3623 atque
1441 3555 1580 3610 hanc
1608 3556 1878 3627 energiam
1912 3557 2124 3612 inhahi'

532 3656 648 3701 tare
676 3647 726 3701 in
757 3648 846 3702 illo
874 3647 964 3718 qui
1009 3663 1077 3702 ex
1114 3647 1322 3703 semine
1355 3648 1516 3702 David
1543 3690 1558 3714 ,
1591 3649 1810 3705 minime
1836 3666 1966 3706 vero
1989 3651 2120 3705 sub-

533 3740 784 3796 stantiam
816 3740 1220 3810 hypostaticam.
1249 3741 1410 3796 Arius
1433 3741 1630 3797 Filium
1655 3743 1867 3814 quidem
1899 3743 2119 3813 fatetur,

533 3830 629 3886 sed
659 3839 861 3884 tantum
896 3832 1110 3888 nomine
1139 3851 1152 3888 :
1183 3843 1484 3889 creaturam
1513 3836 1656 3889 enim
1686 3849 1808 3890 esse
1855 3836 2046 3906 inquit,
2071 3845 2127 3891 et

537 3922 702 3978 Patre
745 3921 904 3991 longe
934 3923 1216 3980 minorem.
1272 3924 1462 3981 Cteteri
1514 3941 1642 3981 vero
1683 3937 1879 3996 negant
1925 3927 2125 3984 habere

537 4013 793 4067 animam.
845 4013 1004 4071 Vides
1055 4025 1258 4074 stantes
1306 4017 1539 4071 currus?
1577 4018 1856 4072 considera
1888 4018 2045 4088 igitur
2072 4029 2126 4074 et

537 4107 752 4160 illorum
799 4107 980 4165 ruinas
1007 4150 1022 4174 ,
1066 4109 1336 4180 quomodo
1380 4122 1572 4162 omnes
1616 4109 1774 4163 simul
1821 4110 2126 4180 propellens

540 4198 767 4263 sternit,
800 4213 1008 4266 omnes,
1053 4200 1310 4270 inquam,
1343 4214 1444 4252 una
1495 4201 1644 4270 plaga
1694 4210 1856 4272 atque
1905 4204 2123 4273 impetu.

541 4289 818 4357 Quomodo
845 4292 1006 4361 igitur
1033 4294 1269 4349 sternit?
1306 4291 1418 4347 Hoc
1460 4293 1593 4347 enim
1617 4298 1863 4350 sentiatur
1886 4297 1939 4350 in
1968 4298 2125 4363 vobis,

540 4382 732 4451 inquit,
763 4384 898 4452 quod
918 4392 962 4437 et
988 4389 1040 4438 in
1069 4383 1270 4437 Christo
1296 4382 1421 4438 Jesu
1441 4427 1456 4452 ,
1487 4387 1572 4456 qui
1604 4404 1719 4442 cum
1759 4389 1812 4442 in
1845 4391 2010 4460 forma
2037 4390 2129 4445 Dei

540 4485 690 4540 esset,
718 4492 818 4536 non
861 4477 1096 4546 rapinam
1124 4476 1398 4550 arbitratus
1422 4489 1494 4532 est
1521 4496 1628 4534 esse
1651 4497 1705 4535 se
1726 4483 1971 4552 azqualem
1997 4483 2127 4538 Deo;

542 4564 681 4618 lliuc
719 4574 774 4619 ct
804 4565 999 4630 Paulus
1027 4566 1409 4625 Samosatcuus
1435 4571 1659 4638 corruit,
1689 4581 1743 4626 et
1767 4571 2052 4630 Marcellus
2077 4586 2132 4631 ct

544 4656 809 4714 Sabellius
842 4677 854 4712 :
888 4660 1056 4734 inquit
1083 4660 1224 4714 enim
1254 4703 1269 4726 ,
1303 4660 1404 4728 Qui
1432 4679 1546 4716 cum
1570 4663 1622 4716 in
1651 4663 1820 4732 [arma
1843 4665 1942 4719 Dei
1981 4677 2129 4725 esset.

542 4750 598 4807 Si
629 4751 684 4805 in
710 4750 902 4819 forma,
929 4752 1198 4822 quomodo
1224 4753 1302 4808 ais
1331 4762 1407 4818 tu,
1436 4769 1469 4807 ο
1500 4755 1753 4822 sceleste,
1785 4772 1814 4810 a
1837 4757 1999 4812 Maria
2031 4759 2130 4814 ini-

544 4844 676 4905 tium
705 4843 998 4911 habuisse,
1046 4854 1206 4917 atque
1251 4854 1411 4900 antea
1458 4861 1564 4900 non
1614 4846 1823 4903 fuisse?
1861 4851 2132 4919 quomodo

543 4950 676 4992 vero
702 4944 756 4990 tu
783 4952 970 4992 rursus
1013 4937 1148 4993 dicis
1193 4938 1468 5007 energiam
1515 4937 1724 4993 fuisse?
1767 4939 2128 5010 inquitenim,

543 5027 611 5082 In
652 5028 821 5098 forma
849 5028 964 5094 Dei,
993 5038 1035 5083 et
1063 5031 1281 5102 formam
1325 5030 1456 5084 servi
1493 5033 1706 5102 accepit.
1738 5033 1929 5089 Forma
1967 5038 2130 5103 servi,

543 5121 631 5176 dic
657 5120 805 5186 mihi,
841 5132 993 5176 estne
1024 5121 1238 5190 energia
1271 5123 1450 5189 servi,
1481 5138 1545 5176 an
1577 5133 1762 5180 natura
1791 5126 1976 5182 servi?
2001 5128 2132 5184 Om-

545 5214 673 5268 nino
703 5225 889 5270 natura
932 5215 1113 5280 servi,
1147 5215 1513 5284 respondebis.
1546 5217 1687 5288 Ergo
1729 5229 1786 5275 et
1825 5221 1994 5276 forma
2039 5223 2131 5279 Dei

547 5316 734 5362 natura
770 5308 862 5362 Dei
893 5316 975 5362 est
999 5347 1014 5372 ,
1048 5323 1152 5362 non
1186 5309 1345 5380 igitur
1373 5313 1606 5382 energia.
1644 5315 1717 5369 Eu
1763 5326 1817 5370 et
1846 5316 2131 5374 Marcellus

546 5398 732 5453 Galata
758 5409 812 5454 et
841 5399 1175 5467 Sephtonius
1199 5411 1252 5456 et
1279 5402 1533 5459 Photinus
1563 5418 1901 5462 corruerunt.

617 5487 668 5540 2.
717 5491 793 5543 En
836 5505 1048 5560 quoque
1089 5490 1372 5548 Sabellius.
1404 5493 1527 5553 Cant
1569 5495 1623 5554 in
1655 5499 1822 5570 {arma
1853 5499 1948 5553 Dei
1981 5511 2127 5572 esset,

607 5601 1091 5681 initiorumpomnium
1112 5605 1546 5681 hnteresiarel‘iarum
1569 5624 1782 5681 errores,
1799 5613 1971 5681 quales
1986 5617 2132 5681 Chry-

543 5665 955 5735 gostom‘us'refert
967 5674 1020 5735 et
1042 5668 1272 5735 confugit,
1286 5670 1336 5718 in
1361 5671 1582 5735 Diatriba
1607 5665 1839 5735 peculiari
1855 5665 2132 5731 referemus

542 5724 840 5803 remedii”.
865 5728 1165 5803 Septironius
1187 5724 1667 5803 Pompeiopolimnus
1689 5724 1956 5801 Episcopus
1965 5724 2128 5791 aia—ce:

542 5785 779 5866 geniauus
809 5785 1230 5866 essg'dicebatur.
1259 5785 1390 5866 Ejus
1425 5785 1885 5866 mentiofrequeus
1904 5785 2128 5866 Baiias

541 5848 791 5901 Socratem
817 5862 866 5904 et
888 5854 1230 5906 Sozomenum.
1259 5848 1382 5905 Vide
1410 5857 1558 5912 etiam
1583 5848 1920 5921 aicepitorum.

1285 396 1340 452 s.
1381 394 1655 452 JOANNIS
1689 389 2162 450 cnuvsosrosu
2204 391 2518 451 ARClllEP.
2559 399 3086 460 CONSTANTINOP.

3683 410 3781 470 2Ξο

2208 525 2311 563 non
2338 512 2572 582 rapinam
2597 555 2614 582 ,
2649 515 2842 587 inquit,
2877 519 3154 574 arbitratus
3198 527 3270 574 est
3309 538 3418 576 esse
3455 540 3508 578 se
3548 529 3782 596 a'qualein

2207 597 2337 656 Deo.
2401 601 2630 674 Equale
2680 623 2809 663 vero
2859 624 2965 663 non
3018 610 3074 664 in
3121 625 3223 665 una
3282 610 3477 667 dicitur
3520 629 3779 684 persona:

2206 693 2411 758 aequale
2453 695 2595 750 enim
2640 698 2798 754 alicui
2828 708 2913 756 est
2954 699 3182 768 mquale.
3213 700 3373 756 Vides
3399 702 3625 759 duarum
3665 721 3783 776 per-

2206 799 2460 841 sonarum
2493 787 2850 860 hypostasim,
2881 806 2986 845 non
3019 800 3200 846 autem
3229 793 3368 848 nuda
3391 796 3606 850 nomina
3629 837 3644 861 ,
3671 797 3774 868 qui-

2206 879 2307 933 bus
2357 881 2516 935 nullae
2557 897 2644 937 res
2693 883 2950 953 subjecta:
2991 884 3140 938 sint?
3193 884 3390 939 audisti
3428 887 3780 944 exsistentiam

2206 969 2479 1040 Unigeniti
2508 981 2633 1028 ante
2659 975 2894 1029 saecula?
2925 974 3123 1031 Verum
3153 975 3269 1031 haec
3301 976 3516 1046 quidem
3539 977 3784 1035 adversus

2206 1059 2327 1116 illos
2369 1081 2382 1118 :
2425 1063 2520 1118 sed
2547 1065 2672 1135 quid
2695 1065 2803 1134 jam
2843 1067 3103 1122 adversus
3147 1069 3330 1123 Arium
3375 1068 3616 1125 dicemus
3641 1111 3654 1133 ,
3701 1075 3784 1142 qui

2206 1153 2428 1210 alterius
2476 1163 2722 1212 essentia:
2751 1159 2947 1214 Filium
2993 1159 3156 1215 facit?
3196 1161 3291 1215 Dic
3330 1162 3457 1218 mihi
3485 1203 3502 1229 ,
3530 1163 3655 1233 quid
3685 1164 3780 1222 hoc

2208 1255 2310 1311 est,
2341 1247 2592 1303 Formam
2615 1250 2758 1305 servi
2784 1252 3032 1321 accepit?
3065 1251 3236 1306 llomo
3264 1251 3436 1307 factus
3464 1263 3568 1320 est,
3601 1254 3781 1324 inquit.

2209 1338 2352 1410 Ergo
2375 1349 2430 1394 et
2457 1342 2508 1395 in
2552 1340 2721 1396 forma
2774 1344 2869 1398 Dei
2895 1344 3161 1400 cxsistens
3205 1345 3348 1400 Deus
3386 1356 3502 1400 erat
3532 1363 3545 1399 :
3576 1361 3694 1400 nam
3738 1357 3787 1403 et

2210 1431 2318 1498 hic,
2346 1443 2399 1488 et
2423 1434 2530 1488 illic
2551 1449 2743 1490 nomen
2768 1435 2954 1490 formtu
2979 1438 3211 1508 ponitur.
3238 1439 3294 1493 Si
3328 1439 3431 1494 hoc
3453 1455 3655 1506 venum,
3679 1455 3787 1496 cer.

2211 1534 2262 1580 te
2287 1535 2342 1582 et
2366 1525 2496 1581 illud
2521 1544 2534 1582 :
2558 1526 2729 1584 forma
2757 1530 2895 1584 servi
2919 1540 3002 1584 est
3029 1543 3214 1586 natura
3242 1532 3402 1588 homo
3429 1551 3441 1586 :
3473 1548 3600 1603 crgo
3627 1534 3784 1589 forma

2207 1618 2370 1674 etiam
2419 1620 2509 1675 Dei
2558 1629 2744 1675 natura
2774 1633 2855 1676 est
2887 1623 3049 1678 Deus.
3081 1623 3267 1694 Neque
3301 1625 3402 1680 hoc
3446 1627 3654 1692 solum;
3699 1627 3787 1682 sed

2209 1708 2368 1764 etiam
2398 1711 2616 1780 perinde
2643 1727 2706 1767 ac
2733 1712 2988 1778 Joannes,
3017 1714 3086 1769 de
3119 1716 3284 1785 ipsius
3314 1717 3622 1786 mqualitate
3649 1719 3789 1774 testi-

2211 1801 2448 1855 monium
2479 1802 2604 1866 dat,
2634 1805 2976 1875 ostenditque
3024 1805 3194 1862 nihilo
3233 1806 3412 1876 ipsum
3443 1809 3600 1864 Patre
3628 1810 3789 1864 miuo-

2210 1907 2324 1946 rem
2353 1908 2473 1948 esse
2502 1913 2516 1948 :
2549 1893 2672 1949 Non
2700 1898 2958 1965 rapinam,
2992 1897 3189 1969 inquit,
3221 1900 3500 1954 arbitratus
3527 1911 3597 1956 est
3621 1917 3723 1956 esse
3741 1918 3789 1956 se

2209 1985 2454 2051 a'qualem
2478 1984 2606 2040 Deo.
2635 1987 2738 2042 Sed
2769 2003 3015 2058 quamam
3043 1999 3124 2044 est
3146 1998 3332 2060 arguta
3361 1991 3576 2046 illorum
3604 1993 3788 2048 oratio?

2212 2078 2282 2132 At
2321 2077 2465 2132 enim
2512 2079 2844 2135 contrarium
2891 2081 3069 2151 potius
3110 2081 3229 2137 istis
3255 2082 3437 2138 verbis
3479 2083 3787 2149 ostenditur,

2213 2169 2459 2238 inquiunt
2487 2187 2502 2224 :
2530 2169 2667 2226 dixit
2689 2171 2864 2237 enim,
2897 2187 3020 2226 cum
3052 2171 3106 2226 in
3154 2174 3322 2228 forma
3356 2173 3454 2228 Dei
3482 2182 3661 2240 esset,
3691 2190 3787 2228 non

2216 2262 2320 2318 hoc
2344 2263 2610 2334 rapuisse,
2661 2273 2720 2319 ut
2745 2273 2889 2320 esset
2936 2265 3160 2336 mqualis
3191 2266 3321 2322 Deo.
3365 2268 3531 2338 Atqui
3573 2268 3619 2322 si
3663 2267 3792 2322 Deus

2215 2364 2351 2420 erat,
2395 2355 2665 2426 quomodo
2715 2366 2928 2427 poterat
2971 2359 3202 2427 rapere?
3251 2357 3359 2413 Sed
3408 2359 3676 2426 quomodo
3699 2360 3792 2414 hoc

2215 2463 2322 2504 non
2354 2448 2747 2505 inconsiderate
2771 2450 2971 2506 dit-tum
3001 2449 3201 2505 fuerit?
3221 2449 3356 2519 Quis
3386 2451 3534 2507 enim
3555 2465 3789 2522 umquam

2215 2539 2433 2607 dixerit,
2457 2541 2711 2611 aliquem,
2741 2555 2862 2596 cum
2893 2541 3053 2596 homo
3079 2550 3245 2606 esset,
3275 2557 3384 2598 non
3412 2542 3519 2598 hoc
3545 2543 3790 2613 rapuisse,

2217 2640 2277 2685 ut
2303 2640 2448 2686 esset
2476 2631 2682 2687 homo?
2707 2634 2798 2703 qui
2839 2633 2984 2687 enim
3027 2633 3146 2688 fieri
3196 2642 3393 2703 potest,
3443 2643 3506 2688 nt
3545 2633 3791 2704 quispiam

2218 2723 2391 2793 rapiat
2416 2723 2468 2779 id
2495 2723 2635 2796 quod
2660 2725 2785 2778 est?
2811 2723 2927 2779 Non
2955 2727 3047 2792 ita,
3081 2726 3346 2795 inquiunt,
3375 2727 3475 2782 sed
3501 2727 3576 2783 sic
3597 2727 3784 2781 intelli-

2217 2830 2331 2885 gas,
2364 2814 2575 2880 Filium,
2606 2831 2728 2871 cum
2757 2817 2896 2871 Deus
2924 2818 3098 2872 minor
3125 2827 3292 2884 esset,
3327 2834 3435 2874 non
3472 2820 3572 2874 hoc
3602 2820 3794 2890 rapuis-

2219 2920 2300 2970 se,
2357 2915 2414 2960 ut
2457 2907 2676 2977 aequalis
2727 2917 2874 2963 esset
2917 2908 3029 2964 Deo
3079 2925 3273 2980 magno
3311 2919 3365 2964 et
3405 2911 3620 2979 majori.
3668 2910 3794 2981 Ergo

2223 3014 2419 3068 parvus
2448 3009 2503 3054 et
2527 3015 2753 3071 magnus
2784 3001 2926 3056 Deus
2955 3001 3083 3057 est?
3112 3012 3272 3071 atque
3318 3001 3390 3057 ita
3421 3001 3481 3057 in
3521 3002 3795 3057 Ecclesia

2222 3090 2465 3146 Graecam
2498 3092 2746 3163 dogmata
2774 3092 3027 3150 inducitis
3055 3096 3078 3144 ι
3105 3092 3236 3148 Nam
3265 3094 3405 3164 apud
3447 3093 3661 3150 Grazcos
3686 3092 3796 3166 qui-

2223 3183 2344 3238 dem
2373 3193 2454 3240 est
2479 3199 2704 3256 magnus
2727 3184 2860 3240 deus
2887 3194 2940 3240 et
2962 3200 3160 3256 parvus
3187 3203 3199 3240 :
3231 3187 3373 3257 quod
3398 3203 3472 3243 an
3496 3190 3650 3245 etiam
3671 3189 3797 3261 apud

2223 3290 2342 3341 vos,
2375 3278 2577 3332 nescio.
2607 3276 2740 3332 Nam
2770 3277 2821 3331 in
2850 3277 3143 3349 Scripturis
3173 3279 3387 3350 quidem
3436 3282 3623 3340 nullibi
3659 3283 3798 3340 inve-

2227 3367 2364 3434 nies,
2395 3365 2488 3421 sed
2517 3382 2768 3438 magnum
2791 3367 3008 3436 quidem
3037 3369 3257 3440 ubique,
3280 3387 3506 3440 parvum
3533 3389 3656 3430 vero
3681 3389 3800 3430 nus-

2225 3475 2408 3530 quam.
2444 3459 2657 3514 Etenim
2699 3461 2743 3514 si
2773 3475 2994 3530 parvus,
3037 3463 3309 3533 quomodo
3348 3465 3516 3520 etiam
3562 3464 3802 3523 Deus?Si

2227 3567 2333 3608 non
2361 3561 2443 3606 est
2468 3567 2664 3622 parvus
2692 3553 2854 3609 homo
2881 3563 2936 3609 et
2957 3568 3178 3625 magnus
3203 3597 3218 3621 ,
3251 3556 3343 3611 sed
3375 3573 3482 3612 una
3513 3569 3726 3624 natura;
3754 3566 3803 3612 et
3878 3631 3880 3633 g

2227 3645 2272 3699 si
2295 3643 2422 3714 quid
2445 3661 2550 3698 non
2569 3645 2637 3700 sit
2663 3645 2805 3700 illius
2830 3655 3056 3712 naturae,
3083 3647 3244 3703 homo
3271 3663 3376 3702 non
3401 3661 3491 3705 cst
3517 3669 3530 3705 :
3555 3649 3804 3721 quomodo

2229 3734 2388 3790 fuerit
2419 3751 2614 3805 parvus
2644 3746 2696 3791 et
2727 3751 2951 3808 magnus
2983 3739 3122 3794 Deus
3145 3781 3160 3807 ,
3189 3740 3278 3810 qui
3309 3739 3457 3796 illius
3487 3751 3685 3798 naturae
3709 3756 3805 3797 non

2229 3829 2336 3884 sit?
2359 3829 2456 3895 Qui
2489 3844 2684 3899 parvus
2726 3839 2828 3897 est,
2863 3831 3000 3885 Deus
3038 3847 3144 3886 non
3190 3841 3270 3888 est
3299 3851 3313 3887 :
3344 3833 3546 3906 ubique
3586 3837 3722 3893 enim
3759 3835 3804 3888 in

2230 3918 2503 3990 Scriptura
2550 3935 2772 3990 magnus
2799 3919 2995 3976 dicitur
3025 3939 3040 3979 :
3074 3922 3296 3995 Magnus
3335 3923 3625 3994 Dominus,
3652 3925 3808 3995 inquit

2235 4013 2420 4080 David,
2441 4023 2484 4066 et
2512 4013 2786 4068 laudabilis
2810 4015 2979 4068 nimis.
3023 4015 3161 4070 Ecce
3188 4016 3348 4071 etiam
3380 4017 3451 4072 de
3483 4019 3616 4073 Filio
3646 4038 3657 4074 :
3691 4017 3804 4073 Ubic

2231 4120 2337 4175 que
2363 4105 2507 4158 enim
2547 4119 2668 4159 eum
2698 4114 2851 4159 vocat
2883 4105 3189 4161 Dominum.
3225 4107 3290 4161 Et
3333 4107 3570 4176 iterum,
3603 4108 3808 4178 Magnus

2185 4217 2192 4226 ι
2233 4216 2286 4252 es
2314 4209 2396 4266 tu,
2419 4214 2466 4252 et
2493 4198 2686 4266 faciens
2711 4198 2986 4265 mirabilia,
3017 4209 3071 4252 tu
3095 4217 3149 4253 es
3173 4198 3310 4255 Deus
3343 4201 3488 4255 solus
3519 4201 3684 4271 (Psal.
3727 4201 3804 4255 47.

2237 4294 2288 4348 1.
2321 4301 2368 4346 et
2394 4291 2484 4347 85.
2520 4291 2608 4362 10)
2635 4307 2649 4356 ;
2677 4299 2732 4346 et
2762 4307 2966 4358 rursus,
3002 4291 3223 4363 Magnus
3262 4291 3518 4348 Dominus
3551 4302 3741 4359 noster,
3771 4299 3810 4344 ct

2235 4399 2422 4453 magna
2449 4384 2605 4438 virtus
2628 4385 2757 4454 ejus,
2789 4393 2836 4438 et
2864 4383 3256 4454 magniﬁcentia:
3273 4385 3385 4450 eius
3414 4401 3519 4439 non
3545 4395 3617 4439 est
3647 4383 3810 4438 termi-

2235 4493 2331 4532 nus
2358 4474 2530 4547 (Psal.
2562 4477 2684 4531 H5.
2737 4475 2818 4547 5).
2866 4473 2971 4530 Sed
3021 4474 3136 4530 lucc
3172 4475 3239 4530 de
3277 4477 3438 4531 Patre
3468 4518 3482 4543 ,
3531 4475 3806 4547 inquiunt:

2239 4567 2278 4622 F
2284 4568 2405 4622 ilius
2432 4583 2561 4623 vero
2605 4582 2799 4637 parvus
2841 4576 2944 4623 est.
2990 4567 3094 4624 Sed
3144 4578 3196 4622 tu
3245 4583 3303 4622 es
3332 4610 3346 4634 ,
3394 4570 3487 4640 qui
3516 4569 3618 4624 hoc
3641 4567 3807 4622 dicis:

2238 4657 2510 4727 Scriptura
2543 4675 2670 4713 vero
2698 4669 2902 4722 contra,
2934 4658 3076 4730 quod
3115 4658 3184 4714 de
3230 4659 3407 4724 Patre,
3454 4661 3508 4715 id
3548 4661 3704 4715 etiam
3751 4655 3813 4710 de

2239 4751 2375 4807 Filio
2423 4751 2574 4806 dicit.
2621 4751 2761 4806 Audi
2813 4751 2955 4806 enim
3008 4751 3230 4806 Paulum
3289 4751 3593 4814 dicentem,
3624 4751 3812 4819 Exspe-

2237 4853 2429 4898 ctantes
2474 4844 2669 4897 beatam
2707 4861 2868 4914 spem,
2911 4853 2959 4897 et
3000 4845 3270 4897 adventum
3309 4844 3488 4915 glorias
3531 4843 3698 4915 magni
3727 4840 3815 4895 Dei

2242 4935 2367 5007 (Tit.
2411 4935 2466 4990 Ξ.
2511 4937 2623 5006 15).
2675 4935 2942 5005 Numquid
2990 4944 3168 4991 autem
3212 4937 3279 4991 de
3332 4937 3489 4992 Patre
3539 4936 3814 4991 adventum

2236 5030 2414 5084 dixit?
2447 5029 2640 5086 Verum
2671 5039 2727 5084 ut
2748 5030 2915 5098 magis
2931 5029 3107 5084 adhuc
3126 5044 3222 5084 vos
3242 5039 3506 5100 argueret,
3541 5030 3814 5085 adventum

2239 5120 2444 5176 addidit
2473 5121 2648 5190 magni
2681 5121 2794 5177 Dei.
2839 5120 2976 5175 Num
3025 5121 3184 5192 igitur
3227 5121 3294 5177 de
3326 5123 3480 5176 Patre
3526 5120 3578 5176 id
3624 5120 3814 5175 dictum

2239 5217 2364 5267 est?
2393 5211 2711 5282 Neutiquam
2745 5227 2890 5268 :non
2919 5213 3062 5267 enim
3109 5212 3161 5268 id
3201 5213 3435 5267 admittit
3479 5212 3682 5267 additio
3713 5209 3813 5273 illa,

2239 5303 2309 5358 Et
2357 5305 2626 5358 aduentum
2682 5306 2854 5376 magni
2910 5305 3005 5360 Dei
3057 5316 3104 5361 et
3156 5307 3439 5361 Saluatoris
3492 5305 3653 5361 nostri
3702 5302 3816 5356 Jesu

2240 5396 2448 5452 Christi.
2494 5396 2574 5452 En
2607 5398 2766 5468 igitur
2811 5407 2865 5453 et
2913 5398 3080 5454 Filius
3122 5415 3348 5469 magnus
3394 5407 3498 5454 est.
3549 5393 3816 5466 Quomodo

2241 5470 2399 5560 igitur
2427 5489 2560 5545 dicis
2582 5505 2827 5560 parvum,
2860 5498 2915 5545 et
2939 5492 3228 5561 maguum?
3254 5491 3390 5545 Audi
3413 5491 3574 5544 etiam
3600 5487 3816 5558 prophe-

2240 5595 2348 5636 tam
2377 5625 2392 5648 ,
2435 5584 2522 5652 qui
2558 5583 2730 5651 ipsum
2773 5593 2929 5637 vocat
2969 5585 3148 5654 magni
3184 5584 3394 5639 consilii
3424 5583 3691 5653 angelum.
3723 5575 3813 5646 Qui

2238 5685 2321 5730 est
2357 5675 2532 5744 magni
2561 5675 2772 5730 consilii
2823 5676 3078 5746 angelus,
3109 5691 3286 5730 annon
3333 5689 3556 5744 magnus
3586 5671 3706 5728 est?
3732 5666 3812 5737 qui

2237 5777 2320 5822 est
2369 5767 2506 5820 Deus
2548 5766 2700 5821 fortis
2725 5808 2739 5831 ,
2783 5783 2850 5821 an
2895 5778 3111 5824 nonest
3143 5785 3369 5838 magnus
3399 5809 3412 5834 ,
3459 5767 3553 5823 sed
3599 5760 3814 5836 parvus?

2239 5857 2375 5925 Quid
2401 5857 2556 5927 igitur
2581 5857 2920 5929 impudentes
2949 5861 3033 5916 isti
3063 5869 3115 5918 et
3145 5859 3335 5917 nefarii
3366 5859 3520 5916 verba
3550 5859 3648 5914 ista
3671 5867 3813 5912 usuro
