4170 6566
534 523 680 584 εῖναι
704 526 814 592 ἴσος
835 526 1108 600 ἀνθρώπῳ
1127 524 1268 583 κατὰ
1290 526 1391 598 τὴν
1407 524 1588 596 φύσιν.
1608 526 1793 598 Χωρὶς
1818 525 1876 581 δέ
1898 525 2114 591 τούτου,

533 627 759 681 κάκεῖνο
785 625 917 696 ἐρῶσ
942 627 1006 680 Τί
1029 625 1279 697 βούλεται
1302 625 1713 680 κατασκευάσαι
1747 626 1775 679 6
1797 625 2009 690 Παῦλος
2028 625 2117 681 6:6

537 727 730 783 τούτου
748 726 841 783 τοῦ
859 726 1254 796 ὑποδείγματος
1273 742 1289 794 ;
1317 726 1412 790 Είς
1428 724 1953 797 ταπεινοφροσύνην,
1976 725 2118 783 πάν-

533 844 643 890 τως
663 827 829 897 ἐρεῖς,
854 825 1144 892 ἐναγαγεῖν
1173 823 1299 888 τοὺς
1319 820 1737 894 Φιλιππησίους.
1755 821 1822 877 Τί
1846 817 1960 888 οὖν,
1994 822 2119 877 είπέ

537 939 650 994 μοι,
671 921 831 977 τοῦτο
854 920 921 974 ἂν
948 920 1294 992 παρήνεγκεν
1314 920 1395 982 είς
1419 918 1586 989 μέσον
1606 936 1621 986 ;
1650 919 1841 983 Οὐδεὶς
1864 919 1973 990 γάρ
1996 919 2118 990 βου-

532 1024 757 1096 λόμενος
781 1022 1085 1095 προτρέψαι
1101 1022 1566 1092 ταπεινοφρονεῖν,
1586 1019 1745 1075 τοῦτό
1775 1038 1960 1092 φησιν·
1984 1022 2120 1075 Ἔσο

530 1124 806 1189 ταπεινὸς,
841 1125 934 1178 7:01
962 1123 1184 1176 ἔλαττον
1206 1122 1396 1202 φρόνει
1423 1120 1531 1175 τῶν
1556 1122 1861 1193 ὁμοτίμων·
1891 1120 1987 1176 καὶ
2010 1123 2119 1192 γὰρ

532 1228 561 1281 6
584 1225 733 1280 δεῖνα
763 1225 792 1279 6
815 1223 1000 1287 δοῦλος
1040 1224 1141 1276 οὑκ
1180 1220 1452 1301 ἐπανέστη
1495 1221 1574 1293 τῷ
1610 1222 1890 1295 Δεσπότιγ
1946 1222 2116 1294 μιμοῦ

533 1325 714 1380 τοίνυν
742 1327 972 1384 ἐκεῖνον.
1008 1326 1119 1388 K01
1149 1326 1257 1397 μὴν
1282 1324 1440 1386 τοῦτο
1468 1326 1569 1387 οὐκ
1608 1323 1725 1387 ἐστι
1756 1341 2120 1396 ταπεινοφρο-

539 1424 726 1495 σύνης,
764 1424 909 1478 εἴποι
950 1442 1033 1488 τις
1065 1425 1153 1488 ἂν,
1189 1424 1306 1485 ἀλλ’
1344 1422 1624 1487 ἀπονοίας.
1662 1422 1881 1477 Μάθετε
1913 1422 1967 1476 τί
2001 1424 2119 1483 ἐστι

536 1522 1006 1594 ταπεινοφροσύνη
1044 1522 1202 1592 ὑμεῖς
1240 1522 1290 1575 οί
1320 1520 1490 1595 τῦφον
1528 1520 1745 1593 ἔχοντες
1788 1519 2114 1575 διαϐολικόν.

536 1623 603 1678 Τί
641 1618 735 1677 οὖν
781 1623 898 1681 ἐστι
947 1622 1460 1694 ταπεινοφροσύνη;
1495 1621 1569 1677 Τὸ
1596 1621 1829 1680 ταπεινά
1862 1625 2115 1694 φρονεῖνιο

533 1722 770 1777 ταπεινά
797 1722 856 1776 δὲ
885 1725 1093 1793 φρονεῖ,
1125 1723 1226 1794 οὑχ
1247 1725 1277 1777 6
1302 1722 1410 1781 ἀπὸ
1447 1722 1692 1793 ἀνάγκης
1728 1721 1804 1776 ὢν
1835 1723 2117 1793 ταπεινὸς,

535 1821 653 1876 ἀλλ’
678 1824 707 1877 6
735 1822 928 1876 ἑαυτὸν
956 1821 1249 1876 ταπεινῶν.
1281 1815 1406 1876 Οἷόν
1426 1839 1479 1874 τι
1500 1819 1642 1890 λέγω
1664 1820 1986 1891 (προσέχετε
2013 1820 2115 1891 δέν

537 1924 709 1978 Ὅταν
742 1940 830 1986 τις
855 1923 1037 1995 ὑψηλά
1062 1922 1362 1994 δυνάμενος
1393 1921 1662 1994 φρονῆσαι
1693 1924 2117 1994 ταπεινοφρονῇ,

531 2018 689 2087 οὗτος
715 2023 1099 2093 ταπεινόφρων
1122 2022 1270 2076 ἐστίν
1293 2036 1307 2051 °
1341 2022 1471 2075 ὅταν
1498 2020 1557 2074 66
1580 2020 1731 2092 7:096
1756 2021 1817 2074 :6
1850 2021 1927 2093 μὴ
1955 2021 2118 2075 δυνα-

533 2121 660 2175 σθαι
690 2124 1110 2192 ταπεινοφρονῇ,
1143 2121 1328 2175 οὐκέτι
1368 2121 1748 2192 ταπεινόφρων
1793 2122 1943 2177 ἐστίν
1966 2138 1979 2152 ⁸
2007 2120 2121 2177 οἷον

530 2222 561 2275 6
584 2220 839 2292 βασιλεὺς
864 2221 943 2293 τῷ
962 2221 1195 2292 ὑπάρχῳ
1219 2222 1286 2276 ἀν
1315 2221 1711 2295 ὑποτάττηται,
1733 2226 2117 2294 ταπεινόφρων

530 2320 704 2387 ἐστὶν,
733 2321 816 2381 ὅτι
843 2321 953 2375 ἀπὸ
973 2319 1070 2382 τοῦ
1087 2298 1268 2399 μὺψους
1302 2320 1540 2392 κατέὸηο
1573 2323 1601 2375 6
1648 2321 1833 2392 μέντοι
1877 2320 2121 2395 ὕπαρχος

531 2418 629 2471 ἐάν
659 2416 820 2480 τοῦτο
851 2421 1005 2490 ποιῇ,
1031 2420 1091 2473 οὑ
1115 2423 1561 2492 ταπεινοφρονεῖ’
1588 2421 1704 2485 πῶς
1737 2422 1880 2494 γάρ;
1916 2423 1977 2476 οὑ
2012 2425 2119 2497 γάρ

531 2518 642 2579 ἀπὸ
670 2518 764 2573 τοῦ
793 2518 961 2597 ὕψους
988 2518 1356 2581 ἐταπείνωσεν
1379 2519 1593 2582 ἐαυτόν.
1634 2520 1750 2575 Οὑκ
1786 2520 1901 2583 ἐστι
1930 2521 1987 2575 66
2021 2523 2119 2583 ἆλ-

531 2615 641 2682 λως
656 2620 1176 2692 ταπεινοφρονῆσαι,
1196 2622 1247 2673 εἰ
1265 2619 1341 2692 μὴ
1359 2621 1416 2677 ὲν
1431 2620 1654 2693 ἐξουσίᾳ
1674 2620 1904 2691 γένοιτο.
1930 2623 1993 2676 Εί
2008 2622 2120 2695 γὰρ

532 2718 753 2790 ἀνάγκη
794 2720 913 2774 ἐστὶ
942 2720 1373 2781 τεταπεινῶσθαι
1412 2721 1512 2781 καὶ
1557 2722 1781 2789 ἄκοντα,
1806 2723 1995 2777 οὐκέτι
2019 2724 2120 2795 τῆς

531 2823 852 2897 φρονήσεώς
881 2826 999 2879 ἐστι
1020 2825 1083 2880 :6
1117 2824 1455 2898 κατόρθωμα
1478 2824 1604 2880 0666
1628 2824 1723 2879 :06
1754 2825 2118 2898 βουλήματος,

531 2925 671 2980 ἀλλά
704 2925 803 2997 τῆς
837 2925 1083 2996 ἀνάγκης
1101 2941 1117 2957 ο
1151 2926 1626 2998 ταπεινοφροσύνῃ
1650 2925 1707 2980 66
1734 2927 1822 2980 διὰ
1845 2926 2005 2981 τοῦτο
2034 2926 2121 2981 λέ-

531 3043 713 3096 γεται,
739 3026 822 3080 ὅτι
846 3025 941 3080 τοῦ
972 3027 1319 3100 φρονήματός
1350 3028 1467 3082 ἐστι
1496 3006 1849 3093 ταπείνωσις.

605 3235 676 3308 γ’.
698 3228 833 3283 Εἰπέ
867 3246 980 3300 μοι,
1012 3230 1066 3293 εί
1085 3247 1170 3292 τις
1211 3229 1287 3303 μὴ
1316 3228 1457 3305 ἔχων
1485 3228 1735 3301 ἐξουσίαν
1755 3229 2118 3299 πλεονεκτεῖν,

536 3330 691 3410 μένοι
736 3329 805 3385 τὰ
857 3329 1052 3385 ἑαυτοῦ
1094 3330 1455 3403 κεκτημένος,
1489 3330 1675 3386 τοῦτον
1720 3332 2123 3404 ἐπαινεσόμεθα

532 3433 628 3495 ἐπὶ
650 3428 1000 3508 δικαιοσύνης
1051 3428 1336 3500 Οὐδαμῶς,
1372 3429 1471 3484 Διά
1500 3431 1588 3499 τί;
1638 3431 1717 3504 Τῇ
1764 3432 1875 3505 γὰρ
1908 3433 2122 3508 ἀνάγκῃ

531 3535 596 3595 τὸ
625 3534 725 3606 τῆς
754 3530 1133 3604 προαιρέσεως
1162 3531 1440 3602 ἐγκώμιον
1468 3531 1773 3603 ἀφῄρηται.
1815 3534 1950 3589 Είπέ
1987 3553 2118 3607 μοι,

533 3635 591 3699 εῖ
605 3651 690 3699 τις
721 3632 799 3705 μὴ
825 3631 1124 3704 δυνάμενος
1149 3633 1435 3701 τυραννεῖν
1464 3636 1559 3690 καὶ
1605 3632 1935 3704 βασιλεύειν,
1968 3636 2121 3707 μένοι

535 3733 852 3801 ίδιωτεύων,
904 3732 1094 3791 τοῦτον
1153 3732 1574 3805 ἐπαινεσόμεθα,
1626 3734 1704 3799 ὡς
1751 3736 2120 3807 ἀπράγμονας

535 3836 691 3914 [237]
723 3835 1007 3906 Οὐδαμῶς.
1038 3835 1248 3898 Οὐκοῦν
1276 3836 1400 3890 0666
1428 3835 1680 3890 ἐνταῦθα.
1725 3836 1785 3889 ὐ
1819 3837 1930 3908 γάρ
1960 3835 2120 3891 ἐπαι-

536 3956 648 4006 νος,
677 3931 724 3992 ὧ
752 3937 969 3993 πάντων
997 3937 1155 4009 ὑμεῖς
1180 3935 1573 4008 ἀμαθέστατοι,
1597 3936 1698 3988 οὑκ
1733 3935 1793 3988 ἐν
1816 3939 1883 4017 τῇ
1915 3938 2121 3989 τούτων

538 4044 747 4115 ἀποχῇ,
797 4041 915 4096 ἀλλ’
960 4043 1019 4095 ἐν
1062 4043 1130 4112 τῇ
1174 4039 1287 4095 τῶν
1319 4037 1545 4115 ἀγαθῶν
1595 4037 1834 4111 ἐργασία
1884 4038 2118 4107 γίνεται.

550 4146 763 4205 Ἐκεῖνο
819 4143 920 4215 μέν
952 4142 1061 4217 γὰρ
1106 4118 1278 4213 ψόγου
1306 4138 1678 4210 ἀπήλλακται,
1735 4138 1891 4194 οὑπω
1922 4138 1979 4194 δέ
2027 4140 2123 4194 καὶ

537 4246 761 4303 ἐπαίνου
793 4244 1012 4317 μετέχει
1030 4259 1046 4275 ο
1074 4240 1138 4304 :6
1165 4239 1244 4306 66,
1281 4236 1574 4308 ἐγκωμίων
1605 4237 1757 4305 ἄξιόν
1781 4239 1951 4293 ἐστιν.
1977 4239 2123 4312 ὐρα

535 4347 670 4421 γοῦν
692 4346 785 4413 7:01
808 4345 898 4407 τὸν
929 4340 1168 4413 Χριστὸν
1196 4338 1369 4404 οὕτως
1398 4338 1745 4408 ἐπαινοῦντα,
1795 4340 1922 4395 ὅταν
1947 4339 2082 4414 λέγῃ
2102 4358 2117 4372 ·

536 4451 736 4516 Δεῦτε,
766 4450 821 4502 οἱ
839 4441 1233 4515 εὐλογημένοι
1256 4440 1362 4503 τοῦ
1391 4442 1621 4510 Πατρός
1655 4460 1796 4512 μου,
1828 4445 2123 4511 κληρονο-

529 4550 773 4625 μήσατε
801 4546 917 4616 τὴν
945 4540 1400 4613 ἡτοιμασμένην
1436 4541 1581 4612 ὑμῖν
1622 4541 1957 4605 ,βασιλείαν
2001 4543 2122 4599 ἀπὸ

537 4643 873 4715 καταϐολῆς
909 4642 1146 4711 κόσμου
1167 4656 1180 4668 ·
1222 4638 1517 4692 ἐπείνασα
1550 4638 1660 4707 γὰρ
1676 4677 1691 4702 ,
1736 4637 1838 4691 καί
1864 4637 2123 4693 ἐδώκατέ

531 4769 639 4824 μοι
659 4747 873 4821 φαγεῖν
893 4762 910 4778 ·
934 4744 1228 4812 ἐδίψησα,
1244 4739 1346 4795 καί
1364 4738 1680 4794 ἐποτίσατέ
1686 4755 1784 4807 με.
1810 4740 1926 4793 067:
1948 4733 2121 4806 εἶπεν,

551 4849 774 4922 Ἐπειδὴ
797 4848 900 4903 οὑκ
916 4844 1406 4914 ἐπλεονεκτήσατε,
1426 4840 1569 4908 0666,
1587 4839 1809 4912 Ἐπειδὴ
1828 4840 1927 4913 οὑχ
1945 4842 2125 4914 ήρπά-

541 4973 672 5011 σατε
706 4950 911 5033 [μικρά
946 4949 1057 5023 γὰρ
1089 4945 1288 5023 ταῦτα]
1338 4943 1454 4999 ἀλλ’
1502 4943 1720 5016 Ἐπειδὴ
1750 4945 2025 5001 πεινῶντά
2054 4965 2123 5020 με

541 5056 737 5120 εἴδετε,
766 5051 864 5106 7:01
909 5048 1197 5129 ἐθρέψατε.
1233 5045 1345 5100 K01
1374 5043 1460 5109 τίς
1489 5042 1557 5099 ἂν
1585 5043 1758 5109 οὕτως
1792 5045 2058 5128 ἐπῄνεσεν
2086 5048 2121 5120 ἢ

541 5156 671 5220 τοὺς
703 5154 915 5224 φίλους,
948 5150 982 5222 ἢ
1012 5148 1143 5212 τοὺς
1186 5145 1448 5226 ἐχθρούς;
1479 5145 1581 5200 οὐκ
1632 5145 1699 5210 ἂν
1731 5146 1854 5202 ούδέ
1888 5149 2121 5213 Παῦλον.

543 5253 613 5308 Τί
641 5254 787 5323 λέγω
817 5248 1066 5314 Παῦλονς
1097 5247 1216 5302 οὑδέ
1246 5247 1338 5301 τὸν
1370 5246 1601 5319 τυχόντα
1629 5264 1712 5312 τις
1736 5246 1928 5321 ἀνδρα,
1949 5250 2026 5317 ὡς
2056 5251 2122 5306 σὺ

542 5358 636 5413 τὸν
666 5353 900 5428 Χριστὸν
922 5353 1188 5423 ἐπαινεῖς,
1209 5348 1493 5421 ἐπῄνεσεν,
1523 5351 1605 5415 ὅτι
1638 5351 1714 5422 μὴ
1737 5352 2124 5424 προσήκουσαν

547 5458 722 5531 ἀρχὴν
752 5456 854 5510 οὑκ
896 5453 1079 5508 ἔλασε.
1122 5452 1197 5509 Τὸ
1233 5451 1343 5524 γάρ
1390 5452 1483 5508 67:1
1535 5451 1747 5516 τούτοις
1799 5450 2122 5525 θαυμάζειν,

547 5560 753 5631 πολλήν
773 5561 889 5612 ἐστι
921 5556 1121 5619 κακίαν
1175 5555 1617 5630 μαρτυρούντων.
1670 5554 1828 5621 Πῶςς
1884 5557 2007 5610 Ὅτι
2038 5558 2124 5619 ἐπ’

548 5661 774 5717 ἐκείνων
800 5657 863 5712 :6
892 5657 1133 5714 τοιοῦτον
1156 5657 1377 5723 ἔπαινός
1405 5658 1584 5723 ἐστιν,
1625 5652 1737 5712 οἷον
1773 5660 1804 5712 ὸ
1840 5656 2122 5723 κλέπτων,

552 5757 648 5811 ἐὰν
676 5755 876 5827 μηκέτι
908 5750 1115 5829 κλέπτῃ
1137 5772 1149 5785 '
1182 5757 1278 5810 ἐπὶ
1307 5755 1364 5810 δέ
1391 5756 1500 5811 τῶν
1541 5755 1767 5824 ἀγαθῶν
1795 5755 1981 5811 οὐκέτι
2001 5773 2016 5790 ο
2062 5758 2122 5811 ού

552 5858 685 5931 γὰρ,
705 5857 902 5932 ὄτιούχ
924 5858 1141 5932 ἥρπασε
1178 5860 1254 5932 μὴ
1288 5859 1671 5933 προσήκουσαν
1700 5858 1874 5932 ἀρχὴν
1915 5859 2010 5914 καὶ
2041 5876 2123 5912 τι-

1251 408 1310 464 S.
1349 406 1635 465 JOANNIS
1669 403 2163 465 CHRYSOSTOMI
2197 403 2518 464 ARCHIEP.
2559 403 3104 467 CONSTANTINOP.
3694 419 3791 479 222

2231 524 2364 598 μὴν,
2387 524 2694 590 ἐπαινετός.
2734 525 2845 580 K01
2870 526 3032 591 ποίας
3051 526 3225 582 ταῦτα
3263 528 3476 597 ἀνοίαςί
3516 534 3714 602 Ἀλλως
3735 540 3786 595 δὲ

2229 622 2386 694 (ἀλλά
2420 623 2736 697 προσέχετε,
2780 626 3110 697 παρακαλῶ*
3151 628 3361 700 μακρὸς
3381 630 3490 703 γὰρ
3518 635 3546 687 6
3580 633 3782 710 λόγος),

2204 720 2311 785 ιτίς
2349 721 2416 776 ἂν
2443 721 2553 776 ἀπὸ
2575 721 2781 777 τούτων
2818 724 2899 787 είς
2936 726 3439 801 ταπεινοφροσύνην
3462 732 3787 804 προέτρεὺε;

2230 819 2314 873 T6
2340 821 2449 893 γάρ
2480 822 2855 892 ὑποδείγματα
2904 823 3086 897 πολλῷ
3131 823 3357 896 μείζονα
3403 826 3485 882 δεῖ
3515 825 3654 886 εἶναι
3692 835 3788 904 τῆς

2228 925 2559 991 ὑποθέσεως,
2586 928 2667 991 είς
2694 928 2761 1000 ἣν
2792 927 3220 999 παρακαλοῦμεν
3244 947 3260 961 ο
3289 931 3349 983 ού
3381 929 3490 1002 γὰρ
3532 931 3598 985 ἄν
3627 952 3709 999 τις
3735 939 3790 1006 ἐξ

2231 1026 2530 1097 ἀλλοτρίων
2553 1025 2896 1098 προτραπείη
2916 1042 2931 1057 ·
2961 1020 3096 1092 οἷον,
3124 1026 3462 1099 προέτρεψεν
3496 1030 3522 1082 6
3570 1028 3792 1100 Χριστὸς

2234 1121 2295 1180 εὖ
2330 1129 2505 1180 ποιεῖν
2533 1128 2658 1191 τοὺς
2687 1126 2948 1199 ἐχθρούς·
2990 1128 3190 1199 ήνεγκε
3238 1129 3591 1200 παράδειγμα
3635 1133 3833 1205 μέγα,ἦ

2234 1228 2294 1282 :6
2321 1227 2415 1281 :06
2441 1228 2674 1300 Πατρὺς,
2708 1230 2830 1284 Ὅτι
2859 1230 3178 1285 ἀνατέλλει
3208 1232 3315 1285 τὸν
3347 1231 3528 1299 ἣλιον
3556 1231 3654 1286 ἐπὶ
3690 1246 3791 1286 ,το-
3823 1220 3833 1245 ε

2229 1329 2457 1394 νηροὺς
2482 1329 2582 1384 καί
2613 1329 2895 1399 ἀγαθοὺς,
2922 1332 3020 1384 καὶ
3046 1329 3254 1400 ,βρέχει
3280 1330 3379 1384 ἐπὶ
3409 1330 3675 1398 δικαίους
3699 1334 3789 1386 καί

2227 1426 2477 1494 ἀδίκους
2501 1443 2515 1457 ·
2543 1427 2877 1500 προέτρεψεν
2911 1430 2992 1492 είς
3029 1427 3384 1494 ἀνεξικακίαν
3406 1445 3422 1464 ο
3471 1430 3667 1501 ήνεγκε
3694 1447 3792 1483 7:0-

2230 1525 2499 1597 ράδειγμα
2540 1527 2766 1581 ἑαυτόν·
2812 1526 3041 1583 Μάθετε
3085 1528 3188 1583 ἀπ’
3235 1527 3383 1598 ἐμοῦ
3411 1568 3427 1591 ,
3470 1527 3560 1581 ὅτι
3616 1527 3793 1596 πρᾶός

2227 1628 2347 1696 εἰμι
2376 1625 2475 1680 καί
2508 1626 2792 1694 ταπεινὸς
2821 1626 2898 1697 τῇ
2926 1626 3141 1696 καρδίᾳ
3164 1644 3178 1659 ⁸
3209 1628 3306 1682 καὶ
3336 1627 3518 1694 πάλιν,
3544 1629 3612 1681 El
3641 1628 3795 1697 ὲτὼό

2226 1727 2447 1797 Κύριος
2471 1726 2571 1788 καί
2601 1730 2634 1781 ὀ
2651 1726 3022 1793 διδάσκαλος
3050 1727 3237 1782 ταῦτα
3268 1728 3440 1795 ποιῶ,
3473 1730 3641 1793 πόσῳ
3660 1729 3797 1797 μᾶλ-

2226 1829 2343 1883 λον
2363 1827 2530 1897 ὑμεῖς
2545 1843 2565 1893 ;
2609 1828 2773 1899 Ὀρᾷς
2815 1827 2937 1892 πῶς
2978 1829 3080 1882 οὑκ
3126 1828 3405 1900 ἀφέστηκε
3449 1828 3521 1882 τά
3556 1830 3796 1901 παραδεί-

2229 1945 2449 1999 γματα;
2483 1928 2604 1984 οὑδέ
2645 1930 2755 2001 γὰρ
2778 1928 3033 1983 τοσοῦτον
3060 1929 3365 1999 ἀφεστάναι
3405 1928 3521 1983 δεῖ·
3563 1928 3654 1983 7:01
3696 1928 3797 1999 γὰρ

2230 2030 2326 2085 καὶ
2346 2031 2508 2102 ἡμεῖς
2533 2029 2678 2084 οὕτω
2702 2029 2858 2084 ποιοῦ
2866 2048 2986 2103 μεν.
3017 2030 3226 2094 Ἄλλως
3247 2029 3304 2084 δὲ
3324 2030 3423 2084 καὶ
3438 2029 3667 2084 ἐνταῦθα
3686 2030 3796 2083 οὑδέ

2230 2129 2398 2201 ἐγγύς
2425 2133 2541 2190 ἐστι
2568 2131 2630 2186 :6
2654 2131 3029 2205 παράδειγμα.
3057 2130 3216 2198 Πῶς;
3245 2130 3372 2186 Ὀτι
3394 2132 3444 2184 εἰ
3470 2130 3651 2193 δοῦλός
3670 2131 3795 2193 ἐστι,

2229 2231 2325 2286 7:01
2351 2230 2592 2289 ἐλάττων
2628 2232 2747 2286 ἐστὶ
2777 2233 2875 2291 καὶ
2900 2234 3143 2305 ὑπήκοος
3177 2231 3259 2304 τῷ
3292 2231 3526 2303 μείζονι.
3553 2229 3717 2283 Τοῦτο
3744 2228 3796 2282 δέ

2228 2336 2289 2389 06
2319 2336 2791 2410 ταπεινοφροσύνη
2827 2336 2944 2392 ἐστί
3009 2335 3322 2390 τούναντίον
3362 2334 3472 2406 γὰρ
3503 2334 3607 2387 ἔδει
3650 2330 3796 2400 ποιῆ-

2230 2451 2342 2504 σαι,
2381 2435 2609 2506 μείζονά
2649 2453 2773 2490 τινα
2816 2437 2895 2508 τῷ
2924 2436 3168 2492 ἐλάττονι
3194 2434 3585 2497 ὑπακούσαντα
3608 2431 3794 2497 δεῖξαιο

2228 2514 2349 2592 ἀλλῖ
2377 2537 2568 2609 ἐπειδὴ
2595 2537 2754 2591 τοῦτο
2780 2536 2880 2608 οὑχ
2901 2530 3064 2607 εὗρεν
3094 2536 3189 2589 ἐπὶ
3217 2534 3383 2601 Θεοῦ,
3426 2531 3643 2613 μείζονα
3667 2529 3797 2597 λέγω

2229 2634 2328 2691 καὶ
2355 2635 2638 2703 ἐλάττονα,
2665 2635 2728 2689 :6
2756 2635 2890 2706 γοῦν
2920 2634 3033 2691 ἴσον
3067 2633 3347 2704 ἐποίησεν,
3400 2632 3464 2686 Εί
3492 2630 3549 2684 δέ
3577 2628 3796 2682 ἐλάττων

2227 2730 2296 2808 ἦν
2322 2737 2350 2790 6
2377 2733 2527 2800 Υἱὸς,
2561 2734 2659 2805 οὑχ
2693 2735 2878 2790 ἱκανὸν
2917 2735 2999 2799 είς
3037 2731 3543 2814 ταπεινοφροσύνην
3585 2725 3800 2801 προτρέ-

2228 2839 2351 2910 ψαιο
2402 2835 2505 2891 Διά
2531 2836 2587 2890 τί
2612 2854 2627 2902 ;
2654 2836 2775 2892 Ὀτι
2819 2837 2922 2892 οὑκ
2969 2835 3084 2893 ἔστι
3115 2832 3592 2909 ταπεινοφροσύνη
3632 2828 3690 2882 :6
3717 2826 3798 2880 τὸν

2230 2943 2492 2998 ἐλάττονα
2515 2940 2591 3013 μὴ
2618 2939 2997 3010 ἐπαναστῆναι
3020 2937 3100 3009 τῷ
3129 2937 3363 3009 μείζονι,
3391 2934 3451 2990 :6
3476 2935 3549 3005 μὴ
3572 2928 3798 3003 ἀρπάσαι

2228 3040 2328 3113 τὴν
2353 3041 2551 3113 ἀρχὴν,
2587 3040 2650 3094 :6
2681 3039 2992 3095 ὑπακοῦσαι
3021 3037 3184 3110 μέχρι
3218 3036 3482 3097 θανάτου,
3507 3031 3706 3093 Ἄλλως
3726 3026 3797 3089 δὲ.

2229 3142 2331 3215 δρα
2366 3143 2462 3197 7:01
2491 3144 2635 3213 μετὰ
2667 3144 2727 3197 :6
2772 3142 3081 3213 ὑπόδειγμα
3118 3141 3172 3193 τί
3219 3156 3358 3211 φησι
3380 3156 3395 3170 ’
3430 3136 3509 3206 Τῇ
3546 3146 3799 3191 matura-

2228 3245 2511 3314 φροσύνῃ
2545 3244 2863 3312 ἀλλήλους
2890 3243 3214 3314 ἡγούμενοι
3237 3239 3650 3319 ὑπερέχοντας
3676 3231 3800 3286 6m;-

2229 3342 2369 3398 τῶν.
2412 3345 2775 3414 Ἡγούμενοι,
2812 3343 2998 3416 φησίν.
3037 3342 3257 3413 Ἐπειδὴ
3288 3340 3403 3414 γάρ
3430 3340 3523 3394 καὶ
3559 3333 3692 3400 κατὰ
3711 3331 3801 3407 τὴν

2228 3442 2418 3496 οὐσίαν
2441 3442 2498 3497 ἐν
2534 3443 2681 3507 ἐστε,
2729 3442 2824 3496 7:01
2852 3439 3003 3514 [258]
3031 3440 3175 3495 κατά
3206 3439 3306 3511 τὴν
3334 3440 3507 3511 τιμὴν
3535 3436 3632 3515 τὴν
3666 3430 3799 3503 παρὰ

2228 3542 2327 3599 τοῦ
2352 3544 2511 3610 Θεοῦ,
2536 3544 2617 3598 δεῖ
2637 3541 2822 3596 λοιπὸν
2842 3540 2946 3612 τῆς
2971 3540 3296 3613 ὑπολήψεως
3318 3534 3462 3595 εἶναι
3484 3536 3544 3593 :6
3565 3534 3798 3605 πρᾶγμα.

2242 3643 2367 3699 Ἐπὶ
2396 3644 2455 3698 δέ
2490 3642 2601 3696 τῶν
2630 3640 2894 3712 μειζόνων
2938 3639 3037 3694 καὶ
3074 3637 3381 3693 ἐλαττόνων
3414 3637 3513 3691 οὐκ
3560 3633 3624 3689 ἂν
3658 3627 3801 3687 τοῦτο

2230 3741 2406 3809 εἶπεν,
2431 3742 2513 3796 ὅτι
2545 3740 2912 3812 Ἠγούμενοι,
2947 3738 3105 3804 ἀλλά,
3137 3739 3348 3808 Τιμᾶτε
3377 3739 3506 3801 τοὺς
3523 3731 3801 3805 ὑπερέχον·

2229 3859 2329 3906 τας
2356 3840 2510 3913 ὑμῶν
2531 3856 2546 3872 ·
2583 3838 2765 3902 καθὼς
2788 3838 2885 3892 καί⁵
2906 3835 3143 3908 ἀλλαχοῦ
3170 3852 3304 3908 φησι
3327 3875 3343 3901 ,
3373 3834 3658 3890 Πείθεσθε
3689 3824 3801 3892 τοῖς

2230 3942 2585 4014 ἡγουμένοις
2622 3941 2791 4012 ὑμῶν
2823 3941 2921 3995 καί
2950 3941 3249 3994 ὑπείκετε.
3295 3939 3449 3992 Ἐκεῖ
3474 3937 3572 4008 τῆς
3604 3932 3801 4003 φύσεως

2230 4045 2323 4099 τοῦ
2356 4043 2680 4116 πράγματός
2704 4043 2853 4096 ἐστιν
2874 4042 2908 4112 ή
2942 4039 3191 4111 ύποταγή
3212 4054 3226 4070 ⁸
3274 4036 3515 4093 ἐνταῦθα
3557 4036 3655 4097 τῆς
3692 4027 3801 4102 κρί-

2233 4160 2369 4206 σεως
2401 4143 2485 4196 δεῖ
2526 4140 2782 4212 γενέσθαι
2823 4139 2927 4210 τῆς
2960 4139 3256 4210 ἡμετέρας.
3314 4135 3398 4207 Τῇ
3430 4143 3801 4199 ταπεινοφροι

2231 4244 2414 4313 σύνῃ,
2446 4243 2633 4313 φησὶν,
2691 4239 3010 4308 ἀλλήλους
3060 4239 3386 4310 ἡγούμενοι
3410 4232 3800 4303 ὑπερέχοντας

2230 4342 2482 4409 ἑαυτῶν,
2510 4342 2698 4412 ῶσπερ
2721 4341 2816 4395 7:01
2849 4341 2879 4393 6
2916 4336 3151 4411 Χριστὸς
3191 4337 3446 4409 ἐποίησε.
3478 4334 3589 4389 K01
3616 4332 3680 4385 τὰ
3711 4327 3799 4399 μὲν

2231 4441 2456 4495 ἐκείνων
2478 4439 2651 4504 οὕτως
2673 4437 3077 4509 ἀνατέτραπται
3096 4455 3111 4470 ·
3143 4436 3215 4490 τὰ
3247 4437 3303 4490 δέ
3342 4437 3594 4509 ήμέτερα
3631 4426 3800 4483 λοιπὸν

2232 4545 2408 4598 εἰπεῖν
2438 4543 2568 4614 χρὴ,
2604 4541 2870 4614 πρότερον
2901 4540 2960 4592 ἐν
2983 4537 3264 4609 κεφαλαίῳ
3284 4537 3353 4591 :6
3380 4536 3605 4591 ἐκείνων
3631 4528 3800 4585 εἰπόν-

2231 4660 2321 4712 τα,
2355 4645 2439 4698 ὅτι
2466 4643 2545 4705 είς
2581 4640 3083 4713 ταπεινοφροσύνην
3127 4640 3465 4712 παρακαλῶν
3496 4638 3593 4691 οὑκ
3620 4634 3683 4690 ἂν
3718 4630 3800 4684 τὸν

2232 4747 2492 4803 ἐλάττονα
2519 4745 2651 4800 ὄντα
2680 4744 2774 4798 7:01
2793 4742 2873 4817 τῷ
2901 4740 3109 4814 μείζονι
3140 4739 3533 4794 ὑπακούσαντα
3566 4734 3802 4806 παρήγα-

2231 4867 2349 4920 γεν.
2386 4850 2449 4904 Εί
2494 4849 2593 4920 μὲν
2638 4847 2747 4920 γάρ
2784 4845 3003 4909 δούλους
3044 4843 3333 4907 δεσπόταις
3374 4839 3672 4914 παρεκάλει
3705 4835 3800 4891 ὑπ’

2232 4949 2453 5006 ακούειν
2477 4990 2494 5016 ,
2528 4948 2790 5011 εἰκότως·
2841 4947 2891 5000 εἰ
2937 4944 2997 5000 66
3034 4943 3354 5016 ἐλευθέρους
3406 4938 3725 5011 ἐλευθέροις,
3753 4928 3800 4984 τι

2233 5052 2328 5107 τοῦ
2354 5049 2540 5105 δούλου
2561 5048 2697 5124 πρὸς
2719 5048 2811 5102 τον
2830 5046 3096 5116 δεσπότην
3118 5044 3399 5117 ὑποταγὴν
3423 5042 3619 5112 ἔφερες
3644 5034 3694 5090 τί
3711 5030 3799 5086 τοῦ

2233 5152 2516 5215 ἐλάττονος
2545 5149 2682 5222 πρὸς
2709 5148 2801 5202 τὸν
2820 5146 3044 5219 μείζονα
3068 5163 3083 5214 ;
3112 5145 3206 5218 Μὴ
3226 5144 3335 5218 γὰρ
3359 5139 3536 5209 εἶπεν,
3571 5139 3632 5193 ΟΞ
3658 5134 3801 5190 ἐλάτ-

2231 5268 2383 5315 τονες
2410 5253 2521 5314 τοῖς
2550 5250 2788 5323 μείζοσιν
2813 5249 3259 5313 ὑπακουέτωσαν,
3280 5244 3396 5300 ἀλλ’
3428 5245 3678 5312 ’ἰσότιμοι
3711 5233 3797 5289 ἀλ·

2233 5354 2412 5427 λήλων
2458 5353 2632 5418 ὄντες,
2695 5351 3021 5416 ὑπακούετε,
3094 5347 3436 5416 Ἀλλήλους
3494 5340 3800 5415 ἡγούμενοι

2234 5453 2641 5523 ὑπερέχοντας
2659 5448 2908 5509 ἑαυτῶν.
2939 5449 3041 5504 Διά
3077 5448 3128 5503 τί
3169 5448 3225 5502 δέ
3257 5448 3333 5521 μὴ
3370 5446 3660 5518 παρήγαγε
3708 5432 3799 5493 κᾶν

2233 5554 2295 5617 τὸ
2313 5553 2412 5623 τῆς
2442 5552 2731 5623 γυναικὸς,
2763 5551 2845 5605 ὅτι
2869 5550 3081 5621 ’Ὥσπερ
3104 5550 3136 5621 ή
3167 5547 3304 5619 γυνὴ
3325 5543 3592 5601 ὑπακούει
3623 5537 3697 5610 τῷ
3717 5536 3801 5589 ἀνι

2234 5655 2344 5725 δρὶ,
2397 5653 2539 5709 οὕτω
2570 5652 2665 5706 7:01
2715 5652 2874 5722 ὑμεῖς
2924 5648 3269 5717 ὑπακούετε;
3322 5647 3384 5701 Et
3410 5645 3468 5699 66
3513 5644 3648 5712 ὅπερ
3698 5635 3800 5687 ἴσον

2182 5816 2202 5830 _
2237 5755 2353 5810 ἐστὶ
2383 5755 2476 5809 7:01
2500 5753 2808 5826 ἐλευθέριον
2836 5754 2896 5808 οὑ
2934 5754 3280 5826 παρήγαγεν,
3325 5746 3519 5819 ἐπειδὴ
3556 5743 3688 5804 ὅλως
3717 5752 3799 5806 μί’

2237 5856 2346 5930 κρά
2373 5872 2455 5921 τις
2476 5850 2547 5931 ἦν
2572 5857 2843 5928 ὑποταγή,
2876 5856 3028 5928 πόσῳ
3057 5856 3260 5926 μᾶλλον
3291 5854 3352 5909 :6
3371 5849 3468 5906 :06
3501 5846 3682 5902 δούλου
3710 5837 3798 5897 οὐκ
