4170 6488
259 417 356 474 2‘2!

260 542 411 606 pant,
440 528 587 604 quod
620 535 766 584 esset
792 540 989 597 parvus
1019 524 1201 580 Deus?
1229 524 1386 594 δερμα
1430 523 1643 581 illorum
1693 520 1858 578 verba

255 627 450 693 altero,
483 638 543 680 ut
573 623 742 694 magis
772 621 841 675 ab
870 621 976 675 illis
1007 619 1282 691 refugiatis
1312 636 1325 672 :
1358 615 1492 673 Cum
1522 632 1744 688 parvus,
1777 616 1860 672 in-

257 719 472 790 quiunt,
505 726 653 772 esset
687 714 850 779 Deus,
884 727 990 767 non
1021 710 1123 766 hoc
1151 711 1347 781 rapuit,
1381 719 1439 764 ut
1467 709 1715 765 eumdem
1737 724 1861 780 gra-

198 836 226 867 ἰ
256 814 385 868 dum
429 824 555 865 cum
601 820 797 877 magno
837 803 1128 859 obtineret.
1180 802 1317 870 Quid
1365 802 1509 857 enim
1537 843 1552 869 ,
1596 801 1685 856 dic
1727 799 1858 856 mihi

256 904 544 977 (verumne
584 898 780 968 putetis
813 895 927 950 hinc
956 904 1137 949 nostra
1163 909 1283 949 esse
1310 891 1496 963 verba)
1521 935 1536 959 ,
1562 894 1606 948 si
1636 892 1706 948 de
1738 893 1857 947 illo-

256 1009 377 1049 rum
406 989 674 1047 sententia
708 1002 905 1059 parvus
930 995 1067 1051 erat,
1098 998 1151 1040 et
1182 994 1399 1055 paterna
1433 985 1671 1054 potentia
1701 984 1859 1054 longe

256 1088 513 1151 inferior;
547 1082 821 1155 quomodo
852 1081 954 1135 hoc
982 1096 1234 1151 umquam
1268 1095 1459 1149 rapere
1491 1080 1774 1149 potuisset,
1803 1090 1859 1135 ut

257 1183 368 1238 Deo
387 1178 611 1250 aequalis
636 1175 819 1232 esset?
860 1184 1051 1229 natura
1081 1174 1224 1228 enim
1266 1173 1443 1227 minor
1486 1188 1596 1226 non
1628 1172 1729 1227 hoe
1764 1187 1857 1226 ra-

260 1288 387 1346 pere
415 1278 617 1342 queat,
662 1277 720 1323 ut
759 1266 952 1322 evadat
981 1266 1033 1319 in
1080 1279 1326 1335 magnam
1362 1281 1376 1318 :
1405 1263 1857 1334 quemadmodum

261 1366 421 1423 homo
453 1377 747 1432 numquam
772 1362 876 1415 hoe
904 1374 1094 1430 rapere
1121 1367 1303 1429 queat,
1338 1367 1392 1411 ut
1420 1358 1612 1429 angelo
1636 1359 1858 1429 :equalis

256 1461 326 1516 sit
374 1456 675 1513 secundum
721 1464 1012 1517 naturam;
1063 1465 1240 1521 neque
1292 1465 1462 1520 equus
1512 1450 1613 1505 hoc
1666 1465 1858 1520 rapere

255 1562 412 1624 queat
437 1592 453 1617 ,
476 1549 689 1606 etiamsi
720 1550 869 1613 velit,
903 1557 960 1601 ut
988 1546 1192 1601 homini
1217 1546 1441 1616 aequalis
1466 1546 1537 1601 sit
1559 1545 1855 1602 secundum

254 1655 523 1701 naturam.
555 1642 664 1699 Sed
709 1642 812 1696 hoc
851 1641 1075 1706 omisso,
1110 1640 1239 1695 illttd
1269 1641 1430 1695 etiam
1472 1641 1669 1696 dicam.
1717 1640 1856 1707 Quid

256 1736 358 1794 hoc
385 1737 634 1806 exemplo
679 1734 900 1788 molitur
930 1732 1163 1787 Paulus?
1192 1732 1446 1800 Ouinino,
1479 1733 1853 1803 reSpondehis,

255 1838 315 1885 ut
337 1828 709 1898 Philippenses
737 1825 803 1880 ad
831 1824 1193 1880 humilitatem
1239 1824 1489 1879 adducat.
1536 1824 1644 1880 Cur
1671 1826 1852 1896 igitur,

255 1922 344 1978 dic
367 1921 520 1988 mihi,
554 1920 658 1976 hoc
702 1920 755 1974 in
800 1918 1039 1974 medium
1068 1919 1329 1988 protulit?
1361 1934 1520 1974 nemo
1551 1920 1693 1974 enim
1718 1962 1732 1986 ,
1764 1921 1855 1991 qui

256 2015 328 2070 ad
351 2013 705 2068 humilitatem
725 2011 1000 2067 cohortari
1032 2011 1182 2075 velit,
1211 2010 1282 2065 ita
1314 2011 1571 2081 loquitur.
1600 2012 1728 2066 Esto
1757 2012 1857 2067 hu-

259 2106 425 2169 milis,
456 2118 518 2159 ac
547 2104 719 2158 minus
769 2101 1052 2172 magnifice
1103 2101 1171 2156 de
1219 2110 1270 2157 te
1311 2102 1550 2168 sentias,
1595 2118 1757 2174 quam
1788 2103 1857 2159 de

255 2198 549 2268 aequalibus
576 2197 675 2250 tuis
704 2210 719 2249 :
754 2212 877 2249 nam
923 2204 978 2250 et
1020 2195 1111 2250 ille
1138 2208 1260 2249 cum
1290 2209 1483 2250 servus
1526 2205 1710 2263 esset,
1744 2210 1853 2249 non

249 2290 543 2347 insurrexit
570 2289 831 2343 adversus
862 2287 1189 2351 Dominum;
1232 2286 1383 2341 illum
1415 2286 1577 2356 igitur
1618 2287 1851 2343 imitare.

246 2384 409 2455 Atqui
450 2382 556 2438 hoc
587 2397 696 2437 non
726 2380 1045 2436 humilitatis
1090 2388 1208 2444 est,
1241 2378 1336 2434 sed
1380 2380 1723 2451 arrogantiae.
1768 2380 1855 2435 Di-

248 2479 379 2534 scite
403 2476 534 2548 quid
562 2477 631 2531 sit
656 2475 928 2530 humilitas
957 2474 1182 2544 vos,qni
1214 2482 1478 2527 tumorem
1511 2472 1717 2527 habetis
1741 2472 1856 2526 dia-

248 2570 503 2625 bolicum.
536 2567 676 2637 Quid
710 2567 869 2637 igitur
896 2565 1173 2620 humilitas
1202 2566 1323 2620 est?
1346 2564 1580 2619 Humilia
1609 2565 1811 2619 sentire
1836 2582 1849 2619 :

244 2662 471 2717 humilia
496 2672 678 2716 autem
706 2660 866 2714 sentit
899 2699 914 2723 ,
942 2674 1048 2712 non
1078 2659 1167 2728 qui
1193 2674 1259 2713 ex
1290 2657 1611 2712 necessitate
1637 2667 1720 2711 est
1749 2656 1852 2710 hu-

240 2756 407 2823 milis,
441 2753 539 2810 sed
571 2753 661 2824 qui
687 2754 922 2823 seipsum
944 2751 1208 2806 humiliat.
1236 2750 1457 2805 Planius
1489 2750 1538 2803 id
1562 2764 1851 2819 exponam,

240 2865 337 2905 vos
362 2859 551 2904 autem
575 2847 856 2903 attendite.
881 2846 1129 2914 Quicum
1147 2844 1396 2900 sublimia
1423 2844 1625 2899 sentire
1647 2853 1851 2914 posset,

239 2940 529 2998 humiliter
559 2950 739 2994 tamen
767 2939 966 3003 sentit,
1000 2937 1090 2991 hic
1119 2937 1301 2991 animo
1326 2935 1543 2990 humilis
1572 2945 1656 2990 est
1686 2952 1700 2989 :
1730 2935 1848 3006 qui-

239 3049 476 3106 cumque
506 3048 639 3089 vero
670 3032 870 3087 idcirco
899 3030 1176 3085 humiliter
1205 3029 1405 3095 sentit,
1440 3029 1692 3101 quoniam
1734 3043 1854 3082 ma-

235 3128 438 3199 gniﬁce
469 3143 575 3182 non
606 3135 825 3197 potest,
861 3126 904 3180 is
934 3124 1178 3195 profecto
1204 3123 1424 3179 humilis
1453 3139 1561 3178 non
1598 3133 1702 3179 est.
1750 3123 1849 3177 lm-

232 3232 486 3293 perator,
520 3220 754 3291 exempli
775 3234 959 3285 causa,
989 3222 1033 3275 si
1056 3219 1229 3290 legato
1260 3233 1319 3273 se
1340 3218 1610 3287 subjiciat,
1637 3217 1854 3273 humilis

230 3318 422 3370 animo
453 3315 834 3385 est,quoniam
869 3313 935 3369 de
962 3313 1176 3369 sublimi
1210 3313 1305 3367 illo
1330 3312 1498 3382 gradu
1525 3311 1809 3367 descendit
1837 3330 1849 3365 :

229 3410 377 3481 quod
409 3410 465 3464 si
509 3408 651 3464 idem
685 3409 894 3477 legatus
924 3404 1125 3474 faciat,
1166 3420 1274 3461 non
1314 3404 1436 3459 ideo
1468 3404 1685 3459 humilis
1732 3412 1850 3471 est;

226 3502 519 3574 quomodo
550 3500 734 3556 enim?
766 3515 888 3554 nam
912 3515 1018 3553 non
1046 3514 1107 3555 se
1132 3496 1248 3569 ipse
1269 3497 1337 3552 de
1358 3495 1657 3551 sublimiori
1685 3495 1854 3566 gradu

227 3595 487 3655 demisit.
513 3593 748 3648 Omnino
775 3592 965 3647 humili
996 3591 1083 3645 isti
1111 3590 1297 3645 Sensui
1324 3591 1473 3643 locus
1502 3604 1610 3644 non
1639 3597 1739 3654 est,
1765 3587 1853 3643 ubi

228 3698 490 3760 potestas
512 3704 620 3742 non
648 3685 824 3742 adest.
857 3684 989 3740 Nam
1020 3686 1063 3739 si
1093 3685 1213 3755 quis
1248 3684 1409 3737 etiam
1441 3684 1641 3739 invitus
1668 3696 1854 3738 neces-

226 3782 377 3838 sario
411 3778 761 3845 humiliatur,
788 3778 899 3849 jam
932 3779 1033 3832 hoc
1058 3786 1265 3832 rectum
1300 3776 1495 3831 factum
1524 3792 1630 3832 non
1660 3777 1855 3832 interni

226 3872 404 3943 ipsius
463 3886 663 3927 sensus
707 3886 772 3926 ac
815 3870 1107 3926 voluntatis
1158 3879 1271 3935 est,
1321 3869 1416 3925 sed
1467 3869 1854 3925 necessitatis:

228 3970 648 4038 ταπιινοφροσὺνη
697 3973 900 4026 autem,
927 3965 1041 4019 sive
1090 3961 1405 4026 humilitas,
1459 3962 1582 4018 inde
1633 3963 1853 4033 dicitur,

226 4060 375 4133 quod
418 4060 506 4114 sit
534 4058 730 4113 interni
756 4072 951 4113 sensus
978 4056 1279 4111 humiliatio
1306 4072 1369 4111 ac
1398 4056 1673 4112 demissio.

297 4153 355 4207 5.
398 4152 509 4207 Dic
537 4149 706 4217 mihi,
752 4150 798 4205 si
846 4149 967 4220 quis
1012 4148 1096 4204 cui
1152 4158 1395 4218 potestas
1435 4148 1575 4203 desit
1615 4146 1857 4219 rapiendi

222 4246 432 4311 aliena,
470 4257 595 4297 sese
624 4243 764 4296 intra
795 4256 1012 4297 snarmn
1044 4256 1226 4296 rerum
1260 4240 1657 4310 possessionem
1685 4239 1861 4295 conti—

224 4350 375 4406 neat,
403 4338 564 4392 hunc
580 4334 803 4405 iustitia:
825 4336 1045 4390 nomine
1067 4335 1439 4391 laudabimus?
1457 4333 1706 4390 Minime:
1732 4336 1858 4405 quid

225 4433 347 4488 ita?
394 4430 679 4500 Quoniam
709 4430 1030 4495 necessitas,
1060 4446 1125 4485 ne
1152 4428 1359 4483 laudari
1390 4429 1638 4484 voluntas
1667 4438 1857 4500 queat,

223 4526 646 4596 impedimento
670 4532 774 4579 est.
811 4522 905 4578 Dic
928 4522 1059 4577 mihi
1077 4523 1150 4584 ,si
1166 4523 1305 4593 quis,
1330 4537 1451 4578 cum
1486 4524 1770 4595 tyrannide
1798 4539 1863 4580 ac

220 4634 404 4689 regno
430 4616 603 4688 potiri
628 4623 878 4686 nequeat,
904 4614 1142 4686 privatus
1163 4615 1441 4684 manserit,
1474 4615 1688 4672 huncne
1728 4627 1863 4671 tam-

219 4728 395 4783 quam
423 4711 531 4768 otii
554 4709 851 4764 studiosum
873 4707 1244 4763 laudabimus?
1262 4708 1498 4764 Minime.
1521 4708 1663 4780 Ergo
1688 4725 1862 4780 neque

222 4804 335 4860 hoc
366 4804 551 4859 etiam
575 4802 719 4857 loco.
747 4800 888 4856 Laus
915 4802 1083 4867 enim,
1112 4816 1145 4856 o
1173 4800 1450 4855 hominum
1483 4802 1860 4870 indoctissimi,

222 4913 337 4953 non
370 4898 428 4951 in
466 4910 542 4950 eo
572 4904 823 4950 versatur
843 4935 857 4959 ,
892 4893 1033 4965 quod
1062 4894 1129 4949 ab
1154 4894 1270 4949 istis
1296 4894 1458 4949 rebus
1487 4894 1826 4951 abstineatur
1845 4935 1861 4962 ,

224 4992 323 5045 sed
353 4993 410 5045 in
446 4991 615 5046 bonis
643 4987 838 5043 ofﬁciis
862 4987 1145 5043 obeundis.
1166 4987 1299 5042 Nam
1331 4987 1460 5043 illud
1479 4988 1694 5058 quidem
1724 4991 1865 5044 vitu-

223 5081 552 5159 perationis
582 5096 778 5152 expers
808 5089 911 5148 est,
941 5082 1037 5138 sed
1061 5097 1167 5137 non
1198 5098 1265 5137 eo
1296 5084 1542 5153 pervenit
1571 5092 1628 5138 ut
1648 5084 1862 5140 Iaudem

221 5185 617 5248 assequatur;
652 5177 755 5230 hoc
796 5184 981 5231 autem
1025 5175 1290 5231 encomiis
1328 5175 1545 5247 dignum
1596 5187 1700 5233 est.
1727 5177 1865 5233 Vide

219 5285 367 5341 ergo
410 5268 702 5324 Christum
759 5266 863 5323 hoc
906 5267 1070 5323 modo
1118 5267 1466 5331 laudantem,
1526 5283 1649 5324 cum
1696 5270 1861 5325 dicit:

233 5363 459 5431 Venite,
499 5362 753 5418 benedicti
782 5360 960 5417 Patris
989 5363 1089 5417 mei
1112 5402 1127 5428 ,
1174 5362 1425 5433 possidete
1455 5372 1690 5432 paratum
1730 5364 1867 5419 vobis

222 5475 465 5531 regnum
510 5474 542 5511 a
586 5457 949 5512 constitutione
979 5456 1159 5511 mundi
1195 5471 1214 5510 :
1254 5457 1440 5511 ωανίυί
1471 5458 1604 5511 enim
1626 5499 1640 5522 ,
1676 5466 1724 5511 et
1770 5460 1865 5511 de-

224 5555 389 5608 distis
423 5552 561 5607 mihi
601 5551 959 5617 manducare;
1000 5550 1171 5619 sitivi,
1201 5558 1252 5605 et
1281 5550 1492 5604 dedistis
1532 5550 1657 5604 mihi
1704 5550 1867 5605 bibere

224 5647 474 5715 (Matth.
501 5643 591 5699 25.
624 5644 717 5699 54.
746 5642 863 5713 55).
890 5642 1010 5699 Non
1037 5643 1192 5707 dixit,
1227 5643 1481 5713 quoniam
1509 5642 1672 5698 alieni
1696 5658 1867 5713 appe-

226 5751 425 5797 tentes
460 5754 572 5794 non
600 5737 814 5807 fuistis,
846 5752 1021 5810 neque
1045 5777 1061 5803 ,
1094 5735 1363 5804 Quoniam
1415 5751 1522 5791 non
1564 5736 1821 5807 rapuistis
1850 5753 1865 5803 ;

222 5836 376 5894 levia
410 5832 572 5889 enim
603 5830 722 5887 hzec
747 5848 763 5899 ;
794 5829 912 5899 sed,
942 5828 1210 5896 Quoniam
1249 5829 1578 5884 esurientem
1608 5843 1696 5884 me
1725 5828 1867 5882 vidi-

218 5930 330 5995 itis
349 5972 366 6001 ,
406 5936 473 5983 et
504 5924 731 5984 aluistis.
766 5926 843 5985 Ac
872 5941 1002 5984 sane
1030 5924 1152 6002 quis
1178 5937 1432 5994 umquam
1463 5924 1567 5983 hoc
1592 5926 1754 5983 modo
1782 5925 1885 5981 vel

1159 409 1225 466 IN
1264 408 1482 466 EPIST.
1523 408 1619 465 AD
1654 407 1945 465 PIIILIPP.
1987 408 2141 469 CAP.
2183 413 2250 471 Il.
2290 416 2525 476 HOMIL.
2566 420 2656 477 Vl.

3463 426 3571 484 29.2

1978 524 2204 592 amicos,
2230 530 2316 585 vel
2339 532 2586 591 inimicos
2616 536 2853 594 laudavit
2871 538 2895 595 ?
2913 555 3086 610 neque
3109 542 3283 613 ipsum
3313 544 3562 603 Paulum.

1969 616 2110 684 Quid
2153 620 2276 678 dico
2318 625 2588 682 Paulum?
2620 646 2689 687 ne
2728 634 3005 703 vulgarem
3036 638 3255 707 quidem
3289 640 3567 698 hominem

1971 712 2259 806 quisquam
2293 717 2365 771 ita
2396 719 2660 790 laudavit,
2690 734 2749 779 ut
2780 734 2836 781 tu
2858 727 3130 785 Chrismm
3167 733 3387 801 laudas,
3420 737 3564 806 quod

1968 801 2071 896 sibi
2099 820 2207 860 non
2232 812 2645 869 convenientem
2672 818 3034 889 principatum
3057 838 3165 877 non
3196 801 3557 896 usurpaverit.

1968 895 2116 952 Talia
2160 901 2304 955 enim
2332 904 2588 962 admirari
2638 909 2767 964 nihil
2819 912 2961 966 aliud
3013 924 3133 979 est,
3167 895 3565 990 quamrmaguaa

1968 987 2329 1058 improbitatis
2355 998 2721 1055 te5timonium
2752 1002 2902 1058 dare.
2933 1005 3216 1073 Quomodo
3241 1010 3263 1061 ?
3292 987 3557 1077 Quoniam

1967 1079 2229 1151 improbis
2259 1085 2568 1146 hominibus
2620 1092 2671 1147 id
2701 1093 2844 1149 laudi
2874 1097 3012 1151 solet
3042 1097 3160 1152 dari
3186 1141 3201 1165 ,
3232 1102 3390 1170 quale
3431 1103 3563 1158 illud

1967 1183 2070 1241 est,
2104 1175 2204 1241 Qui
2255 1181 2524 1251 {urebatur
2551 1185 2667 1254 jam
2711 1204 2814 1241 non
2854 1191 3099 1260 furetur(
3136 1191 3271 1263 Eph.
3306 1194 3359 1248 4.
3393 1195 3462 1250 28
3497 1196 3515 1267 )
3548 1216 3564 1252 :

1966 1278 2123 1322 secus
2153 1279 2333 1325 autem
2369 1275 2420 1328 in
2453 1276 2608 1331 bonis
2638 1276 2769 1335 viris
2801 1298 2813 1335 :
2847 1296 2954 1335 non
2982 1282 3126 1336 enim
3170 1284 3258 1354 qui
3293 1286 3564 1355 principa-

1968 1367 2080 1415 tum
2111 1363 2178 1417 ad
2210 1379 2268 1419 se
2300 1368 2521 1425 minime
2552 1374 2912 1440 pertinentem
2948 1391 3056 1431 non
3110 1379 3324 1447 rapuit,
3356 1379 3401 1434 is
3447 1380 3567 1433 lau-

1970 1452 2179 1512 dandus
2220 1469 2323 1514 est.
2348 1462 2559 1528 Quanta
2592 1465 2709 1522 hzee
2752 1467 3023 1523 dementia
3071 1471 3259 1526 esset?
3309 1472 3565 1544 Alioquin

1964 1558 2146 1604 autem
2196 1550 2216 1622 (
2231 1554 2325 1608 sed
2380 1556 2678 1623 attendite,
2736 1559 3005 1625 obsecro;
3038 1561 3195 1631 longa
3254 1563 3399 1617 enim
3450 1563 3567 1619 ha-c

1965 1644 2202 1714 oratio),
2250 1645 2371 1717 quis
2398 1647 2502 1704 hoc
2549 1651 2712 1707 modo
2755 1654 3063 1724 quempiam
3106 1654 3173 1709 ad
3205 1654 3563 1712 humilitatem

1964 1731 2259 1792 hortetur?
2286 1738 2546 1812 Exempla
2573 1742 2719 1798 enim
2772 1743 2932 1816 longe
2975 1745 3182 1814 majora
3226 1755 3388 1817 atque
3442 1748 3566 1802 illu-

1966 1829 2165 1883 striora
2199 1830 2307 1885 sint
2351 1842 2586 1903 oportet,
2639 1851 2800 1905 quam
2848 1851 2939 1892 res
2977 1839 3273 1907 proposita,
3306 1838 3373 1893 ad
3398 1854 3562 1907 quam

1963 1919 2314 1979 cohortamur
2341 1945 2354 1980 :
2392 1943 2552 1982 nemo
2577 1928 2721 1984 enim
2752 1931 2819 1984 sit
2845 1971 2860 1995 ,
2913 1931 3007 2001 qui
3037 1947 3105 1987 ex
3132 1930 3323 1988 alienis
3365 1933 3564 1989 cohor-

1948 2016 2125 2071 ‘tetur.
2161 2017 2403 2088 Exempli
2434 2035 2597 2075 causa
2620 2063 2636 2087 ,
2680 2022 2927 2077 Christus
2969 2024 3217 2079 homines
3246 2026 3564 2081 cohortatus

1963 2117 2078 2171 est,
2109 2116 2171 2163 ut
2217 2108 2447 2182 benigne
2492 2111 2737 2168 facerent
2781 2115 3334 2186 inimiciszmagnum
3378 2132 3563 2172 exem-

1965 2199 2112 2268 plum
2156 2203 2371 2268 attulit,
2406 2204 2658 2260 nimirum
2693 2206 2867 2260 Patris
2889 2248 2905 2272 ,
2951 2206 3052 2271 Qui
3083 2208 3242 2261 solem
3282 2208 3406 2262 oriri
3436 2210 3564 2279 facit

1962 2308 2116 2361 super
2144 2294 2307 2348 malos
2333 2304 2381 2349 et
2411 2295 2569 2351 bonos
2591 2337 2607 2364 ,
2653 2306 2700 2352 et
2731 2296 2864 2367 pluit
2888 2315 3043 2368 super
3063 2300 3240 2366 justas
3266 2308 3312 2354 et
3337 2301 3559 2371 injustas

1964 2383 2179 2456 (Matth.
2210 2386 2264 2443 5.
2288 2388 2407 2460 45).
2458 2388 2783 2446 Cohortatus
2807 2402 2891 2447 est
2916 2392 2983 2446 ad
3012 2392 3311 2459 lenitatem,
3358 2408 3423 2448 ac
3450 2409 3567 2449 ma-

1964 2476 2137 2532 lortun
2164 2479 2505 2535 tolerantiant
2532 2497 2548 2548 ;
2576 2485 2813 2553 seipsum
2835 2484 2899 2539 ad
2917 2486 3224 2554 exemplum
3249 2486 3559 2556 proposuit:

1964 2570 2157 2626 Discite
2182 2589 2213 2626 a
2240 2591 2320 2629 me
2358 2575 2479 2645 quia
2506 2576 2643 2631 mitis
2671 2594 2783 2630 sum
2805 2617 2820 2641 ,
2851 2587 2898 2630 et
2947 2578 3155 2632 humilis
3189 2578 3341 2632 corde
3377 2577 3563 2648 (Joan.

1964 2665 2053 2721 15.
2086 2667 2175 2737 14)
2207 2683 2221 2732 ;
2253 2682 2316 2723 ac
2341 2684 2527 2724 rursus
2550 2710 2566 2734 ,
2600 2670 2663 2725 Si
2692 2688 2783 2740 ego
2808 2672 3062 2726 Dominus
3093 2683 3138 2726 et
3170 2673 3418 2745 Magister
3456 2674 3565 2729 lucc

1962 2758 2127 2827 facio,
2156 2770 2346 2828 quanto
2373 2762 2535 2831 magis
2561 2777 2647 2816 vos
2674 2761 2889 2835 (Matth.
2924 2765 3010 2818 11.
3036 2762 3131 2833 29)
3154 2765 3177 2817 ?
3214 2764 3373 2820 Vides
3399 2781 3563 2834 quam

1961 2866 2071 2905 non
2102 2850 2210 2905 sint
2236 2852 2487 2908 inferiora
2521 2853 2633 2924 ipsa
2652 2856 2944 2925 exempla?
2976 2872 3083 2910 non
3114 2857 3384 2911 tantillum
3411 2858 3556 2912 enim

1962 2943 2220 2999 inferiora
2251 2961 2375 3001 esse
2405 2956 2618 3014 oportet
2651 2963 2664 3000 :
2699 2962 2820 3001 nam
2849 2958 2904 3003 et
2950 2963 3047 3002 nos
3078 2946 3179 3017 ipsi
3210 2948 3262 3002 id
3304 2947 3563 3002 observa-

1960 3038 2203 3091 mus.At
2254 3039 2307 3091 in
2355 3052 2414 3093 re
2455 3049 2637 3093 nostra
2680 3039 2989 3108 exemplum
3044 3039 3219 3109 ipsum
3279 3055 3346 3094 ne
3394 3056 3564 3112 prope

1962 3127 2179 3198 quidem
2227 3128 2456 3185 accedit.
2485 3129 2803 3198 Quomodo?
2828 3132 3091 3197 Quoniam
3138 3133 3184 3187 si
3236 3148 3428 3190 servus
3457 3146 3563 3201 est,

1962 3221 2140 3275 minor
2184 3222 2344 3276 etiam
2397 3232 2498 3288 est,
2530 3231 2584 3278 et
2631 3222 2822 3293 majori
2875 3224 3169 3294 subjectus.
3208 3224 3333 3280 Haec
3382 3235 3564 3282 autem

1962 3327 2069 3367 non
2115 3323 2201 3368 est
2249 3313 2527 3369 humilitas
2562 3333 2575 3369 :
2608 3326 2797 3370 contra
2847 3316 2990 3371 enim
3032 3318 3211 3387 potius
3259 3318 3564 3374 faciendum

1961 3415 2112 3471 erat,
2148 3416 2203 3459 ut
2233 3406 2406 3476 major
2452 3407 2717 3478 quiSpiam
2766 3408 2963 3464 minori
3011 3409 3392 3479 obtemperans
3440 3427 3567 3481 pro-

1963 3496 2233 3566 ferretur;
2278 3515 2465 3555 verum
2496 3502 2750 3570 quoniam
2780 3502 2834 3557 id
2866 3504 2921 3557 in
2954 3503 3065 3558 Deo
3096 3520 3203 3560 non
3224 3506 3555 3571 inveniebat,

1964 3591 2226 3661 majorem
2253 3633 2268 3656 ,
2296 3592 2511 3662 inquam
2539 3635 2555 3660 ,
2605 3604 2657 3649 et
2689 3595 2990 3662 minorem;
3016 3598 3379 3667 mqualitatem
3405 3601 3568 3672 igitur

1961 3684 2171 3739 Statuit.
2194 3683 2346 3752 Quod
2373 3676 2420 3739 'si
2455 3687 2631 3740 minor
2664 3686 2851 3742 fuisset
2879 3688 3069 3752 Filius,
3101 3705 3210 3744 non
3239 3701 3422 3762 aptum
3447 3704 3567 3750 erat

1962 3778 2271 3846 exemplum
2292 3820 2307 3843 ,
2337 3779 2483 3835 unde
2514 3780 2714 3836 Paulus
2745 3780 2812 3835 ad
2845 3782 3211 3839 humilitatem
3241 3787 3563 3843 cohortare-

1965 3878 2070 3925 tur.
2102 3870 2326 3937 Quare?
2355 3872 2625 3939 Quoniam
2669 3888 2775 3928 non
2825 3874 2930 3930 hoc
2974 3876 3247 3933 humilitas
3295 3888 3415 3945 est,
3459 3896 3569 3937 non

1964 3963 2224 4035 impetum
2260 3965 2438 4022 facere
2464 3966 2724 4022 adversus
2752 3967 3036 4037 majorem,
3066 3985 3173 4025 non
3209 3987 3400 4043 rapere
3422 3976 3569 4042 prin-

1962 4057 2222 4125 cipatum,
2244 4058 2467 4113 obedire
2495 4074 2663 4129 usque
2692 4059 2758 4113 ad
2789 4071 3039 4115 mortem.
3067 4062 3323 4133 Alioquin
3355 4076 3407 4120 et
3431 4065 3564 4122 illud

1963 4150 2244 4205 considera
2273 4193 2288 4216 ,
2322 4151 2449 4222 quid
2494 4152 2656 4207 allato
2681 4154 2931 4223 exemplo
2977 4154 3266 4225 subjungat
3298 4174 3309 4209 :
3340 4156 3569 4212 Humili-

1965 4254 2067 4298 tate
2120 4244 2408 4315 superiores
2456 4245 2552 4298 sibi
2592 4246 2804 4299 invicem
2848 4245 3173 4302 arbitrantes.
3202 4248 3560 4319 Arbitrantes,

1968 4334 2139 4406 inquit
2198 4354 2211 4390 :
2266 4351 2388 4390 nam
2440 4336 2656 4406 quando
2704 4346 2756 4392 et
2829 4338 3127 4393 secundum
3204 4341 3561 4398 substantiam

1966 4444 2133 4484 unum
2160 4429 2325 4493 estis,
2382 4440 2437 4483 et
2489 4429 2789 4484 secundum
2844 4429 3106 4486 honorem
3161 4448 3192 4487 a
3247 4434 3358 4489 Deo
3408 4428 3566 4492 acce-

1969 4533 2158 4591 ptum;
2213 4522 2482 4592 reliquum
2530 4532 2633 4589 est,
2688 4532 2744 4577 ut
2795 4524 2909 4595 ipsa
2968 4534 3174 4580 tantum
3239 4529 3569 4585 existimatio

1967 4614 2143 4670 locum
2191 4615 2261 4669 ibi
2310 4616 2509 4671 habere
2565 4617 2847 4686 possit.At
2874 4618 2928 4673 in
2962 4619 3258 4689 majoribus
3304 4630 3359 4676 et
3392 4624 3566 4678 mino-

1969 4708 2156 4776 ribus,
2205 4723 2310 4762 non
2361 4709 2432 4763 ita
2476 4710 2642 4774 dixit,
2676 4710 2994 4766 Arbitrantes
3024 4727 3050 4777 ,’
3104 4712 3197 4767 sed
3229 4755 3245 4782 ,
3296 4712 3570 4770 Honorate

1970 4814 2101 4868 eos,
2157 4801 2248 4871 qui
2314 4799 2468 4855 vobis
2537 4803 2943 4871 pra‘stantiores
2995 4815 3160 4868 sunt;
3219 4805 3572 4875 quemadmo-

1970 4891 2097 4946 dum
2125 4901 2180 4947 et
2203 4892 2330 4947 alibi
2360 4892 2550 4963 inquit,
2578 4891 2790 4949 Obedite
2816 4896 3105 4964 pra’positis
3132 4897 3329 4961 vestris,
3370 4907 3417 4951 et
3444 4899 3567 4952 sub-

1961 4986 2132 5056 jacete
2152 4985 2223 5039 eis
2241 4983 2428 5055 (Hebr.
2454 4986 2539 5040 15.
2572 4986 2684 5054 17).
2720 4986 2833 5040 lllie
2853 4987 2995 5040 enim
3019 4986 3131 5057 ipsa
3161 4986 3241 5041 rei
3264 4996 3452 5043 natura
3479 5005 3574 5059 po-

1971 5079 2136 5135 stulat
2161 5080 2549 5150 subjectionem
2575 5096 2589 5144 ;
2625 5079 2712 5133 hic
2742 5095 2871 5134 vero
2906 5095 2971 5134 ex
3001 5090 3186 5134 nostro
3207 5079 3411 5150 judicio
3444 5097 3572 5151 pro-

1972 5173 2267 5242 ﬁciscatur,
2296 5184 2529 5243 oportet.
2560 5172 2880 5238 Humilitate,
2913 5173 3104 5243 inquit,
3137 5174 3424 5243 superiores
3455 5175 3571 5242 sibi,

1972 5268 2185 5321 invicem
2213 5267 2517 5320 arbitrantes
2546 5282 2565 5320 :
2590 5265 3045 5335 quemadmodum
3077 5274 3131 5318 et
3153 5265 3399 5320 Christus
3424 5264 3568 5322 fecit.

1974 5361 2043 5416 Et
2067 5362 2321 5416 lueretica
2347 5360 2564 5433 quidem
2600 5360 2701 5415 huc
2730 5360 2891 5415 modo
2922 5375 3109 5415 eversa
3137 5368 3282 5415 sunt.
3308 5360 3577 5430 Deinceps

1974 5470 2103 5509 vero
2132 5464 2317 5509 nostra
2364 5452 2638 5509 afferenda
2690 5460 2851 5517 sunt,
2908 5452 2953 5506 si
2982 5461 3139 5506 antea
3197 5450 3263 5505 ad
3308 5466 3573 5507 summam

1972 5548 2258 5619 quamdam
2278 5563 2361 5610 ea,
2382 5564 2502 5618 quze
2518 5548 2779 5603 adversus
2801 5546 2923 5601 illos
2940 5545 3163 5611 faciunt,
3188 5545 3586 5616 redegerimus.

1972 5641 2108 5697 Cum
2150 5642 2292 5696 enim
2333 5641 2528 5695 Paulus
2568 5639 2634 5694 ad
2677 5638 2842 5693 animi
2892 5637 3245 5693 humilitatem
3290 5638 3577 5709 invitaret,

1975 5750 2081 5789 non
2105 5748 2228 5787 eum
2251 5733 2341 5803 qui
2368 5732 2546 5786 minor
2570 5731 2656 5796 sit,
2688 5745 2752 5785 ac
2771 5729 2960 5796 majori
2982 5728 3219 5791 obcdiat,
3243 5727 3580 5799 protulisset,

1977 5826 2109 5881 Nam
2139 5826 2181 5880 si
2210 5825 2404 5892 servis,
2435 5832 2494 5880 ut
2520 5822 2758 5880 dominis
2788 5821 3090 5885 obedirent,
3121 5820 3402 5885 suasisset,
3430 5833 3576 5877 recte

1981 5919 2034 5976 id
2062 5918 2279 5992 quidem
2315 5936 2329 5975 :
2362 5918 2458 5977 sed
2504 5918 2583 5988 si,
2615 5926 2673 6000 ut
2718 5916 2875 5975 liberi
2906 5914 3127 5985 liberis;
3159 5916 3286 5988 quid
3335 5914 3399 5971 ad
3446 5914 3583 5971 hanc
