4170 6522
613 445 726 502 29.3

618 577 736 617 rem
765 559 888 616 facit
913 557 1053 614 servi
1087 570 1208 626 erga
1240 554 1516 610 dominum
1546 550 1852 621 subiectio?
1879 547 2004 619 quid
2033 547 2208 602 miuo-

621 655 698 709 ris
725 667 850 722 erga
882 651 1142 720 majorem
1170 649 1194 702 ?
1223 646 1339 701 Non
1369 645 1512 702 enim
1536 643 1692 706 dixit,
1725 641 1959 696 Minores
1989 637 2210 709 majori-

620 747 769 800 ribus
785 744 1057 807 obediant,
1077 739 1193 808 sed,
1207 738 1308 806 Qui
1327 737 1587 810 aequalem
1605 735 1918 805 dignitatem
1930 731 2208 797 obtinetis,

620 836 855 892 vicissim
886 834 1041 888 vobis
1066 831 1284 886 obcdite
1315 847 1334 889 :
1366 829 1691 898 Superiores,
1722 825 1910 895 inquit,
1939 824 2036 878 sibi
2058 822 2200 875 invi-

617 943 723 983 cem
745 926 1072 979 arbitrantes.
1093 921 1296 992 Ecquid
1321 935 1452 975 vero
1472 934 1648 972 causa:
1669 916 1766 971 fuit
1781 931 1878 971 cur
1895 912 2209 968 muliebrem

617 1017 981 1077 obedientiam
1005 1032 1112 1070 non
1135 1014 1441 1079 adduxerit,
1469 1025 1642 1081 neque
1669 1010 1741 1064 ita
1761 1007 1987 1063 dixerit:
2008 1005 2211 1072 Quem-

617 1110 907 1165 admodum
931 1109 1124 1164 mulier
1145 1107 1260 1161 viro
1284 1104 1486 1170 obedit,
1510 1103 1583 1157 ita
1603 1111 1657 1156 et
1677 1116 1770 1155 vos
1783 1098 2036 1154 obedite?
2057 1095 2211 1163 Quod

619 1203 665 1257 si
691 1201 841 1265 illud,
862 1201 914 1255 in
931 1216 1038 1271 quo
1060 1200 1234 1254 inerat
1251 1197 1528 1268 arqualitas
1547 1204 1600 1249 et
1621 1192 1861 1256 libertas,
1883 1205 1987 1244 non
2009 1187 2210 1250 attulit,

621 1293 877 1363 quoniam
934 1289 1191 1345 nonnulla
1242 1298 1419 1343 tamen
1465 1290 1519 1341 in
1573 1299 1639 1339 eo
1679 1285 1852 1338 inerat
1907 1280 2212 1350 subiectio;

620 1394 823 1453 quanto
854 1384 1027 1438 minus
1057 1381 1305 1436 servilem
1329 1377 1842 1448 obtemperationem
1871 1373 2213 1444 protulisset?

623 1473 822 1530 Verum
852 1483 906 1530 et
944 1473 1077 1528 illud
1104 1473 1254 1527 initio
1284 1471 1416 1536 dixi,
1451 1470 1719 1525 neminem
1748 1467 1868 1523 ideo
1895 1466 2071 1520 solere
2094 1464 2215 1517 lau-

621 1566 764 1631 dari,
789 1580 854 1620 ac
882 1581 948 1619 ne
974 1562 1390 1620 commemorari
1408 1560 1655 1632 quidem,
1685 1559 1826 1630 quod
1853 1557 2076 1612 erimina
2107 1569 2214 1608 non

621 1657 884 1712 admittat.
900 1656 1083 1726 Neque
1104 1655 1247 1711 enim
1266 1654 1310 1709 si
1337 1653 1456 1721 quis
1478 1654 1709 1722 aliquem
1735 1648 2102 1720 temperantia“:
2120 1661 2218 1700 no-

621 1749 766 1803 mine
797 1747 1016 1802 laudare
1042 1747 1191 1815 velit,
1218 1747 1288 1801 ita
1317 1746 1479 1810 dicet,
1511 1745 1660 1799 illum
1692 1757 1797 1798 non
1827 1756 1948 1797 esse
1976 1737 2216 1795 macha-

624 1849 758 1904 tum,
791 1839 884 1894 sed
916 1841 1018 1894 hoc
1039 1838 1246 1905 afferet,
1276 1853 1304 1891 a
1332 1839 1547 1908 propria
1576 1837 1737 1890 etiam
1761 1847 1929 1890 uxore
1959 1848 2018 1887 se
2037 1831 2215 1887 conti-

623 1931 827 1985 nuisse.
858 1929 989 1985 Nam
1039 1929 1311 1985 abstinere
1359 1937 1564 1982 tantum
1601 1943 1632 1981 a
1680 1927 1858 1996 pravis
1913 1923 2216 1979 actionibus

622 2037 913 2094 numquam
939 2023 991 2077 in
1016 2021 1173 2077 laude
1200 2024 1481 2092 ponimus;
1507 2020 1559 2075 id
1575 2019 1718 2075 enim
1742 2017 2024 2074 ridiculum
2046 2024 2212 2072 esset.

621 2113 754 2169 Illud
776 2114 979 2180 addidi,
999 2129 1180 2169 veram
1202 2128 1324 2168 esse
1347 2111 1490 2169 servi
1513 2111 1761 2177 formam,
1782 2109 2020 2180 nihilque
2038 2109 2218 2163 minus

621 2205 823 2262 habere
838 2222 854 2258 :
869 2220 1037 2276 quare
1057 2217 1110 2261 et
1138 2205 1366 2260 formam
1391 2205 1484 2259 Dei
1509 2204 1797 2274 perfectam
1815 2199 1957 2267 esse,
1977 2200 2217 2270 nihilque

623 2296 801 2350 minus
820 2295 1039 2350 habere.
1061 2295 1172 2350 Cur
1197 2311 1302 2350 non
1325 2295 1478 2358 dixit,
1501 2295 1552 2348 in
1575 2293 1744 2350 forma
1763 2293 1860 2348 Dei
1887 2292 2081 2358 factus,
2097 2291 2214 2357 sed,

626 2387 727 2454 Qui
761 2404 874 2442 cum
904 2389 958 2442 in
1004 2391 1171 2459 forma
1203 2387 1297 2442 Dei
1324 2388 1499 2442 esset?
1529 2386 1670 2442 Idem
1701 2393 1784 2440 est
1805 2400 1868 2440 ac
1892 2385 1938 2439 si
1967 2384 2170 2439 diceret
2197 2399 2214 2441 :

624 2479 737 2549 Ego
777 2495 890 2533 sum
932 2479 1020 2550 qui
1071 2495 1184 2532 sum
1240 2477 1440 2546 (Exod.
1472 2479 1523 2533 5.
1561 2476 1675 2547 il).
1705 2475 1899 2531 Forma
1951 2483 2218 2545 quatenus

623 2572 794 2627 forma
823 2580 926 2637 est,
957 2571 1204 2627 eamdem
1227 2570 1420 2625 adesse
1451 2580 1697 2624 naturam
1724 2567 2091 2633 demonstrat;
2117 2580 2217 2621 nec

625 2663 739 2720 fieri
768 2672 945 2734 potest
990 2672 1048 2717 ut
1073 2661 1216 2732 quod
1264 2662 1488 2716 alterius
1513 2660 1762 2716 essentia:
1803 2667 1918 2726 est,
1964 2657 2212 2714 eamdem

622 2755 852 2814 formam
883 2755 1119 2820 habeat;
1151 2763 1208 2809 ut
1255 2768 1416 2809 nemo
1443 2753 1718 2808 hominum
1751 2760 1834 2808 est
1857 2791 1872 2818 ,
1899 2750 1991 2821 qui
2037 2748 2216 2819 angeli

624 2848 852 2903 formam
883 2847 1120 2913 habeat,
1155 2861 1254 2902 nec
1281 2847 1494 2902 brutum
1541 2845 1743 2900 animal
1785 2843 1930 2915 quod
1981 2841 2218 2898 hominis

625 2939 818 2995 habeat
863 2937 1091 2994 formam
1123 2956 1136 2992 :
1166 2937 1440 3007 quomodo
1466 2937 1626 3008 igitur
1654 2936 1870 2992 Filius?

698 3031 752 3084 4.
782 3029 984 3084 Deinde
1029 3029 1082 3084 in
1129 3029 1285 3084 nobis
1313 3028 1530 3099 quidem
1551 3069 1566 3094 ,
1600 3029 1858 3098 quoniam
1882 3045 1947 3084 ex
1976 3029 2218 3100 pluribus

626 3120 833 3178 naturis
849 3120 1133 3191 compositi
1157 3119 1552 3189 sumus,_forma
1569 3120 1635 3174 ad
1652 3121 1825 3190 ipsum
1844 3135 2038 3192 corpus
2053 3123 2220 3192 porti-

626 3222 717 3268 net
745 3231 759 3267 :
786 3221 837 3266 at
867 3213 920 3267 in
949 3227 1040 3279 eo,
1067 3212 1210 3283 quod
1233 3213 1454 3267 omnino
1481 3213 1707 3282 simplex
1755 3214 2014 3284 nulloque
2059 3214 2218 3269 modo

625 3311 1057 3373 coagmentatum
1085 3312 1199 3367 est,
1231 3303 1296 3358 ad
1325 3303 1495 3372 ipsam
1541 3304 1658 3358 sine
1696 3303 1862 3359 dubio
1904 3306 2216 3361 essentiam.

625 3396 778 3463 Quod
807 3395 852 3450 si
873 3411 938 3450 ex
966 3410 1054 3462 eo,
1081 3395 1223 3465 quod
1253 3395 1372 3459 sine
1400 3396 1626 3450 articulo
1654 3397 1856 3452 dictum
1881 3409 1962 3454 est
1994 3405 2044 3454 ἐν
2064 3415 2218 3472 μορφῇ

624 3495 751 3553 θεοῦ,
778 3487 1060 3543 contendis
1087 3503 1192 3542 non
1224 3487 1447 3543 indicari
1493 3487 1707 3545 Patrem
1735 3490 1812 3561 (a)
1841 3507 1856 3556 ;
1888 3491 2074 3547 multis
2099 3494 2221 3548 aliis

626 3594 756 3649 ergo
809 3578 943 3634 locis
987 3579 1265 3634 ostendam
1299 3579 1392 3634 tibi
1425 3579 1542 3635 sine
1581 3581 1810 3636 articulo
1837 3581 2038 3638 dictum
2074 3598 2216 3639 esse.

629 3672 696 3728 Et
741 3672 868 3742 quid
905 3672 1028 3727 dico
1065 3672 1248 3728 multis
1268 3673 1390 3728 aliis
1420 3673 1593 3730 locis?
1624 3675 1675 3729 iu
1729 3675 1830 3730 hoc
1878 3677 1998 3746 ipso
2038 3677 2219 3730 statim

631 3766 769 3828 loco,
804 3764 923 3820 Non
947 3766 1206 3835 rapinam,
1240 3765 1432 3836 inquit,
1452 3767 1730 3821 arbitratus
1747 3777 1820 3821 est
1841 3783 1950 3821 esse
1977 3783 2030 3822 se
2049 3784 2222 3834 aequa-

628 3859 727 3912 lem
757 3857 863 3912 Deo
890 3898 905 3922 ,
932 3868 1018 3928 θεῷ
1043 3876 1056 3912 :
1082 3875 1257 3929 neque
1283 3859 1454 3925 dixit,
1501 3870 1570 3929 τῷ
1611 3867 1699 3929 θιῷ
1719 3899 1734 3926 ,
1765 3873 1888 3914 cum
1932 3867 2110 3915 tamen
2153 3861 2222 3916 de

632 3947 793 4002 Patre
833 3947 1170 4019 loqueretur.
1205 3949 1416 4004 Vellem
1466 3958 1649 4004 nostra
1677 3950 1840 4004 etiam
1885 3949 2179 4021 adjungere
2203 3992 2219 4019 ,

629 4037 724 4094 sed
751 4027 950 4094 VCI‘COI"
969 4054 1036 4094 ne
1057 4048 1268 4096 mentes
1290 4047 1499 4093 vestras
1515 4038 1826 4096 obruamus.
1855 4039 2063 4097 Interea
2095 4057 2224 4099 VCI'O

629 4146 750 4200 quae
773 4131 919 4187 dicta
942 4143 1069 4188 sunt
1096 4132 1162 4186 ad
1193 4133 1314 4186 illos
1344 4133 1689 4199 evertendos,
1721 4137 1978 4190 memoria
2009 4145 2220 4193 tenete:

630 4223 835 4281 interea
889 4224 1070 4294 spinas
1117 4222 1447 4288 evellamus,
1507 4234 1562 4279 et
1603 4241 1728 4280 cum
1767 4227 1968 4282 evulsa:
2017 4228 2222 4285 fuerint

629 4318 821 4386 spinae,
844 4330 907 4370 ac
935 4315 1210 4384 paululum
1242 4315 1499 4384 requietis
1530 4333 1844 4374 concessum
1888 4329 2066 4389 terrm,
2099 4332 2224 4378 tunc

631 4410 825 4465 bonam
860 4418 1162 4464 sementem
1203 4410 1487 4478 jaciemus,
1519 4422 1575 4466 ut
1601 4415 1746 4469 omni
1769 4415 1913 4485 quod
1949 4418 2073 4472 inde
2093 4434 2225 4474 con-

633 4503 795 4556 traxit
823 4500 954 4554 vitio
977 4499 1249 4571 deposito,
1286 4517 1476 4573 magna
1497 4519 1617 4559 cum
1648 4506 1845 4562 virtute
1868 4509 2123 4578 suscipiat
2143 4509 2226 4565 di-

630 4593 756 4648 vina
799 4592 1028 4646 semina.
1068 4593 1282 4649 Gratias
1311 4610 1531 4665 agamus
1564 4612 1660 4666 pro
1691 4598 1755 4652 iis
1783 4615 1903 4669 qua:
1934 4601 2074 4656 dicta
2101 4611 2227 4659 sunt

633 4685 747 4742 Deo
768 4701 782 4736 :
812 4684 1146 4754 postulemus
1172 4685 1244 4740 ab
1272 4687 1389 4756 ipso
1412 4686 1506 4741 det
1530 4688 1688 4742 nobis
1702 4704 1763 4743 ea
1777 4691 2051 4748 custodire
2065 4708 2127 4748 ac
2139 4710 2226 4750 re-

635 4777 827 4844 tinere,
857 4785 914 4830 ut
937 4784 992 4832 et
1013 4777 1169 4832 nobis
1197 4786 1252 4831 et
1277 4776 1431 4832 vobis
1471 4777 1722 4848 gaudium
1754 4779 2014 4852 obtingat,
2044 4782 2222 4841 luere-

639 4870 724 4925 Iici
753 4885 879 4926 vero
918 4869 1127 4940 pudore
1148 4869 1544 4925 suil'undantur.
1570 4871 1724 4925 Illum
1750 4874 2095 4931 Obsecremus
2115 4920 2130 4945 ,
2164 4887 2225 4934 ut

634 4961 698 5015 :d
721 4976 784 5016 ea
806 4962 968 5016 etiam
985 4977 1104 5031 quae
1133 4970 1431 5032 sequuntur
1452 4976 1513 5016 os
1535 4963 1688 5018 nobis
1715 4965 1941 5034 aperiat,
1964 4977 2020 5021 ut
2039 4977 2222 5025 nostra

633 5053 794 5108 etiam
823 5053 936 5122 pari
966 5052 1238 5123 diligentia
1283 5062 1600 5109 statuamus.
1630 5055 1712 5110 Ab
1741 5072 1806 5111 eo
1833 5073 2132 5128 precemur,
2166 5072 2224 5116 ut

635 5145 799 5200 vitam
825 5159 1038 5214 quoque
1060 5144 1174 5212 ipsa
1200 5142 1307 5198 ﬁde
1325 5143 1537 5216 dignam
1569 5147 1720 5202 nobis
1744 5151 1999 5218 praebeat,
2025 5169 2130 5223 quo
2154 5154 2222 5210 ad

635 5234 802 5302 ipsius
822 5234 1051 5305 gloriam
1068 5236 1330 5303 vivamus,
1356 5252 1424 5292 ne
1449 5237 1614 5307 ipsius
1632 5256 1824 5297 nomen
1855 5254 2036 5299 nostra
2061 5262 2221 5302 causa

640 5327 987 5398 blasphemiis
1009 5337 1313 5397 appetatur.
1333 5328 1417 5383 Va:
1445 5333 1581 5386 vobis
1607 5334 1771 5398 enim,
1799 5335 1988 5406 inquit,
2019 5351 2224 5410 propter

634 5437 762 5489 quos
791 5433 974 5474 nomen
1016 5417 1113 5473 Dei
1159 5421 1558 5492 blasphematur.
1587 5424 1798 5480 Etenim
1845 5429 1890 5482 si
1923 5443 2021 5483 nos
2056 5429 2221 5486 filium

639 5510 935 5576 habentes;
989 5527 1309 5584 quamquam
1349 5515 1475 5585 quid
1521 5516 1630 5572 lilio
1675 5517 1952 5575 nobiscum
1994 5522 2222 5594 conjun-

701 5679 775 5754 (ᾳ)
798 5688 895 5731 Non
918 5684 1083 5754 semel
1098 5687 1311 5754 vidimus,
1325 5688 1535 5754 Arianos
1577 5706 1750 5744 vocem
1787 5707 1866 5754 οιός
1887 5710 1997 5747 cum
2019 5698 2224 5750 articulo

643 5748 866 5816 positam,
877 5748 1176 5816 contendere
1179 5750 1463 5816 significare
1471 5753 1664 5804 Patrem
1676 5757 1832 5805 solum
1846 5748 2017 5808 verum
2028 5760 2188 5810 Deum
2202 5748 2220 5810 ξ

633 5807 966 5918 ggﬁlggtieulo
989 5817 1154 5860 autem
1179 5807 1374 5874 Filium,
1399 5827 1522 5877 quos
1546 5818 1752 5881 egregie
1779 5807 1995 5870 confutat
2015 5807 2220 5885 Clarae;

1290 437 1350 494 S.
1387 434 1664 495 JOANNIS
1705 429 2184 492 CllRYSOSTOMi
2223 429 2538 486 A’llClllEP.
2575 424 3114 486 CONSTANTINOP.

3795 433 3914 489 ηδ

2321 545 2506 599 ctius?
2533 545 2578 598 si
2604 543 2804 609 lliium',
2837 543 3077 615 inquam,
3103 541 3369 599 habentes
3387 584 3404 610 ,
3436 542 3577 601 illius
3604 559 3762 601 causa
3791 549 3909 604 bla-

2322 635 2582 705 spliemiis
2599 635 2844 704 appetiti,
2865 635 3037 706 ipsum
3061 633 3430 706 repudiamus,
3453 650 3781 701 aversamur.
3805 655 3911 695 nec

2319 737 2562 781 nostrum
2596 725 2702 782 dici
2731 727 2980 783 volumus
3009 741 3026 781 :
3053 737 3254 797 quanto
3285 728 3456 800 magis
3483 728 3626 784 Deus
3672 745 3864 786 servos
3888 774 3907 798 ,

2318 834 2456 890 quos
2482 820 2720 890 ingratos
2748 820 2978 886 viderit,
3007 830 3063 875 et
3089 835 3120 874 a
3149 821 3344 891 quibus
3386 836 3446 878 se
3472 822 3822 892 blasphemiis
3852 835 3909 878 et

2317 913 2660 968 contumeliis
2685 912 2825 968 affici
2855 914 3186 983 cognoverit,
3222 914 3561 970 aversabitur
3589 925 3750 986 atque
3779 917 3917 969 odia

2318 1005 2713 1075 prosequetur?
2741 1005 2914 1073 Quem
2942 1020 3069 1060 vero
3092 1005 3232 1060 Deus
3273 1005 3449 1062 oderit
3491 1017 3650 1078 atque
3691 1023 3912 1062 aversa-

2319 1103 2405 1150 tus
2450 1095 2644 1161 fuerit,
2673 1096 2794 1166 quis
2838 1096 3102 1166 suscipiet
3154 1112 3217 1152 ac
3263 1098 3698 1170 complectetur?
3737 1100 3923 1156 Nemo

2319 1197 2518 1258 pra-ter
2553 1187 2824 1242 diabolum
2855 1203 2917 1242 ac
2943 1187 3238 1244 (immunes.
3263 1190 3432 1258 Quem
3480 1207 3607 1246 vero
3631 1192 3918 1250 (immanes

2317 1278 2586 1346 ceperint,
2612 1294 2770 1348 quam
2801 1280 2988 1334 salutis
3021 1296 3171 1350 sprm
3203 1281 3465 1337 habebit?
3490 1283 3632 1352 quod
3672 1284 3797 1338 vita:
3821 1301 3917 1340 so-

2319 1367 2546 1422 latium?
2569 1368 2836 1436 Quamdiu
2863 1369 2915 1424 in
2955 1386 3114 1426 manu
3147 1372 3245 1426 Dei
3263 1387 3481 1446 sumus,
3513 1389 3671 1430 nemo
3715 1392 3916 1445 rapere

2319 1474 2418 1514 nos
2446 1468 2662 1529 potest;
2701 1460 2919 1515 robusta
2947 1461 3091 1516 enim
3119 1470 3203 1517 est
3231 1481 3244 1516 :
3269 1478 3390 1517 cum
3423 1465 3650 1531 primum
3689 1481 3823 1521 vero
3848 1467 3918 1523 de

2319 1568 2480 1607 manu
2508 1552 2596 1607 illa
2628 1553 2989 1609 deciderimus
3011 1595 3028 1621 ,
3058 1563 3218 1625 atque
3248 1555 3505 1609 auxilium
3538 1556 3668 1612 illud
3711 1559 3917 1614 amise-

2319 1646 2519 1712 rimus;
2540 1646 2819 1715 pcriimus,
2837 1647 3088 1701 omnibus
3104 1646 3336 1716 expositi
3352 1647 3418 1701 ad
3443 1647 3680 1717 rapinam
3701 1664 3917 1718 sumus,

2319 1738 2573 1794 omnibus
2597 1738 2664 1793 ad
2691 1739 3144 1806 conculcandum,
3168 1748 3438 1810 tamquam
3467 1756 3654 1797 murus
3683 1743 3926 1797 inclina-.

2322 1838 2429 1896 tus,
2455 1838 2513 1885 et
2535 1845 2693 1900 sepes
2711 1831 3022 1886 concidens.
3040 1831 3250 1886 Etenim
3281 1847 3403 1888 cum
3431 1848 3619 1888 murus
3639 1843 3726 1889 est
3748 1836 3920 1892 imbe-

2319 1921 2480 1988 ciliis,
2503 1922 2659 1978 facile
2674 1923 2849 1977 cuivis
2867 1931 3013 1993 patet
3026 1922 3093 1978 ad
3111 1922 3538 1994 irrumpendum.
3564 1924 3749 1997 Neque
3767 1928 3929 1982 enim.

2320 2016 2462 2087 quod
2492 2016 2734 2072 dicturus
2757 2031 2902 2082 sum,
2930 2016 2996 2072 ad
3025 2017 3195 2071 solam
3222 2016 3525 2073 Jerusalem
3554 2019 3756 2090 putetis
3789 2035 3918 2090 per-

2323 2110 2520 2173 tinere,
2548 2109 2642 2164 sed
2669 2109 2830 2164 etiam
2849 2108 2914 2163 ad
2939 2107 3179 2179 singulos
3207 2123 3451 2179 quosque
3479 2109 3746 2166 homines.
3772 2111 3929 2178 Quid

2327 2221 2456 2260 vero
2481 2205 2550 2260 de
2579 2203 2875 2259 Jerusalem
2897 2202 3097 2258 dictum
3135 2203 3256 2259 est?
3283 2201 3510 2258 Cantabo
3534 2205 3721 2260 dilecto
3748 2207 3919 2259 canti—

2320 2312 2437 2350 cum
2467 2295 2638 2350 dilecti
2667 2295 2785 2362 mei,
2816 2296 2975 2350 vinea:
3000 2310 3146 2349 meat.
3181 2293 3343 2348 Vinea
3368 2298 3508 2366 facta
3535 2305 3605 2348 est
3623 2296 3836 2350 dilectio
3865 2296 3928 2350 ire

2320 2403 2501 2452 cornu,
2526 2389 2579 2441 in
2608 2387 2720 2441 loco
2749 2387 2949 2457 pingui.
2976 2385 3048 2440 Et
3080 2387 3237 2458 sepivi
3262 2403 3374 2441 eam
3403 2404 3464 2440 ac
3507 2386 3642 2441 vallo
3686 2387 3919 2441 circnm-

2321 2477 2439 2533 dedi
2461 2520 2477 2544 ,
2521 2486 2568 2531 et
2596 2476 2826 2548 plantavi
2851 2479 3000 2532 vitem
3034 2477 3228 2534 Sorech
3247 2520 3262 2545 ,
3291 2489 3339 2532 et
3364 2479 3613 2548 tediﬁeavi
3641 2480 3829 2533 turrim
3859 2481 3922 2534 in

2289 2618 2295 2622 .
2323 2570 2488 2623 medio
2521 2571 2655 2643 ejus,
2688 2580 2735 2624 et
2766 2571 2991 2624 torcular
3031 2572 3261 2625 exstruxi
3285 2572 3337 2624 in
3365 2588 3445 2636 ea,
3477 2581 3527 2625 et
3550 2574 3840 2643 exspectavi
3868 2583 3930 2628 ut

2323 2662 2508 2731 faceret
2535 2677 2705 2728 uvam,
2735 2670 2780 2714 et
2809 2661 2928 2731 fecit
2955 2663 3152 2731 spinas.
3186 2660 3340 2716 Nunc
3369 2663 3543 2734 igitur,
3573 2665 3670 2717 viri
3696 2663 3734 2718 J
3739 2666 3847 2719 uda
3875 2675 3926 2720 et

2323 2754 2629 2808 habitatores
2649 2752 3198 2825 Jerusalem,judicate
3214 2757 3434 2810 internis
3455 2767 3504 2811 et
3517 2757 3713 2812 vineam
3728 2776 3918 2814 meam.

2326 2844 2466 2909 Quid
2491 2854 2562 2898 est
2581 2885 2597 2909 ,
2627 2844 2763 2915 quod
2802 2845 2938 2900 ultra
2962 2847 3114 2900 debui
3157 2847 3326 2916 facere
3353 2848 3518 2902 vincte
3541 2865 3667 2903 mea:
3685 2890 3700 2913 ,
3741 2861 3787 2903 et
3817 2868 3930 2904 non

2323 2937 2421 3006 feci
2449 2937 2536 2992 ei?
2565 2937 2818 3003 Quoniam
2857 2940 3186 3008 exspectavi,
3230 2948 3283 2992 ut
3331 2943 3520 3010 faceret
3553 2934 3756 3006 uvam;
3799 2941 3925 3011 fecit

2323 3037 2490 3082 autem
2518 3028 2715 3097 spinas.
2747 3026 2902 3083 Nunc
2943 3045 3066 3100 ergo
3093 3030 3357 3084 ostmdam
3383 3031 3520 3086 vobis
3562 3032 3687 3099 quid
3711 3049 3805 3103 ego
3838 3036 3923 3104 [a-

2323 3119 2453 3172 ciam
2476 3118 2635 3173 vincte
2663 3134 2826 3174 mete:
2867 3124 3098 3191 auferam
3127 3138 3296 3190 sepem
3322 3123 3433 3192 ejus
3456 3165 3472 3188 ,
3505 3133 3552 3178 et
3577 3124 3672 3178 erit
3694 3125 3746 3178 in
3783 3126 3928 3179 dire-

2325 3213 2546 3282 ptionem
2573 3226 2592 3274 ;
2621 3220 2666 3264 et
2695 3211 2899 3266 diruam
2919 3213 3190 3268 maceriam
3215 3215 3344 3285 ejus,
3373 3225 3419 3268 et
3443 3215 3538 3269 erit
3567 3215 3619 3269 in
3646 3217 3926 3270 conculca-

2325 3304 2549 3367 tionem;
2571 3313 2615 3358 et
2641 3305 2986 3374 derelinquam
3017 3306 3215 3360 vineam
3244 3324 3406 3361 meam
3426 3349 3441 3373 ,
3462 3319 3509 3363 et
3533 3326 3635 3362 non
3657 3310 3925 3381 putabitur

2325 3405 2370 3450 et
2415 3413 2517 3449 non
2550 3397 3110 3465 fodictur;ascendcnt
3151 3397 3204 3450 in
3252 3415 3363 3452 eam
3389 3439 3404 3463 ,
3434 3400 3644 3480 perinde
3688 3404 3930 3471 atquein

2325 3494 2511 3541 terram
2538 3487 2802 3552 incultam,
2821 3493 2983 3558 spinae
3006 3497 3087 3552 ;et
3114 3488 3326 3544 nubibus
3353 3493 3626 3558 mandabo,
3652 3509 3715 3548 ne
3738 3493 3928 3562 pluunt

2326 3594 2478 3648 super
2523 3593 2634 3631 eam
2681 3577 2913 3632 imbrem.
2956 3577 3114 3633 Vinea
3160 3582 3293 3634 enim
3346 3579 3557 3635 Domini
3602 3584 3923 3638 exercituum

2327 3671 2508 3724 domus
2534 3669 2703 3724 Israel
2729 3679 2821 3736 est,
2857 3681 2905 3724 et
2925 3671 3003 3724 vir
3033 3669 3068 3724 J
3074 3671 3174 3725 uda
3201 3688 3404 3742 germen
3431 3672 3692 3728 dilectum.
3719 3673 3929 3746 Exspe-

2327 3763 2460 3814 ctavi
2481 3770 2536 3814 ut
2553 3761 2742 3830 faceret
2756 3761 3010 3832 judicium
3035 3779 3054 3830 ;
3079 3764 3196 3834 fecit
3221 3774 3388 3817 autem
3407 3765 3722 3835 iniquitatem
3747 3777 3794 3821 et
3822 3786 3928 3822 non

2327 3852 2574 3916 instillant
2595 3893 2610 3918 ,
2642 3852 2732 3906 sed
2757 3852 3031 3907 clamorem
3082 3853 3236 3922 (lsat'.
3265 3855 3320 3911 5.
3344 3856 3370 3910 1
3396 3885 3416 3896 -
3449 3856 3524 3928 7).
3559 3857 3611 3911 Id
3641 3858 3804 3914 etiam
3860 3861 3928 3916 de

2327 3944 2566 4015 qualibet
2594 3944 2772 3998 anima
2815 3944 3032 4000 dicitur.
3059 3945 3190 4000 Nam
3221 3962 3342 4001 cum
3383 3951 3561 4003 omnia
3607 3965 3726 4019 qua:
3751 3966 3926 4019 opor-

2331 4044 2508 4092 tuerat
2534 4036 2836 4106 impleverit
2863 4037 3126 4108 benignus
3156 4039 3323 4104 Deus,
3357 4039 3448 4094 illa
3474 4055 3602 4094 vero
3636 4056 3731 4110 pro
3772 4057 3884 4097 uva
3911 4083 3932 4108 ,

2329 4128 2514 4198 spinas
2543 4129 2769 4194 fecerit;
2814 4144 2997 4199 sepem
3025 4129 3234 4186 auferet
3285 4140 3340 4185 et
3368 4148 3578 4186 murum
3601 4132 3777 4188 diruet
3808 4175 3828 4199 ,
3867 4151 3930 4188 ac

2331 4222 2636 4293 patebimus
2662 4222 2972 4292 direptioni.
2999 4224 3135 4278 Audi
3167 4241 3294 4280 vero
3322 4235 3376 4280 et
3412 4236 3613 4297 quanto
3639 4243 3757 4281 cum
3787 4227 3931 4283 ﬂetu

2329 4315 2469 4368 alius
2498 4316 2756 4385 prolilteta
2799 4315 2914 4369 haec
2942 4316 3086 4370 dicat
3119 4335 3131 4371 :
3161 4315 3229 4372 Ut
3259 4318 3381 4388 quid
3410 4317 3703 4373 destruxisti
3746 4336 3931 4376 mace-

2329 4406 2460 4459 riam
2498 4407 2651 4476 ejus;
2674 4416 2721 4460 et
2752 4407 3058 4461 vindemiant
3095 4425 3208 4463 eam
3253 4425 3427 4464 omnes
3449 4451 3464 4476 ,
3496 4411 3581 4478 qui
3611 4421 3930 4483 praetergre-

2331 4498 2541 4550 diuntur
2588 4498 2766 4553 viam?
2807 4497 3177 4554 Extertuinavit
3207 4515 3319 4554 eain
3369 4517 3496 4570 aper
3540 4502 3604 4555 de
3654 4503 3793 4572 sylva
3830 4546 3848 4571 ,
3883 4516 3932 4559 et

2330 4589 2607 4660 singularis
2655 4593 2794 4683 ferus
2817 4590 3060 4683 depastus
3088 4601 3175 4683 est
3205 4608 3317 4646 eam
3361 4593 3537 4662 (Psal.
3562 4593 3649 4649 79.
3672 4595 3756 4649 15.
3780 4595 3884 4668 14)
3907 4599 3930 4652 ?
3969 4653 3987 4683 τ

2332 4679 2406 4734 lbi
2432 4681 2646 4752 quidem
2675 4681 2744 4738 de
2784 4681 2940 4737 Medo
2977 4697 3041 4737 ac
3069 4681 3139 4738 de
3186 4684 3483 4758 Babylonio
3527 4687 3792 4759 loquitur;
3837 4689 3928 4747 hic

2329 4786 2459 4826 vero
2491 4772 2624 4827 nihil
2649 4781 2753 4840 est,
2781 4773 2926 4844 quod
2951 4773 3019 4829 de
3045 4773 3138 4830 illo
3167 4773 3413 4840 dicatur;
3448 4778 3542 4833 sed
3569 4793 3700 4848 aper
3727 4789 3780 4834 et
3808 4782 3930 4838 sin-

2329 4865 2528 4935 gularis
2558 4867 2673 4936 ipse
2695 4867 2943 4923 diabolus
2970 4877 3087 4935 est,
3122 4878 3342 4941 totaque
3371 4872 3517 4929 illius
3546 4889 3755 4931 manus.
3785 4876 3927 4934 Sin-

2328 4957 2570 5027 gularem
2599 4973 2728 5014 vero
2775 4959 2924 5014 illum
2969 4961 3292 5032 appellavit,
3345 4972 3402 5018 ut
3447 4964 3616 5033 ipsius
3660 4967 3926 5025 ferociam

2328 5062 2490 5125 atque
2535 5054 2897 5124 impuritatem
2948 5058 3018 5112 ob
3062 5057 3250 5112 oculos
3295 5068 3540 5128 poneret.
3598 5061 3729 5117 Nam
3769 5064 3928 5122 Scri-

2329 5154 2483 5216 ptura
2505 5187 2520 5212 ,
2551 5161 2674 5202 cum
2707 5147 2852 5203 illius
2892 5149 3240 5218 rapacitatem
3264 5149 3638 5209 demonstrare
3666 5155 3813 5222 vult,
3848 5155 3926 5212 ita

2330 5237 2538 5308 inquit,
2571 5237 2853 5309 Tamquam
2900 5238 2978 5295 leo
3005 5241 3210 5312 rugiens
3235 5241 3455 5309 circuit,
3500 5261 3729 5316 quarens
3771 5263 3930 5318 quens

2329 5328 2529 5384 devoret
2556 5330 2636 5400 (Ι.
2669 5328 2785 5385 Pet.
2813 5331 2868 5386 5.
2899 5330 2991 5401 8);
3035 5347 3157 5386 cum
3198 5348 3328 5388 vero
3375 5335 3524 5390 virus
3572 5336 3700 5392 illud
3730 5342 3922 5408 perni-

2329 5422 2533 5478 ciosum
2559 5438 2623 5478 ac
2649 5421 2809 5479 letale
2834 5424 3122 5494 signiﬁcat,
3148 5437 3454 5495 serpentem
3484 5439 3639 5484 vocat
3685 5439 3741 5485 et
3768 5447 3919 5488 scor-

2332 5514 2544 5584 pionem
2570 5512 2828 5581 :Calcate,
2856 5516 3048 5585 inquit,
3077 5533 3228 5587 super
3249 5530 3507 5588 serpentes
3526 5531 3576 5576 et
3601 5523 3917 5592 scorpiona,

2329 5614 2376 5659 et
2403 5620 2559 5674 super
2587 5620 2786 5658 onmem
2827 5607 3057 5660 virtutem
3099 5608 3291 5662 inimici
3330 5609 3484 5680 (Luc.
3520 5612 3722 5684 10.19)
3751 5629 3916 5669 zeum

2330 5693 2490 5748 simul
2517 5709 2780 5752 venenum
2810 5695 3010 5751 indicat
3034 5707 3090 5753 et
3111 5698 3296 5764 robur,
3331 5699 3619 5757 draconem
3651 5705 3918 5769 nominat,

2332 5788 2778 5856 quemadmodum
2801 5805 2867 5846 eo
2896 5791 3014 5845 loco
3041 5809 3054 5845 :
3087 5791 3253 5847 Draco
3283 5794 3394 5858 iste,
3423 5812 3571 5865 quem
3596 5799 3828 5868 formasti
3845 5800 3922 5852 ad

2333 5880 2648 5935 illudendum
2679 5884 2723 5936 ei
2745 5881 2915 5950 (Psal.
2949 5883 3194 5957 l05.26_l.
3221 5887 3289 5943 Et
3312 5888 3598 5948 draconem
3621 5901 3678 5948 et
3699 5907 3921 5963 serpen-
