4170 6488
246 566 308 621 ἂν
329 559 681 632 παρήγαγεν;
707 551 875 608 Εἶπον
895 552 1128 623 φθάσας,
1155 554 1238 606 ὅτι
1261 551 1438 615 οὐδεὶς
1465 550 1638 615 οὕτως
1663 552 1820 603 ἐπαι-

244 658 320 712 νεῖ
343 670 461 709 τινα
490 650 599 706 ἀπὸ
629 649 729 720 τῆς
755 647 866 700 τῶν
895 645 1082 701 κακῶν
1114 646 1353 716 ἀποχῆς,
1403 644 1527 700 οὐδὲ
1556 643 1695 705 ὅλως
1724 643 1824 696 αὖ-

242 749 331 805 τοῦ
361 747 634 819 μέμνηται
655 759 670 773 ·
719 741 844 794 οὐδέ
889 739 1146 811 σώφρονα
1181 738 1508 810 βουλόμενος
1535 737 1823 792 ἐπαινέσαι

242 861 321 908 τις
353 839 525 902 οὕτως
557 837 696 907 ἐρεῖ,
731 836 814 889 ὅτι
844 834 946 888 οὐκ
974 833 1315 904 ἐμοίχευσεν,
1337 831 1454 886 ἀλλ’
1483 833 1567 885 ὅτι
1599 831 1695 886 καὶ
1720 831 1823 902 τῆς

245 934 375 996 ίδίας
401 929 615 998 ἀπέστη
648 926 935 995 γυναικός.
963 924 1218 996 Οὐδαμοῦ
1241 926 1351 996 γὰρ
1369 925 1470 994 τὴν
1497 924 1605 977 τῶν
1635 925 1824 978 κακῶν

244 1021 442 1092 ἀποχὴν
460 1018 687 1089 τίθεμεν
707 1033 720 1046 '
749 1017 925 1086 γέλως
947 1017 1056 1088 γὰρ
1083 1015 1262 1070 τοῦτο.
1286 1013 1453 1070 Εἶπον
1478 1017 1614 1088 ὃτιή
1639 1015 1823 1088 μορφὴ

241 1113 332 1170 τοῦ
375 1111 564 1167 δούλου
601 1109 831 1181 ἀληθὴς,
867 1110 962 1163 καὶ
1011 1110 1133 1164 οὐδέ
1187 1110 1455 1164 ἐλάττων·
1497 1108 1694 1163 οὐκοῦν
1729 1108 1824 1163 καὶ

245 1211 276 1280 ἡ
309 1204 481 1276 μορφὴ
510 1202 604 1258 τοῦ
639 1201 778 1256 Θεοῦ
808 1201 1012 1265 τελεία,
1045 1203 1143 1255 καὶ
1175 1203 1276 1256 οὐκ
1321 1202 1580 1256 ἐλάττων.
1633 1203 1731 1255 Διά
1772 1201 1824 1256 τί

252 1299 319 1370 μὴ
335 1293 500 1362 εἶπεν,
520 1296 611 1348 Ἐν
631 1296 814 1365 μορφῇ
832 1292 969 1347 Θεοῦ
987 1295 1299 1364 γενόμενος,
1314 1294 1451 1361 ἀλλ’,
1467 1294 1480 1314 '
1495 1294 1787 1364 Υπάρχων
1804 1313 1826 1361 ;

251 1389 380 1441 Ἴσον
423 1386 541 1438 ἐστὶ
592 1382 756 1437 τοῦτο
801 1382 895 1436 τοῦ
925 1384 1138 1449 εἰπεῖν,
1189 1383 1330 1452 Ἐγώ
1372 1386 1490 1454 ειμι
1537 1388 1570 1439 ό
1615 1384 1720 1438 ὢν.
1751 1385 1826 1438 Τὸ

245 1476 655 1550 ἀπαράλλακτον
683 1475 716 1545 ἡ
752 1474 937 1546 μορφὴ
958 1475 1219 1540 δείκνυσι,
1251 1475 1437 1538 καθώς
1465 1477 1580 1530 ἐστι
1614 1479 1820 1548 μορφή.

244 1570 350 1622 Οὐκ
382 1568 495 1621 ἐστι
526 1567 604 1629 δέ,
638 1567 806 1636 ἄλλης
835 1567 1025 1628 οὐσίας
1064 1565 1212 1632 ὄντα,
1263 1566 1361 1634 τὴν
1411 1568 1578 1639 ἄλλης
1606 1570 1822 1640 μορφὴν

245 1660 408 1731 ἔχειν’
434 1654 547 1713 οἷον
587 1659 766 1722 οὐδεὶς
799 1657 1107 1729 ἀνθρώπων
1137 1660 1372 1728 ἀγγέλου
1420 1660 1534 1732 ἔχει
1582 1663 1819 1734 μορφὴν,

245 1756 359 1808 οὐδὲ
401 1754 592 1824 ἄλογον
645 1752 936 1824 ἀνθρώπου
988 1752 1102 1824 ἔχει
1161 1755 1411 1825 μορφήνο
1479 1753 1597 1818 πῶς
1655 1751 1748 1809 οὖν
1795 1755 1824 1808 ὁ

246 1847 364 1910 Υἱός
387 1863 403 1913 ;

315 1996 377 2050 δ’.
392 1989 522 2050 Εἶτα
536 1994 628 2047 ἐπὶ
651 1995 745 2064 μὲν
765 1993 947 2064 ἡμῶν,
962 1993 1151 2063 ἐπειδὴ
1172 1983 1415 2049 σύνθετοέ
1432 1995 1619 2066 ἐσμεν,
1638 1997 1671 2067 ἡ
1693 2013 1826 2068 μορ-

252 2089 324 2161 φὴ
353 2086 444 2142 τοῦ
478 2086 725 2158 σώματός
754 2090 934 2141 ἐστιντ
989 2088 1082 2141 ἐπὶ
1112 2087 1170 2141 δέ
1203 2087 1299 2141 τοῦ
1331 2087 1504 2142 ἁπλοῦ
1534 2089 1629 2142 καὶ
1657 2089 1825 2142 ἀσυν-

251 2182 416 2245 θέτου,
459 2181 671 2246 πάντως
701 2182 804 2252 τῆς
851 2180 1059 2246 οὐσίας.
1101 2183 1163 2235 Εἰ
1197 2181 1254 2235 δὲ
1302 2181 1362 2235 τὸ
1408 2183 1577 2253 χωρὶς
1620 2183 1823 2255 ἄρθρου

245 2273 485 2345 εἰρῆσθαι
557 2273 740 2342 λέγεις
817 2274 900 2327 ὅτι
984 2274 1045 2326 οὐ
1101 2273 1342 2327 δείκνυσι
1421 2275 1512 2329 τὸν
1580 2275 1822 2346 Πατέρα,

243 2363 501 2436 πολλαχοῦ
555 2364 715 2419 τοῦτο
747 2365 1028 2420 δείκνυται
1060 2366 1233 2439 χωρὶς
1269 2366 1476 2440 ἄρθρου
1512 2369 1822 2440 εἰρημένον.

245 2459 345 2513 Καὶ
376 2459 428 2512 τί
453 2459 602 2527 λέγω
639 2458 948 2530 πολλαχοῦ;
979 2461 1036 2512 ἐν
1057 2459 1165 2533 γὰρ
1194 2460 1344 2531 αὐτῴ
1378 2461 1583 2525 εὐθέως
1608 2460 1685 2532 τῷ
1717 2479 1826 2532 χω-

249 2554 338 2625 ρίῳ
356 2553 553 2626 τούτῳ,
569 2556 692 2623 Οὐχ
717 2554 1056 2625 ἁρπαγμὸν,
1077 2555 1263 2625 φησὶν,
1293 2555 1330 2622 η
1343 2555 1570 2626 γήσατο
1587 2555 1655 2610 τὸ
1674 2552 1828 2609 εἶναι

243 2646 342 2704 ἶσα
380 2645 500 2714 Θεῷ
519 2663 535 2679 ·
563 2646 659 2700 καὶ
685 2646 787 2701 οὐκ
814 2645 966 2720 [259]
991 2642 1112 2701 εἷπε
1143 2647 1284 2718 μετά
1312 2646 1406 2701 τοῦ
1441 2647 1669 2718 ἄρθρου,
1698 2633 1860 2719 περί

240 2737 328 2791 τοῦ
355 2735 487 2791 Θεοῦ
519 2737 619 2790 τοῦ
651 2737 868 2808 Πατρὸς
889 2737 1086 2806 λέγων.
1120 2737 1393 2809 Βούλομαι
1419 2739 1512 2792 καὶ
1534 2737 1603 2790 τά
1631 2738 1832 2810 ήμέτε·

246 2848 308 2901 ρα
341 2831 680 2904 προσθεῖναι,
727 2830 862 2884 ἀλλά
891 2831 1105 2884 δέδοικα
1131 2830 1204 2903 μὴ
1242 2822 1651 2902 καταχώσωμεν
1676 2831 1830 2902 ὐμῶν

241 2923 332 2986 τὰς
355 2922 622 2986 διανοίας.
677 2923 830 2986 Τέως
864 2923 919 2975 δὲ
948 2922 1015 2976 τά
1045 2923 1312 2994 εἰρημένα
1360 2923 1642 2996 μέμνησθε
1692 2923 1830 2995 πρὸς

241 3012 549 3087 ἀνατροπὴν
586 3013 846 3068 ἐκείνων·
882 3013 1020 3078 τέως
1053 3014 1152 3078 τὰς
1195 3014 1436 3078 ἀκάνθας
1483 3015 1829 3085 ἐκτέμωμεν,

241 3106 324 3174 καὶ
352 3110 471 3162 τότε
524 3109 624 3162 τὸν
675 3107 876 3179 σπόρον
929 3094 1343 3178 καταϐαλοῦμεν
1380 3107 1472 3160 τὸν
1499 3106 1662 3160 καλὸν
1694 3105 1832 3177 μετά

238 3200 294 3253 τὸ
314 3201 410 3264 τὰς
433 3200 688 3264 ἀκάνθας
713 3199 1081 3270 ἐκτμηθῆναι,
1106 3200 1200 3253 καὶ
1225 3199 1420 3271 μικρὸν
1448 3199 1786 3253 ἀναπνεῦσαι
1802 3211 1830 3240 ιι

235 3291 328 3363 τὴν
361 3294 485 3364 γῆν,
523 3293 620 3347 ἵνα
654 3295 836 3347 πᾶσαν
863 3294 963 3362 τὴν
1002 3291 1213 3346 ἐκεῖθεν
1255 3291 1572 3363 ἀποθεμένη
1606 3291 1828 3359 κακίαν,

237 3384 371 3454 μετά
402 3384 620 3455 πολλῆς
646 3384 746 3454 τῆς
785 3384 987 3456 ἀρετῆς
1023 3382 1335 3454 δέχηταιτά
1364 3381 1483 3435 θεῖα
1513 3382 1829 3454 σπέρματα.

233 3474 748 3546 Εὐχαριστήσωμεν
805 3475 948 3546 ὑπὲρ
1002 3475 1112 3527 τῶν
1177 3474 1484 3544 εἰρημένων
1545 3473 1624 3545 τῷ
1680 3473 1830 3545 eaq)-

235 3563 563 3636 ἀξιώσωμεν
623 3564 788 3618 αὐτὸν
837 3563 1024 3618 δοῦναι
1079 3563 1328 3637 φυλακὴν
1378 3565 1472 3617 καὶ
1509 3563 1833 3636 διατήρησιν

233 3657 432 3724 αὐτῶν,
463 3659 558 3712 ἵνα
592 3656 688 3710 καὶ
717 3658 879 3728 ἡμεῖς
910 3657 1006 3711 καὶ
1039 3657 1199 3728 ὑμεξ
1230 3657 1657 3729 εὐφραινώμεθα
1683 3699 1698 3726 ,
1738 3658 1834 3711 καὶ

234 3750 279 3804 οἱ
305 3749 585 3822 αἱρετικοὶ
621 3749 1113 3821 καταισχύνωνται.
1149 3750 1635 3822 Παρακαλέσωμεν
1669 3751 1833 3804 αὐτὸν

235 3840 322 3896 καὶ
341 3843 420 3907 είς
441 3841 507 3896 τὸ
537 3842 672 3914 ἑξῆς
700 3843 834 3912 ἡμῖν
856 3842 1064 3909 ἀνοῖξαι
1090 3842 1288 3914 στόμα,
1323 3842 1465 3896 ὥστε
1495 3844 1590 3897 καὶ
1612 3843 1681 3898 τά
1707 3843 1836 3916 ἠμέ-

234 3950 361 4006 τερα
383 3937 528 4008 μετά
554 3935 658 4006 τῆς
682 3935 852 4007 αὐτῆς
873 3935 1038 3990 πάλιν
1059 3936 1299 4008 σπουδῆς
1321 3937 1833 4009 παρακαταθέσθαι*

236 4027 517 4103 δεηθῶμεν
567 4029 759 4097 αὐτοῦ,
797 4029 938 4082 ὥστε
968 4030 1061 4084 καὶ
1093 4031 1193 4102 τῆς
1231 4029 1470 4094 πίστεως
1521 4030 1636 4102 βίον
1684 4031 1837 4096 ἀξιον

235 4123 362 4193 ἡμῖν
391 4126 734 4197 παρασχεῖν,
770 4124 857 4177 ἵνα
889 4124 970 4187 είς
998 4123 1158 4190 δόξαν
1201 4123 1369 4176 αὐτοῦ
1398 4122 1602 4194 ζῶμεν,
1640 4123 1727 4178 ἵνα
1760 4125 1838 4195 μὴ

235 4215 292 4267 τὸ
342 4215 520 4288 ὄνομα
579 4215 746 4269 αὐτοῦ
806 4215 1195 4288 βλασφημῆται
1221 4216 1289 4268 δι’
1321 4218 1491 4288 ἡμᾶς.
1544 4217 1690 4271 Οὐαὶ
1728 4217 1838 4289 γὰρ

233 4308 394 4378 ὑμῖν,
427 4311 597 4381 φησὶ,
643 4308 719 4362 δι’
750 4309 857 4376 οὓς
887 4309 952 4362 τὸ
984 4309 1174 4380 ὄνομα
1217 4309 1324 4364 τοῦ
1358 4309 1507 4363 Θεοῦ
1545 4310 1837 4380 ,βλασφη-

228 4404 445 4474 μεῖται.
477 4408 544 4460 Εἰ
583 4406 696 4476 γάρ
723 4406 840 4459 υἱὸν
868 4404 1112 4476 ἔχοντες·
1151 4405 1328 4459 καίτοι
1359 4406 1412 4458 τί
1453 4405 1570 4459 υἱοῦ
1598 4405 1838 4478 γνησιώ-

233 4515 424 4568 τερον;
459 4500 510 4551 εἰ
547 4499 670 4551 υἱὸν
702 4497 882 4550 τοίνυν
914 4498 1075 4568 ἡμεῖς
1105 4495 1350 4568 ἔχοντες,
1404 4499 1533 4552 ὅταν
1565 4499 1634 4552 δι’
1675 4501 1840 4555 αὐτὸν

239 4589 741 4663 βλασφημώμεθα,
787 4589 1245 4662 ἀποκηρύττομεν
1279 4591 1464 4658 αὐτὸν,
1499 4594 1840 4664 ἀποστρεφό-

237 4683 397 4752 μεθα,
426 4683 490 4736 οὐ
530 4681 881 4754 προσιέμεθα
904 4699 918 4714 ο
950 4683 1102 4753 πόσῳ
1148 4681 1348 4754 μᾶλλον
1396 4685 1424 4738 ὁ
1457 4683 1590 4749 Θεὸς
1617 4685 1839 4750 δούλους

235 4776 371 4846 ἔχων
400 4777 763 4847 ἀγνώμονας,
793 4775 1250 4847 βλασφημοῦντας
1274 4777 1436 4831 αὐτὸν
1463 4778 1558 4833 καὶ
1591 4778 1840 4850 ὑϐρίζον-

233 4886 364 4934 τας,
399 4872 508 4924 οὐκ
546 4870 1043 4941 ἀποστραφήσεται
1083 4870 1177 4924 καὶ
1207 4872 1468 4943 μισήσεις
1505 4874 1600 4927 Ὃν
1632 4873 1677 4927 δ’
1711 4873 1779 4929 ἂν
1813 4875 1842 4927 ὁ

236 4963 365 5028 Θεὸς
397 4967 622 5036 μισήσῃ
651 4963 744 5016 καὶ
775 4964 1125 5034 ἀποστραφῇ,
1166 4963 1250 5028 τίς
1291 4963 1699 5035 προσλήψεται;
1732 4966 1841 5019 Οὐ-

234 5052 364 5120 δεὶς,
400 5055 523 5109 ἀλλ’
554 5054 592 5124 ἢ
621 5056 650 5107 6
679 5053 946 5117 διάϐολος,
977 5053 1094 5108 ἀλλ’
1124 5053 1156 5126 ῆ
1183 5054 1233 5106 οἱ
1263 5053 1538 5126 δαίμονες.
1573 5057 1670 5109 Ὃν
1696 5055 1743 5109 δ’
1774 5056 1842 5110 ἀν

234 5150 282 5201 οἱ
327 5149 598 5220 δαίμονες
634 5147 882 5212 λάϐωσι,
940 5148 1101 5202 ποίαν
1134 5148 1248 5211 ἐξει
1303 5149 1576 5222 σωτηρίας
1618 5150 1840 5218 ἐλπίδα;

235 5244 398 5295 ποίαν
430 5241 806 5314 παραμυθίαν
835 5241 1013 5312 ζωῆς;
1054 5241 1200 5304 Ἕως
1229 5240 1296 5294 ἂν
1323 5242 1382 5295 ἐν
1423 5245 1490 5313 τῇ
1527 5244 1670 5315 χειρὶ
1694 5236 1845 5315 ὦμεν

235 5335 328 5388 τοῦ
359 5335 526 5401 Θεοῦ,
561 5335 740 5399 οὐδεὶς
765 5336 912 5406 ἡμᾶς
938 5334 1209 5405 ἁρπάζειν
1233 5334 1486 5390 δύναται*
1518 5337 1714 5408 ἰσχυρά
1737 5338 1846 5408 γάρ

238 5427 387 5481 ἐστιν
409 5443 424 5457 ·
450 5428 591 5482 ὅταν
623 5427 681 5480 δέ
709 5427 807 5497 τῆς
831 5428 1012 5499 χειρὸς
1037 5426 1252 5500 ἐκείνης
1278 5429 1602 5499 ἐκπέσωμεν
1632 5430 1725 5482 καὶ
1747 5431 1846 5500 τῆς

239 5517 525 5590 βοηθείας,
551 5519 940 5590 ἀπολώλαμεν,
973 5521 1142 5575 πᾶσιν
1167 5519 1374 5592 ἐτοιμοι
1400 5521 1744 5594 προκείμεθα
1767 5523 1847 5586 είς

242 5613 532 5686 ἁρπαγὴν,
581 5614 747 5668 πᾶσιν
779 5615 859 5679 εἰς
897 5614 1295 5688 καταπάτημα,
1333 5615 1409 5681 ὼς
1457 5618 1632 5688 τοῖχος
1665 5616 1847 5672 κεκλιο

306 5815 331 5844 ⁸
354 5811 572 5863 Coisiin.
601 5811 908 5864 ἀναπαῦσαι..

1091 434 1162 490 ΙΝ
1197 432 1416 490 EPIST.
1457 431 1549 488 AD
1587 428 1884 489 PHILIPP.
1924 425 2080 486 CAP.
2122 429 2188 486 ll.
2228 431 2470 490 llOMIL.
2509 434 2601 494 Vl.

3404 434 3512 491 εει

1928 543 2090 615 μένος
2117 547 2211 600 καὶ
2245 550 2502 620 φραγμὸς
2526 547 2794 620 ώσμένος.
2825 549 2997 605 Ὅταν
3020 549 3131 622 γὰρ
3229 549 3464 621 ἀσθενὴς
3484 552 3516 606 ὁ

1922 640 2122 708 τοῖχος,
2155 641 2478 707 εὐεπίϐατος
2501 643 2655 698 ἔσται
2681 645 2836 699 πᾶσι.
2872 644 2965 716 Μὴ
2996 645 3108 716 γὰρ
3133 646 3226 698 ἐπὶ
3273 645 3372 716 τῆς
3415 645 3517 698 Ἱε-

1926 732 2214 802 ρουσαλὴμ
2252 733 2429 787 οἴεσθε
2451 735 2610 788 τοῦτο
2639 737 2894 807 λέγεσθαι
2920 740 3080 808 μόνον
3105 775 3120 802 ,
3154 736 3183 790 δ
3225 736 3404 808 μέλλω
3428 736 3518 790 λέ·

1923 837 2064 890 γειν.
2097 823 2234 877 ἀλλά
2261 825 2356 878 καὶ
2390 827 2484 880 ἐπὶ
2509 827 2708 892 παντὸς
2738 828 3050 902 ἀνθρώπου.
3089 830 3154 883 Τί
3189 830 3245 882 δὲ
3285 831 3379 884 ἐπὶ
3410 832 3513 903 τῆς

1937 914 2295 988 Ἰερουσαλὴμ
2345 917 2595 988 ἐλέγετο;
2660 922 2827 992 ’ᾼσω
2872 919 2952 990 δὴ
3015 921 3096 987 τῷ
3145 921 3513 991 ἠγαπημένῳ

1923 997 2090 1074 ᾆσμα
2120 1007 2226 1061 τοῦ
2249 1008 2561 1077 ἀγαπητοῦ
2589 1026 2730 1077 μου,
2761 1008 2843 1075 τῷ
2868 1010 3177 1078 ἀμπελῶνί
3196 1029 3335 1080 μου.
3378 1012 3514 1080 Ἀμ-

1925 1097 2130 1150 πελὼν
2153 1098 2408 1168 ἐγενήθη
2439 1098 2517 1165 τῷ
2533 1100 2898 1171 ἠγαπημένῳ
2919 1102 2988 1154 ὲν
3013 1102 3232 1170 κέρατι,
3261 1103 3331 1156 ἐν
3355 1105 3517 1168 τόπῳ

1925 1190 2108 1242 πίονι.
2160 1191 2270 1244 Καὶ
2308 1196 2582 1262 ,φραγμὸν
2622 1191 2948 1262 περιέθηκα
2997 1192 3096 1246 καὶ
3132 1192 3514 1262 ἐχαράκωσα,

1924 1280 2021 1332 καί
2058 1281 2368 1349 ἐφύτευσα
2423 1282 2698 1351 ἄμπελον
2739 1282 2967 1350 Σωρὴκ,
3019 1285 3116 1336 καί
3155 1282 3520 1353 ᾠκοδόμησα

1923 1371 2156 1438 πύργον
2187 1372 2259 1424 ἐν
2283 1371 2455 1440 μέσῳ
2481 1373 2686 1438 αὑτοῦ,
2723 1373 2824 1426 καὶ
2846 1372 3183 1442 προλήνιον
3218 1373 3420 1441 ὠρυξα
3449 1374 3521 1428 ἐν

1923 1460 2104 1526 αὐτῷ,
2129 1462 2226 1515 καὶ
2245 1464 2450 1532 ἔμεινα
2477 1464 2584 1518 τοῦ
2604 1464 2857 1533 ποιῆσαι
2887 1464 3236 1534 σταφυλὴν,
3268 1464 3522 1537 ἐποίησε

1925 1552 1993 1606 δὲ
2039 1553 2330 1620 ἀκάνθας.
2388 1557 2496 1610 Καὶ
2531 1557 2650 1611 νῦν
2684 1557 2984 1625 ἅνθρωποι
3010 1559 3118 1610 τοῦ
3160 1557 3369 1621 Ἰούδα,
3419 1557 3522 1611 και

1924 1649 1979 1701 οὶ
2002 1648 2428 1715 κατοικοῦντες
2453 1649 2525 1703 έν
2560 1649 2982 1719 Ἰερουσαλὴμ,
3021 1649 3264 1719 κρίνατε
3299 1648 3522 1719 ἐνέμοῖ

1925 1743 2160 1824 καὶρνὰ
2181 1743 2380 1812 μέσον
2403 1743 2510 1797 τοῦ
2539 1741 2898 1812 ἀμπελῶνος
2919 1759 3060 1812 μου.
3109 1742 3171 1796 Τί
3195 1741 3320 1796 ἔδει
3342 1739 3485 1810 ποιῆ
3501 1768 3522 1780 -

1924 1851 2028 1888 σαι
2064 1833 2143 1901 τῷ
2180 1834 2493 1905 ἀμπελῶνί
2535 1852 2679 1905 μου,
2735 1833 2836 1888 καὶ
2886 1837 2997 1889 οὐκ
3024 1835 3287 1902 ἐποίησα
3318 1832 3518 1900 αὐτῷ,

1925 1926 2082 1979 Διότι
2114 1927 2320 1994 ἔμεινα
2342 1925 2448 1982 τοῦ
2480 1925 2734 1996 ποιῆσαι
2765 1925 3116 1996 σταφυλὴν,
3149 1925 3403 1993 ἐποίησε
3451 1924 3523 1979 δὲ

1925 2015 2214 2083 ἀκάνθας.
2255 2016 2386 2071 Νῦν
2417 2012 2535 2071 οὖν
2558 2015 2870 2086 ἀναγγελῶ
2907 2015 3050 2086 ὑμῖν
3077 2016 3136 2069 τι
3161 2015 3397 2082 ποιήσω
3441 2012 3523 2080 τῷ

1926 2107 2238 2177 ἀμπελῶνί
2252 2126 2372 2178 μου
2396 2125 2410 2139 ⁸
2455 2107 2662 2177 ἀφελῶ
2695 2108 2802 2162 τὸν
2841 2105 3116 2177 φραγμὸν
3163 2103 3375 2169 αὐτοῦ,
3417 2104 3522 2159 καί

1926 2200 2100 2255 ἔσται
2131 2201 2219 2265 εἰς
2251 2198 2614 2268 διαρπαγὴν,
2643 2199 2744 2252 καὶ
2776 2197 3012 2253 καθελῶ
3035 2196 3146 2251 τὸν
3167 2196 3374 2265 τοῖχον
3417 2197 3524 2250 αὐ-

1927 2288 2057 2351 τοῦ,
2099 2290 2195 2342 καὶ
2227 2288 2398 2342 ἔσται
2444 2291 2532 2355 είς
2576 2287 3003 2358 καταπάτημα·
3047 2287 3149 2340 καὶ
3174 2285 3385 2351 ἀνήσω
3415 2284 3525 2338 τὸν

1927 2379 2256 2451 ἀμπελῶνὰ
2305 2397 2448 2450 μου,
2499 2379 2598 2432 καὶ
2641 2381 2714 2434 οὐ
2739 2377 2827 2449 μὴ
2883 2375 3124 2448 τμηθῇ,
3156 2375 3285 2431 οὐδ’
3326 2377 3398 2430 οὐ
3433 2375 3521 2445 μὴ

1929 2473 2143 2541 σπαρῇ
2165 2491 2179 2504 ’
2219 2473 2318 2526 καὶ
2344 2472 2755 2540 ἀναϐήσονται
2777 2475 2866 2537 εις
2888 2471 3098 2535 αὐτὸν,
3129 2470 3211 2537 ὡς
3258 2471 3347 2536 εὶς
3388 2470 3524 2539 χέρ-

1929 2577 2068 2625 σον,
2103 2563 2358 2620 ἄκανθαι
2383 2581 2397 2594 ο
2429 2564 2527 2617 καὶ
2562 2563 2693 2631 ταῖς
2725 2562 3012 2632 νεφέλαις
3054 2561 3205 2634 240]
3244 2559 3528 2615 ἐντελοῦ-

1925 2672 2034 2726 μαι
2053 2656 2158 2710 τοῦ
2186 2655 2274 2726 μὴ
2299 2655 2518 2724 βρέξαι
2546 2658 2631 2721 εἰς
2659 2654 2849 2708 αὐτὸν
2872 2656 3070 2709 ὑετόν.
3112 2654 3174 2707 '0
3202 2652 3313 2723 γὰρ
3338 2653 3526 2722 ἀμπε-

1929 2747 2058 2804 λὼν
2085 2749 2308 2816 Κυρίου
2343 2748 2587 2803 Σαϐαὼθ
2626 2743 2794 2812 οἶκος
2814 2744 2923 2800 τοῦ
2957 2743 3205 2813 Ἰσραήλ
3241 2744 3396 2807 ἐστι,
3423 2741 3525 2796 καὶ

1931 2840 2246 2908 ἅνθρωπος
2296 2839 2406 2894 τοῦ
2476 2840 2675 2894 Ἰούδα
2702 2880 2718 2906 ,
2766 2837 3068 2906 νεόφυτον
3109 2834 3521 2903 ἠγαπημένον.

1935 2932 2186 3002 Ἔμεινα
2214 2932 2316 2984 ἵνα
2345 2930 2574 2999 ποιήσῃ
2605 2931 2812 2998 κρίσιν
2835 2947 2848 2961 ο
2872 2929 3127 2997 ἐποίησε
3152 2925 3223 2980 δὲ
3245 2927 3524 2997 ἀνομίαν,

1933 3023 2033 3077 καὶ
2059 3025 2131 3078 οὐ
2159 3022 2574 3089 δικαιοσύνην,
2602 3021 2764 3074 ἀλλὰ
2787 3014 3284 3091 κραυγήν.Ἶὀῦτο
3314 3017 3414 3072 καὶ
3438 3017 3525 3087 ἐφ’

1934 3114 2174 3185 ἐκάστης
2205 3114 2426 3184 λέγεται
2449 3113 2646 3183 ψυχῆς.
2683 3113 2856 3166 Ὅταν
2886 3112 2995 3183 γάρ
3027 3112 3208 3165 πάντα
3235 3110 3526 3183 πληρώσῃ,

1933 3204 1970 3260 ἃ.
2006 3203 2197 3275 ἐχρῆν,
2235 3204 2264 3257 ό
2291 3202 2676 3273 φιλάνθρωπος
2709 3201 2864 3266 Θεὸς,
2896 3197 3016 3256 εἶτα
3047 3202 3251 3271 ποιήσῃ
3283 3201 3530 3264 ἀκάνθας

1935 3299 2058 3352 ἀντὶ
2080 3296 2377 3366 σταφυλῆς,
2402 3295 2594 3365 ἀφελεῖ
2622 3295 2712 3347 τὸν
2733 3293 3012 3366 φραγμὸν,
3038 3295 3132 3348 καὶ
3160 3293 3415 3364 καθαιρεῖ
3435 3293 3529 3346 τὸν

1933 3389 2114 3458 τοῖχον
2142 3425 2158 3450 ,
2189 3387 2285 3440 καὶ
2331 3386 2572 3458 ἐσόμεθα
2598 3386 2679 3448 είς
2721 3385 3000 3456 ἁρπαγήν.
3045 3385 3246 3439 ’Ἄκουε
3272 3385 3384 3456 γάρ
3411 3384 3531 3448 πῶς

1936 3481 2032 3534 καὶ
2077 3479 2264 3550 ἐτερος
2315 3479 2607 3550 προφήτης
2645 3479 2970 3550 ὀδυρόμενος
3026 3477 3247 3549 ἔλεγεν·
3284 3479 3420 3534 Ἵνα
3472 3478 3531 3532 τι

1936 3569 2212 3636 καθεῖλες
2242 3569 2352 3623 τὸν
2391 3569 2669 3638 φραγμὸν
2695 3567 2924 3638 αὐτῆς,
2957 3570 3059 3622 καί
3094 3567 3395 3638 τρυγῶσιν
3419 3570 3531 3622 αὐ-

1936 3661 2055 3730 τὴν
2085 3662 2308 3728 πάντες
2329 3664 2383 3715 οἱ
2413 3662 2969 3731 παραπορευόμενοι
3002 3660 3114 3728 τὴν
3142 3661 3322 3725 όδόν;
3362 3662 3533 3714 Ἐλυ-

1931 3755 2170 3825 μήνατο
2206 3753 2404 3822 αὐτὴν
2429 3749 2506 3819 ὗς
2547 3753 2617 3806 ἐκ
2655 3751 2908 3821 δρυμοῦ,
2943 3752 3041 3804 καί
3078 3752 3292 3822 μονιὸς
3329 3749 3535 3820 ἄγριος

1937 3845 2391 3917 κατενεμήσατο
2413 3843 2629 3915 αὑτήν.
2675 3843 2824 3897 Ἐκεῖ
2867 3843 2967 3914 μὲν
2993 3840 3086 3897 οὖν
3125 3845 3255 3915 περὶ
3294 3843 3388 3897 τοῦ
3421 3845 3536 3915 Μή-

1937 3941 2027 3995 δου
2053 3941 2145 3996 καὶ
2171 3939 2266 3992 τοῦ
2296 3938 2641 3992 Βαϐυλωνίου
2670 3939 2836 4010 φησίν
2854 3954 2868 3968 ⁸
2901 3936 3137 3991 ἐνταῦθα
3165 3937 3222 3991 δὲ
3254 3937 3382 4008 περὶ
3406 3937 3535 3991 τού-

1938 4051 2031 4088 του
2065 4034 2165 4088 οὐκ
2209 4033 2356 4087 ἐστιν
2410 4033 2606 4095 εἰπεῖν,
2646 4030 2782 4085 ἀλλὰ
2805 4025 2868 4096 ὗς
2897 4031 2990 4084 καὶ
3022 4030 3206 4100 μονιὸς
3232 4031 3260 4082 ό
3290 4029 3536 4095 διάϐολός

1941 4127 2078 4192 ἐστι,
2111 4127 2204 4180 καὶ
2255 4127 2407 4179 πᾶσα
2440 4122 2608 4178 αὐτοῦ
2655 4125 2689 4195 ἡ
2719 4123 2990 4194 δύναμις.
3032 4123 3232 4177 Μονιὸν
3272 4121 3328 4175 δὲ
3369 4123 3536 4176 αὐτὸν

1940 4219 2153 4290 εἴρηκε,
2191 4217 2250 4271 τὸ
2274 4219 2468 4288 ἄγριον
2503 4215 2600 4269 καὶ
2632 4215 2942 4288 ἀκάθαρτον
2973 4213 3140 4268 αὐτοῦ
3183 4215 3535 4285 παραστῆσαι

1942 4309 2289 4382 βουλόμενος.
2335 4309 2507 4362 Ὅταν
2555 4308 2656 4380 μὲν
2681 4307 2789 4379 γὰρ
2821 4306 2988 4360 αὐτοῦ
3043 4305 3103 4360 τὸ
3129 4306 3472 4378 ἁρπακτικὸν
3500 4307 3534 4376 ἡ

1942 4402 2136 4474 Γραφὴ
2168 4401 2426 4474 βούληται
2453 4401 2716 4472 δηλῶσαι,
2750 4400 2914 4470 φησίν
2941 4417 2954 4430 ο
3006 4400 3101 4464 Ὡς
3150 4398 3307 4454 λέων
3351 4399 3537 4468 (ἶῳινόο

1935 4513 2122 4567 μενος
2151 4494 2544 4565 περιέρχεται,
2575 4492 2762 4562 ζητῶν
2805 4495 2943 4548 τίνα
2972 4494 3240 4562 καταπίῃ
3261 4511 3273 4524 ’
3305 4495 3433 4549 ὅταν
3478 4492 3537 4546 δέ

1942 4587 2004 4641 τὸ
2042 4586 2247 4641 ἰοϐόλον
2297 4587 2394 4640 καὶ
2433 4586 2734 4658 θανάσιμον
2769 4587 2866 4640 καὶ
2909 4585 3175 4658 ὀλέθριον,
3224 4587 3346 4656 ὅφιν
3375 4587 3538 4641 αὐτὸν

1943 4679 2104 4736 καλεῖ
2153 4679 2248 4733 καὶ
2283 4679 2582 4749 σκορπιόν’
2640 4677 2889 4733 Πατεῖτε
2937 4678 3068 4751 γὰρ,
3116 4680 3304 4750 φησὶν,
3332 4676 3539 4733 ’ἐπάνω

1943 4773 2141 4844 ὄφεων
2171 4772 2270 4826 καί
2290 4773 2621 4842 σκορπίων,
2652 4772 2753 4827 καί
2780 4771 2881 4826 ἐπὶ
2902 4771 3112 4827 πᾶσαν
3138 4770 3254 4840 τὴν
3279 4769 3541 4840 δύναμιν

1943 4865 2052 4920 τοῦ
2085 4864 2532 4935 ἀντικειμένου·
2559 4865 2687 4919 ὅταν
2717 4866 2775 4920 δὲ
2809 4864 2870 4918 τὸ
2900 4863 3119 4936 ίσχυρὸν
3158 4862 3294 4932 ὁμοῦ
3334 4862 3428 4915 καὶ
3461 4864 3540 4914 ἰο-

1945 4958 2125 5024 ϐόλον,
2148 4957 2421 5030 δράκοντα
2450 4956 2615 5011 αὐτὸν
2635 4955 2812 5020 καλεῖ,
2845 4955 2922 5018 ώς
2948 4955 3080 5008 ὅταν
3102 4952 3235 5025 λέγῃ
3257 4969 3271 4984 ·
3297 4951 3541 5020 Δράκων
3621 5012 3624 5013 ν

1946 5050 2148 5122 οὗτος,
2181 5053 2254 5108 ὃν
2273 5053 2553 5116 ἔπλασας
2580 5047 2885 5118 ἐμπαίζειν
2910 5044 3092 5111 αὐτῷ.
3124 5045 3236 5098 Καὶ
3268 5043 3540 5116 δράκοντα

1947 5148 2044 5211 καὶ
2071 5145 2194 5218 ὅφιν
2230 5144 2444 5199 σκολιὸν
2483 5141 2579 5194 καὶ
2611 5139 2814 5195 ἀσπίδα
2857 5138 3018 5192 αὐτὸν
3049 5137 3210 5191 καλεῖ
3238 5135 3538 5206 πανταχοῦ.

1947 5239 2296 5294 Πολύπλοκον
2327 5235 2438 5306 γὰρ
2461 5233 2524 5287 τὸ
2566 5233 2756 5304 θηρίον
2780 5230 2876 5284 καὶ
2911 5229 3177 5296 ποικίλον,
3210 5229 3306 5283 καὶ
3333 5226 3541 5297 πολλὴν

1950 5335 2064 5406 ἔχει
2091 5334 2190 5404 τὴν
2225 5329 2380 5400 ἰσχύν
2401 5347 2416 5360 ο
2448 5327 2629 5382 πάντα
2657 5327 2819 5389 κινεῖ,
2848 5324 3030 5378 πάντα
3071 5323 3312 5395 θορυϐεῖ,
3361 5320 3541 5374 πάντα

1951 5427 2064 5481 ἀνω
2087 5425 2182 5478 καὶ
2204 5421 2355 5476 κάτω
2386 5418 2632 5491 στρέφει.
2679 5415 2840 5470 Ἀλλά
2875 5417 2949 5488 μὴ
2974 5413 3273 5486 φοϐηθῆτε,
3306 5411 3442 5466 ἀλλά
3466 5409 3542 5483 μὴ

1950 5519 2200 5588 δείσητε’
2238 5513 2563 5584 γρηγορεῖτε
2591 5510 2772 5580 μόνον,
2805 5509 2899 5562 καὶ
2930 5507 3005 5571 ὡς
3046 5506 3330 5578 στρουθίον
3357 5505 3540 5558 ἔσται’

1951 5607 2202 5663 Πατεῖτε
2234 5605 2363 5677 γὰρ,
2395 5605 2580 5674 φησὶν,
2610 5602 2812 5656 ἐπάνω
2842 5602 3037 5671 ὄφεων
3080 5600 3178 5654 καὶ
3211 5600 3542 5669 σκορπίων.

1953 5699 2345 5767 Καταπάτημα
2384 5695 2546 5749 αὐτὸν
2581 5693 2690 5749 τῶν
2734 5694 3023 5766 ἡμετέρων
3063 5693 3288 5765 ἐποίησε
3342 5692 3541 5761 ποδῶν,

1953 5792 2020 5846 ἂν
2052 5789 2389 5863 βουλώμεθα.
