4170 6524
609 463 720 520 22!:

680 585 744 633 ε’.
778 578 917 650 Ὅρα
974 576 1152 631 τοίνυν
1206 573 1371 638 πόσος
1423 572 1619 643 γέλως,
1646 571 1789 643 πόση
1822 570 2097 640 ἀθλιότης.
2128 569 2188 623 ὃν

1198 458 1260 515 8.
1292 452 1583 514 JOANNIS
1617 448 2110 511 CHRYSOSTOM!
2142 442 2467 507 ARCHIEP.
2505 449 3055 510 CONS’I’AN'I‘I‘NGP.

3761 454 3877 511 216

2298 567 2410 622 Gevl
2436 570 2642 623 τούτων
2688 568 2921 639 γέγονας
2952 568 3196 640 βελτίων.
3249 567 3571 639 Θαυμάςετε
3610 566 3744 632 ῖσως
3770 570 3876 641 τήν
3918 630 3927 639 ,

614 666 886 737 ἐλάϐομεν
915 666 1129 730 πατεῖν,
1154 661 1344 716 τοῦτον
1380 662 1514 732 ὁρᾷν
1547 660 1688 731 ύπέρ
1709 658 1955 728 κεφαλῆς
1984 656 2194 711 ἑστῶτα
2291 655 2562 727 τοσαύτην
2596 657 2784 712 ἄνοιαν
2810 657 2906 711 τοῦ
2954 656 3235 729 προδότου.
3256 655 3468 710 θύκοῦν
3500 655 3776 727 φοϐήθητε
3813 658 3881 712 τδ

610 754 711 824 τῆς
739 750 1031 823 ἡμετέρας.
1071 749 1197 813 Πῶς
1225 748 1282 803 δέ
1308 746 1471 802 τοῦτο
1517 747 1770 815 γίνεται;
1827 745 1966 817 lla9’
1996 743 2154 814 ἡμῶν
2175 753 2191 771 '

610 840 679 895 ἂν
708 841 868 911 ἡμεῖς
908 836 1248 910 βουλώμεθα,
1284 837 1458 909 μέγας
1487 834 1666 889 ἐστίν·
1703 833 1778 890 ἀν⁴
1794 834 1957 905 ἡμεῖς
1991 829 2198 902 βουλώ-

613 927 776 1000 μεθα,
805 927 1016 995 γίνεται
1042 926 1259 998 μικρός.
1302 925 1429 978 Ἐάν
1455 923 1815 995 προσέχωμεν
1839 921 2071 986 ἑαυτοῖς,
2102 917 2198 972 καὶ

615 1015 754 1086 μετά
780 1013 876 1068 τοῦ
913 1014 1182 1085 βασιλέως
1211 1006 1363 1083 ὦμεν
1391 1009 1487 1064 τοῦ
1521 1010 1814 1081 ἡμετέρου,
1846 1005 2196 1063 συστέλλεται

612 1101 709 1154 καῖ¹
736 1099 951 1153 παιδίου
1000 1098 1200 1171 μικροῦ
1232 1098 1383 1151 ούδέν
1434 1096 1657 1168 ἄμεινον
1682 1093 2014 1148 διακείσεται
2045 1093 2102 1145 ἐν
2131 1092 2196 1162 τῇ

613 1186 756 1259 πρὸς
788 1188 938 1256 ἡμᾶς
974 1185 1125 1257 μάχῃ
1152 1201 1166 1214 ’
1217 1186 1348 1238 ὅταν
1382 1181 1711 1253 ἀποστῶμεν
1758 1179 1950 1246 αὐτοῦ,
1987 1177 2200 1250 μεγάλα

614 1274 782 1345 φυσᾷ,
809 1273 1100 1344 βρυχᾶται,
1132 1270 1307 1342 τρίζει
1354 1270 1482 1333 τοὺς
1533 1268 1779 1334 ὀδόντας,
1820 1267 1917 1322 ἀτε
1958 1266 2201 1337 ἐρήμους

615 1361 764 1433 ἡμᾶς
787 1360 888 1431 τῆς
917 1358 1163 1431 μεγάλης
1197 1356 1516 1429 συμμαχίας
1554 1355 1733 1410 λαϐών
1752 1372 1767 1387 ·
1802 1355 1862 1408 οὐ
1892 1354 2001 1425 γάρ
2032 1353 2203 1422 πρόσ-

616 1464 777 1511 εισιν,
812 1446 907 1500 ἐὰν
959 1445 1037 1517 μὴ
1088 1444 1421 1516 συγχωρήσῃ
1463 1445 1492 1496 0
1541 1441 1697 1506 Θεός.
1752 1440 1818 1495 El
1859 1442 1968 1512 7&9
2000 1439 2202 1510 χοίρων

615 1534 841 1604 ἀγέλαις
870 1533 930 1586 οὐ
981 1531 1389 1602 κατετόλμησεν
1432 1529 1765 1601 ἐπεμϐῆναι,
1805 1527 1889 1600 μὴ
1920 1526 2014 1581 τοῦ
2065 1524 2201 1579 Θεοῦ

618 1621 1098 1693 συγχωρήσαντος,
1156 1616 1337 1688 πολλῷ
1375 1617 1577 1688 μᾶλλον
1624 1615 1827 1687 ψυχαῖς
1871 1613 2202 1685 ἀνθρώπων.

616 1709 899 1779 Συγχωρεῖ
933 1705 991 1759 δέ
1027 1705 1181 1769 Θεὸς,
1214 1704 1248 1775 ἢ
1298 1703 1590 1767 παιδεύων,
1623 1703 1656 1773 ἢ
1687 1702 1842 1773 δίκην
1866 1699 2134 1762 ἀπαιτῶν,
2166 1697 2202 1769 ἢ

616 1795 1024 1867 δοκιμωτέρους
1058 1793 1250 1859 ποιῶν,
1299 1792 1375 1854 ὡς
1412 1791 1504 1844 τὸν
1546 1790 1689 1845 Ἰώϐ.
1734 1790 1899 1861 Ὁρᾷς
1930 1789 2095 1842 αὐτὸν
2128 1786 2203 1858 μὴ

619 1882 1077 1953 προσερχόμενον,
1106 1880 1245 1950 μηδέ
1264 1878 1549 1950 τολμῶντα
1575 1876 1828 1945 γενέσθαι
1857 1876 2046 1945 ἐγγὺς,
2069 1873 2205 1928 ἀλλά

616 1970 893 2024 δεδοικότα
921 1969 1015 2022 καὶ
1045 1971 1351 2039 τρέμοντα;
1392 1968 1504 2022 Καὶ
1534 1967 1588 2021 τί
1613 1966 1756 2035 λέγω
1786 1963 2027 2037 περὶτοῦ
2061 1961 2203 2028 Ίώϐ;

614 2054 697 2128 τῷ
731 2055 841 2127 7&9
869 2053 1041 2128 Ἰούδα
1077 2055 1463 2127 ἐφαλλόμενος,
1493 2054 1594 2108 οὐκ
1620 2053 1943 2124 ἐτόλμησεν,
1970 2051 2076 2114 ἓως
2110 2048 2208 2102 αύ-

616 2144 709 2200 τδν
750 2142 846 2197 τοῦ
899 2142 1047 2215 ίεροῦ
1097 2142 1260 2215 χοροῦ
1307 2141 1606 2213 ἀπέσχισεν
1641 2140 1670 2193 ὀ
1717 2138 1974 2211 Χριστὸς,
2018 2135 2206 2191 λαϐεῖν

617 2230 931 2303 ὀλόκληρον,
987 2232 1082 2284 καὶ
1131 2229 1395 2283 εἰσελθεῖν
1432 2230 1514 2292 είς
1562 2228 1749 2284 αὐτόν.
1793 2226 1933 2281 Τότε
1965 2224 2066 2297 μὲν
2113 2218 2207 2280 οῦν

621 2320 823 2388 ἔξωθεν
852 2318 1245 2388 προσέϐαλλεν,
1278 2318 1426 2372 ἐνδον
1452 2316 1510 2371 δὲ
1557 2317 1823 2371 εἰσελθεῖν
1845 2315 1946 2369 οὒκ
1972 2314 2172 2386 ἐτόλμα
2191 2329 2207 2344 ο

624 2406 815 2478 ἐπειδὴ
841 2406 897 2459 δέ
919 2400 1062 2459 εἶδεν
1085 2403 1486 2476 ἀποσχισθέντα
1516 2404 1617 2476 τῆς
1647 2404 1801 2475 ίερᾶς
1832 2401 2054 2472 ἀγέλης,
2080 2416 2209 2454 πάνυ

620 2495 715 2559 τδς
742 2492 894 2566 [241]
921 2492 1088 2547 λύκου
1125 2491 1483 2564 σφοδρότερον
1513 2491 1769 2562 ἐφήλατο,
1793 2491 1888 2544 καὶ
1919 2490 1982 2543 ού
2015 2490 2209 2561 πρότε-

625 2599 718 2654 ρον
733 2581 967 2652 ἀπέστη,
996 2580 1100 2644 ἕως
1123 2580 1286 2633 αὑτὸν
1313 2579 1493 2633 ἀνεῖλε
1513 2578 1743 2633 θάνατον
1759 2576 2001 2632 διπλοῦν.
2017 2576 2207 2630 Ταῦτα

623 2669 763 2740 πρὸς
793 2668 1075 2722 νουθεσίαν
1102 2667 1259 2738 ἡμῶν
1297 2666 1627 2738 γέγραπται.
1658 2667 1813 2719 Ἐπεὶ
1841 2669 1994 2720 ποῖον
2016 2664 2207 2735 κέρδος

622 2756 686 2809 τὸ
711 2755 938 2825 γνῶναι,
963 2756 1047 2809 ὃτι
1092 2750 1173 2818 εἷς
1200 2753 1309 2809 τῶν
1335 2752 1543 2808 δώδεκα
1569 2753 1847 2825 προέδωκε
1873 2771 1888 2821 ;
1928 2752 2056 2808 ποία
2081 2752 2210 2821 ὄνη-

627 2861 751 2911 σις;
785 2843 915 2898 ποία
960 2842 1237 2912 ὠφέλεια;
1291 2840 1735 2913 Μεγάλη.’⁸οταν
1779 2839 1889 2911 7&9
1944 2840 2208 2912 μάθωμεν

624 2933 791 2987 πόθεν
826 2934 1035 2995 ἐκεῖνος
1067 2932 1162 2986 ἐπὶ
1184 2930 1284 3002 τὴν
1327 2930 1571 3003 ὀλέθριον
1596 2926 1727 3001 ἦλθε
1754 2929 1952 3001 βουλὴν
1980 2929 2208 2999 ταύτην,

626 3019 980 3091 φυλαξόμεθα
1016 3019 1125 3074 ἀπὸ
1152 3019 1359 3090 ταύτης
1397 3020 1493 3073 καὶ
1518 3017 1676 3073 αὐτοὶ
1709 3017 1785 3089 μὴ
1822 3018 1892 3072 τὰ
1932 3016 2074 3072 αύτά
2100 3033 2210 3071 πα-

627 3108 763 3163 θεῖν.
797 3107 966 3162 Πόθεν
993 3102 1272 3177 οῦνῆλθεν
1300 3107 1393 3160 ἐπὶ
1424 3105 1616 3172 τοῦτο;
1654 3105 1792 3158 Ἀπὸ
1821 3104 2208 3177 φιλαργυρίας·

627 3195 868 3265 κλέπτης
902 3191 1005 3266 ἧν·
1048 3194 1159 3249 ἀπὸ
1204 3193 1412 3264 ταύτης
1454 3191 1629 3256 οὕτως
1675 3192 1877 3263 ἐμέθυε
1905 3191 1986 3264 τῷ
2024 3192 2210 3258 πάθει,

625 3283 709 3337 ὅτι
724 3282 816 3336 τὸν
839 3282 935 3353 τῆς
963 3281 1289 3352 οίκουμένης
1316 3280 1595 3350 Δεσπότην
1616 3280 1911 3351 τριάκοντα
1934 3280 2213 3352 ἀργυρίων

629 3369 933 3441 προέδωκε.
965 3368 1032 3421 Τί
1062 3371 1164 3439 τῆς
1219 3368 1419 3438 μανίας
1463 3367 1672 3438 ταύτης
1697 3369 1916 3438 χεῖρον;
1949 3360 2026 3421 Οῦ
2058 3365 2213 3422 οὐδὲν

626 3456 880 3523 ἀντάξιον
918 3455 1038 3509 ούδέ
1079 3456 1214 3519 ἴσον,
1338 3455 1407 3509 τὰ
1456 3454 1585 3526 ἔθνη
1630 3455 1709 3519 είς
1753 3454 1905 3509 οὐδὲν
1934 3453 2212 3527 ἐλογίσθη,

624 3542 815 3599 τοῦτον
856 3544 1152 3616 τριάκοντα
1201 3542 1482 3614 ἀργυρίων
1512 3541 1814 3613 προέδωκε.
1845 3541 2071 3614 Χαλεπὴ
2104 3543 2214 3614 7&9

626 3633 728 3704 τῆς
765 3630 1134 3704 φιλαργυρίας
1166 3632 1199 3702 ή
1227 3631 1502 3703 τυραννὶς,
1533 3629 1685 3701 δεινὴ
1717 3630 1896 3701 ψυχὴν
1922 3630 2212 3701 ἐκστῆσαι.

629 3719 743 3790 Οὐχ
766 3717 909 3771 οὕτω
942 3736 1026 3782 τις
1053 3718 1159 3771 ὑπὸ
1190 3720 1290 3789 τῆς
1325 3718 1498 3789 μέθης
1531 3716 1829 3789 παραπλήξ
1870 3717 2107 3786 γίνεται,
2138 3716 2216 3779 ὡς

630 3805 737 3858 ὐπὸ
764 3803 1154 3874 φιλαργυρίας·
1189 3804 1288 3874 ούχ
1317 3803 1490 3867 οὕτως
1515 3803 1620 3856 ὑπὸ
1653 3804 1851 3873 μανίας
1890 3804 1985 3858 καὶ
2032 3820 2215 3873 παρα-

633 3890 884 3961 πληξίας,
913 3889 988 3953 ὡς
1027 3890 1133 3942 ὑπὸ
1162 3889 1547 3962 φιλαργυρίας.
1577 3889 1674 3943 Διά
1701 3890 1753 3943 τί
1785 3891 1914 3961 γὰρ,
1946 3891 2068 3944 είπέ
2102 3908 2214 3961 μοι,

635 3976 933 4047 προδίδως;
961 3976 1210 4047 ’Δσημον
1231 3976 1360 4030 ὄντα
1391 3993 1451 4030 σε
1477 3977 1572 4031 καὶ
1599 3977 1821 4047 ἀγνῶτα
1841 3976 2091 4041 ἐκάλεσε,
2121 3978 2217 4031 καὶ

633 4063 732 4118 ινα
765 4061 875 4117 τῶν
922 4061 1130 4116 δώδεκα
1177 4062 1426 4134 ἐποίησε,
1477 4062 1831 4128 διδασκαλίας
1870 4081 1952 4117 σοι
1984 4064 2220 4135 μετέδω-

634 4168 750 4216 κεν,
784 4149 1050 4222 ὑπέσχετο
1081 4151 1249 4224 μυρία
1278 4151 1481 4221 ἀγαθά,
1517 4152 1774 4224 θαύματά
1800 4169 1859 4205 σε
1887 4152 2217 4224 ἐργάζεσθαι

634 4238 926 4310 πεποίηκε,
949 4238 1253 4310 τραπέζης,
1287 4239 1446 4306 ὁδῶν,
1473 4240 1711 4311 ὁμιλίας,
1745 4240 2054 4303 συνουσίας,
2086 4240 2219 4294 πάν-

631 4345 741 4382 των
779 4327 1168 4401 ἐκοινώνησας,
1201 4324 1277 4385 ὧν
1315 4331 1410 4384 καὶ
1439 4332 1488 4384 οἱ
1529 4330 1726 4384 λοιποί.
1775 4329 1959 4383 Ταῦτα
2006 4330 2107 4383 οὐκ
2150 4326 2219 4400 ἦν

636 4416 797 4470 ικανά
827 4418 1159 4487 κατασχεῖνς
1197 4418 1342 4481 τίνος
1386 4412 1480 4472 οὖν
1538 4417 1729 4470 ἐνεκεν
1774 4415 2132 4487 προέδωκαςς
2165 4413 2220 4467 τί

637 4503 776 4574 ἔχων
803 4503 1076 4572 ἐγκαλεῖν,
1104 4498 1151 4558 ὦ
1187 4504 1383 4575 μιαρέ;
1420 4505 1474 4557 τί
1500 4504 1556 4558 δέ
1587 4507 1689 4558 οὐκ
1721 4499 1781 4558 εὖ
1804 4503 2028 4568 παθών;
2063 4502 2218 4574 ’ῌδει

640 4605 734 4643 σου
761 4591 859 4662 τὴν
884 4591 1146 4658 διάνοιαν,
1176 4593 1277 4645 οὐκ
1319 4590 1596 4644 ἐπαύσατο
1620 4592 1690 4644 τὰ
1726 4591 1855 4661 παρ’
1886 4587 2081 4642 ἐαυτοῦ
2111 4589 2222 4640 εἱσ-

642 4679 845 4750 φέρων·
882 4679 1144 4743 πολλάκις
1195 4674 1368 4745 εἶπεν,
1394 4679 1476 4732 ὅτι
1506 4673 1610 4743 Εἷς
1640 4677 1710 4741 ἐξ
1741 4675 1912 4745 ὑμῶν
1948 4672 2221 4743 παραδώ-

645 4779 743 4820 σει
769 4783 880 4835 με·
915 4765 1176 4828 πολλάκις
1223 4764 1422 4831 ἔστιξε,
1470 4762 1566 4818 καὶ
1598 4761 1854 4832 ἐφείσατό
1878 4777 1995 4824 σου,
2023 4760 2118 4813 καὶ
2141 4760 2221 4813 εί-

641 4849 749 4916 δὼς
795 4869 856 4905 σε
904 4852 1169 4918 τοιοῦτον,
1197 4853 1298 4906 οὐκ
1329 4850 1551 4915 ἐξέϐαλέ
1578 4865 1637 4903 σε
1668 4846 1764 4901 τοῦ
1794 4845 1956 4919 χοροῦ
1983 4864 1998 4878 ·
2031 4846 2111 4900 ἔτι
2139 4846 2222 4901 δι-

643 4940 961 5006 εϐάσταζεν,
1000 4940 1082 4994 ἐτι
1108 4938 1184 5003 ὡς
1208 4940 1430 5009 γνήσιον
1445 4937 1541 4990 καὶ
1568 4935 1664 4990 Eva
1678 4935 1788 4989 τῶν
1805 4932 2032 4999 δώδεκα,
2048 4933 2222 5000 οὕτως

643 5028 827 5098 ἐτίμα,
860 5026 1032 5090 οὕτως
1079 5026 1273 5095 ἐφίλει.
1305 5025 1379 5079 Τὸ
1404 5022 1730 5090 τελευταῖον,
1763 5021 1809 5076 ῶ
1834 5022 1935 5093 τῆς
1966 5023 2218 5095 μιαρίαςί

643 5116 751 5185 καὶ,
796 5115 1002 5168 λέντιον
1045 5113 1229 5169 λαϐὼν
1279 5112 1428 5183 ἐνιψε
1478 5115 1598 5177 ταῖς
1644 5111 1935 5182 ἀχράντοις
1985 5112 2223 5177 ἐκείναις

643 5202 803 5272 χερσὶ
823 5202 948 5266 τοὺς
979 5200 1212 5274 μιαρούς
1239 5218 1334 5254 σου
1358 5200 1546 5264 πόδας,
1565 5199 1659 5254 καὶ
1680 5199 1801 5254 οὐδὲ
1824 5198 1981 5253 τοῦτό
2002 5216 2062 5252 σε
2094 5217 2224 5254 κατ-

645 5288 825 5360 έσχεν.
852 5286 1159 5351 Ἔκλεπτεξ
1182 5288 1249 5342 τά
1272 5287 1380 5343 τῶν
1416 5290 1689 5359 πενήτων·
1728 5286 1820 5341 καὶ
1862 5287 1948 5341 ἵνα
1985 5288 2057 5359 μὴ
2090 5305 2225 5358 προ·

647 5373 806 5446 έλθῃς
835 5375 917 5437 είς
945 5375 1128 5445 μεῖζον
1159 5374 1347 5442 κακὸν,
1368 5376 1463 5428 καὶ
1485 5373 1640 5429 τοῦτο
1661 5372 1855 5445 ἔφερεν
1876 5390 1890 5405 '
1928 5374 2044 5429 ἀλλ’
2069 5373 2224 5428 οὐδέν

648 5478 710 5514 σε
746 5462 983 5516 ἔπεισεν.
1029 5463 1091 5516 Et
1124 5462 1233 5534 7&9
1266 5462 1454 5533 θηρίον
1479 5458 1568 5533 ἦς,
1601 5461 1649 5514 εί
1679 5462 1788 5532 γὰρ
1815 5461 1983 5526 λίθος,
2016 5461 2076 5514 ού
2105 5464 2225 5526 ταῖς

645 5546 988 5619 εὐεργεσίαις
1024 5551 1143 5612 ταῖς
1173 5550 1251 5615 εἰς
1288 5548 1371 5616 σὲ,
1405 5550 1464 5604 ού
1509 5553 1621 5612 τοῖς
1671 5549 1967 5618 θαύμασιν,
2012 5550 2073 5602 ού
2097 5550 2222 5612 ταῖς

644 5633 1013 5700 διδασκαλίαις
1046 5636 1152 5691 ἔδει
1198 5637 1645 5708 μεταϐληθῆναι;
1700 5635 1862 5690 Ἀλλά
1915 5637 2010 5691 καὶ
2051 5633 2227 5699 οὕτως

646 5722 1114 5796 ἐκτεθηριωμένον
1151 5727 1357 5794 ἐκάλει,
1388 5725 1481 5782 καὶ
1506 5725 1596 5779 διὰ
1632 5724 1741 5779 τῶν
1779 5724 2099 5796 θαυμασίων
2132 5723 2225 5794 ἐρ-

645 5825 761 5880 γων
790 5814 1028 5889 ἐπήγετό
1056 5832 1115 5869 σε
1134 5815 1226 5870 τὸν
1251 5816 1416 5870 λίθων
1443 5815 1921 5887 ἀναισθητότερον.
1957 5814 2028 5868 Σὺ
2055 5813 2111 5866 δὲ
2133 5811 2223 5864 ού-

2294 742 2505 797 ἐκείνου
2536 744 2758 815 τραῦμα
2775 760 2801 775 ⁸-
2826 744 2936 799 ἀπὺ
2958 744 3320 815 φιλαργυρίας
3347 741 3591 806 τοιοῦτος
3631 743 3879 811 ἐγένετο,

2295 832 2404 887 ἀπὺ
2431 832 2527 887 τοῦ
2553 833 2661 887 τῶν
2694 833 3002 905 χρημάτων
3025 833 3248 904 ἔρωτος.
3272 830 3547 901 Ἐκκοψον
3569 831 3633 884 τδ
3661 831 3878 894 πάθοςν

2294 921 2520 975 τοιαῦτα
2546 922 2656 992 7&9
2679 922 2854 975 τίκτει
2878 922 3165 994 νοσήματα
3182 938 3201 956 ·
3234 921 3452 983 ἀσεϐεῖς
3479 921 3644 985 ποιεῖς
3665 919 3879 973 καῖντδν

2296 1006 2429 1061 Θεὸν
2455 1009 2670 1077 ἀγνοεῖν
2703 1007 3134 1078 παρασκευάζει,
3162 1007 3268 1062 κᾶν
3299 1007 3564 1077 μυριάκις
3589 1006 3882 1075 εὐεργετη-

2298 1094 2503 1167 θῶμεν.
2521 1096 2814 1167 Ἐκκοψον,
2854 1096 3187 1169 παρακαλῶ·
3228 1097 3330 1150 οὐκ
3373 1096 3491 1149 ἐστι
3535 1093 3645 1148 τῶν
3685 1092 3882 1164 τυχόν-

2296 1200 2428 1245 των,
2464 1183 2727 1248 θανάτους
2756 1183 2865 1239 οἶδε
2894 1184 3098 1238 τίκτειν
3134 1182 3412 1255 ὀλεθρίους
3440 1181 3688 1253 μυρίους.
3717 1180 3884 1233 Εῖδο-

2303 1288 2404 1343 μεν
2455 1272 2518 1327 τὸ
2569 1274 2778 1328 ἐκείνου
2826 1273 2998 1337 πάθος
3022 1288 3051 1307 ο·
3077 1272 3404 1343 φοϐηθῶμεν
3451 1270 3527 1342 μὴ
3556 1271 3669 1332 τοῖς
3698 1268 3887 1332 αὐτοῖς

2299 1359 2456 1414 αὐτοὶ
2483 1360 2892 1433 περιπέσωμεν.
2918 1359 3031 1416 Διά,
3048 1358 3206 1413 τοῦτο
3229 1357 3562 1428 γέγραπται,
3592 1356 3681 1411 ῖνα
3716 1353 3795 1426 μὴ
3814 1354 3889 1409 τὰ

2301 1447 2444 1502 αύτά
2468 1447 2732 1516 πάθωμεν
2757 1448 2854 1502 καῖ
2886 1448 3074 1519 ἡμεῖς·
3102 1446 3192 1501 διὰ
3219 1444 3379 1499 τοῦτο
3405 1442 3608 1507 πάντες
3637 1445 3686 1497 οἱ
3718 1442 3889 1508 εύαγ-

2300 1533 2547 1604 γελισταὶ
2570 1535 2726 1589 τοῦτο
2750 1535 3111 1607 διηγήσαντο,
3134 1531 3286 1605 [242]
3320 1532 3408 1586 ἵνα
3434 1532 3581 1602 ἡμᾶς
3614 1528 3890 1605 σωφρονί-

2303 1638 2462 1677 σωσι.
2496 1622 2789 1695 Πόρρωθεν
2821 1622 3025 1692 φεῦγε·
3076 1620 3178 1675 οὐκ
3218 1619 3336 1674 ἐστι
3367 1618 3526 1673 τοῦτο
3556 1617 3719 1689 μόνον
3759 1617 3888 1687 φιλ-

2302 1711 2560 1783 αργυρία,
2614 1711 2675 1765 τὸ
2725 1710 2936 1765 πολλῶν
2963 1711 3115 1782 ἐρᾷν,
3156 1707 3296 1762 ἀλλά
3316 1706 3379 1760 τὸ
3419 1707 3571 1770 ὅλως,
3585 1705 3891 1778 χρημάτων

2303 1799 2457 1871 ἐρᾷν.
2485 1798 2822 1870 Φιλαργυρία
2852 1796 3021 1868 δεινὴ,
3050 1796 3113 1850 τδ
3139 1795 3301 1849 πλέον
3328 1794 3428 1864 τῆς
3455 1793 3646 1864 χρείας
3686 1792 3889 1847 αίτεῖν.

2303 1886 2395 1956 Μὴ
2448 1886 2558 1958 γὰρ
2586 1886 2828 1941 τάλαντα
2879 1883 3083 1957 χρυσοῦ
3130 1878 3200 1955 ἦν
3240 1882 3364 1936 τότε
3398 1881 3468 1935 τὰ
3506 1881 3769 1934 πείσαντα
3794 1879 3899 1933 τδν

2304 1972 2612 2046 προδότην;
2644 1973 2952 2044 Τρίακοντα
2987 1966 3127 2043 ἦσαν
3155 1968 3417 2042 ἀργύρια·
3469 1967 3763 2041 τριάκοντα
3785 1967 3894 2039 ἀρ-

2303 2061 2508 2134 γυρίων
2538 2062 2817 2133 προέδωκε
2848 2061 2940 2116 τὸν
2962 2054 3433 2132 ΔλεσπότηνπΛρα
3470 2057 3774 2129 μέμνησθε,
3795 2057 3895 2110 ὅτε

2304 2149 2490 2219 έλεγον
2520 2150 2627 2221 πρὸ
2655 2148 3104 2215 τούτου,,ὃτι;ούκ
3131 2148 3191 2201 ἐν
3216 2145 3299 2217 τῷ
3325 2144 3635 2216 λαμϐάνειν
3655 2143 3831 2198 πολλά
3856 2144 3893 2214 ἠ

2304 2236 2590 2304 πλεονεξία
2620 2235 2925 2302 δείκνυται,
2952 2234 3091 2289 ἀλλὰ
3137 2232 3319 2305 πολλῷ
3347 2233 3551 2304 μᾶλλον
3581 2233 3641 2285 ἐν
3669 2231 3747 2303 τῷ
3784 2231 3900 2287 ὀλίᾳ

2304 2340 2414 2394 7a;
2449 2322 2581 2378 Ἰδοὺ
2610 2324 2736 2377 ὅσον
2758 2322 2926 2377 κακον
2949 2314 3111 2386 οὗτος
3136 2320 3529 2393 είργάσατο.δι’
3549 2318 3743 2387 ὀλίγον.
3758 2335 3902 2390 χρυε-

2307 2411 2451 2464 σίον·
2490 2409 2692 2481 μᾶλλον
2721 2410 2778 2463 δέ
2817 2410 2878 2462 ού
2927 2409 3015 2463 διὰ
3059 2408 3300 2480 χρυσίον,
3337 2406 3472 2462 άλλά
3523 2407 3592 2460 δι’
3626 2405 3900 2476 ἀργύρια.

2305 2498 2422 2551 Ούκ
2473 2498 2642 2563 ἐστιν,
2674 2496 2775 2550 ούκ
2825 2496 2971 2550 ἐστιν
3011 2496 3183 2567 ἄνδρα
3218 2494 3556 2566 φιλάργυρον
3589 2494 3719 2547 ίδεῖν
3757 2509 3902 2546 ποτε

2303 2585 2400 2639 τοῦ
2442 2583 2681 2656 Χριστοῦ
2706 2584 2768 2638 τὸ
2811 2583 3104 2656 πρόσωπον
3127 2601 3142 2616 ο
3183 2583 3242 2636 ἒν
3264 2583 3372 2638 τῶν
3400 2580 3898 2637 ἀδυνάτωντοῦτο.

2315 2673 2471 2736 Ῥίζα
2499 2671 2618 2725 ἐστὶ¹
2640 2671 2747 2725 τῶν
2777 2671 2987 2728 κακῶν.
3012 2671 3074 2725 Εἰ
3102 2671 3167 2725 δέ²
3190 2672 3248 2727 ἐν
3274 2689 3359 2734 τις
3386 2671 3526 2742 ἔχων
3570 2669 3763 2734 κακὸν,
3797 2669 3904 2723 ἐκ·

2304 2760 2498 2813 πίπτει
2540 2760 2640 2831 τῆς
2671 2758 2830 2829 δόξης
2860 2758 3099 2830 ἐκείνης,
3124 2760 3153 2812 0
3175 2759 3279 2830 τὴν
3313 2757 3469 2830 ῥίζαν
3496 2756 3904 2828 ἐπιφερόμενος

2307 2848 2413 2902 ποῦ
2441 2849 2699 2919 στήσεται
2724 2865 2739 2913 ;
2779 2847 2895 2901 Οὐκ
2934 2845 3051 2900 ἔστι
3077 2846 3169 2900 τὸν
3195 2848 3496 2917 χρημάτων
3524 2845 3652 2899 δντα
3680 2843 3914 2910 δοῦλον,

2305 2936 2489 2991 δοῦλον
2522 2932 2663 2991 εἶναι
2689 2934 2929 3007 Χριστοῦ
2964 2935 3206 3006 γνήσιον.
3230 2934 3403 2997 Δύτὸς
3429 2935 3458 2987 0
3500 2931 3737 3005 Χριστὸς
3781 2932 3905 2985 ἀπ-

2307 3026 2568 3096 εφήνατο,
2616 3024 2699 3078 ὅτι
2744 3023 2807 3076 τὸ
2855 3024 3091 3095 πρᾶγμα
3140 3023 3436 3077 ἀδύνατον·
3489 3023 3573 3075 Οὐ
3599 3019 3906 3086 δύνασθε,

2308 3112 2466 3183 φησὶ,
2497 3111 2620 3176 θεῷ
2642 3111 2962 3165 δουλεύειν
2990 3109 3090 3165 καί
3118 3107 3390 3179 μαμωνᾷ·
3428 3106 3761 3172 καῖ,οὺδεὶς
3784 3105 3907 3161 δύξ.

2307 3215 2482 3255 rata:
2505 3198 2651 3253 δυσί
2686 3198 2920 3265 κυρίοις
2957 3197 3295 3251 δουλεύειν.
3348 3196 3598 3249 Ἐναντία
3636 3192 3751 3264 γὰρ
3770 3194 3906 3246 ἐπι-

2307 3289 2613 3342 τάττουσιν.
2647 3286 2705 3340 Ὀ
2728 3285 2963 3355 Χριστὸς
3005 3284 3179 3353 λέγει,
3211 3283 3398 3336 «nemo»;
3429 3281 3538 3335 τῶν
3558 3280 3906 3352 πενομένων·

2309 3373 2343 3426 0
2381 3375 2648 3445 μαμωνᾶς
2676 3374 2847 3442 λέγει,
2905 3370 3203 3425 Ἀπόδυσον
3234 3370 3330 3423 καὶ
3354 3367 3496 3422 αύτά
3523 3366 3560 3422 ἀ
3586 3367 3804 3438 ἔχουσιν
3824 3384 3839 3396 ·
3873 3366 3912 3419 0

2310 3461 2548 3535 Χριστὸς
2576 3461 2748 3531 λέγει,
2781 3460 3036 3515 Κένωσον
3058 3457 3204 3531 άπερ
3231 3456 3377 3529 ἔχεις
3397 3471 3411 3486 ·
3438 3457 3468 3509 0
3505 3455 3774 3527 μαμωνᾶς
3805 3453 3909 3507 λέ-

2309 3567 2421 3618 γει,
2441 3547 2588 3603 Λάϐε
2614 3548 2710 3603 καὶ
2738 3548 2883 3619 ἀπερ
2911 3546 3124 3618 έχουσιν
3145 3558 3194 3601 ι.

2387 3636 2461 3704 ς’.
2475 3633 2627 3699 Εἶδες
2646 3633 2983 3699 ἐναντίωσιν,
2997 3627 3135 3696 εῖδες
3150 3629 3280 3685 πόλε
3288 3648 3411 3702 μον;
3428 3628 3692 3683 Βούλεσθε
3708 3628 3911 3693 δείξω-

2316 3743 2418 3797 μεν
2440 3724 2558 3788 πῶς
2577 3724 2639 3777 ού
2667 3721 2893 3776 δύναταί
2911 3739 2997 3784 τις
3019 3719 3347 3791 ἀμφοτέρων
3364 3717 3562 3790 ῥᾳδίως
3576 3716 3909 3783 ὑπακούειν,

2318 3811 2438 3867 ἀλλ’
2473 3810 2590 3875 ἐνὸς
2636 3810 2718 3863 δεῖ
2749 3809 3196 3880 καταφρονῆσαι;
3230 3805 3263 3876 ἦ
3311 3804 3373 3858 ού
3401 3803 3483 3857 δεῖ
3502 3802 3663 3870 λόγου
3690 3822 3705 3871 ;
3738 3803 3908 3870 Πῶςς

2326 3896 2415 3951 Ἐν
2439 3898 2551 3960 τοῖς
2579 3896 2764 3969 ἔργοις
2806 3896 2904 3966 οὐχ
2936 3894 3152 3966 ὁρῶμεν
3199 3890 3377 3956 τοῦτο,
3402 3890 3495 3945 τὸν
3534 3890 3770 3960 Χριστὸν
3801 3891 3911 3961 μὲν

2317 3985 2849 4055 καταφρονούμενον,
2904 3985 2995 4036 τὸν
3062 3982 3120 4036 δέ
3199 3982 3469 4054 μαμωνᾶν
3554 3979 3908 4051 τιμώμενονς

2331 4070 2523 4144 Ὁρᾶτε
2556 4070 2675 4135 πῶς
2724 4071 2817 4124 καὶ
2842 4069 2912 4123 τά
2939 4070 3162 4141 ῥήματα
3192 4068 3465 4139 φορτικά;
3503 4068 3655 4137 πόσῳ
3695 4065 3913 4138 μᾶλλον

2317 4159 2387 4214 τά
2415 4160 2752 4230 πράγματα;
2801 4156 2942 4210 Ἀλλ’
2982 4157 3075 4209 ἐπὶ
3114 4154 3223 4209 τῶν
3247 4155 3587 4226 πραγμάτων
3616 4155 3678 4209 ού
3709 4154 3912 4221 φαίνε-

2317 4265 2408 4303 ται
2448 4244 2683 4317 φορτικὰ
2729 4245 2954 4316 ὁμοίως,
2991 4243 3178 4313 ἐπειδὴ
3219 4242 3300 4314 τῷ
3330 4242 3495 4295 πάθει
3528 4240 3907 4312 κατεχόμεθα.

2316 4333 2433 4388 Νῦν
2474 4333 2573 4404 μὲν
2601 4331 2711 4404 7&9
2744 4330 2848 4385 κᾶν
2876 4329 3055 4399 ὀλίγον
3151 4328 3530 4400 καθαρεύουσα
3560 4328 3656 4382 τοῦ
3691 4327 3911 4393 πάθους

2318 4420 2540 4495 ἡψυχὴ,
2559 4420 2667 4483 ἕως
2695 4420 2762 4473 ἂν
2791 4418 3031 4473 ἐνταῦθα
3061 4418 3293 4491 ἑστήκῃ,
3315 4417 3545 4471 δύναται
3582 4417 3791 4487 κρίνειν
3814 4417 3916 4488 ὀρ-

2319 4508 2457 4573 θῶς·
2496 4511 2611 4562 ἐκεῖ
2636 4507 2695 4562 δὲ
2722 4506 3057 4571 ἀπελθοῦσα,
3081 4505 3177 4559 καὶ
3200 4504 3603 4576 κατασχεθεῖσα
3626 4504 3706 4574 τῷ
3728 4521 3912 4575 πυρε-

2317 4596 2418 4669 τῷ,
2449 4597 2545 4651 καὶ
2575 4598 2633 4650 ἐν
2658 4598 2724 4668 τῇ
2756 4595 2918 4667 ἡδονῇ
2951 4593 3048 4648 τοῦ
3099 4594 3427 4667 πράγματος
3466 4593 3757 4664 γενομένη,
3798 4593 3915 4648 οὐκ

2319 4685 2432 4756 ἔχει
2464 4683 2704 4756 καθαρὸν
2746 4681 2810 4737 τὸ
2839 4683 3144 4753 κριτήριον,
3178 4682 3280 4735 οὐκ
3318 4679 3432 4753 ἔχει
3461 4679 3523 4734 τδ
3549 4680 3915 4752 δικαστήριον

2317 4772 2614 4827 ἀδέκαστον
2637 4787 2653 4800 ·
2685 4772 2714 4824 ὁ
2743 4768 2980 4842 Χριστός
3027 4785 3211 4839 φησιν,
3248 4767 3383 4820 Ἐὰν
3405 4764 3491 4835 μή
3543 4782 3636 4832 τις
3674 4765 3915 4820 ἀποτά-

2319 4860 2495 4927 ξηται
2546 4857 2738 4914 πᾶσιν
2786 4854 2974 4910 αὑτοῦ
3020 4854 3146 4921 τοῖς
3175 4851 3578 4921 ὑπάρχουσιν,
3608 4853 3721 4906 οὐκ
3769 4850 3915 4906 ἐστι

2314 4965 2434 5018 μου
2462 4943 2767 5016 μαθητής·
2802 4945 2830 4997 0
2872 4942 3142 5012 μαμωνᾶς
3167 4956 3322 5010 φησι,
3343 4939 3492 4993 Λάϐε
3520 4939 3630 4992 ἀπὸ
3660 4937 3755 4991 τοῦ
3779 4955 3912 4991 πει-

2319 5034 2519 5098 νῶντος
2548 5033 2639 5086 τὸν
2685 5033 2851 5103 ἄρτον
2873 5046 2887 5059 °
2943 5031 2973 5082 0
3032 5029 3270 5100 Χριστὸς
3300 5027 3470 5096 λέγει,
3519 5026 3790 5098 ῐῐερίϐαλε
3811 5024 3915 5079 τὸν

2319 5117 2527 5189 γυμνόν
2547 5134 2562 5146 ·
2600 5109 2754 5178 οὗτος
2788 5114 2959 5182 λέγει,
2992 5112 3095 5165 Τὸν
3129 5110 3336 5181 γυμνὸν
3367 5110 3635 5164 ἀπόδυσον
3656 5127 3671 5143 ·
3710 5112 3739 5163 ὁ
3767 5111 3916 5181 Χρι-

2323 5206 2447 5269 στὸς
2488 5203 2658 5272 λέγει,
2692 5201 2800 5256 Τοῦ
2853 5200 3173 5271 σπέρματός
3222 5215 3316 5251 σου
3342 5198 3469 5260 τοὺς
3523 5197 3761 5262 οἰκείους
3807 5199 3915 5270 οὐχ

2322 5292 2587 5364 ύπερόψει
2609 5307 2622 5323 ο
2656 5292 2685 5344 0
2733 5289 2997 5361 μαμωνᾶ.ς
3026 5286 3197 5355 λέγει.
3232 5285 3345 5338 Οὐκ
3392 5284 3636 5357 ὲλεήσεις
3656 5286 3785 5349 τοὺς
3833 5288 3918 5340 οἰσ-

2323 5382 2502 5446 κείους
2529 5379 2625 5433 τοῦ
2657 5376 2973 5450 σπέρματός
3026 5391 3145 5441 σου,
3196 5372 3332 5427 ἀλλά
3361 5372 3463 5428 κᾶν
3513 5374 3729 5445 μητέρα
3766 5373 3912 5448 εδῃς,

2321 5469 2428 5524 κᾶν
2455 5466 2688 5540 πατέρα,
2720 5462 3076 5534 καταφρόνει.
3130 5462 3241 5515 Καὶ
3287 5460 3342 5514 τί
3393 5460 3540 5529 λέγω
3571 5461 3785 5531 πατέρα
3815 5463 3921 5515 καὶ

2326 5555 2573 5628 μητέρας
2604 5552 2700 5606 καὶ
2725 5551 2824 5624 τὴν
2846 5548 3043 5604 σαυτοῦ
3075 5548 3271 5621 ψυχὴν,
3303 5548 3398 5602 καὶ
3423 5546 3629 5619 ταύτην
3645 5548 3912 5627 ἀπόλλυε·

2331 5832 2351 5846 ν
2386 5771 2412 5800 ⁸
2437 5769 2519 5844 εἰς
2535 5766 2883 5845 Ερὶειίιιίειιυε,
2907 5774 3059 5833 atque
3083 5766 3150 5819 ila
3191 5764 3320 5830 legit
3343 5765 3612 5831 interpres.
3645 5765 3799 5827 Ediu,
3828 5765 3931 5817 ul-

2323 5848 2442 5894 άπερ
2467 5848 2554 5902 ουκ
2577 5847 2717 5895 εχεις.
