4170 6524
309 372 426 428 ἓὲδ

310 498 426 545 teni
460 493 767 543 tortuosum
795 490 852 539 et
873 481 1116 553 aspidem
1146 479 1345 551 ubique
1377 479 1553 551 ipsum
1586 488 1765 534 vocat.
1789 478 1925 534 Tor—

312 594 470 638 tuosa
491 580 636 636 enim
660 592 725 633 ac
749 578 897 633 varia
925 576 1117 643 bestia,
1135 590 1256 646 qua:
1273 575 1479 646 magnis
1502 575 1670 645 pollet
1690 575 1923 630 viribus:

306 675 499 731 omnia
531 678 735 738 movet,
764 669 945 726 omnia
976 669 1192 735 turbat,
1220 669 1402 723 omnia
1428 681 1642 723 sursum
1667 682 1732 723 ac
1760 666 1923 722 deor-

304 786 432 827 sum
456 769 589 840 agit.
611 766 812 821 Verum
832 778 901 819 ne
928 762 1184 827 timeatis,
1218 776 1287 817 ne
1312 761 1550 816 animum
1579 759 1922 829 despondea-

306 862 381 915 tis
420 879 434 915 :
467 867 675 914 tantum
707 855 949 926 vigilate,
977 862 1034 910 et
1061 853 1166 909 erit
1195 862 1254 907 ut
1297 853 1638 923 passerculus
1673 869 1685 905 :
1716 851 1921 907 Catcate

298 954 453 1009 enim
474 994 489 1017 ,
518 950 693 1020 inquit
725 989 742 1015 ,
776 963 935 1019 supra
964 955 1221 1016 serpentes
1246 956 1293 1000 et
1319 946 1633 1016 scorpiones.
1670 944 1842 1010 Illum,
1871 944 1917 999 si

304 1046 674 1107 voluerimus,
702 1041 822 1111 ejus
847 1055 951 1110 ope
979 1040 1180 1093 nostris
1206 1037 1430 1107 pedibus
1456 1037 1915 1092 conculcabimus.

380 1140 439 1194 5.
483 1136 622 1192 Vide
652 1136 837 1205 igitur,
871 1148 1032 1205 quam
1064 1132 1383 1197 ridiculum,
1407 1132 1493 1187 vel
1526 1133 1707 1201 potius
1749 1146 1915 1200 quam

304 1232 575 1287 miserum
602 1227 676 1284 sit
701 1242 848 1290 eum,
874 1226 967 1295 qui
998 1225 1153 1281 nobis
1178 1224 1336 1280 datus
1365 1234 1449 1280 est
1473 1224 1540 1279 ad
1568 1224 1913 1291 calcandum,

304 1324 506 1380 intueri
533 1331 769 1377 stantem
794 1334 957 1389 supra
986 1328 1149 1388 caput
1172 1327 1437 1373 nostrum.
1467 1316 1755 1384 Quomodo
1784 1331 1915 1372 vero

300 1418 410 1471 hoc
439 1415 537 1469 lit?
563 1415 606 1469 Α
639 1412 799 1468 nobis
825 1429 839 1466 :
868 1412 914 1466 si
940 1426 1038 1465 nos
1063 1412 1315 1475 velimus,
1347 1425 1571 1481 magnus
1591 1421 1707 1475 est;
1744 1410 1788 1463 si
1817 1424 1914 1464 nos

297 1507 567 1571 velimus,
598 1519 799 1576 parvus
828 1502 904 1558 fit.
952 1503 1008 1559 Si
1042 1504 1211 1557 nostri
1244 1504 1485 1572 ipsorum
1534 1514 1715 1556 curam
1758 1516 1915 1571 gera-

296 1614 448 1662 mus,
474 1609 791 1667 stemusque
824 1611 928 1650 una
954 1610 1076 1650 eum
1114 1595 1264 1666 Rege
1288 1603 1495 1659 nostro,
1528 1592 1798 1648 contrahit
1825 1608 1906 1659 se,

298 1708 367 1747 ac
401 1692 577 1747 nihilo
607 1691 730 1761 plus
774 1703 944 1760 parvo
990 1687 1195 1742 infante
1227 1688 1280 1741 in
1313 1701 1486 1757 pugna
1513 1686 1773 1741 adversus
1810 1699 1909 1739 nos

297 1792 487 1854 potest
515 1802 529 1839 :
575 1782 659 1837 sin
701 1796 730 1835 a
762 1781 911 1851 Rege
940 1778 1356 1843 desciverimus,
1385 1777 1541 1832 valde
1571 1784 1767 1847 turget,
1798 1775 1908 1829 fre-

295 1877 422 1942 mit,
455 1875 649 1931 dentes
677 1872 857 1938 acuit;
889 1872 1089 1942 quippe
1115 1871 1207 1941 qui
1242 1884 1341 1925 nos
1363 1884 1558 1940 magno
1587 1869 1680 1924 illo
1707 1868 1907 1923 auxilio

295 1970 599 2026 destitutos
640 1974 829 2022 nactus
871 1964 1074 2020 fuerit:
1110 1979 1217 2019 non
1266 1963 1409 2019 enim
1445 1962 1772 2034 aggreditur,
1804 1963 1904 2017 nisi

301 2059 622 2130 permiserit
664 2060 819 2112 Deus.
849 2056 985 2111 Nam
1015 2056 1058 2110 si
1091 2056 1143 2109 in
1173 2069 1461 2125 porcorum
1504 2070 1723 2126 gregem
1755 2055 1906 2109 inva-

299 2155 441 2208 dere
461 2165 623 2206 ausus
654 2165 759 2206 non
784 2157 889 2213 est,
911 2148 1021 2203 Deo
1050 2162 1156 2202 non
1188 2149 1568 2217 permittente;
1599 2147 1771 2203 multo
1796 2146 1903 2204 mi-

290 2260 402 2300 nus
434 2245 491 2299 in
520 2243 727 2297 animas
758 2241 1038 2295 hominum
1066 2258 1081 2294 :
1115 2240 1381 2310 permittit
1420 2248 1599 2295 autem
1651 2240 1793 2296 Deus
1817 2237 1903 2296 vel

285 2336 579 2400 erudiens,
605 2335 691 2389 vel
721 2348 936 2405 poenam
966 2333 1211 2402 exigens,
1244 2333 1329 2388 vel
1372 2332 1636 2387 clariores
1674 2331 1898 2389 faciens.

291 2428 459 2483 Vides
488 2427 641 2481 illum
676 2441 783 2480 non
813 2424 1032 2497 aggredi
1057 2423 1160 2479 Job
1188 2439 1363 2493 neque
1389 2425 1593 2479 audere
1619 2423 1899 2490 accedere,

291 2522 387 2575 sed
414 2528 665 2575 metuere
704 2527 866 2589 atque
893 2517 1171 2573 tremere?
1222 2518 1288 2572 Et
1329 2518 1455 2588 quid
1488 2517 1610 2573 dico
1651 2517 1720 2572 de
1759 2516 1901 2571 Job?

289 2627 417 2666 nam
450 2611 504 2666 in
534 2609 730 2666 Judam
778 2607 1037 2664 invadens
1063 2624 1171 2663 non
1202 2616 1329 2663 ante
1374 2617 1545 2662 totum
1594 2608 1900 2679 appr.-hen-

286 2703 422 2759 dere
469 2701 714 2772 atquein
758 2700 934 2771 ipsum
970 2700 1175 2771 ingredi
1206 2715 1370 2755 ausus
1398 2709 1501 2765 est,
1534 2716 1695 2771 quam
1748 2700 1898 2755 illum

284 2790 544 2851 Christus
574 2810 605 2849 a
632 2809 792 2850 sacro
822 2793 993 2850 choro
1020 2797 1361 2850 secrevisset.
1394 2793 1747 2849 Extrinsecus
1774 2794 1899 2864 qui-

285 2886 413 2943 dem
438 2899 568 2943 tunc
588 2887 853 2952 tentabat,
873 2886 970 2942 sed
1002 2886 1147 2941 intus
1172 2887 1475 2958 irrumpere
1500 2902 1607 2942 non
1629 2886 1895 2944 audebat:

287 2988 579 3050 postquam
641 2993 772 3033 vero
820 2993 849 3032 a
902 2992 1058 3033 sacro
1110 2978 1204 3032 illo
1246 2992 1410 3049 grege
1465 2978 1765 3034 abscissum
1815 2980 1899 3035 vi-

286 3072 391 3138 dit,
423 3070 616 3141 quovis
645 3069 770 3141 lupo
816 3068 1191 3125 vehementius
1231 3070 1493 3138 impetum
1525 3069 1687 3138 fecit;
1722 3086 1899 3142 neque

285 3172 415 3218 ante
457 3162 689 3227 destitit,
731 3176 893 3233 quam
942 3161 1095 3217 illum
1141 3161 1343 3233 duplici
1393 3173 1568 3219 morte
1612 3172 1893 3220 mactaret.

283 3256 417 3311 llzec
437 3256 505 3311 ad
533 3267 777 3312 nostram
809 3254 1174 3311 eruditionem
1203 3264 1329 3312 sunt
1354 3257 1575 3326 scripta.
1607 3257 1740 3313 Nam
1767 3258 1896 3329 quid

282 3349 429 3404 lucri
461 3349 532 3404 sit
560 3348 778 3403 novisse
799 3346 1101 3411 Christum,
1133 3348 1201 3403 ab
1233 3363 1341 3403 uno
1369 3364 1436 3405 ex
1465 3348 1749 3405 duodecim
1776 3365 1897 3407 esse

281 3441 604 3514 proditum?
622 3440 816 3510 ecquid
840 3440 1213 3506 emolumenti,
1231 3455 1399 3512 ecqua
1423 3442 1661 3496 utilitas?
1681 3442 1892 3512 Magna,

280 3534 659 3606 respondebo.
687 3534 904 3589 Etenim
931 3548 1053 3588 cum
1084 3533 1457 3602 didicerimus,
1483 3549 1587 3604 qua
1615 3534 1707 3589 ille
1731 3538 1894 3591 causa

277 3628 556 3699 impulsus
598 3628 701 3682 hoc
735 3627 955 3682 exitiale
979 3627 1265 3682 consilium
1311 3628 1550 3696 ceperit;
1583 3627 1896 3683 cavebimus

282 3721 415 3791 ipsi,
443 3735 511 3774 ne
532 3718 601 3773 ab
624 3718 811 3774 eadem
844 3732 943 3772 nos
970 3733 1184 3788 quoque
1209 3717 1535 3776 auferamur.
1555 3718 1709 3775 Unde
1735 3719 1897 3790 igitur

282 3814 379 3869 ille
410 3796 537 3868 huc.
568 3828 628 3867 se
669 3810 939 3867 contulit?
987 3812 1062 3866 Ex
1098 3810 1360 3867 avaritia:
1404 3812 1491 3867 fur
1520 3820 1658 3879 erat,
1690 3821 1744 3869 et
1794 3812 1897 3868 hoc

282 3903 485 3959 morbo
515 3904 589 3959 ita
618 3904 804 3958 ebrius
835 3902 958 3971 fuit,
982 3912 1041 3957 ut
1062 3904 1278 3973 triginta
1311 3903 1582 3975 argenteis
1608 3904 1894 3959 Dominum

282 3994 755 4066 prodiderit.Quid
772 3994 873 4048 hac
890 3995 1095 4049 insania
1113 3994 1387 4051 deterius?
1404 3995 1544 4050 Nihil
1565 4012 1659 4067 par
1672 3997 1720 4052 ei
1734 4012 1894 4067 quem

286 4088 536 4152 tradidit,
570 4086 701 4141 nihil
732 4086 865 4142 tanti
898 4104 912 4140 :
943 4086 1027 4142 cui
1056 4097 1248 4158 gentes
1271 4088 1315 4143 si
1343 4087 1713 4155 conferantur,
1742 4090 1894 4159 quasi

284 4179 522 4235 nihilum
570 4186 835 4248 reputatte
865 4187 992 4232 sunt
1019 4178 1068 4233 ei
1103 4177 1258 4250 (lsai.
1286 4178 1377 4251 40)
1419 4198 1433 4234 :
1478 4180 1624 4235 hunc
1680 4180 1895 4251 triginta

281 4270 566 4342 argenteis
594 4268 852 4340 prodidit.
872 4268 1067 4324 Gravis
1089 4269 1233 4324 enim
1255 4279 1339 4324 est
1364 4272 1607 4325 avaritia:
1630 4272 1894 4343 tyrannis,

282 4377 521 4434 qua-que
547 4363 783 4416 animam
824 4361 892 4416 de
936 4376 1037 4416 suo
1077 4371 1219 4416 statu
1250 4361 1540 4417 deturbare
1564 4372 1748 4433 queat.
1778 4363 1894 4419 Non

283 4453 519 4526 perinde
548 4453 669 4523 quis
697 4468 763 4508 ex
790 4453 1057 4509 ebrietate
1085 4453 1311 4509 demens
1342 4453 1607 4522 redditur,
1642 4464 1803 4525 atque
1829 4472 1895 4512 ex

282 4545 550 4609 avaritia;
585 4560 690 4598 non
734 4561 887 4614 reque
927 4561 992 4600 ex
1036 4545 1244 4599 insania
1276 4562 1339 4601 ac
1362 4557 1608 4616 stupore,
1641 4558 1802 4619 atque
1829 4564 1896 4604 ex

281 4636 502 4707 argenti
526 4636 843 4705 cupiditate.
877 4636 1084 4706 Ecquid
1116 4636 1261 4692 enim
1290 4638 1438 4693 aliud
1466 4654 1644 4693 causa:
1668 4639 1782 4705 fuit,
1810 4640 1897 4695 dic

281 4730 449 4794 mihi,
478 4738 535 4784 ut
561 4729 864 4799 proderes?
912 4729 1215 4785 Obscurum
1250 4741 1413 4802 atque
1442 4733 1684 4803 ignotum
1718 4742 1771 4789 te
1805 4750 1897 4789 vo-

282 4823 454 4888 cavit,
494 4838 769 4893 unumqne
809 4839 875 4878 ex
916 4823 1201 4879 duodecim
1235 4824 1364 4879 fecit
1396 4843 1407 4878 :
1444 4825 1746 4880 doctrinam
1797 4828 1898 4881 im-

282 4915 533 4986 partivit,
584 4915 998 4970 innumerabilia
1048 4916 1187 4971 bona
1232 4918 1500 4986 promisit,
1535 4926 1593 4972 ttt
1637 4920 1894 4975 miracula

283 5008 490 5063 edercs
536 5006 714 5061 effecit
750 5024 762 5060 :
806 5021 1030 5072 mensa},
1068 5007 1350 5073 itinerum,
1400 5009 1675 5078 colloquii,
1706 5020 1899 5064 contu-

280 5100 494 5167 bernii,
516 5114 696 5153 rerum
720 5101 958 5153 omnium
988 5116 1140 5169 aeque
1164 5115 1227 5154 ac
1248 5100 1430 5154 caueri
1456 5102 1725 5171 particeps
1753 5119 1896 5158 eras.

285 5191 552 5248 llmccine
571 5191 706 5245 satis
734 5206 840 5245 non
872 5191 1089 5245 fuerunt
1122 5207 1243 5262 quae
1273 5201 1327 5247 te
1349 5191 1707 5247 cohiberent?
1738 5210 1896 5264 quant

280 5286 457 5355 igitur
478 5282 550 5337 ob
575 5297 794 5337 causam
827 5282 1153 5352 prodidisti?
1187 5283 1316 5353 quid
1346 5282 1571 5347 habens,
1596 5286 1737 5367 quod
1768 5301 1902 5356 que-

277 5375 452 5439 raris,
475 5374 747 5429 sceleste?
776 5374 863 5428 vel
903 5375 1083 5444 potius
1106 5375 1359 5444 quoniam
1386 5374 1650 5430 beneficio
1676 5376 1899 5431 aifectus

278 5484 399 5524 non
453 5467 672 5523 fueras?
714 5466 957 5522 Noverat
1005 5479 1246 5523 mentem
1299 5476 1483 5533 tuam;
1540 5483 1647 5523 non
1692 5469 1900 5524 destitit

280 5578 414 5634 qua:
444 5577 542 5616 sua
588 5570 746 5615 crant
789 5570 1076 5630 prmstare;
1122 5576 1264 5630 sa'pe
1305 5561 1460 5625 dixit,
1498 5561 1647 5617 Unus
1672 5578 1736 5617 ex
1761 5564 1899 5618 vobis

283 5654 459 5709 tradet
487 5670 568 5707 me
598 5651 817 5725 (Matth.
845 5653 937 5709 26.
968 5654 1099 5723 2i);
1144 5668 1291 5724 sa~pc
1322 5654 1549 5719 notavit,
1589 5669 1653 5710 ac
1685 5655 1778 5710 tibi
1822 5665 1900 5710 ta.

286 5760 419 5800 tuen
443 5745 728 5814 pepercit;
761 5752 817 5800 et
843 5760 963 5800 cum
998 5745 1158 5800 talem
1197 5754 1247 5799 te
1270 5758 1397 5800 esse
1426 5746 1615 5813 sciret,
1636 5761 1701 5801 ex
1730 5747 1900 5803 choro

286 5852 401 5893 non
429 5834 626 5907 ejecit:
653 5835 832 5893 adhuc
863 5837 1088 5908 ferebat,
1122 5835 1297 5894 adhuc
1324 5846 1381 5892 ut
1407 5836 1706 5909 legitimum
1737 5849 1901 5911 atque

1219 363 1289 421 IN
1325 362 1548 421 EPIST.
1590 364 1683 419 AD
1722 363 2013 420 PillLIPP.
2051 362 2208 420 CAP.
2249 364 2314 421 Il.
2358 365 2587 424 llOMlL.
2630 368 2723 426 Vl.

3525 380 3632 439 220

2037 493 2204 532 unum
2261 494 2326 535 ex
2373 480 2682 547 duodecim,
2732 483 2803 537 ita
2851 482 3173 555 honorabat,
3223 489 3297 545 ita
3346 490 3628 564 diligebat.

2035 567 2297 639 Denique,
2330 585 2363 625 0
2396 572 2604 628 scelus!
2661 574 2826 630 linteo
2856 578 3017 632 etiam
3056 590 3292 649 sumpto,
3322 584 3474 651 puris
3524 585 3629 639 illis

2032 662 2283 717 manibus
2314 665 2556 734 impuros
2601 667 2769 737 pedes
2813 678 2934 725 tuos
2964 671 3126 738 lavit;
3175 689 3351 746 neque
3383 677 3433 731 id
3461 679 3625 734 etiam

2033 761 2085 808 te
2115 753 2381 808 cohibuit.
2422 755 2711 813 Furabaris
2738 774 2823 826 ea,
2854 777 2973 831 qua:
2995 778 3288 834 pauperum
3316 777 3506 835 erant;
3538 778 3624 825 at-

2027 860 2134 916 que
2166 846 2305 902 istud
2334 849 2519 916 etiam,
2542 866 2608 905 ne
2633 851 2699 905 ad
2725 854 2895 922 majus
2922 856 3138 927 aliquod
3165 860 3365 914 malum
3394 877 3623 933 progre-

2026 937 2235 993 dereris
2284 938 2490 995 ferebat
2531 958 2544 996 :
2591 943 2686 997 sed
2732 945 2863 999 nihil
2909 949 3147 1003 animum
3192 959 3340 1006 tuum
3374 955 3616 1010 mutavit.

2026 1028 2157 1083 Nam
2182 1030 2391 1085 etiamsi
2417 1031 2527 1086 fera
2543 1048 2713 1101 esses,
2730 1037 2939 1091 etiamsi
2966 1039 3122 1107 lapis,
3142 1056 3319 1097 nonne
3340 1044 3619 1101 beneficiis

2024 1119 2077 1174 in
2103 1131 2156 1175 te
2174 1122 2401 1189 collatis,
2426 1140 2605 1180 nonne
2635 1127 2927 1193 miraculis,
2948 1145 3125 1186 nonne
3153 1132 3394 1188 doctrina
3414 1136 3500 1190 illa
3524 1138 3619 1192 lle-

2022 1214 2093 1268 cti
2124 1223 2177 1269 te
2206 1217 2527 1285 oportebat?
2553 1219 2750 1274 Verum
2786 1238 2954 1292 usque
2976 1224 3111 1278 adeo
3132 1226 3411 1284 efferatum
3443 1231 3620 1287 adhuc

2021 1308 2268 1376 vocabat,
2297 1318 2349 1364 ct
2373 1311 2633 1367 mirandis
2662 1314 2917 1384 operibus
2946 1316 3237 1384 alliciebat,
3262 1322 3506 1389 quamvis
3538 1323 3617 1376 la-

2020 1398 2172 1466 pides
2206 1400 2349 1470 ipsos
2379 1404 2649 1460 vacuitate
2688 1422 2882 1461 sensus
2919 1423 3279 1478 exsuperares
3315 1429 3328 1466 :
3360 1412 3456 1467 sed
3485 1414 3616 1469 nihil

2019 1490 2211 1545 horum
2242 1491 2361 1559 fuit,
2396 1495 2536 1563 quod
2562 1506 2613 1549 te
2636 1498 2913 1551 meliorent
2943 1499 3212 1555 redderet.
3240 1502 3485 1558 Forsitan
3515 1505 3618 1559 mi-

2018 1582 2210 1636 ramini
2236 1592 2434 1639 tantam
2468 1587 2759 1656 proditoris
2776 1592 3089 1648 amentiam.
3112 1592 3307 1648 Metam
3328 1595 3489 1665 igitur
3513 1612 3613 1651 vo-

2016 1674 2097 1729 bis
2122 1675 2346 1732 incutiat
2380 1679 2523 1733 illius
2550 1682 2745 1737 vulnus
2768 1701 2780 1736 :
2806 1684 3011 1754 argenti
3034 1686 3320 1755 cupiditas,
3356 1689 3612 1756 pecunia-

2016 1784 2133 1822 rttm
2152 1784 2303 1825 amor
2326 1771 2487 1827 talem
2513 1773 2769 1829 reddidit.
2794 1775 2978 1831 Evelle
3001 1776 3143 1833 hunc
3169 1779 3454 1845 aiTeCtum;
3478 1781 3611 1836 tales

2013 1864 2158 1918 enim
2188 1866 2406 1920 morbos
2434 1869 2593 1938 parit,
2624 1869 2818 1939 impios
2845 1871 2967 1926 facit
2992 1889 3005 1925 :
3037 1882 3197 1943 atque
3214 1888 3308 1930 eos
3326 1891 3425 1932 nos
3444 1877 3613 1932 addu-

2012 1955 2107 2021 cit,
2143 1964 2200 2009 ut
2227 1957 2435 2012 etiamsi
2464 1962 2737 2015 sexcentis
2763 1962 3042 2019 beneﬁciis
3087 1965 3407 2034 afliciamur,
3442 1970 3610 2026 Deum

2012 2045 2340 2116 ignoremus.
2376 2049 2579 2117 Evelle,
2606 2052 2835 2108 obsecro
2864 2072 2879 2109 :
2914 2072 3019 2109 non
3052 2065 3136 2111 est
3182 2058 3314 2114 levis
3362 2062 3603 2129 morbus,

2010 2146 2294 2194 sexcentos
2322 2143 2699 2198 acerbissimas
2721 2156 2924 2200 mortes
2951 2147 3145 2204 aﬂ‘erre
3174 2152 3343 2205 novit.
3365 2152 3607 2209 Vidimus

2008 2230 2161 2288 Iuda:
2189 2234 2440 2288 morbum
2477 2252 2490 2288 :
2520 2247 2827 2291 metuamus
2857 2254 2924 2293 ne
2954 2239 3052 2309 ipsi
3085 2256 3301 2312 quoque
3333 2243 3384 2297 in
3417 2245 3605 2299 eadem

2008 2321 2331 2379 incidamus.
2362 2323 2488 2379 Ideo
2533 2328 2734 2397 scripta
2777 2338 2924 2395 sunt,
2953 2347 3019 2385 ne
3046 2332 3234 2387 iisdem
3265 2348 3363 2389 nos
3394 2350 3607 2404 quoque

2007 2415 2165 2470 malis
2191 2414 2489 2471 afficiamur
2520 2435 2535 2474 :
2567 2428 2853 2490 propterea
2882 2422 2949 2477 ab
2979 2424 3231 2479 omnibus
3258 2428 3605 2499 evangelistis

2007 2508 2059 2562 id
2092 2518 2365 2564 narratum
2393 2521 2494 2579 est,
2522 2521 2579 2567 ut
2600 2529 2699 2570 nos
2724 2516 3131 2585 temperantiam
3163 2518 3444 2577 docerent.
3473 2523 3607 2579 Pro-

2006 2600 2090 2655 cul
2122 2600 2280 2672 fuge:
2309 2617 2415 2657 non
2441 2603 2544 2659 hoc
2559 2605 2733 2660 solum
2752 2608 2974 2663 avaritia
2999 2619 3100 2676 est,
3124 2612 3317 2669 multas
3348 2615 3604 2684 pecunias

2005 2707 2229 2763 cupere,
2262 2694 2359 2748 sed
2404 2696 2565 2750 etiam
2610 2700 2867 2767 pecunias
2898 2703 3119 2757 omnino
3159 2718 3380 2773 cupere.
3412 2705 3603 2764 Gravis

2004 2785 2227 2839 avaritia
2254 2796 2339 2841 est
2363 2786 2484 2856 plus
2515 2804 2761 2857 poscere,
2783 2807 2942 2860 quam
2967 2807 3103 2863 opus
3125 2795 3212 2848 sit.
3235 2795 3370 2851 Num
3402 2798 3601 2854 talenta

2004 2876 2120 2930 auri
2168 2876 2403 2942 fuerunt,
2433 2895 2554 2948 qua:
2585 2881 2917 2950 proditorem
2964 2884 3015 2938 in
3062 2883 3200 2939 hanc
3233 2882 3467 2944 mentem
3500 2890 3600 2945 im-

2005 2966 2307 3036 pellerent?
2338 2967 2577 3039 Triginta
2610 2971 2787 3025 solum
2821 2975 3061 3043 argentei
3091 2993 3104 3029 :
3140 2977 3357 3046 triginta
3400 2994 3596 3051 argen-

2006 3058 2105 3114 teis
2133 3060 2309 3129 ipsum
2345 3062 2579 3130 prodidit
2621 3065 2932 3121 Dominum.
2980 3067 3064 3123 An
3096 3071 3353 3125 memoria
3405 3074 3599 3131 tenetis

2006 3151 2148 3222 quod
2176 3161 2333 3207 antea
2364 3153 2631 3220 dicebam,
2664 3156 3074 3215 immoderatam
3123 3162 3353 3219 habendi
3382 3169 3593 3236 cupidi-

2006 3252 2170 3298 tatem
2214 3259 2322 3299 non
2372 3245 2425 3300 in
2478 3260 2545 3300 eo
2589 3247 2765 3303 solum
2813 3265 2871 3304 se
2898 3252 3206 3319 ostendere,
3234 3257 3376 3325 quod
3407 3274 3597 3328 magna

2004 3337 2356 3405 accipiantur,
2385 3337 2482 3393 sed
2523 3339 2696 3410 magis
2723 3342 2884 3396 etiam
2913 3344 3053 3413 quod
3092 3348 3294 3415 parva?
3322 3348 3400 3401 Eu
3429 3366 3598 3420 quan-

2007 3434 2119 3481 tum
2150 3427 2329 3482 scelus
2358 3429 2459 3483 iste
2483 3431 2755 3485 connnisit
2788 3434 3018 3502 pauculo
3048 3452 3180 3491 auro
3201 3437 3485 3506 adductus,
3513 3443 3596 3497 vel

2004 3519 2185 3588 potius
2214 3535 2318 3574 non
2365 3536 2520 3586 auro,
2552 3522 2647 3577 sed
2697 3528 2991 3595 argenteis.
3022 3527 3203 3595 Nefas,
3241 3531 3392 3587 nef.s
3442 3534 3601 3603 plane

2006 3619 2091 3665 est
2111 3610 2385 3666 hominem
2412 3627 2634 3669 avarum
2662 3631 2913 3686 umquam
2942 3620 3134 3675 intueri
3159 3621 3345 3677 faciem
3366 3622 3595 3682 Christi:

2003 3701 2106 3757 hoc
2131 3712 2216 3757 cst
2247 3719 2412 3758 unum
2441 3721 2505 3759 ex
2541 3705 2629 3771 iis,
2661 3722 2781 3776 qua:
2815 3708 2927 3762 fieri
2960 3712 3179 3766 minime
3207 3724 3449 3782 possunt.
3484 3717 3596 3773 lia-

2001 3794 2093 3849 dix
2122 3796 2390 3877 malorum
2423 3806 2525 3852 est.
2550 3797 2705 3864 Quod
2733 3798 2776 3853 si
2806 3800 2894 3869 qui
2924 3801 3006 3856 vel
3035 3803 3126 3856 uni
3159 3805 3301 3859 malo
3330 3806 3600 3863 obnoxius

2004 3899 2106 3953 est,
2133 3890 2356 3959 gloriam
2391 3890 2534 3945 illam
2558 3892 2918 3963 amittit,quis
2948 3894 3186 3952 radicem
3214 3899 3383 3967 ipsam
3413 3915 3596 3957 secum

2002 3982 2159 4039 affert
2197 3983 2285 4038 ubi
2310 3984 2708 4040 collocabitur?
2734 3986 2852 4041 Nott
2880 3997 3062 4058 potest
3090 3993 3440 4059 pecuniarum
3486 4010 3601 4050 ser-

2002 4088 2101 4128 vus
2127 4090 2418 4144 germanus
2440 4089 2563 4131 esse
2583 4077 2782 4133 Christi
2811 4093 3021 4134 servus.
3050 4081 3301 4138 Christus
3334 4086 3448 4156 ipse
3476 4102 3600 4156 pro-

2003 4170 2274 4224 nuntiavit
2319 4186 2432 4224 rem
2476 4185 2596 4226 esse
2643 4171 2970 4240 hujusmodi,
3004 4189 3124 4243 qua:
3157 4187 3409 4233 constare
3452 4180 3598 4234 nullo

2003 4272 2160 4333 pacto
2205 4274 2383 4334 queat.
2411 4263 2533 4318 Non
2566 4267 2795 4333 potestis,
2823 4267 3012 4336 inquit,
3050 4267 3157 4321 Deo
3186 4271 3371 4323 seruire
3416 4282 3461 4324 et
3488 4289 3602 4325 ma-

2003 4373 2190 4422 nzomv;
2210 4366 2283 4422 et,
2302 4356 2467 4412 Nemo
2486 4368 2644 4425 potest
2664 4358 2859 4412 duobus
2877 4359 3094 4412 dominis
3112 4362 3296 4415 servire
3310 4368 3326 4433 (
3340 4362 3526 4418 Matth.
3544 4366 3597 4419 6.

2001 4450 2407 4522 2i).C0ntraria
2424 4452 2567 4504 enim
2589 4451 2929 4521 praecipiunt:
2945 4452 3214 4517 Christus,
3231 4453 3421 4525 inquit.
3436 4455 3601 4511 Parce

2006 4542 2363 4612 pauperibus;
2415 4557 2666 4597 mamona
2722 4543 2925 4613 inquit,
2961 4545 3108 4599 Exue
3160 4546 3281 4600 illos
3334 4548 3495 4601 etiam
3537 4549 3646 4618 iis;

2004 4653 2123 4706 quae
2156 4636 2383 4692 habent:
2409 4635 2658 4691 Christus
2680 4637 2841 4703 dicit,
2866 4638 3090 4694 Effundc
3122 4656 3475 4711 qumcumque
3506 4642 3600 4694 ha-
3638 4638 3643 4684 ί

2003 4728 2130 4791 bes;
2162 4744 2410 4782 mamona
2457 4728 2608 4796 dicit,
2644 4730 2718 4785 Ea
2750 4731 2913 4785 etiam
2943 4746 3077 4800 cape
3103 4749 3223 4803 qua:
3252 4734 3328 4787 illi
3380 4733 3595 4788 habent.

2078 4819 2131 4873 6.
2175 4818 2339 4874 Vides
2371 4835 2624 4891 pugnaui,
2653 4822 2807 4876 vides
2852 4823 3096 4877 bellum?
3130 4825 3370 4879 Voltisne
3411 4836 3597 4880 osten-

2005 4909 2194 4965 damus
2224 4912 2497 4980 quontodo
2548 4913 2761 4981 utrique
2794 4928 2952 4967 nemo
2994 4914 3372 4983 obtemperare
3401 4926 3599 4985 potest,

2006 5002 2100 5055 sed
2130 5002 2357 5056 alterum
2381 5005 2963 5072 contemnatoportet?
2994 5021 3060 5058 an
3094 5020 3179 5060 res
3212 5006 3283 5059 ita
3314 5007 3460 5061 clara
3493 5017 3600 5073 est,

2007 5105 2064 5148 ut
2091 5110 2197 5148 non
2228 5104 2379 5164 egeat
2409 5096 2693 5150 oratione?
2724 5095 3045 5163 Quomodo?
3073 5098 3265 5151 Annon
3296 5096 3397 5152 hoc
3428 5099 3603 5167 reipsa

2005 5189 2297 5253 cernimus,
2361 5187 2632 5242 Christum
2685 5188 2899 5257 quidem
2955 5190 3248 5253 contemni,
3297 5206 3601 5245 mamonam

2007 5297 2136 5336 vero
2162 5281 2307 5335 coli?
2334 5280 2559 5336 Seutitis
2586 5295 2745 5349 quam
2779 5281 2856 5333 vel
2893 5281 3005 5350 ipsa
3038 5282 3198 5335 verba
3232 5297 3420 5349 aspera
3451 5281 3601 5335 sint?

2006 5375 2158 5443 Quod
2207 5374 2253 5429 si
2281 5375 2467 5437 verba,
2501 5383 2703 5444 quanto
2737 5375 2907 5444 magis
2954 5389 3041 5428 res
3092 5375 3267 5444 ἓνδίηῖ
3301 5374 3494 5429 Verum
3546 5375 3600 5429 in

2009 5470 2168 5525 rebus
2196 5484 2260 5525 ac
2286 5467 2441 5523 factis
2471 5483 2575 5521 non
2601 5482 2753 5537 (eque
2778 5477 3000 5537 apparet
3022 5467 3132 5537 ipsa
3160 5467 3440 5536 asperitas,
3466 5483 3605 5536 quo-

2008 5563 2151 5616 niam
2173 5577 2269 5616 nos
2294 5560 2514 5616 morbus
2542 5569 2787 5630 occupat.
2809 5559 2939 5613 Nam
2964 5575 3107 5614 nunc
3127 5559 3365 5630 quidem,
3391 5560 3606 5616 etiamsi

2010 5656 2112 5710 hoc
2131 5655 2319 5710 morbo
2348 5670 2452 5708 non
2477 5654 2699 5709 omnino
2725 5669 2852 5721 pura
2877 5654 2947 5707 sit
2968 5652 3169 5715 anima,
3191 5662 3368 5709 tamen
3398 5653 3523 5708 dum
3551 5655 3604 5709 in

2011 5747 2110 5802 hoc
2139 5748 2256 5816 ipso
2283 5754 2423 5800 statu
2456 5754 2670 5810 manet,
2706 5753 2883 5813 potest
2912 5754 3061 5798 recte
3083 5743 3364 5812 judicare:
3394 5754 3441 5798 at
3475 5760 3599 5801 cum

2014 5839 2144 5897 febri
2164 5846 2409 5910 correpta
2433 5845 2534 5906 cst,
2553 5847 2605 5893 et
2632 5836 2683 5892 in
2708 5835 2824 5907 ipsa
2848 5836 2924 5893 rei
2947 5835 3219 5908 voluptate
3243 5847 3505 5907 versatur,
3525 5839 3606 5891 fa-
