  <div class='ocr_page' id='page_1' title='image "/cluster/home/n/w/nwhite01/storage/ocr_20150623/62:no.11/coo.31924054869627/233.png"; bbox 0 0 4170 6558; ppageno 0'>
   <div class='ocr_carea' id='block_1_1' title="bbox 574 362 678 418">
    <p class='ocr_par' dir='ltr' id='par_1_1' title="bbox 574 362 678 418">
     <span class='ocr_line' id='line_1_1' title="bbox 574 362 678 418; baseline -0.029 0"><span class='ocrx_word' id='word_1_1' title='bbox 574 362 678 418; x_wconf 67' lang='grc' dir='ltr'><strong>ΞΤΙ</strong></span> 
     </span>
    </p>
   </div>
   <div class='ocr_carea' id='block_1_2' title="bbox 575 451 2164 543">
    <p class='ocr_par' dir='ltr' id='par_1_2' title="bbox 575 451 2164 543">
     <span class='ocr_line' id='line_1_2' title="bbox 575 451 2164 543; baseline -0.021 -9"><span class='ocrx_word' id='word_1_2' title='bbox 575 477 834 533; x_wconf 82' lang='lat' dir='ltr'><strong>eultatem</strong></span> <span class='ocrx_word' id='word_1_3' title='bbox 857 465 1129 543; x_wconf 89' lang='lat' dir='ltr'><strong>judicandi</strong></span> <span class='ocrx_word' id='word_1_4' title='bbox 1159 464 1378 519; x_wconf 88' lang='lat' dir='ltr'><strong>minime</strong></span> <span class='ocrx_word' id='word_1_5' title='bbox 1418 474 1600 531; x_wconf 87' lang='lat' dir='ltr'><strong>puram</strong></span> <span class='ocrx_word' id='word_1_6' title='bbox 1629 457 1809 520; x_wconf 86' lang='lat' dir='ltr'><strong>habet,</strong></span> <span class='ocrx_word' id='word_1_7' title='bbox 1836 467 1942 508; x_wconf 92' lang='lat' dir='ltr'><strong>non</strong></span> <span class='ocrx_word' id='word_1_8' title='bbox 1981 451 2164 506; x_wconf 88' lang='lat' dir='ltr'><strong>incor-</strong></span> 
     </span>
    </p>
   </div>
   <div class='ocr_carea' id='block_1_3' title="bbox 577 543 2166 640">
    <p class='ocr_par' dir='ltr' id='par_1_3' title="bbox 577 543 2166 640">
     <span class='ocr_line' id='line_1_3' title="bbox 577 543 2166 640; baseline -0.02 -14"><span class='ocrx_word' id='word_1_9' title='bbox 577 579 790 640; x_wconf 85' lang='lat' dir='ltr'><strong>ruptum</strong></span> <span class='ocrx_word' id='word_1_10' title='bbox 820 563 1069 620; x_wconf 92' lang='lat' dir='ltr'><strong>tribunal.</strong></span> <span class='ocrx_word' id='word_1_11' title='bbox 1089 559 1333 614; x_wconf 73' lang='lat' dir='ltr'><strong>Christus</strong></span> <span class='ocrx_word' id='word_1_12' title='bbox 1359 555 1512 619; x_wconf 90' lang='lat' dir='ltr'><strong>dicit,</strong></span> <span class='ocrx_word' id='word_1_13' title='bbox 1531 551 1646 605; x_wconf 85' lang='lat' dir='ltr'><strong>Nisi</strong></span> <span class='ocrx_word' id='word_1_14' title='bbox 1675 549 1784 618; x_wconf 86' lang='lat' dir='ltr'><strong>quis</strong></span> <span class='ocrx_word' id='word_1_15' title='bbox 1806 543 2166 640; x_wconf 65' lang='lat' dir='ltr'><strong>renuntioucrit</strong></span> 
     </span>
    </p>
   </div>
   <div class='ocr_carea' id='block_1_4' title="bbox 577 635 2161 726">
    <p class='ocr_par' dir='ltr' id='par_1_4' title="bbox 577 635 2161 726">
     <span class='ocr_line' id='line_1_4' title="bbox 577 635 2161 726; baseline -0.018 -11"><span class='ocrx_word' id='word_1_16' title='bbox 577 635 833 723; x_wconf 74' lang='lat' dir='ltr'><strong>omnibus,</strong></span> <span class='ocrx_word' id='word_1_17' title='bbox 859 670 972 726; x_wconf 71' lang='lat' dir='ltr'><strong>qua:</strong></span> <span class='ocrx_word' id='word_1_18' title='bbox 1012 649 1251 722; x_wconf 83' lang='lat' dir='ltr'><strong>possidet,</strong></span> <span class='ocrx_word' id='word_1_19' title='bbox 1281 664 1381 700; x_wconf 86' lang='lat' dir='ltr'><strong>non</strong></span> <span class='ocrx_word' id='word_1_20' title='bbox 1416 655 1488 699; x_wconf 83' lang='lat' dir='ltr'><strong>est</strong></span> <span class='ocrx_word' id='word_1_21' title='bbox 1517 658 1656 698; x_wconf 85' lang='lat' dir='ltr'><strong>meus</strong></span> <span class='ocrx_word' id='word_1_22' title='bbox 1689 638 1970 706; x_wconf 75' lang='lat' dir='ltr'><strong>discipulus</strong></span> <span class='ocrx_word' id='word_1_23' title='bbox 2013 635 2161 706; x_wconf 88' lang='lat' dir='ltr'><strong>(Luc.</strong></span> 
     </span>
    </p>
   </div>
   <div class='ocr_carea' id='block_1_5' title="bbox 581 729 2162 819">
    <p class='ocr_par' dir='ltr' id='par_1_5' title="bbox 581 729 2162 819">
     <span class='ocr_line' id='line_1_5' title="bbox 581 729 2162 819; baseline -0.017 -12"><span class='ocrx_word' id='word_1_24' title='bbox 581 748 844 819; x_wconf 59' lang='lat'><strong>14.53);</strong></span> <span class='ocrx_word' id='word_1_25' title='bbox 891 758 1135 801; x_wconf 89' lang='lat' dir='ltr'><strong>matuoua</strong></span> <span class='ocrx_word' id='word_1_26' title='bbox 1193 738 1386 808; x_wconf 90' lang='lat' dir='ltr'><strong>inquit,</strong></span> <span class='ocrx_word' id='word_1_27' title='bbox 1418 735 1579 804; x_wconf 88' lang='lat' dir='ltr'><strong>Eripe</strong></span> <span class='ocrx_word' id='word_1_28' title='bbox 1627 729 1886 788; x_wconf 91' lang='lat' dir='ltr'><strong>esurienti</strong></span> <span class='ocrx_word' id='word_1_29' title='bbox 1935 742 2162 798; x_wconf 87' lang='lat' dir='ltr'><strong>panem:</strong></span> 
     </span>
    </p>
   </div>
   <div class='ocr_carea' id='block_1_6' title="bbox 558 819 2166 902">
    <p class='ocr_par' dir='ltr' id='par_1_6' title="bbox 558 819 2166 902">
     <span class='ocr_line' id='line_1_6' title="bbox 558 819 2166 902; baseline -0.017 -3"><span class='ocrx_word' id='word_1_30' title='bbox 558 827 822 898; x_wconf 76' lang='lat' dir='ltr'><strong>Christus</strong></span> <span class='ocrx_word' id='word_1_31' title='bbox 852 836 1004 902; x_wconf 90' lang='lat' dir='ltr'><strong>dicit,</strong></span> <span class='ocrx_word' id='word_1_32' title='bbox 1027 834 1174 889; x_wconf 88' lang='lat' dir='ltr'><strong>Vesti</strong></span> <span class='ocrx_word' id='word_1_33' title='bbox 1206 831 1406 886; x_wconf 91' lang='lat' dir='ltr'><strong>nudum</strong></span> <span class='ocrx_word' id='word_1_34' title='bbox 1432 845 1448 894; x_wconf 92' lang='lat'><strong>;</strong></span> <span class='ocrx_word' id='word_1_35' title='bbox 1482 827 1568 881; x_wconf 90' lang='lat' dir='ltr'><strong>hic</strong></span> <span class='ocrx_word' id='word_1_36' title='bbox 1593 838 1742 888; x_wconf 90' lang='lat' dir='ltr'><strong>vero,</strong></span> <span class='ocrx_word' id='word_1_37' title='bbox 1767 820 1974 876; x_wconf 85' lang='lat' dir='ltr'><strong>Nudum</strong></span> <span class='ocrx_word' id='word_1_38' title='bbox 2004 819 2166 874; x_wconf 89' lang='lat' dir='ltr'><strong>etiam</strong></span> 
     </span>
    </p>
   </div>
   <div class='ocr_carea' id='block_1_7' title="bbox 579 910 2166 991">
    <p class='ocr_par' dir='ltr' id='par_1_7' title="bbox 579 910 2166 991">
     <span class='ocr_line' id='line_1_7' title="bbox 579 910 2166 991; baseline -0.018 -1"><span class='ocrx_word' id='word_1_39' title='bbox 579 947 751 990; x_wconf 77' lang='lat' dir='ltr'><strong>exue:</strong></span> <span class='ocrx_word' id='word_1_40' title='bbox 782 929 1031 985; x_wconf 89' lang='lat' dir='ltr'><strong>Christus</strong></span> <span class='ocrx_word' id='word_1_41' title='bbox 1055 925 1207 991; x_wconf 90' lang='lat' dir='ltr'><strong>dicit,</strong></span> <span class='ocrx_word' id='word_1_42' title='bbox 1239 919 1576 977; x_wconf 81' lang='lat' dir='ltr'><strong>Domesticos</strong></span> <span class='ocrx_word' id='word_1_43' title='bbox 1606 915 1828 972; x_wconf 86' lang='lat' dir='ltr'><strong>seminis</strong></span> <span class='ocrx_word' id='word_1_44' title='bbox 1856 912 1926 967; x_wconf 89' lang='lat' dir='ltr'><strong>tui</strong></span> <span class='ocrx_word' id='word_1_45' title='bbox 1973 926 2041 964; x_wconf 87' lang='lat' dir='ltr'><strong>ne</strong></span> <span class='ocrx_word' id='word_1_46' title='bbox 2067 910 2166 964; x_wconf 62' lang='lat' dir='ltr'><strong>de-</strong></span> 
     </span>
    </p>
   </div>
   <div class='ocr_carea' id='block_1_8' title="bbox 579 999 2168 1094">
    <p class='ocr_par' dir='ltr' id='par_1_8' title="bbox 579 999 2168 1094">
     <span class='ocr_line' id='line_1_8' title="bbox 579 999 2168 1094; baseline -0.016 -15"><span class='ocrx_word' id='word_1_47' title='bbox 579 1021 859 1094; x_wconf 72' lang='lat' dir='ltr'><strong>speset-is;</strong></span> <span class='ocrx_word' id='word_1_48' title='bbox 914 1031 1162 1074; x_wconf 87' lang='lat' dir='ltr'><strong>mamona</strong></span> <span class='ocrx_word' id='word_1_49' title='bbox 1208 1013 1418 1084; x_wconf 74' lang='lat' dir='ltr'><strong>inquit,</strong></span> <span class='ocrx_word' id='word_1_50' title='bbox 1473 1007 1899 1065; x_wconf 89' lang='lat' dir='ltr'><strong>Domesticorum</strong></span> <span class='ocrx_word' id='word_1_51' title='bbox 1944 999 2168 1057; x_wconf 88' lang='lat' dir='ltr'><strong>seminis</strong></span> 
     </span>
    </p>
   </div>
   <div class='ocr_carea' id='block_1_9' title="bbox 581 1093 2164 1172">
    <p class='ocr_par' dir='ltr' id='par_1_9' title="bbox 581 1093 2164 1172">
     <span class='ocr_line' id='line_1_9' title="bbox 581 1093 2164 1172; baseline -0.015 -1"><span class='ocrx_word' id='word_1_52' title='bbox 581 1093 658 1170; x_wconf 86' lang='lat' dir='ltr'><strong>tui</strong></span> <span class='ocrx_word' id='word_1_53' title='bbox 687 1130 755 1170; x_wconf 89' lang='lat' dir='ltr'><strong>ne</strong></span> <span class='ocrx_word' id='word_1_54' title='bbox 793 1110 1139 1172; x_wconf 78' lang='lat' dir='ltr'><strong>miserearis;</strong></span> <span class='ocrx_word' id='word_1_55' title='bbox 1194 1103 1404 1162; x_wconf 89' lang='lat' dir='ltr'><strong>etiamsi</strong></span> <span class='ocrx_word' id='word_1_56' title='bbox 1435 1111 1657 1158; x_wconf 85' lang='lat' dir='ltr'><strong>matrem</strong></span> <span class='ocrx_word' id='word_1_57' title='bbox 1701 1097 1925 1164; x_wconf 91' lang='lat' dir='ltr'><strong>videris,</strong></span> <span class='ocrx_word' id='word_1_58' title='bbox 1954 1093 2164 1150; x_wconf 85' lang='lat' dir='ltr'><strong>etiamsi</strong></span> 
     </span>
    </p>
   </div>
   <div class='ocr_carea' id='block_1_10' title="bbox 580 1187 2168 1278">
    <p class='ocr_par' dir='ltr' id='par_1_10' title="bbox 580 1187 2168 1278">
     <span class='ocr_line' id='line_1_10' title="bbox 580 1187 2168 1278; baseline -0.014 -15"><span class='ocrx_word' id='word_1_59' title='bbox 580 1217 809 1278; x_wconf 80' lang='lat' dir='ltr'><strong>patrem,</strong></span> <span class='ocrx_word' id='word_1_60' title='bbox 838 1219 1055 1274; x_wconf 89' lang='lat' dir='ltr'><strong>sperne.</strong></span> <span class='ocrx_word' id='word_1_61' title='bbox 1115 1201 1180 1255; x_wconf 87' lang='lat' dir='ltr'><strong>Et</strong></span> <span class='ocrx_word' id='word_1_62' title='bbox 1207 1199 1332 1269; x_wconf 90' lang='lat' dir='ltr'><strong>quid</strong></span> <span class='ocrx_word' id='word_1_63' title='bbox 1373 1197 1496 1252; x_wconf 88' lang='lat' dir='ltr'><strong>dico</strong></span> <span class='ocrx_word' id='word_1_64' title='bbox 1549 1203 1752 1264; x_wconf 83' lang='lat' dir='ltr'><strong>patrem</strong></span> <span class='ocrx_word' id='word_1_65' title='bbox 1797 1199 1852 1245; x_wconf 89' lang='lat' dir='ltr'><strong>et</strong></span> <span class='ocrx_word' id='word_1_66' title='bbox 1898 1187 2168 1244; x_wconf 77' lang='lat' dir='ltr'><strong>matrem?</strong></span> 
     </span>
    </p>
   </div>
   <div class='ocr_carea' id='block_1_11' title="bbox 582 1282 2165 1365">
    <p class='ocr_par' dir='ltr' id='par_1_11' title="bbox 582 1282 2165 1365">
     <span class='ocr_line' id='line_1_11' title="bbox 582 1282 2165 1365; baseline -0.011 -12"><span class='ocrx_word' id='word_1_67' title='bbox 582 1298 751 1352; x_wconf 90' lang='lat' dir='ltr'><strong>Tuam</strong></span> <span class='ocrx_word' id='word_1_68' title='bbox 777 1309 992 1365; x_wconf 89' lang='lat' dir='ltr'><strong>quoque</strong></span> <span class='ocrx_word' id='word_1_69' title='bbox 1021 1291 1211 1362; x_wconf 86' lang='lat' dir='ltr'><strong>ipsius,</strong></span> <span class='ocrx_word' id='word_1_70' title='bbox 1236 1289 1431 1359; x_wconf 82' lang='lat' dir='ltr'><strong>inquit,</strong></span> <span class='ocrx_word' id='word_1_71' title='bbox 1451 1287 1684 1340; x_wconf 90' lang='lat' dir='ltr'><strong>animam</strong></span> <span class='ocrx_word' id='word_1_72' title='bbox 1715 1282 1908 1352; x_wconf 88' lang='lat' dir='ltr'><strong>perde:</strong></span> <span class='ocrx_word' id='word_1_73' title='bbox 1929 1289 2165 1335; x_wconf 82' lang='lat' dir='ltr'><strong>attamen</strong></span> 
     </span>
    </p>
   </div>
   <div class='ocr_carea' id='block_1_12' title="bbox 592 1373 2169 1451">
    <p class='ocr_par' dir='ltr' id='par_1_12' title="bbox 592 1373 2169 1451">
     <span class='ocr_line' id='line_1_12' title="bbox 592 1373 2169 1451; baseline -0.012 -7"><span class='ocrx_word' id='word_1_74' title='bbox 592 1389 828 1444; x_wconf 89' lang='lat' dir='ltr'><strong>auditur.</strong></span> <span class='ocrx_word' id='word_1_75' title='bbox 862 1386 960 1441; x_wconf 90' lang='lat' dir='ltr'><strong>llei</strong></span> <span class='ocrx_word' id='word_1_76' title='bbox 1009 1383 1179 1439; x_wconf 85' lang='lat' dir='ltr'><strong>mihi!</strong></span> <span class='ocrx_word' id='word_1_77' title='bbox 1235 1382 1284 1436; x_wconf 88' lang='lat' dir='ltr'><strong>ei</strong></span> <span class='ocrx_word' id='word_1_78' title='bbox 1311 1383 1398 1451; x_wconf 91' lang='lat' dir='ltr'><strong>qui</strong></span> <span class='ocrx_word' id='word_1_79' title='bbox 1427 1379 1561 1434; x_wconf 90' lang='lat' dir='ltr'><strong>adeo</strong></span> <span class='ocrx_word' id='word_1_80' title='bbox 1590 1391 1750 1439; x_wconf 70' lang='lat' dir='ltr'><strong>smva,</strong></span> <span class='ocrx_word' id='word_1_81' title='bbox 1782 1383 1837 1429; x_wconf 88' lang='lat' dir='ltr'><strong>et</strong></span> <span class='ocrx_word' id='word_1_82' title='bbox 1864 1373 2087 1428; x_wconf 88' lang='lat' dir='ltr'><strong>immitia</strong></span> <span class='ocrx_word' id='word_1_83' title='bbox 2114 1381 2169 1426; x_wconf 91' lang='lat' dir='ltr'><strong>et</strong></span> 
     </span>
    </p>
   </div>
   <div class='ocr_carea' id='block_1_13' title="bbox 587 1465 2164 1544">
    <p class='ocr_par' dir='ltr' id='par_1_13' title="bbox 587 1465 2164 1544">
     <span class='ocr_line' id='line_1_13' title="bbox 587 1465 2164 1544; baseline -0.012 -10"><span class='ocrx_word' id='word_1_84' title='bbox 587 1480 699 1534; x_wconf 85' lang='lat' dir='ltr'><strong>fera</strong></span> <span class='ocrx_word' id='word_1_85' title='bbox 732 1477 983 1532; x_wconf 89' lang='lat' dir='ltr'><strong>mandata</strong></span> <span class='ocrx_word' id='word_1_86' title='bbox 1009 1472 1258 1544; x_wconf 87' lang='lat' dir='ltr'><strong>imponit,</strong></span> <span class='ocrx_word' id='word_1_87' title='bbox 1276 1471 1418 1526; x_wconf 93' lang='lat' dir='ltr'><strong>dicto</strong></span> <span class='ocrx_word' id='word_1_88' title='bbox 1445 1469 1725 1523; x_wconf 82' lang='lat' dir='ltr'><strong>audientes</strong></span> <span class='ocrx_word' id='word_1_89' title='bbox 1756 1465 1931 1534; x_wconf 81' lang='lat' dir='ltr'><strong>potius</strong></span> <span class='ocrx_word' id='word_1_90' title='bbox 1956 1477 2164 1529; x_wconf 91' lang='lat' dir='ltr'><strong>sumus,</strong></span> 
     </span>
    </p>
   </div>
   <div class='ocr_carea' id='block_1_14' title="bbox 586 1557 2155 1641">
    <p class='ocr_par' dir='ltr' id='par_1_14' title="bbox 586 1557 2155 1641">
     <span class='ocr_line' id='line_1_14' title="bbox 586 1557 2155 1641; baseline -0.01 -15"><span class='ocrx_word' id='word_1_91' title='bbox 586 1586 745 1641; x_wconf 90' lang='lat' dir='ltr'><strong>quam</strong></span> <span class='ocrx_word' id='word_1_92' title='bbox 779 1569 851 1624; x_wconf 86' lang='lat' dir='ltr'><strong>illi</strong></span> <span class='ocrx_word' id='word_1_93' title='bbox 879 1567 1033 1636; x_wconf 89' lang='lat' dir='ltr'><strong>cujus</strong></span> <span class='ocrx_word' id='word_1_94' title='bbox 1063 1565 1197 1620; x_wconf 88' lang='lat' dir='ltr'><strong>levia</strong></span> <span class='ocrx_word' id='word_1_95' title='bbox 1227 1561 1488 1631; x_wconf 82' lang='lat' dir='ltr'><strong>nobisque</strong></span> <span class='ocrx_word' id='word_1_96' title='bbox 1514 1557 1770 1614; x_wconf 88' lang='lat' dir='ltr'><strong>salutaria</strong></span> <span class='ocrx_word' id='word_1_97' title='bbox 1815 1558 1962 1626; x_wconf 89' lang='lat' dir='ltr'><strong>jussa</strong></span> <span class='ocrx_word' id='word_1_98' title='bbox 2007 1562 2155 1610; x_wconf 90' lang='lat' dir='ltr'><strong>sunt.</strong></span> 
     </span>
    </p>
   </div>
   <div class='ocr_carea' id='block_1_15' title="bbox 492 1646 2168 1732">
    <p class='ocr_par' dir='ltr' id='par_1_15' title="bbox 492 1646 2168 1732">
     <span class='ocr_line' id='line_1_15' title="bbox 492 1646 2168 1732; baseline -0.012 -12"><span class='ocrx_word' id='word_1_99' title='bbox 492 1683 494 1685; x_wconf 60' lang='grc'><em>’</em></span> <span class='ocrx_word' id='word_1_100' title='bbox 589 1665 724 1719; x_wconf 90' lang='lat' dir='ltr'><strong>llinc</strong></span> <span class='ocrx_word' id='word_1_101' title='bbox 751 1661 1020 1732; x_wconf 87' lang='lat' dir='ltr'><strong>gehenna,</strong></span> <span class='ocrx_word' id='word_1_102' title='bbox 1050 1657 1177 1712; x_wconf 91' lang='lat' dir='ltr'><strong>hinc</strong></span> <span class='ocrx_word' id='word_1_103' title='bbox 1231 1655 1389 1726; x_wconf 87' lang='lat' dir='ltr'><strong>ignis,</strong></span> <span class='ocrx_word' id='word_1_104' title='bbox 1437 1653 1563 1706; x_wconf 89' lang='lat' dir='ltr'><strong>hinc</strong></span> <span class='ocrx_word' id='word_1_105' title='bbox 1598 1650 1792 1704; x_wconf 90' lang='lat' dir='ltr'><strong>lluvius</strong></span> <span class='ocrx_word' id='word_1_106' title='bbox 1841 1649 1998 1719; x_wconf 91' lang='lat' dir='ltr'><strong>ignis,</strong></span> <span class='ocrx_word' id='word_1_107' title='bbox 2043 1646 2168 1701; x_wconf 91' lang='lat' dir='ltr'><strong>hinc</strong></span> 
     </span>
    </p>
   </div>
   <div class='ocr_carea' id='block_1_16' title="bbox 585 1741 2169 1810">
    <p class='ocr_par' dir='ltr' id='par_1_16' title="bbox 585 1741 2169 1810">
     <span class='ocr_line' id='line_1_16' title="bbox 585 1741 2169 1810; baseline -0.008 -4"><span class='ocrx_word' id='word_1_108' title='bbox 585 1753 785 1809; x_wconf 89' lang='lat' dir='ltr'><strong>vermis</strong></span> <span class='ocrx_word' id='word_1_109' title='bbox 834 1752 994 1805; x_wconf 90' lang='lat' dir='ltr'><strong>linem</strong></span> <span class='ocrx_word' id='word_1_110' title='bbox 1048 1747 1316 1804; x_wconf 90' lang='lat' dir='ltr'><strong>nesciens.</strong></span> <span class='ocrx_word' id='word_1_111' title='bbox 1347 1745 1472 1800; x_wconf 92' lang='lat' dir='ltr'><strong>Scio</strong></span> <span class='ocrx_word' id='word_1_112' title='bbox 1520 1742 1720 1797; x_wconf 86' lang='lat' dir='ltr'><strong>multos</strong></span> <span class='ocrx_word' id='word_1_113' title='bbox 1749 1755 1889 1805; x_wconf 88' lang='lat' dir='ltr'><strong>esse,</strong></span> <span class='ocrx_word' id='word_1_114' title='bbox 1921 1741 2014 1810; x_wconf 89' lang='lat' dir='ltr'><strong>qui</strong></span> <span class='ocrx_word' id='word_1_115' title='bbox 2070 1753 2169 1793; x_wconf 91' lang='lat' dir='ltr'><strong>nos</strong></span> 
     </span>
    </p>
   </div>
   <div class='ocr_carea' id='block_1_17' title="bbox 587 1829 2168 1907">
    <p class='ocr_par' dir='ltr' id='par_1_17' title="bbox 587 1829 2168 1907">
     <span class='ocr_line' id='line_1_17' title="bbox 587 1829 2168 1907; baseline -0.009 -9"><span class='ocrx_word' id='word_1_116' title='bbox 587 1845 701 1899; x_wconf 77' lang='lat' dir='ltr'><strong>lucc</strong></span> <span class='ocrx_word' id='word_1_117' title='bbox 731 1843 972 1898; x_wconf 90' lang='lat' dir='ltr'><strong>dicentes</strong></span> <span class='ocrx_word' id='word_1_118' title='bbox 999 1854 1106 1893; x_wconf 92' lang='lat' dir='ltr'><strong>non</strong></span> <span class='ocrx_word' id='word_1_119' title='bbox 1147 1835 1384 1907; x_wconf 90' lang='lat' dir='ltr'><strong>jucunde</strong></span> <span class='ocrx_word' id='word_1_120' title='bbox 1409 1834 1650 1889; x_wconf 86' lang='lat' dir='ltr'><strong>audiant.</strong></span> <span class='ocrx_word' id='word_1_121' title='bbox 1680 1831 1809 1887; x_wconf 88' lang='lat' dir='ltr'><strong>Nam</strong></span> <span class='ocrx_word' id='word_1_122' title='bbox 1839 1845 2011 1902; x_wconf 90' lang='lat' dir='ltr'><strong>neque</strong></span> <span class='ocrx_word' id='word_1_123' title='bbox 2038 1829 2168 1884; x_wconf 89' lang='lat' dir='ltr'><strong>mihi</strong></span> 
     </span>
    </p>
   </div>
   <div class='ocr_carea' id='block_1_18' title="bbox 586 1923 2168 2004">
    <p class='ocr_par' dir='ltr' id='par_1_18' title="bbox 586 1923 2168 2004">
     <span class='ocr_line' id='line_1_18' title="bbox 586 1923 2168 2004; baseline -0.009 -13"><span class='ocrx_word' id='word_1_124' title='bbox 586 1945 712 1991; x_wconf 90' lang='lat' dir='ltr'><strong>sunt</strong></span> <span class='ocrx_word' id='word_1_125' title='bbox 737 1932 975 2004; x_wconf 85' lang='lat' dir='ltr'><strong>jucunda</strong></span> <span class='ocrx_word' id='word_1_126' title='bbox 1014 1930 1201 1996; x_wconf 91' lang='lat' dir='ltr'><strong>dictu;</strong></span> <span class='ocrx_word' id='word_1_127' title='bbox 1233 1928 1360 1999; x_wconf 90' lang='lat' dir='ltr'><strong>quid</strong></span> <span class='ocrx_word' id='word_1_128' title='bbox 1391 1927 1534 1983; x_wconf 90' lang='lat' dir='ltr'><strong>enim</strong></span> <span class='ocrx_word' id='word_1_129' title='bbox 1582 1925 1666 1980; x_wconf 88' lang='lat' dir='ltr'><strong>bis</strong></span> <span class='ocrx_word' id='word_1_130' title='bbox 1706 1923 1949 1980; x_wconf 87' lang='lat' dir='ltr'><strong>dicendis</strong></span> <span class='ocrx_word' id='word_1_131' title='bbox 1974 1937 2168 1980; x_wconf 87' lang='lat' dir='ltr'><strong>conse-</strong></span> 
     </span>
    </p>
   </div>
   <div class='ocr_carea' id='block_1_19' title="bbox 585 2015 2168 2096">
    <p class='ocr_par' dir='ltr' id='par_1_19' title="bbox 585 2015 2168 2096">
     <span class='ocr_line' id='line_1_19' title="bbox 585 2015 2168 2096; baseline -0.006 -16"><span class='ocrx_word' id='word_1_132' title='bbox 585 2026 766 2096; x_wconf 89' lang='lat' dir='ltr'><strong>quor?</strong></span> <span class='ocrx_word' id='word_1_133' title='bbox 802 2025 1006 2079; x_wconf 86' lang='lat' dir='ltr'><strong>Vellem</strong></span> <span class='ocrx_word' id='word_1_134' title='bbox 1043 2022 1197 2078; x_wconf 81' lang='lat' dir='ltr'><strong>vobis</strong></span> <span class='ocrx_word' id='word_1_135' title='bbox 1243 2029 1504 2091; x_wconf 87' lang='lat' dir='ltr'><strong>perpetuo</strong></span> <span class='ocrx_word' id='word_1_136' title='bbox 1534 2034 1596 2072; x_wconf 88' lang='lat' dir='ltr'><strong>ea</strong></span> <span class='ocrx_word' id='word_1_137' title='bbox 1623 2032 1742 2088; x_wconf 76' lang='lat' dir='ltr'><strong>qua:</strong></span> <span class='ocrx_word' id='word_1_138' title='bbox 1775 2017 1926 2086; x_wconf 89' lang='lat' dir='ltr'><strong>regni</strong></span> <span class='ocrx_word' id='word_1_139' title='bbox 1956 2015 2168 2084; x_wconf 86' lang='lat' dir='ltr'><strong>propria</strong></span> 
     </span>
    </p>
   </div>
   <div class='ocr_carea' id='block_1_20' title="bbox 584 2106 2168 2183">
    <p class='ocr_par' dir='ltr' id='par_1_20' title="bbox 584 2106 2168 2183">
     <span class='ocr_line' id='line_1_20' title="bbox 584 2106 2168 2183; baseline -0.006 -13"><span class='ocrx_word' id='word_1_140' title='bbox 584 2124 709 2171; x_wconf 91' lang='lat' dir='ltr'><strong>sunt</strong></span> <span class='ocrx_word' id='word_1_141' title='bbox 739 2130 982 2181; x_wconf 88' lang='lat' dir='ltr'><strong>narrare,</strong></span> <span class='ocrx_word' id='word_1_142' title='bbox 1011 2113 1251 2183; x_wconf 89' lang='lat' dir='ltr'><strong>requiem</strong></span> <span class='ocrx_word' id='word_1_143' title='bbox 1298 2111 1469 2176; x_wconf 87' lang='lat' dir='ltr'><strong>illam,</strong></span> <span class='ocrx_word' id='word_1_144' title='bbox 1501 2125 1693 2179; x_wconf 87' lang='lat' dir='ltr'><strong>aquam</strong></span> <span class='ocrx_word' id='word_1_145' title='bbox 1733 2108 1889 2177; x_wconf 89' lang='lat' dir='ltr'><strong>plene</strong></span> <span class='ocrx_word' id='word_1_146' title='bbox 1920 2106 2168 2162; x_wconf 81' lang='lat' dir='ltr'><strong>reﬁcien-</strong></span> 
     </span>
    </p>
   </div>
   <div class='ocr_carea' id='block_1_21' title="bbox 587 2198 2171 2273">
    <p class='ocr_par' dir='ltr' id='par_1_21' title="bbox 587 2198 2171 2273">
     <span class='ocr_line' id='line_1_21' title="bbox 587 2198 2171 2273; baseline -0.009 -11"><span class='ocrx_word' id='word_1_147' title='bbox 587 2218 717 2270; x_wconf 86' lang='lat' dir='ltr'><strong>tem,</strong></span> <span class='ocrx_word' id='word_1_148' title='bbox 738 2205 922 2259; x_wconf 90' lang='lat' dir='ltr'><strong>viridia</strong></span> <span class='ocrx_word' id='word_1_149' title='bbox 947 2219 1011 2259; x_wconf 90' lang='lat' dir='ltr'><strong>ac</strong></span> <span class='ocrx_word' id='word_1_150' title='bbox 1031 2204 1153 2259; x_wconf 61' lang='lat' dir='ltr'><strong>laeta</strong></span> <span class='ocrx_word' id='word_1_151' title='bbox 1176 2216 1393 2273; x_wconf 88' lang='lat' dir='ltr'><strong>pascua.</strong></span> <span class='ocrx_word' id='word_1_152' title='bbox 1414 2199 1590 2270; x_wconf 91' lang='lat' dir='ltr'><strong>luquit</strong></span> <span class='ocrx_word' id='word_1_153' title='bbox 1610 2199 1774 2264; x_wconf 88' lang='lat' dir='ltr'><strong>enim,</strong></span> <span class='ocrx_word' id='word_1_154' title='bbox 1794 2198 1966 2266; x_wconf 82' lang='lat' dir='ltr'><strong>Super</strong></span> <span class='ocrx_word' id='word_1_155' title='bbox 1987 2211 2171 2265; x_wconf 83' lang='lat' dir='ltr'><strong>aquam</strong></span> 
     </span>
    </p>
   </div>
   <div class='ocr_carea' id='block_1_22' title="bbox 585 2288 2169 2366">
    <p class='ocr_par' dir='ltr' id='par_1_22' title="bbox 585 2288 2169 2366">
     <span class='ocr_line' id='line_1_22' title="bbox 585 2288 2169 2366; baseline -0.007 -14"><span class='ocrx_word' id='word_1_156' title='bbox 585 2298 869 2366; x_wconf 77' lang='lat' dir='ltr'><strong>refectiouis</strong></span> <span class='ocrx_word' id='word_1_157' title='bbox 897 2295 1128 2350; x_wconf 79' lang='lat' dir='ltr'><strong>educavit</strong></span> <span class='ocrx_word' id='word_1_158' title='bbox 1149 2309 1252 2357; x_wconf 88' lang='lat' dir='ltr'><strong>me,</strong></span> <span class='ocrx_word' id='word_1_159' title='bbox 1283 2302 1332 2346; x_wconf 87' lang='lat' dir='ltr'><strong>et</strong></span> <span class='ocrx_word' id='word_1_160' title='bbox 1360 2292 1414 2344; x_wconf 85' lang='lat' dir='ltr'><strong>in</strong></span> <span class='ocrx_word' id='word_1_161' title='bbox 1437 2289 1548 2344; x_wconf 81' lang='lat' dir='ltr'><strong>loco</strong></span> <span class='ocrx_word' id='word_1_162' title='bbox 1575 2304 1777 2361; x_wconf 75' lang='lat' dir='ltr'><strong>pascua:</strong></span> <span class='ocrx_word' id='word_1_163' title='bbox 1806 2288 1877 2343; x_wconf 88' lang='lat' dir='ltr'><strong>ibi</strong></span> <span class='ocrx_word' id='word_1_164' title='bbox 1902 2305 1983 2342; x_wconf 83' lang='lat' dir='ltr'><strong>me</strong></span> <span class='ocrx_word' id='word_1_165' title='bbox 2006 2289 2169 2342; x_wconf 81' lang='lat' dir='ltr'><strong>collo-</strong></span> 
     </span>
    </p>
   </div>
   <div class='ocr_carea' id='block_1_23' title="bbox 586 2379 2171 2458">
    <p class='ocr_par' dir='ltr' id='par_1_23' title="bbox 586 2379 2171 2458">
     <span class='ocr_line' id='line_1_23' title="bbox 586 2379 2171 2458; baseline -0.004 -17"><span class='ocrx_word' id='word_1_166' title='bbox 586 2389 716 2441; x_wconf 78' lang='lat' dir='ltr'><strong>cavit</strong></span> <span class='ocrx_word' id='word_1_167' title='bbox 745 2385 916 2458; x_wconf 85' lang='lat' dir='ltr'><strong>(Psal.</strong></span> <span class='ocrx_word' id='word_1_168' title='bbox 947 2386 1036 2439; x_wconf 72' lang='lat'><strong>22.</strong></span> <span class='ocrx_word' id='word_1_169' title='bbox 1067 2385 1147 2455; x_wconf 73' lang='grc'><strong>2).</strong></span> <span class='ocrx_word' id='word_1_170' title='bbox 1185 2384 1389 2439; x_wconf 87' lang='lat' dir='ltr'><strong>Vellem</strong></span> <span class='ocrx_word' id='word_1_171' title='bbox 1417 2381 1486 2437; x_wconf 88' lang='lat' dir='ltr'><strong>de</strong></span> <span class='ocrx_word' id='word_1_172' title='bbox 1515 2382 1636 2437; x_wconf 92' lang='lat' dir='ltr'><strong>loco</strong></span> <span class='ocrx_word' id='word_1_173' title='bbox 1661 2381 1752 2436; x_wconf 90' lang='lat' dir='ltr'><strong>illo</strong></span> <span class='ocrx_word' id='word_1_174' title='bbox 1793 2381 1997 2447; x_wconf 88' lang='lat' dir='ltr'><strong>dicere,</strong></span> <span class='ocrx_word' id='word_1_175' title='bbox 2031 2379 2171 2436; x_wconf 90' lang='lat' dir='ltr'><strong>unde</strong></span> 
     </span>
    </p>
   </div>
   <div class='ocr_carea' id='block_1_24' title="bbox 586 2474 2172 2548">
    <p class='ocr_par' dir='ltr' id='par_1_24' title="bbox 586 2474 2172 2548">
     <span class='ocr_line' id='line_1_24' title="bbox 586 2474 2172 2548; baseline -0.004 -13"><span class='ocrx_word' id='word_1_176' title='bbox 586 2480 762 2542; x_wconf 86' lang='lat' dir='ltr'><strong>dolor.</strong></span> <span class='ocrx_word' id='word_1_177' title='bbox 787 2477 1068 2548; x_wconf 76' lang='lat' dir='ltr'><strong>aegritudo,</strong></span> <span class='ocrx_word' id='word_1_178' title='bbox 1100 2477 1274 2530; x_wconf 90' lang='lat' dir='ltr'><strong>luctus</strong></span> <span class='ocrx_word' id='word_1_179' title='bbox 1311 2475 1465 2529; x_wconf 87' lang='lat' dir='ltr'><strong>abest</strong></span> <span class='ocrx_word' id='word_1_180' title='bbox 1499 2492 1513 2528; x_wconf 89' lang='lat'><strong>:</strong></span> <span class='ocrx_word' id='word_1_181' title='bbox 1547 2475 1739 2530; x_wconf 81' lang='lat' dir='ltr'><strong>vellem</strong></span> <span class='ocrx_word' id='word_1_182' title='bbox 1769 2489 1989 2529; x_wconf 89' lang='lat' dir='ltr'><strong>narrare</strong></span> <span class='ocrx_word' id='word_1_183' title='bbox 2019 2474 2172 2529; x_wconf 86' lang='lat' dir='ltr'><strong>volu-</strong></span> 
     </span>
    </p>
   </div>
   <div class='ocr_carea' id='block_1_25' title="bbox 587 2568 2170 2642">
    <p class='ocr_par' dir='ltr' id='par_1_25' title="bbox 587 2568 2170 2642">
     <span class='ocr_line' id='line_1_25' title="bbox 587 2568 2170 2642; baseline -0.002 -17"><span class='ocrx_word' id='word_1_184' title='bbox 587 2579 788 2642; x_wconf 89' lang='lat' dir='ltr'><strong>ptatem</strong></span> <span class='ocrx_word' id='word_1_185' title='bbox 817 2586 934 2640; x_wconf 80' lang='lat' dir='ltr'><strong>qua:</strong></span> <span class='ocrx_word' id='word_1_186' title='bbox 955 2585 1022 2623; x_wconf 82' lang='lat' dir='ltr'><strong>ex</strong></span> <span class='ocrx_word' id='word_1_187' title='bbox 1038 2568 1238 2624; x_wconf 86' lang='lat' dir='ltr'><strong>Christi</strong></span> <span class='ocrx_word' id='word_1_188' title='bbox 1269 2568 1542 2623; x_wconf 91' lang='lat' dir='ltr'><strong>consortio</strong></span> <span class='ocrx_word' id='word_1_189' title='bbox 1570 2568 1813 2638; x_wconf 86' lang='lat' dir='ltr'><strong>capitur;</strong></span> <span class='ocrx_word' id='word_1_190' title='bbox 1848 2583 2170 2638; x_wconf 90' lang='lat' dir='ltr'><strong>quamquam</strong></span> 
     </span>
    </p>
   </div>
   <div class='ocr_carea' id='block_1_26' title="bbox 585 2661 2169 2732">
    <p class='ocr_par' dir='ltr' id='par_1_26' title="bbox 585 2661 2169 2732">
     <span class='ocr_line' id='line_1_26' title="bbox 585 2661 2169 2732; baseline -0.001 -15"><span class='ocrx_word' id='word_1_191' title='bbox 585 2678 799 2717; x_wconf 86' lang='lat' dir='ltr'><strong>omnem</strong></span> <span class='ocrx_word' id='word_1_192' title='bbox 849 2661 1180 2726; x_wconf 79' lang='lat' dir='ltr'><strong>orationem,</strong></span> <span class='ocrx_word' id='word_1_193' title='bbox 1230 2676 1448 2716; x_wconf 88' lang='lat' dir='ltr'><strong>omnem</strong></span> <span class='ocrx_word' id='word_1_194' title='bbox 1489 2661 1868 2732; x_wconf 74' lang='lat' dir='ltr'><strong>cogitationem</strong></span> <span class='ocrx_word' id='word_1_195' title='bbox 1917 2671 2169 2731; x_wconf 89' lang='lat' dir='ltr'><strong>superat:</strong></span> 
     </span>
    </p>
   </div>
   <div class='ocr_carea' id='block_1_27' title="bbox 585 2750 2172 2822">
    <p class='ocr_par' dir='ltr' id='par_1_27' title="bbox 585 2750 2172 2822">
     <span class='ocr_line' id='line_1_27' title="bbox 585 2750 2172 2822; baseline 0.001 -17"><span class='ocrx_word' id='word_1_196' title='bbox 585 2762 954 2806; x_wconf 87' lang='lat' dir='ltr'><strong>verumtamen</strong></span> <span class='ocrx_word' id='word_1_197' title='bbox 1005 2766 1099 2821; x_wconf 85' lang='lat' dir='ltr'><strong>pro</strong></span> <span class='ocrx_word' id='word_1_198' title='bbox 1131 2750 1330 2805; x_wconf 87' lang='lat' dir='ltr'><strong>viribus</strong></span> <span class='ocrx_word' id='word_1_199' title='bbox 1381 2750 1432 2804; x_wconf 92' lang='lat' dir='ltr'><strong>in</strong></span> <span class='ocrx_word' id='word_1_200' title='bbox 1470 2751 1574 2805; x_wconf 90' lang='lat' dir='ltr'><strong>isto</strong></span> <span class='ocrx_word' id='word_1_201' title='bbox 1622 2760 1937 2822; x_wconf 88' lang='lat' dir='ltr'><strong>argumento</strong></span> <span class='ocrx_word' id='word_1_202' title='bbox 1965 2752 2172 2808; x_wconf 83' lang='lat' dir='ltr'><strong>versari</strong></span> 
     </span>
    </p>
   </div>
   <div class='ocr_carea' id='block_1_28' title="bbox 590 2839 2174 2912">
    <p class='ocr_par' dir='ltr' id='par_1_28' title="bbox 590 2839 2174 2912">
     <span class='ocr_line' id='line_1_28' title="bbox 590 2839 2174 2912; baseline 0.001 -17"><span class='ocrx_word' id='word_1_203' title='bbox 590 2843 804 2897; x_wconf 79' lang='lat' dir='ltr'><strong>vellem.</strong></span> <span class='ocrx_word' id='word_1_204' title='bbox 839 2841 945 2897; x_wconf 87' lang='lat' dir='ltr'><strong>Sed</strong></span> <span class='ocrx_word' id='word_1_205' title='bbox 973 2841 1098 2912; x_wconf 92' lang='lat' dir='ltr'><strong>quid</strong></span> <span class='ocrx_word' id='word_1_206' title='bbox 1127 2841 1326 2910; x_wconf 81' lang='lat' dir='ltr'><strong>agam?</strong></span> <span class='ocrx_word' id='word_1_207' title='bbox 1354 2839 1469 2894; x_wconf 89' lang='lat' dir='ltr'><strong>Non</strong></span> <span class='ocrx_word' id='word_1_208' title='bbox 1500 2842 1620 2896; x_wconf 90' lang='lat' dir='ltr'><strong>licet</strong></span> <span class='ocrx_word' id='word_1_209' title='bbox 1646 2841 1712 2896; x_wconf 90' lang='lat' dir='ltr'><strong>ad</strong></span> <span class='ocrx_word' id='word_1_210' title='bbox 1739 2857 1883 2909; x_wconf 91' lang='lat' dir='ltr'><strong>eum,</strong></span> <span class='ocrx_word' id='word_1_211' title='bbox 1915 2841 2010 2912; x_wconf 93' lang='lat' dir='ltr'><strong>qui</strong></span> <span class='ocrx_word' id='word_1_212' title='bbox 2037 2841 2174 2897; x_wconf 85' lang='lat' dir='ltr'><strong>febri</strong></span> 
     </span>
    </p>
   </div>
   <div class='ocr_carea' id='block_1_29' title="bbox 587 2931 2173 3001">
    <p class='ocr_par' dir='ltr' id='par_1_29' title="bbox 587 2931 2173 3001">
     <span class='ocr_line' id='line_1_29' title="bbox 587 2931 2173 3001; baseline 0 -15"><span class='ocrx_word' id='word_1_213' title='bbox 587 2932 840 2987; x_wconf 87' lang='lat' dir='ltr'><strong>laborans</strong></span> <span class='ocrx_word' id='word_1_214' title='bbox 861 2932 1001 2986; x_wconf 88' lang='lat' dir='ltr'><strong>male</strong></span> <span class='ocrx_word' id='word_1_215' title='bbox 1028 2931 1210 2998; x_wconf 85' lang='lat' dir='ltr'><strong>habet,</strong></span> <span class='ocrx_word' id='word_1_216' title='bbox 1229 2931 1297 2986; x_wconf 89' lang='lat' dir='ltr'><strong>de</strong></span> <span class='ocrx_word' id='word_1_217' title='bbox 1325 2946 1490 3001; x_wconf 88' lang='lat' dir='ltr'><strong>regno</strong></span> <span class='ocrx_word' id='word_1_218' title='bbox 1513 2932 1674 2986; x_wconf 85' lang='lat' dir='ltr'><strong>verba</strong></span> <span class='ocrx_word' id='word_1_219' title='bbox 1703 2932 1912 2987; x_wconf 88' lang='lat' dir='ltr'><strong>facere:</strong></span> <span class='ocrx_word' id='word_1_220' title='bbox 1946 2932 2173 2992; x_wconf 90' lang='lat' dir='ltr'><strong>etenim.</strong></span> 
     </span>
    </p>
   </div>
   <div class='ocr_carea' id='block_1_30' title="bbox 587 3021 2173 3088">
    <p class='ocr_par' dir='ltr' id='par_1_30' title="bbox 587 3021 2173 3088">
     <span class='ocr_line' id='line_1_30' title="bbox 587 3021 2173 3088; baseline 0 -9"><span class='ocrx_word' id='word_1_221' title='bbox 587 3023 714 3079; x_wconf 91' lang='lat' dir='ltr'><strong>dum</strong></span> <span class='ocrx_word' id='word_1_222' title='bbox 743 3023 814 3078; x_wconf 88' lang='lat' dir='ltr'><strong>ita</strong></span> <span class='ocrx_word' id='word_1_223' title='bbox 841 3021 1022 3088; x_wconf 86' lang='lat' dir='ltr'><strong>habet,</strong></span> <span class='ocrx_word' id='word_1_224' title='bbox 1055 3021 1124 3077; x_wconf 91' lang='lat' dir='ltr'><strong>de</strong></span> <span class='ocrx_word' id='word_1_225' title='bbox 1152 3022 1382 3076; x_wconf 80' lang='lat' dir='ltr'><strong>sanitate</strong></span> <span class='ocrx_word' id='word_1_226' title='bbox 1408 3022 1778 3078; x_wconf 88' lang='lat' dir='ltr'><strong>disserendum</strong></span> <span class='ocrx_word' id='word_1_227' title='bbox 1810 3033 1912 3078; x_wconf 88' lang='lat' dir='ltr'><strong>est.</strong></span> <span class='ocrx_word' id='word_1_228' title='bbox 1939 3023 2055 3078; x_wconf 81' lang='lat' dir='ltr'><strong>Non</strong></span> <span class='ocrx_word' id='word_1_229' title='bbox 2087 3039 2173 3080; x_wconf 65' lang='lat' dir='ltr'><strong>reo</strong></span> 
     </span>
    </p>
   </div>
   <div class='ocr_carea' id='block_1_31' title="bbox 586 3114 2169 3186">
    <p class='ocr_par' dir='ltr' id='par_1_31' title="bbox 586 3114 2169 3186">
     <span class='ocr_line' id='line_1_31' title="bbox 586 3114 2169 3186; baseline 0.001 -16"><span class='ocrx_word' id='word_1_230' title='bbox 586 3123 675 3170; x_wconf 88' lang='lat' dir='ltr'><strong>cte</strong></span> <span class='ocrx_word' id='word_1_231' title='bbox 704 3116 751 3171; x_wconf 89' lang='lat' dir='ltr'><strong>ei</strong></span> <span class='ocrx_word' id='word_1_232' title='bbox 783 3116 869 3186; x_wconf 87' lang='lat' dir='ltr'><strong>qui</strong></span> <span class='ocrx_word' id='word_1_233' title='bbox 899 3130 1071 3185; x_wconf 67' lang='lat' dir='ltr'><strong>penna:</strong></span> <span class='ocrx_word' id='word_1_234' title='bbox 1097 3115 1362 3170; x_wconf 78' lang='lat' dir='ltr'><strong>obnoxius</strong></span> <span class='ocrx_word' id='word_1_235' title='bbox 1391 3125 1473 3169; x_wconf 77' lang='grc' dir='ltr'><strong>ρει</strong></span> <span class='ocrx_word' id='word_1_236' title='bbox 1503 3114 1570 3170; x_wconf 90' lang='lat' dir='ltr'><strong>de</strong></span> <span class='ocrx_word' id='word_1_237' title='bbox 1601 3120 1804 3170; x_wconf 81' lang='lat' dir='ltr'><strong>honore</strong></span> <span class='ocrx_word' id='word_1_238' title='bbox 1830 3115 2124 3172; x_wconf 81' lang='lat' dir='ltr'><strong>disseretur</strong></span> <span class='ocrx_word' id='word_1_239' title='bbox 2155 3135 2169 3171; x_wconf 90' lang='lat'><strong>:</strong></span> 
     </span>
    </p>
   </div>
   <div class='ocr_carea' id='block_1_32' title="bbox 588 3205 2174 3280">
    <p class='ocr_par' dir='ltr' id='par_1_32' title="bbox 588 3205 2174 3280">
     <span class='ocr_line' id='line_1_32' title="bbox 588 3205 2174 3280; baseline 0.003 -20"><span class='ocrx_word' id='word_1_240' title='bbox 588 3219 729 3261; x_wconf 91' lang='lat' dir='ltr'><strong>nunc</strong></span> <span class='ocrx_word' id='word_1_241' title='bbox 757 3206 900 3261; x_wconf 91' lang='lat' dir='ltr'><strong>enim</strong></span> <span class='ocrx_word' id='word_1_242' title='bbox 931 3205 1033 3260; x_wconf 91' lang='lat' dir='ltr'><strong>hoc</strong></span> <span class='ocrx_word' id='word_1_243' title='bbox 1059 3221 1221 3260; x_wconf 91' lang='lat' dir='ltr'><strong>unum</strong></span> <span class='ocrx_word' id='word_1_244' title='bbox 1246 3207 1504 3274; x_wconf 58' lang='lat' dir='ltr'><strong>quaeritur</strong></span> <span class='ocrx_word' id='word_1_245' title='bbox 1530 3247 1545 3272; x_wconf 92' lang='lat'><strong>,</strong></span> <span class='ocrx_word' id='word_1_246' title='bbox 1576 3221 1607 3259; x_wconf 91' lang='lat' dir='ltr'><strong>a</strong></span> <span class='ocrx_word' id='word_1_247' title='bbox 1634 3221 1791 3275; x_wconf 72' lang='lat' dir='ltr'><strong>ptena</strong></span> <span class='ocrx_word' id='word_1_248' title='bbox 1818 3217 1873 3262; x_wconf 88' lang='lat' dir='ltr'><strong>et</strong></span> <span class='ocrx_word' id='word_1_249' title='bbox 1909 3211 2174 3280; x_wconf 86' lang='lat' dir='ltr'><strong>supplicio</strong></span> 
     </span>
    </p>
   </div>
   <div class='ocr_carea' id='block_1_33' title="bbox 589 3296 2175 3368">
    <p class='ocr_par' dir='ltr' id='par_1_33' title="bbox 589 3296 2175 3368">
     <span class='ocr_line' id='line_1_33' title="bbox 589 3296 2175 3368; baseline 0.006 -19"><span class='ocrx_word' id='word_1_250' title='bbox 589 3297 808 3352; x_wconf 88' lang='lat' dir='ltr'><strong>liberari</strong></span> <span class='ocrx_word' id='word_1_251' title='bbox 841 3315 853 3349; x_wconf 88' lang='lat'><strong>:</strong></span> <span class='ocrx_word' id='word_1_252' title='bbox 889 3296 992 3351; x_wconf 91' lang='lat' dir='ltr'><strong>nisi</strong></span> <span class='ocrx_word' id='word_1_253' title='bbox 1023 3297 1125 3350; x_wconf 90' lang='lat' dir='ltr'><strong>hoc</strong></span> <span class='ocrx_word' id='word_1_254' title='bbox 1152 3311 1565 3366; x_wconf 88' lang='lat' dir='ltr'><strong>consequamur,</strong></span> <span class='ocrx_word' id='word_1_255' title='bbox 1587 3300 1858 3368; x_wconf 91' lang='lat' dir='ltr'><strong>quomodo</strong></span> <span class='ocrx_word' id='word_1_256' title='bbox 1886 3301 2016 3357; x_wconf 92' lang='lat' dir='ltr'><strong>illud</strong></span> <span class='ocrx_word' id='word_1_257' title='bbox 2043 3318 2175 3359; x_wconf 89' lang='lat' dir='ltr'><strong>con-</strong></span> 
     </span>
    </p>
   </div>
   <div class='ocr_carea' id='block_1_34' title="bbox 589 3387 2173 3463">
    <p class='ocr_par' dir='ltr' id='par_1_34' title="bbox 589 3387 2173 3463">
     <span class='ocr_line' id='line_1_34' title="bbox 589 3387 2173 3463; baseline 0.006 -21"><span class='ocrx_word' id='word_1_258' title='bbox 589 3390 921 3457; x_wconf 77' lang='lat' dir='ltr'><strong>sequemur?</strong></span> <span class='ocrx_word' id='word_1_259' title='bbox 964 3387 1253 3456; x_wconf 88' lang='lat' dir='ltr'><strong>Propterea</strong></span> <span class='ocrx_word' id='word_1_260' title='bbox 1297 3387 1363 3442; x_wconf 91' lang='lat' dir='ltr'><strong>de</strong></span> <span class='ocrx_word' id='word_1_261' title='bbox 1393 3387 1477 3444; x_wconf 89' lang='lat' dir='ltr'><strong>his</strong></span> <span class='ocrx_word' id='word_1_262' title='bbox 1507 3389 1720 3445; x_wconf 89' lang='lat' dir='ltr'><strong>assidue</strong></span> <span class='ocrx_word' id='word_1_263' title='bbox 1769 3391 1980 3463; x_wconf 90' lang='lat' dir='ltr'><strong>loquor,</strong></span> <span class='ocrx_word' id='word_1_264' title='bbox 2013 3403 2070 3449; x_wconf 92' lang='lat' dir='ltr'><strong>ut</strong></span> <span class='ocrx_word' id='word_1_265' title='bbox 2106 3397 2173 3453; x_wconf 89' lang='lat' dir='ltr'><strong>ad</strong></span> 
     </span>
    </p>
   </div>
   <div class='ocr_carea' id='block_1_35' title="bbox 587 3477 2174 3558">
    <p class='ocr_par' dir='ltr' id='par_1_35' title="bbox 587 3477 2174 3558">
     <span class='ocr_line' id='line_1_35' title="bbox 587 3477 2174 3558; baseline 0.008 -27"><span class='ocrx_word' id='word_1_266' title='bbox 587 3477 679 3532; x_wconf 87' lang='lat' dir='ltr'><strong>illa</strong></span> <span class='ocrx_word' id='word_1_267' title='bbox 709 3479 870 3532; x_wconf 85' lang='lat' dir='ltr'><strong>citius</strong></span> <span class='ocrx_word' id='word_1_268' title='bbox 895 3478 1195 3532; x_wconf 85' lang='lat' dir='ltr'><strong>veniamus.</strong></span> <span class='ocrx_word' id='word_1_269' title='bbox 1225 3477 1356 3532; x_wconf 89' lang='lat' dir='ltr'><strong>Nam</strong></span> <span class='ocrx_word' id='word_1_270' title='bbox 1385 3489 1440 3533; x_wconf 89' lang='lat' dir='ltr'><strong>et</strong></span> <span class='ocrx_word' id='word_1_271' title='bbox 1486 3479 1627 3535; x_wconf 88' lang='lat' dir='ltr'><strong>Deus</strong></span> <span class='ocrx_word' id='word_1_272' title='bbox 1654 3481 1768 3551; x_wconf 80' lang='lat' dir='ltr'><strong>ipse</strong></span> <span class='ocrx_word' id='word_1_273' title='bbox 1814 3485 1935 3540; x_wconf 89' lang='lat' dir='ltr'><strong>ideo</strong></span> <span class='ocrx_word' id='word_1_274' title='bbox 1971 3489 2174 3558; x_wconf 86' lang='lat' dir='ltr'><strong>gehen-</strong></span> 
     </span>
    </p>
   </div>
   <div class='ocr_carea' id='block_1_36' title="bbox 587 3571 2173 3646">
    <p class='ocr_par' dir='ltr' id='par_1_36' title="bbox 587 3571 2173 3646">
     <span class='ocr_line' id='line_1_36' title="bbox 587 3571 2173 3646; baseline 0.008 -23"><span class='ocrx_word' id='word_1_275' title='bbox 587 3586 710 3624; x_wconf 91' lang='lat' dir='ltr'><strong>nam</strong></span> <span class='ocrx_word' id='word_1_276' title='bbox 738 3571 972 3624; x_wconf 87' lang='lat' dir='ltr'><strong>minatus</strong></span> <span class='ocrx_word' id='word_1_277' title='bbox 1002 3581 1106 3636; x_wconf 91' lang='lat' dir='ltr'><strong>est,</strong></span> <span class='ocrx_word' id='word_1_278' title='bbox 1141 3579 1199 3625; x_wconf 92' lang='lat' dir='ltr'><strong>ut</strong></span> <span class='ocrx_word' id='word_1_279' title='bbox 1228 3587 1388 3626; x_wconf 90' lang='lat' dir='ltr'><strong>nemo</strong></span> <span class='ocrx_word' id='word_1_280' title='bbox 1419 3572 1471 3626; x_wconf 91' lang='lat' dir='ltr'><strong>in</strong></span> <span class='ocrx_word' id='word_1_281' title='bbox 1521 3572 1820 3643; x_wconf 77' lang='lat' dir='ltr'><strong>&quot;gehennam</strong></span> <span class='ocrx_word' id='word_1_282' title='bbox 1852 3577 2086 3646; x_wconf 90' lang='lat' dir='ltr'><strong>decidat,</strong></span> <span class='ocrx_word' id='word_1_283' title='bbox 2115 3594 2173 3636; x_wconf 92' lang='lat' dir='ltr'><strong>ut</strong></span> 
     </span>
    </p>
   </div>
   <div class='ocr_carea' id='block_1_37' title="bbox 585 3665 2172 3740">
    <p class='ocr_par' dir='ltr' id='par_1_37' title="bbox 585 3665 2172 3740">
     <span class='ocr_line' id='line_1_37' title="bbox 585 3665 2172 3740; baseline 0.008 -24"><span class='ocrx_word' id='word_1_284' title='bbox 585 3677 775 3717; x_wconf 88' lang='lat' dir='ltr'><strong>omnes</strong></span> <span class='ocrx_word' id='word_1_285' title='bbox 803 3677 1030 3733; x_wconf 81' lang='lat' dir='ltr'><strong>regnum</strong></span> <span class='ocrx_word' id='word_1_286' title='bbox 1055 3678 1431 3734; x_wconf 89' lang='lat' dir='ltr'><strong>assequamur.</strong></span> <span class='ocrx_word' id='word_1_287' title='bbox 1463 3665 1525 3719; x_wconf 88' lang='lat' dir='ltr'><strong>Et</strong></span> <span class='ocrx_word' id='word_1_288' title='bbox 1552 3681 1651 3721; x_wconf 88' lang='lat' dir='ltr'><strong>nos</strong></span> <span class='ocrx_word' id='word_1_289' title='bbox 1678 3667 1880 3725; x_wconf 91' lang='lat' dir='ltr'><strong>idcirco</strong></span> <span class='ocrx_word' id='word_1_290' title='bbox 1909 3673 2172 3740; x_wconf 78' lang='lat' dir='ltr'><strong>gehennte</strong></span> 
     </span>
    </p>
   </div>
   <div class='ocr_carea' id='block_1_38' title="bbox 587 3756 2173 3831">
    <p class='ocr_par' dir='ltr' id='par_1_38' title="bbox 587 3756 2173 3831">
     <span class='ocr_line' id='line_1_38' title="bbox 587 3756 2173 3831; baseline 0.007 -22"><span class='ocrx_word' id='word_1_291' title='bbox 587 3765 848 3827; x_wconf 89' lang='lat' dir='ltr'><strong>perpetuo</strong></span> <span class='ocrx_word' id='word_1_292' title='bbox 891 3756 1220 3811; x_wconf 90' lang='lat' dir='ltr'><strong>mentionem</strong></span> <span class='ocrx_word' id='word_1_293' title='bbox 1251 3757 1498 3824; x_wconf 82' lang='lat' dir='ltr'><strong>facimus,</strong></span> <span class='ocrx_word' id='word_1_294' title='bbox 1531 3767 1590 3812; x_wconf 91' lang='lat' dir='ltr'><strong>ut</strong></span> <span class='ocrx_word' id='word_1_295' title='bbox 1617 3759 1682 3814; x_wconf 91' lang='lat' dir='ltr'><strong>ad</strong></span> <span class='ocrx_word' id='word_1_296' title='bbox 1711 3777 1934 3831; x_wconf 83' lang='lat' dir='ltr'><strong>regnum</strong></span> <span class='ocrx_word' id='word_1_297' title='bbox 1968 3779 2065 3820; x_wconf 90' lang='lat' dir='ltr'><strong>vos</strong></span> <span class='ocrx_word' id='word_1_298' title='bbox 2092 3767 2173 3820; x_wconf 79' lang='lat' dir='ltr'><strong>in-</strong></span> 
     </span>
    </p>
   </div>
   <div class='ocr_carea' id='block_1_39' title="bbox 589 3846 2170 3919">
    <p class='ocr_par' dir='ltr' id='par_1_39' title="bbox 589 3846 2170 3919">
     <span class='ocr_line' id='line_1_39' title="bbox 589 3846 2170 3919; baseline 0.006 -19"><span class='ocrx_word' id='word_1_299' title='bbox 589 3846 839 3911; x_wconf 89' lang='lat' dir='ltr'><strong>citemus,</strong></span> <span class='ocrx_word' id='word_1_300' title='bbox 870 3855 929 3900; x_wconf 93' lang='lat' dir='ltr'><strong>ut</strong></span> <span class='ocrx_word' id='word_1_301' title='bbox 958 3856 1168 3902; x_wconf 89' lang='lat' dir='ltr'><strong>mentes</strong></span> <span class='ocrx_word' id='word_1_302' title='bbox 1190 3857 1402 3902; x_wconf 88' lang='lat' dir='ltr'><strong>vestras</strong></span> <span class='ocrx_word' id='word_1_303' title='bbox 1433 3849 1626 3904; x_wconf 88' lang='lat' dir='ltr'><strong>timore</strong></span> <span class='ocrx_word' id='word_1_304' title='bbox 1659 3851 1985 3919; x_wconf 89' lang='lat' dir='ltr'><strong>mollientes,</strong></span> <span class='ocrx_word' id='word_1_305' title='bbox 2018 3856 2084 3910; x_wconf 91' lang='lat' dir='ltr'><strong>ad</strong></span> <span class='ocrx_word' id='word_1_306' title='bbox 2107 3872 2170 3912; x_wconf 89' lang='lat' dir='ltr'><strong>ea</strong></span> 
     </span>
    </p>
   </div>
   <div class='ocr_carea' id='block_1_40' title="bbox 586 3935 2174 4018">
    <p class='ocr_par' dir='ltr' id='par_1_40' title="bbox 586 3935 2174 4018">
     <span class='ocr_line' id='line_1_40' title="bbox 586 3935 2174 4018; baseline 0.01 -30"><span class='ocrx_word' id='word_1_307' title='bbox 586 3950 707 4005; x_wconf 68' lang='lat' dir='ltr'><strong>qua:</strong></span> <span class='ocrx_word' id='word_1_308' title='bbox 734 3951 900 4006; x_wconf 91' lang='lat' dir='ltr'><strong>regno</strong></span> <span class='ocrx_word' id='word_1_309' title='bbox 921 3935 1079 4006; x_wconf 87' lang='lat' dir='ltr'><strong>digna</strong></span> <span class='ocrx_word' id='word_1_310' title='bbox 1108 3946 1233 3992; x_wconf 89' lang='lat' dir='ltr'><strong>sunt</strong></span> <span class='ocrx_word' id='word_1_311' title='bbox 1254 3936 1520 4002; x_wconf 87' lang='lat' dir='ltr'><strong>facienda,</strong></span> <span class='ocrx_word' id='word_1_312' title='bbox 1543 3953 1887 4010; x_wconf 89' lang='lat' dir='ltr'><strong>apparemus.</strong></span> <span class='ocrx_word' id='word_1_313' title='bbox 1909 3944 1988 4002; x_wconf 87' lang='lat' dir='ltr'><strong>Ne</strong></span> <span class='ocrx_word' id='word_1_314' title='bbox 2015 3948 2174 4018; x_wconf 90' lang='lat' dir='ltr'><strong>igitur</strong></span> 
     </span>
    </p>
   </div>
   <div class='ocr_carea' id='block_1_41' title="bbox 585 4026 2175 4102">
    <p class='ocr_par' dir='ltr' id='par_1_41' title="bbox 585 4026 2175 4102">
     <span class='ocr_line' id='line_1_41' title="bbox 585 4026 2175 4102; baseline 0.01 -20"><span class='ocrx_word' id='word_1_315' title='bbox 585 4042 729 4098; x_wconf 68' lang='lat' dir='ltr'><strong>aegre</strong></span> <span class='ocrx_word' id='word_1_316' title='bbox 756 4026 938 4084; x_wconf 74' lang='lat' dir='ltr'><strong>feratis</strong></span> <span class='ocrx_word' id='word_1_317' title='bbox 965 4031 1251 4086; x_wconf 86' lang='lat' dir='ltr'><strong>verborum</strong></span> <span class='ocrx_word' id='word_1_318' title='bbox 1276 4031 1598 4102; x_wconf 89' lang='lat' dir='ltr'><strong>gravitatem</strong></span> <span class='ocrx_word' id='word_1_319' title='bbox 1625 4051 1636 4086; x_wconf 95' lang='lat'><strong>:</strong></span> <span class='ocrx_word' id='word_1_320' title='bbox 1669 4032 1860 4091; x_wconf 87' lang='lat' dir='ltr'><strong>horum</strong></span> <span class='ocrx_word' id='word_1_321' title='bbox 1884 4041 2028 4095; x_wconf 87' lang='lat' dir='ltr'><strong>enim</strong></span> <span class='ocrx_word' id='word_1_322' title='bbox 2054 4058 2175 4098; x_wconf 85' lang='lat' dir='ltr'><strong>ver-</strong></span> 
     </span>
    </p>
   </div>
   <div class='ocr_carea' id='block_1_42' title="bbox 590 4117 2170 4205">
    <p class='ocr_par' dir='ltr' id='par_1_42' title="bbox 590 4117 2170 4205">
     <span class='ocr_line' id='line_1_42' title="bbox 590 4117 2170 4205; baseline 0.007 -32"><span class='ocrx_word' id='word_1_323' title='bbox 590 4117 781 4175; x_wconf 85' lang='lat' dir='ltr'><strong>borum</strong></span> <span class='ocrx_word' id='word_1_324' title='bbox 807 4122 1038 4191; x_wconf 85' lang='lat' dir='ltr'><strong>gravitas</strong></span> <span class='ocrx_word' id='word_1_325' title='bbox 1065 4123 1212 4179; x_wconf 89' lang='lat' dir='ltr'><strong>leves</strong></span> <span class='ocrx_word' id='word_1_326' title='bbox 1240 4123 1416 4179; x_wconf 90' lang='lat' dir='ltr'><strong>reddit</strong></span> <span class='ocrx_word' id='word_1_327' title='bbox 1447 4124 1655 4180; x_wconf 86' lang='lat' dir='ltr'><strong>animas</strong></span> <span class='ocrx_word' id='word_1_328' title='bbox 1676 4139 1888 4186; x_wconf 88' lang='lat' dir='ltr'><strong>nostras</strong></span> <span class='ocrx_word' id='word_1_329' title='bbox 1916 4147 1946 4188; x_wconf 90' lang='lat' dir='ltr'><strong>a</strong></span> <span class='ocrx_word' id='word_1_330' title='bbox 1979 4151 2170 4205; x_wconf 85' lang='lat' dir='ltr'><strong>pecca-</strong></span> 
     </span>
    </p>
   </div>
   <div class='ocr_carea' id='block_1_43' title="bbox 585 4248 2574 4294">
    <p class='ocr_par' dir='ltr' id='par_1_43' title="bbox 585 4248 2574 4294">
     <span class='ocr_line' id='line_1_43' title="bbox 585 4248 2574 4294; baseline 0 -28"><span class='ocrx_word' id='word_1_331' title='bbox 585 4248 2574 4294; x_wconf 42' lang='grc' dir='ltr'><strong>...η-...Ἥῂ-</strong></span> 
     </span>
    </p>
   </div>
   <div class='ocr_carea' id='block_1_44' title="bbox 1279 328 3080 406">
    <p class='ocr_par' dir='ltr' id='par_1_44' title="bbox 1279 328 3080 406">
     <span class='ocr_line' id='line_1_44' title="bbox 1279 328 3080 406; baseline -0.009 0"><span class='ocrx_word' id='word_1_332' title='bbox 1279 348 1334 406; x_wconf 89' lang='lat' dir='ltr'><strong>S.</strong></span> <span class='ocrx_word' id='word_1_333' title='bbox 1372 341 1649 404; x_wconf 70' lang='lat' dir='ltr'><strong>JOANNIS</strong></span> <span class='ocrx_word' id='word_1_334' title='bbox 1681 329 2152 398; x_wconf 72' lang='lat' dir='ltr'><strong>CHRYSOSTOMI</strong></span> <span class='ocrx_word' id='word_1_335' title='bbox 2191 328 2506 390; x_wconf 76' lang='lat' dir='ltr'><strong>ARClllEP.</strong></span> <span class='ocrx_word' id='word_1_336' title='bbox 2546 333 3080 392; x_wconf 79' lang='lat' dir='ltr'><strong>CONSTANTINOP.</strong></span> 
     </span>
    </p>
   </div>
   <div class='ocr_carea' id='block_1_45' title="bbox 3753 335 3864 394">
    <p class='ocr_par' dir='ltr' id='par_1_45' title="bbox 3753 335 3864 394">
     <span class='ocr_line' id='line_1_45' title="bbox 3753 335 3864 394; baseline 0.027 -3"><span class='ocrx_word' id='word_1_337' title='bbox 3753 335 3864 394; x_wconf 72' lang='grc'><strong>228</strong></span> 
     </span>
    </p>
   </div>
   <div class='ocr_carea' id='block_1_46' title="bbox 2277 449 3853 520">
    <p class='ocr_par' dir='ltr' id='par_1_46' title="bbox 2277 449 3853 520">
     <span class='ocr_line' id='line_1_46' title="bbox 2277 449 3853 520; baseline 0.004 -18"><span class='ocrx_word' id='word_1_338' title='bbox 2277 457 2454 502; x_wconf 91' lang='lat' dir='ltr'><strong>torum</strong></span> <span class='ocrx_word' id='word_1_339' title='bbox 2482 449 2737 520; x_wconf 88' lang='lat' dir='ltr'><strong>pondere.</strong></span> <span class='ocrx_word' id='word_1_340' title='bbox 2761 449 2893 505; x_wconf 83' lang='lat' dir='ltr'><strong>Nam</strong></span> <span class='ocrx_word' id='word_1_341' title='bbox 2922 461 2976 506; x_wconf 89' lang='lat' dir='ltr'><strong>et</strong></span> <span class='ocrx_word' id='word_1_342' title='bbox 3003 449 3204 504; x_wconf 86' lang='lat' dir='ltr'><strong>ferrum</strong></span> <span class='ocrx_word' id='word_1_343' title='bbox 3229 464 3392 519; x_wconf 90' lang='lat' dir='ltr'><strong>grave</strong></span> <span class='ocrx_word' id='word_1_344' title='bbox 3415 458 3516 514; x_wconf 87' lang='lat' dir='ltr'><strong>est,</strong></span> <span class='ocrx_word' id='word_1_345' title='bbox 3545 460 3600 506; x_wconf 90' lang='lat' dir='ltr'><strong>et</strong></span> <span class='ocrx_word' id='word_1_346' title='bbox 3623 451 3853 508; x_wconf 84' lang='lat' dir='ltr'><strong>malleus</strong></span> 
     </span>
    </p>
   </div>
   <div class='ocr_carea' id='block_1_47' title="bbox 2270 543 3865 615">
    <p class='ocr_par' dir='ltr' id='par_1_47' title="bbox 2270 543 3865 615">
     <span class='ocr_line' id='line_1_47' title="bbox 2270 543 3865 615; baseline 0.004 -19"><span class='ocrx_word' id='word_1_347' title='bbox 2270 543 2485 612; x_wconf 87' lang='lat' dir='ltr'><strong>gravis;</strong></span> <span class='ocrx_word' id='word_1_348' title='bbox 2540 553 2776 598; x_wconf 87' lang='lat' dir='ltr'><strong>attamen</strong></span> <span class='ocrx_word' id='word_1_349' title='bbox 2827 543 3026 598; x_wconf 75' lang='lat' dir='ltr'><strong>facium</strong></span> <span class='ocrx_word' id='word_1_350' title='bbox 3055 559 3180 598; x_wconf 72' lang='lat' dir='ltr'><strong>vasa</strong></span> <span class='ocrx_word' id='word_1_351' title='bbox 3210 559 3371 598; x_wconf 88' lang='lat' dir='ltr'><strong>aurea</strong></span> <span class='ocrx_word' id='word_1_352' title='bbox 3402 555 3457 598; x_wconf 89' lang='lat' dir='ltr'><strong>ct</strong></span> <span class='ocrx_word' id='word_1_353' title='bbox 3498 555 3774 615; x_wconf 85' lang='lat' dir='ltr'><strong>argentea,</strong></span> <span class='ocrx_word' id='word_1_354' title='bbox 3804 557 3865 602; x_wconf 89' lang='lat' dir='ltr'><strong>et</strong></span> 
     </span>
    </p>
   </div>
   <div class='ocr_carea' id='block_1_48' title="bbox 2272 632 3855 705">
    <p class='ocr_par' dir='ltr' id='par_1_48' title="bbox 2272 632 3855 705">
     <span class='ocr_line' id='line_1_48' title="bbox 2272 632 3855 705; baseline 0.003 -17"><span class='ocrx_word' id='word_1_355' title='bbox 2272 649 2390 703; x_wconf 87' lang='lat' dir='ltr'><strong>quae</strong></span> <span class='ocrx_word' id='word_1_356' title='bbox 2417 632 2640 688; x_wconf 89' lang='lat' dir='ltr'><strong>distorta</strong></span> <span class='ocrx_word' id='word_1_357' title='bbox 2673 644 2798 688; x_wconf 92' lang='lat' dir='ltr'><strong>sunt</strong></span> <span class='ocrx_word' id='word_1_358' title='bbox 2827 634 3064 704; x_wconf 84' lang='lat' dir='ltr'><strong>dirigunt</strong></span> <span class='ocrx_word' id='word_1_359' title='bbox 3091 652 3105 688; x_wconf 94' lang='lat'><strong>:</strong></span> <span class='ocrx_word' id='word_1_360' title='bbox 3137 634 3280 703; x_wconf 90' lang='lat' dir='ltr'><strong>quod</strong></span> <span class='ocrx_word' id='word_1_361' title='bbox 3310 634 3411 688; x_wconf 90' lang='lat' dir='ltr'><strong>nisi</strong></span> <span class='ocrx_word' id='word_1_362' title='bbox 3439 635 3621 705; x_wconf 86' lang='lat' dir='ltr'><strong>gravia</strong></span> <span class='ocrx_word' id='word_1_363' title='bbox 3649 648 3855 702; x_wconf 88' lang='lat' dir='ltr'><strong>essent,</strong></span> 
     </span>
    </p>
   </div>
   <div class='ocr_carea' id='block_1_49' title="bbox 2272 725 3862 798">
    <p class='ocr_par' dir='ltr' id='par_1_49' title="bbox 2272 725 3862 798">
     <span class='ocr_line' id='line_1_49' title="bbox 2272 725 3862 798; baseline 0.004 -18"><span class='ocrx_word' id='word_1_364' title='bbox 2272 725 2554 781; x_wconf 85' lang='lat' dir='ltr'><strong>distortam</strong></span> <span class='ocrx_word' id='word_1_365' title='bbox 2584 727 2864 781; x_wconf 84' lang='lat' dir='ltr'><strong>materiam</strong></span> <span class='ocrx_word' id='word_1_366' title='bbox 2892 727 3128 797; x_wconf 87' lang='lat' dir='ltr'><strong>dirigere</strong></span> <span class='ocrx_word' id='word_1_367' title='bbox 3158 727 3466 798; x_wconf 88' lang='lat' dir='ltr'><strong>neutiquam</strong></span> <span class='ocrx_word' id='word_1_368' title='bbox 3514 739 3749 797; x_wconf 85' lang='lat' dir='ltr'><strong>possent.</strong></span> <span class='ocrx_word' id='word_1_369' title='bbox 3781 731 3862 786; x_wconf 79' lang='lat' dir='ltr'><strong>Ita</strong></span> 
     </span>
    </p>
   </div>
   <div class='ocr_carea' id='block_1_50' title="bbox 2273 817 3858 889">
    <p class='ocr_par' dir='ltr' id='par_1_50' title="bbox 2273 817 3858 889">
     <span class='ocr_line' id='line_1_50' title="bbox 2273 817 3858 889; baseline 0 -18"><span class='ocrx_word' id='word_1_370' title='bbox 2273 817 2433 871; x_wconf 91' lang='lat' dir='ltr'><strong>etiam</strong></span> <span class='ocrx_word' id='word_1_371' title='bbox 2457 819 2635 887; x_wconf 88' lang='lat' dir='ltr'><strong>gravis</strong></span> <span class='ocrx_word' id='word_1_372' title='bbox 2656 832 2838 872; x_wconf 85' lang='lat' dir='ltr'><strong>sermo</strong></span> <span class='ocrx_word' id='word_1_373' title='bbox 2856 827 3042 873; x_wconf 89' lang='lat' dir='ltr'><strong>noster</strong></span> <span class='ocrx_word' id='word_1_374' title='bbox 3058 833 3386 887; x_wconf 79' lang='lat' dir='ltr'><strong>componere</strong></span> <span class='ocrx_word' id='word_1_375' title='bbox 3404 818 3638 874; x_wconf 89' lang='lat' dir='ltr'><strong>animam</strong></span> <span class='ocrx_word' id='word_1_376' title='bbox 3658 829 3858 889; x_wconf 89' lang='lat' dir='ltr'><strong>potest.</strong></span> 
     </span>
    </p>
   </div>
   <div class='ocr_carea' id='block_1_51' title="bbox 2275 906 3864 980">
    <p class='ocr_par' dir='ltr' id='par_1_51' title="bbox 2275 906 3864 980">
     <span class='ocr_line' id='line_1_51' title="bbox 2275 906 3864 980; baseline 0.004 -20"><span class='ocrx_word' id='word_1_377' title='bbox 2275 906 2572 962; x_wconf 84' lang='lat' dir='ltr'><strong>Verborum</strong></span> <span class='ocrx_word' id='word_1_378' title='bbox 2605 908 2763 978; x_wconf 90' lang='lat' dir='ltr'><strong>igitur</strong></span> <span class='ocrx_word' id='word_1_379' title='bbox 2782 908 3097 980; x_wconf 85' lang='lat' dir='ltr'><strong>gravitatem</strong></span> <span class='ocrx_word' id='word_1_380' title='bbox 3130 909 3417 980; x_wconf 86' lang='lat' dir='ltr'><strong>plagasque</strong></span> <span class='ocrx_word' id='word_1_381' title='bbox 3447 909 3516 964; x_wconf 91' lang='lat' dir='ltr'><strong>ab</strong></span> <span class='ocrx_word' id='word_1_382' title='bbox 3546 910 3651 965; x_wconf 88' lang='lat' dir='ltr'><strong>illis</strong></span> <span class='ocrx_word' id='word_1_383' title='bbox 3689 910 3864 966; x_wconf 83' lang='lat' dir='ltr'><strong>factas</strong></span> 
     </span>
    </p>
   </div>
   <div class='ocr_carea' id='block_1_52' title="bbox 2279 999 3861 1074">
    <p class='ocr_par' dir='ltr' id='par_1_52' title="bbox 2279 999 3861 1074">
     <span class='ocr_line' id='line_1_52' title="bbox 2279 999 3861 1074; baseline 0.003 -20"><span class='ocrx_word' id='word_1_384' title='bbox 2279 1016 2346 1056; x_wconf 90' lang='lat' dir='ltr'><strong>ne</strong></span> <span class='ocrx_word' id='word_1_385' title='bbox 2374 999 2638 1070; x_wconf 76' lang='lat' dir='ltr'><strong>fugiamus</strong></span> <span class='ocrx_word' id='word_1_386' title='bbox 2667 1019 2680 1056; x_wconf 92' lang='lat'><strong>:</strong></span> <span class='ocrx_word' id='word_1_387' title='bbox 2731 1017 2838 1056; x_wconf 91' lang='lat' dir='ltr'><strong>non</strong></span> <span class='ocrx_word' id='word_1_388' title='bbox 2867 1001 3011 1056; x_wconf 90' lang='lat' dir='ltr'><strong>enim</strong></span> <span class='ocrx_word' id='word_1_389' title='bbox 3038 1002 3158 1056; x_wconf 91' lang='lat' dir='ltr'><strong>ideo</strong></span> <span class='ocrx_word' id='word_1_390' title='bbox 3185 1001 3414 1058; x_wconf 89' lang='lat' dir='ltr'><strong>infertur</strong></span> <span class='ocrx_word' id='word_1_391' title='bbox 3459 1003 3614 1074; x_wconf 82' lang='lat' dir='ltr'><strong>plaga</strong></span> <span class='ocrx_word' id='word_1_392' title='bbox 3639 1012 3696 1058; x_wconf 92' lang='lat' dir='ltr'><strong>ut</strong></span> <span class='ocrx_word' id='word_1_393' title='bbox 3733 1006 3861 1058; x_wconf 87' lang='lat' dir='ltr'><strong>ani-</strong></span> 
     </span>
    </p>
   </div>
   <div class='ocr_carea' id='block_1_53' title="bbox 2273 1093 3866 1165">
    <p class='ocr_par' dir='ltr' id='par_1_53' title="bbox 2273 1093 3866 1165">
     <span class='ocr_line' id='line_1_53' title="bbox 2273 1093 3866 1165; baseline 0.001 -16"><span class='ocrx_word' id='word_1_394' title='bbox 2273 1110 2414 1150; x_wconf 87' lang='lat' dir='ltr'><strong>mam</strong></span> <span class='ocrx_word' id='word_1_395' title='bbox 2465 1093 2672 1165; x_wconf 87' lang='lat' dir='ltr'><strong>frangat</strong></span> <span class='ocrx_word' id='word_1_396' title='bbox 2721 1109 2785 1150; x_wconf 91' lang='lat' dir='ltr'><strong>ac</strong></span> <span class='ocrx_word' id='word_1_397' title='bbox 2835 1096 3066 1162; x_wconf 86' lang='lat' dir='ltr'><strong>laceret,</strong></span> <span class='ocrx_word' id='word_1_398' title='bbox 3096 1095 3193 1151; x_wconf 90' lang='lat' dir='ltr'><strong>sed</strong></span> <span class='ocrx_word' id='word_1_399' title='bbox 3238 1104 3297 1150; x_wconf 94' lang='lat' dir='ltr'><strong>ut</strong></span> <span class='ocrx_word' id='word_1_400' title='bbox 3337 1095 3592 1165; x_wconf 84' lang='lat' dir='ltr'><strong>corrigat.</strong></span> <span class='ocrx_word' id='word_1_401' title='bbox 3645 1095 3866 1151; x_wconf 80' lang='lat' dir='ltr'><strong>Scimus</strong></span> 
     </span>
    </p>
   </div>
   <div class='ocr_carea' id='block_1_54' title="bbox 2274 1187 3864 1258">
    <p class='ocr_par' dir='ltr' id='par_1_54' title="bbox 2274 1187 3864 1258">
     <span class='ocr_line' id='line_1_54' title="bbox 2274 1187 3864 1258; baseline -0.001 -14"><span class='ocrx_word' id='word_1_402' title='bbox 2274 1188 2418 1244; x_wconf 91' lang='lat' dir='ltr'><strong>enim</strong></span> <span class='ocrx_word' id='word_1_403' title='bbox 2460 1203 2557 1258; x_wconf 89' lang='lat' dir='ltr'><strong>per</strong></span> <span class='ocrx_word' id='word_1_404' title='bbox 2588 1188 2684 1244; x_wconf 91' lang='lat' dir='ltr'><strong>Dei</strong></span> <span class='ocrx_word' id='word_1_405' title='bbox 2711 1189 2933 1257; x_wconf 86' lang='lat' dir='ltr'><strong>gratiam</strong></span> <span class='ocrx_word' id='word_1_406' title='bbox 2963 1188 3084 1258; x_wconf 89' lang='lat' dir='ltr'><strong>quis</strong></span> <span class='ocrx_word' id='word_1_407' title='bbox 3109 1187 3177 1242; x_wconf 87' lang='lat' dir='ltr'><strong>sit</strong></span> <span class='ocrx_word' id='word_1_408' title='bbox 3206 1187 3526 1244; x_wconf 86' lang='lat' dir='ltr'><strong>verberandi</strong></span> <span class='ocrx_word' id='word_1_409' title='bbox 3557 1187 3771 1255; x_wconf 89' lang='lat' dir='ltr'><strong>modus,</strong></span> <span class='ocrx_word' id='word_1_410' title='bbox 3804 1198 3864 1242; x_wconf 83' lang='lat' dir='ltr'><strong>et</strong></span> 
     </span>
    </p>
   </div>
   <div class='ocr_carea' id='block_1_55' title="bbox 2273 1280 3864 1352">
    <p class='ocr_par' dir='ltr' id='par_1_55' title="bbox 2273 1280 3864 1352">
     <span class='ocr_line' id='line_1_55' title="bbox 2273 1280 3864 1352; baseline -0.001 -16"><span class='ocrx_word' id='word_1_411' title='bbox 2273 1297 2433 1352; x_wconf 90' lang='lat' dir='ltr'><strong>quam</strong></span> <span class='ocrx_word' id='word_1_412' title='bbox 2481 1282 2588 1336; x_wconf 70' lang='lat' dir='ltr'><strong>alte</strong></span> <span class='ocrx_word' id='word_1_413' title='bbox 2633 1281 2936 1351; x_wconf 84' lang='lat' dir='ltr'><strong>inﬂigamus</strong></span> <span class='ocrx_word' id='word_1_414' title='bbox 2984 1281 3228 1350; x_wconf 87' lang='lat' dir='ltr'><strong>plagam;</strong></span> <span class='ocrx_word' id='word_1_415' title='bbox 3263 1289 3319 1334; x_wconf 93' lang='lat' dir='ltr'><strong>ut</strong></span> <span class='ocrx_word' id='word_1_416' title='bbox 3365 1295 3433 1335; x_wconf 89' lang='lat' dir='ltr'><strong>ne</strong></span> <span class='ocrx_word' id='word_1_417' title='bbox 3461 1280 3864 1335; x_wconf 85' lang='lat' dir='ltr'><strong>comminuatur</strong></span> 
     </span>
    </p>
   </div>
   <div class='ocr_carea' id='block_1_56' title="bbox 2275 1372 3864 1442">
    <p class='ocr_par' dir='ltr' id='par_1_56' title="bbox 2275 1372 3864 1442">
     <span class='ocr_line' id='line_1_56' title="bbox 2275 1372 3864 1442; baseline 0 -16"><span class='ocrx_word' id='word_1_418' title='bbox 2275 1389 2386 1440; x_wconf 87' lang='lat' dir='ltr'><strong>vas,</strong></span> <span class='ocrx_word' id='word_1_419' title='bbox 2417 1373 2512 1428; x_wconf 89' lang='lat' dir='ltr'><strong>sed</strong></span> <span class='ocrx_word' id='word_1_420' title='bbox 2545 1381 2604 1427; x_wconf 91' lang='lat' dir='ltr'><strong>ut</strong></span> <span class='ocrx_word' id='word_1_421' title='bbox 2652 1372 2904 1442; x_wconf 88' lang='lat' dir='ltr'><strong>poliatur,</strong></span> <span class='ocrx_word' id='word_1_422' title='bbox 2935 1382 2993 1428; x_wconf 94' lang='lat' dir='ltr'><strong>ut</strong></span> <span class='ocrx_word' id='word_1_423' title='bbox 3017 1381 3368 1439; x_wconf 87' lang='lat' dir='ltr'><strong>restauretur,</strong></span> <span class='ocrx_word' id='word_1_424' title='bbox 3401 1384 3460 1426; x_wconf 91' lang='lat' dir='ltr'><strong>ut.</strong></span> <span class='ocrx_word' id='word_1_425' title='bbox 3506 1381 3686 1441; x_wconf 88' lang='lat' dir='ltr'><strong>aptum</strong></span> <span class='ocrx_word' id='word_1_426' title='bbox 3733 1372 3864 1428; x_wconf 82' lang='lat' dir='ltr'><strong>red-</strong></span> 
     </span>
    </p>
   </div>
   <div class='ocr_carea' id='block_1_57' title="bbox 2275 1463 3861 1534">
    <p class='ocr_par' dir='ltr' id='par_1_57' title="bbox 2275 1463 3861 1534">
     <span class='ocr_line' id='line_1_57' title="bbox 2275 1463 3861 1534; baseline -0.001 -14"><span class='ocrx_word' id='word_1_427' title='bbox 2275 1465 2434 1520; x_wconf 87' lang='lat' dir='ltr'><strong>datur</strong></span> <span class='ocrx_word' id='word_1_428' title='bbox 2457 1481 2566 1534; x_wconf 88' lang='lat' dir='ltr'><strong>quo</strong></span> <span class='ocrx_word' id='word_1_429' title='bbox 2596 1472 2778 1519; x_wconf 89' lang='lat' dir='ltr'><strong>utatur</strong></span> <span class='ocrx_word' id='word_1_430' title='bbox 2825 1464 3107 1532; x_wconf 91' lang='lat' dir='ltr'><strong>Dominus,</strong></span> <span class='ocrx_word' id='word_1_431' title='bbox 3137 1474 3195 1518; x_wconf 94' lang='lat' dir='ltr'><strong>ut</strong></span> <span class='ocrx_word' id='word_1_432' title='bbox 3224 1479 3291 1518; x_wconf 80' lang='lat' dir='ltr'><strong>ex</strong></span> <span class='ocrx_word' id='word_1_433' title='bbox 3339 1464 3568 1518; x_wconf 86' lang='lat' dir='ltr'><strong>sanitate</strong></span> <span class='ocrx_word' id='word_1_434' title='bbox 3615 1463 3861 1533; x_wconf 79' lang='lat' dir='ltr'><strong>splendi-</strong></span> 
     </span>
    </p>
   </div>
   <div class='ocr_carea' id='block_1_58' title="bbox 2278 1554 3856 1626">
    <p class='ocr_par' dir='ltr' id='par_1_58' title="bbox 2278 1554 3856 1626">
     <span class='ocr_line' id='line_1_58' title="bbox 2278 1554 3856 1626; baseline -0.001 -16"><span class='ocrx_word' id='word_1_435' title='bbox 2278 1556 2402 1610; x_wconf 91' lang='lat' dir='ltr'><strong>dum</strong></span> <span class='ocrx_word' id='word_1_436' title='bbox 2435 1555 2711 1622; x_wconf 81' lang='lat' dir='ltr'><strong>offeratur,</strong></span> <span class='ocrx_word' id='word_1_437' title='bbox 2741 1555 2988 1626; x_wconf 87' lang='lat' dir='ltr'><strong>beneque</strong></span> <span class='ocrx_word' id='word_1_438' title='bbox 3017 1555 3285 1624; x_wconf 88' lang='lat' dir='ltr'><strong>sculptum</strong></span> <span class='ocrx_word' id='word_1_439' title='bbox 3315 1554 3368 1608; x_wconf 91' lang='lat' dir='ltr'><strong>in</strong></span> <span class='ocrx_word' id='word_1_440' title='bbox 3410 1554 3498 1609; x_wconf 87' lang='lat' dir='ltr'><strong>illa</strong></span> <span class='ocrx_word' id='word_1_441' title='bbox 3529 1554 3635 1621; x_wconf 91' lang='lat' dir='ltr'><strong>die,</strong></span> <span class='ocrx_word' id='word_1_442' title='bbox 3669 1555 3722 1608; x_wconf 92' lang='lat' dir='ltr'><strong>in</strong></span> <span class='ocrx_word' id='word_1_443' title='bbox 3749 1569 3856 1624; x_wconf 82' lang='lat' dir='ltr'><strong>qua</strong></span> 
     </span>
    </p>
   </div>
   <div class='ocr_carea' id='block_1_59' title="bbox 2275 1645 3862 1718">
    <p class='ocr_par' dir='ltr' id='par_1_59' title="bbox 2275 1645 3862 1718">
     <span class='ocr_line' id='line_1_59' title="bbox 2275 1645 3862 1718; baseline -0.001 -16"><span class='ocrx_word' id='word_1_444' title='bbox 2275 1649 2382 1702; x_wconf 89' lang='lat' dir='ltr'><strong>erit</strong></span> <span class='ocrx_word' id='word_1_445' title='bbox 2404 1647 2600 1702; x_wconf 83' lang='lat' dir='ltr'><strong>ﬂumen</strong></span> <span class='ocrx_word' id='word_1_446' title='bbox 2635 1647 2807 1718; x_wconf 82' lang='lat' dir='ltr'><strong>ignis;</strong></span> <span class='ocrx_word' id='word_1_447' title='bbox 2843 1656 2898 1703; x_wconf 93' lang='lat' dir='ltr'><strong>ut</strong></span> <span class='ocrx_word' id='word_1_448' title='bbox 2929 1663 2996 1703; x_wconf 92' lang='lat' dir='ltr'><strong>ne</strong></span> <span class='ocrx_word' id='word_1_449' title='bbox 3041 1646 3298 1702; x_wconf 81' lang='lat' dir='ltr'><strong>oll‘eratur</strong></span> <span class='ocrx_word' id='word_1_450' title='bbox 3316 1662 3462 1718; x_wconf 68' lang='lat' dir='ltr'><strong>pyrae</strong></span> <span class='ocrx_word' id='word_1_451' title='bbox 3488 1645 3586 1712; x_wconf 91' lang='lat' dir='ltr'><strong>illi,</strong></span> <span class='ocrx_word' id='word_1_452' title='bbox 3617 1661 3737 1716; x_wconf 73' lang='lat' dir='ltr'><strong>qua:</strong></span> <span class='ocrx_word' id='word_1_453' title='bbox 3787 1647 3862 1702; x_wconf 89' lang='lat' dir='ltr'><strong>ibi</strong></span> 
     </span>
    </p>
   </div>
   <div class='ocr_carea' id='block_1_60' title="bbox 2276 1739 3863 1804">
    <p class='ocr_par' dir='ltr' id='par_1_60' title="bbox 2276 1739 3863 1804">
     <span class='ocr_line' id='line_1_60' title="bbox 2276 1739 3863 1804; baseline 0.001 -11"><span class='ocrx_word' id='word_1_454' title='bbox 2276 1741 2453 1796; x_wconf 90' lang='lat' dir='ltr'><strong>futura</strong></span> <span class='ocrx_word' id='word_1_455' title='bbox 2484 1748 2586 1794; x_wconf 90' lang='lat' dir='ltr'><strong>est.</strong></span> <span class='ocrx_word' id='word_1_456' title='bbox 2619 1741 2750 1794; x_wconf 86' lang='lat' dir='ltr'><strong>Nam</strong></span> <span class='ocrx_word' id='word_1_457' title='bbox 2780 1741 2880 1795; x_wconf 88' lang='lat' dir='ltr'><strong>nisi</strong></span> <span class='ocrx_word' id='word_1_458' title='bbox 2912 1740 3037 1795; x_wconf 89' lang='lat' dir='ltr'><strong>dum</strong></span> <span class='ocrx_word' id='word_1_459' title='bbox 3069 1739 3155 1795; x_wconf 92' lang='lat' dir='ltr'><strong>hic</strong></span> <span class='ocrx_word' id='word_1_460' title='bbox 3192 1741 3342 1804; x_wconf 89' lang='lat' dir='ltr'><strong>estis,</strong></span> <span class='ocrx_word' id='word_1_461' title='bbox 3376 1755 3467 1794; x_wconf 88' lang='lat' dir='ltr'><strong>vos</strong></span> <span class='ocrx_word' id='word_1_462' title='bbox 3494 1739 3863 1794; x_wconf 78' lang='lat' dir='ltr'><strong>inﬂammave-</strong></span> 
     </span>
    </p>
   </div>
   <div class='ocr_carea' id='block_1_61' title="bbox 2276 1833 3862 1897">
    <p class='ocr_par' dir='ltr' id='par_1_61' title="bbox 2276 1833 3862 1897">
     <span class='ocr_line' id='line_1_61' title="bbox 2276 1833 3862 1897; baseline -0.001 -9"><span class='ocrx_word' id='word_1_463' title='bbox 2276 1833 2463 1897; x_wconf 88' lang='lat' dir='ltr'><strong>rimus,</strong></span> <span class='ocrx_word' id='word_1_464' title='bbox 2497 1833 2609 1887; x_wconf 89' lang='lat' dir='ltr'><strong>illic</strong></span> <span class='ocrx_word' id='word_1_465' title='bbox 2661 1835 2880 1888; x_wconf 86' lang='lat' dir='ltr'><strong>omnino</strong></span> <span class='ocrx_word' id='word_1_466' title='bbox 2929 1833 3334 1886; x_wconf 88' lang='lat' dir='ltr'><strong>inllammemiui</strong></span> <span class='ocrx_word' id='word_1_467' title='bbox 3368 1847 3591 1888; x_wconf 88' lang='lat' dir='ltr'><strong>necesse</strong></span> <span class='ocrx_word' id='word_1_468' title='bbox 3626 1843 3728 1894; x_wconf 75' lang='lat' dir='ltr'><strong>est,</strong></span> <span class='ocrx_word' id='word_1_469' title='bbox 3763 1848 3862 1886; x_wconf 88' lang='lat' dir='ltr'><strong>nec</strong></span> 
     </span>
    </p>
   </div>
   <div class='ocr_carea' id='block_1_62' title="bbox 2278 1921 3864 1992">
    <p class='ocr_par' dir='ltr' id='par_1_62' title="bbox 2278 1921 3864 1992">
     <span class='ocr_line' id='line_1_62' title="bbox 2278 1921 3864 1992; baseline -0.002 -15"><span class='ocrx_word' id='word_1_470' title='bbox 2278 1923 2390 1977; x_wconf 87' lang='lat' dir='ltr'><strong>fieri</strong></span> <span class='ocrx_word' id='word_1_471' title='bbox 2418 1923 2574 1976; x_wconf 88' lang='lat' dir='ltr'><strong>aliter</strong></span> <span class='ocrx_word' id='word_1_472' title='bbox 2603 1931 2817 1992; x_wconf 87' lang='lat' dir='ltr'><strong>potest:</strong></span> <span class='ocrx_word' id='word_1_473' title='bbox 2846 1921 2969 1977; x_wconf 89' lang='lat' dir='ltr'><strong>Dies</strong></span> <span class='ocrx_word' id='word_1_474' title='bbox 2995 1924 3126 1976; x_wconf 83' lang='lat' dir='ltr'><strong>enim</strong></span> <span class='ocrx_word' id='word_1_475' title='bbox 3152 1921 3360 1976; x_wconf 82' lang='lat' dir='ltr'><strong>Domini</strong></span> <span class='ocrx_word' id='word_1_476' title='bbox 3389 1924 3441 1976; x_wconf 88' lang='lat' dir='ltr'><strong>in</strong></span> <span class='ocrx_word' id='word_1_477' title='bbox 3469 1923 3586 1990; x_wconf 87' lang='lat' dir='ltr'><strong>igne</strong></span> <span class='ocrx_word' id='word_1_478' title='bbox 3612 1921 3864 1975; x_wconf 73' lang='lat' dir='ltr'><strong>revrlatur</strong></span> 
     </span>
    </p>
   </div>
   <div class='ocr_carea' id='block_1_63' title="bbox 2277 2013 3864 2086">
    <p class='ocr_par' dir='ltr' id='par_1_63' title="bbox 2277 2013 3864 2086">
     <span class='ocr_line' id='line_1_63' title="bbox 2277 2013 3864 2086; baseline -0.002 -16"><span class='ocrx_word' id='word_1_479' title='bbox 2277 2016 2356 2086; x_wconf 87' lang='lat' dir='ltr'><strong>(l.</strong></span> <span class='ocrx_word' id='word_1_480' title='bbox 2384 2014 2502 2068; x_wconf 82' lang='lat' dir='ltr'><strong>Cor.</strong></span> <span class='ocrx_word' id='word_1_481' title='bbox 2525 2016 2577 2070; x_wconf 75' lang='grc'><strong>5.</strong></span> <span class='ocrx_word' id='word_1_482' title='bbox 2606 2015 2717 2083; x_wconf 79' lang='grc'><strong>15).</strong></span> <span class='ocrx_word' id='word_1_483' title='bbox 2745 2013 2926 2070; x_wconf 90' lang='lat' dir='ltr'><strong>Satius</strong></span> <span class='ocrx_word' id='word_1_484' title='bbox 2954 2024 3037 2071; x_wconf 85' lang='lat' dir='ltr'><strong>est</strong></span> <span class='ocrx_word' id='word_1_485' title='bbox 3065 2023 3120 2068; x_wconf 92' lang='lat' dir='ltr'><strong>ut</strong></span> <span class='ocrx_word' id='word_1_486' title='bbox 3145 2014 3210 2069; x_wconf 91' lang='lat' dir='ltr'><strong>ad</strong></span> <span class='ocrx_word' id='word_1_487' title='bbox 3239 2014 3404 2071; x_wconf 84' lang='lat' dir='ltr'><strong>breve</strong></span> <span class='ocrx_word' id='word_1_488' title='bbox 3426 2022 3632 2083; x_wconf 80' lang='lat' dir='ltr'><strong>tempus</strong></span> <span class='ocrx_word' id='word_1_489' title='bbox 3663 2015 3864 2068; x_wconf 77' lang='lat' dir='ltr'><strong>nostris</strong></span> 
     </span>
    </p>
   </div>
   <div class='ocr_carea' id='block_1_64' title="bbox 2276 2105 3863 2176">
    <p class='ocr_par' dir='ltr' id='par_1_64' title="bbox 2276 2105 3863 2176">
     <span class='ocr_line' id='line_1_64' title="bbox 2276 2105 3863 2176; baseline -0.003 -13"><span class='ocrx_word' id='word_1_490' title='bbox 2276 2107 2618 2163; x_wconf 87' lang='lat' dir='ltr'><strong>sermonibus</strong></span> <span class='ocrx_word' id='word_1_491' title='bbox 2651 2106 2902 2172; x_wconf 88' lang='lat' dir='ltr'><strong>uramini,</strong></span> <span class='ocrx_word' id='word_1_492' title='bbox 2935 2122 3094 2176; x_wconf 90' lang='lat' dir='ltr'><strong>quam</strong></span> <span class='ocrx_word' id='word_1_493' title='bbox 3128 2115 3387 2176; x_wconf 87' lang='lat' dir='ltr'><strong>perpetuo</strong></span> <span class='ocrx_word' id='word_1_494' title='bbox 3413 2106 3626 2160; x_wconf 82' lang='lat' dir='ltr'><strong>ﬂamma</strong></span> <span class='ocrx_word' id='word_1_495' title='bbox 3659 2105 3772 2160; x_wconf 90' lang='lat' dir='ltr'><strong>illa.</strong></span> <span class='ocrx_word' id='word_1_496' title='bbox 3805 2105 3863 2159; x_wconf 89' lang='lat' dir='ltr'><strong>ld</strong></span> 
     </span>
    </p>
   </div>
   <div class='ocr_carea' id='block_1_65' title="bbox 2277 2199 3866 2270">
    <p class='ocr_par' dir='ltr' id='par_1_65' title="bbox 2277 2199 3866 2270">
     <span class='ocr_line' id='line_1_65' title="bbox 2277 2199 3866 2270; baseline -0.001 -14"><span class='ocrx_word' id='word_1_497' title='bbox 2277 2203 2418 2256; x_wconf 89' lang='lat' dir='ltr'><strong>enim</strong></span> <span class='ocrx_word' id='word_1_498' title='bbox 2452 2199 2630 2255; x_wconf 91' lang='lat' dir='ltr'><strong>futuro</strong></span> <span class='ocrx_word' id='word_1_499' title='bbox 2671 2201 2894 2254; x_wconf 92' lang='lat' dir='ltr'><strong>omnino</strong></span> <span class='ocrx_word' id='word_1_500' title='bbox 2919 2215 3062 2266; x_wconf 87' lang='lat' dir='ltr'><strong>esse,</strong></span> <span class='ocrx_word' id='word_1_501' title='bbox 3109 2201 3450 2270; x_wconf 76' lang='lat' dir='ltr'><strong>perSpicuum</strong></span> <span class='ocrx_word' id='word_1_502' title='bbox 3480 2209 3597 2264; x_wconf 89' lang='lat' dir='ltr'><strong>est;</strong></span> <span class='ocrx_word' id='word_1_503' title='bbox 3625 2215 3688 2254; x_wconf 88' lang='lat' dir='ltr'><strong>ac</strong></span> <span class='ocrx_word' id='word_1_504' title='bbox 3717 2214 3866 2268; x_wconf 65' lang='lat' dir='ltr'><strong>stupe</strong></span> 
     </span>
    </p>
   </div>
   <div class='ocr_carea' id='block_1_66' title="bbox 2278 2291 3864 2362">
    <p class='ocr_par' dir='ltr' id='par_1_66' title="bbox 2278 2291 3864 2362">
     <span class='ocr_line' id='line_1_66' title="bbox 2278 2291 3864 2362; baseline 0 -16"><span class='ocrx_word' id='word_1_505' title='bbox 2278 2292 2433 2348; x_wconf 88' lang='lat' dir='ltr'><strong>vobis</strong></span> <span class='ocrx_word' id='word_1_506' title='bbox 2480 2293 2719 2348; x_wconf 89' lang='lat' dir='ltr'><strong>rationes</strong></span> <span class='ocrx_word' id='word_1_507' title='bbox 2747 2291 2921 2359; x_wconf 88' lang='lat' dir='ltr'><strong>attuli,</strong></span> <span class='ocrx_word' id='word_1_508' title='bbox 2951 2293 3146 2362; x_wconf 90' lang='lat' dir='ltr'><strong>quibus</strong></span> <span class='ocrx_word' id='word_1_509' title='bbox 3173 2292 3467 2348; x_wconf 89' lang='lat' dir='ltr'><strong>contradici</strong></span> <span class='ocrx_word' id='word_1_510' title='bbox 3510 2307 3616 2346; x_wconf 89' lang='lat' dir='ltr'><strong>non</strong></span> <span class='ocrx_word' id='word_1_511' title='bbox 3663 2301 3864 2362; x_wconf 88' lang='lat' dir='ltr'><strong>potest.</strong></span> 
     </span>
    </p>
   </div>
   <div class='ocr_carea' id='block_1_67' title="bbox 2277 2383 3864 2455">
    <p class='ocr_par' dir='ltr' id='par_1_67' title="bbox 2277 2383 3864 2455">
     <span class='ocr_line' id='line_1_67' title="bbox 2277 2383 3864 2455; baseline -0.002 -15"><span class='ocrx_word' id='word_1_512' title='bbox 2277 2386 2355 2440; x_wconf 85' lang='lat' dir='ltr'><strong>Ac</strong></span> <span class='ocrx_word' id='word_1_513' title='bbox 2385 2384 2529 2440; x_wconf 90' lang='lat' dir='ltr'><strong>solas</strong></span> <span class='ocrx_word' id='word_1_514' title='bbox 2553 2385 2767 2455; x_wconf 90' lang='lat' dir='ltr'><strong>quidem</strong></span> <span class='ocrx_word' id='word_1_515' title='bbox 2813 2383 3116 2455; x_wconf 88' lang='lat' dir='ltr'><strong>Scripturas</strong></span> <span class='ocrx_word' id='word_1_516' title='bbox 3146 2384 3358 2455; x_wconf 89' lang='lat' dir='ltr'><strong>plenam</strong></span> <span class='ocrx_word' id='word_1_517' title='bbox 3405 2385 3557 2440; x_wconf 89' lang='lat' dir='ltr'><strong>vobis</strong></span> <span class='ocrx_word' id='word_1_518' title='bbox 3590 2383 3747 2438; x_wconf 87' lang='lat' dir='ltr'><strong>fidem</strong></span> <span class='ocrx_word' id='word_1_519' title='bbox 3782 2383 3864 2437; x_wconf 83' lang='lat' dir='ltr'><strong>fa-</strong></span> 
     </span>
    </p>
   </div>
   <div class='ocr_carea' id='block_1_68' title="bbox 2277 2474 3867 2547">
    <p class='ocr_par' dir='ltr' id='par_1_68' title="bbox 2277 2474 3867 2547">
     <span class='ocr_line' id='line_1_68' title="bbox 2277 2474 3867 2547; baseline -0.003 -15"><span class='ocrx_word' id='word_1_520' title='bbox 2277 2492 2401 2532; x_wconf 90' lang='lat' dir='ltr'><strong>cere</strong></span> <span class='ocrx_word' id='word_1_521' title='bbox 2431 2477 2708 2546; x_wconf 88' lang='lat' dir='ltr'><strong>oportebat</strong></span> <span class='ocrx_word' id='word_1_522' title='bbox 2733 2493 2749 2544; x_wconf 93' lang='lat'><strong>;</strong></span> <span class='ocrx_word' id='word_1_523' title='bbox 2783 2476 2879 2532; x_wconf 89' lang='lat' dir='ltr'><strong>sed</strong></span> <span class='ocrx_word' id='word_1_524' title='bbox 2923 2477 3174 2547; x_wconf 86' lang='lat' dir='ltr'><strong>quoniam</strong></span> <span class='ocrx_word' id='word_1_525' title='bbox 3226 2474 3468 2530; x_wconf 91' lang='lat' dir='ltr'><strong>nonnulli</strong></span> <span class='ocrx_word' id='word_1_526' title='bbox 3498 2475 3765 2545; x_wconf 86' lang='lat' dir='ltr'><strong>proclives</strong></span> <span class='ocrx_word' id='word_1_527' title='bbox 3795 2474 3867 2529; x_wconf 89' lang='lat' dir='ltr'><strong>ad</strong></span> 
     </span>
    </p>
   </div>
   <div class='ocr_carea' id='block_1_69' title="bbox 2278 2567 3870 2637">
    <p class='ocr_par' dir='ltr' id='par_1_69' title="bbox 2278 2567 3870 2637">
     <span class='ocr_line' id='line_1_69' title="bbox 2278 2567 3870 2637; baseline -0.001 -13"><span class='ocrx_word' id='word_1_528' title='bbox 2278 2569 2682 2625; x_wconf 87' lang='lat' dir='ltr'><strong>contentionem</strong></span> <span class='ocrx_word' id='word_1_529' title='bbox 2736 2581 2883 2637; x_wconf 91' lang='lat' dir='ltr'><strong>sunt,</strong></span> <span class='ocrx_word' id='word_1_530' title='bbox 2935 2570 3102 2626; x_wconf 91' lang='lat' dir='ltr'><strong>multa</strong></span> <span class='ocrx_word' id='word_1_531' title='bbox 3153 2570 3314 2625; x_wconf 87' lang='lat' dir='ltr'><strong>etiam</strong></span> <span class='ocrx_word' id='word_1_532' title='bbox 3361 2567 3870 2624; x_wconf 81' lang='lat' dir='ltr'><strong>ratiocinationibus</strong></span> 
     </span>
    </p>
   </div>
   <div class='ocr_carea' id='block_1_70' title="bbox 2279 2661 3872 2731">
    <p class='ocr_par' dir='ltr' id='par_1_70' title="bbox 2279 2661 3872 2731">
     <span class='ocr_line' id='line_1_70' title="bbox 2279 2661 3872 2731; baseline -0.001 -15"><span class='ocrx_word' id='word_1_533' title='bbox 2279 2662 2564 2716; x_wconf 88' lang='lat' dir='ltr'><strong>movimus.</strong></span> <span class='ocrx_word' id='word_1_534' title='bbox 2597 2661 2740 2716; x_wconf 87' lang='lat' dir='ltr'><strong>Nihil</strong></span> <span class='ocrx_word' id='word_1_535' title='bbox 2769 2677 2902 2717; x_wconf 85' lang='lat' dir='ltr'><strong>vero</strong></span> <span class='ocrx_word' id='word_1_536' title='bbox 2930 2661 3156 2731; x_wconf 89' lang='lat' dir='ltr'><strong>impedit</strong></span> <span class='ocrx_word' id='word_1_537' title='bbox 3183 2661 3474 2731; x_wconf 88' lang='lat' dir='ltr'><strong>quominus</strong></span> <span class='ocrx_word' id='word_1_538' title='bbox 3500 2669 3557 2715; x_wconf 91' lang='lat' dir='ltr'><strong>et</strong></span> <span class='ocrx_word' id='word_1_539' title='bbox 3585 2675 3728 2714; x_wconf 90' lang='lat' dir='ltr'><strong>nunc</strong></span> <span class='ocrx_word' id='word_1_540' title='bbox 3751 2674 3872 2714; x_wconf 86' lang='lat' dir='ltr'><strong>eas-</strong></span> 
     </span>
    </p>
   </div>
   <div class='ocr_carea' id='block_1_71' title="bbox 2275 2749 3871 2820">
    <p class='ocr_par' dir='ltr' id='par_1_71' title="bbox 2275 2749 3871 2820">
     <span class='ocr_line' id='line_1_71' title="bbox 2275 2749 3871 2820; baseline -0.003 -12"><span class='ocrx_word' id='word_1_541' title='bbox 2275 2752 2400 2808; x_wconf 91' lang='lat' dir='ltr'><strong>dem</strong></span> <span class='ocrx_word' id='word_1_542' title='bbox 2433 2751 2740 2808; x_wconf 81' lang='lat' dir='ltr'><strong>all‘eramus.</strong></span> <span class='ocrx_word' id='word_1_543' title='bbox 2769 2753 3024 2820; x_wconf 63' lang='lat' dir='ltr'><strong>Quaenam</strong></span> <span class='ocrx_word' id='word_1_544' title='bbox 3051 2767 3181 2808; x_wconf 89' lang='lat' dir='ltr'><strong>vero</strong></span> <span class='ocrx_word' id='word_1_545' title='bbox 3211 2751 3319 2807; x_wconf 70' lang='lat' dir='ltr'><strong>illa:</strong></span> <span class='ocrx_word' id='word_1_546' title='bbox 3349 2752 3545 2806; x_wconf 77' lang='lat' dir='ltr'><strong>erant?</strong></span> <span class='ocrx_word' id='word_1_547' title='bbox 3574 2749 3757 2806; x_wconf 79' lang='lat' dir='ltr'><strong>Justus</strong></span> <span class='ocrx_word' id='word_1_548' title='bbox 3778 2757 3871 2804; x_wconf 86' lang='lat' dir='ltr'><strong>est</strong></span> 
     </span>
    </p>
   </div>
   <div class='ocr_carea' id='block_1_72' title="bbox 2281 2842 3870 2912">
    <p class='ocr_par' dir='ltr' id='par_1_72' title="bbox 2281 2842 3870 2912">
     <span class='ocr_line' id='line_1_72' title="bbox 2281 2842 3870 2912; baseline -0.004 -8"><span class='ocrx_word' id='word_1_549' title='bbox 2281 2847 2458 2904; x_wconf 88' lang='lat' dir='ltr'><strong>Deus:</strong></span> <span class='ocrx_word' id='word_1_550' title='bbox 2491 2861 2681 2901; x_wconf 91' lang='lat' dir='ltr'><strong>omnes</strong></span> <span class='ocrx_word' id='word_1_551' title='bbox 2711 2845 2964 2912; x_wconf 88' lang='lat' dir='ltr'><strong>fatemur,</strong></span> <span class='ocrx_word' id='word_1_552' title='bbox 2991 2854 3045 2899; x_wconf 90' lang='lat' dir='ltr'><strong>et</strong></span> <span class='ocrx_word' id='word_1_553' title='bbox 3068 2844 3240 2899; x_wconf 69' lang='lat' dir='ltr'><strong>Grarei</strong></span> <span class='ocrx_word' id='word_1_554' title='bbox 3263 2851 3319 2899; x_wconf 91' lang='lat' dir='ltr'><strong>et</strong></span> <span class='ocrx_word' id='word_1_555' title='bbox 3343 2843 3516 2897; x_wconf 73' lang='lat' dir='ltr'><strong>Judtei</strong></span> <span class='ocrx_word' id='word_1_556' title='bbox 3542 2851 3596 2898; x_wconf 91' lang='lat' dir='ltr'><strong>et</strong></span> <span class='ocrx_word' id='word_1_557' title='bbox 3625 2842 3870 2898; x_wconf 83' lang='lat' dir='ltr'><strong>haeretici</strong></span> 
     </span>
    </p>
   </div>
   <div class='ocr_carea' id='block_1_73' title="bbox 2277 2936 3872 3008">
    <p class='ocr_par' dir='ltr' id='par_1_73' title="bbox 2277 2936 3872 3008">
     <span class='ocr_line' id='line_1_73' title="bbox 2277 2936 3872 3008; baseline -0.006 -9"><span class='ocrx_word' id='word_1_558' title='bbox 2277 2952 2336 2999; x_wconf 84' lang='lat' dir='ltr'><strong>et</strong></span> <span class='ocrx_word' id='word_1_559' title='bbox 2359 2942 2672 3000; x_wconf 70' lang='lat' dir='ltr'><strong>Ebristiaui.</strong></span> <span class='ocrx_word' id='word_1_560' title='bbox 2704 2942 2776 2996; x_wconf 91' lang='lat' dir='ltr'><strong>At</strong></span> <span class='ocrx_word' id='word_1_561' title='bbox 2805 2940 2930 2994; x_wconf 87' lang='lat' dir='ltr'><strong>hinc</strong></span> <span class='ocrx_word' id='word_1_562' title='bbox 2976 2938 3131 2993; x_wconf 91' lang='lat' dir='ltr'><strong>multi</strong></span> <span class='ocrx_word' id='word_1_563' title='bbox 3159 2939 3250 3008; x_wconf 91' lang='lat' dir='ltr'><strong>qui</strong></span> <span class='ocrx_word' id='word_1_564' title='bbox 3278 2946 3586 3007; x_wconf 86' lang='lat' dir='ltr'><strong>peccarunt,</strong></span> <span class='ocrx_word' id='word_1_565' title='bbox 3614 2936 3872 2991; x_wconf 86' lang='lat' dir='ltr'><strong>abierunt</strong></span> 
     </span>
    </p>
   </div>
   <div class='ocr_carea' id='block_1_74' title="bbox 2279 3025 3868 3104">
    <p class='ocr_par' dir='ltr' id='par_1_74' title="bbox 2279 3025 3868 3104">
     <span class='ocr_line' id='line_1_74' title="bbox 2279 3025 3868 3104; baseline -0.006 -15"><span class='ocrx_word' id='word_1_566' title='bbox 2279 3033 2533 3104; x_wconf 84' lang='lat' dir='ltr'><strong>impune:</strong></span> <span class='ocrx_word' id='word_1_567' title='bbox 2559 3033 2713 3087; x_wconf 91' lang='lat' dir='ltr'><strong>multi</strong></span> <span class='ocrx_word' id='word_1_568' title='bbox 2734 3032 2825 3102; x_wconf 91' lang='lat' dir='ltr'><strong>qui</strong></span> <span class='ocrx_word' id='word_1_569' title='bbox 2851 3045 2974 3086; x_wconf 91' lang='lat' dir='ltr'><strong>cum</strong></span> <span class='ocrx_word' id='word_1_570' title='bbox 2996 3031 3194 3085; x_wconf 89' lang='lat' dir='ltr'><strong>virtute</strong></span> <span class='ocrx_word' id='word_1_571' title='bbox 3220 3029 3486 3095; x_wconf 76' lang='lat' dir='ltr'><strong>vixerant,</strong></span> <span class='ocrx_word' id='word_1_572' title='bbox 3513 3035 3622 3081; x_wconf 90' lang='lat' dir='ltr'><strong>tum</strong></span> <span class='ocrx_word' id='word_1_573' title='bbox 3641 3025 3868 3080; x_wconf 83' lang='lat' dir='ltr'><strong>demum</strong></span> 
     </span>
    </p>
   </div>
   <div class='ocr_carea' id='block_1_75' title="bbox 2279 3117 3874 3194">
    <p class='ocr_par' dir='ltr' id='par_1_75' title="bbox 2279 3117 3874 3194">
     <span class='ocr_line' id='line_1_75' title="bbox 2279 3117 3874 3194; baseline -0.007 -12"><span class='ocrx_word' id='word_1_574' title='bbox 2279 3128 2550 3194; x_wconf 88' lang='lat' dir='ltr'><strong>abierunt,</strong></span> <span class='ocrx_word' id='word_1_575' title='bbox 2569 3141 2693 3180; x_wconf 90' lang='lat' dir='ltr'><strong>cum</strong></span> <span class='ocrx_word' id='word_1_576' title='bbox 2720 3131 3003 3180; x_wconf 69' lang='lat' dir='ltr'><strong>sescentas</strong></span> <span class='ocrx_word' id='word_1_577' title='bbox 3031 3122 3324 3176; x_wconf 89' lang='lat' dir='ltr'><strong>subiissent</strong></span> <span class='ocrx_word' id='word_1_578' title='bbox 3343 3119 3696 3176; x_wconf 83' lang='lat' dir='ltr'><strong>calamitates.</strong></span> <span class='ocrx_word' id='word_1_579' title='bbox 3719 3117 3874 3187; x_wconf 85' lang='lat' dir='ltr'><strong>Ergo</strong></span> 
     </span>
    </p>
   </div>
   <div class='ocr_carea' id='block_1_76' title="bbox 2279 3210 3874 3290">
    <p class='ocr_par' dir='ltr' id='par_1_76' title="bbox 2279 3210 3874 3290">
     <span class='ocr_line' id='line_1_76' title="bbox 2279 3210 3874 3290; baseline -0.006 -15"><span class='ocrx_word' id='word_1_580' title='bbox 2279 3222 2325 3276; x_wconf 89' lang='lat' dir='ltr'><strong>si</strong></span> <span class='ocrx_word' id='word_1_581' title='bbox 2351 3219 2528 3290; x_wconf 83' lang='lat' dir='ltr'><strong>justus</strong></span> <span class='ocrx_word' id='word_1_582' title='bbox 2542 3219 2719 3283; x_wconf 90' lang='lat' dir='ltr'><strong>Deus;</strong></span> <span class='ocrx_word' id='word_1_583' title='bbox 2752 3216 2969 3272; x_wconf 91' lang='lat' dir='ltr'><strong>ubinam</strong></span> <span class='ocrx_word' id='word_1_584' title='bbox 2996 3215 3081 3270; x_wconf 90' lang='lat' dir='ltr'><strong>his</strong></span> <span class='ocrx_word' id='word_1_585' title='bbox 3103 3213 3317 3284; x_wconf 89' lang='lat' dir='ltr'><strong>quidem</strong></span> <span class='ocrx_word' id='word_1_586' title='bbox 3339 3213 3582 3282; x_wconf 83' lang='lat' dir='ltr'><strong>praemia,</strong></span> <span class='ocrx_word' id='word_1_587' title='bbox 3602 3210 3706 3264; x_wconf 88' lang='lat' dir='ltr'><strong>illis</strong></span> <span class='ocrx_word' id='word_1_588' title='bbox 3730 3225 3874 3265; x_wconf 89' lang='lat' dir='ltr'><strong>vero</strong></span> 
     </span>
    </p>
   </div>
   <div class='ocr_carea' id='block_1_77' title="bbox 2281 3305 3875 3381">
    <p class='ocr_par' dir='ltr' id='par_1_77' title="bbox 2281 3305 3875 3381">
     <span class='ocr_line' id='line_1_77' title="bbox 2281 3305 3875 3381; baseline -0.007 -15"><span class='ocrx_word' id='word_1_589' title='bbox 2281 3311 2540 3381; x_wconf 79' lang='lat' dir='ltr'><strong>supplicia</strong></span> <span class='ocrx_word' id='word_1_590' title='bbox 2575 3309 2791 3373; x_wconf 87' lang='lat' dir='ltr'><strong>tribuet,</strong></span> <span class='ocrx_word' id='word_1_591' title='bbox 2825 3309 2869 3363; x_wconf 90' lang='lat' dir='ltr'><strong>si</strong></span> <span class='ocrx_word' id='word_1_592' title='bbox 2903 3323 3011 3362; x_wconf 93' lang='lat' dir='ltr'><strong>non</strong></span> <span class='ocrx_word' id='word_1_593' title='bbox 3040 3315 3125 3362; x_wconf 90' lang='lat' dir='ltr'><strong>est</strong></span> <span class='ocrx_word' id='word_1_594' title='bbox 3151 3305 3420 3376; x_wconf 89' lang='lat' dir='ltr'><strong>gehenna,</strong></span> <span class='ocrx_word' id='word_1_595' title='bbox 3449 3305 3495 3358; x_wconf 89' lang='lat' dir='ltr'><strong>si</strong></span> <span class='ocrx_word' id='word_1_596' title='bbox 3537 3318 3638 3356; x_wconf 91' lang='lat' dir='ltr'><strong>nou</strong></span> <span class='ocrx_word' id='word_1_597' title='bbox 3668 3311 3750 3356; x_wconf 73' lang='lat' dir='ltr'><strong>est</strong></span> <span class='ocrx_word' id='word_1_598' title='bbox 3775 3317 3875 3355; x_wconf 78' lang='lat' dir='ltr'><strong>re-</strong></span> 
     </span>
    </p>
   </div>
   <div class='ocr_carea' id='block_1_78' title="bbox 2280 3393 3873 3471">
    <p class='ocr_par' dir='ltr' id='par_1_78' title="bbox 2280 3393 3873 3471">
     <span class='ocr_line' id='line_1_78' title="bbox 2280 3393 3873 3471; baseline -0.006 -13"><span class='ocrx_word' id='word_1_599' title='bbox 2280 3402 2582 3458; x_wconf 77' lang='lat' dir='ltr'><strong>surrectio?</strong></span> <span class='ocrx_word' id='word_1_600' title='bbox 2609 3401 2760 3456; x_wconf 85' lang='lat' dir='ltr'><strong>Hanc</strong></span> <span class='ocrx_word' id='word_1_601' title='bbox 2783 3401 2946 3471; x_wconf 88' lang='lat' dir='ltr'><strong>igitur</strong></span> <span class='ocrx_word' id='word_1_602' title='bbox 2975 3399 3237 3454; x_wconf 89' lang='lat' dir='ltr'><strong>rationem</strong></span> <span class='ocrx_word' id='word_1_603' title='bbox 3270 3405 3324 3452; x_wconf 91' lang='lat' dir='ltr'><strong>et</strong></span> <span class='ocrx_word' id='word_1_604' title='bbox 3351 3395 3457 3450; x_wconf 90' lang='lat' dir='ltr'><strong>illis</strong></span> <span class='ocrx_word' id='word_1_605' title='bbox 3473 3403 3527 3450; x_wconf 90' lang='lat' dir='ltr'><strong>ct</strong></span> <span class='ocrx_word' id='word_1_606' title='bbox 3550 3393 3700 3449; x_wconf 84' lang='lat' dir='ltr'><strong>vobis</strong></span> <span class='ocrx_word' id='word_1_607' title='bbox 3733 3393 3873 3462; x_wconf 88' lang='lat' dir='ltr'><strong>ipsis</strong></span> 
     </span>
    </p>
   </div>
   <div class='ocr_carea' id='block_1_79' title="bbox 2280 3486 3876 3562">
    <p class='ocr_par' dir='ltr' id='par_1_79' title="bbox 2280 3486 3876 3562">
     <span class='ocr_line' id='line_1_79' title="bbox 2280 3486 3876 3562; baseline -0.007 -12"><span class='ocrx_word' id='word_1_608' title='bbox 2280 3508 2495 3562; x_wconf 84' lang='lat' dir='ltr'><strong>semper</strong></span> <span class='ocrx_word' id='word_1_609' title='bbox 2539 3492 2740 3560; x_wconf 89' lang='lat' dir='ltr'><strong>canite,</strong></span> <span class='ocrx_word' id='word_1_610' title='bbox 2766 3507 2865 3547; x_wconf 89' lang='lat' dir='ltr'><strong>nec</strong></span> <span class='ocrx_word' id='word_1_611' title='bbox 2909 3491 3050 3546; x_wconf 88' lang='lat' dir='ltr'><strong>sinet</strong></span> <span class='ocrx_word' id='word_1_612' title='bbox 3087 3505 3184 3543; x_wconf 89' lang='lat' dir='ltr'><strong>vos</strong></span> <span class='ocrx_word' id='word_1_613' title='bbox 3209 3487 3279 3544; x_wconf 90' lang='lat' dir='ltr'><strong>de</strong></span> <span class='ocrx_word' id='word_1_614' title='bbox 3322 3486 3715 3543; x_wconf 87' lang='lat' dir='ltr'><strong>resurrectione</strong></span> <span class='ocrx_word' id='word_1_615' title='bbox 3755 3500 3876 3539; x_wconf 88' lang='lat' dir='ltr'><strong>non</strong></span> 
     </span>
    </p>
   </div>
   <div class='ocr_carea' id='block_1_80' title="bbox 2281 3578 3874 3653">
    <p class='ocr_par' dir='ltr' id='par_1_80' title="bbox 2281 3578 3874 3653">
     <span class='ocr_line' id='line_1_80' title="bbox 2281 3578 3874 3653; baseline -0.004 -12"><span class='ocrx_word' id='word_1_616' title='bbox 2281 3587 2523 3642; x_wconf 86' lang='lat' dir='ltr'><strong>credere.</strong></span> <span class='ocrx_word' id='word_1_617' title='bbox 2555 3585 2655 3653; x_wconf 86' lang='lat' dir='ltr'><strong>Qui</strong></span> <span class='ocrx_word' id='word_1_618' title='bbox 2687 3598 2818 3639; x_wconf 88' lang='lat' dir='ltr'><strong>vero</strong></span> <span class='ocrx_word' id='word_1_619' title='bbox 2857 3583 2927 3640; x_wconf 91' lang='lat' dir='ltr'><strong>de</strong></span> <span class='ocrx_word' id='word_1_620' title='bbox 2973 3580 3370 3639; x_wconf 88' lang='lat' dir='ltr'><strong>resurrectione</strong></span> <span class='ocrx_word' id='word_1_621' title='bbox 3411 3594 3518 3634; x_wconf 91' lang='lat' dir='ltr'><strong>non</strong></span> <span class='ocrx_word' id='word_1_622' title='bbox 3561 3578 3786 3643; x_wconf 88' lang='lat' dir='ltr'><strong>dubitat,</strong></span> <span class='ocrx_word' id='word_1_623' title='bbox 3821 3579 3874 3634; x_wconf 85' lang='lat' dir='ltr'><strong>is</strong></span> 
     </span>
    </p>
   </div>
   <div class='ocr_carea' id='block_1_81' title="bbox 2283 3670 3872 3746">
    <p class='ocr_par' dir='ltr' id='par_1_81' title="bbox 2283 3670 3872 3746">
     <span class='ocr_line' id='line_1_81' title="bbox 2283 3670 3872 3746; baseline -0.007 -13"><span class='ocrx_word' id='word_1_624' title='bbox 2283 3677 2470 3733; x_wconf 90' lang='lat' dir='ltr'><strong>sedulo</strong></span> <span class='ocrx_word' id='word_1_625' title='bbox 2498 3687 2662 3746; x_wconf 90' lang='lat' dir='ltr'><strong>atque</strong></span> <span class='ocrx_word' id='word_1_626' title='bbox 2686 3683 2893 3731; x_wconf 86' lang='lat' dir='ltr'><strong>attente</strong></span> <span class='ocrx_word' id='word_1_627' title='bbox 2922 3676 3086 3730; x_wconf 88' lang='lat' dir='ltr'><strong>vitam</strong></span> <span class='ocrx_word' id='word_1_628' title='bbox 3120 3689 3270 3728; x_wconf 90' lang='lat' dir='ltr'><strong>suam</strong></span> <span class='ocrx_word' id='word_1_629' title='bbox 3295 3671 3523 3738; x_wconf 87' lang='lat' dir='ltr'><strong>curabit,</strong></span> <span class='ocrx_word' id='word_1_630' title='bbox 3556 3678 3614 3725; x_wconf 91' lang='lat' dir='ltr'><strong>ut</strong></span> <span class='ocrx_word' id='word_1_631' title='bbox 3658 3670 3872 3739; x_wconf 78' lang='lat' dir='ltr'><strong>scrupi-</strong></span> 
     </span>
    </p>
   </div>
   <div class='ocr_carea' id='block_1_82' title="bbox 2283 3764 3874 3836">
    <p class='ocr_par' dir='ltr' id='par_1_82' title="bbox 2283 3764 3874 3836">
     <span class='ocr_line' id='line_1_82' title="bbox 2283 3764 3874 3836; baseline -0.004 -13"><span class='ocrx_word' id='word_1_632' title='bbox 2283 3779 2433 3824; x_wconf 87' lang='lat' dir='ltr'><strong>terna</strong></span> <span class='ocrx_word' id='word_1_633' title='bbox 2484 3769 2625 3822; x_wconf 91' lang='lat' dir='ltr'><strong>bona</strong></span> <span class='ocrx_word' id='word_1_634' title='bbox 2672 3774 3072 3836; x_wconf 85' lang='lat' dir='ltr'><strong>consequatur:</strong></span> <span class='ocrx_word' id='word_1_635' title='bbox 3107 3780 3226 3834; x_wconf 69' lang='lat' dir='ltr'><strong>qua:</strong></span> <span class='ocrx_word' id='word_1_636' title='bbox 3275 3764 3478 3818; x_wconf 90' lang='lat' dir='ltr'><strong>utinam</strong></span> <span class='ocrx_word' id='word_1_637' title='bbox 3529 3777 3626 3816; x_wconf 91' lang='lat' dir='ltr'><strong>nos</strong></span> <span class='ocrx_word' id='word_1_638' title='bbox 3672 3777 3874 3816; x_wconf 86' lang='lat' dir='ltr'><strong>omnes</strong></span> 
     </span>
    </p>
   </div>
   <div class='ocr_carea' id='block_1_83' title="bbox 2280 3853 3874 3930">
    <p class='ocr_par' dir='ltr' id='par_1_83' title="bbox 2280 3853 3874 3930">
     <span class='ocr_line' id='line_1_83' title="bbox 2280 3853 3874 3930; baseline -0.006 -16"><span class='ocrx_word' id='word_1_639' title='bbox 2280 3875 2694 3930; x_wconf 85' lang='lat' dir='ltr'><strong>consequamur,</strong></span> <span class='ocrx_word' id='word_1_640' title='bbox 2725 3859 2894 3929; x_wconf 83' lang='lat' dir='ltr'><strong>gratia</strong></span> <span class='ocrx_word' id='word_1_641' title='bbox 2946 3867 3000 3913; x_wconf 91' lang='lat' dir='ltr'><strong>et</strong></span> <span class='ocrx_word' id='word_1_642' title='bbox 3050 3857 3380 3928; x_wconf 86' lang='lat' dir='ltr'><strong>benignitate</strong></span> <span class='ocrx_word' id='word_1_643' title='bbox 3433 3853 3646 3909; x_wconf 91' lang='lat' dir='ltr'><strong>Domini</strong></span> <span class='ocrx_word' id='word_1_644' title='bbox 3691 3854 3874 3907; x_wconf 80' lang='lat' dir='ltr'><strong>nostri</strong></span> 
     </span>
    </p>
   </div>
   <div class='ocr_carea' id='block_1_84' title="bbox 2281 3943 3871 4018">
    <p class='ocr_par' dir='ltr' id='par_1_84' title="bbox 2281 3943 3871 4018">
     <span class='ocr_line' id='line_1_84' title="bbox 2281 3943 3871 4018; baseline -0.008 -10"><span class='ocrx_word' id='word_1_645' title='bbox 2281 3952 2406 4008; x_wconf 85' lang='lat' dir='ltr'><strong>Jesu</strong></span> <span class='ocrx_word' id='word_1_646' title='bbox 2435 3951 2669 4018; x_wconf 89' lang='lat' dir='ltr'><strong>Christi,</strong></span> <span class='ocrx_word' id='word_1_647' title='bbox 2699 3951 2784 4006; x_wconf 91' lang='lat' dir='ltr'><strong>cui</strong></span> <span class='ocrx_word' id='word_1_648' title='bbox 2811 3965 2933 4005; x_wconf 91' lang='lat' dir='ltr'><strong>cum</strong></span> <span class='ocrx_word' id='word_1_649' title='bbox 2963 3949 3122 4004; x_wconf 89' lang='lat' dir='ltr'><strong>Patre</strong></span> <span class='ocrx_word' id='word_1_650' title='bbox 3150 3957 3203 4004; x_wconf 90' lang='lat' dir='ltr'><strong>et</strong></span> <span class='ocrx_word' id='word_1_651' title='bbox 3232 3947 3429 4018; x_wconf 89' lang='lat' dir='ltr'><strong>Spiritu</strong></span> <span class='ocrx_word' id='word_1_652' title='bbox 3459 3955 3645 4000; x_wconf 89' lang='lat' dir='ltr'><strong>sancto</strong></span> <span class='ocrx_word' id='word_1_653' title='bbox 3670 3943 3871 4015; x_wconf 81' lang='lat' dir='ltr'><strong>gloria,</strong></span> 
     </span>
    </p>
   </div>
   <div class='ocr_carea' id='block_1_85' title="bbox 2280 4037 3874 4113">
    <p class='ocr_par' dir='ltr' id='par_1_85' title="bbox 2280 4037 3874 4113">
     <span class='ocr_line' id='line_1_85' title="bbox 2280 4037 3874 4113; baseline -0.006 -13"><span class='ocrx_word' id='word_1_654' title='bbox 2280 4045 2588 4113; x_wconf 87' lang='lat' dir='ltr'><strong>imperium,</strong></span> <span class='ocrx_word' id='word_1_655' title='bbox 2621 4043 2815 4109; x_wconf 83' lang='lat' dir='ltr'><strong>honor,</strong></span> <span class='ocrx_word' id='word_1_656' title='bbox 2850 4057 2993 4098; x_wconf 92' lang='lat' dir='ltr'><strong>nunc</strong></span> <span class='ocrx_word' id='word_1_657' title='bbox 3017 4049 3071 4097; x_wconf 89' lang='lat' dir='ltr'><strong>et</strong></span> <span class='ocrx_word' id='word_1_658' title='bbox 3097 4055 3334 4111; x_wconf 88' lang='lat' dir='ltr'><strong>semper,</strong></span> <span class='ocrx_word' id='word_1_659' title='bbox 3378 4047 3434 4094; x_wconf 90' lang='lat' dir='ltr'><strong>et</strong></span> <span class='ocrx_word' id='word_1_660' title='bbox 3463 4040 3514 4093; x_wconf 91' lang='lat' dir='ltr'><strong>in</strong></span> <span class='ocrx_word' id='word_1_661' title='bbox 3536 4037 3730 4093; x_wconf 64' lang='lat' dir='ltr'><strong>saecula</strong></span> <span class='ocrx_word' id='word_1_662' title='bbox 3761 4052 3874 4091; x_wconf 73' lang='lat' dir='ltr'><strong>sa:-</strong></span> 
     </span>
    </p>
   </div>
   <div class='ocr_carea' id='block_1_86' title="bbox 2287 4139 2774 4196">
    <p class='ocr_par' dir='ltr' id='par_1_86' title="bbox 2287 4139 2774 4196">
     <span class='ocr_line' id='line_1_86' title="bbox 2287 4139 2774 4196; baseline -0.012 0"><span class='ocrx_word' id='word_1_663' title='bbox 2287 4140 2552 4196; x_wconf 79' lang='lat' dir='ltr'><strong>c-ulorum.</strong></span> <span class='ocrx_word' id='word_1_664' title='bbox 2582 4139 2774 4193; x_wconf 81' lang='lat' dir='ltr'><strong>Amen.</strong></span> 
     </span>
    </p>
   </div>
   <div class='ocr_carea' id='block_1_87' title="bbox 3601 4268 3874 4283">
    <p class='ocr_par' dir='ltr' id='par_1_87' title="bbox 3601 4268 3874 4283">
     <span class='ocr_line' id='line_1_87' title="bbox 3601 4268 3874 4283; baseline 0.004 -1"><span class='ocrx_word' id='word_1_665' title='bbox 3601 4268 3874 4283; x_wconf 67' lang='grc'><strong>4.-</strong></span> 
     </span>
    </p>
   </div>
   <div class='ocr_carea' id='block_1_88' title="bbox 1897 4344 2421 4416">
    <p class='ocr_par' dir='ltr' id='par_1_88' title="bbox 1897 4344 2421 4416">
     <span class='ocr_line' id='line_1_88' title="bbox 1897 4344 2421 4416; baseline 0.019 -10"><span class='ocrx_word' id='word_1_666' title='bbox 1897 4344 2246 4415; x_wconf 84' lang='lat' dir='ltr'><strong>HOMILIA</strong></span> <span class='ocrx_word' id='word_1_667' title='bbox 2287 4355 2421 4416; x_wconf 84' lang='grc' dir='ltr'>νιι.</span> 
     </span>
    </p>
   </div>
   <div class='ocr_carea' id='block_1_89' title="bbox 586 4475 2176 4561">
    <p class='ocr_par' dir='ltr' id='par_1_89' title="bbox 586 4475 2176 4561">
     <span class='ocr_line' id='line_1_89' title="bbox 586 4475 2176 4561; baseline 0.012 -30"><span class='ocrx_word' id='word_1_668' title='bbox 586 4476 714 4531; x_wconf 62' lang='lat' dir='ltr'><strong>Car.</strong></span> <span class='ocrx_word' id='word_1_669' title='bbox 741 4475 796 4530; x_wconf 75' lang='lat'><strong>9..</strong></span> <span class='ocrx_word' id='word_1_670' title='bbox 822 4493 875 4532; x_wconf 89' lang='lat' dir='ltr'><strong>v.</strong></span> <span class='ocrx_word' id='word_1_671' title='bbox 917 4477 970 4533; x_wconf 83' lang='lat'><strong>5.</strong></span> <span class='ocrx_word' id='word_1_672' title='bbox 1009 4477 1122 4530; x_wconf 80' lang='lat' dir='ltr'><strong>Hoc</strong></span> <span class='ocrx_word' id='word_1_673' title='bbox 1147 4477 1280 4531; x_wconf 84' lang='lat' dir='ltr'><strong>enim</strong></span> <span class='ocrx_word' id='word_1_674' title='bbox 1307 4480 1558 4535; x_wconf 79' lang='lat' dir='ltr'><strong>sentiatur</strong></span> <span class='ocrx_word' id='word_1_675' title='bbox 1583 4482 1637 4538; x_wconf 85' lang='lat' dir='ltr'><strong>in</strong></span> <span class='ocrx_word' id='word_1_676' title='bbox 1671 4485 1810 4541; x_wconf 71' lang='lat' dir='ltr'><strong>vobis</strong></span> <span class='ocrx_word' id='word_1_677' title='bbox 1829 4529 1844 4556; x_wconf 95' lang='lat'><strong>,</strong></span> <span class='ocrx_word' id='word_1_678' title='bbox 1884 4493 2022 4561; x_wconf 83' lang='lat' dir='ltr'><strong>quod</strong></span> <span class='ocrx_word' id='word_1_679' title='bbox 2045 4504 2093 4548; x_wconf 88' lang='lat' dir='ltr'><strong>et</strong></span> <span class='ocrx_word' id='word_1_680' title='bbox 2119 4496 2176 4550; x_wconf 83' lang='lat' dir='ltr'><strong>in</strong></span> 
     </span>
    </p>
   </div>
   <div class='ocr_carea' id='block_1_90' title="bbox 655 4565 2174 4646">
    <p class='ocr_par' dir='ltr' id='par_1_90' title="bbox 655 4565 2174 4646">
     <span class='ocr_line' id='line_1_90' title="bbox 655 4565 2174 4646; baseline 0.012 -25"><span class='ocrx_word' id='word_1_681' title='bbox 655 4565 855 4621; x_wconf 84' lang='lat' dir='ltr'><strong>Christo</strong></span> <span class='ocrx_word' id='word_1_682' title='bbox 881 4566 1007 4621; x_wconf 84' lang='lat' dir='ltr'><strong>Jesu</strong></span> <span class='ocrx_word' id='word_1_683' title='bbox 1039 4582 1059 4621; x_wconf 91' lang='lat'><strong>:</strong></span> <span class='ocrx_word' id='word_1_684' title='bbox 1089 4568 1140 4622; x_wconf 84' lang='lat'><strong>6.</strong></span> <span class='ocrx_word' id='word_1_685' title='bbox 1170 4569 1257 4638; x_wconf 86' lang='lat' dir='ltr'><strong>qui</strong></span> <span class='ocrx_word' id='word_1_686' title='bbox 1281 4585 1394 4622; x_wconf 83' lang='lat' dir='ltr'><strong>cum</strong></span> <span class='ocrx_word' id='word_1_687' title='bbox 1413 4573 1466 4624; x_wconf 87' lang='lat' dir='ltr'><strong>in</strong></span> <span class='ocrx_word' id='word_1_688' title='bbox 1487 4576 1652 4642; x_wconf 80' lang='lat' dir='ltr'><strong>forma</strong></span> <span class='ocrx_word' id='word_1_689' title='bbox 1673 4576 1768 4631; x_wconf 86' lang='lat' dir='ltr'><strong>Dei</strong></span> <span class='ocrx_word' id='word_1_690' title='bbox 1787 4590 1933 4646; x_wconf 87' lang='lat' dir='ltr'><strong>esset,</strong></span> <span class='ocrx_word' id='word_1_691' title='bbox 1965 4599 2064 4637; x_wconf 87' lang='lat' dir='ltr'><strong>non</strong></span> <span class='ocrx_word' id='word_1_692' title='bbox 2085 4601 2174 4639; x_wconf 90' lang='lat' dir='ltr'><strong>ra-</strong></span> 
     </span>
    </p>
   </div>
   <div class='ocr_carea' id='block_1_91' title="bbox 660 4659 2175 4740">
    <p class='ocr_par' dir='ltr' id='par_1_91' title="bbox 660 4659 2175 4740">
     <span class='ocr_line' id='line_1_91' title="bbox 660 4659 2175 4740; baseline 0.014 -30"><span class='ocrx_word' id='word_1_693' title='bbox 660 4659 832 4729; x_wconf 84' lang='lat' dir='ltr'><strong>pinam</strong></span> <span class='ocrx_word' id='word_1_694' title='bbox 882 4659 1156 4714; x_wconf 82' lang='lat' dir='ltr'><strong>arbitratus</strong></span> <span class='ocrx_word' id='word_1_695' title='bbox 1204 4669 1276 4714; x_wconf 87' lang='lat' dir='ltr'><strong>est</strong></span> <span class='ocrx_word' id='word_1_696' title='bbox 1316 4678 1424 4717; x_wconf 84' lang='lat' dir='ltr'><strong>esse</strong></span> <span class='ocrx_word' id='word_1_697' title='bbox 1470 4680 1522 4720; x_wconf 85' lang='lat' dir='ltr'><strong>se</strong></span> <span class='ocrx_word' id='word_1_698' title='bbox 1560 4669 1802 4736; x_wconf 69' lang='lat' dir='ltr'><strong>(squalent</strong></span> <span class='ocrx_word' id='word_1_699' title='bbox 1832 4669 1938 4725; x_wconf 90' lang='lat' dir='ltr'><strong>Deo</strong></span> <span class='ocrx_word' id='word_1_700' title='bbox 1961 4714 1977 4740; x_wconf 90' lang='lat'><strong>,</strong></span> <span class='ocrx_word' id='word_1_701' title='bbox 2008 4675 2058 4728; x_wconf 88' lang='lat'><strong>7.</strong></span> <span class='ocrx_word' id='word_1_702' title='bbox 2087 4679 2175 4730; x_wconf 87' lang='lat' dir='ltr'><strong>sed</strong></span> 
     </span>
    </p>
   </div>
   <div class='ocr_carea' id='block_1_92' title="bbox 658 4753 2172 4832">
    <p class='ocr_par' dir='ltr' id='par_1_92' title="bbox 658 4753 2172 4832">
     <span class='ocr_line' id='line_1_92' title="bbox 658 4753 2172 4832; baseline 0.011 -26"><span class='ocrx_word' id='word_1_703' title='bbox 658 4754 981 4822; x_wconf 83' lang='lat' dir='ltr'><strong>semetipsum</strong></span> <span class='ocrx_word' id='word_1_704' title='bbox 1001 4753 1295 4820; x_wconf 73' lang='lat' dir='ltr'><strong>exinanivit,</strong></span> <span class='ocrx_word' id='word_1_705' title='bbox 1325 4755 1544 4824; x_wconf 81' lang='lat' dir='ltr'><strong>formam</strong></span> <span class='ocrx_word' id='word_1_706' title='bbox 1571 4762 1700 4814; x_wconf 81' lang='lat' dir='ltr'><strong>servi</strong></span> <span class='ocrx_word' id='word_1_707' title='bbox 1726 4763 1998 4832; x_wconf 82' lang='lat' dir='ltr'><strong>accipiens,</strong></span> <span class='ocrx_word' id='word_1_708' title='bbox 2018 4768 2072 4821; x_wconf 86' lang='lat' dir='ltr'><strong>in</strong></span> <span class='ocrx_word' id='word_1_709' title='bbox 2099 4769 2172 4823; x_wconf 87' lang='lat' dir='ltr'><strong>si-</strong></span> 
     </span>
    </p>
   </div>
   <div class='ocr_carea' id='block_1_93' title="bbox 658 4844 2175 4918">
    <p class='ocr_par' dir='ltr' id='par_1_93' title="bbox 658 4844 2175 4918">
     <span class='ocr_line' id='line_1_93' title="bbox 658 4844 2175 4918; baseline 0.012 -22"><span class='ocrx_word' id='word_1_710' title='bbox 658 4844 993 4897; x_wconf 82' lang='lat' dir='ltr'><strong>militudinem</strong></span> <span class='ocrx_word' id='word_1_711' title='bbox 1036 4844 1297 4899; x_wconf 81' lang='lat' dir='ltr'><strong>hominum</strong></span> <span class='ocrx_word' id='word_1_712' title='bbox 1352 4851 1516 4918; x_wconf 79' lang='lat' dir='ltr'><strong>[actus</strong></span> <span class='ocrx_word' id='word_1_713' title='bbox 1536 4889 1551 4914; x_wconf 89' lang='lat'><strong>,</strong></span> <span class='ocrx_word' id='word_1_714' title='bbox 1578 4859 1622 4902; x_wconf 87' lang='lat' dir='ltr'><strong>et</strong></span> <span class='ocrx_word' id='word_1_715' title='bbox 1665 4851 1838 4906; x_wconf 87' lang='lat' dir='ltr'><strong>Itabitu</strong></span> <span class='ocrx_word' id='word_1_716' title='bbox 1866 4855 2093 4912; x_wconf 81' lang='lat' dir='ltr'><strong>inventus</strong></span> <span class='ocrx_word' id='word_1_717' title='bbox 2121 4870 2175 4915; x_wconf 87' lang='lat' dir='ltr'><strong>ttt</strong></span> 
     </span>
    </p>
   </div>
   <div class='ocr_carea' id='block_1_94' title="bbox 659 4933 2174 5010">
    <p class='ocr_par' dir='ltr' id='par_1_94' title="bbox 659 4933 2174 5010">
     <span class='ocr_line' id='line_1_94' title="bbox 659 4933 2174 5010; baseline 0.013 -26"><span class='ocrx_word' id='word_1_718' title='bbox 659 4933 808 4986; x_wconf 83' lang='lat' dir='ltr'><strong>homo</strong></span> <span class='ocrx_word' id='word_1_719' title='bbox 853 4948 870 4985; x_wconf 92' lang='lat'><strong><em>:</em></strong></span> <span class='ocrx_word' id='word_1_720' title='bbox 922 4933 976 4988; x_wconf 90' lang='lat'><strong>8.</strong></span> <span class='ocrx_word' id='word_1_721' title='bbox 1025 4933 1309 4988; x_wconf 79' lang='lat' dir='ltr'><strong>Ituutiliauit</strong></span> <span class='ocrx_word' id='word_1_722' title='bbox 1357 4940 1700 5009; x_wconf 83' lang='lat' dir='ltr'><strong>semetipsum,</strong></span> <span class='ocrx_word' id='word_1_723' title='bbox 1733 4941 1898 5010; x_wconf 76' lang='lat' dir='ltr'><strong>factus</strong></span> <span class='ocrx_word' id='word_1_724' title='bbox 1938 4947 2174 5005; x_wconf 83' lang='lat' dir='ltr'><strong>obcdiens</strong></span> 
     </span>
    </p>
   </div>
   <div class='ocr_carea' id='block_1_95' title="bbox 659 5024 2174 5095">
    <p class='ocr_par' dir='ltr' id='par_1_95' title="bbox 659 5024 2174 5095">
     <span class='ocr_line' id='line_1_95' title="bbox 659 5024 2174 5095; baseline 0.013 -19"><span class='ocrx_word' id='word_1_725' title='bbox 659 5040 816 5093; x_wconf 81' lang='lat' dir='ltr'><strong>usque</strong></span> <span class='ocrx_word' id='word_1_726' title='bbox 857 5024 924 5076; x_wconf 89' lang='lat' dir='ltr'><strong>ad</strong></span> <span class='ocrx_word' id='word_1_727' title='bbox 953 5035 1196 5089; x_wconf 87' lang='lat' dir='ltr'><strong>mortent,</strong></span> <span class='ocrx_word' id='word_1_728' title='bbox 1241 5037 1455 5081; x_wconf 88' lang='lat' dir='ltr'><strong>mortem</strong></span> <span class='ocrx_word' id='word_1_729' title='bbox 1505 5040 1671 5084; x_wconf 85' lang='lat' dir='ltr'><strong>autem</strong></span> <span class='ocrx_word' id='word_1_730' title='bbox 1699 5037 1880 5090; x_wconf 84' lang='lat' dir='ltr'><strong>crucis.</strong></span> <span class='ocrx_word' id='word_1_731' title='bbox 1929 5039 1981 5094; x_wconf 89' lang='lat'><strong>9.</strong></span> <span class='ocrx_word' id='word_1_732' title='bbox 2039 5039 2174 5095; x_wconf 83' lang='lat' dir='ltr'><strong>Pro-</strong></span> 
     </span>
    </p>
   </div>
   <div class='ocr_carea' id='block_1_96' title="bbox 660 5117 2173 5187">
    <p class='ocr_par' dir='ltr' id='par_1_96' title="bbox 660 5117 2173 5187">
     <span class='ocr_line' id='line_1_96' title="bbox 660 5117 2173 5187; baseline 0.011 -16"><span class='ocrx_word' id='word_1_733' title='bbox 660 5128 770 5187; x_wconf 82' lang='lat' dir='ltr'><strong>pter</strong></span> <span class='ocrx_word' id='word_1_734' title='bbox 813 5117 951 5186; x_wconf 84' lang='lat' dir='ltr'><strong>quod</strong></span> <span class='ocrx_word' id='word_1_735' title='bbox 993 5127 1040 5170; x_wconf 86' lang='lat' dir='ltr'><strong>et</strong></span> <span class='ocrx_word' id='word_1_736' title='bbox 1090 5117 1223 5173; x_wconf 84' lang='lat' dir='ltr'><strong>Deus</strong></span> <span class='ocrx_word' id='word_1_737' title='bbox 1250 5120 1490 5174; x_wconf 79' lang='lat' dir='ltr'><strong>exultavit</strong></span> <span class='ocrx_word' id='word_1_738' title='bbox 1519 5123 1694 5186; x_wconf 85' lang='lat' dir='ltr'><strong>illum,</strong></span> <span class='ocrx_word' id='word_1_739' title='bbox 1757 5137 1802 5179; x_wconf 85' lang='lat' dir='ltr'><strong>et</strong></span> <span class='ocrx_word' id='word_1_740' title='bbox 1845 5129 2048 5186; x_wconf 82' lang='lat' dir='ltr'><strong>donavit</strong></span> <span class='ocrx_word' id='word_1_741' title='bbox 2094 5132 2173 5186; x_wconf 81' lang='lat' dir='ltr'><strong>illi</strong></span> 
     </span>
    </p>
   </div>
   <div class='ocr_carea' id='block_1_97' title="bbox 659 5209 2171 5285">
    <p class='ocr_par' dir='ltr' id='par_1_97' title="bbox 659 5209 2171 5285">
     <span class='ocr_line' id='line_1_97' title="bbox 659 5209 2171 5285; baseline 0.011 -23"><span class='ocrx_word' id='word_1_742' title='bbox 659 5225 872 5274; x_wconf 84' lang='lat' dir='ltr'><strong>nomen,</strong></span> <span class='ocrx_word' id='word_1_743' title='bbox 924 5209 1059 5279; x_wconf 84' lang='lat' dir='ltr'><strong>quod</strong></span> <span class='ocrx_word' id='word_1_744' title='bbox 1109 5220 1179 5263; x_wconf 86' lang='lat' dir='ltr'><strong>est</strong></span> <span class='ocrx_word' id='word_1_745' title='bbox 1232 5229 1389 5282; x_wconf 83' lang='lat' dir='ltr'><strong>super</strong></span> <span class='ocrx_word' id='word_1_746' title='bbox 1433 5230 1580 5269; x_wconf 86' lang='lat' dir='ltr'><strong>omne</strong></span> <span class='ocrx_word' id='word_1_747' title='bbox 1638 5233 1857 5285; x_wconf 88' lang='lat' dir='ltr'><strong>nomen,</strong></span> <span class='ocrx_word' id='word_1_748' title='bbox 1908 5223 1997 5276; x_wconf 88' lang='grc'><strong>10.</strong></span> <span class='ocrx_word' id='word_1_749' title='bbox 2040 5235 2093 5276; x_wconf 88' lang='lat' dir='ltr'><strong>ut</strong></span> <span class='ocrx_word' id='word_1_750' title='bbox 2119 5225 2171 5280; x_wconf 84' lang='lat' dir='ltr'><strong>in</strong></span> 
     </span>
    </p>
   </div>
   <div class='ocr_carea' id='block_1_98' title="bbox 661 5298 2172 5377">
    <p class='ocr_par' dir='ltr' id='par_1_98' title="bbox 661 5298 2172 5377">
     <span class='ocr_line' id='line_1_98' title="bbox 661 5298 2172 5377; baseline 0.011 -24"><span class='ocrx_word' id='word_1_751' title='bbox 661 5300 860 5354; x_wconf 83' lang='lat' dir='ltr'><strong>nomine</strong></span> <span class='ocrx_word' id='word_1_752' title='bbox 885 5298 1009 5353; x_wconf 75' lang='lat' dir='ltr'><strong>Iesu</strong></span> <span class='ocrx_word' id='word_1_753' title='bbox 1039 5316 1184 5354; x_wconf 83' lang='lat' dir='ltr'><strong>omne</strong></span> <span class='ocrx_word' id='word_1_754' title='bbox 1209 5320 1339 5374; x_wconf 84' lang='lat' dir='ltr'><strong>genu</strong></span> <span class='ocrx_word' id='word_1_755' title='bbox 1385 5305 1616 5374; x_wconf 79' lang='lat' dir='ltr'><strong>ﬂectatur</strong></span> <span class='ocrx_word' id='word_1_756' title='bbox 1665 5311 1969 5377; x_wconf 64' lang='lat' dir='ltr'><strong>caelestium,</strong></span> <span class='ocrx_word' id='word_1_757' title='bbox 2013 5323 2172 5369; x_wconf 85' lang='lat' dir='ltr'><strong>terre-</strong></span> 
     </span>
    </p>
   </div>
   <div class='ocr_carea' id='block_1_99' title="bbox 663 5394 2172 5474">
    <p class='ocr_par' dir='ltr' id='par_1_99' title="bbox 663 5394 2172 5474">
     <span class='ocr_line' id='line_1_99' title="bbox 663 5394 2172 5474; baseline 0.01 -27"><span class='ocrx_word' id='word_1_758' title='bbox 663 5395 842 5447; x_wconf 85' lang='lat' dir='ltr'><strong>strium</strong></span> <span class='ocrx_word' id='word_1_759' title='bbox 871 5403 914 5446; x_wconf 86' lang='lat' dir='ltr'><strong>et</strong></span> <span class='ocrx_word' id='word_1_760' title='bbox 936 5394 1271 5464; x_wconf 74' lang='lat' dir='ltr'><strong>inferuerunt,</strong></span> <span class='ocrx_word' id='word_1_761' title='bbox 1299 5398 1385 5451; x_wconf 92' lang='grc'><strong>11.</strong></span> <span class='ocrx_word' id='word_1_762' title='bbox 1432 5408 1476 5452; x_wconf 84' lang='lat' dir='ltr'><strong>et</strong></span> <span class='ocrx_word' id='word_1_763' title='bbox 1502 5403 1664 5456; x_wconf 86' lang='lat' dir='ltr'><strong>omnis</strong></span> <span class='ocrx_word' id='word_1_764' title='bbox 1711 5404 1886 5474; x_wconf 82' lang='lat' dir='ltr'><strong>lingua</strong></span> <span class='ocrx_word' id='word_1_765' title='bbox 1927 5407 2172 5474; x_wconf 79' lang='lat' dir='ltr'><strong>conﬁtea-</strong></span> 
     </span>
    </p>
   </div>
   <div class='ocr_carea' id='block_1_100' title="bbox 663 5483 2174 5566">
    <p class='ocr_par' dir='ltr' id='par_1_100' title="bbox 663 5483 2174 5566">
     <span class='ocr_line' id='line_1_100' title="bbox 663 5483 2174 5566; baseline 0.013 -31"><span class='ocrx_word' id='word_1_766' title='bbox 663 5494 762 5547; x_wconf 89' lang='lat' dir='ltr'><strong>tur,</strong></span> <span class='ocrx_word' id='word_1_767' title='bbox 798 5485 914 5551; x_wconf 84' lang='lat' dir='ltr'><strong>quia</strong></span> <span class='ocrx_word' id='word_1_768' title='bbox 970 5483 1220 5542; x_wconf 85' lang='lat' dir='ltr'><strong>Dominus</strong></span> <span class='ocrx_word' id='word_1_769' title='bbox 1273 5487 1425 5544; x_wconf 84' lang='lat' dir='ltr'><strong>Jesus</strong></span> <span class='ocrx_word' id='word_1_770' title='bbox 1455 5488 1685 5548; x_wconf 84' lang='lat' dir='ltr'><strong>Christus</strong></span> <span class='ocrx_word' id='word_1_771' title='bbox 1731 5495 1782 5547; x_wconf 85' lang='lat' dir='ltr'><strong>in</strong></span> <span class='ocrx_word' id='word_1_772' title='bbox 1830 5497 2048 5566; x_wconf 86' lang='lat' dir='ltr'><strong>gloriam</strong></span> <span class='ocrx_word' id='word_1_773' title='bbox 2078 5497 2174 5554; x_wconf 80' lang='lat' dir='ltr'><strong>Dei</strong></span> 
     </span>
    </p>
   </div>
   <div class='ocr_carea' id='block_1_101' title="bbox 664 5572 857 5628">
    <p class='ocr_par' dir='ltr' id='par_1_101' title="bbox 664 5572 857 5628">
     <span class='ocr_line' id='line_1_101' title="bbox 664 5572 857 5628; baseline 0.01 -2"><span class='ocrx_word' id='word_1_774' title='bbox 664 5572 857 5628; x_wconf 84' lang='lat' dir='ltr'><strong>Patris.</strong></span> 
     </span>
    </p>
   </div>
   <div class='ocr_carea' id='block_1_102' title="bbox 659 5667 2172 5750">
    <p class='ocr_par' dir='ltr' id='par_1_102' title="bbox 659 5667 2172 5750">
     <span class='ocr_line' id='line_1_102' title="bbox 659 5667 2172 5750; baseline 0.013 -29"><span class='ocrx_word' id='word_1_775' title='bbox 659 5667 709 5722; x_wconf 94' lang='grc'><strong>1.</strong></span> <span class='ocrx_word' id='word_1_776' title='bbox 769 5668 1017 5736; x_wconf 80' lang='lat' dir='ltr'><strong>Exposita</strong></span> <span class='ocrx_word' id='word_1_777' title='bbox 1066 5685 1092 5726; x_wconf 87' lang='lat' dir='ltr'><strong>a</strong></span> <span class='ocrx_word' id='word_1_778' title='bbox 1143 5673 1298 5730; x_wconf 90' lang='lat' dir='ltr'><strong>nobis</strong></span> <span class='ocrx_word' id='word_1_779' title='bbox 1344 5675 1432 5730; x_wconf 90' lang='lat' dir='ltr'><strong>illa</strong></span> <span class='ocrx_word' id='word_1_780' title='bbox 1479 5687 1603 5750; x_wconf 85' lang='lat' dir='ltr'><strong>sunt</strong></span> <span class='ocrx_word' id='word_1_781' title='bbox 1639 5695 1757 5747; x_wconf 69' lang='lat' dir='ltr'><strong>qum</strong></span> <span class='ocrx_word' id='word_1_782' title='bbox 1795 5681 1860 5735; x_wconf 84' lang='lat' dir='ltr'><strong>ad</strong></span> <span class='ocrx_word' id='word_1_783' title='bbox 1891 5682 2172 5740; x_wconf 78' lang='lat' dir='ltr'><strong>htereticos</strong></span> 
     </span>
    </p>
   </div>
   <div class='ocr_carea' id='block_1_103' title="bbox 587 5761 2172 5840">
    <p class='ocr_par' dir='ltr' id='par_1_103' title="bbox 587 5761 2172 5840">
     <span class='ocr_line' id='line_1_103' title="bbox 587 5761 2172 5840; baseline 0.012 -27"><span class='ocrx_word' id='word_1_784' title='bbox 587 5761 924 5830; x_wconf 82' lang='lat' dir='ltr'><strong>pertinebant</strong></span> <span class='ocrx_word' id='word_1_785' title='bbox 953 5781 966 5819; x_wconf 93' lang='lat'><strong>:</strong></span> <span class='ocrx_word' id='word_1_786' title='bbox 991 5765 1102 5835; x_wconf 89' lang='lat' dir='ltr'><strong>jam</strong></span> <span class='ocrx_word' id='word_1_787' title='bbox 1130 5781 1260 5825; x_wconf 85' lang='lat' dir='ltr'><strong>vero</strong></span> <span class='ocrx_word' id='word_1_788' title='bbox 1290 5779 1651 5840; x_wconf 89' lang='lat' dir='ltr'><strong>opportunum</strong></span> <span class='ocrx_word' id='word_1_789' title='bbox 1696 5781 1779 5828; x_wconf 89' lang='lat' dir='ltr'><strong>est</strong></span> <span class='ocrx_word' id='word_1_790' title='bbox 1805 5788 1987 5831; x_wconf 85' lang='lat' dir='ltr'><strong>nostra</strong></span> <span class='ocrx_word' id='word_1_791' title='bbox 2009 5775 2172 5833; x_wconf 91' lang='lat' dir='ltr'><strong>etiam</strong></span> 
     </span>
    </p>
   </div>
   <div class='ocr_carea' id='block_1_104' title="bbox 2280 4490 3869 4562">
    <p class='ocr_par' dir='ltr' id='par_1_104' title="bbox 2280 4490 3869 4562">
     <span class='ocr_line' id='line_1_104' title="bbox 2280 4490 3869 4562; baseline -0.006 -10"><span class='ocrx_word' id='word_1_792' title='bbox 2280 4497 2496 4554; x_wconf 72' lang='lat' dir='ltr'><strong>afferre.</strong></span> <span class='ocrx_word' id='word_1_793' title='bbox 2529 4497 2610 4553; x_wconf 83' lang='lat' dir='ltr'><strong>Illi</strong></span> <span class='ocrx_word' id='word_1_794' title='bbox 2636 4498 2707 4552; x_wconf 85' lang='lat' dir='ltr'><strong>ita</strong></span> <span class='ocrx_word' id='word_1_795' title='bbox 2729 4497 2916 4551; x_wconf 84' lang='lat' dir='ltr'><strong>dicunt</strong></span> <span class='ocrx_word' id='word_1_796' title='bbox 2937 4495 3099 4550; x_wconf 86' lang='lat' dir='ltr'><strong>verba</strong></span> <span class='ocrx_word' id='word_1_797' title='bbox 3121 4494 3244 4560; x_wconf 58' lang='lat' dir='ltr'><strong>ista,</strong></span> <span class='ocrx_word' id='word_1_798' title='bbox 3290 4491 3411 4546; x_wconf 83' lang='lat' dir='ltr'><strong>Non</strong></span> <span class='ocrx_word' id='word_1_799' title='bbox 3439 4492 3675 4562; x_wconf 83' lang='lat' dir='ltr'><strong>rapinam</strong></span> <span class='ocrx_word' id='word_1_800' title='bbox 3727 4490 3869 4543; x_wconf 84' lang='lat' dir='ltr'><strong>arbi-</strong></span> 
     </span>
    </p>
   </div>
   <div class='ocr_carea' id='block_1_105' title="bbox 2283 4584 3872 4657">
    <p class='ocr_par' dir='ltr' id='par_1_105' title="bbox 2283 4584 3872 4657">
     <span class='ocr_line' id='line_1_105' title="bbox 2283 4584 3872 4657; baseline -0.004 -13"><span class='ocrx_word' id='word_1_801' title='bbox 2283 4601 2443 4645; x_wconf 84' lang='lat' dir='ltr'><strong>tratus</strong></span> <span class='ocrx_word' id='word_1_802' title='bbox 2468 4600 2576 4657; x_wconf 87' lang='lat' dir='ltr'><strong>est,</strong></span> <span class='ocrx_word' id='word_1_803' title='bbox 2631 4591 2772 4646; x_wconf 88' lang='lat' dir='ltr'><strong>idem</strong></span> <span class='ocrx_word' id='word_1_804' title='bbox 2805 4589 3014 4652; x_wconf 88' lang='lat' dir='ltr'><strong>valere,</strong></span> <span class='ocrx_word' id='word_1_805' title='bbox 3045 4603 3108 4642; x_wconf 90' lang='lat' dir='ltr'><strong>ac</strong></span> <span class='ocrx_word' id='word_1_806' title='bbox 3148 4588 3192 4640; x_wconf 92' lang='lat' dir='ltr'><strong>si</strong></span> <span class='ocrx_word' id='word_1_807' title='bbox 3237 4585 3489 4648; x_wconf 81' lang='lat' dir='ltr'><strong>dixisset,</strong></span> <span class='ocrx_word' id='word_1_808' title='bbox 3523 4584 3698 4654; x_wconf 89' lang='lat' dir='ltr'><strong>rapuit</strong></span> <span class='ocrx_word' id='word_1_809' title='bbox 3726 4585 3872 4638; x_wconf 57' lang='lat' dir='ltr'><strong>:‘nos</strong></span> 
     </span>
    </p>
   </div>
   <div class='ocr_carea' id='block_1_106' title="bbox 2279 4677 3865 4751">
    <p class='ocr_par' dir='ltr' id='par_1_106' title="bbox 2279 4677 3865 4751">
     <span class='ocr_line' id='line_1_106' title="bbox 2279 4677 3865 4751; baseline -0.004 -14"><span class='ocrx_word' id='word_1_810' title='bbox 2279 4700 2410 4739; x_wconf 90' lang='lat' dir='ltr'><strong>vero</strong></span> <span class='ocrx_word' id='word_1_811' title='bbox 2455 4683 2788 4739; x_wconf 87' lang='lat' dir='ltr'><strong>ostendimus</strong></span> <span class='ocrx_word' id='word_1_812' title='bbox 2829 4683 3066 4751; x_wconf 89' lang='lat' dir='ltr'><strong>ineptum</strong></span> <span class='ocrx_word' id='word_1_813' title='bbox 3109 4680 3159 4734; x_wconf 92' lang='lat' dir='ltr'><strong>id</strong></span> <span class='ocrx_word' id='word_1_814' title='bbox 3212 4689 3368 4745; x_wconf 87' lang='lat' dir='ltr'><strong>atque</strong></span> <span class='ocrx_word' id='word_1_815' title='bbox 3404 4677 3694 4733; x_wconf 88' lang='lat' dir='ltr'><strong>absurdum</strong></span> <span class='ocrx_word' id='word_1_816' title='bbox 3721 4691 3865 4731; x_wconf 87' lang='lat' dir='ltr'><strong>esse.</strong></span> 
     </span>
    </p>
   </div>
   <div class='ocr_carea' id='block_1_107' title="bbox 2278 4771 3870 4844">
    <p class='ocr_par' dir='ltr' id='par_1_107' title="bbox 2278 4771 3870 4844">
     <span class='ocr_line' id='line_1_107' title="bbox 2278 4771 3870 4844; baseline -0.003 -14"><span class='ocrx_word' id='word_1_817' title='bbox 2278 4776 2557 4832; x_wconf 87' lang='lat' dir='ltr'><strong>Neminem</strong></span> <span class='ocrx_word' id='word_1_818' title='bbox 2601 4777 2745 4831; x_wconf 90' lang='lat' dir='ltr'><strong>enim</strong></span> <span class='ocrx_word' id='word_1_819' title='bbox 2773 4790 2924 4837; x_wconf 88' lang='lat' dir='ltr'><strong>esse,</strong></span> <span class='ocrx_word' id='word_1_820' title='bbox 2957 4773 3048 4844; x_wconf 90' lang='lat' dir='ltr'><strong>qui</strong></span> <span class='ocrx_word' id='word_1_821' title='bbox 3087 4781 3178 4826; x_wconf 90' lang='lat' dir='ltr'><strong>aut</strong></span> <span class='ocrx_word' id='word_1_822' title='bbox 3203 4788 3271 4826; x_wconf 80' lang='lat' dir='ltr'><strong>ex</strong></span> <span class='ocrx_word' id='word_1_823' title='bbox 3321 4771 3625 4840; x_wconf 89' lang='lat' dir='ltr'><strong>hujusmodi</strong></span> <span class='ocrx_word' id='word_1_824' title='bbox 3653 4771 3773 4826; x_wconf 91' lang='lat' dir='ltr'><strong>loco</strong></span> <span class='ocrx_word' id='word_1_825' title='bbox 3795 4771 3870 4826; x_wconf 87' lang='lat' dir='ltr'><strong>ad</strong></span> 
     </span>
    </p>
   </div>
   <div class='ocr_carea' id='block_1_108' title="bbox 2278 4863 3873 4930">
    <p class='ocr_par' dir='ltr' id='par_1_108' title="bbox 2278 4863 3873 4930">
     <span class='ocr_line' id='line_1_108' title="bbox 2278 4863 3873 4930; baseline 0.001 -9"><span class='ocrx_word' id='word_1_826' title='bbox 2278 4870 2440 4923; x_wconf 89' lang='lat' dir='ltr'><strong>animi</strong></span> <span class='ocrx_word' id='word_1_827' title='bbox 2471 4869 2826 4922; x_wconf 88' lang='lat' dir='ltr'><strong>humilitatem</strong></span> <span class='ocrx_word' id='word_1_828' title='bbox 2856 4867 3187 4930; x_wconf 74' lang='lat' dir='ltr'><strong>cohortatur,</strong></span> <span class='ocrx_word' id='word_1_829' title='bbox 3216 4874 3305 4918; x_wconf 92' lang='lat' dir='ltr'><strong>aut</strong></span> <span class='ocrx_word' id='word_1_830' title='bbox 3334 4865 3499 4919; x_wconf 89' lang='lat' dir='ltr'><strong>Deum</strong></span> <span class='ocrx_word' id='word_1_831' title='bbox 3529 4863 3631 4918; x_wconf 90' lang='lat' dir='ltr'><strong>hac</strong></span> <span class='ocrx_word' id='word_1_832' title='bbox 3660 4864 3873 4922; x_wconf 80' lang='lat' dir='ltr'><strong>ratione</strong></span> 
     </span>
    </p>
   </div>
   <div class='ocr_carea' id='block_1_109' title="bbox 2277 4954 3872 5024">
    <p class='ocr_par' dir='ltr' id='par_1_109' title="bbox 2277 4954 3872 5024">
     <span class='ocr_line' id='line_1_109' title="bbox 2277 4954 3872 5024; baseline -0.002 -12"><span class='ocrx_word' id='word_1_833' title='bbox 2277 4959 2534 5024; x_wconf 80' lang='lat' dir='ltr'><strong>celebret,</strong></span> <span class='ocrx_word' id='word_1_834' title='bbox 2563 4959 2670 5012; x_wconf 93' lang='lat' dir='ltr'><strong>imo</strong></span> <span class='ocrx_word' id='word_1_835' title='bbox 2699 4973 2799 5012; x_wconf 89' lang='lat' dir='ltr'><strong>nec</strong></span> <span class='ocrx_word' id='word_1_836' title='bbox 2830 4956 3124 5011; x_wconf 86' lang='lat' dir='ltr'><strong>hominem.</strong></span> <span class='ocrx_word' id='word_1_837' title='bbox 3171 4954 3307 5022; x_wconf 87' lang='lat' dir='ltr'><strong>Quid</strong></span> <span class='ocrx_word' id='word_1_838' title='bbox 3341 4954 3498 5024; x_wconf 81' lang='lat' dir='ltr'><strong>igitur</strong></span> <span class='ocrx_word' id='word_1_839' title='bbox 3525 4965 3626 5016; x_wconf 87' lang='lat' dir='ltr'><strong>est,</strong></span> <span class='ocrx_word' id='word_1_840' title='bbox 3673 4971 3707 5007; x_wconf 84' lang='grc' dir='ltr'><strong>ο</strong></span> <span class='ocrx_word' id='word_1_841' title='bbox 3732 4955 3872 5009; x_wconf 88' lang='lat' dir='ltr'><strong>dile-</strong></span> 
     </span>
    </p>
   </div>
   <div class='ocr_carea' id='block_1_110' title="bbox 2277 5043 3872 5116">
    <p class='ocr_par' dir='ltr' id='par_1_110' title="bbox 2277 5043 3872 5116">
     <span class='ocr_line' id='line_1_110' title="bbox 2277 5043 3872 5116; baseline -0.004 -13"><span class='ocrx_word' id='word_1_842' title='bbox 2277 5049 2347 5103; x_wconf 89' lang='lat' dir='ltr'><strong>cti</strong></span> <span class='ocrx_word' id='word_1_843' title='bbox 2367 5048 2388 5100; x_wconf 93' lang='lat'><strong>?</strong></span> <span class='ocrx_word' id='word_1_844' title='bbox 2411 5047 2685 5102; x_wconf 88' lang='lat' dir='ltr'><strong>Attendite</strong></span> <span class='ocrx_word' id='word_1_845' title='bbox 2712 5062 2795 5108; x_wconf 88' lang='lat' dir='ltr'><strong>ea,</strong></span> <span class='ocrx_word' id='word_1_846' title='bbox 2829 5062 2946 5116; x_wconf 66' lang='lat' dir='ltr'><strong>qum</strong></span> <span class='ocrx_word' id='word_1_847' title='bbox 2975 5060 3115 5098; x_wconf 90' lang='lat' dir='ltr'><strong>nunc</strong></span> <span class='ocrx_word' id='word_1_848' title='bbox 3152 5043 3421 5100; x_wconf 90' lang='lat' dir='ltr'><strong>dicuntur.</strong></span> <span class='ocrx_word' id='word_1_849' title='bbox 3451 5043 3715 5112; x_wconf 81' lang='lat' dir='ltr'><strong>Quoniam</strong></span> <span class='ocrx_word' id='word_1_850' title='bbox 3748 5045 3872 5114; x_wconf 79' lang='lat' dir='ltr'><strong>plu-</strong></span> 
     </span>
    </p>
   </div>
   <div class='ocr_carea' id='block_1_111' title="bbox 2277 5134 3869 5205">
    <p class='ocr_par' dir='ltr' id='par_1_111' title="bbox 2277 5134 3869 5205">
     <span class='ocr_line' id='line_1_111' title="bbox 2277 5134 3869 5205; baseline -0.002 -13"><span class='ocrx_word' id='word_1_851' title='bbox 2277 5139 2397 5192; x_wconf 90' lang='lat' dir='ltr'><strong>rimi</strong></span> <span class='ocrx_word' id='word_1_852' title='bbox 2442 5138 2689 5192; x_wconf 91' lang='lat' dir='ltr'><strong>homines</strong></span> <span class='ocrx_word' id='word_1_853' title='bbox 2715 5137 3075 5201; x_wconf 90' lang='lat' dir='ltr'><strong>arbitrantur,</strong></span> <span class='ocrx_word' id='word_1_854' title='bbox 3109 5135 3154 5189; x_wconf 91' lang='lat' dir='ltr'><strong>si</strong></span> <span class='ocrx_word' id='word_1_855' title='bbox 3181 5134 3458 5189; x_wconf 87' lang='lat' dir='ltr'><strong>humiliter</strong></span> <span class='ocrx_word' id='word_1_856' title='bbox 3485 5150 3543 5188; x_wconf 90' lang='lat' dir='ltr'><strong>se</strong></span> <span class='ocrx_word' id='word_1_857' title='bbox 3567 5138 3869 5205; x_wconf 85' lang='lat' dir='ltr'><strong>gesserint,</strong></span> 
     </span>
    </p>
   </div>
   <div class='ocr_carea' id='block_1_112' title="bbox 2278 5226 3868 5299">
    <p class='ocr_par' dir='ltr' id='par_1_112' title="bbox 2278 5226 3868 5299">
     <span class='ocr_line' id='line_1_112' title="bbox 2278 5226 3868 5299; baseline -0.004 -15"><span class='ocrx_word' id='word_1_858' title='bbox 2278 5230 2393 5284; x_wconf 90' lang='lat' dir='ltr'><strong>fore</strong></span> <span class='ocrx_word' id='word_1_859' title='bbox 2413 5237 2472 5283; x_wconf 89' lang='lat' dir='ltr'><strong>ut</strong></span> <span class='ocrx_word' id='word_1_860' title='bbox 2499 5228 2770 5299; x_wconf 86' lang='lat' dir='ltr'><strong>propriam</strong></span> <span class='ocrx_word' id='word_1_861' title='bbox 2797 5229 3041 5282; x_wconf 86' lang='lat' dir='ltr'><strong>amittant</strong></span> <span class='ocrx_word' id='word_1_862' title='bbox 3065 5226 3373 5296; x_wconf 87' lang='lat' dir='ltr'><strong>dignitatem</strong></span> <span class='ocrx_word' id='word_1_863' title='bbox 3391 5266 3408 5292; x_wconf 91' lang='lat'><strong>,</strong></span> <span class='ocrx_word' id='word_1_864' title='bbox 3437 5236 3493 5282; x_wconf 90' lang='lat' dir='ltr'><strong>et</strong></span> <span class='ocrx_word' id='word_1_865' title='bbox 3520 5227 3745 5281; x_wconf 88' lang='lat' dir='ltr'><strong>minoris</strong></span> <span class='ocrx_word' id='word_1_866' title='bbox 3771 5227 3868 5279; x_wconf 79' lang='lat' dir='ltr'><strong>Ita-</strong></span> 
     </span>
    </p>
   </div>
   <div class='ocr_carea' id='block_1_113' title="bbox 2277 5318 3868 5389">
    <p class='ocr_par' dir='ltr' id='par_1_113' title="bbox 2277 5318 3868 5389">
     <span class='ocr_line' id='line_1_113' title="bbox 2277 5318 3868 5389; baseline -0.003 -13"><span class='ocrx_word' id='word_1_867' title='bbox 2277 5320 2541 5384; x_wconf 89' lang='lat' dir='ltr'><strong>beantur,</strong></span> <span class='ocrx_word' id='word_1_868' title='bbox 2593 5327 2754 5389; x_wconf 90' lang='lat' dir='ltr'><strong>atque</strong></span> <span class='ocrx_word' id='word_1_869' title='bbox 2796 5318 2862 5373; x_wconf 89' lang='lat' dir='ltr'><strong>ad</strong></span> <span class='ocrx_word' id='word_1_870' title='bbox 2905 5319 3240 5373; x_wconf 87' lang='lat' dir='ltr'><strong>humiliorem</strong></span> <span class='ocrx_word' id='word_1_871' title='bbox 3284 5319 3459 5372; x_wconf 90' lang='lat' dir='ltr'><strong>locum</strong></span> <span class='ocrx_word' id='word_1_872' title='bbox 3499 5318 3868 5382; x_wconf 83' lang='lat' dir='ltr'><strong>descendant;</strong></span> 
     </span>
    </p>
   </div>
   <div class='ocr_carea' id='block_1_114' title="bbox 2279 5411 3867 5480">
    <p class='ocr_par' dir='ltr' id='par_1_114' title="bbox 2279 5411 3867 5480">
     <span class='ocr_line' id='line_1_114' title="bbox 2279 5411 3867 5480; baseline -0.001 -14"><span class='ocrx_word' id='word_1_873' title='bbox 2279 5412 2420 5466; x_wconf 89' lang='lat' dir='ltr'><strong>hunc</strong></span> <span class='ocrx_word' id='word_1_874' title='bbox 2469 5421 2668 5468; x_wconf 85' lang='lat' dir='ltr'><strong>metum</strong></span> <span class='ocrx_word' id='word_1_875' title='bbox 2700 5412 2949 5466; x_wconf 83' lang='lat' dir='ltr'><strong>aditueus</strong></span> <span class='ocrx_word' id='word_1_876' title='bbox 2970 5411 3284 5480; x_wconf 88' lang='lat' dir='ltr'><strong>Apostolus,</strong></span> <span class='ocrx_word' id='word_1_877' title='bbox 3325 5412 3617 5466; x_wconf 85' lang='lat' dir='ltr'><strong>ostendens</strong></span> <span class='ocrx_word' id='word_1_878' title='bbox 3646 5427 3750 5467; x_wconf 90' lang='lat' dir='ltr'><strong>non</strong></span> <span class='ocrx_word' id='word_1_879' title='bbox 3794 5413 3867 5466; x_wconf 90' lang='lat' dir='ltr'><strong>ita</strong></span> 
     </span>
    </p>
   </div>
   <div class='ocr_carea' id='block_1_115' title="bbox 2278 5503 3870 5573">
    <p class='ocr_par' dir='ltr' id='par_1_115' title="bbox 2278 5503 3870 5573">
     <span class='ocr_line' id='line_1_115' title="bbox 2278 5503 3870 5573; baseline 0.001 -16"><span class='ocrx_word' id='word_1_880' title='bbox 2278 5504 2433 5558; x_wconf 90' lang='lat' dir='ltr'><strong>nobis</strong></span> <span class='ocrx_word' id='word_1_881' title='bbox 2459 5503 2806 5560; x_wconf 85' lang='lat' dir='ltr'><strong>sentiendum</strong></span> <span class='ocrx_word' id='word_1_882' title='bbox 2826 5518 2944 5559; x_wconf 90' lang='lat' dir='ltr'><strong>esse</strong></span> <span class='ocrx_word' id='word_1_883' title='bbox 2966 5546 2980 5569; x_wconf 95' lang='lat'><strong>,</strong></span> <span class='ocrx_word' id='word_1_884' title='bbox 3005 5504 3072 5556; x_wconf 90' lang='lat' dir='ltr'><strong>de</strong></span> <span class='ocrx_word' id='word_1_885' title='bbox 3103 5503 3220 5573; x_wconf 89' lang='lat' dir='ltr'><strong>ipso</strong></span> <span class='ocrx_word' id='word_1_886' title='bbox 3255 5503 3364 5558; x_wconf 88' lang='lat' dir='ltr'><strong>Deo</strong></span> <span class='ocrx_word' id='word_1_887' title='bbox 3391 5504 3521 5559; x_wconf 90' lang='lat' dir='ltr'><strong>dicit</strong></span> <span class='ocrx_word' id='word_1_888' title='bbox 3542 5547 3556 5568; x_wconf 90' lang='lat'><strong>,</strong></span> <span class='ocrx_word' id='word_1_889' title='bbox 3584 5505 3752 5560; x_wconf 87' lang='lat' dir='ltr'><strong>Deum</strong></span> <span class='ocrx_word' id='word_1_890' title='bbox 3804 5504 3870 5559; x_wconf 89' lang='lat' dir='ltr'><strong>il-</strong></span> 
     </span>
    </p>
   </div>
   <div class='ocr_carea' id='block_1_116' title="bbox 2279 5595 3868 5667">
    <p class='ocr_par' dir='ltr' id='par_1_116' title="bbox 2279 5595 3868 5667">
     <span class='ocr_line' id='line_1_116' title="bbox 2279 5595 3868 5667; baseline 0.003 -19"><span class='ocrx_word' id='word_1_891' title='bbox 2279 5596 2386 5650; x_wconf 93' lang='lat' dir='ltr'><strong>lum</strong></span> <span class='ocrx_word' id='word_1_892' title='bbox 2415 5595 2768 5666; x_wconf 84' lang='lat' dir='ltr'><strong>unigenitum,</strong></span> <span class='ocrx_word' id='word_1_893' title='bbox 2799 5597 2884 5667; x_wconf 93' lang='lat' dir='ltr'><strong>qui</strong></span> <span class='ocrx_word' id='word_1_894' title='bbox 2910 5597 2960 5651; x_wconf 90' lang='lat' dir='ltr'><strong>in</strong></span> <span class='ocrx_word' id='word_1_895' title='bbox 2988 5596 3155 5652; x_wconf 88' lang='lat' dir='ltr'><strong>forma</strong></span> <span class='ocrx_word' id='word_1_896' title='bbox 3182 5597 3273 5652; x_wconf 91' lang='lat' dir='ltr'><strong>Dei</strong></span> <span class='ocrx_word' id='word_1_897' title='bbox 3295 5607 3398 5661; x_wconf 88' lang='lat' dir='ltr'><strong>est,</strong></span> <span class='ocrx_word' id='word_1_898' title='bbox 3422 5597 3510 5667; x_wconf 89' lang='lat' dir='ltr'><strong>qui</strong></span> <span class='ocrx_word' id='word_1_899' title='bbox 3529 5598 3660 5653; x_wconf 85' lang='lat' dir='ltr'><strong>nihil</strong></span> <span class='ocrx_word' id='word_1_900' title='bbox 3691 5600 3868 5653; x_wconf 87' lang='lat' dir='ltr'><strong>minus</strong></span> 
     </span>
    </p>
   </div>
   <div class='ocr_carea' id='block_1_117' title="bbox 2277 5686 3870 5758">
    <p class='ocr_par' dir='ltr' id='par_1_117' title="bbox 2277 5686 3870 5758">
     <span class='ocr_line' id='line_1_117' title="bbox 2277 5686 3870 5758; baseline 0.003 -18"><span class='ocrx_word' id='word_1_901' title='bbox 2277 5686 2434 5740; x_wconf 87' lang='lat' dir='ltr'><strong>Patre</strong></span> <span class='ocrx_word' id='word_1_902' title='bbox 2462 5686 2655 5752; x_wconf 86' lang='lat' dir='ltr'><strong>habet,</strong></span> <span class='ocrx_word' id='word_1_903' title='bbox 2701 5687 2790 5757; x_wconf 89' lang='lat' dir='ltr'><strong>qui</strong></span> <span class='ocrx_word' id='word_1_904' title='bbox 2817 5689 2865 5741; x_wconf 90' lang='lat' dir='ltr'><strong>ei</strong></span> <span class='ocrx_word' id='word_1_905' title='bbox 2907 5687 3128 5757; x_wconf 73' lang='lat' dir='ltr'><strong>aequalis</strong></span> <span class='ocrx_word' id='word_1_906' title='bbox 3155 5697 3257 5753; x_wconf 83' lang='lat' dir='ltr'><strong>est,</strong></span> <span class='ocrx_word' id='word_1_907' title='bbox 3301 5703 3408 5742; x_wconf 92' lang='lat' dir='ltr'><strong>non</strong></span> <span class='ocrx_word' id='word_1_908' title='bbox 3454 5688 3696 5758; x_wconf 87' lang='lat' dir='ltr'><strong>rapinam</strong></span> <span class='ocrx_word' id='word_1_909' title='bbox 3745 5703 3870 5744; x_wconf 84' lang='lat' dir='ltr'><strong>esse</strong></span> 
     </span>
    </p>
   </div>
   <div class='ocr_carea' id='block_1_118' title="bbox 2278 5778 3869 5851">
    <p class='ocr_par' dir='ltr' id='par_1_118' title="bbox 2278 5778 3869 5851">
     <span class='ocr_line' id='line_1_118' title="bbox 2278 5778 3869 5851; baseline 0.002 -20"><span class='ocrx_word' id='word_1_910' title='bbox 2278 5778 2594 5836; x_wconf 74' lang='lat' dir='ltr'><strong>arbitratum</strong></span> <span class='ocrx_word' id='word_1_911' title='bbox 2625 5793 2744 5836; x_wconf 85' lang='lat' dir='ltr'><strong>esse</strong></span> <span class='ocrx_word' id='word_1_912' title='bbox 2789 5779 3047 5851; x_wconf 66' lang='lat' dir='ltr'><strong>aequalem</strong></span> <span class='ocrx_word' id='word_1_913' title='bbox 3097 5779 3227 5839; x_wconf 90' lang='lat' dir='ltr'><strong>Deo.</strong></span> <span class='ocrx_word' id='word_1_914' title='bbox 3257 5779 3396 5848; x_wconf 85' lang='lat' dir='ltr'><strong>Quid</strong></span> <span class='ocrx_word' id='word_1_915' title='bbox 3438 5793 3567 5837; x_wconf 89' lang='lat' dir='ltr'><strong>vero</strong></span> <span class='ocrx_word' id='word_1_916' title='bbox 3611 5778 3752 5836; x_wconf 83' lang='lat' dir='ltr'><strong>istud</strong></span> <span class='ocrx_word' id='word_1_917' title='bbox 3796 5780 3869 5835; x_wconf 79' lang='lat' dir='ltr'><strong>sit</strong></span> 
     </span>
    </p>
   </div>
  </div>
