4170 6510
345 303 477 360 2‘27

350 416 482 472 ἀλλ’
510 416 663 485 ὅμως
694 413 976 470 ἀκούεται.
1007 415 1202 486 Οίμοιι
1233 416 1316 470 ὅτι
1347 416 1477 488 ὠμά
1509 419 1604 472 καὶ
1642 417 1826 489 ἀπηνῆ
1861 416 1957 470 καὶ

351 503 609 575 θηριώδη
642 504 996 574 προστάττων
1016 503 1273 557 ἀκούεται
1300 505 1502 575 μᾶλλον
1527 505 1621 558 τοῦ
1647 505 1715 558 τά
1739 504 1957 574 ἐπιεικῆ

351 594 460 647 καὶ
491 593 740 664 σωτήρια
770 595 921 663 ἡμῖν,
938 592 1280 657 κελεύοντος.
1322 594 1424 647 Διά
1451 594 1610 647 τοῦτο
1634 595 1846 664 γέεννα,
1872 592 1961 646 διά

347 680 524 733 τοῦτο
551 678 686 749 πῦρ,
718 678 807 733 διά
828 678 987 732 τοῦτο
1014 681 1257 753 ποταμὸς
1297 681 1490 753 πυρὸς,
1517 681 1606 735 διὰ
1636 680 1793 735 τοῦτο
1818 681 1964 734 σκώ-

346 765 463 839 ληξ
508 766 889 837 ἀτελεύτητος.
944 763 1076 821 Οἶδα
1110 767 1192 820 ὄτι
1228 767 1412 821 πολλοὶ
1452 769 1625 822 ταῦτα
1651 770 1748 839 οὑχ
1789 768 1963 837 ἡδέως

347 850 657 905 ἀκούουσιν
691 849 851 921 ἡμῶν
869 849 1155 919 λεγόντων.
1177 852 1313 905 Οὐδὲ
1342 852 1454 924 7&9
1484 852 1634 925 [245]
1654 851 1765 922 ἐγὼ
1794 853 1965 923 ἡδέως

346 940 505 995 αὑτά
527 937 708 1007 λέγωο
748 937 836 1001 τίς
868 938 978 1009 7&9
1025 938 1184 1010 χρεία
1218 939 1393 993 ταῦτα
1441 940 1664 1009 λέγειν;
1714 940 1964 993 Ἐϐουλό-

350 1044 474 1099 μην
495 1026 566 1080 τά
598 1027 728 1098 περὶ
749 1026 1030 1097 βασιλείας
1061 1028 1191 1097 ὑμῖν
1224 1030 1528 1099 διηγεῖσθαι
1562 1031 1668 1095 ἀεὶ,
1704 1030 1803 1101 τὴν
1830 1030 1965 1083 ἀνά-

346 1131 591 1179 παυσιν,
622 1114 682 1168 τὸ
707 1114 851 1186 ὓδωρ
898 1115 960 1167 τὸ
988 1115 1088 1185 τῆς
1115 1117 1499 1181 ἀναπαύσεως,
1533 1118 1626 1172 τὸν
1666 1118 1831 1171 τόπον
1866 1118 1963 1187 τῆς

350 1202 548 1273 χλόης.
584 1200 714 1255 Ἐπί
770 1202 994 1268 ὕδατος
1044 1202 1177 1271 7&9,
1220 1205 1407 1274 φησὶν,
1437 1206 1839 1270 ἀναπαύσεως
1867 1205 1965 1268 ὲξ-

351 1289 582 1357 έθρεψέ
603 1306 703 1359 με,
729 1289 826 1341 καί
869 1291 959 1353 είς
992 1291 1181 1344 τόπον
1206 1292 1400 1359 χλόης
1430 1292 1646 1361 ἐκεῖμε
1668 1291 1963 1358 κατεσκή-

350 1390 582 1427 νωσεν.
638 1373 975 1444 Ἐϐουλόμην
1001 1375 1093 1426 ἐπὶ
1120 1375 1215 1428 τοῦ
1256 1376 1420 1429 τόπου
1462 1376 1662 1445 λέγειν,
1694 1376 1822 1430 ἔνθα
1860 1377 1967 1429 ἀπ-

347 1461 491 1531 έδρα
527 1460 688 1532 ὀδύνη
718 1460 813 1514 καὶ
846 1460 992 1531 λύπη
1032 1463 1127 1516 καὶ
1173 1464 1475 1535 στεναγμός
1495 1479 1509 1494 ⁶
1551 1464 1853 1535 ἐϐουλόμην
1886 1465 1964 1519 δι-

345 1547 612 1618 ηγεῖσθαι
659 1547 761 1618 τῆς
799 1548 895 1601 τοῦ
944 1548 1184 1620 Χριστοῦ
1239 1551 1528 1615 συνουσίας
1585 1551 1685 1621 τὴν
1737 1551 1959 1623 ἡδονήν

344 1633 542 1687 καίτοι
576 1652 640 1703 γε
668 1637 848 1689 πάντα
879 1636 1202 1707 ὑπερϐαίνει
1234 1638 1414 1708 λόγον,
1466 1640 1561 1693 καὶ
1599 1640 1777 1693 πάντα
1800 1640 1923 1693 νοῦν
1943 1655 1957 1669 ·

346 1721 479 1775 ἀλλ’
529 1724 681 1792 ὅμως
728 1724 873 1777 κατά
902 1723 1131 1796 δύναμιν
1180 1726 1485 1799 ἐϐουλόμην
1530 1727 1706 1781 ταῦτα
1756 1728 1958 1795 λέγειν.

363 1808 542 1865 Ἀλλά
561 1811 614 1863 τί
646 1809 838 1877 πάθω;
894 1813 1009 1866 Οὑκ
1055 1812 1135 1866 ἔνι
1168 1814 1247 1885 τῷ
1283 1816 1606 1886 πυρέττοντι
1651 1815 1747 1869 καὶ
1773 1815 1962 1878 κακῶς

348 1893 697 1965 διακειμένῳ
730 1897 860 1966 περὶ
912 1895 1191 1966 βασιλείας
1245 1898 1457 1967 λέγειν·
1510 1900 1649 1963 τέως
1693 1900 1802 1970 7&9
1834 1900 1962 1972 περὶ

353 1978 563 2047 ὑγείας
594 1980 698 2050 χρὴ
718 1979 1084 2049 διαλέγεσθαι.
1120 1982 1235 2035 Οὑκ
1260 1982 1341 2035 ἔνι
1371 1982 1449 2054 τῷ
1478 1982 1636 2055 δίκης
1672 1984 1962 2054 ὑπευθύνῳ

360 2066 507 2135 ’περὶ
544 2067 706 2137 τιμῆς
755 2067 1138 2136 διαλέγεσθαι·
1190 2070 1329 2133 τέως
1359 2070 1470 2142 7&9
1502 2071 1564 2124 τὸ
1603 2070 1959 2142 ζητούμενον,

350 2152 527 2223 δίκης
553 2153 953 2223 ἀπαλλαγῆναι,
991 2156 1085 2209 καὶ
1116 2158 1215 2228 τῆς
1244 2157 1520 2221 κολάσεως
1542 2160 1638 2212 κα]¹
1668 2162 1768 2231 τῆς
1789 2177 1963 2229 τιμωο

352 2240 524 2310 ρίας’
560 2241 627 2293 ἂν
676 2241 751 2311 μὴ
792 2241 952 2295 τοῦτο
977 2244 1233 2315 γένηται,
1269 2243 1386 2309 πῶς
1432 2246 1609 2299 ἐκεῖνο
1639 2246 1824 2313 ἔσται;
1862 2245 1961 2300 Διά

346 2327 521 2382 τοῦτο
545 2325 717 2381 ταῦτα
748 2326 897 2397 λέγω
948 2331 1213 2401 συνεχῶς,
1257 2331 1345 2386 ἵνα
1376 2333 1464 2385 ἐπ’
1497 2333 1683 2386 ἐκεῖνα
1717 2333 1962 2404 ἔλθωμεν

342 2414 599 2486 ταχέως.
626 2416 738 2469 Καὶ
757 2415 866 2488 7&9
887 2418 915 2469 6
944 2417 1078 2482 Θεὸς
1096 2418 1184 2472 διὰ
1210 2419 1368 2473 τοῦτο
1393 2420 1619 2489 γέενναν
1640 2420 1959 2491 ἠπείλησεν,

350 2502 451 2556 ἵνα
488 2504 680 2575 μηδεὶς
698 2506 779 2569 είς
804 2505 1033 2574 γέενναν
1065 2506 1304 2579 ἐμπέσῃ,
1341 2509 1428 2561 ἵνα
1458 2507 1658 2571 πάντες
1685 2507 1959 2578 βασιλείας

339 2591 736 2662 ἑπιτύχωμεν.
772 2595 879 2648 Καὶ
916 2596 1081 2667 ἡμεῖς
1111 2595 1202 2648 διά
1251 2595 1410 2649 τοῦτο
1447 2595 1689 2666 συνεχῶς
1736 2595 1962 2664 γεέννης

352 2681 724 2751 μεμνήμεθα,
782 2682 872 2735 ἴνα
922 2683 1062 2755 πρὸς
1094 2683 1193 2753 τὴν
1229 2682 1510 2753 βασιλείαν
1543 2683 1688 2753 ὑμᾶς
1734 2681 1963 2753 ὡθήσω-

354 2784 490 2838 μεν,
540 2768 627 2821 ἵνα
672 2769 752 2839 τῷ
797 2770 950 2841 φόϐῳ
995 2771 1337 2841 μαλάξαντες
1377 2771 1532 2841 ὑμῶν
1565 2771 1663 2840 τὴν
1696 2769 1959 2835 διάνοιαν,

354 2857 888 2927 παρασκευάσωμεν
910 2858 1038 2925 ἄξια
1064 2859 1166 2930 τῆς
1193 2858 1474 2930 βασιλείας
1503 2860 1704 2913 ποιεῖν.
1726 2859 1819 2928 Μὴ
1852 2857 1961 2910 τοί-

350 2961 461 2997 νυν
489 2944 879 3016 δυσχεραίνετε
904 2947 1040 3017 πρὸς
1062 2948 1121 3001 τὸ
1142 2947 1250 3001 τῶν
1271 2948 1535 3020 ῥημάτων
1559 2945 1697 3018 βαρύ
1717 2961 1731 2975 ⁶
1765 2945 1827 2999 τὸ
1853 2945 1962 3017 7&9

350 3032 506 3104 ¹βαρὺ
542 3033 652 3085 τῶν
680 3033 947 3104 ῥημάτων
974 3033 1184 3103 κούφας
1217 3036 1349 3107 ἡμῖν
1378 3034 1675 3105 ἐργάζεται
1709 3032 1817 3087 ἀπὸ
1851 3034 1961 3087 τῶν

350 3120 787 3191 ἁμαρτημάτων
809 3121 1009 3193 ψυχάς.
1054 3124 1203 3176 Ἐπεὶ
1226 3123 1319 3176 καὶ
1340 3123 1369 3175 6
1394 3122 1607 3193 σίδηρος
1635 3121 1803 3193 βαρύς
1820 3124 1960 3186 ἐστι,

357 3207 465 3260 καὶ
497 3208 530 3277 ἡ
571 3206 753 3279 σφῦρα
786 3207 1003 3279 βαρεῖα,
1054 3208 1191 3263 ἀλλά
1240 3208 1644 3273 κατασκευάζει
1674 3210 1843 3281 σκεύη
1871 3207 1961 3261 εῦ-

353 3311 584 3365 χρηστα
612 3297 793 3366 χρυσᾶ
826 3297 921 3350 καὶ
951 3297 1194 3368 ἀργυρᾶ,
1232 3296 1329 3350 καὶ
1350 3296 1417 3349 τά
1442 3295 1850 3367 διεστραμμένα
1877 3296 1959 3367 ὀρ-

353 3384 452 3436 θοῖ
477 3399 492 3413 ·
533 3383 609 3447 ὡς
636 3386 684 3437 εί
722 3384 799 3455 μὴ
838 3386 1032 3457 βαρεῖα
1063 3381 1153 3456 ῆν,
1186 3385 1287 3439 οὑκ
1337 3385 1403 3440 ἂν
1449 3386 1637 3455 ἴσχυσε
1666 3383 1960 3456 διορθῶσαι

354 3470 469 3542 τὴν
511 3471 955 3544 διεστραμμένην
987 3471 1141 3544 ὓλην.
1186 3473 1343 3526 Οὕτω
1374 3471 1468 3526 καὶ
1506 3474 1535 3525 6
1559 3472 1713 3541 λόγος
1751 3471 1907 3541 ήμῶν
1934 3474 1962 3525 6

350 3559 546 3631 βαρὺς
574 3559 837 3631 ῥυθμίσαι
862 3560 961 3632 τὴν
988 3560 1167 3633 ψυχὴν
1194 3560 1387 3632 ἰσχύει.
1415 3558 1508 3631 Μὴ
1539 3560 1718 3615 τοίνυν
1744 3558 1960 3629 φεύγω-

1158 299 1228 359 ΙΝ
1261 298 1479 358 ΕΡΙΒΤ.
1517 300 1611 355 ΔΙ)
1650 296 1942 354 ΡηιιΛΡΡ.
1979 284 2137 350 CAP.
2182 293 2248 349 Il.
2286 293 2523 351 HOMIL.
2570 294 2684 351 VII.

3549 297 3656 355 218

2074 428 2175 484 μεν
2200 410 2300 482 τὴν
2327 410 2611 484 βαρύτητα
2646 410 2753 465 τῶν
2789 411 3074 482 ῥημάτων,
3107 411 3242 483 μηδὲ
3270 411 3371 477 τὰς
3394 412 3502 466 ἀπὸ
3527 414 3658 468 τού-

2061 516 2171 553 των
2207 500 2443 569 πληγάς.
2500 500 2615 571 Οὑχ
2641 500 2730 552 ἵνα
2780 500 3067 573 διακλάσῃ,
3095 500 3204 553 οὐδ’
3248 502 3336 554 ἵνα
3383 499 3657 574 διαθρύψῃ

2062 588 2163 659 τὴν
2190 587 2391 657 ψυχὴν,
2420 588 2791 658 καταφέρεται
2843 591 2875 659 ή
2927 589 3131 661 πληγὴ,
3162 590 3276 643 ἀλλ’
3314 590 3401 643 ἵνα
3434 589 3660 661 διορθώ-

2067 692 2251 746 σηται.
2287 674 2525 745 Οἴδαμεν
2563 676 2680 738 πῶς
2716 676 3050 747 πληττομεν,
3093 678 3209 742 πῶς
3252 679 3535 749 ὲπάγομεν
3557 677 3657 749 τὴν

2066 761 2280 833 πληγὴν
2322 765 2388 832 τῇ
2433 762 2528 815 τοῦ
2554 762 2690 815 Θεοῦ
2736 764 2941 833 χάριτι,
2980 766 3121 819 ὥστε
3170 766 3245 837 μὴ
3281 765 3569 837 συντρίψαι
3600 764 3660 819 τὸ

2069 851 2286 914 σκεῦος,
2314 851 2429 904 ἀλλ’
2454 850 2593 904 ὥστε
2622 852 2829 916 λεᾶναι,
2853 854 2991 907 ὥστε
3031 855 3294 925 ὀρθῶσαι,
3328 856 3470 909 ὥστε
3502 857 3661 925 ποιῆ-

2070 955 2160 993 σαι
2194 937 2496 1010 εὔχρηστον
2520 938 2597 1009 τῷ
2636 941 2906 1013 Δεσπότῃ,
2934 942 3075 994 ὥστε
3107 944 3240 997 αὑτὸ
3269 947 3659 1015 προσενεγκεῖν

2066 1026 2403 1079 ἀποστίλϐον
2434 1027 2533 1095 τὴν
2567 1027 2779 1094 ὑγείαν,
2832 1029 2925 1079 καὶ
2967 1028 3149 1092 καλῶς
3200 1029 3659 1100 ὲκτετορευμένον

2066 1115 2190 1169 κατ’
2227 1115 2442 1186 ἐκείνην
2478 1116 2575 1187 τὴν
2599 1117 2837 1186 ἡμέραν,
2865 1117 2988 1169 καθ’
3014 1117 3082 1187 ἣν
3106 1120 3134 1170 ὁ
3161 1119 3405 1188 ποταμὸς
3435 1118 3527 1171 τοῦ
3554 1136 3657 1171 πυ-

2070 1204 2184 1275 ρὸς,
2218 1204 2359 1257 ὥστε
2393 1209 2781 1274 προσενεγκεῖν
2819 1208 2894 1277 μὴ
2945 1207 3199 1276 δεόμενον
3255 1208 3355 1276 τῆς
3401 1209 3518 1260 ἐκεῖ
3557 1225 3659 1259 πυ-

2068 1295 2189 1364 ρᾶς.
2224 1296 2321 1347 Ἂν
2353 1293 2461 1366 7&9
2488 1295 2563 1365 μὴ
2594 1294 2942 1367 πυρώσωμεν
2976 1297 3121 1365 ὑμᾶς
3145 1295 3399 1361 ἐνταῦθα,
3436 1297 3653 1367 ἀνάγκη

2067 1381 2288 1442 πάντως
2317 1382 2638 1453 πυρωθῆναι
2674 1384 2811 1446 ἐκεῖ,
2847 1384 2941 1436 καὶ
2966 1384 3066 1436 οὑκ
3109 1383 3191 1436 ἔνι
3219 1382 3416 1446 ἄλλως⁸
3460 1383 3521 1438 Ἠ
3548 1390 3661 1452 γάρ

2066 1469 2258 1537 ἡμέρα
2284 1469 2508 1535 Κυρίου
2533 1469 2604 1522 ἐν
2649 1470 2793 1537 πυρὶ
2825 1470 3342 1525 ἀποκαλύπτεται.
3385 1472 3660 1541 Κρεῖσσον

2064 1559 2176 1618 τοῖς
2193 1555 2485 1626 ἡμετέροις
2507 1557 2685 1624 λόγοις
2705 1558 2847 1628 ὑμᾶς
2863 1558 3276 1627 κατακαυθῆναι
3298 1556 3433 1628 πρὸς
3460 1557 3658 1627 βραχὺ,

2063 1643 2097 1715 ῆ
2126 1643 2420 1705 διαπαντὸς
2462 1644 2649 1715 ἐκείνη
2684 1648 2747 1715 τῇ
2776 1644 2956 1713 φλογί.
2987 1645 3215 1706 Πάντως
3246 1645 3356 1713 7&9
3385 1644 3469 1697 ὅτι
3501 1643 3660 1697 τοῦτο

2062 1732 2239 1797 ἔσται,
2290 1731 2471 1802 δῆλον,
2520 1732 2616 1785 καὶ
2678 1731 2937 1794 πολλάκις
2978 1732 3107 1802 ὑμῖν
3157 1728 3310 1785 εἶπον
3362 1731 3660 1803 λογισμοὺς

2062 1819 2512 1892 ἀναντιρῥήτους.
2546 1820 2692 1873 Ἔδει
2718 1820 2817 1890 μὲν
2852 1820 2960 1892 7&9
2990 1820 3098 1872 ἀπὸ
3130 1818 3241 1873 τῶν
3271 1820 3311 1872 Γ
3316 1819 3507 1890 ραερῶν
3536 1819 3659 1873 πεί-

2068 1906 2260 1961 θεσθαι
2295 1909 2484 1978 μόνον’
2515 1909 2784 1981 ἐπειδὴδὲ
2815 1907 3133 1977 φιλονείκως
3162 1909 3305 1973 τινὲς
3334 1909 3656 1973 διάκεινται,

2067 2000 2164 2052 καὶ
2193 1998 2302 2052 ἀπὸ
2323 1998 2432 2052 τῶν
2463 1997 2739 2069 λογισμῶν
2768 2000 3103 2068 ὲκινήσαμεν
3135 1998 3326 2052 πολλά.
3382 1998 3549 2051 Οὐδὲν
3599 1998 3658 2051 δὲ

2064 2085 2267 2139 κωλύει
2305 2085 2399 2138 καὶ¹
2450 2085 2545 2141 νῦν
2579 2087 2704 2149 τοὺς
2738 2086 2936 2149 αὐτοὺς
2971 2085 3121 2158 [244]
3165 2088 3363 2139 εἰπεῖν.
3405 2086 3564 2149 Τίνες
3600 2086 3659 2139 δὲ

2062 2168 2239 2244 ἧσαν;
2280 2173 2500 2235 Δίκαιός
2555 2174 2704 2226 ἐστιν
2743 2176 2771 2225 6
2817 2173 2982 2235 Θεόςο
3052 2176 3255 2237 πάντες
3282 2172 3658 2244 ὁμολογοῦμεν

2062 2260 2243 2326 τοῦτο,
2274 2263 2370 2315 καὶ
2400 2262 2661 2331 Ἕλληνες
2692 2260 2790 2314 καὶ
2828 2261 3072 2314 Ἰουδαῖοι
3121 2262 3218 2315 καὶ
3264 2263 3533 2332 αίρετικοὶ
3564 2261 3659 2314 καὶ

2062 2351 2402 2422 Χριστιανοί.
2448 2350 2589 2405 Ἀλλ’
2626 2350 2863 2404 ἐνταῦθα
2908 2350 3097 2403 πολλοὶ
3148 2350 3248 2420 μὲν
3270 2350 3378 2403 τῶν
3405 2352 3660 2422 ἡμαρτη-

2069 2439 2246 2492 κότων
2276 2438 2523 2509 ἀπῆλθον
2555 2440 2631 2511 μὴ
2670 2437 3028 2501 κολασθέντες
3051 2454 3064 2468 ⁸
3116 2436 3305 2491 πολλοὶ
3329 2438 3384 2490 δὲ
3418 2438 3512 2490 καὶ
3548 2437 3660 2490 τῶν

2063 2525 2528 2594 κατορθωσάντων
2575 2524 2820 2596 ἀπῆλθον
2854 2524 3025 2596 μυρία
3064 2524 3330 2588 παθόντες
3378 2523 3550 2579 δεινά.
3594 2524 3658 2578 El

2062 2613 2245 2666 τοίνυν
2273 2612 2485 2676 δίκαιος
2514 2614 2542 2667 6
2571 2612 2727 2676 Θεὸς,
2758 2612 2862 2665 ποῦ
2892 2612 3105 2676 τούτοις
3134 2612 3203 2666 τά
3228 2611 3413 2679 άγαθά
3436 2611 3657 2666 ἀποδώ-

2065 2717 2167 2761 σει,
2204 2699 2308 2752 ποῦ
2332 2699 2563 2762 ἐκείνοις
2600 2698 2700 2761 τὰς
2732 2698 3028 2769 τιμωρίας,
3063 2700 3111 2751 εί
3140 2699 3341 2767 γέεννα
3368 2699 3445 2769 μὴ
3479 2697 3654 2761 ἐστιν,

2068 2788 2117 2840 εί
2145 2787 2443 2851 ἀνάστασις
2476 2787 2552 2858 μὴ
2581 2786 2730 2853 ἔστι;
2767 2785 3021 2857 Τοῦτο[ν]
3049 2782 3143 2840 οὖν
3190 2787 3276 2839 ἀεὶ
3305 2786 3398 2839 καὶ
3426 2785 3658 2849 ἐκείνοις

2064 2874 2159 2927 καὶ
2188 2875 2398 2936 ἑαυτοῖς
2438 2875 2528 2926 τὸν
2559 2874 2716 2941 λόγον
2768 2874 3101 2944 κατεπᾲδετε
3123 2915 3137 2936 ,
3172 2875 3266 2926 καὶ
3314 2873 3415 2925 οὑκ
3452 2874 3657 2943 ἀφήσει

2064 2961 2210 3032 ὑμᾶς
2237 2961 2592 3031 διαπιστῆσαι
2619 2964 2685 3032 τῇ
2737 2962 3057 3015 ἀναστάσει.
3103 2961 3163 3013 '0
3198 2961 3255 3014 δὲ
3292 2960 3367 3032 μὴ
3398 2960 3651 3015 ἀπιστῶν

2062 3052 2127 3119 τῇ
2157 3048 2471 3113 ἀναστάσει,
2506 3048 2798 3102 σπουδάσει
2830 3048 2967 3119 μετά
2992 3048 3194 3119 πολλῆς
3229 3050 3328 3120 ζῇν
3359 3048 3455 3120 τῆς
3487 3065 3658 3119 προσ-

2063 3135 2226 3205 οχῆςο
2259 3133 2399 3188 ὥστε
2428 3136 2534 3188 τῶν
2563 3136 2797 3190 αἰωνίων
2822 3137 3005 3205 τυχεῖν
3028 3135 3251 3204 ἀγαθῶν
3271 3152 3285 3165 ’
3329 3130 3403 3188 ὧν
3442 3135 3658 3204 γένοιτο

2067 3224 2275 3285 πάντας
2306 3223 2457 3292 ἡμᾶς
2486 3223 2781 3292 ἐπιτυχεῖν,
2808 3222 2993 3292 χάριτι
3023 3224 3118 3276 κα)⁸
3144 3221 3527 3295 φιλανθρωπίᾳ
3561 3221 3655 3276 τοῦ

2065 3309 2272 3381 Κυρίου
2302 3309 2459 3380 ἡμῶν
2491 3308 2667 3379 Ἰησοῦ
2696 3309 2960 3380 Χριστοῦ,
2991 3308 3110 3380 μεθ’
3136 3306 3197 3362 οὑ
3228 3309 3305 3381 τῷ
3335 3311 3511 3380 Ila-:91
3540 3308 3658 3379 ἅμα

2068 3397 2145 3467 τῷ
2182 3397 2325 3468 ἀγίῳ
2359 3396 2639 3467 Πνεύματι
2663 3396 2814 3463 δόξα,
2852 3398 3076 3468 κράτος,
3108 3398 3262 3469 τιμὴ,
3291 3397 3388 3453 νῦν
3418 3399 3513 3452 καὶ
3545 3398 3652 3464 ἀεὶ,

2068 3486 2163 3538 καὶ
2192 3485 2274 3549 είς
2300 3486 2428 3549 τοὺς
2466 3484 2669 3549 αἰῶνας
2701 3483 2810 3538 τῶν
2843 3482 3075 3539 αἰώνων.
3124 3486 3322 3559 Ἀμήν.

1832 4078 2080 4134 OMIAIA
2133 4077 2209 4133 Z'.

354 4326 561 4383 τοῦτο
614 4324 724 4395 γὰρ
757 4325 1093 4394 sapor-slan
1135 4324 1208 4395 ἐν
1240 4322 1403 4395 ὑμῖν,
1437 4322 1600 4395 ὃ-καὶ
1632 4323 1700 4377 ὲν
1731 4322 1965 4395 Χριστῷ

452 4392 666 4463 Ἰησοῦ
686 4415 702 4428 ·
753 4392 822 4461 ὃς
852 4395 922 4448 ἐν
950 4392 1342 4464 μορφῇΑΘεοῦ
1372 4392 1681 4464 ὑπάρχων,
1720 4398 1833 4461 οὐχ
1864 4394 1962 4461 dp-

433 4461 685 4536 παγμόν
715 4461 985 4535 ἡγήσατο
1014 4461 1084 4518 τό
1127 4461 1284 4518 εἶναι
1319 4466 1433 4518 Ισα
1471 4462 1613 4529 Θεῷ,
1655 4464 1791 4517 ἀλλ’
1828 4464 1966 4548 ἐαρ-

436 4538 552 4590 ι-ὸν
575 4535 858 4598 ἐκένωσε,
883 4535 1128 4605 μορφὴν
1156 4534 1384 4589 δούλου
1412 4534 1635 4605 λαϐὼν,
1661 4535 1730 4588 ἐν
1754 4538 1963 4602 ὁμοιω-

425 4624 582 4677 ματι
615 4604 942 4673 ἀνθρώπων
979 4608 1322 4676 γενόμενος,
1354 4606 1453 4659 καὶ
1491 4604 1758 4673 σχήματι
1800 4607 1967 4672 εὐρε-

430 4678 588 4743 θεὶς,
611 4677 691 4742 ὠς
715 4675 1028 4744 ἄνθρωπος
1043 4691 1055 4703 °
1097 4677 1502 4731 ἐταπείνωσεν
1524 4675 1763 4737 ἑαυτὸν,
1793 4677 1964 4743 γενό-

422 4763 626 4818 μενος
682 4746 958 4818 ὑπήκοος
1010 4747 1188 4818 μέχρι
1248 4744 1531 4818 θανάτου,
1589 4745 1850 4818 θανάτου
1896 4744 1965 4818 δὲ

430 4815 735 4885 ὰταυροῦ.
753 4815 849 4869 Διὸ
876 4818 973 4869 καὶ
998 4820 1030 4870 ό
1058 4817 1202 4884 Θεὸς
1229 4816 1416 4870 αὑτὸν
1444 4817 1829 4885 ὑπερύψωσε,
1863 4816 1961 4868 καὶ

427 4883 769 4957 ἐχαρίσατο
790 4885 951 4951 αὐτῷ
978 4886 1166 4956 ὄνομα
1197 4886 1269 4957 τό
1291 4885 1444 4953 ὑπὲρ
1471 4883 1837 4957 πὰνλὸνομα.
1866 4886 1965 4938 ἵνα

430 4955 513 5013 ὲόνλ
550 4955 634 5022 τῷ
661 4958 908 5027 ὀνόματι
942 4955 1148 5025 Ἰησοῦ
1190 4955 1315 5027 πᾶν
1352 4957 1502 5026 γόνυ
1545 4955 1754 5023 κάμψῃ
1784 4957 1965 5027 ἐπουτ

428 5029 672 5098 ρανίων
727 5024 829 5098 καὶ
886 5024 1165 5096 ἐπιγείων
1225 5026 1322 5098 καί
1361 5024 1811 5098 καταχθονίων,
1866 5024 1965 5098 καὶ

431 5095 614 5153 στᾶσα
638 5095 893 5167 γλῶσσα
916 5095 1464 5167 ἐξομολογήσηται,
1494 5096 1585 5149 ὅτι
1615 5096 1828 5165 Κύριος
1862 5097 1965 5164 Ἰη-

429 5168 597 5235 σοῦς
625 5170 883 5237 Χριστὸς
914 5170 1002 5234 εἰς
1029 5167 1221 5232 δόξαν
1246 5167 1395 5222 Θεοῦ
1426 5167 1676 5235 Πατρός.

432 5391 514 5440 α’.
529 5385 758 5456 Εἴρηται
775 5386 910 5455 ἡμῖν
931 5384 1001 5436 τά
1020 5399 1089 5437 πε
1099 5383 1151 5454 ρὶ
1166 5382 1275 5436 τῶν
1293 5382 1608 5454 αίρετικῶνο
1624 5382 1878 5453 εὔκαιρον
1900 5382 1964 5454 δὴ

348 5472 555 5530 λοιπὸν
575 5474 674 5527 καὶ
704 5474 771 5528 τὰ
803 5474 1048 5545 ἡμέτερα
1084 5474 1282 5525 εἰπεῖν.
1321 5473 1552 5525 Ἐκεῖνοι
1581 5472 1855 5541 λέγουσιν,
1881 5472 1963 5525 ὅτι

346 5565 445 5628 τὸ,
474 5563 601 5630 Οὐχ
625 5561 943 5630 ἁρπαγμὸν
972 5558 1267 5629 ἡγήσατο,
1305 5559 1555 5629 ἁρπάσαι
1588 5560 1764 5612 ἐστίν·
1799 5562 1961 5631 ἡμεῖς

350 5648 678 5718 ἐδείξαμεν,
719 5649 801 5702 ὃτι
838 5648 1016 5719 πάντη
1075 5646 1241 5699 ἕωλον
1271 5646 1366 5699 καὶ
1417 5646 1619 5701 ἀτοπον
1667 5647 1844 5712 τοῦτο,
1878 5648 1961 5701 ὅτι

347 5738 493 5795 οὗτε
521 5739 607 5802 είς
634 5734 1142 5807 ταπεινοφροσύνην
1193 5751 1277 5799 τις
1330 5734 1585 5791 ἐντεῦθεν
1626 5735 1960 5807 παρακαλεῖ,

2067 4321 2190 4376 οὑτε
2233 4322 2324 4377 τὸν
2369 4324 2500 4377 Θεὸν
2526 4323 2669 4379 οὕτω
2710 4324 3004 4396 θαυμάζει,
3048 4325 3165 4380 ἀλλ’
3199 4326 3320 4381 οὑδὲ
3346 4327 3655 4401 ἄνθρωπον.

2068 4411 2131 4463 Τί
2178 4406 2271 4463 οὖν
2308 4413 2474 4474 ἐστιν,
2513 4413 2787 4482 ἀγαπητοί
2808 4429 2823 4479 ;
2862 4413 3167 4485 Προσέχετε
3198 4418 3310 4479 τοῖς
3343 4414 3660 4487 λεγομένοις

2068 4497 2183 4552 νῦν*
2224 4497 2443 4568 Ἐπειδὴ
2474 4499 2660 4553 πολλοὶ
2682 4499 2792 4554 τῶν
2825 4500 3131 4573 ἀνθρώπων
3162 4504 3495 4572 νομίζουσιν,
3528 4505 3658 4559 ὅταν

2066 4587 2494 4656 ταπεινόφρονες
2521 4581 2675 4651 ὦσιν,
2700 4588 3127 4661 ἀποστερεῖσθαι
3149 4591 3242 4645 τοῦ
3260 4592 3464 4645 οίκείου
3496 4591 3661 4657 ἀξιὼ-

2074 4691 2246 4743 ματος
2294 4675 2387 4727 καὶ
2441 4674 2797 4728 ἐλαττοῦσθαι
2854 4679 2949 4731 καὶ
3008 4680 3424 4744 ταπεινοῦσθαι,
3465 4680 3657 4734 τοῦτον

2066 4762 2298 4835 ἐξαιρῶν
2328 4763 2421 4816 τὸν
2450 4764 2631 4831 φόϐον,
2660 4765 2752 4819 καὶ
2775 4765 2992 4831 δεικνὺς
3032 4767 3115 4821 ὅτι
3140 4768 3201 4821 οὑ
3234 4769 3340 4839 χρὴ
3368 4769 3512 4821 οὕτω
3538 4770 3656 4822 δια-

2066 4852 2301 4917 κεῖσθαι,
2337 4853 2465 4922 περὶ
2498 4852 2592 4906 τοῦ
2632 4854 2769 4907 Θεοῦ
2790 4860 2989 4925 Χφησιν,
3019 4857 3101 4909 ὅτι
3128 4859 3155 4909 6
3188 4857 3340 4921 Θεὸς,
3370 4857 3398 4908 6
3432 4873 3658 4927 μονογε·

2066 4940 2163 5011 νὴς
2195 4940 2321 5003 Υἱὸς
2366 4938 2464 4993 τοῦ
2514 4941 2748 5013 Πατρὸς,
2775 4944 2803 4994 ὁ
2827 4946 2884 4996 ὲν
2910 4945 3091 5014 μορφῇ
3138 4942 3273 4995 Θεοῦ
3305 4944 3403 5008 ῶν,
3430 4947 3457 4997 6
3487 4944 3655 5015 μηδὲν

2066 5027 2289 5081 ἔλαττον
2316 5027 2453 5097 ἔχων
2497 5026 2591 5081 τοῦ
2641 5029 2875 5099 Πατρὸς,
2899 5031 2926 5081 6
2952 5029 3064 5093 ἴσος
3094 5030 3265 5100 αὑτῷ,
3295 5032 3394 5101 οὑχ
3433 5034 3653 5102 ἁρπαγ-

2070 5115 2169 5187 μὸν
2222 5114 2376 5187 [245]
2420 5116 2667 5187 ἡγήσατο
2703 5118 2763 5169 τὸ
2810 5113 2951 5170 εἶναι
2984 5117 3073 5171 ίσα
3099 5119 3239 5190 Θεῷ.
3286 5120 3351 5173 Τί
3385 5120 3442 5173 δὲ
3495 5120 3652 5175 τοῦτό

2067 5203 2206 5265 ἐστι,
2237 5201 2497 5270 μάνθανεο
2544 5202 2721 5274 Ὅπερ
2755 5202 2823 5256 ἂν
2852 5204 3080 5278 ἁρπάσῃ
3106 5224 3210 5271 τις,
3253 5206 3349 5261 καὶ
3388 5208 3540 5277 παρά
3590 5209 3653 5261 τὸ

2067 5290 2344 5360 προσῆκον
2373 5287 2534 5359 λάϐῃ,
2566 5288 2726 5342 τοῦτο
2749 5292 3051 5346 ἀποθέσθαι
3080 5295 3141 5347 οὑ
3171 5294 3368 5365 τολμᾷ,
3399 5295 3652 5359 δεδοικὼς

2071 5378 2146 5449 μὴ
2176 5376 2466 5448 ἀπόληται,
2496 5376 2570 5447 μὴ
2594 5377 2825 5449 ἐκπέσῃ,
2860 5378 2993 5433 ἀλλά
3024 5380 3315 5446 διαπαντὸς
3342 5383 3477 5436 αὑτὸ
3515 5400 3653 5438 κατ-

2068 5464 2214 5536 έχειο
2257 5465 2285 5517 6
2322 5465 2505 5535 μέντοι
2546 5466 2775 5533 φυσικόν
2805 5484 2857 5519 τι
2891 5467 3028 5537 ἔχων
3060 5469 3299 5541 ἀξίωμα,
3338 5471 3399 5523 οὑ
3446 5472 3651 5524 δέδοικε

2069 5557 2165 5609 καὶ
2200 5552 2511 5620 καταϐῆναι
2540 5553 2635 5606 ἀπ’
2662 5554 2872 5608 ἐκείνου
2903 5555 2996 5608 τοῦ
3030 5554 3360 5628 ἀξιώματος,
3385 5558 3541 5623 είδὼς
3571 5561 3653 5613 ὅτι

2068 5641 2221 5695 οὐδὲν
2248 5640 2490 5695 τοιοῦτον
2547 5640 2814 5697 πείσεται.
2844 5636 2969 5697 Οἴον
2999 5643 3074 5708 ὡς
3122 5646 3214 5698 ἐπὶ
3256 5646 3655 5718 ὑπιδείγματος

2070 5730 2159 5785 ἵνα
2191 5728 2353 5797 εἴπω,
2398 5728 2427 5780 6
2466 5728 2822 5803 ’Δϐεσσαλὼμ
2845 5730 3063 5802 ἥρπασε
3093 5731 3193 5804 τὴν
3223 5736 3537 5806 τυραννίδα,
3562 5738 3656 5791 καὶ
