4170 6540
421 355 535 415 229

423 472 668 545 percipe.
696 470 850 539 Quod
880 469 1105 542 quisque
1134 470 1330 541 rapuit,
1357 479 1411 524 et
1435 480 1634 542 pra-ter
1657 484 2030 541 :equumacee—

421 568 520 635 pit,
540 565 592 619 id
607 566 886 634 deponere
898 578 1234 635 nequaquam
1252 563 1433 628 audet,
1450 565 1651 618 veritus
1665 580 1732 618 ne
1753 562 2031 617 amittatur

419 670 587 729 atque
636 659 919 721 elabatur,
950 657 1066 713 .sed
1118 665 1380 728 perpetuo
1433 657 1573 728 apmi
1610 673 1672 713 se
1706 656 1897 712 retinet
1932 675 1945 713 :
1974 666 2031 712 at

416 754 509 822 qui
543 752 845 807 naturalem
875 751 1182 822 quampiam
1236 751 1549 823 dignitatem
1581 751 1771 818 habet,
1829 751 1873 806 ls
1920 766 2025 805 non

415 846 615 900 metuit
668 846 739 899 alt
805 846 893 900 illa
957 847 1119 900 etiam
1186 845 1448 916 dignitate
1503 845 1870 909 descendere;
1926 845 2031 898 scil.

415 939 564 992 enim
593 953 653 991 se
682 936 815 991 nihil
848 936 1151 1006 lmjnsmodi
1192 952 1473 1007 passurum
1502 951 1643 992 esse.
1670 936 1900 991 All'eram
1932 952 2027 989 ex-

414 1029 973 1099 emplumzAbsalou
1034 1038 1290 1100 rapuerat
1349 1028 1716 1102 tyrannidem,
1772 1029 2027 1098 illamque

413 1125 696 1192 deponere
741 1139 848 1178 non
880 1123 1133 1177 audebat.
1179 1121 1287 1178 Sed
1334 1121 1478 1177 aliud
1527 1123 1688 1177 etiam
1719 1122 2024 1191 exemplum

415 1230 808 1287 proponemus.
842 1215 994 1284 Quod
1022 1216 1067 1269 si
1096 1215 1347 1286 exempla
1375 1230 1490 1271 rem
1531 1223 1697 1269 t0tam
1725 1228 2025 1284 repra-sen-

415 1319 536 1363 tare
584 1316 894 1378 nequeunt,
942 1323 1013 1363 ne
1054 1306 1279 1361 moleste
1327 1305 1554 1363 feratis:
1588 1308 1833 1377 exempla
1879 1306 2023 1361 enim

412 1408 541 1455 sunt
571 1398 915 1470 lmjusmodi,
949 1402 1209 1467 majorem
1256 1406 1464 1469 partem
1492 1397 1660 1453 menti
1684 1396 2023 1467 cogitandam

412 1493 751 1563 relinquunt.
782 1493 836 1547 lu
884 1505 1064 1563 regem
1114 1492 1384 1562 quispiam
1416 1490 1645 1555 invasit,
1693 1505 2026 1562 regnumque

408 1588 633 1656 eripuit.
677 1586 776 1641 llic
827 1585 1142 1656 deponere,
1195 1594 1289 1640 aut
1335 1584 1611 1641 occultare
1644 1585 2020 1639 auctoritatem

409 1696 569 1735 suant
614 1678 839 1734 minime
888 1678 1050 1734 audet
1084 1695 1099 1732 :
1132 1694 1254 1733 nant
1308 1678 1353 1732 si
1400 1677 1572 1733 semel
1629 1677 2020 1744 occultaverit,

412 1772 599 1826 statim
632 1771 718 1825 illa
747 1770 1038 1825 amittitur.
1069 1769 1223 1838 Quod
1252 1769 1562 1840 exemplum
1612 1770 1730 1824 aliis
1766 1769 1928 1825 etiam
1954 1786 2021 1825 ex

413 1865 580 1919 rebus
602 1866 707 1935 peti
734 1872 911 1933 potest
934 1881 947 1917 :
972 1862 1122 1918 verbi
1146 1862 1338 1933 gratia,
1363 1863 1407 1917 si
1444 1862 1566 1933 quis
1590 1862 1789 1933 aliquid
1821 1861 2019 1932 rapuit,

412 1957 469 2011 id
491 1965 747 2028 perpetuo
771 1956 999 2012 retinet:
1020 1971 1142 2011 nam
1156 1971 1277 2010 cum
1295 1956 1522 2025 prinnun
1542 1954 1667 2009 illud
1686 1955 2018 2024 deposuerit,

416 2052 651 2107 amittet.
678 2051 1018 2121 Omninoque
1058 2049 1202 2122 quod
1243 2050 1470 2120 quisque
1506 2064 1570 2104 ex
1603 2048 1789 2118 rapina
1820 2046 2016 2112 habet,

421 2144 578 2198 timet
597 2142 866 2213 deponere
895 2155 1058 2212 atque
1087 2156 1117 2195 a
1143 2158 1204 2197 se
1235 2155 1456 2197 movere
1476 2180 1492 2208 ,
1537 2149 1593 2197 et
1623 2154 1729 2196 non
1761 2149 2022 2211 perpetuo

414 2236 547 2291 illud
575 2235 828 2304 retinere,
857 2236 1001 2307 quod
1028 2236 1333 2306 occupavit.
1374 2235 1543 2292 Abest
1570 2249 1704 2294 vero
1729 2234 1816 2290 hic
1859 2235 2021 2289 timor

404 2331 481 2385 ab
512 2330 597 2394 iis,
629 2330 718 2401 qui
758 2329 980 2385 minime
1002 2344 1066 2385 ex
1094 2328 1279 2399 rapina
1306 2327 1538 2395 habent;
1567 2337 1626 2385 ut
1652 2327 1815 2384 homo
1843 2327 2020 2399 digni~

404 2431 578 2477 tatem
609 2422 764 2478 istam
794 2422 957 2477 habet
980 2430 1038 2477 ut
1062 2421 1289 2477 rationis
1307 2436 1532 2492 compos
1558 2422 1647 2477 sit.
1670 2420 1778 2477 Sed
1807 2436 1913 2476 non
1941 2421 2021 2475 in-

403 2516 574 2568 venio
599 2520 729 2569 satis
752 2510 936 2585 aptum
966 2514 1297 2586 exemplum.
1328 2514 1442 2570 Non
1468 2514 1613 2571 enim
1642 2524 1726 2571 est
1750 2514 1890 2585 apud
1921 2529 2019 2570 nos

402 2606 750 2677 principatus
773 2608 1036 2662 naturalis
1062 2625 1074 2659 :
1106 2606 1371 2662 bonorum
1402 2606 1603 2677 quippe
1631 2606 1836 2663 nullum
1864 2605 2019 2661 nobis

401 2698 661 2752 naturale
692 2707 798 2765 est,
822 2697 1257 2769 quandoquidem
1278 2697 1457 2753 omnia
1487 2698 1644 2753 simul
1676 2712 1796 2752 cum
1830 2706 2017 2751 natura

399 2788 507 2843 Dei
532 2789 820 2859 conjuncta
844 2832 857 2855 ,
883 2788 1139 2859 illiusque
1168 2789 1383 2859 propria
1417 2798 1562 2843 sunt.
1593 2787 1732 2857 Quid
1756 2788 1916 2858 igitur
1936 2787 2018 2841 di-

398 2883 627 2938 cimus?
659 2882 753 2938 Dei
782 2882 981 2938 Filium
1015 2883 1242 2937 veritum
1272 2897 1376 2937 non
1407 2894 1529 2937 esse
1555 2881 1621 2936 de
1643 2881 1812 2952 gradu
1837 2880 2015 2952 digni-

399 2975 539 3031 tatis
576 2990 689 3031 sum
716 2975 1071 3043 descendere,
1103 2975 1355 3047 quoniam
1385 2992 1489 3031 non
1517 2985 1600 3033 est
1623 2977 1913 3031 arbitratus
1936 2991 2020 3029 ra-

401 3068 594 3137 pinam
627 3067 799 3137 ipsam
826 3068 1077 3122 deitatem
1113 3085 1127 3122 :
1161 3083 1266 3122 non
1297 3069 1468 3122 timuit
1494 3083 1561 3123 ne
1583 3069 1701 3139 quis
1729 3069 1828 3123 sibi
1859 3077 2016 3123 natu-

402 3176 528 3214 ratu
550 3167 645 3213 attt
668 3158 981 3229 dignitatem
1014 3160 1267 3230 eriperet.
1294 3159 1654 3226 Quamobrem
1687 3162 1826 3218 illam
1856 3162 2016 3215 etiam

402 3254 688 3322 deposuit,
721 3270 826 3309 non
857 3255 1107 3309 dubitans
1129 3269 1187 3311 se
1213 3266 1552 3327 recepturum
1574 3272 1589 3321 ;
1611 3268 1769 3328 atque
1790 3257 2019 3311 abscon-

402 3346 526 3409 dit,
563 3362 670 3400 non
701 3345 825 3401 ideo
846 3362 905 3401 se
940 3347 1203 3402 minorem
1237 3348 1351 3403 ﬁeri
1380 3348 1693 3404 arbitratus.
1726 3349 2017 3419 Propterea

404 3457 522 3495 non
542 3438 699 3505 dixit,
717 3438 834 3495 Non
865 3441 1061 3509 rapuit,
1080 3439 1195 3504 sed,
1226 3439 1347 3495 Non
1370 3442 1605 3511 rapinam
1632 3439 1906 3497 arbitratus
1924 3452 2013 3497 est.

404 3532 531 3588 Non
560 3532 704 3585 enim
730 3548 796 3587 ex
826 3535 1011 3600 rapina
1042 3531 1227 3588 habuit
1256 3534 1636 3605 principatum,
1667 3550 1840 3604 neque
1856 3536 2018 3590 etiam

403 3627 482 3678 ab
510 3625 616 3679 alio
638 3626 736 3679 sibi
765 3625 1043 3690 tradittnn,
1073 3625 1166 3681 sed
1201 3627 1497 3682 naturalem
1519 3670 1534 3695 ,
1564 3627 1811 3683 stabilem
1838 3642 1902 3682 ac
1932 3635 2019 3681 tu-

407 3728 555 3773 tunt.
590 3718 712 3772 Ideo
744 3734 920 3788 neque
960 3719 1122 3774 etiam
1153 3719 1445 3774 satellitum
1472 3728 1754 3775 cunctatur
1779 3719 2018 3775 habitum

404 3825 651 3865 sumere.
684 3809 969 3882 Tyrannus
1009 3812 1198 3865 metuit
1253 3811 1305 3865 iu
1358 3811 1501 3867 bello
1531 3828 1823 3883 purpuram
1851 3812 2019 3882 depo-

406 3917 579 3967 nere;
622 3918 717 3956 rex
777 3917 907 3956 vero
948 3900 1000 3956 id
1041 3902 1270 3957 tidenter
1295 3918 1359 3958 ac
1388 3912 1502 3958 tuto
1533 3902 1680 3959 facit.
1710 3904 1858 3960 Cur?
1885 3904 2019 3973 Quia

408 4010 526 4048 non
559 4008 626 4048 ex
660 3992 843 4063 rapina
870 3994 1231 4065 principatum
1265 3996 1444 4051 habet.
1467 3994 1586 4051 Non
1613 4013 1743 4067 ergo
1768 4013 1830 4052 ac
1859 3997 1902 4051 si
1933 4014 2019 4052 ra-

408 4087 625 4157 puisset
652 4101 759 4141 non
790 4085 1062 4155 deposuit,
1095 4085 1189 4141 sed
1242 4096 1299 4141 ut
1339 4088 1429 4158 qui
1470 4088 1766 4142 naturalem
1798 4088 2023 4144 haberet

406 4194 652 4249 eumque
706 4179 955 4234 amittere
996 4194 1289 4250 numquam
1321 4188 1535 4251 posset,
1568 4180 1876 4235 occultavit.
1912 4181 2024 4237 lloc

410 4271 680 4341 inquam,
723 4286 844 4327 esse
870 4271 1133 4341 :rqualem
1170 4270 1280 4326 Deo
1301 4313 1316 4338 ,
1350 4285 1457 4326 non
1487 4287 1551 4326 ex
1585 4272 1766 4341 rapina
1801 4271 2019 4338 habuit,

411 4364 517 4419 St'd
550 4377 580 4416 a
623 4371 850 4427 natura;
903 4362 1256 4431 quamobrem
1299 4361 1537 4432 seipsutn
1581 4363 1895 4418 exinanivit.
1923 4364 2022 4420 libi

411 4466 550 4513 sunt
574 4458 665 4529 qui
688 4458 892 4519 dicunt,
929 4457 1078 4512 illttnt
1107 4455 1337 4511 subiisse
1364 4456 1737 4512 necessitatem
1759 4498 1775 4523 ,
1804 4473 1867 4511 ac
1892 4458 2022 4511 sub-

402 4552 621 4621 jectum
642 4550 826 4604 fuisse.
854 4550 1116 4620 Seipsum,
1148 4550 1339 4621 inquit,
1360 4549 1896 4622 exinattivit,seipsum
1924 4552 2023 4605 Iut-

411 4645 661 4709 miliavit,
713 4643 950 4697 obediens
990 4645 1160 4713 frictus
1190 4660 1347 4708 usque
1390 4648 1458 4697 ad
1485 4643 2025 4710 mortem.Quomodo

407 4738 717 4793 cainanivit
738 4736 762 4789 ?
780 4735 1023 4788 Formam
1055 4736 1184 4789 servi
1209 4736 1483 4806 arripiens,
1503 4738 1554 4789 in
1581 4736 1916 4789 similitudine
1933 4738 2026 4790 Ito-

414 4831 622 4885 minam
655 4831 843 4899 factus,
876 4836 923 4886 et
963 4827 1139 4881 habitu
1179 4827 1411 4881 inventus
1457 4837 1508 4880 ut
1556 4828 1724 4882 homo.
1770 4829 1879 4884 lloc
1907 4830 2025 4884 loco

409 4931 678 4993 Spectatts
707 4920 774 4974 ad
809 4919 968 4984 illud,
1002 4920 1306 4992 Superiores
1348 4920 1441 4974 sibi
1471 4921 1680 4973 invicem
1719 4921 2026 4975 arbitrantes

411 5018 433 5086 (
459 5013 701 5084 Philipp.
733 5012 787 5067 2.
819 5012 933 5084 '5),
967 5012 1082 5068 haec
1111 5013 1273 5069 verba
1301 5013 1546 5084 protulit,
1577 5014 1815 5083 Seipsum
1842 5016 2024 5068 exina-

415 5108 571 5163 nivit.
595 5107 806 5162 Etenim
830 5107 874 5161 si
900 5105 1175 5177 subjectus
1201 5105 1406 5172 fuisset,
1431 5122 1494 5161 ac
1517 5123 1622 5161 non
1649 5118 1842 5177 sponte
1866 5118 2028 5177 atque

412 5218 486 5255 ex
516 5199 703 5270 seipso
735 5200 836 5255 hoc
865 5200 1218 5269 suscepisset,
1246 5198 1296 5253 id
1331 5199 1646 5254 huntilitatis
1673 5216 1777 5254 non
1812 5198 2022 5254 luisset.

413 5295 557 5349 Nam
604 5292 649 5347 si
695 5292 963 5364 ignoravit
1006 5292 1109 5347 hoc
1151 5307 1272 5348 esse
1302 5291 1629 5353 iaciendum,
1679 5292 2027 5359 imper-[cetus

414 5395 573 5439 eet-te
606 5384 772 5437 fuerit
812 5401 827 5437 :
861 5384 904 5438 si
955 5400 1083 5437 vero
1132 5384 1381 5438 nesciens
1412 5394 1620 5450 tctttpus
1649 5383 1901 5452 pra-copti
1935 5399 2024 5437 cs-

423 5477 718 5547 spectavit,
777 5486 990 5546 tempus
1039 5490 1173 5531 sane
1222 5490 1327 5530 non
1383 5477 1612 5529 nova-rit.
1664 5475 1815 5544 Quod
1872 5477 1914 5529 si
1972 5485 2026 5533 et

422 5569 731 5629 ttciendnm
762 5585 883 5625 esse
905 5610 920 5635 ,
969 5578 1023 5624 et
1051 5584 1160 5639 qtto
1200 5578 1453 5637 tempore
1503 5566 1805 5622 faciendum
1835 5568 2025 5634 scivit;

418 5676 672 5733 quaenam
700 5675 861 5714 αιυεει
890 5668 993 5721 est,
1025 5675 1122 5714 cur
1150 5658 1297 5712 illtttn
1323 5657 1624 5725 subjectum
1658 5656 1821 5714 fuisse
1846 5658 2029 5737 dicen-

418 5755 553 5808 tltnn
584 5752 693 5809 sit?
727 5750 795 5808 Ut
823 5752 1020 5816 Patris,
1071 5752 1346 5822 inquiunt,
1396 5751 1760 5820 praestantiam
1802 5750 2021 5809 indicet.

419 5845 571 5904 Istud
612 5861 735 5901 rem
763 5862 867 5899 nott
894 5853 977 5899 est
1009 5844 1185 5900 Patris
1225 5842 1589 5915 praestantiam
1630 5839 1905 5917 indicare,
1932 5848 2025 5907 sed

771 5941 1047 6007 ΡΑτιιοι..
1090 5944 1208 6007 Gn.
1261 5946 1452 6010 LXII.

1327 352 1392 411 ΙΝ
1431 352 1646 411 EPIST.
1688 352 1781 410 AD
1819 350 2107 410 PHILIPP.
2148 350 2301 407 CAP.
2346 350 2409 407 Il.
2452 352 2684 411 ll0.\llL.
2730 355 2842 413 \‘ll.

3630 369 3737 427 230

2133 481 2285 523 suam
2315 469 2596 524 utilitatem
2626 489 2639 526 :
2667 472 2838 528 l'atris
2881 472 3023 531 enini
3069 491 3266 534 nomen
3295 496 3470 539 nonne
3497 486 3629 542 satis
3652 497 3737 547 est

2132 559 2199 613 ad
2243 559 2586 616 indicandum
2627 563 2802 620 Patris
2842 567 3073 636 priorem
3116 569 3170 625 in
3219 572 3429 644 origine
3467 576 3733 642 gradum?

2135 649 2247 706 lloc
2276 660 2455 705 autem
2488 669 2596 706 ttuo
2619 664 2844 725 excepto
2864 698 2879 722 ,
2908 658 3050 728 quod
3081 659 3240 717 Pater
3270 679 3376 718 non
3406 676 3488 720 est
3509 710 3522 733 ,
3552 670 3732 724 omnia

2140 742 2329 799 eadem
2370 744 2532 800 habet
2574 746 2762 804 Filius.
2804 750 2883 805 Ac
2927 766 3056 807 sane
3108 771 3283 826 neque
3322 768 3481 829 aptus
3529 769 3613 817 est
3648 762 3736 819 hic

2134 835 2341 903 honor,
2372 840 2462 909 qui
2508 854 2538 893 a
2572 839 2728 896 Patre
2759 846 3034 911 perveniat
3069 846 3121 902 in
3166 848 3379 905 Filium.
3414 852 3528 911 Hoc
3552 864 3731 911 autem

2131 939 2394 998 excepto,
2437 946 2789 1004 qua-cumque
2833 934 3006 992 Patris
3049 948 3212 1007 sunt,
3246 940 3381 998 Filio
3415 947 3577 1002 etiam
3608 958 3734 1005 sunt

2128 1035 2459 1077 communia.

2202 1113 2259 1167 2.
2308 1114 2499 1170 Contra
2530 1116 2913 1176 Marcionistas.
2936 1152 3007 1164 -—
3030 1123 3141 1180 lloe
3187 1126 3307 1182 loco
3329 1128 3687 1191 Marcionistte
3711 1174 3729 1201 ,

2130 1204 2274 1276 quod
2301 1206 2503 1262 dictum
2534 1219 2617 1264 est
2637 1211 2977 1280 arripientes,
3009 1214 3275 1285 inquiunt,
3305 1218 3419 1274 Non
3443 1235 3521 1277 est
3558 1224 3730 1281 Iactus

2130 1298 2322 1364 homo,
2383 1299 2477 1354 sed
2503 1342 2516 1364 ,
2574 1303 2629 1356 ln
2676 1304 3027 1361 similitudine
3056 1305 3331 1364 hominum
3363 1313 3553 1369 factus.
3581 1316 3730 1383 Quo-

2129 1390 2290 1444 modo
2319 1407 2448 1447 vero
2477 1403 2655 1464 potest
2682 1395 2804 1464 quis
2824 1396 2875 1450 itt
2898 1397 3249 1455 similitmliue
3271 1400 3544 1459 hominum
3577 1407 3688 1461 licri
3709 1409 3734 1461 ἲ

2130 1481 2394 1537 umbram
2426 1484 2690 1539 indutus?
2714 1484 2881 1555 igitur
2907 1487 3107 1545 idolum
3159 1491 3298 1546 istud
3338 1503 3454 1557 est,
3511 1497 3734 1555 minime

2129 1586 2260 1627 vero
2305 1572 2541 1630 hominis
2577 1577 2877 1633 similitudo
2921 1596 2933 1631 :
2970 1578 3203 1635 hominis
3246 1584 3391 1639 enim
3434 1586 3732 1644 similitudo

2128 1662 2268 1719 alter
2307 1667 2469 1719 homo
2498 1676 2599 1721 est.
2633 1668 2772 1736 Quid
2814 1680 2994 1726 autem
3044 1674 3398 1742 respondebis
3437 1677 3629 1736 Joauni
3656 1684 3730 1737 ita

2125 1754 2344 1822 dicenti,
2387 1755 2606 1813 Verbum
2646 1778 2767 1815 caro
2796 1767 2987 1834 factum
3026 1775 3103 1819 est
3139 1765 3335 1835 (Jouu.
3366 1770 3414 1824 1.
3449 1772 3591 1842 M)?
3625 1773 3727 1830 Ve-

2128 1864 2245 1903 rntn
2298 1860 2353 1903 ct
2381 1849 2469 1905 hic
2500 1852 2614 1922 ipse
2643 1854 2829 1910 beatus
2855 1858 2982 1914 alibi
3022 1859 3230 1930 inquit,
3280 1861 3349 1917 In
3392 1866 3730 1923 similitudine

2125 1942 2295 1996 carnis
2318 1946 2508 2011 peccati
2529 1946 2705 2017 (Rom.
2734 1949 2787 2004 8.
2819 1950 2896 2021 5).
2933 1948 3001 2004 Et
3030 1952 3205 2006 habitu
3227 1955 3460 2011 iuventus
3480 1968 3534 2012 ut
3554 1962 3727 2019 homo.

2129 2032 2270 2088 Ecce
2300 2033 2569 2104 inquiunt,
2596 2038 2660 2091 Et
2684 2040 2878 2106 habitu,
2902 2054 2979 2107 et,
3016 2043 3083 2097 Ut
3110 2044 3280 2099 homo.
3312 2048 3378 2101 At
3407 2064 3527 2105 esse
3549 2061 3600 2105 ut
3632 2051 3731 2106 lto-

2127 2124 2349 2191 minem,
2373 2135 2429 2180 et
2456 2142 2578 2183 esse
2606 2129 2789 2185 habitu
2820 2132 3115 2199 hominem,
3151 2136 3253 2191 hoc
3284 2154 3621 2211 nequaquam
3644 2155 3727 2199 est

2127 2230 2254 2271 vere
2281 2215 2554 2274 hominem
2576 2236 2729 2276 esse:
2756 2223 2935 2278 habitu
2953 2226 3094 2281 enim
3120 2229 3392 2287 hominem
3416 2248 3474 2288 es
3505 2250 3557 2299 e,
3583 2236 3726 2293 aliud

2129 2318 2213 2363 est
2251 2324 2314 2364 ac
2352 2322 2540 2364 natura
2577 2329 2699 2368 esse
2740 2314 3034 2373 hominem.
3082 2319 3269 2381 Videte
3313 2338 3472 2394 quam
3500 2341 3601 2397 ego
3644 2328 3730 2382 in-

2126 2418 2302 2469 genue
2332 2413 2387 2459 et
2408 2421 2564 2475 :eqno
2592 2422 2771 2462 animo
2800 2425 2863 2464 ea
2885 2452 2899 2472 ,
2929 2427 3050 2482 qme
3075 2413 3145 2466 ab
3173 2414 3496 2473 adversariis
3534 2420 3730 2475 dicun-

2127 2503 2233 2555 tur.
2256 2494 2513 2551 atteram?
2534 2498 2684 2555 Tunc
2709 2500 2850 2555 eniut
2882 2502 3097 2557 demum
3125 2506 3401 2574 Splendida
3442 2526 3503 2565 ac
3534 2513 3731 2569 redun-

2126 2585 2263 2640 dans
2321 2589 2541 2644 victoria
2587 2601 2734 2661 parta
2774 2595 2899 2658 erit,
2955 2612 3077 2650 tum
3113 2598 3326 2654 illorum
3374 2616 3726 2672 argumenta,

2126 2694 2247 2749 qua:
2276 2679 2475 2749 aliqttid
2500 2682 2713 2739 roboris
2738 2685 2990 2741 videntur
3016 2688 3232 2756 habere,
3259 2692 3727 2752 minimeabscon-

2125 2769 2369 2826 derunus
2402 2791 2415 2827 :
2459 2772 2797 2830 abscondere
2821 2778 2965 2832 enim
2992 2820 3007 2845 ,
3061 2780 3238 2850 p0tius
3269 2783 3425 2839 dolus
3454 2797 3536 2842 est
3565 2806 3725 2860 quam

2125 2864 2370 2919 victoria.
2415 2866 2553 2932 Quid
2607 2868 2767 2938 igitur
2823 2870 3327 2939 iuqttiuntirursus
3368 2881 3510 2935 enim
3536 2883 3728 2941 eadem

2128 2972 2433 3026 repetamus
2466 2962 2665 3016 :Aliud
2697 2973 2777 3017 est
2803 2963 2985 3019 habitu
3032 2967 3303 3025 hominem
3331 2986 3489 3041 esse,
3529 2991 3593 3032 ac
3630 2994 3729 3032 na-

2127 3058 2277 3117 tura;
2300 3064 2463 3121 atque
2490 3068 2612 3109 esse
2632 3066 2683 3108 ttt
2708 3056 3012 3125 hominem,
3036 3069 3089 3113 et
3111 3061 3162 3114 itt
3186 3062 3536 3123 similitudine
3559 3068 3733 3126 homi-

2128 3143 2211 3196 nis
2263 3157 2423 3211 esse,
2466 3145 2610 3200 aliud
2653 3157 2736 3201 est
2788 3161 2949 3219 atque
2991 3153 3262 3209 hominem
3309 3173 3449 3213 esse.
3509 3161 3650 3233 Ergo
3677 3176 3732 3220 et

2128 3240 2353 3292 fortnam
2383 3241 2522 3295 servi
2555 3242 2820 3312 accipere,
2868 3260 2975 3299 non
3014 3255 3100 3300 est
3130 3249 3353 3304 formam
3401 3255 3540 3310 servi
3584 3259 3731 3311 acci-

2134 3346 2279 3399 pere.
2303 3331 2496 3386 Sceutn
2524 3334 2682 3403 igitur
2712 3334 2814 3389 hoc
2838 3337 3007 3406 ipsum
3040 3351 3256 3408 pugnat,
3278 3352 3332 3395 et
3358 3360 3524 3414 quare
3546 3356 3599 3401 ttt
3624 3365 3733 3403 non

2129 3426 2274 3492 prior
2305 3425 2445 3479 istud
2471 3427 2761 3481 dis-solvis?
2792 3430 2919 3484 Nam
2956 3434 3407 3501 quemadmodum
3439 3438 3551 3494 lta-c
3578 3444 3732 3498 nobis

2126 3517 2399 3572 adversari
2432 3521 2729 3587 existimas,
2774 3524 2842 3576 ita
2884 3533 2935 3578 et
2980 3541 3079 3580 nos
3121 3527 3263 3582 istud
3320 3529 3412 3585 tibi
3456 3533 3732 3590 adversari

2125 3612 2483 3667 ostendimus.
2509 3613 2625 3669 Non
2654 3616 2796 3670 enim
2839 3617 2995 3684 dixit,
3025 3619 3094 3675 Ut
3142 3618 3311 3677 forma
3338 3627 3501 3693 servi,
3535 3644 3729 3700 neque,

2129 3704 2186 3759 ltt
2210 3705 2561 3761 similitudine
2584 3705 2773 3763 fortine
2800 3711 2964 3775 servi,
2996 3728 3189 3783 neque,
3237 3715 3291 3770 ltt
3335 3715 3519 3775 hahittt
3546 3721 3733 3778 forma:

2131 3796 2300 3864 servi,
2327 3796 2442 3863 sed,
2474 3796 2720 3853 Formam
2746 3802 2875 3854 servi
2894 3806 3110 3873 accepit.
3135 3804 3272 3872 Quid
3302 3808 3463 3877 igitur,
3491 3811 3592 3867 hoc
3613 3816 3736 3869 est?

2128 3889 2387 3947 subestne
2415 3891 2593 3962 aliqua
2621 3893 2673 3948 itt
2706 3894 2885 3950 verbis
2908 3912 3081 3967 pugna
3104 3898 3128 3951 ?
3156 3898 3311 3954 Nulla
3336 3917 3533 3973 pugna,
3559 3906 3692 3962 absit
3716 3925 3734 3977 ;

2130 3983 2224 4038 sed
2253 3992 2335 4038 est
2366 3984 2581 4039 illorum
2616 3985 2864 4057 frigidum
2907 4005 2969 4044 ac
3008 3990 3296 4048 ridiculum
3325 3996 3550 4052 dictum.
3598 4000 3735 4056 For-

2130 4093 2272 4133 mam
2296 4120 2312 4146 ,
2345 4079 2608 4150 inquittnt,
2633 4082 2773 4136 servi
2805 4085 3032 4154 accepit,
3062 4101 3184 4140 cum
3218 4088 3384 4145 linteo
3408 4091 3737 4149 circumcin-

2130 4182 2249 4228 ctus
2277 4172 2665 4244 discipulorum
2699 4176 2865 4246 pedes
2906 4177 3053 4232 lavit.
3089 4179 3324 4236 lloccine
3381 4183 3551 4239 forma
3591 4189 3736 4243 servi

2130 4268 2251 4321 est?
2274 4266 2595 4338 Neutiquam
2629 4268 2797 4324 forma
2825 4270 2966 4326 servi
2988 4282 3092 4340 est,
3124 4273 3219 4329 sed
3237 4289 3374 4345 Opus
3388 4277 3529 4333 servi
3552 4301 3563 4332 :
3587 4279 3737 4336 aliud

2132 4374 2259 4414 vero
2284 4368 2368 4414 est
2396 4375 2533 4431 Opus
2559 4362 2701 4416 servi
2729 4376 2870 4422 esse.
2899 4377 2963 4418 ac
3008 4364 3234 4421 formam
3274 4368 3417 4423 servi
3467 4372 3737 4440 accipere.

2131 4452 2242 4506 Cur
2266 4454 2409 4506 enim
2441 4469 2545 4506 non
2578 4453 2647 4507 ita
2680 4454 2834 4520 dixit,
2864 4456 3011 4526 Opus
3035 4459 3174 4512 servi
3206 4459 3354 4526 fecit,
3384 4462 3527 4532 quod
3560 4467 3735 4520 mani-

2133 4544 2320 4599 lustius
2349 4548 2504 4601 erat?
2534 4547 2809 4618 Nusquam
2856 4551 3080 4607 omnino
3134 4554 3185 4608 iu
3213 4555 3489 4627 Scriptura
3536 4575 3737 4616 nomen

2132 4643 2320 4698 forma:
2355 4660 2452 4714 pro
2496 4662 2663 4714 opere
2686 4656 2769 4702 cst
2808 4660 3140 4721 usurpatum.
3174 4651 3360 4723 Magna
3391 4657 3535 4710 enim
3578 4658 3737 4714 dilib-

2134 4739 2305 4793 reutia
2338 4739 2622 4794 intercedit
2668 4759 2682 4795 :
2727 4758 2848 4797 natu
2878 4744 3110 4800 alterum
3138 4746 3356 4816 quidem
3384 4759 3590 4804 naturae
3618 4758 3735 4819 est,

2132 4831 2361 4886 alterum
2406 4848 2534 4888 vero
2560 4834 2912 4903 operationis.
2959 4836 3070 4893 Nec
3095 4852 3224 4893 vero
3252 4855 3505 4910 umquam
3534 4841 3587 4896 in
3617 4842 3737 4916 ipso

2134 4923 2294 4978 ctiam
2320 4938 2416 4977 usu
2441 4924 2694 4996 loquendi
2715 4925 2941 4982 fortnam
2967 4944 3063 4998 pro
3082 4944 3248 4999 opere
3262 4931 3511 4989 dicimus.
3535 4934 3737 5003 Quam.

2133 5030 2293 5086 quam
2322 5015 2461 5085 apud
2491 5016 2625 5071 istos
2658 5033 2726 5072 tte
2760 5032 2899 5087 Opus
2924 5019 3140 5090 quidem
3189 5021 3337 5087 fecit,
3379 5040 3555 5095 neque
3608 5045 3734 5086 suc-

2135 5108 2299 5162 c‘tnxit
2342 5124 2419 5162 se.
2449 5108 2682 5174 Etenim,
2723 5109 2766 5162 si
2805 5108 2855 5163 id
2897 5111 3077 5179 specie
3117 5122 3323 5170 tantum
3353 5116 3547 5185 ﬁebat,
3588 5122 3734 5175 nulla

2088 5228 2094 5233 -
2136 5208 2253 5252 erat
2283 5199 2484 5252 veritas
2517 5216 2531 5253 :
2558 5198 2603 5253 si
2634 5214 2826 5254 manus
2854 5216 2959 5255 non
2988 5201 3249 5270 trahebat,
3280 5209 3548 5277 quomodo
3570 5209 3738 5269 lavit?

2136 5288 2182 5344 si
2227 5304 2385 5344 rencs
2416 5305 2522 5344 non
2573 5288 2779 5356 habuit,
2822 5296 3095 5362 quomodo
3139 5312 3196 5351 se
3236 5297 3402 5357 linteo
3440 5304 3735 5360 succingit?
3778 5300 3781 5301 ⁷

2136 5398 2303 5454 ecqua
2337 5398 2465 5438 vero
2492 5384 2653 5439 etiam
2673 5386 2994 5441 vestimenta
3041 5390 3465 5460 sumpsit?nam.
3498 5395 3737 5465 Accepit,

2138 5477 2330 5548 inquit,
2364 5477 2654 5531 vestimenta
2679 5495 2771 5531 sua
2795 5477 2990 5547 (Joan.
3022 5482 3108 5536 l5.
3139 5485 3167 5536 4
3186 5485 3224 5551 ).
3251 5481 3317 5540 Ut
3343 5484 3502 5554 igitur
3526 5486 3734 5545 milium

2138 5569 2223 5624 hic
2236 5584 2393 5639 opus,
2408 5568 2549 5640 quod
2577 5585 2701 5625 vere
2720 5568 2919 5626 factum
2949 5570 3129 5638 fuerit,
3147 5573 3440 5643 reperitur,

2139 5663 2315 5718 illusio
2340 5682 2352 5716 z
2375 5662 2445 5716 ita
2470 5676 2643 5732 neque
2663 5661 3050 5733 discipulorum
3074 5664 3238 5739 pedes
3254 5666 3405 5721 lavit.
3427 5667 3636 5729 Marsi
3653 5670 3749 5726 in;

2137 5769 2394 5827 corporea
2408 5754 2492 5811 illa
2510 5763 2695 5808 natura
2715 5770 2820 5809 non
2837 5758 3103 5830 apparuit,
3122 5772 3297 5829 neque
3312 5758 3364 5818 in
3382 5761 3745 5830 carpet-enitr.
3828 5746 3829 5749 “

2185 5852 2373 5909 Contra
2397 5848 2617 5905 Paulum
2637 5846 3257 5919 Satttosatt'ttttm.—-Qttis
3275 5851 3433 5922 igitur
3448 5850 3759 5920 discipulos-

3308 5944 3386 6009 15
