4170 6504
489 328 585 381 251

484 436 648 493 lavit?
676 434 813 505 Quid
860 446 1047 489 rursus
1089 429 1339 485 adversus
1392 427 1613 482 Paulum
1661 424 2070 479 Samosatenum

486 529 820 586 altercatus?
866 527 1128 595 Quidnam
1170 524 1260 578 ille
1308 521 1480 585 dicit?
1523 520 1687 575 Plane
1740 517 1928 573 idem:
1962 531 2070 571 non

487 624 589 678 hoc
618 630 699 677 cst
727 616 1037 682 exinanitio,
1059 613 1287 683 eumqui
1311 621 1555 665 naturam
1577 608 1737 664 habet
1760 608 2070 673 humanam,

486 726 754 785 purusque
786 710 946 763 homo
980 717 1082 769 εει,
1120 704 1298 758 lavare
1328 715 1636 757 conservos.
1660 700 1789 767 Quze
1815 699 1958 755 enim
1979 696 2076 752 διιο-

486 819 675 861 versus
709 802 937 858 Arianos
971 797 1223 860 diximus,
1250 796 1411 850 etiam
1435 794 1692 848 adversus
1726 792 1855 846 istos
1884 789 2074 848 dicen-

487 900 615 952 dum
631 915 644 949 ε
661 895 792 950 nihil
806 893 950 948 enim
975 893 1112 945 inter
1127 904 1221 944 eos
1243 888 1486 956 interest,
1504 885 1604 939 nisi
1621 885 1786 942 hrcve
1804 881 2070 953 quoddam

489 986 749 1056 temporis
777 982 1117 1038 intervallum
1155 999 1169 1034 :
1203 980 1413 1049 utrique
1456 978 1600 1032 enim
1632 986 1933 1033 creaturam
1962 984 2072 1026 sta-

490 1088 641 1135 tuunt
659 1078 752 1134 Dei
769 1076 986 1132 Filium.
1010 1074 1146 1142 Quid
1165 1073 1323 1144 igitur
1342 1072 1600 1127 adversus
1624 1068 1771 1141 ipsos
1798 1064 2073 1123 dicemus?

487 1173 542 1226 Si
567 1172 726 1225 homo
757 1168 1002 1223 homines
1030 1165 1176 1231 lavit,
1208 1179 1313 1217 nou
1348 1161 1593 1227 inanivit,
1643 1176 1749 1215 non
1778 1156 2073 1215 humiliavit

492 1262 729 1332 seipsum
761 1259 845 1315 :si
882 1274 1004 1313 cum
1034 1256 1196 1311 homo
1226 1264 1389 1319 esset,
1423 1270 1528 1317 non
1559 1250 1660 1306 hoc
1685 1250 1888 1320 rapuit,
1919 1248 2077 1302 nimi-

491 1369 608 1408 rum
636 1366 759 1408 esse
784 1350 1041 1421 aequalem
1089 1348 1220 1414 Deo,
1268 1344 1503 1415 profecto
1524 1359 1632 1397 non
1662 1352 1741 1398 est
1772 1355 1869 1395 cur
1890 1338 2076 1395 laude-

490 1460 594 1502 tur.
618 1445 750 1502 Nam
773 1460 896 1500 eum
919 1442 1133 1513 quidem
1167 1440 1259 1511 qui
1308 1439 1450 1493 Deus
1490 1439 1561 1490 sit
1605 1434 1876 1489 hominem
1917 1431 2033 1486 lieri
2055 1471 2071 1495 ,

491 1555 680 1610 magna
712 1536 1101 1605 incl‘labilisque
1141 1531 1442 1587 humiliatio
1487 1538 1603 1595 est;
1632 1542 1755 1583 eum
1806 1539 1935 1580 vero
1982 1523 2073 1593 qui

490 1632 651 1685 homo
701 1629 772 1685 sit
820 1628 1049 1682 humana
1083 1624 1292 1689 lacere,
1347 1637 1466 1691 quae
1496 1618 1708 1674 tandem
1737 1614 2074 1672 humiliatio?

490 1722 713 1778 Ubinam
739 1734 868 1803 vero
896 1715 1066 1772 forma
1096 1714 1188 1771 Dei
1215 1712 1515 1784 appellatur
1540 1724 1677 1803 opus
1700 1708 1833 1763 Dei?
1860 1706 2072 1803 Etenim

485 1818 530 1870 si
570 1830 734 1885 purus
762 1799 923 1867 homo
961 1818 1112 1875 erat,
1162 1816 1322 1877 atque
1361 1821 1426 1861 cx
1477 1802 1731 1872 operibus
1776 1799 2075 1871 appellatur

488 1914 655 1965 forma
690 1909 814 1973 Dei,
845 1922 942 1961 cur
969 1919 1073 1958 non
1100 1913 1154 1957 et
1184 1903 1235 1957 in
1258 1900 1418 1955 Petro
1442 1899 1493 1953 id
1523 1897 1802 1963 faciamus,
1830 1895 1920 1966 qui
1954 1908 2072 1948 ma-

481 2005 599 2073 jora
617 2001 781 2058 etiam
801 2012 964 2070 opera
987 1994 1189 2052 edidit?
1218 2008 1314 2048 cur
1335 2005 1439 2046 non
1457 1998 1512 2044 et
1529 1989 1752 2045 Paulum
1777 1986 1953 2055 inquis
1979 1985 2073 2039 Dei

488 2101 712 2150 l‘ornmm
743 2088 1033 2146 habuisse?
1060 2102 1157 2144 cur
1181 2101 1285 2139 non
1328 2092 1383 2139 et
1411 2084 1649 2154 seipsum
1678 2080 1743 2134 ad
1768 2079 2074 2147 exemplum

488 2187 765 2260 proposuit
814 2183 1046 2244 Paulus.
1079 2181 1166 2251 qui
1209 2185 1460 2235 sexcenta
1511 2172 1811 2230 ministeria
1861 2171 2074 2226 servilia

485 2281 747 2343 obiret-at,
775 2291 841 2331 ac
867 2274 1070 2329 nullum
1099 2267 1474 2326 recusaverat?
1502 2267 1576 2321 ait
1603 2265 1767 2330 enim,
1798 2261 1920 2317 Non
1942 2263 2076 2317 enim

490 2368 823 2438 nosmetipsos
869 2364 1224 2437 prwdicamus,
1255 2360 1343 2415 sed
1381 2357 1558 2413 Jesum
1600 2356 1856 2413 Christum
1902 2353 2078 2409 Domi-

489 2478 634 2526 num,
665 2475 757 2513 nos
794 2468 968 2512 autem
1006 2470 1176 2510 serros
1214 2461 1406 2506 vestros
1433 2467 1524 2520 per
1542 2447 1721 2504 Jesum
1752 2446 1839 2518 (2.
1867 2444 1986 2502 Cor.
2018 2446 2072 2500 4.

486 2555 574 2624 ii).
609 2550 852 2607 Ridieula
892 2563 958 2604 ae
982 2561 1135 2618 nugae
1160 2556 1306 2611 sunt,
1339 2559 1458 2614 quae
1501 2541 1568 2598 ab
1613 2541 1730 2595 istis
1758 2538 2071 2595 alieruntur.

488 2644 785 2701 Exinanirit
833 2641 1074 2711 seipsum,
1104 2637 1291 2708 inquit.
1328 2635 1611 2706 Quomodo
1636 2634 1873 2702 seipsum
1902 2631 2077 2685 humi-

486 2738 633 2793 liavit
653 2741 677 2795 Ἰ
698 2734 785 2789 dic
812 2732 941 2788 mihi
964 2742 978 2795 ;
998 2744 1118 2800 qua:
1147 2736 1227 2782 cst
1248 2726 1363 2781 ha-c
1391 2722 1723 2781 exinanitio?
1753 2738 1874 2791 qua:
1903 2720 2078 2774 humi-

484 2827 678 2882 liatio?
709 2841 776 2879 :m
802 2823 1057 2895 quoniam
1075 2818 1329 2875 miracula
1359 2815 1565 2889 edidit?
1589 2817 1657 2870 At
1678 2814 1781 2869 hoc
1802 2823 1856 2868 et
1879 2811 2075 2867 Paulus

486 2931 541 2975 et
555 2919 744 2974 Petrus
764 2913 1128 2987 praestiterunt
1152 2928 1165 2964 :
1190 2908 1534 2980 quamobrem
1554 2921 1658 2961 nou
1682 2904 1784 2959 hoc
1803 2903 2073 2974 proprium

487 3027 551 3067 ac
580 3007 850 3080 peculiare
879 3004 999 3059 Filii
1020 3003 1198 3058 fuerit.
1223 3001 1360 3067 Quid
1388 2998 1549 3070 igitur
1577 2997 1678 3054 sibi
1702 2996 1886 3050 volunt
1914 2994 2075 3049 verba

488 3104 601 3167 illa,
637 3100 701 3155 In
725 3096 1110 3154 similitudinem
1136 3093 1396 3147 hominum
1419 3089 1624 3161 factus?
1645 3086 1804 3142 Multa
1838 3085 1930 3139 ille
1956 3084 2074 3154 qui-

493 3196 614 3248 dem
647 3199 828 3245 nostra
861 3186 1068 3249 habuit,
1116 3183 1281 3238 multa
1310 3196 1438 3236 vero
1469 3194 1574 3234 non
1625 3176 1844 3241 habuit;
1897 3174 2079 3243 hujus-

490 3289 633 3342 nmdi
663 3292 807 3349 sunt,
863 3296 969 3337 non
1000 3293 1122 3336 esse
1152 3286 1334 3330 uatum
1378 3289 1442 3328 ex
1474 3270 1854 3327 commixtione
1881 3281 2078 3336 corpo-

493 3398 637 3446 rum,
668 3384 942 3449 peccatum
968 3388 1073 3428 non
1098 3368 1401 3424 admisisse.
1422 3366 1545 3420 llee
1575 3364 1744 3434 ipsius
1772 3371 1924 3417 erant
1955 3375 2078 3432 pro-

493 3473 628 3542 pria,
661 3468 903 3535 nullique
945 3461 1223 3518 hominum
1266 3457 1593 3514 communia.
1622 3452 1740 3510 Non
1771 3453 1873 3507 hoc
1900 3451 2074 3506 solum

490 3572 606 3618 erat
633 3558 773 3632 quod
800 3554 1112 3626 apparebat,
1146 3550 1239 3606 sed
1282 3548 1440 3605 etiam
1476 3550 1633 3602 Deus.
1670 3544 1877 3600 Etenim
1905 3558 2074 3615 appa-

492 3655 642 3711 rebat
670 3651 885 3723 quidem
917 3649 1101 3713 homo,
1125 3645 1176 3700 in
1207 3641 1387 3699 multis
1414 3654 1542 3697 vero
1568 3654 1674 3693 non
1705 3644 1821 3692 crat
1847 3636 2073 3701 similis,

494 3742 711 3801 tametsi
735 3753 895 3795 carne
927 3736 1119 3792 similis
1143 3741 1278 3793 erat.
1314 3731 1428 3786 lloc
1468 3729 1629 3799 igitur
1657 3727 1756 3781 ista
1787 3725 1948 3781 verba
1996 3724 2079 3777 in-

493 3836 697 3899 dicant,
728 3847 833 3886 non
860 3828 1019 3883 fuisse
1035 3841 1224 3897 purum
1246 3824 1516 3879 hominem
1539 3838 1551 3873 :
1575 3828 1859 3890 propterea
1882 3817 2074 3885 inquit,

495 3929 562 3984 In
587 3922 918 3982 similitudine
965 3919 1218 3979 hominum
1250 3917 1268 3986 (
1296 3916 1443 3977 llam.
1494 3914 1550 3967 8.
1605 3910 1693 3980 5).
1730 3908 1938 3964 Etenim
1982 3919 2080 3959 ltus

494 4020 712 4093 quidem
741 4015 915 4072 anima
941 4021 996 4069 et
1023 4025 1220 4080 corpus
1247 4022 1466 4068 sumus:
1518 4003 1770 4093 medic"?
1801 4000 1939 4093 [ξιξυε
1958 4038 1991 4093 τ-
2026 4006 2080 4051 οι

503 4090 674 4171 anima
704 4120 759 4166 et
801 4121 1035 4177 corpus:
1065 4109 1345 4173 propterea
1373 4095 1563 4169 inquit,
1607 4091 1672 4146 In
1723 4090 2075 4146 similitudine.

499 4205 707 4262 l-lteuim
751 4215 819 4257 ne
870 4197 1092 4253 audiens
1144 4206 1307 4247 voces
1359 4188 1511 4253 illas,
1566 4183 1859 4251 Exinanirit
1904 4189 2084 4236 semet—

495 4300 695 4368 ipsum,
724 4291 1071 4353 mutationem
1109 4284 1341 4354 aliquam
1384 4278 1670 4349 suspiceris
1697 4274 2081 4368 aedegenera-

499 4366 699 4442 tionem
725 4391 780 4438 et
804 4379 1100 4443 interitum,
1132 4373 1373 4438 Mancns,
1405 4369 1595 4439 inquit,
1627 4366 1769 4440 quod
1814 4373 1952 4430 erat,
1996 4377 2082 4416 as-

496 4475 727 4547 sumpsit
754 4471 892 4544 quod
942 4484 1047 4524 non
1091 4472 1233 4533 erat,
1268 4470 1323 4523 et
1371 4476 1497 4523 caro
1526 4459 1695 4521 lactus
1722 4454 2084 4533 perseveravit

500 4586 620 4624 esse
653 4571 791 4623 licus
817 4558 1043 4620 Vrrhuin
1056 4599 1069 4614 .

566 4663 621 4715 5.
664 4658 773 4712 llae
805 4654 966 4725 igitur
1009 4651 1214 4707 ratione
1257 4647 1453 4703 Paulus
1479 4645 1652 4709 dixit,
1703 4643 1937 4705 similem
1963 4658 2084 4698 esse

499 4752 697 4807 homini
721 4792 734 4812 ,
768 4759 925 4820 atque
946 4753 1228 4816 propterea
1253 4740 1398 4795 addit
1425 4779 1440 4803 ,
1478 4738 1540 4792 Et
1566 4738 1741 4792 habitu
1764 4753 1783 4792 :
1806 4752 1909 4791 non
1937 4740 2080 4792 enim

500 4834 687 4899 natura
709 4838 1075 4912 degeneravit,
1104 4849 1276 4905 neque
1295 4831 1537 4888 conlusio
1557 4831 1663 4885 ulla
1696 4830 1831 4887 facta
1861 4841 1959 4894 est,
1987 4829 2082 4888 sed

498 4934 682 4989 habitu
710 4931 879 4986 factus
899 4937 1001 4983 est.
1029 4927 1164 4985 Nam,
1176 4940 1297 4987 cum
1323 4922 1546 4988 dixisset
1569 4919 1799 4982 (urinam
1822 4922 1960 4976 servi
1993 4935 2084 4976 ac-

500 5030 732 5100 cepisse,
755 5024 980 5078 lidenter
1008 5029 1191 5091 postea
1213 5017 1353 5082 istud
1382 5016 1541 5071 etiam
1574 5015 1811 5086 prOtulit,
1833 5014 2081 5070 nimirum

497 5137 620 5175 eum
643 5116 769 5173 illud
800 5113 998 5169 nemini
1031 5126 1135 5164 non
1164 5124 1224 5164 os
1247 5107 1618 5163 obstruxisset.
1641 5106 1849 5171 Etenim
1880 5115 1933 5162 et
1961 5121 2084 5162 cum

499 5213 570 5265 ita
601 5207 749 5272 dicit,
774 5205 841 5258 In
862 5200 1194 5257 similitudine
1218 5200 1388 5262 carnis
1415 5199 1628 5269 peccati,
1660 5214 1765 5257 non
1798 5199 1897 5259 hue
1932 5197 2082 5265 dicit,

505 5314 723 5355 eat-nem
744 5310 849 5350 non
870 5290 1142 5355 habuisse,
1163 5289 1254 5344 sed
1283 5303 1498 5345 carnem
1516 5289 1665 5344 illam
1684 5304 1789 5343 non
1812 5304 2084 5358 peccasse,

500 5389 730 5444 similem
754 5394 932 5439 tamen
953 5381 1114 5435 fuisse
1129 5380 1434 5450 peccatrici.
1456 5380 1631 5450 lnquo
1652 5380 1873 5435 similis?
1892 5382 2089 5437 Secun-

502 5482 631 5532 dum
659 5485 922 5538 naturam,
949 5486 1053 5525 non
1076 5469 1367 5525 secundum
1398 5471 1689 5533 malitiam:
1718 5480 2001 5542 propterea~
2025 5473 2088 5525 si-

504 5568 647 5622 milis
662 5564 856 5620 anima:
876 5561 1178 5634 peccatrici.
1198 5561 1663 5630 Quemadmodum
1679 5562 1839 5633 igitur
1856 5563 1926 5618 ibi
1949 5563 2088 5624 simi-

507 5657 740 5715 litudinis
760 5654 977 5711 nomine
1003 5667 1129 5707 usus
1152 5661 1258 5719 est,
1289 5652 1541 5724 quoniam
1572 5669 1677 5709 non
1698 5654 1878 5713 Qtllltia
1903 5669 2086 5725 requa-

513 5750 634 5809 litcr
661 5767 720 5808 se
752 5747 1019 5806 habebant
1050 5763 1063 5800 :
1092 5746 1164 5803 ita
1207 5755 1262 5803 ct
1307 5746 1393 5803 hic
1437 5747 1731 5807 similitudo
1755 5747 1949 5809 diei'ur
1972 5789 1984 5813 ,
2020 5761 2091 5803 eo

1195 314 1248 370 S.
1292 309 1569 369 JO.\NNIS
1605 306 2072 366 CIIRYSOSTOMI
2113 305 2432 363 ARCIIIEP.
2472 306 3002 363 CONSTANTINOP.

3584 275 3588 278 ⁴
3664 310 3775 367 ess

2184 421 2330 491 quod
2365 437 2470 476 non
2500 423 2677 477 onmia
2710 422 2818 479 sint
2863 424 3086 493 :equalia
3108 464 3126 490 ,
3174 432 3359 494 utpote
3384 423 3523 494 quod
3552 440 3658 480 non
3696 441 3768 481 ex

2177 514 2558 568 commixtione
2599 530 2923 584 corporum,
2955 515 3097 586 quod
3146 516 3264 570 sine
3311 527 3572 586 paceato,
3619 518 3767 587 quod

2179 605 2398 663 minime
2443 605 2618 662 nudus
2662 605 2845 661 homo.
2892 608 2970 663 At:
3011 607 3445 676 ιιυῖοὶιΐῡ.όὶκῖῑ,
3481 606 3547 663 υι
3574 609 3772 662 homo:

2180 709 2286 749 non
2313 696 2455 750 enim
2477 705 2592 751 erat
2619 711 2757 755 unus
2785 712 2849 758 es
2873 698 3075 763 multis,
3109 697 3205 755 sed
3243 707 3298 752 ut
3339 714 3478 753 mitts
3518 713 3586 755 ex
3628 700 3773 754 mul-

2182 786 2270 842 tis.
2299 787 2483 859 Neque
2513 789 2652 844 Deus
2680 789 2911 844 Verbum
2959 790 3012 847 in
3061 789 3334 850 hominem
3377 790 3766 861 degeneravit,

2180 893 2353 949 neque
2383 879 2679 935 substantia
2721 890 2803 936 est
2846 889 3086 946 inritata;
3139 881 3233 936 sed
3291 892 3559 950 tamquam
3606 882 3769 943 linum

2179 969 2444 1037 apparuit,
2488 985 2590 1024 non
2619 971 2920 1026 simulacris
2951 987 3016 1027 ac
3046 972 3174 1027 visis
3208 987 3305 1027 nos
3334 972 3633 1043 decipiens,
3666 973 3764 1028 sed

2178 1058 2429 1114 erudiens
2458 1064 2524 1114 ad
2554 1060 2929 1118 humilitatem.
2959 1064 3091 1117 Cum
3125 1064 3286 1135 igitur
3313 1064 3463 1130 dicit,
3494 1063 3563 1121 Ut
3585 1066 3763 1131 homo,

2181 1148 2285 1206 hoc
2309 1152 2409 1205 sibi
2433 1153 2543 1207 vult
2573 1154 2930 1225 :cuzteroqnin
2956 1165 3009 1210 et
3031 1155 3299 1212 hominem
3327 1157 3452 1213 alibi
3479 1159 3651 1230 ipsum
3674 1171 3770 1216 vo-

2178 1250 2286 1308 cat,
2308 1250 2365 1296 ut
2380 1259 2501 1298 cum
2529 1243 2675 1308 dicit,
2702 1244 2848 1301 Unus
2877 1245 3032 1314 Deus,
3052 1258 3098 1311 et
3119 1265 3250 1303 unus
3274 1252 3519 1306 mediator
3535 1251 3768 1310 Christus

2177 1333 2330 1389 Jesus
2353 1337 2430 1407 (l.
2457 1336 2591 1391 Tim.
2623 1338 2678 1393 2.
2710 1338 2788 1410 5).
2821 1340 2895 1395 Ea
2919 1339 3171 1407 diximus,
3200 1359 3321 1413 qum
3349 1346 3606 1402 adversus
3633 1347 3767 1403 istos

2179 1427 2405 1484 dicenda
2427 1440 2597 1486 erant.
2624 1433 2889 1504 Deinceps
2908 1449 3035 1489 vero
3053 1436 3309 1492 adversus
3326 1452 3441 1503 eos,
3464 1440 3552 1509 qui
3571 1451 3765 1511 negant

2178 1524 2534 1592 assumpsisse
2549 1524 2806 1593 animam,
2837 1529 3143 1584 necessario
3162 1529 3473 1587 dicendum.
3501 1532 3557 1588 Si
3592 1532 3763 1589 forma

2181 1612 2275 1668 Dei
2320 1613 2585 1684 perfectus
2634 1619 2774 1673 Deus
2815 1629 2897 1674 est
2923 1661 2939 1685 ,
2986 1628 3135 1677 certe
3164 1633 3218 1677 et
3244 1621 3414 1679 l‘orma
3464 1627 3604 1681 servi
3636 1642 3764 1695 per-

2180 1707 2348 1765 lectus
2368 1718 2452 1766 est
2480 1726 2686 1770 servus.
2714 1713 2906 1770 lterum
2937 1727 3123 1774 eontra
3151 1719 3383 1778 Arianos
3404 1724 3600 1794 agitur.
3629 1725 3760 1780 Cum

2179 1800 2230 1853 in
2253 1804 2418 1874 [arma
2444 1802 2542 1859 Dei
2564 1814 2712 1871 esset,
2741 1806 2911 1877 inquit
2935 1849 2950 1875 ,
2983 1826 3084 1864 non
3113 1813 3349 1881 rapinam
3374 1815 3652 1871 arbitratus
3680 1826 3757 1872 est

2179 1906 2287 1946 esse
2312 1910 2367 1948 se
2392 1897 2636 1966 aqualem
2674 1896 2803 1954 Deo.
2849 1898 2945 1956 llic
2974 1900 3043 1957 de
3071 1901 3353 1960 divinitate
3381 1906 3609 1978 loquens
3634 1925 3765 1964 nus-

2179 2000 2337 2053 quam
2369 1986 2482 2042 istis
2508 1987 2686 2044 verbis
2711 1992 2892 2055 ntitur,
2925 1991 3123 2049 Factus
3141 1996 3764 2067 cst,aut,Accepil,sedi

2182 2074 2521 2145 Semetipsum
2543 2080 2819 2135 exiuanioit
2842 2081 3061 2153 formam
3083 2086 3216 2140 servi
3239 2088 3516 2157 accipiens,
3546 2092 3599 2145 in
3625 2095 3768 2146 simi-

2182 2164 2397 2221 litudine
2443 2168 2706 2224 hominum
2736 2171 2920 2240 factus.
2964 2175 3059 2230 llic
3100 2175 3169 2231 de
3220 2176 3552 2236 humanitate
3595 2183 3762 2247 dicit,

2182 2258 2424 2329 Accepit,
2453 2271 2528 2325 et,
2561 2261 2756 2318 Factus
2782 2274 2883 2321 est.
2914 2265 3028 2322 Hoc
3053 2267 3223 2325 lactus
3251 2279 3353 2335 est,
3386 2271 3489 2327 hoc
3513 2276 3718 2346 accepit
3745 2292 3759 2331 :

2182 2348 2310 2404 illud
2344 2367 2469 2406 vero
2492 2363 2628 2409 erat.
2660 2354 2823 2426 Igitur
2850 2372 2950 2412 nec
2973 2359 3385 2424 ciuilundamus,
3419 2380 3518 2421 nec
3541 2365 3765 2422 divella-

2181 2454 2319 2495 mus.
2366 2440 2517 2498 Unus
2574 2443 2752 2510 Deus,
2796 2462 2933 2503 unus
2980 2447 3247 2515 Christus,
3296 2452 3463 2510 Pilius
3496 2457 3610 2512 Dei.
3661 2459 3764 2514 Ve-

2181 2547 2296 2585 rum
2320 2571 2338 2597 ,
2371 2547 2491 2588 cum
2520 2544 2641 2590 utor
2671 2536 2767 2591 ism
2800 2553 2953 2605 voce,
2988 2557 3154 2607 unus,
3198 2544 3448 2600 unionem
3480 2546 3624 2610 dico.
3657 2564 3762 2604 non

2181 2620 2552 2679 confusionem
2588 2643 2600 2678 :
2634 2642 2740 2681 ιιωιι
2766 2629 2908 2683 enim
2938 2640 3126 2687 natura
3172 2631 3289 2689 lucc
3317 2634 3368 2689 in
3410 2636 3555 2691 illam
3606 2655 3759 2694 versa

2180 2712 2561 2784 degeneravit,
2607 2719 2701 2774 sed
2749 2722 2895 2776 unita
2947 2733 3050 2778 est.
3098 2723 3399 2783 Ilumilt'arit
3444 2741 3768 2799 semrtipsum

2180 2806 2347 2872 factus
2369 2807 2605 2865 obediens
2628 2828 2785 2882 usque
2798 2812 2867 2866 ad
2890 2825 3123 2874 mortem.
3148 2828 3359 2872 nwrtem
3382 2832 3552 2875 autem
3577 2825 3763 2876 erucis.

2184 2897 2283 2962 En,
2315 2900 2597 2971 inquiunt,
2645 2903 2815 2962 fartus
2845 2916 2929 2961 est
2957 2908 3213 2964 obediens
3235 2951 3251 2977 ,
3294 2926 3416 2967 eum
3445 2914 3495 2969 ci
3539 2917 3761 2972 minime

2182 2991 2402 3059 atqualis
2444 3004 2588 3048 esset
2613 2995 2695 3049 cui
2725 2996 2983 3052 obedivit.
3028 2998 3073 3055 Ο
3111 3001 3288 3056 stolidi
3329 3019 3393 3058 ac
3437 3004 3762 3075 dementes,

2186 3080 2285 3136 hoc
2330 3082 2397 3138 de
2425 3083 2517 3138 illo
2559 3085 2686 3141 nihil
2735 3086 3004 3156 detrahit;
3056 3106 3179 3147 nam
3227 3109 3324 3149 nos
3373 3096 3532 3151 etiam
3584 3098 3769 3154 amicis

2183 3176 2485 3244 obedimus,
2521 3195 2694 3250 neque
2722 3180 2773 3234 id
2800 3191 2974 3237 tamen
3004 3198 3102 3238 nos
3127 3185 3361 3242 minores
3390 3186 3537 3242 facit.
3567 3190 3769 3259 Sponte

2185 3267 2348 3322 Filius
2375 3269 2514 3324 Patri
2544 3272 2778 3326 obedivit
2801 3314 2816 3337 ,
2870 3290 2974 3329 non
3008 3274 3061 3329 in
3107 3277 3357 3332 servilem
3401 3282 3765 3336 conditionem

2184 3358 2462 3424 decidens,
2493 3361 2589 3417 sed
2620 3361 2720 3417 hoc
2748 3364 2862 3432 ipso
2893 3367 3122 3421 nuuime
3148 3382 3369 3423 servans
3397 3371 3767 3428 admirandam

2182 3450 2328 3505 illam
2352 3454 2592 3523 germani
2618 3452 2737 3508 Filii
2759 3454 3073 3526 dignitatem
3091 3500 3105 3521 .
3138 3476 3389 3530 magnum
3414 3462 3561 3517 Patri
3591 3463 3768 3518 hono-

2180 3560 2295 3600 rem
2322 3545 2647 3602 exhibendo.
2684 3547 2976 3604 llonoravit
2999 3550 3211 3605 Patrem
3232 3592 3248 3617 ,
3281 3570 3387 3607 nun
3417 3564 3475 3608 ut
3505 3555 3677 3624 ipsum
3708 3567 3760 3611 ιιι

2182 3635 2386 3693 honore
2406 3638 2691 3708 spoliares,
2714 3639 2809 3695 sed
2832 3650 2888 3695 ut
2910 3643 3077 3711 magis
3098 3646 3424 3714 suspiceres,
3452 3657 3509 3701 ut
3530 3650 3610 3704 vel
3638 3649 3765 3705 hinc

2179 3741 2495 3799 germanum
2521 3731 2713 3787 Filium
2734 3748 3079 3803 agnosceres,
3102 3737 3243 3806 quod
3266 3738 3506 3795 onmium
3533 3743 3766 3798 mavime

2186 3818 2398 3875 Patrem
2450 3820 2813 3879 honoraverit.
2879 3825 3050 3882 Nemo
3100 3829 3267 3885 Deum
3321 3834 3391 3886 ita
3440 3833 3762 3893 honoravit:

2184 3920 2443 3979 quantum
2471 3911 2652 3968 habuit
2682 3917 3023 3973 celsitudinis
3045 3960 3061 3981 .
3088 3930 3293 3977 tantum
3323 3925 3557 3981 vicissim
3587 3927 3760 3984 humi-

2187 4001 2357 4059 litatis
2380 4004 2564 4060 subiit.
2594 4006 3055 4075 Quemadmodum
3077 4015 3325 4071 omnibus
3354 4018 3525 4088 major
3552 4030 3635 4075 est
3658 4063 3673 4087 ,
3705 4035 3766 4075 ac

2188 4109 2347 4149 nemo
2374 4094 2451 4150 illi
2496 4100 2714 4167 mqualis
2770 4116 2785 4156 :
2830 4102 2899 4155 ita
2948 4103 3111 4158 etiam
3159 4105 3213 4161 in
3251 4108 3409 4163 Patre
3455 4109 3766 4167 honorando

2187 4199 2375 4241 onmes
2402 4186 2564 4255 vicit,
2612 4205 2719 4245 non
2745 4202 2998 4260 coactus,
3045 4211 3221 4268 neque
3265 4199 3487 4257 invitus.
3530 4203 3635 4259 Sed
3669 4207 3767 4260 huc

2187 4277 2346 4331 etiam
2394 4278 2606 4334 virtutis
2652 4280 2819 4350 ipsius
2859 4281 2959 4337 fuit
2986 4301 3005 4340 δ
3033 4296 3124 4340 aut
3171 4289 3351 4356 potius
3395 4289 3594 4346 desunt
3639 4295 3766 4349 mihi

2188 4370 2346 4423 verba
2368 4412 2383 4435 ,
2415 4371 2607 4441 quibus
2634 4383 2774 4431 utar.
2819 4375 3008 4446 Papini
3041 4395 3293 4449 magnum
3336 4381 3464 4438 illud
3496 4394 3577 4440 est
3608 4398 3768 4456 atque

2191 4461 2566 4531 inexplicabile
2591 4505 2607 4529 ,
2654 4479 2870 4522 servum
2904 4467 3061 4537 ﬁeri;
3113 4471 3209 4525 sed
3251 4484 3479 4530 mortem
3512 4486 3771 4545 prmterea

2188 4555 2369 4610 subire
2390 4596 2405 4619 ,
2441 4556 2596 4627 longe
2624 4558 2802 4614 adhuc
2846 4561 3041 4631 majus.
3085 4564 3189 4618 Sed
3221 4575 3304 4619 est
3342 4566 3485 4623 aliud
3518 4568 3774 4639 quiddam

2190 4644 2292 4700 huc
2326 4648 2516 4716 majus.
2542 4651 2813 4721 magisque
2835 4653 3142 4722 opinionem
3170 4671 3387 4719 miluom,
3415 4674 3770 4731 exsuperans,

2186 4738 2325 4807 Quid
2358 4739 2483 4793 illud
2509 4742 2531 4793 ?
2573 4740 2725 4809 Quod
2756 4761 2863 4802 nun
2889 4746 3091 4813 quasvis
3122 4764 3266 4805 mors
3295 4750 3485 4815 sbnilis
3527 4755 3620 4808 sit.
3653 4754 3776 4814 ihee

2188 4833 2355 4896 enim,
2396 4849 2556 4902 quam
2592 4833 2849 4901 Dominus
2878 4838 3137 4907 pertulit,
3178 4842 3416 4901 omnium
3469 4847 3640 4915 turpis
3668 4847 3778 4905 ima

2191 4923 2490 4978 habebatur
2518 4941 2533 4978 :
2568 4923 2680 4980 luce
2712 4926 2865 5002 plena
2896 4928 3222 4999 ignominiae,
3255 4933 3369 4991 lure
3393 4937 3773 4991 exsecrabilis:

2190 5012 2498 5070 Maledictns
2526 5015 2668 5070 enim
2693 5057 2709 5082 ,
2742 5017 2956 5087 inquit,
2985 5020 3149 5077 omnis
3168 5063 3185 5087 ,
3226 5022 3310 5091 qui
3340 5025 3521 5093 pendet
3557 5027 3611 5080 in
3639 5026 3778 5098 ligno

2190 5108 2208 5175 (
2236 5105 2390 5163 Deut.
2429 5106 2520 5163 2|.
2548 5106 2618 5162 23
2638 5107 2681 5181 )..
2723 5108 3019 5180 Propterea
3043 5112 3209 5174 etiam
3234 5113 3406 5174 Judaei
3456 5115 3557 5181 hac
3603 5119 3777 5188 ipsum

2192 5207 2366 5254 morte
2400 5198 2621 5259 allicere
2648 5200 3006 5270 studuerunt,
3038 5217 3150 5275 quo
3177 5204 3435 5267 infament
3465 5208 3776 5274 redderent.

2193 5299 2250 5343 ut
2299 5289 2400 5344 nisi
2427 5289 2549 5360 quis
2573 5291 2645 5347 ah
2666 5307 2733 5347 eo
2764 5291 2965 5349 ideirco
3010 5293 3303 5361 deﬁceret,
3332 5298 3477 5375 quod
3522 5315 3562 5358 e
3600 5301 3781 5361 medio

2192 5380 2439 5437 sublatus
2462 5392 2630 5447 esset,
2657 5383 2847 5447 saltem
2876 5385 2997 5441 ideo
3026 5384 3305 5452 deﬁceret,
3330 5387 3473 5458 quod
3495 5390 3575 5445 sie
3601 5392 3782 5453 sublao

2195 5480 2280 5524 tus
2312 5480 2477 5527 esset.
2516 5473 2804 5543 Propterea
2833 5476 2994 5531 etiam
3027 5476 3169 5534 inter
3201 5476 3336 5532 duos
3364 5479 3603 5545 latrones
3631 5482 3781 5544 crevi

2194 5561 2387 5621 ailixus
2420 5573 2528 5632 est,
2560 5574 2617 5621 ut
2642 5565 2832 5627 eadem
2862 5566 2931 5622 de
2958 5567 3096 5637 ipso,
3126 5584 3190 5623 ac
3218 5568 3286 5624 de
3317 5569 3425 5632 illis
3451 5572 3784 5629 existimatio

2194 5666 2339 5712 esset
2381 5674 2396 5724 ;
2442 5671 2609 5735 atque
2648 5659 2963 5729 impleretur
2991 5661 3137 5732 quod
3165 5661 3370 5726 dictum
3419 5673 3504 5723 est
3528 5706 3542 5725 .
3575 5665 3642 5720 Et
3667 5683 3790 5724 runt

2203 5747 2387 5818 iniquis
2417 5762 2673 5821 repandus
2697 5762 2771 5808 est
2809 5753 2827 5819 (
2855 5752 2983 5809 1εαὶ.
3013 5757 3100 5812 55.
3138 5756 3203 5811 li
3227 5756 3269 5824 ).
3301 5753 3411 5810 Sed
3437 5766 3587 5813 tanto
3616 5773 3679 5814 ιιι·
3701 5760 3788 5831 gis
