4170 6560
566 475 676 531 255

550 590 732 643 elucet
760 586 961 642 veritas
987 628 1002 651 ,
1039 593 1190 641 tanto
1215 583 1483 639 illustrior
1505 580 1767 637 redditur.
1798 577 1982 645 Longe
2007 573 2150 629 enim

555 680 840 752 pulchrius
892 691 1050 748 atque
1100 676 1459 731 admiratione
1525 673 1741 743 dignius
1787 665 2159 740 spectaculum

553 782 800 845 apparet,
827 787 951 827 cum
979 780 1058 825 tot
1078 772 1145 824 ab
1169 770 1414 824 hostibus
1439 768 1699 823 adversus
1727 764 1903 835 ipsius
1926 760 2153 833 gloriam

553 870 798 926 artiﬁciis
839 884 903 923 ac
933 864 1199 923 machinis
1229 866 1482 921 adhibitis
1501 907 1518 931 ,
1572 862 1825 932 splendet
1855 871 2033 915 tamen
2063 856 2152 911 illa

554 975 610 1018 et
642 964 811 1033 magis
842 961 1026 1031 fulget.
1070 961 1147 1015 llli
1180 960 1322 1015 enim
1356 975 1460 1012 non
1492 958 1663 1012 solum
1693 954 1835 1026 quod
1867 949 2156 1007 interfece-

558 1065 678 1112 rant
705 1098 716 1120 ,
748 1056 843 1110 sed
872 1054 1035 1111 etiam
1064 1052 1207 1122 quod
1234 1052 1339 1108 hoc
1361 1051 1523 1106 modo
1555 1049 1957 1106 interfecerant.
1993 1045 2155 1099 talem

557 1167 619 1207 se
644 1147 945 1205 reddidisse
978 1147 1255 1216 putabant,
1288 1161 1446 1215 quem
1488 1142 1734 1197 homines
1761 1140 2157 1195 detestarentur

558 1257 623 1297 ac
652 1240 886 1297 maxime
918 1237 1134 1308 quidem
1173 1237 1615 1298 detestarentur;
1668 1248 1769 1286 nec
1797 1242 1975 1285 tamen
2002 1227 2158 1297 quid-

554 1349 721 1404 quam
747 1330 1112 1402 profecerunt.
1142 1330 1309 1384 Erant
1332 1344 1458 1382 vero
1484 1325 1641 1380 ambo
1663 1322 1740 1378 illi
1764 1324 1999 1377 latrones
2024 1317 2159 1372 adeo

557 1423 819 1487 scelesti;
872 1437 994 1476 nam
1042 1429 1228 1491 postea
1266 1419 1406 1473 alter
1454 1425 1692 1471 mutatus
1734 1424 1855 1477 est;
1904 1422 1960 1464 ut
1997 1409 2158 1464 etiam

560 1518 690 1571 dum
718 1514 770 1570 in
797 1528 964 1569 cruce
991 1523 1194 1575 essent,
1227 1512 1278 1564 in
1307 1510 1482 1579 ipsum
1511 1509 1705 1578 probra
1729 1506 1973 1575 jacerent
1997 1543 2011 1566 ,
2042 1500 2162 1553 illo-

562 1624 789 1681 rumqnc
810 1608 1049 1661 furorem
1073 1619 1179 1659 non
1199 1602 1530 1659 conscientia
1554 1614 1774 1655 suorum
1792 1604 2159 1668 peccatorum,

563 1718 670 1757 non
698 1700 1045 1772 supplicium,
1078 1715 1182 1751 non
1213 1695 1456 1765 ejusdem
1492 1707 1666 1763 pinna!
1698 1689 1977 1761 perpessio
2003 1701 2161 1741 coer-

562 1806 712 1852 ceret
742 1812 754 1848 :
784 1793 926 1863 quod
956 1794 1117 1846 etiam
1151 1807 1291 1844 unus
1337 1790 1577 1860 ipsorum
1604 1785 1741 1840 dixit
1765 1826 1781 1848 ,
1826 1783 2162 1847 alterumque

567 1885 830 1951 increpuit
860 1884 945 1937 bis
972 1883 1150 1938 verbis
1176 1900 1189 1935 :
1224 1881 1407 1949 Neque
1433 1889 1487 1933 tu
1524 1880 1666 1932 times
1699 1875 1862 1930 Deum
1884 1916 1899 1941 ,
1945 1871 2083 1942 quod
2110 1872 2167 1924 in

570 1983 742 2035 eadem
765 1978 1096 2031 danumtioue
1125 1993 1298 2029 smnus
1326 1973 1346 2047 (
1377 1974 1502 2027 Luc.
1532 1972 1623 2028 25.
1659 1970 1727 2026 Ill)
1750 1969 1808 2040 )‘l
1839 1968 2009 2022 Tanta
2039 1966 2160 2019 illo—

576 2090 691 2127 rum
735 2072 1079 2141 improbitas.
1122 2068 1229 2124 Sed
1276 2068 1410 2121 nihil
1457 2067 1584 2121 hinc
1629 2060 1938 2119 detrimenti
1994 2056 2164 2129 ipsius

571 2165 756 2231 gloria:
800 2164 1022 2216 allatmn
1064 2170 1147 2215 cst
1202 2177 1215 2212 :
1264 2157 1616 2229 quamobrem
1660 2154 1833 2225 inquit
1878 2170 1891 2206 :
1940 2150 2002 2205 Et
2031 2150 2165 2204 Datus

564 2258 805 2311 «saltavit
834 2256 979 2309 illuni
1007 2298 1021 2321 ,
1054 2264 1097 2309 ct
1123 2253 1329 2307 donavit
1356 2253 1441 2307 illi
1464 2267 1657 2306 nomen
1677 2290 1692 2316 ,
1741 2247 1891 2317 quod’
1906 2256 1979 2301 est
2010 2261 2166 2315 super

563 2367 715 2406 omne
742 2366 945 2403 nomen.

640 2442 694 2497 4.
727 2440 1018 2510 Postquam
1066 2438 1267 2493 Paulus
1309 2437 1491 2492 carnis
1537 2436 1868 2491 mentionem
1914 2431 2165 2497 induxit,

569 2535 802 2590 ﬁdenter
829 2533 1087 2603 deinceps
1120 2532 1305 2586 omnia
1330 2531 1417 2585 illa
1445 2535 1880 2593 commemorat,
1919 2540 2041 2596 qua:
2071 2524 2169 2578 hu-

570 2626 854 2679 militatem
901 2623 1160 2678 indicant.
1206 2623 1509 2691 Antequam
1537 2619 1681 2674 enim
1709 2618 1915 2672 diceret
1943 2615 2170 2671 formam

569 2717 713 2771 servi
738 2716 1057 2784 sumpsisse,
1076 2724 1128 2769 et
1149 2712 1218 2766 de
1239 2711 1517 2766 divinitate
1535 2711 1847 2774 dissereret,
1868 2706 1987 2761 vide
2011 2722 2170 2777 quam

570 2809 822 2864 excelse:
852 2807 1087 2868 excelse,
1114 2807 1351 2874 inquam,
1380 2818 1478 2874 pro
1500 2802 1737 2866 viribus;
1763 2816 1885 2855 nam
1913 2799 2055 2853 illius
2091 2797 2175 2852 die

570 2902 839 2971 gnitatem
865 2914 972 2953 non
1006 2899 1338 2967 assequitur;
1376 2896 1595 2950 minime
1625 2895 1769 2950 enim
1809 2903 1981 2964 potest
2010 2891 2174 2946 :‘Cum

573 2995 630 3045 in
658 2995 824 3063 forma
852 2990 951 3043 Dei
984 3000 1131 3056 esset,
1160 2990 1353 3057 inquit,
1383 3005 1484 3041 nou
1510 2988 1748 3057 rapinam
1784 2985 2059 3038 albitratus
2101 2992 2175 3037 est

573 3102 682 3139 esse
706 3100 761 3139 se
778 3084 1027 3155 aqualem
1052 3083 1156 3136 Deo
1174 3096 1193 3135 :
1220 3092 1273 3136 at
1293 3089 1579 3151 postquam
1601 3079 1735 3132 dixit
1758 3077 2033 3133 hominem
2056 3090 2177 3131 esse

576 3181 775 3233 hctum
804 3220 820 3246 ,
854 3178 1082 3232 ﬁdenter
1109 3176 1309 3231 deinde
1349 3191 1468 3244 quae
1499 3171 1725 3227 humilia
1775 3178 1901 3225 sunt
1930 3168 2133 3241 profert
2159 3210 2174 3233 ,

578 3276 679 3327 hoc
699 3273 886 3337 fretus,
910 3272 1117 3326 nullum
1139 3268 1405 3324 divinitati
1428 3268 1682 3322 damnum
1704 3264 2006 3336 importari,
2031 3263 2184 3334 quotl'

580 3365 799 3418 humilia
827 3364 895 3418 de
923 3363 1089 3433 ipsius
1113 3376 1276 3417 carne
1302 3367 1796 3415 commemorantur
1820 3399 1834 3423 ,
1872 3357 1968 3411 ista
2001 3356 2174 3410 susci-

582 3458 780 3526 piente.
827 3455 1050 3525 Propter
1075 3453 1211 3525 quod
1236 3462 1283 3507 et
1314 3452 1448 3506 Deus
1469 3452 1709 3506 exultavit
1736 3449 1905 3517 illum,
1937 3460 1987 3502 et
2010 3448 2173 3501 dona-

576 3552 647 3603 tit
673 3549 751 3603 illi
782 3566 964 3603 nomen
993 3588 1010 3613 ,
1041 3548 1178 3618 quod
1204 3555 1279 3600 est
1304 3562 1459 3616 super
1487 3561 1643 3598 omne
1664 3560 1848 3596 nomen
1868 3584 1882 3609 ,
1915 3554 1971 3596 tu
1998 3543 2054 3594 in
2082 3558 2177 3595 no-

578 3643 716 3697 mine
742 3639 864 3695 Jesu
887 3657 1037 3695 omne
1059 3656 1190 3711 genu
1210 3640 1466 3709 ﬂectatur,
1498 3636 1773 3691 calcstium
1799 3645 1844 3689 et
1868 3634 2180 3689 terrestrium

575 3745 625 3786 rt
652 3736 996 3804 infernarum,
1030 3742 1078 3785 et
1108 3731 1277 3785 onmis
1300 3729 1477 3801 lingua
1509 3729 1835 3797 conﬁteatur,
1860 3728 1977 3798 quia
1998 3725 2181 3780 Domi-

578 3844 675 3881 nus
699 3824 931 3882 Christus
959 3825 1112 3878 Jesus
1144 3824 1197 3877 in
1222 3823 1438 3893 gloriam
1464 3821 1562 3876 Dei
1592 3820 1785 3874 Patris.
1816 3820 2062 3873 Dicamus
2088 3817 2185 3873 ad-

579 3935 771 3973 versus
795 3918 1079 3973 hazrcticos
1101 3936 1112 3970 :
1135 3917 1191 3972 Si
1211 3916 1325 3971 ἠως
1347 3915 1415 3971 de
1432 3930 1536 3969 non
1557 3914 1834 3969 incarnato
1860 3912 2179 3978 allen-untur,

577 4014 626 4066 si
650 4012 718 4066 dc
745 4010 858 4066 Deo
885 4009 1081 4074 Verbo,
1115 4008 1387 4080 quomodo
1410 4009 1582 4077 ipsum
1610 4006 1906 4062 exaltavit?
1933 4022 2000 4059 an
2026 4004 2184 4076 quasi

581 4104 705 4174 pius
753 4101 955 4172 aliquid
987 4103 1034 4156 ei
1063 4101 1319 4155 dederit?
1370 4101 1510 4170 Ergo
1541 4099 1641 4153 hac
1682 4097 1900 4170 quidem
1933 4114 1997 4152 ex
2031 4106 2185 4167 parte

587 4194 937 4265 imperfectus
968 4202 1117 4260 erat,
1150 4204 1204 4248 et
1236 4203 1456 4264 propter
1484 4206 1582 4246 nos
1627 4192 1858 4245 obtinuit
1888 4190 2183 4260 perfectio-

581 4306 732 4344 nem.
794 4289 1002 4343 litenim
1052 4288 1153 4342 nisi
1214 4286 1368 4342 nobis
1424 4283 1813 4348 bcnefecisset,
1853 4300 1958 4339 non
2014 4284 2187 4338 hono~

581 4400 699 4438 rem
747 4383 906 4436 istmn
953 4390 1096 4436 esset
1136 4396 1244 4435 con
1272 4388 1524 4449 eqtmtus.
1581 4378 1649 4431 Et
1680 4379 1925 4444 latravit,
1972 4379 2183 4449 inquit,

579 4491 790 4528 nornen.
828 4473 965 4527 Ecce
989 4488 1056 4528 ne
1087 4488 1281 4526 nomen
1305 4469 1520 4541 quidem
1547 4511 1561 4535 ,
1594 4480 1851 4542 quantum
1878 4480 2055 4525 vestra
2084 4472 2187 4525 l'ert

578 4567 788 4634 opinio,
825 4564 1074 4619 habebat.
1118 4564 1401 4633 Quomodo
1428 4577 1591 4627 vero,
1626 4563 1670 4617 si
1702 4563 1755 4617 id
1784 4562 1932 4634 quod
1957 4563 2059 4617 sibi
2086 4562 2184 4618 de-

579 4660 814 4714 bebatur
843 4659 1069 4728 accepit,
1091 4674 1158 4712 ex
1203 4658 1346 4712 dono
1382 4666 1437 4712 et
1465 4658 1633 4728 gratia
1678 4657 1955 4727 accepisse
2008 4656 2188 4711 tuebi-

579 4769 707 4807 Innr
731 4769 745 4815 ;
774 4762 826 4807 et
865 4750 1084 4814 Nomen,
1115 4750 1250 4820 quod
1275 4760 1348 4804 est
1372 4766 1524 4820 super
1550 4767 1698 4804 omne
1722 4766 1907 4803 nomen
1927 4750 1957 4803 ?
1985 4749 2180 4804 Verum

579 4854 639 4895 et
667 4844 826 4912 quale
856 4842 927 4897 sit
979 4842 1119 4896 istud
1164 4856 1359 4897 nomen
1386 4882 1400 4906 ,
1455 4841 1752 4898 videamus.
1796 4839 1868 4896 Ut
1898 4842 1952 4895 in
1983 4843 2185 4897 nomine

575 4933 711 4988 Iesu
740 4932 927 4987 Christi
952 4974 967 4998 ,
998 4933 1190 5002 inquit,
1223 4949 1370 4986 omne
1395 4949 1527 5002 genu
1556 4934 1810 5002 flectatur.
1854 4932 2064 4988 Nomen
2094 4935 2184 4988 isti

578 5026 810 5095 gloriam
863 5026 1308 5095 interpretantur.
1371 5024 1498 5079 llzec
1542 5024 1704 5092 igitur
1744 5024 1913 5094 gloria
1964 5040 2183 5078 onmem

578 5115 809 5184 gloriam
832 5126 1052 5184 superat
1077 5132 1090 5166 :
1111 5114 1278 5185 gloria
1300 5124 1501 5177 autem,
1527 5114 1793 5185 inquiunt,
1827 5115 2047 5169 omnino
2071 5114 2187 5169 ba-c

580 5217 704 5267 est.
740 5206 889 5261 illum
922 5222 1117 5276 nempe
1146 5206 1396 5260 adorare.
1431 5205 1616 5276 Longe
1643 5206 1843 5260 abestis
1874 5222 1902 5259 a
1940 5206 2033 5262 Dei
2066 5221 2184 5259 ma-

577 5298 865 5367 gnitudine
886 5342 899 5360 ,
933 5314 1030 5352 vos
1055 5298 1144 5368 qui
1178 5298 1343 5353 Demn
1375 5314 1534 5353 nosse
1566 5300 1767 5369 putatis
1790 5341 1804 5365 ,
1860 5308 1918 5353 ut
1950 5300 2065 5369 ipse.
2095 5315 2184 5354 se-

580 5392 762 5459 ipsntn
796 5391 964 5445 novit.
998 5389 1159 5461 Atqui
1189 5390 1270 5444 vel
1296 5390 1434 5444 istud
1463 5391 1594 5445 satis
1622 5390 1840 5455 indit-at,
1871 5401 2127 5461 quantum
2154 5408 2184 5446 a

581 5492 733 5539 secta
762 5483 829 5536 de
875 5484 984 5537 Deo
1013 5482 1281 5538 sententia
1322 5483 1508 5537 absitis
1540 5500 1555 5538 :
1585 5493 1839 5537 ca-terum
1873 5483 1974 5538 hoc
2021 5484 2184 5539 etiam

582 5575 866 5630 indicabit.
910 5574 1054 5639 llarc,
1089 5574 1175 5628 dic
1197 5575 1326 5628 mihi
1350 5617 1365 5639 ,
1395 5576 1565 5645 gloria
1586 5575 1710 5630 est?
1738 5575 1880 5645 Ergo
1900 5586 2184 5648 antequam

585 5666 838 5722 homines
883 5665 1006 5723 facti
1036 5676 1261 5733 essent,
1306 5677 1590 5737 antequam
1638 5669 1852 5737 angeli,
1899 5681 2187 5739 antequam

583 5756 940 5829 archangeli,
992 5775 1100 5812 non
1128 5768 1263 5813 erat
1314 5759 1590 5829 ingloria.
1632 5759 1845 5815 Etenim
1890 5762 1933 5816 si
1981 5762 2094 5817 inec
2124 5779 2186 5818 ea

582 5848 757 5917 gloria
789 5857 871 5902 est
897 5891 911 5909 .
942 5866 1062 5918 qme
1093 5858 1311 5920 supcrat
1360 5867 1575 5905 onmem
1606 5851 1830 5923 gloriam
1856 5869 1870 5919 ;
1914 5852 2015 5908 hoc
2042 5855 2186 5911 enim

580 5938 894 6010 signiﬁcant
924 5941 1012 5997 illa
1044 5944 1205 6000 verba
1226 5986 1239 6011 ,
1274 5944 1427 6010 Quod
1452 5954 1523 5999 est
1577 5960 1729 6016 super
1769 5963 1916 6001 omne
1962 5965 2186 6015 nomen;

1445 469 1511 526 IN
1553 466 1769 528 EI’IS'I'.
1814 466 1903 519 AD
1944 461 2230 518 l‘lllLlPP.
2262 459 2418 516 CAP.
2462 457 2520 515 ll.
2568 458 2800 517 llOMlL.
2847 461 2957 517 γη.

3752 453 3858 514 Ξὸἱ

2261 583 2407 628 certe
2427 573 2638 629 tametsi
2663 575 2720 629 in
2738 574 2907 645 gloria
2934 583 3070 642 erat,
3096 582 3150 629 at
3170 573 3360 631 saltem
3384 574 3436 629 in
3462 575 3670 629 minore
3697 591 3854 645 qua-n

2264 680 2405 718 nunc
2434 666 2525 719 sit.
2572 666 2684 720 llnc
2714 667 2875 737 igitur
2902 675 3176 737 spectans,
3208 677 3261 722 et
3287 668 3357 721 ob
3382 669 3522 722 hanc
3550 683 3767 722 causam
3797 677 3858 722 ut

2263 757 2485 827 gloriam
2515 768 2914 829 assequeretur,
2930 759 3106 814 omnia
3138 758 3400 825 condidit,
3426 775 3532 813 non
3550 768 3727 813 autem
3757 759 3859 815 bow

2265 847 2432 903 nitate
2460 848 2741 917 adductus,
2764 851 2859 907 sed
2893 851 3102 922 indigus
3126 851 3333 922 glorize,
3356 869 3475 923 qua:
3497 868 3526 906 a
3556 853 3711 908 nobis
3739 868 3860 922 pro-

2267 941 2638 997 ﬁcisceretur?
2665 944 2868 1000 Videtis
2912 946 3241 1001 amentiam?
3268 947 3456 1002 videtis
3484 946 3862 1017 impietatem?

2266 1036 2450 1105 Itaque
2481 1036 2525 1090 si
2561 1036 2675 1090 haec
2702 1036 2769 1092 de
2810 1038 3087 1092 incarnato
3114 1039 3378 1100 dicerent.
3414 1050 3560 1095 recte
3589 1040 3860 1097 dicerent;

2265 1126 2391 1181 sinit
2419 1126 2561 1181 enim
2612 1127 2754 1183 Deus
2798 1128 3030 1184 Verbum
3078 1130 3161 1186 de-
3195 1147 3357 1187 carne
3404 1131 3520 1187 haec
3557 1132 3701 1198 dici;
3752 1150 3860 1186 non

2267 1221 2412 1275 enim
2439 1221 2675 1275 divinam
2720 1232 2965 1278 naturam
2998 1234 3258 1294 tangunt,
3293 1225 3597 1281 sed’omnia
3630 1226 3681 1280 in
3711 1242 3859 1281 teco-

2268 1315 2468 1380 nomia,
2498 1315 2549 1370 id
2578 1326 2660 1370 est
2690 1317 2747 1370 in
2773 1328 3047 1387 assumpta
3073 1317 3404 1373 humanitate
3434 1319 3641 1374 haerent
3672 1337 3685 1373 :
3720 1336 3863 1374 nunc

2268 1420 2397 1460 vero
2414 1407 2479 1460 ad
2506 1406 2760 1463 deitatem
2789 1410 2886 1464 iSta
2912 1410 3143 1479 maligne
3162 1410 3697 1467 accommod‘antibus
3720 1414 3866 1468 nulla

2268 1507 2513 1567 superest
2541 1502 2713 1554 venia.
2746 1501 3110 1569 Quamobrem
3134 1544 3148 1566 ,
3199 1502 3244 1557 si
3293 1502 3508 1573 quando
3535 1502 3852 1570 dixerimus,

2271 1590 2553 1646 Hominem
2594 1594 2741 1648 Deus
2773 1594 2911 1649 locit'
2946 1595 3303 1652 immortalem
3332 1639 3348 1663 ,
3400 1598 3611 1652 etiamsi
3639 1598 3708 1654 de
3752 1607 3867 1653 toto

2268 1681 2489 1751 dicam,
2515 1684 2641 1754 quid
2673 1685 2846 1741 dicam
2893 1687 3024 1742 scio.
3067 1687 3374 1756 Quid‘vero
3428 1689 3514 1744 illa
3557 1691 3659 1746 sibi
3705 1691 3868 1746 verba

2271 1773 2478 1839 volunt,
2509 1776 2796 1831 Caelestium
2819 1787 2875 1831 et
2892 1781 3202 1834 terrestrium
3231 1790 3278 1834 et
3307 1781 3665 1850 infernarum?
3681 1782 3737 1838 Id
3759 1794 3868 1852 est,

2271 1866 2449 1921 onmis
2480 1868 2711 1922 mundus
2736 1910 2751 1935 ,
2799 1879 2867 1925 et'
2884 1871 3056 1941 angeli
3086 1881 3141 1926 et
3194 1871 3440 1928 homines
3470 1886 3523 1929 et
3550 1873 3827 1932 dtemoues
3855 1896 3868 1929 :

2272 1956 2355 2009 vel
2390 1956 2491 2011 hoc
2522 1959 2822 2027 signiﬁcat,
2873 1969 2941 2015 et‘
2963 1962 3095 2031 justi
3127 1970 3181 2017 et
3220 1972 3553 2033 peccatores.
3599 1965 3665 2020 Et
3702 1969 3868 2023 omnis

2272 2048 2449 2117 lhigna
2497 2052 2800 2118 con/iteratur
2826 2095 2839 2118 ,
2889 2054 3009 2125 quia
3056 2052 3309 2109 Dominus
3352 2056 3503 2111 Iesus
3543 2057 3775 2114 Christus
3820 2062 3874 2114 in

2272 2142 2490 2221 gloriam
2520 2141 2616 2196 Dei
2651 2143 2841 2198 Putris.
2892 2145 3086 2209 Id'est',
3121 2150 3530 2205 ut‘omncs‘boc
3561 2154 3739 2207 dicant
3772 2172 3785 2209 :
3817 2154 3873 2208 ιιι

2276 2236 2614 2305 vemgloria
2662 2238 2836 2294 Patris
2880 2249 2982 2294 est.
3044 2240 3204 2296 Vlidcs
3255 2243 3491 2313 ubique,
3539 2261 3660 2300 cum
3707 2248 3877 2303 Filius

2272 2326 2604 2397 glorilieatur
2627 2372 2641 2395 ,
2674 2332 2962 2401 gloriﬁcari
3017 2333 3276 2390 Patrem?
3314 2336 3501 2393 itidem
3535 2354 3664 2395 vero
3709 2341 3879 2398 dede-

2275 2429 2469 2475 corato
2502 2421 2636 2476 Filio
2661 2423 3018 2480 dedecorator
3053 2426 3215 2482 etiam
3263 2428 3443 2486 Pater.
3476 2430 3609 2486 Nam
3656 2434 3700 2489 si
3732 2438 3871 2505 apud

2278 2528 2375 2566 nos
2407 2512 2508 2569 hoc
2540 2515 2635 2582 ﬁt,
2686 2516 2775 2571 ubi
2804 2518 2941 2572 inter
2974 2528 3178 2587 patrem
3210 2530 3263 2575 et
3294 2520 3433 2576 ﬁlios
3462 2524 3688 2579 multum
3727 2527 3867 2581 inte-

2278 2618 2420 2672 rest;
2451 2610 2621 2663 multo
2650 2612 2819 2681 magis
2848 2613 2898 2665 in
2936 2612 3046 2667 Deo
3075 2655 3085 2676 .
3117 2614 3204 2669 ubi
3236 2615 3365 2669 nihil
3397 2616 3727 2673 discriminis
3748 2661 3762 2685 ,
3816 2621 3867 2675 in

2280 2701 2454 2771 ipsum
2484 2712 2538 2757 et
2572 2703 2743 2759 honor
2767 2715 2821 2761 et
2845 2706 3082 2762 dedecus
3114 2708 3451 2764 redundabit.
3477 2711 3608 2765 Nam
3636 2712 3681 2767 si
3707 2715 3878 2779 orbis,

2280 2795 2455 2866 iarpiit
2477 2838 2491 2861 ,
2529 2796 2685 2852 luerit
2716 2799 2987 2869 subjectus
3016 2800 3153 2856 Filio
3179 2843 3195 2869 ,
3228 2801 3329 2858 hoc
3369 2804 3536 2875 gloria
3567 2816 3650 2861 est
3681 2808 3875 2865 Patris.

2283 2888 2423 2957 lirgo
2453 2899 2507 2944 et
2533 2905 2654 2945 cum
2683 2890 2909 2947 dicimus
2938 2908 3059 2948 eSse
3091 2896 3383 2964 perlectum
3409 2938 3423 2962 ,
3479 2914 3583 2953 non
3631 2902 3876 2972 indigen-

2284 2988 2389 3034 tem
2416 3021 2430 3047 ,
2468 2981 2634 3036 nihilo
2674 2985 2939 3039 minorem
2974 2985 3171 3051 Patro,
3226 2987 3342 3043 base
3368 2988 3536 3059 gloria
3571 2990 3746 3046 Patris
3773 3002 3876 3048 est.

2286 3073 2399 3129 lloc
2426 3083 2490 3131 et
2510 3077 2763 3146 potentia:
2791 3078 2959 3147 ipsius
2988 3082 3521 3150 magnnmindicium
3548 3094 3601 3138 et
3630 3084 3882 3142 bonitatis

2284 3180 2343 3223 et
2367 3169 2644 3239 sapientiae
2669 3214 2685 3238 ,
2716 3172 2857 3242 quod
2892 3173 3083 3228 Filium
3113 3177 3270 3231 talem
3302 3179 3503 3246 genitit',
3536 3180 3678 3249 quod
3713 3182 3881 3235 nihilo

2286 3261 2571 3326 minorem,
2606 3279 2779 3331 neque
2800 3265 2945 3334 quod
2971 3267 3043 3321 ad
3067 3267 3358 3323 bonitatem
3391 3311 3405 3334 ,
3443 3287 3615 3342 neque
3645 3274 3795 3343 quod
3815 3278 3888 3328 adi

2284 3353 2603 3421 sapientiam
2658 3356 2850 3411 attinet
2911 3358 3043 3412 Cum
3075 3361 3371 3429 sapientem
3404 3378 3524 3417 esse
3553 3363 3675 3419 dico
3705 3374 3762 3419 ut
3793 3366 3884 3421 Pa-

2288 3453 2446 3510 trem,
2475 3455 2535 3499 et
2551 3446 2717 3500 nihilo
2740 3452 3026 3515 minorem,
3054 3451 3152 3504 hoe
3180 3467 3387 3522 magna:
3410 3454 3580 3510 Patris
3607 3458 3885 3527 sapientia:

2290 3537 2555 3592 indicium
2589 3549 2719 3595 est‘:
2751 3544 3022 3598 cum-dico
3053 3554 3326 3614 potentem
3357 3564 3660 3618 mqne‘esse
3686 3568 3751 3607 ac
3777 3553 3881 3608 Pa-

2290 3639 2424 3686 trem
2453 3674 2467 3699 ,
2504 3631 2603 3688 hoc
2633 3638 2885 3704 potentiae
2933 3638 3107 3695 Patris
3138 3639 3394 3695 indicium
3437 3652 3557 3698 est:
3592 3660 3717 3699 cum
3761 3646 3891 3702 dico

2288 3722 2490 3779 bonum
2521 3740 2638 3781 esse
2671 3728 2796 3781 item
2829 3737 2886 3783 ut
2917 3728 3150 3797 Patrem,
3181 3729 3284 3786 lioc
3319 3732 3571 3789 bonitatis
3599 3751 3888 3807 argumew

2292 3823 2403 3871 tum
2436 3818 2732 3873 maximum
2757 3862 2773 3887 ,
2802 3820 2892 3891 qui
2924 3821 3082 3876 talem
3122 3824 3414 3893 genuerit,
3440 3840 3499 3881 se
3527 3842 3633 3881 non
3667 3827 3889 3883 inferio-

2292 3926 2405 3965 rem
2438 3926 2612 3981 neque
2642 3913 2940 3980 minorem,
2980 3916 3074 3985 qui
3122 3933 3456 3988 nequaquam
3488 3918 3606 3991 ipso
3646 3922 3716 3976 sit
3755 3921 3891 3977 infe-

2291 4002 2422 4067 rior,
2458 4019 2796 4076 nequaquam
2827 4006 3003 4061 minor
3032 4016 3193 4079 atque
3217 4010 3429 4081 indigus
3449 4030 3459 4068 :
3482 4027 3605 4069 cum
3634 4013 3756 4070 dico
3782 4033 3887 4071 non

2291 4109 2414 4151 esse
2445 4096 2710 4153 minorem
2742 4098 3040 4154 secundum
3068 4101 3360 4156 essentiam
3386 4142 3401 4167 ,
3447 4103 3541 4159 sed
3584 4106 3846 4174 :equalem
3868 4150 3882 4171 ,

2293 4203 2469 4255 neque
2506 4189 2727 4243 alterius
2767 4204 2889 4246 esse
2932 4191 3248 4246 substantiae
3280 4210 3294 4245 :
3325 4192 3449 4249 hinc
3494 4196 3656 4250 etiam
3701 4213 3891 4254 rursus

2294 4277 2461 4334 Deum
2504 4282 2802 4337 mirabilem
2856 4283 3122 4353 praedico,
3172 4294 3227 4339 et
3281 4285 3573 4353 potentiam
3622 4289 3788 4358 ipsius
3832 4300 3888 4347 et

2295 4374 2589 4431 bonitatem
2615 4384 2668 4429 et
2700 4376 3043 4446 sapientiam,
3072 4376 3161 4447 qui
3196 4377 3358 4433 alium
3382 4396 3450 4435 ex
3472 4398 3531 4436 se
3561 4385 3716 4439 nobis
3741 4386 3886 4457 ejus~

2294 4467 2437 4522 modi
2472 4468 2793 4537 prompserit
2818 4509 2835 4535 ,
2870 4466 2971 4523 hoc
3000 4480 3247 4539 excepto,
3272 4472 3413 4541 quod
3447 4473 3606 4530 Pater
3636 4494 3743 4532 non
3775 4492 3879 4536 est.

2292 4560 2693 4627 Quamobrem,
2742 4576 3098 4632 quaecumque
3138 4564 3206 4619 de
3251 4562 3390 4620 Filio
3434 4583 3624 4640 magna
3654 4571 3843 4627 dixero
3874 4621 3888 4639 ,

2293 4654 2472 4708 omnia
2505 4653 2621 4709 hzrc
2649 4655 2701 4708 in
2735 4654 2948 4710 Patrem
2979 4656 3378 4713 redundabant.
3408 4659 3537 4714 Nam
3566 4664 3609 4717 si
3639 4665 3890 4736 exiguum

2294 4745 2435 4801 istud
2476 4761 2541 4802 ac
2566 4747 2725 4813 leve;
2754 4748 3007 4819 exiguum
3051 4750 3193 4803 enim
3220 4749 3291 4803 ad
3327 4751 3416 4805 Dei
3445 4752 3673 4823 gloriam
3709 4767 3791 4812 est
3816 4800 3828 4823 ,
3863 4778 3891 4812 a

2294 4841 2496 4897 mundo
2520 4842 2666 4895 illum
2688 4840 2936 4905 adorari;
2958 4843 3023 4895 ad
3046 4842 3272 4912 gloriam
3296 4843 3389 4899 Dei
3414 4846 3666 4917 pertinet,
3690 4864 3892 4920 qllalttu

2295 4936 2465 5009 magis
2488 4936 2691 5007 reliqua
2718 4936 2897 4990 omnia
2926 4936 2950 4989 ?

2366 5031 2418 5085 5.
2458 5029 2719 5085 Christum
2746 5045 2846 5082 non
2875 5044 2986 5083 rere
3006 5029 3219 5082 colimus
3246 5029 3348 5084 nisi
3367 5030 3641 5087 imitentur.
3674 5033 3893 5091 Humili-

2295 5132 2372 5176 tas
2399 5121 2700 5176 Christianis
2739 5119 2998 5189 competit.
3020 5148 3093 5158 —-
3113 5119 3409 5176 Credamus
3436 5122 3596 5193 igitur
3623 5124 3689 5178 ad
3724 5126 3892 5196 ipsius

2292 5214 2517 5283 gloriam
2540 5254 2555 5276 .
2580 5221 2633 5265 et
2656 5210 2897 5265 vivamus
2916 5210 2983 5263 ad
3010 5209 3178 5280 ipsius
3204 5211 3428 5282 gloriam
3462 5231 3475 5267 :
3504 5214 3727 5271 alterius
3750 5219 3891 5273 enim

2296 5308 2412 5362 sine
2460 5304 2631 5358 altero
2680 5303 2826 5357 nulla
2877 5303 3102 5358 utilitas.
3153 5304 3320 5372 Nam,
3378 5321 3501 5361 cum
3550 5308 3697 5364 illum
3746 5322 3895 5368 recte

2295 5398 2511 5469 quidem
2555 5394 2956 5467 gloriﬁcamus,
3003 5396 3097 5452 sed
3142 5412 3248 5451 non
3294 5408 3443 5454 recte
3471 5399 3730 5470 vivimus,
3766 5415 3893 5461 tunc

2299 5490 2532 5545 maxime
2561 5487 2613 5542 in
2657 5488 2830 5557 ipsum
2871 5488 3249 5544 contumeliosi
3293 5505 3515 5558 sumus,
3555 5494 3754 5565 quippe
3800 5501 3895 5569 qui

2297 5584 2446 5638 illum
2492 5581 2775 5637 Dominum
2815 5596 2879 5636 ac
2919 5581 3227 5652 Magistrum
3276 5581 3629 5653 proﬁtentes,
3684 5588 3884 5645 nihilo-

2297 5676 2474 5732 minus
2503 5691 2625 5731 eum
2667 5674 3096 5743 contemnimus,
3145 5691 3244 5731 nec
3273 5678 3511 5734 terribile
3557 5680 3685 5736 illud
3722 5685 3889 5739 tribu-

2298 5770 2384 5823 nal
2414 5769 2865 5839 pertimescimus.
2914 5767 3125 5823 Etenim
3170 5768 3390 5826 Grzncos
3428 5772 3646 5846 quidem
3679 5775 3887 5846 impure

2298 5861 2508 5927 vivere,
2551 5875 2725 5932 neque
2763 5859 3064 5915 mirandum
3108 5870 3225 5926 cst,
3273 5879 3445 5934 neque
3477 5873 3627 5919 tanto
3665 5865 3883 5936 dignum

2298 5949 2564 6021 supplicio
2609 5966 2622 6004 :
2667 5956 2721 6003 at
2773 5945 3111 6005 Christianos
3173 5955 3445 6006 tantorum
3514 5952 3903 6016 mysteriorum
