  <div class='ocr_page' id='page_1' title='image "/cluster/home/n/w/nwhite01/storage/ocr_20150623/62:no.11/coo.31924054869627/241.png"; bbox 0 0 4170 6498; ppageno 0'>
   <div class='ocr_carea' id='block_1_1' title="bbox 343 513 1927 613">
    <p class='ocr_par' dir='ltr' id='par_1_1' title="bbox 343 513 1927 613">
     <span class='ocr_line' id='line_1_1' title="bbox 343 513 1927 613; baseline -0.018 -18"><span class='ocrx_word' id='word_1_1' title='bbox 343 536 664 613; x_wconf 83' lang='lat' dir='ltr'><strong>participes,</strong></span> <span class='ocrx_word' id='word_1_2' title='bbox 706 536 972 598; x_wconf 69' lang='lat' dir='ltr'><strong>tatttzrque</strong></span> <span class='ocrx_word' id='word_1_3' title='bbox 1017 517 1202 596; x_wconf 72' lang='lat' dir='ltr'><strong>gloria:</strong></span> <span class='ocrx_word' id='word_1_4' title='bbox 1245 524 1557 589; x_wconf 84' lang='lat' dir='ltr'><strong>compotes,</strong></span> <span class='ocrx_word' id='word_1_5' title='bbox 1587 513 1722 572; x_wconf 89' lang='lat' dir='ltr'><strong>adeo</strong></span> <span class='ocrx_word' id='word_1_6' title='bbox 1750 515 1927 584; x_wconf 85' lang='lat' dir='ltr'><strong>impu—</strong></span> 
     </span>
    </p>
   </div>
   <div class='ocr_carea' id='block_1_2' title="bbox 343 613 1935 689">
    <p class='ocr_par' dir='ltr' id='par_1_2' title="bbox 343 613 1935 689">
     <span class='ocr_line' id='line_1_2' title="bbox 343 613 1935 689; baseline -0.018 0"><span class='ocrx_word' id='word_1_7' title='bbox 343 645 462 689; x_wconf 84' lang='lat' dir='ltr'><strong>ram</strong></span> <span class='ocrx_word' id='word_1_8' title='bbox 493 629 655 684; x_wconf 81' lang='lat' dir='ltr'><strong>vitam</strong></span> <span class='ocrx_word' id='word_1_9' title='bbox 683 624 864 679; x_wconf 86' lang='lat' dir='ltr'><strong>vivere</strong></span> <span class='ocrx_word' id='word_1_10' title='bbox 883 661 899 686; x_wconf 92' lang='lat'><strong>,</strong></span> <span class='ocrx_word' id='word_1_11' title='bbox 948 619 1050 673; x_wconf 92' lang='lat' dir='ltr'><strong>hoc</strong></span> <span class='ocrx_word' id='word_1_12' title='bbox 1075 623 1188 680; x_wconf 80' lang='lat' dir='ltr'><strong>est,</strong></span> <span class='ocrx_word' id='word_1_13' title='bbox 1231 613 1375 684; x_wconf 88' lang='lat' dir='ltr'><strong>quod</strong></span> <span class='ocrx_word' id='word_1_14' title='bbox 1402 624 1616 665; x_wconf 88' lang='lat' dir='ltr'><strong>omnem</strong></span> <span class='ocrx_word' id='word_1_15' title='bbox 1644 613 1935 678; x_wconf 69' lang='lat' dir='ltr'><strong>exsuperat</strong></span> 
     </span>
    </p>
   </div>
   <div class='ocr_carea' id='block_1_3' title="bbox 345 698 1932 798">
    <p class='ocr_par' dir='ltr' id='par_1_3' title="bbox 345 698 1932 798">
     <span class='ocr_line' id='line_1_3' title="bbox 345 698 1932 798; baseline -0.017 -21"><span class='ocrx_word' id='word_1_16' title='bbox 345 719 782 791; x_wconf 87' lang='lat' dir='ltr'><strong>improbitatem,</strong></span> <span class='ocrx_word' id='word_1_17' title='bbox 832 712 1084 780; x_wconf 87' lang='lat' dir='ltr'><strong>nulloque</strong></span> <span class='ocrx_word' id='word_1_18' title='bbox 1129 716 1284 777; x_wconf 82' lang='lat' dir='ltr'><strong>pacto</strong></span> <span class='ocrx_word' id='word_1_19' title='bbox 1316 702 1618 798; x_wconf 75' lang='lat' dir='ltr'><strong>ferendum.</strong></span> <span class='ocrx_word' id='word_1_20' title='bbox 1644 699 1750 798; x_wconf 53' lang='lat' dir='ltr'><strong>_Dic</strong></span> <span class='ocrx_word' id='word_1_21' title='bbox 1786 698 1932 798; x_wconf 67' lang='lat' dir='ltr'><strong>enim</strong></span> 
     </span>
    </p>
   </div>
   <div class='ocr_carea' id='block_1_4' title="bbox 347 785 1933 871">
    <p class='ocr_par' dir='ltr' id='par_1_4' title="bbox 347 785 1933 871">
     <span class='ocr_line' id='line_1_4' title="bbox 347 785 1933 871; baseline -0.018 -3"><span class='ocrx_word' id='word_1_22' title='bbox 347 785 477 868; x_wconf 80' lang='lat' dir='ltr'><strong>mihi</strong></span> <span class='ocrx_word' id='word_1_23' title='bbox 552 807 796 863; x_wconf 76' lang='lat' dir='ltr'><strong>Christus</strong></span> <span class='ocrx_word' id='word_1_24' title='bbox 822 817 992 871; x_wconf 86' lang='lat' dir='ltr'><strong>usque</strong></span> <span class='ocrx_word' id='word_1_25' title='bbox 1042 798 1106 852; x_wconf 86' lang='lat' dir='ltr'><strong>ad</strong></span> <span class='ocrx_word' id='word_1_26' title='bbox 1155 798 1336 852; x_wconf 91' lang='lat' dir='ltr'><strong>ultima</strong></span> <span class='ocrx_word' id='word_1_27' title='bbox 1385 791 1708 849; x_wconf 71' lang='lat' dir='ltr'><strong>obedientiat</strong></span> <span class='ocrx_word' id='word_1_28' title='bbox 1755 787 1933 842; x_wconf 81' lang='lat' dir='ltr'><strong>officia</strong></span> 
     </span>
    </p>
   </div>
   <div class='ocr_carea' id='block_1_5' title="bbox 346 880 1936 967">
    <p class='ocr_par' dir='ltr' id='par_1_5' title="bbox 346 880 1936 967">
     <span class='ocr_line' id='line_1_5' title="bbox 346 880 1936 967; baseline -0.016 -9"><span class='ocrx_word' id='word_1_29' title='bbox 346 901 662 966; x_wconf 83' lang='lat' dir='ltr'><strong>descendit;</strong></span> <span class='ocrx_word' id='word_1_30' title='bbox 718 907 1001 967; x_wconf 78' lang='lat' dir='ltr'><strong>propterea</strong></span> <span class='ocrx_word' id='word_1_31' title='bbox 1054 890 1120 944; x_wconf 91' lang='lat' dir='ltr'><strong>ad</strong></span> <span class='ocrx_word' id='word_1_32' title='bbox 1172 887 1442 943; x_wconf 70' lang='lat' dir='ltr'><strong>excelsum</strong></span> <span class='ocrx_word' id='word_1_33' title='bbox 1507 885 1652 937; x_wconf 90' lang='lat' dir='ltr'><strong>illum</strong></span> <span class='ocrx_word' id='word_1_34' title='bbox 1716 880 1936 935; x_wconf 82' lang='lat' dir='ltr'><strong>honoris</strong></span> 
     </span>
    </p>
   </div>
   <div class='ocr_carea' id='block_1_6' title="bbox 348 981 1934 1065">
    <p class='ocr_par' dir='ltr' id='par_1_6' title="bbox 348 981 1934 1065">
     <span class='ocr_line' id='line_1_6' title="bbox 348 981 1934 1065; baseline -0.017 -15"><span class='ocrx_word' id='word_1_35' title='bbox 348 996 568 1065; x_wconf 81' lang='lat' dir='ltr'><strong>gradum</strong></span> <span class='ocrx_word' id='word_1_36' title='bbox 598 989 839 1059; x_wconf 89' lang='lat' dir='ltr'><strong>pervenit</strong></span> <span class='ocrx_word' id='word_1_37' title='bbox 871 1004 884 1040; x_wconf 85' lang='lat'><strong>:</strong></span> <span class='ocrx_word' id='word_1_38' title='bbox 914 999 1101 1040; x_wconf 84' lang='lat' dir='ltr'><strong>servus</strong></span> <span class='ocrx_word' id='word_1_39' title='bbox 1137 981 1302 1036; x_wconf 78' lang='lat' dir='ltr'><strong>fartus</strong></span> <span class='ocrx_word' id='word_1_40' title='bbox 1341 988 1462 1042; x_wconf 85' lang='lat' dir='ltr'><strong>est;</strong></span> <span class='ocrx_word' id='word_1_41' title='bbox 1505 985 1786 1048; x_wconf 62' lang='lat' dir='ltr'><strong>proirterea</strong></span> <span class='ocrx_word' id='word_1_42' title='bbox 1816 987 1934 1024; x_wconf 83' lang='lat' dir='ltr'><strong>otti-</strong></span> 
     </span>
    </p>
   </div>
   <div class='ocr_carea' id='block_1_7' title="bbox 355 1069 1937 1142">
    <p class='ocr_par' dir='ltr' id='par_1_7' title="bbox 355 1069 1937 1142">
     <span class='ocr_line' id='line_1_7' title="bbox 355 1069 1937 1142; baseline -0.018 -1"><span class='ocrx_word' id='word_1_43' title='bbox 355 1088 500 1142; x_wconf 87' lang='lat' dir='ltr'><strong>niuut</strong></span> <span class='ocrx_word' id='word_1_44' title='bbox 546 1085 720 1138; x_wconf 85' lang='lat' dir='ltr'><strong>factus</strong></span> <span class='ocrx_word' id='word_1_45' title='bbox 745 1089 828 1135; x_wconf 82' lang='lat' dir='ltr'><strong>est</strong></span> <span class='ocrx_word' id='word_1_46' title='bbox 869 1077 1160 1139; x_wconf 82' lang='lat' dir='ltr'><strong>Dominus,</strong></span> <span class='ocrx_word' id='word_1_47' title='bbox 1195 1081 1250 1128; x_wconf 86' lang='lat' dir='ltr'><strong>ct</strong></span> <span class='ocrx_word' id='word_1_48' title='bbox 1287 1069 1598 1140; x_wconf 86' lang='lat' dir='ltr'><strong>angelorum</strong></span> <span class='ocrx_word' id='word_1_49' title='bbox 1631 1075 1685 1120; x_wconf 91' lang='lat' dir='ltr'><strong>et</strong></span> <span class='ocrx_word' id='word_1_50' title='bbox 1714 1073 1937 1117; x_wconf 73' lang='lat' dir='ltr'><strong>emtore-</strong></span> 
     </span>
    </p>
   </div>
   <div class='ocr_carea' id='block_1_8' title="bbox 350 1157 1935 1238">
    <p class='ocr_par' dir='ltr' id='par_1_8' title="bbox 350 1157 1935 1238">
     <span class='ocr_line' id='line_1_8' title="bbox 350 1157 1935 1238; baseline -0.019 -4"><span class='ocrx_word' id='word_1_51' title='bbox 350 1192 469 1234; x_wconf 89' lang='lat' dir='ltr'><strong>rutn</strong></span> <span class='ocrx_word' id='word_1_52' title='bbox 511 1174 772 1230; x_wconf 86' lang='lat' dir='ltr'><strong>omnium.</strong></span> <span class='ocrx_word' id='word_1_53' title='bbox 825 1168 1186 1238; x_wconf 80' lang='lat' dir='ltr'><strong>Quamobrem</strong></span> <span class='ocrx_word' id='word_1_54' title='bbox 1240 1177 1340 1218; x_wconf 87' lang='lat' dir='ltr'><strong>nos</strong></span> <span class='ocrx_word' id='word_1_55' title='bbox 1368 1160 1529 1216; x_wconf 85' lang='lat' dir='ltr'><strong>etiam</strong></span> <span class='ocrx_word' id='word_1_56' title='bbox 1578 1174 1644 1211; x_wconf 87' lang='lat' dir='ltr'><strong>ne</strong></span> <span class='ocrx_word' id='word_1_57' title='bbox 1686 1157 1754 1209; x_wconf 90' lang='lat' dir='ltr'><strong>de</strong></span> <span class='ocrx_word' id='word_1_58' title='bbox 1797 1161 1935 1206; x_wconf 89' lang='lat' dir='ltr'><strong>statu</strong></span> 
     </span>
    </p>
   </div>
   <div class='ocr_carea' id='block_1_9' title="bbox 346 1245 1937 1340">
    <p class='ocr_par' dir='ltr' id='par_1_9' title="bbox 346 1245 1937 1340">
     <span class='ocr_line' id='line_1_9' title="bbox 346 1245 1937 1340; baseline -0.017 -17"><span class='ocrx_word' id='word_1_59' title='bbox 346 1267 621 1340; x_wconf 76' lang='lat' dir='ltr'><strong>dignitatis</strong></span> <span class='ocrx_word' id='word_1_60' title='bbox 653 1272 852 1319; x_wconf 84' lang='lat' dir='ltr'><strong>nostra:</strong></span> <span class='ocrx_word' id='word_1_61' title='bbox 889 1257 1048 1328; x_wconf 89' lang='lat' dir='ltr'><strong>dejicl</strong></span> <span class='ocrx_word' id='word_1_62' title='bbox 1073 1255 1441 1312; x_wconf 61' lang='lat' dir='ltr'><strong>existimemus</strong></span> <span class='ocrx_word' id='word_1_63' title='bbox 1462 1289 1476 1317; x_wconf 88' lang='lat'><strong>,</strong></span> <span class='ocrx_word' id='word_1_64' title='bbox 1509 1263 1636 1340; x_wconf 80' lang='lat' dir='ltr'><strong>cum</strong></span> <span class='ocrx_word' id='word_1_65' title='bbox 1666 1245 1937 1340; x_wconf 33' lang='lat' dir='ltr'><strong>nos-ipsos</strong></span> 
     </span>
    </p>
   </div>
   <div class='ocr_carea' id='block_1_10' title="bbox 351 1335 1937 1414">
    <p class='ocr_par' dir='ltr' id='par_1_10' title="bbox 351 1335 1937 1414">
     <span class='ocr_line' id='line_1_10' title="bbox 351 1335 1937 1414; baseline -0.017 0"><span class='ocrx_word' id='word_1_66' title='bbox 351 1335 831 1414; x_wconf 74' lang='lat' dir='ltr'><strong>lnuniliaveriums.</strong></span> <span class='ocrx_word' id='word_1_67' title='bbox 880 1349 1032 1405; x_wconf 87' lang='lat' dir='ltr'><strong>Tunc</strong></span> <span class='ocrx_word' id='word_1_68' title='bbox 1069 1348 1209 1402; x_wconf 88' lang='lat' dir='ltr'><strong>enim</strong></span> <span class='ocrx_word' id='word_1_69' title='bbox 1255 1344 1428 1414; x_wconf 93' lang='lat' dir='ltr'><strong>potius</strong></span> <span class='ocrx_word' id='word_1_70' title='bbox 1473 1355 1598 1395; x_wconf 90' lang='lat' dir='ltr'><strong>vere</strong></span> <span class='ocrx_word' id='word_1_71' title='bbox 1627 1339 1677 1391; x_wconf 93' lang='lat' dir='ltr'><strong>in</strong></span> <span class='ocrx_word' id='word_1_72' title='bbox 1709 1335 1937 1390; x_wconf 83' lang='lat' dir='ltr'><strong>sublime</strong></span> 
     </span>
    </p>
   </div>
   <div class='ocr_carea' id='block_1_11' title="bbox 351 1428 1933 1528">
    <p class='ocr_par' dir='ltr' id='par_1_11' title="bbox 351 1428 1933 1528">
     <span class='ocr_line' id='line_1_11' title="bbox 351 1428 1933 1528; baseline -0.016 -24"><span class='ocrx_word' id='word_1_73' title='bbox 351 1450 610 1511; x_wconf 88' lang='lat' dir='ltr'><strong>ferimur;</strong></span> <span class='ocrx_word' id='word_1_74' title='bbox 643 1457 770 1500; x_wconf 88' lang='lat' dir='ltr'><strong>tunc</strong></span> <span class='ocrx_word' id='word_1_75' title='bbox 806 1442 1034 1497; x_wconf 77' lang='lat' dir='ltr'><strong>maxime</strong></span> <span class='ocrx_word' id='word_1_76' title='bbox 1060 1437 1204 1508; x_wconf 80' lang='lat' dir='ltr'><strong>digiti</strong></span> <span class='ocrx_word' id='word_1_77' title='bbox 1231 1449 1417 1490; x_wconf 90' lang='lat' dir='ltr'><strong>sumus</strong></span> <span class='ocrx_word' id='word_1_78' title='bbox 1445 1431 1531 1502; x_wconf 93' lang='lat' dir='ltr'><strong>qui</strong></span> <span class='ocrx_word' id='word_1_79' title='bbox 1564 1428 1933 1528; x_wconf 78' lang='lat' dir='ltr'><strong>suspiciamur.</strong></span> 
     </span>
    </p>
   </div>
   <div class='ocr_carea' id='block_1_12' title="bbox 352 1517 1935 1619">
    <p class='ocr_par' dir='ltr' id='par_1_12' title="bbox 352 1517 1935 1619">
     <span class='ocr_line' id='line_1_12' title="bbox 352 1517 1935 1619; baseline -0.016 -25"><span class='ocrx_word' id='word_1_80' title='bbox 352 1540 504 1610; x_wconf 84' lang='lat' dir='ltr'><strong>Quod</strong></span> <span class='ocrx_word' id='word_1_81' title='bbox 533 1539 677 1594; x_wconf 91' lang='lat' dir='ltr'><strong>enim</strong></span> <span class='ocrx_word' id='word_1_82' title='bbox 706 1534 948 1590; x_wconf 80' lang='lat' dir='ltr'><strong>sublimis</strong></span> <span class='ocrx_word' id='word_1_83' title='bbox 977 1532 1046 1585; x_wconf 92' lang='lat' dir='ltr'><strong>sit</strong></span> <span class='ocrx_word' id='word_1_84' title='bbox 1075 1527 1292 1583; x_wconf 88' lang='lat' dir='ltr'><strong>lnunilis</strong></span> <span class='ocrx_word' id='word_1_85' title='bbox 1313 1567 1328 1593; x_wconf 95' lang='lat'><strong>,</strong></span> <span class='ocrx_word' id='word_1_86' title='bbox 1361 1523 1578 1580; x_wconf 86' lang='lat' dir='ltr'><strong>humilis</strong></span> <span class='ocrx_word' id='word_1_87' title='bbox 1609 1517 1935 1619; x_wconf 28' lang='lat' dir='ltr'><strong>remi-subii:</strong></span> 
     </span>
    </p>
   </div>
   <div class='ocr_carea' id='block_1_13' title="bbox 350 1611 1934 1696">
    <p class='ocr_par' dir='ltr' id='par_1_13' title="bbox 350 1611 1934 1696">
     <span class='ocr_line' id='line_1_13' title="bbox 350 1611 1934 1696; baseline -0.017 -7"><span class='ocrx_word' id='word_1_88' title='bbox 350 1635 490 1696; x_wconf 76' lang='lat' dir='ltr'><strong>tuis,</strong></span> <span class='ocrx_word' id='word_1_89' title='bbox 542 1628 738 1686; x_wconf 88' lang='lat' dir='ltr'><strong>sufficit</strong></span> <span class='ocrx_word' id='word_1_90' title='bbox 781 1626 847 1680; x_wconf 88' lang='lat' dir='ltr'><strong>ad</strong></span> <span class='ocrx_word' id='word_1_91' title='bbox 884 1623 1042 1678; x_wconf 84' lang='lat' dir='ltr'><strong>fidem</strong></span> <span class='ocrx_word' id='word_1_92' title='bbox 1091 1618 1386 1676; x_wconf 72' lang='lat' dir='ltr'><strong>faciendun:</strong></span> <span class='ocrx_word' id='word_1_93' title='bbox 1440 1616 1524 1670; x_wconf 88' lang='lat' dir='ltr'><strong>vel</strong></span> <span class='ocrx_word' id='word_1_94' title='bbox 1581 1628 1683 1668; x_wconf 90' lang='lat' dir='ltr'><strong>una</strong></span> <span class='ocrx_word' id='word_1_95' title='bbox 1736 1611 1934 1665; x_wconf 88' lang='lat' dir='ltr'><strong>Christi</strong></span> 
     </span>
    </p>
   </div>
   <div class='ocr_carea' id='block_1_14' title="bbox 353 1707 1935 1804">
    <p class='ocr_par' dir='ltr' id='par_1_14' title="bbox 353 1707 1935 1804">
     <span class='ocr_line' id='line_1_14' title="bbox 353 1707 1935 1804; baseline -0.016 -24"><span class='ocrx_word' id='word_1_96' title='bbox 353 1724 617 1780; x_wconf 81' lang='lat' dir='ltr'><strong>sententia</strong></span> <span class='ocrx_word' id='word_1_97' title='bbox 652 1723 754 1776; x_wconf 91' lang='lat' dir='ltr'><strong>hoc</strong></span> <span class='ocrx_word' id='word_1_98' title='bbox 783 1717 1136 1790; x_wconf 88' lang='lat' dir='ltr'><strong>pronuntians</strong></span> <span class='ocrx_word' id='word_1_99' title='bbox 1166 1730 1179 1766; x_wconf 87' lang='lat'>:</span> <span class='ocrx_word' id='word_1_100' title='bbox 1208 1719 1580 1767; x_wconf 77' lang='lat' dir='ltr'><strong>verumtamen</strong></span> <span class='ocrx_word' id='word_1_101' title='bbox 1607 1707 1935 1804; x_wconf 46' lang='lat' dir='ltr'><strong>ipsam-quo:</strong></span> 
     </span>
    </p>
   </div>
   <div class='ocr_carea' id='block_1_15' title="bbox 352 1792 1940 1896">
    <p class='ocr_par' dir='ltr' id='par_1_15' title="bbox 352 1792 1940 1896">
     <span class='ocr_line' id='line_1_15' title="bbox 352 1792 1940 1896; baseline -0.017 -25"><span class='ocrx_word' id='word_1_102' title='bbox 352 1833 456 1886; x_wconf 91' lang='lat' dir='ltr'><strong>que</strong></span> <span class='ocrx_word' id='word_1_103' title='bbox 483 1816 560 1871; x_wconf 85' lang='lat' dir='ltr'><strong>rei</strong></span> <span class='ocrx_word' id='word_1_104' title='bbox 606 1823 850 1868; x_wconf 88' lang='lat' dir='ltr'><strong>naturam</strong></span> <span class='ocrx_word' id='word_1_105' title='bbox 885 1807 1296 1878; x_wconf 81' lang='lat' dir='ltr'><strong>perpendamus.</strong></span> <span class='ocrx_word' id='word_1_106' title='bbox 1348 1799 1483 1869; x_wconf 84' lang='lat' dir='ltr'><strong>Quid</strong></span> <span class='ocrx_word' id='word_1_107' title='bbox 1513 1807 1596 1853; x_wconf 86' lang='lat' dir='ltr'><strong>est</strong></span> <span class='ocrx_word' id='word_1_108' title='bbox 1632 1792 1940 1896; x_wconf 63' lang='lat' dir='ltr'><strong>humiliari?</strong></span> 
     </span>
    </p>
   </div>
   <div class='ocr_carea' id='block_1_16' title="bbox 353 1888 1941 1986">
    <p class='ocr_par' dir='ltr' id='par_1_16' title="bbox 353 1888 1941 1986">
     <span class='ocr_line' id='line_1_16' title="bbox 353 1888 1941 1986; baseline -0.016 -26"><span class='ocrx_word' id='word_1_109' title='bbox 353 1924 532 1960; x_wconf 69' lang='lat' dir='ltr'><strong>annon</strong></span> <span class='ocrx_word' id='word_1_110' title='bbox 583 1901 921 1973; x_wconf 84' lang='lat' dir='ltr'><strong>vituperari?</strong></span> <span class='ocrx_word' id='word_1_111' title='bbox 984 1912 1162 1951; x_wconf 90' lang='lat' dir='ltr'><strong>annon</strong></span> <span class='ocrx_word' id='word_1_112' title='bbox 1229 1892 1502 1957; x_wconf 82' lang='lat' dir='ltr'><strong>accusari,</strong></span> <span class='ocrx_word' id='word_1_113' title='bbox 1561 1900 1615 1944; x_wconf 91' lang='lat' dir='ltr'><strong>et</strong></span> <span class='ocrx_word' id='word_1_114' title='bbox 1649 1888 1941 1986; x_wconf 58' lang='lat' dir='ltr'><strong>calumniis</strong></span> 
     </span>
    </p>
   </div>
   <div class='ocr_carea' id='block_1_17' title="bbox 353 1974 1938 2071">
    <p class='ocr_par' dir='ltr' id='par_1_17' title="bbox 353 1974 1938 2071">
     <span class='ocr_line' id='line_1_17' title="bbox 353 1974 1938 2071; baseline -0.018 -16"><span class='ocrx_word' id='word_1_115' title='bbox 353 2000 460 2071; x_wconf 87' lang='lat' dir='ltr'><strong>peti</strong></span> <span class='ocrx_word' id='word_1_116' title='bbox 485 1998 510 2050; x_wconf 85' lang='lat'><strong>?</strong></span> <span class='ocrx_word' id='word_1_117' title='bbox 536 1995 671 2063; x_wconf 87' lang='lat' dir='ltr'><strong>Quid</strong></span> <span class='ocrx_word' id='word_1_118' title='bbox 713 2008 840 2048; x_wconf 86' lang='lat' dir='ltr'><strong>vero</strong></span> <span class='ocrx_word' id='word_1_119' title='bbox 869 1987 1136 2044; x_wconf 78' lang='lat' dir='ltr'><strong>exaltari?</strong></span> <span class='ocrx_word' id='word_1_120' title='bbox 1168 1999 1346 2039; x_wconf 77' lang='lat' dir='ltr'><strong>nmine</strong></span> <span class='ocrx_word' id='word_1_121' title='bbox 1376 1977 1672 2034; x_wconf 88' lang='lat' dir='ltr'><strong>honorari?</strong></span> <span class='ocrx_word' id='word_1_122' title='bbox 1701 1975 1901 2031; x_wconf 84' lang='lat' dir='ltr'><strong>laudari</strong></span> <span class='ocrx_word' id='word_1_123' title='bbox 1915 1974 1938 2026; x_wconf 71' lang='grc' dir='ltr'><strong>’ἒ</strong></span> 
     </span>
    </p>
   </div>
   <div class='ocr_carea' id='block_1_18' title="bbox 353 2071 1943 2160">
    <p class='ocr_par' dir='ltr' id='par_1_18' title="bbox 353 2071 1943 2160">
     <span class='ocr_line' id='line_1_18' title="bbox 353 2071 1943 2160; baseline -0.018 -14"><span class='ocrx_word' id='word_1_124' title='bbox 353 2095 406 2147; x_wconf 85' lang='lat' dir='ltr'><strong>iu</strong></span> <span class='ocrx_word' id='word_1_125' title='bbox 438 2104 626 2160; x_wconf 87' lang='lat' dir='ltr'><strong>magna</strong></span> <span class='ocrx_word' id='word_1_126' title='bbox 655 2085 822 2157; x_wconf 87' lang='lat' dir='ltr'><strong>gloria</strong></span> <span class='ocrx_word' id='word_1_127' title='bbox 847 2081 1010 2138; x_wconf 77' lang='lat' dir='ltr'><strong>esse?</strong></span> <span class='ocrx_word' id='word_1_128' title='bbox 1044 2080 1226 2132; x_wconf 74' lang='lat' dir='ltr'><strong>flecte.</strong></span> <span class='ocrx_word' id='word_1_129' title='bbox 1265 2073 1552 2128; x_wconf 75' lang='lat' dir='ltr'><strong>Videamus</strong></span> <span class='ocrx_word' id='word_1_130' title='bbox 1581 2071 1743 2140; x_wconf 80' lang='lat' dir='ltr'><strong>igitur</strong></span> <span class='ocrx_word' id='word_1_131' title='bbox 1765 2107 1780 2136; x_wconf 86' lang='lat'><strong>,</strong></span> <span class='ocrx_word' id='word_1_132' title='bbox 1810 2082 1943 2137; x_wconf 87' lang='lat' dir='ltr'><strong>quo-</strong></span> 
     </span>
    </p>
   </div>
   <div class='ocr_carea' id='block_1_19' title="bbox 354 2167 1942 2246">
    <p class='ocr_par' dir='ltr' id='par_1_19' title="bbox 354 2167 1942 2246">
     <span class='ocr_line' id='line_1_19' title="bbox 354 2167 1942 2246; baseline -0.015 -9"><span class='ocrx_word' id='word_1_133' title='bbox 354 2183 516 2238; x_wconf 90' lang='lat' dir='ltr'><strong>modo</strong></span> <span class='ocrx_word' id='word_1_134' title='bbox 560 2179 627 2234; x_wconf 92' lang='lat' dir='ltr'><strong>ad</strong></span> <span class='ocrx_word' id='word_1_135' title='bbox 656 2179 770 2232; x_wconf 63' lang='lat' dir='ltr'><strong>hate</strong></span> <span class='ocrx_word' id='word_1_136' title='bbox 800 2172 1162 2246; x_wconf 73' lang='lat' dir='ltr'><strong>perveniatur.</strong></span> <span class='ocrx_word' id='word_1_137' title='bbox 1208 2167 1442 2238; x_wconf 77' lang='lat' dir='ltr'><strong>Angelus</strong></span> <span class='ocrx_word' id='word_1_138' title='bbox 1469 2173 1585 2219; x_wconf 86' lang='lat' dir='ltr'><strong>erat</strong></span> <span class='ocrx_word' id='word_1_139' title='bbox 1631 2173 1780 2216; x_wconf 87' lang='lat' dir='ltr'><strong>satan</strong></span> <span class='ocrx_word' id='word_1_140' title='bbox 1804 2201 1820 2227; x_wconf 87' lang='lat'><strong>,</strong></span> <span class='ocrx_word' id='word_1_141' title='bbox 1853 2176 1942 2213; x_wconf 57' lang='lat' dir='ltr'><strong>se-</strong></span> 
     </span>
    </p>
   </div>
   <div class='ocr_carea' id='block_1_20' title="bbox 355 2252 1944 2345">
    <p class='ocr_par' dir='ltr' id='par_1_20' title="bbox 355 2252 1944 2345">
     <span class='ocr_line' id='line_1_20' title="bbox 355 2252 1944 2345; baseline -0.018 -14"><span class='ocrx_word' id='word_1_142' title='bbox 355 2277 530 2345; x_wconf 84' lang='lat' dir='ltr'><strong>ipsum</strong></span> <span class='ocrx_word' id='word_1_143' title='bbox 552 2269 805 2328; x_wconf 66' lang='lat' dir='ltr'><strong>exaltavit</strong></span> <span class='ocrx_word' id='word_1_144' title='bbox 829 2285 843 2322; x_wconf 93' lang='lat'><strong>:</strong></span> <span class='ocrx_word' id='word_1_145' title='bbox 868 2264 994 2336; x_wconf 89' lang='lat' dir='ltr'><strong>quid</strong></span> <span class='ocrx_word' id='word_1_146' title='bbox 1019 2261 1220 2332; x_wconf 81' lang='lat' dir='ltr'><strong>igitur?</strong></span> <span class='ocrx_word' id='word_1_147' title='bbox 1249 2274 1426 2312; x_wconf 89' lang='lat' dir='ltr'><strong>nonne</strong></span> <span class='ocrx_word' id='word_1_148' title='bbox 1447 2256 1686 2310; x_wconf 91' lang='lat' dir='ltr'><strong>omnium</strong></span> <span class='ocrx_word' id='word_1_149' title='bbox 1715 2252 1944 2306; x_wconf 79' lang='lat' dir='ltr'><strong>maxime</strong></span> 
     </span>
    </p>
   </div>
   <div class='ocr_carea' id='block_1_21' title="bbox 359 2349 1946 2421">
    <p class='ocr_par' dir='ltr' id='par_1_21' title="bbox 359 2349 1946 2421">
     <span class='ocr_line' id='line_1_21' title="bbox 359 2349 1946 2421; baseline -0.014 0"><span class='ocrx_word' id='word_1_150' title='bbox 359 2377 441 2421; x_wconf 79' lang='lat' dir='ltr'><strong>est</strong></span> <span class='ocrx_word' id='word_1_151' title='bbox 473 2359 828 2419; x_wconf 85' lang='lat' dir='ltr'><strong>humiliatus?</strong></span> <span class='ocrx_word' id='word_1_152' title='bbox 857 2371 1033 2412; x_wconf 89' lang='lat' dir='ltr'><strong>nonne</strong></span> <span class='ocrx_word' id='word_1_153' title='bbox 1059 2355 1216 2409; x_wconf 83' lang='lat' dir='ltr'><strong>sedes</strong></span> <span class='ocrx_word' id='word_1_154' title='bbox 1248 2352 1417 2421; x_wconf 90' lang='lat' dir='ltr'><strong>ipsius</strong></span> <span class='ocrx_word' id='word_1_155' title='bbox 1449 2360 1590 2405; x_wconf 88' lang='lat' dir='ltr'><strong>terra</strong></span> <span class='ocrx_word' id='word_1_156' title='bbox 1613 2349 1738 2403; x_wconf 87' lang='lat' dir='ltr'><strong>est?</strong></span> <span class='ocrx_word' id='word_1_157' title='bbox 1767 2361 1946 2400; x_wconf 89' lang='lat' dir='ltr'><strong>nonne</strong></span> 
     </span>
    </p>
   </div>
   <div class='ocr_carea' id='block_1_22' title="bbox 357 2437 1946 2513">
    <p class='ocr_par' dir='ltr' id='par_1_22' title="bbox 357 2437 1946 2513">
     <span class='ocr_line' id='line_1_22' title="bbox 357 2437 1946 2513; baseline -0.014 0"><span class='ocrx_word' id='word_1_158' title='bbox 357 2460 426 2513; x_wconf 78' lang='lat' dir='ltr'><strong>ab</strong></span> <span class='ocrx_word' id='word_1_159' title='bbox 446 2455 694 2511; x_wconf 85' lang='lat' dir='ltr'><strong>omnibus</strong></span> <span class='ocrx_word' id='word_1_160' title='bbox 713 2457 1010 2511; x_wconf 89' lang='lat' dir='ltr'><strong>accusatur,</strong></span> <span class='ocrx_word' id='word_1_161' title='bbox 1035 2445 1382 2513; x_wconf 89' lang='lat' dir='ltr'><strong>onmiumque</strong></span> <span class='ocrx_word' id='word_1_162' title='bbox 1399 2439 1752 2496; x_wconf 86' lang='lat' dir='ltr'><strong>criminationi</strong></span> <span class='ocrx_word' id='word_1_163' title='bbox 1781 2437 1946 2507; x_wconf 87' lang='lat' dir='ltr'><strong>patet?</strong></span> 
     </span>
    </p>
   </div>
   <div class='ocr_carea' id='block_1_23' title="bbox 363 2532 1947 2608">
    <p class='ocr_par' dir='ltr' id='par_1_23' title="bbox 363 2532 1947 2608">
     <span class='ocr_line' id='line_1_23' title="bbox 363 2532 1947 2608; baseline -0.011 -4"><span class='ocrx_word' id='word_1_164' title='bbox 363 2551 534 2605; x_wconf 86' lang='lat' dir='ltr'><strong>llomo</strong></span> <span class='ocrx_word' id='word_1_165' title='bbox 561 2555 678 2604; x_wconf 86' lang='lat' dir='ltr'><strong>erat</strong></span> <span class='ocrx_word' id='word_1_166' title='bbox 705 2544 920 2608; x_wconf 81' lang='lat' dir='ltr'><strong>Paulus,</strong></span> <span class='ocrx_word' id='word_1_167' title='bbox 966 2537 1263 2594; x_wconf 82' lang='lat' dir='ltr'><strong>humiliavit</strong></span> <span class='ocrx_word' id='word_1_168' title='bbox 1288 2537 1520 2604; x_wconf 74' lang='lat' dir='ltr'><strong>scipsum</strong></span> <span class='ocrx_word' id='word_1_169' title='bbox 1553 2552 1566 2588; x_wconf 86' lang='lat'><strong>:</strong></span> <span class='ocrx_word' id='word_1_170' title='bbox 1594 2532 1720 2603; x_wconf 91' lang='lat' dir='ltr'><strong>quid</strong></span> <span class='ocrx_word' id='word_1_171' title='bbox 1747 2532 1947 2602; x_wconf 91' lang='lat' dir='ltr'><strong>igitur?</strong></span> 
     </span>
    </p>
   </div>
   <div class='ocr_carea' id='block_1_24' title="bbox 357 2625 1948 2707">
    <p class='ocr_par' dir='ltr' id='par_1_24' title="bbox 357 2625 1948 2707">
     <span class='ocr_line' id='line_1_24' title="bbox 357 2625 1948 2707; baseline -0.013 -10"><span class='ocrx_word' id='word_1_172' title='bbox 357 2655 536 2697; x_wconf 79' lang='lat' dir='ltr'><strong>annon</strong></span> <span class='ocrx_word' id='word_1_173' title='bbox 565 2634 884 2707; x_wconf 76' lang='lat' dir='ltr'><strong>SUSplClllll‘?</strong></span> <span class='ocrx_word' id='word_1_174' title='bbox 905 2647 1080 2686; x_wconf 93' lang='lat' dir='ltr'><strong>annon</strong></span> <span class='ocrx_word' id='word_1_175' title='bbox 1104 2629 1346 2684; x_wconf 91' lang='lat' dir='ltr'><strong>laudibus</strong></span> <span class='ocrx_word' id='word_1_176' title='bbox 1363 2637 1520 2697; x_wconf 89' lang='lat' dir='ltr'><strong>atque</strong></span> <span class='ocrx_word' id='word_1_177' title='bbox 1536 2625 1793 2680; x_wconf 87' lang='lat' dir='ltr'><strong>encumiis</strong></span> <span class='ocrx_word' id='word_1_178' title='bbox 1813 2625 1948 2679; x_wconf 87' lang='lat' dir='ltr'><strong>cele-</strong></span> 
     </span>
    </p>
   </div>
   <div class='ocr_carea' id='block_1_25' title="bbox 365 2714 1947 2790">
    <p class='ocr_par' dir='ltr' id='par_1_25' title="bbox 365 2714 1947 2790">
     <span class='ocr_line' id='line_1_25' title="bbox 365 2714 1947 2790; baseline -0.013 0"><span class='ocrx_word' id='word_1_179' title='bbox 365 2732 588 2790; x_wconf 87' lang='lat' dir='ltr'><strong>bratur?</strong></span> <span class='ocrx_word' id='word_1_180' title='bbox 615 2745 790 2784; x_wconf 87' lang='lat' dir='ltr'><strong>annon</strong></span> <span class='ocrx_word' id='word_1_181' title='bbox 817 2725 1014 2780; x_wconf 79' lang='lat' dir='ltr'><strong>Christi</strong></span> <span class='ocrx_word' id='word_1_182' title='bbox 1037 2723 1240 2777; x_wconf 90' lang='lat' dir='ltr'><strong>amicus</strong></span> <span class='ocrx_word' id='word_1_183' title='bbox 1265 2722 1370 2774; x_wconf 77' lang='lat' dir='ltr'><strong>est?</strong></span> <span class='ocrx_word' id='word_1_184' title='bbox 1409 2735 1584 2772; x_wconf 86' lang='lat' dir='ltr'><strong>annon</strong></span> <span class='ocrx_word' id='word_1_185' title='bbox 1612 2716 1810 2786; x_wconf 83' lang='lat' dir='ltr'><strong>majora</strong></span> <span class='ocrx_word' id='word_1_186' title='bbox 1844 2714 1947 2771; x_wconf 90' lang='lat' dir='ltr'><strong>illis</strong></span> 
     </span>
    </p>
   </div>
   <div class='ocr_carea' id='block_1_26' title="bbox 360 2809 1949 2893">
    <p class='ocr_par' dir='ltr' id='par_1_26' title="bbox 360 2809 1949 2893">
     <span class='ocr_line' id='line_1_26' title="bbox 360 2809 1949 2893; baseline -0.012 -14"><span class='ocrx_word' id='word_1_187' title='bbox 360 2824 544 2885; x_wconf 84' lang='lat' dir='ltr'><strong>edidit.</strong></span> <span class='ocrx_word' id='word_1_188' title='bbox 562 2839 679 2893; x_wconf 79' lang='lat' dir='ltr'><strong>qua:</strong></span> <span class='ocrx_word' id='word_1_189' title='bbox 696 2819 940 2874; x_wconf 85' lang='lat' dir='ltr'><strong>Christus</strong></span> <span class='ocrx_word' id='word_1_190' title='bbox 964 2813 1195 2869; x_wconf 86' lang='lat' dir='ltr'><strong>fecerat?</strong></span> <span class='ocrx_word' id='word_1_191' title='bbox 1215 2826 1393 2865; x_wconf 90' lang='lat' dir='ltr'><strong>annon</strong></span> <span class='ocrx_word' id='word_1_192' title='bbox 1415 2825 1558 2880; x_wconf 72' lang='lat' dir='ltr'><strong>szepe</strong></span> <span class='ocrx_word' id='word_1_193' title='bbox 1579 2809 1792 2864; x_wconf 86' lang='lat' dir='ltr'><strong>diabolo</strong></span> <span class='ocrx_word' id='word_1_194' title='bbox 1815 2818 1949 2862; x_wconf 81' lang='lat' dir='ltr'><strong>tam-</strong></span> 
     </span>
    </p>
   </div>
   <div class='ocr_carea' id='block_1_27' title="bbox 359 2903 1946 2989">
    <p class='ocr_par' dir='ltr' id='par_1_27' title="bbox 359 2903 1946 2989">
     <span class='ocr_line' id='line_1_27' title="bbox 359 2903 1946 2989; baseline -0.012 -15"><span class='ocrx_word' id='word_1_195' title='bbox 359 2934 520 2989; x_wconf 87' lang='lat' dir='ltr'><strong>quam</strong></span> <span class='ocrx_word' id='word_1_196' title='bbox 565 2912 831 2983; x_wconf 88' lang='lat' dir='ltr'><strong>mancipio</strong></span> <span class='ocrx_word' id='word_1_197' title='bbox 887 2908 1207 2982; x_wconf 85' lang='lat' dir='ltr'><strong>imperavit?</strong></span> <span class='ocrx_word' id='word_1_198' title='bbox 1236 2923 1412 2962; x_wconf 89' lang='lat' dir='ltr'><strong>annon</strong></span> <span class='ocrx_word' id='word_1_199' title='bbox 1444 2905 1686 2959; x_wconf 87' lang='lat' dir='ltr'><strong>lictorem</strong></span> <span class='ocrx_word' id='word_1_200' title='bbox 1714 2903 1946 2958; x_wconf 88' lang='lat' dir='ltr'><strong>circum-</strong></span> 
     </span>
    </p>
   </div>
   <div class='ocr_carea' id='block_1_28' title="bbox 361 2994 1949 3070">
    <p class='ocr_par' dir='ltr' id='par_1_28' title="bbox 361 2994 1949 3070">
     <span class='ocr_line' id='line_1_28' title="bbox 361 2994 1949 3070; baseline -0.013 0"><span class='ocrx_word' id='word_1_201' title='bbox 361 3012 554 3070; x_wconf 81' lang='lat' dir='ltr'><strong>duxit?</strong></span> <span class='ocrx_word' id='word_1_202' title='bbox 577 3023 753 3064; x_wconf 89' lang='lat' dir='ltr'><strong>annon</strong></span> <span class='ocrx_word' id='word_1_203' title='bbox 786 3004 1013 3060; x_wconf 90' lang='lat' dir='ltr'><strong>ludibrio</strong></span> <span class='ocrx_word' id='word_1_204' title='bbox 1045 3001 1260 3055; x_wconf 85' lang='lat' dir='ltr'><strong>habuit?</strong></span> <span class='ocrx_word' id='word_1_205' title='bbox 1288 3013 1468 3054; x_wconf 90' lang='lat' dir='ltr'><strong>annon</strong></span> <span class='ocrx_word' id='word_1_206' title='bbox 1496 2997 1781 3052; x_wconf 91' lang='lat' dir='ltr'><strong>contritum</strong></span> <span class='ocrx_word' id='word_1_207' title='bbox 1810 2994 1949 3050; x_wconf 90' lang='lat' dir='ltr'><strong>illius</strong></span> 
     </span>
    </p>
   </div>
   <div class='ocr_carea' id='block_1_29' title="bbox 362 3087 1949 3174">
    <p class='ocr_par' dir='ltr' id='par_1_29' title="bbox 362 3087 1949 3174">
     <span class='ocr_line' id='line_1_29' title="bbox 362 3087 1949 3174; baseline -0.012 -15"><span class='ocrx_word' id='word_1_208' title='bbox 362 3112 522 3174; x_wconf 76' lang='lat' dir='ltr'><strong>eaput</strong></span> <span class='ocrx_word' id='word_1_209' title='bbox 549 3101 660 3158; x_wconf 87' lang='lat' dir='ltr'><strong>suis</strong></span> <span class='ocrx_word' id='word_1_210' title='bbox 687 3096 913 3165; x_wconf 82' lang='lat' dir='ltr'><strong>subjecit</strong></span> <span class='ocrx_word' id='word_1_211' title='bbox 957 3094 1221 3163; x_wconf 86' lang='lat' dir='ltr'><strong>pedibus?</strong></span> <span class='ocrx_word' id='word_1_212' title='bbox 1253 3107 1430 3145; x_wconf 88' lang='lat' dir='ltr'><strong>annon</strong></span> <span class='ocrx_word' id='word_1_213' title='bbox 1480 3089 1598 3144; x_wconf 89' lang='lat' dir='ltr'><strong>aliis</strong></span> <span class='ocrx_word' id='word_1_214' title='bbox 1641 3090 1802 3143; x_wconf 90' lang='lat' dir='ltr'><strong>etiam</strong></span> <span class='ocrx_word' id='word_1_215' title='bbox 1848 3087 1949 3140; x_wconf 87' lang='lat' dir='ltr'><strong>hoc</strong></span> 
     </span>
    </p>
   </div>
   <div class='ocr_carea' id='block_1_30' title="bbox 363 3179 1950 3262">
    <p class='ocr_par' dir='ltr' id='par_1_30' title="bbox 363 3179 1950 3262">
     <span class='ocr_line' id='line_1_30' title="bbox 363 3179 1950 3262; baseline -0.011 -11"><span class='ocrx_word' id='word_1_216' title='bbox 363 3196 506 3252; x_wconf 86' lang='lat' dir='ltr'><strong>idem</strong></span> <span class='ocrx_word' id='word_1_217' title='bbox 554 3204 742 3262; x_wconf 90' lang='lat' dir='ltr'><strong>magna</strong></span> <span class='ocrx_word' id='word_1_218' title='bbox 773 3204 892 3243; x_wconf 91' lang='lat' dir='ltr'><strong>cum</strong></span> <span class='ocrx_word' id='word_1_219' title='bbox 925 3185 1138 3239; x_wconf 82' lang='lat' dir='ltr'><strong>ﬁdentia</strong></span> <span class='ocrx_word' id='word_1_220' title='bbox 1169 3202 1196 3235; x_wconf 92' lang='lat' dir='ltr'><strong>a</strong></span> <span class='ocrx_word' id='word_1_221' title='bbox 1229 3184 1336 3236; x_wconf 86' lang='lat' dir='ltr'><strong>Deo</strong></span> <span class='ocrx_word' id='word_1_222' title='bbox 1389 3191 1636 3251; x_wconf 83' lang='lat' dir='ltr'><strong>precatus</strong></span> <span class='ocrx_word' id='word_1_223' title='bbox 1663 3181 1783 3234; x_wconf 89' lang='lat' dir='ltr'><strong>est?</strong></span> <span class='ocrx_word' id='word_1_224' title='bbox 1813 3179 1950 3247; x_wconf 88' lang='lat' dir='ltr'><strong>Quid</strong></span> 
     </span>
    </p>
   </div>
   <div class='ocr_carea' id='block_1_31' title="bbox 367 3273 1949 3346">
    <p class='ocr_par' dir='ltr' id='par_1_31' title="bbox 367 3273 1949 3346">
     <span class='ocr_line' id='line_1_31' title="bbox 367 3273 1949 3346; baseline -0.01 -5"><span class='ocrx_word' id='word_1_225' title='bbox 367 3290 478 3342; x_wconf 64' lang='lat' dir='ltr'><strong>haec</strong></span> <span class='ocrx_word' id='word_1_226' title='bbox 506 3282 715 3338; x_wconf 75' lang='lat' dir='ltr'><strong>affero?</strong></span> <span class='ocrx_word' id='word_1_227' title='bbox 743 3279 941 3338; x_wconf 80' lang='lat' dir='ltr'><strong>Extulit</strong></span> <span class='ocrx_word' id='word_1_228' title='bbox 961 3279 1195 3346; x_wconf 85' lang='lat' dir='ltr'><strong>seipsum</strong></span> <span class='ocrx_word' id='word_1_229' title='bbox 1228 3274 1481 3336; x_wconf 73' lang='lat' dir='ltr'><strong>Absalon,</strong></span> <span class='ocrx_word' id='word_1_230' title='bbox 1501 3273 1695 3342; x_wconf 76' lang='lat' dir='ltr'><strong>dejecit</strong></span> <span class='ocrx_word' id='word_1_231' title='bbox 1717 3274 1949 3341; x_wconf 88' lang='lat' dir='ltr'><strong>seipsmu</strong></span> 
     </span>
    </p>
   </div>
   <div class='ocr_carea' id='block_1_32' title="bbox 369 3365 1952 3438">
    <p class='ocr_par' dir='ltr' id='par_1_32' title="bbox 369 3365 1952 3438">
     <span class='ocr_line' id='line_1_32' title="bbox 369 3365 1952 3438; baseline -0.009 -6"><span class='ocrx_word' id='word_1_232' title='bbox 369 3376 535 3432; x_wconf 82' lang='lat' dir='ltr'><strong>David</strong></span> <span class='ocrx_word' id='word_1_233' title='bbox 569 3393 581 3431; x_wconf 93' lang='lat'><strong>:</strong></span> <span class='ocrx_word' id='word_1_234' title='bbox 614 3386 732 3428; x_wconf 90' lang='lat' dir='ltr'><strong>u&#39;er</strong></span> <span class='ocrx_word' id='word_1_235' title='bbox 782 3371 995 3425; x_wconf 91' lang='lat' dir='ltr'><strong>tandem</strong></span> <span class='ocrx_word' id='word_1_236' title='bbox 1046 3367 1251 3438; x_wconf 70' lang='grc' dir='ltr'><strong>ρο›ἱιιιε</strong></span> <span class='ocrx_word' id='word_1_237' title='bbox 1302 3366 1352 3419; x_wconf 92' lang='lat' dir='ltr'><strong>in</strong></span> <span class='ocrx_word' id='word_1_238' title='bbox 1399 3365 1616 3419; x_wconf 82' lang='lat' dir='ltr'><strong>excelso</strong></span> <span class='ocrx_word' id='word_1_239' title='bbox 1660 3365 1784 3419; x_wconf 73' lang='lat' dir='ltr'><strong>est?</strong></span> <span class='ocrx_word' id='word_1_240' title='bbox 1832 3376 1952 3418; x_wconf 87' lang='lat' dir='ltr'><strong>uter</strong></span> 
     </span>
    </p>
   </div>
   <div class='ocr_carea' id='block_1_33' title="bbox 364 3454 1947 3538">
    <p class='ocr_par' dir='ltr' id='par_1_33' title="bbox 364 3454 1947 3538">
     <span class='ocr_line' id='line_1_33' title="bbox 364 3454 1947 3538; baseline -0.009 -16"><span class='ocrx_word' id='word_1_241' title='bbox 364 3468 528 3538; x_wconf 82' lang='lat' dir='ltr'><strong>gloria</strong></span> <span class='ocrx_word' id='word_1_242' title='bbox 551 3462 908 3520; x_wconf 69' lang='lat' dir='ltr'><strong>circumduxit</strong></span> <span class='ocrx_word' id='word_1_243' title='bbox 926 3461 949 3512; x_wconf 92' lang='lat'><strong>?</strong></span> <span class='ocrx_word' id='word_1_244' title='bbox 970 3458 1106 3527; x_wconf 86' lang='lat' dir='ltr'><strong>Quid</strong></span> <span class='ocrx_word' id='word_1_245' title='bbox 1133 3457 1274 3511; x_wconf 90' lang='lat' dir='ltr'><strong>enim</strong></span> <span class='ocrx_word' id='word_1_246' title='bbox 1301 3456 1477 3510; x_wconf 81' lang='lat' dir='ltr'><strong>verbis</strong></span> <span class='ocrx_word' id='word_1_247' title='bbox 1505 3455 1651 3511; x_wconf 87' lang='lat' dir='ltr'><strong>hisee</strong></span> <span class='ocrx_word' id='word_1_248' title='bbox 1675 3454 1947 3522; x_wconf 77' lang='lat' dir='ltr'><strong>humilius,</strong></span> 
     </span>
    </p>
   </div>
   <div class='ocr_carea' id='block_1_34' title="bbox 363 3545 1936 3630">
    <p class='ocr_par' dir='ltr' id='par_1_34' title="bbox 363 3545 1936 3630">
     <span class='ocr_line' id='line_1_34' title="bbox 363 3545 1936 3630; baseline -0.009 -18"><span class='ocrx_word' id='word_1_249' title='bbox 363 3559 556 3630; x_wconf 79' lang='lat' dir='ltr'><strong>quibus</strong></span> <span class='ocrx_word' id='word_1_250' title='bbox 599 3556 785 3610; x_wconf 78' lang='lat' dir='ltr'><strong>beatus</strong></span> <span class='ocrx_word' id='word_1_251' title='bbox 830 3551 915 3604; x_wconf 90' lang='lat' dir='ltr'><strong>hic</strong></span> <span class='ocrx_word' id='word_1_252' title='bbox 959 3549 1217 3618; x_wconf 85' lang='lat' dir='ltr'><strong>propheta</strong></span> <span class='ocrx_word' id='word_1_253' title='bbox 1264 3561 1388 3616; x_wconf 90' lang='lat' dir='ltr'><strong>erga</strong></span> <span class='ocrx_word' id='word_1_254' title='bbox 1436 3545 1613 3600; x_wconf 71' lang='grc' dir='ltr'><strong>δυηιυί</strong></span> <span class='ocrx_word' id='word_1_255' title='bbox 1662 3560 1789 3599; x_wconf 87' lang='lat' dir='ltr'><strong>usus</strong></span> <span class='ocrx_word' id='word_1_256' title='bbox 1818 3555 1936 3611; x_wconf 79' lang='lat' dir='ltr'><strong>est,</strong></span> 
     </span>
    </p>
   </div>
   <div class='ocr_carea' id='block_1_35' title="bbox 365 3637 1950 3706">
    <p class='ocr_par' dir='ltr' id='par_1_35' title="bbox 365 3637 1950 3706">
     <span class='ocr_line' id='line_1_35' title="bbox 365 3637 1950 3706; baseline -0.008 -3"><span class='ocrx_word' id='word_1_257' title='bbox 365 3666 486 3704; x_wconf 87' lang='lat' dir='ltr'><strong>eum</strong></span> <span class='ocrx_word' id='word_1_258' title='bbox 529 3650 596 3702; x_wconf 90' lang='lat' dir='ltr'><strong>ita</strong></span> <span class='ocrx_word' id='word_1_259' title='bbox 643 3647 878 3706; x_wconf 88' lang='lat' dir='ltr'><strong>diceret,</strong></span> <span class='ocrx_word' id='word_1_260' title='bbox 913 3641 1161 3695; x_wconf 86' lang='lat' dir='ltr'><strong>Dimittite</strong></span> <span class='ocrx_word' id='word_1_261' title='bbox 1187 3655 1335 3704; x_wconf 86' lang='lat' dir='ltr'><strong>eum,</strong></span> <span class='ocrx_word' id='word_1_262' title='bbox 1370 3648 1423 3690; x_wconf 82' lang='lat' dir='ltr'><strong>ut</strong></span> <span class='ocrx_word' id='word_1_263' title='bbox 1471 3637 1739 3690; x_wconf 82' lang='lat' dir='ltr'><strong>nmledicut</strong></span> <span class='ocrx_word' id='word_1_264' title='bbox 1787 3639 1950 3691; x_wconf 77' lang='lat' dir='ltr'><strong>ini/ti:</strong></span> 
     </span>
    </p>
   </div>
   <div class='ocr_carea' id='block_1_36' title="bbox 368 3725 1952 3802">
    <p class='ocr_par' dir='ltr' id='par_1_36' title="bbox 368 3725 1952 3802">
     <span class='ocr_line' id='line_1_36' title="bbox 368 3725 1952 3802; baseline -0.008 -8"><span class='ocrx_word' id='word_1_265' title='bbox 368 3739 615 3794; x_wconf 75' lang='lat' dir='ltr'><strong>Dominus</strong></span> <span class='ocrx_word' id='word_1_266' title='bbox 659 3738 792 3790; x_wconf 85' lang='lat' dir='ltr'><strong>enim</strong></span> <span class='ocrx_word' id='word_1_267' title='bbox 827 3732 1066 3802; x_wconf 70' lang='lat' dir='ltr'><strong>praeepit</strong></span> <span class='ocrx_word' id='word_1_268' title='bbox 1107 3731 1147 3783; x_wconf 84' lang='lat' dir='ltr'><strong>ei</strong></span> <span class='ocrx_word' id='word_1_269' title='bbox 1177 3728 1274 3798; x_wconf 67' lang='grc'><strong>(2.</strong></span> <span class='ocrx_word' id='word_1_270' title='bbox 1321 3727 1446 3799; x_wconf 78' lang='lat' dir='ltr'><strong>Reg.</strong></span> <span class='ocrx_word' id='word_1_271' title='bbox 1499 3728 1585 3782; x_wconf 81' lang='grc'><strong>16.</strong></span> <span class='ocrx_word' id='word_1_272' title='bbox 1630 3725 1776 3798; x_wconf 67' lang='lat'><strong>10)?</strong></span> <span class='ocrx_word' id='word_1_273' title='bbox 1807 3729 1952 3796; x_wconf 86' lang='lat' dir='ltr'><strong>Ipsas</strong></span> 
     </span>
    </p>
   </div>
   <div class='ocr_carea' id='block_1_37' title="bbox 366 3819 1951 3904">
    <p class='ocr_par' dir='ltr' id='par_1_37' title="bbox 366 3819 1951 3904">
     <span class='ocr_line' id='line_1_37' title="bbox 366 3819 1951 3904; baseline -0.009 -17"><span class='ocrx_word' id='word_1_274' title='bbox 366 3847 578 3904; x_wconf 81' lang='lat' dir='ltr'><strong>quoque</strong></span> <span class='ocrx_word' id='word_1_275' title='bbox 606 3844 727 3892; x_wconf 81' lang='lat' dir='ltr'><strong>res,</strong></span> <span class='ocrx_word' id='word_1_276' title='bbox 773 3825 816 3878; x_wconf 88' lang='lat' dir='ltr'><strong>si</strong></span> <span class='ocrx_word' id='word_1_277' title='bbox 864 3823 1066 3894; x_wconf 88' lang='lat' dir='ltr'><strong>placet,</strong></span> <span class='ocrx_word' id='word_1_278' title='bbox 1099 3820 1487 3876; x_wconf 76' lang='lat' dir='ltr'><strong>exautinemus.</strong></span> <span class='ocrx_word' id='word_1_279' title='bbox 1532 3819 1836 3872; x_wconf 83' lang='lat' dir='ltr'><strong>llumiliavit</strong></span> <span class='ocrx_word' id='word_1_280' title='bbox 1860 3832 1951 3873; x_wconf 86' lang='lat' dir='ltr'><strong>se-</strong></span> 
     </span>
    </p>
   </div>
   <div class='ocr_carea' id='block_1_38' title="bbox 369 3908 1952 3994">
    <p class='ocr_par' dir='ltr' id='par_1_38' title="bbox 369 3908 1952 3994">
     <span class='ocr_line' id='line_1_38' title="bbox 369 3908 1952 3994; baseline -0.011 -15"><span class='ocrx_word' id='word_1_281' title='bbox 369 3927 541 3994; x_wconf 77' lang='lat' dir='ltr'><strong>ipsqu</strong></span> <span class='ocrx_word' id='word_1_282' title='bbox 589 3919 936 3991; x_wconf 87' lang='lat' dir='ltr'><strong>publicanus,</strong></span> <span class='ocrx_word' id='word_1_283' title='bbox 984 3916 1305 3983; x_wconf 72' lang='lat' dir='ltr'><strong>quamduam</strong></span> <span class='ocrx_word' id='word_1_284' title='bbox 1335 3925 1402 3965; x_wconf 91' lang='lat' dir='ltr'><strong>ne</strong></span> <span class='ocrx_word' id='word_1_285' title='bbox 1429 3909 1642 3978; x_wconf 87' lang='lat' dir='ltr'><strong>quidem</strong></span> <span class='ocrx_word' id='word_1_286' title='bbox 1679 3908 1952 3962; x_wconf 86' lang='lat' dir='ltr'><strong>humilitas</strong></span> 
     </span>
    </p>
   </div>
   <div class='ocr_carea' id='block_1_39' title="bbox 367 3998 1944 4078">
    <p class='ocr_par' dir='ltr' id='par_1_39' title="bbox 367 3998 1944 4078">
     <span class='ocr_line' id='line_1_39' title="bbox 367 3998 1944 4078; baseline -0.011 -10"><span class='ocrx_word' id='word_1_287' title='bbox 367 4023 484 4068; x_wconf 85' lang='lat' dir='ltr'><strong>erat</strong></span> <span class='ocrx_word' id='word_1_288' title='bbox 509 4055 523 4078; x_wconf 86' lang='lat'><strong>,</strong></span> <span class='ocrx_word' id='word_1_289' title='bbox 558 4009 651 4065; x_wconf 86' lang='lat' dir='ltr'><strong>sed</strong></span> <span class='ocrx_word' id='word_1_290' title='bbox 696 4019 870 4061; x_wconf 90' lang='lat' dir='ltr'><strong>tamen</strong></span> <span class='ocrx_word' id='word_1_291' title='bbox 912 4004 1151 4060; x_wconf 88' lang='lat' dir='ltr'><strong>modeste</strong></span> <span class='ocrx_word' id='word_1_292' title='bbox 1181 4013 1234 4057; x_wconf 91' lang='lat' dir='ltr'><strong>ct</strong></span> <span class='ocrx_word' id='word_1_293' title='bbox 1270 3998 1573 4055; x_wconf 89' lang='lat' dir='ltr'><strong>verecunde</strong></span> <span class='ocrx_word' id='word_1_294' title='bbox 1607 3998 1944 4068; x_wconf 80' lang='lat' dir='ltr'><strong>loquebatur.</strong></span> 
     </span>
    </p>
   </div>
   <div class='ocr_carea' id='block_1_40' title="bbox 371 4089 1955 4170">
    <p class='ocr_par' dir='ltr' id='par_1_40' title="bbox 371 4089 1955 4170">
     <span class='ocr_line' id='line_1_40' title="bbox 371 4089 1955 4170; baseline -0.008 -12"><span class='ocrx_word' id='word_1_295' title='bbox 371 4103 572 4159; x_wconf 74' lang='lat' dir='ltr'><strong>Extulit</strong></span> <span class='ocrx_word' id='word_1_296' title='bbox 615 4101 848 4170; x_wconf 69' lang='lat' dir='ltr'><strong>seipsqu</strong></span> <span class='ocrx_word' id='word_1_297' title='bbox 880 4097 1182 4151; x_wconf 76' lang='lat' dir='ltr'><strong>Pharisznus</strong></span> <span class='ocrx_word' id='word_1_298' title='bbox 1213 4111 1226 4147; x_wconf 90' lang='lat'><strong>:</strong></span> <span class='ocrx_word' id='word_1_299' title='bbox 1259 4092 1390 4166; x_wconf 70' lang='lat' dir='ltr'><strong>scd,</strong></span> <span class='ocrx_word' id='word_1_300' title='bbox 1437 4090 1481 4142; x_wconf 89' lang='lat' dir='ltr'><strong>si</strong></span> <span class='ocrx_word' id='word_1_301' title='bbox 1524 4089 1690 4155; x_wconf 90' lang='lat' dir='ltr'><strong>libet,</strong></span> <span class='ocrx_word' id='word_1_302' title='bbox 1742 4091 1955 4145; x_wconf 84' lang='lat' dir='ltr'><strong>omissis</strong></span> 
     </span>
    </p>
   </div>
   <div class='ocr_carea' id='block_1_41' title="bbox 368 4181 1956 4267">
    <p class='ocr_par' dir='ltr' id='par_1_41' title="bbox 368 4181 1956 4267">
     <span class='ocr_line' id='line_1_41' title="bbox 368 4181 1956 4267; baseline -0.004 -20"><span class='ocrx_word' id='word_1_303' title='bbox 368 4195 613 4267; x_wconf 81' lang='lat' dir='ltr'><strong>personis</strong></span> <span class='ocrx_word' id='word_1_304' title='bbox 642 4209 727 4248; x_wconf 81' lang='lat' dir='ltr'><strong>res</strong></span> <span class='ocrx_word' id='word_1_305' title='bbox 756 4192 898 4261; x_wconf 88' lang='lat' dir='ltr'><strong>ipsas</strong></span> <span class='ocrx_word' id='word_1_306' title='bbox 935 4188 1330 4245; x_wconf 81' lang='lat' dir='ltr'><strong>examinemus.</strong></span> <span class='ocrx_word' id='word_1_307' title='bbox 1378 4181 1690 4238; x_wconf 87' lang='lat' dir='ltr'><strong>Statuantur</strong></span> <span class='ocrx_word' id='word_1_308' title='bbox 1717 4185 1822 4239; x_wconf 91' lang='lat' dir='ltr'><strong>duo</strong></span> <span class='ocrx_word' id='word_1_309' title='bbox 1858 4186 1956 4240; x_wconf 85' lang='lat' dir='ltr'><strong>ali-</strong></span> 
     </span>
    </p>
   </div>
   <div class='ocr_carea' id='block_1_42' title="bbox 365 4278 1955 4362">
    <p class='ocr_par' dir='ltr' id='par_1_42' title="bbox 365 4278 1955 4362">
     <span class='ocr_line' id='line_1_42' title="bbox 365 4278 1955 4362; baseline -0.008 -16"><span class='ocrx_word' id='word_1_310' title='bbox 365 4293 491 4362; x_wconf 87' lang='lat' dir='ltr'><strong>qui,</strong></span> <span class='ocrx_word' id='word_1_311' title='bbox 541 4289 698 4345; x_wconf 90' lang='lat' dir='ltr'><strong>ambo</strong></span> <span class='ocrx_word' id='word_1_312' title='bbox 739 4296 794 4342; x_wconf 93' lang='lat' dir='ltr'><strong>et</strong></span> <span class='ocrx_word' id='word_1_313' title='bbox 830 4285 1030 4339; x_wconf 84' lang='lat' dir='ltr'><strong>divitiis</strong></span> <span class='ocrx_word' id='word_1_314' title='bbox 1065 4291 1120 4337; x_wconf 89' lang='lat' dir='ltr'><strong>ct</strong></span> <span class='ocrx_word' id='word_1_315' title='bbox 1154 4279 1446 4334; x_wconf 91' lang='lat' dir='ltr'><strong>honoribus</strong></span> <span class='ocrx_word' id='word_1_316' title='bbox 1492 4278 1860 4346; x_wconf 89' lang='lat' dir='ltr'><strong>abundantes,</strong></span> <span class='ocrx_word' id='word_1_317' title='bbox 1892 4297 1955 4338; x_wconf 87' lang='lat' dir='ltr'><strong>ac</strong></span> 
     </span>
    </p>
   </div>
   <div class='ocr_carea' id='block_1_43' title="bbox 368 4379 1953 4456">
    <p class='ocr_par' dir='ltr' id='par_1_43' title="bbox 368 4379 1953 4456">
     <span class='ocr_line' id='line_1_43' title="bbox 368 4379 1953 4456; baseline -0.01 -15"><span class='ocrx_word' id='word_1_318' title='bbox 368 4399 479 4442; x_wconf 80' lang='lat' dir='ltr'><strong>tum</strong></span> <span class='ocrx_word' id='word_1_319' title='bbox 509 4387 562 4440; x_wconf 91' lang='lat' dir='ltr'><strong>in</strong></span> <span class='ocrx_word' id='word_1_320' title='bbox 590 4384 850 4456; x_wconf 86' lang='lat' dir='ltr'><strong>sapientia</strong></span> <span class='ocrx_word' id='word_1_321' title='bbox 874 4426 888 4447; x_wconf 87' lang='lat'><strong>,</strong></span> <span class='ocrx_word' id='word_1_322' title='bbox 921 4391 1029 4434; x_wconf 91' lang='lat' dir='ltr'><strong>tum</strong></span> <span class='ocrx_word' id='word_1_323' title='bbox 1063 4379 1114 4432; x_wconf 91' lang='lat' dir='ltr'><strong>in</strong></span> <span class='ocrx_word' id='word_1_324' title='bbox 1146 4380 1380 4448; x_wconf 87' lang='lat' dir='ltr'><strong>potentia</strong></span> <span class='ocrx_word' id='word_1_325' title='bbox 1411 4389 1465 4435; x_wconf 86' lang='lat' dir='ltr'><strong>et</strong></span> <span class='ocrx_word' id='word_1_326' title='bbox 1492 4381 1544 4434; x_wconf 78' lang='lat' dir='ltr'><strong>in</strong></span> <span class='ocrx_word' id='word_1_327' title='bbox 1577 4379 1698 4434; x_wconf 82' lang='lat' dir='ltr'><strong>aliis</strong></span> <span class='ocrx_word' id='word_1_328' title='bbox 1725 4379 1953 4434; x_wconf 76' lang='lat' dir='ltr'><strong>munda-</strong></span> 
     </span>
    </p>
   </div>
   <div class='ocr_carea' id='block_1_44' title="bbox 370 4470 1956 4542">
    <p class='ocr_par' dir='ltr' id='par_1_44' title="bbox 370 4470 1956 4542">
     <span class='ocr_line' id='line_1_44' title="bbox 370 4470 1956 4542; baseline -0.005 -9"><span class='ocrx_word' id='word_1_329' title='bbox 370 4480 454 4533; x_wconf 91' lang='lat' dir='ltr'><strong>nis</strong></span> <span class='ocrx_word' id='word_1_330' title='bbox 482 4477 635 4532; x_wconf 91' lang='lat' dir='ltr'><strong>bonis</strong></span> <span class='ocrx_word' id='word_1_331' title='bbox 677 4475 743 4530; x_wconf 90' lang='lat' dir='ltr'><strong>de</strong></span> <span class='ocrx_word' id='word_1_332' title='bbox 789 4490 848 4528; x_wconf 91' lang='lat' dir='ltr'><strong>se</strong></span> <span class='ocrx_word' id='word_1_333' title='bbox 893 4473 1022 4542; x_wconf 72' lang='lat' dir='ltr'><strong>ipsis</strong></span> <span class='ocrx_word' id='word_1_334' title='bbox 1068 4470 1347 4539; x_wconf 87' lang='lat' dir='ltr'><strong>magnifice</strong></span> <span class='ocrx_word' id='word_1_335' title='bbox 1392 4472 1727 4526; x_wconf 87' lang='lat' dir='ltr'><strong>sentientes:</strong></span> <span class='ocrx_word' id='word_1_336' title='bbox 1760 4471 1956 4525; x_wconf 88' lang='lat' dir='ltr'><strong>deinde</strong></span> 
     </span>
    </p>
   </div>
   <div class='ocr_carea' id='block_1_45' title="bbox 368 4562 1954 4640">
    <p class='ocr_par' dir='ltr' id='par_1_45' title="bbox 368 4562 1954 4640">
     <span class='ocr_line' id='line_1_45' title="bbox 368 4562 1954 4640; baseline -0.006 -16"><span class='ocrx_word' id='word_1_337' title='bbox 368 4571 504 4626; x_wconf 86' lang='lat' dir='ltr'><strong>alter</strong></span> <span class='ocrx_word' id='word_1_338' title='bbox 529 4566 744 4640; x_wconf 89' lang='lat' dir='ltr'><strong>quidem</strong></span> <span class='ocrx_word' id='word_1_339' title='bbox 775 4565 1008 4619; x_wconf 85' lang='lat' dir='ltr'><strong>honores</strong></span> <span class='ocrx_word' id='word_1_340' title='bbox 1037 4563 1106 4615; x_wconf 91' lang='lat' dir='ltr'><strong>ab</strong></span> <span class='ocrx_word' id='word_1_341' title='bbox 1135 4562 1384 4615; x_wconf 89' lang='lat' dir='ltr'><strong>onmihus</strong></span> <span class='ocrx_word' id='word_1_342' title='bbox 1416 4569 1556 4631; x_wconf 86' lang='lat' dir='ltr'><strong>petat</strong></span> <span class='ocrx_word' id='word_1_343' title='bbox 1583 4602 1598 4627; x_wconf 92' lang='lat'><strong>,</strong></span> <span class='ocrx_word' id='word_1_344' title='bbox 1642 4573 1695 4616; x_wconf 90' lang='lat' dir='ltr'><strong>et</strong></span> <span class='ocrx_word' id='word_1_345' title='bbox 1736 4562 1835 4615; x_wconf 90' lang='lat' dir='ltr'><strong>nisi</strong></span> <span class='ocrx_word' id='word_1_346' title='bbox 1861 4577 1954 4615; x_wconf 92' lang='lat' dir='ltr'><strong>ac-</strong></span> 
     </span>
    </p>
   </div>
   <div class='ocr_carea' id='block_1_46' title="bbox 369 4654 1959 4734">
    <p class='ocr_par' dir='ltr' id='par_1_46' title="bbox 369 4654 1959 4734">
     <span class='ocr_line' id='line_1_46' title="bbox 369 4654 1959 4734; baseline -0.007 -16"><span class='ocrx_word' id='word_1_347' title='bbox 369 4663 532 4734; x_wconf 84' lang='lat' dir='ltr'><strong>cipiat</strong></span> <span class='ocrx_word' id='word_1_348' title='bbox 558 4662 819 4715; x_wconf 85' lang='lat' dir='ltr'><strong>irascatur</strong></span> <span class='ocrx_word' id='word_1_349' title='bbox 838 4698 852 4721; x_wconf 93' lang='lat'><strong>,</strong></span> <span class='ocrx_word' id='word_1_350' title='bbox 879 4665 934 4709; x_wconf 92' lang='lat' dir='ltr'><strong>et</strong></span> <span class='ocrx_word' id='word_1_351' title='bbox 963 4655 1242 4725; x_wconf 31' lang='lat' dir='ltr'><strong>plustiuam</strong></span> <span class='ocrx_word' id='word_1_352' title='bbox 1267 4668 1401 4724; x_wconf 89' lang='lat' dir='ltr'><strong>opus</strong></span> <span class='ocrx_word' id='word_1_353' title='bbox 1427 4665 1509 4708; x_wconf 90' lang='lat' dir='ltr'><strong>est</strong></span> <span class='ocrx_word' id='word_1_354' title='bbox 1531 4654 1744 4722; x_wconf 82' lang='lat' dir='ltr'><strong>exigat,</strong></span> <span class='ocrx_word' id='word_1_355' title='bbox 1778 4667 1841 4706; x_wconf 89' lang='lat' dir='ltr'><strong>ac</strong></span> <span class='ocrx_word' id='word_1_356' title='bbox 1867 4667 1959 4707; x_wconf 55' lang='lat' dir='ltr'><strong>sed</strong></span> 
     </span>
    </p>
   </div>
   <div class='ocr_carea' id='block_1_47' title="bbox 371 4745 1956 4825">
    <p class='ocr_par' dir='ltr' id='par_1_47' title="bbox 371 4745 1956 4825">
     <span class='ocr_line' id='line_1_47' title="bbox 371 4745 1956 4825; baseline -0.007 -16"><span class='ocrx_word' id='word_1_357' title='bbox 371 4755 544 4825; x_wconf 89' lang='lat' dir='ltr'><strong>ipsum</strong></span> <span class='ocrx_word' id='word_1_358' title='bbox 592 4749 851 4814; x_wconf 67' lang='lat' dir='ltr'><strong>extollat;</strong></span> <span class='ocrx_word' id='word_1_359' title='bbox 902 4747 1038 4801; x_wconf 88' lang='lat' dir='ltr'><strong>alter</strong></span> <span class='ocrx_word' id='word_1_360' title='bbox 1100 4761 1228 4800; x_wconf 89' lang='lat' dir='ltr'><strong>vero</strong></span> <span class='ocrx_word' id='word_1_361' title='bbox 1282 4754 1444 4799; x_wconf 89' lang='lat' dir='ltr'><strong>totam</strong></span> <span class='ocrx_word' id='word_1_362' title='bbox 1499 4760 1612 4799; x_wconf 92' lang='lat' dir='ltr'><strong>rem</strong></span> <span class='ocrx_word' id='word_1_363' title='bbox 1661 4745 1956 4813; x_wconf 64' lang='lat' dir='ltr'><strong>destricial,</strong></span> 
     </span>
    </p>
   </div>
   <div class='ocr_carea' id='block_1_48' title="bbox 369 4834 1958 4904">
    <p class='ocr_par' dir='ltr' id='par_1_48' title="bbox 369 4834 1958 4904">
     <span class='ocr_line' id='line_1_48' title="bbox 369 4834 1958 4904; baseline -0.005 -4"><span class='ocrx_word' id='word_1_364' title='bbox 369 4844 570 4901; x_wconf 87' lang='lat' dir='ltr'><strong>nemini</strong></span> <span class='ocrx_word' id='word_1_365' title='bbox 622 4841 721 4897; x_wconf 89' lang='lat' dir='ltr'><strong>hac</strong></span> <span class='ocrx_word' id='word_1_366' title='bbox 759 4839 827 4894; x_wconf 89' lang='lat' dir='ltr'><strong>de</strong></span> <span class='ocrx_word' id='word_1_367' title='bbox 871 4853 1044 4893; x_wconf 76' lang='lat' dir='ltr'><strong>causa.</strong></span> <span class='ocrx_word' id='word_1_368' title='bbox 1074 4844 1424 4900; x_wconf 84' lang='lat' dir='ltr'><strong>succenseat,</strong></span> <span class='ocrx_word' id='word_1_369' title='bbox 1471 4834 1814 4904; x_wconf 87' lang='lat' dir='ltr'><strong>delatumque</strong></span> <span class='ocrx_word' id='word_1_370' title='bbox 1858 4835 1958 4892; x_wconf 89' lang='lat' dir='ltr'><strong>sibi</strong></span> 
     </span>
    </p>
   </div>
   <div class='ocr_carea' id='block_1_49' title="bbox 366 4926 1958 5002">
    <p class='ocr_par' dir='ltr' id='par_1_49' title="bbox 366 4926 1958 5002">
     <span class='ocr_line' id='line_1_49' title="bbox 366 4926 1958 5002; baseline -0.005 -12"><span class='ocrx_word' id='word_1_371' title='bbox 366 4936 633 4991; x_wconf 83' lang='lat' dir='ltr'><strong>honorem</strong></span> <span class='ocrx_word' id='word_1_372' title='bbox 681 4930 926 5002; x_wconf 87' lang='lat' dir='ltr'><strong>repudiet</strong></span> <span class='ocrx_word' id='word_1_373' title='bbox 954 4947 966 4984; x_wconf 94' lang='lat'><strong>:</strong></span> <span class='ocrx_word' id='word_1_374' title='bbox 1003 4941 1121 4984; x_wconf 89' lang='lat' dir='ltr'><strong>uter</strong></span> <span class='ocrx_word' id='word_1_375' title='bbox 1145 4971 1160 4993; x_wconf 92' lang='lat'><strong>,</strong></span> <span class='ocrx_word' id='word_1_376' title='bbox 1201 4927 1289 4982; x_wconf 90' lang='lat' dir='ltr'><strong>dic</strong></span> <span class='ocrx_word' id='word_1_377' title='bbox 1324 4926 1451 4980; x_wconf 89' lang='lat' dir='ltr'><strong>mihi</strong></span> <span class='ocrx_word' id='word_1_378' title='bbox 1475 4970 1490 4992; x_wconf 89' lang='lat'><strong>,</strong></span> <span class='ocrx_word' id='word_1_379' title='bbox 1538 4926 1709 4995; x_wconf 84' lang='lat' dir='ltr'><strong>major</strong></span> <span class='ocrx_word' id='word_1_380' title='bbox 1738 4930 1864 4982; x_wconf 82' lang='lat' dir='ltr'><strong>est?</strong></span> <span class='ocrx_word' id='word_1_381' title='bbox 1890 4943 1958 4982; x_wconf 88' lang='lat' dir='ltr'><strong>an</strong></span> 
     </span>
    </p>
   </div>
   <div class='ocr_carea' id='block_1_50' title="bbox 369 5019 1956 5094">
    <p class='ocr_par' dir='ltr' id='par_1_50' title="bbox 369 5019 1956 5094">
     <span class='ocr_line' id='line_1_50' title="bbox 369 5019 1956 5094; baseline -0.004 -12"><span class='ocrx_word' id='word_1_382' title='bbox 369 5030 459 5094; x_wconf 83' lang='lat' dir='ltr'><strong>qui</strong></span> <span class='ocrx_word' id='word_1_383' title='bbox 511 5029 771 5083; x_wconf 88' lang='lat' dir='ltr'><strong>honorem</strong></span> <span class='ocrx_word' id='word_1_384' title='bbox 815 5041 918 5078; x_wconf 91' lang='lat' dir='ltr'><strong>non</strong></span> <span class='ocrx_word' id='word_1_385' title='bbox 966 5023 1160 5092; x_wconf 89' lang='lat' dir='ltr'><strong>accipit</strong></span> <span class='ocrx_word' id='word_1_386' title='bbox 1187 5062 1200 5085; x_wconf 97' lang='lat'><strong>,</strong></span> <span class='ocrx_word' id='word_1_387' title='bbox 1235 5020 1481 5090; x_wconf 85' lang='lat' dir='ltr'><strong>quamvis</strong></span> <span class='ocrx_word' id='word_1_388' title='bbox 1526 5019 1714 5089; x_wconf 87' lang='lat' dir='ltr'><strong>petat?</strong></span> <span class='ocrx_word' id='word_1_389' title='bbox 1754 5035 1821 5074; x_wconf 88' lang='lat' dir='ltr'><strong>au</strong></span> <span class='ocrx_word' id='word_1_390' title='bbox 1868 5021 1956 5091; x_wconf 90' lang='lat' dir='ltr'><strong>qui</strong></span> 
     </span>
    </p>
   </div>
   <div class='ocr_carea' id='block_1_51' title="bbox 375 5111 1956 5183">
    <p class='ocr_par' dir='ltr' id='par_1_51' title="bbox 375 5111 1956 5183">
     <span class='ocr_line' id='line_1_51' title="bbox 375 5111 1956 5183; baseline -0.004 -10"><span class='ocrx_word' id='word_1_391' title='bbox 375 5121 613 5176; x_wconf 89' lang='lat' dir='ltr'><strong>delatmu</strong></span> <span class='ocrx_word' id='word_1_392' title='bbox 661 5117 822 5171; x_wconf 84' lang='lat' dir='ltr'><strong>etiam</strong></span> <span class='ocrx_word' id='word_1_393' title='bbox 853 5111 1122 5183; x_wconf 84' lang='lat' dir='ltr'><strong>despicit?</strong></span> <span class='ocrx_word' id='word_1_394' title='bbox 1168 5111 1453 5181; x_wconf 82' lang='lat' dir='ltr'><strong>PerSpieue</strong></span> <span class='ocrx_word' id='word_1_395' title='bbox 1480 5111 1567 5166; x_wconf 92' lang='lat' dir='ltr'><strong>hic</strong></span> <span class='ocrx_word' id='word_1_396' title='bbox 1591 5111 1680 5180; x_wconf 91' lang='lat' dir='ltr'><strong>qui</strong></span> <span class='ocrx_word' id='word_1_397' title='bbox 1711 5121 1956 5166; x_wconf 82' lang='lat' dir='ltr'><strong>content-</strong></span> 
     </span>
    </p>
   </div>
   <div class='ocr_carea' id='block_1_52' title="bbox 373 5203 1957 5282">
    <p class='ocr_par' dir='ltr' id='par_1_52' title="bbox 373 5203 1957 5282">
     <span class='ocr_line' id='line_1_52' title="bbox 373 5203 1957 5282; baseline -0.004 -15"><span class='ocrx_word' id='word_1_398' title='bbox 373 5213 498 5278; x_wconf 89' lang='lat' dir='ltr'><strong>nit;</strong></span> <span class='ocrx_word' id='word_1_399' title='bbox 548 5219 602 5266; x_wconf 88' lang='lat' dir='ltr'><strong>et</strong></span> <span class='ocrx_word' id='word_1_400' title='bbox 650 5210 766 5282; x_wconf 77' lang='lat' dir='ltr'><strong>jure</strong></span> <span class='ocrx_word' id='word_1_401' title='bbox 809 5205 1050 5276; x_wconf 88' lang='lat' dir='ltr'><strong>quidem.</strong></span> <span class='ocrx_word' id='word_1_402' title='bbox 1098 5203 1294 5258; x_wconf 75' lang='lat' dir='ltr'><strong>Gloria:</strong></span> <span class='ocrx_word' id='word_1_403' title='bbox 1356 5203 1498 5259; x_wconf 89' lang='lat' dir='ltr'><strong>enim</strong></span> <span class='ocrx_word' id='word_1_404' title='bbox 1567 5206 1957 5276; x_wconf 75' lang='lat' dir='ltr'><strong>consequenda:</strong></span> 
     </span>
    </p>
   </div>
   <div class='ocr_carea' id='block_1_53' title="bbox 376 5295 1956 5366">
    <p class='ocr_par' dir='ltr' id='par_1_53' title="bbox 376 5295 1956 5366">
     <span class='ocr_line' id='line_1_53' title="bbox 376 5295 1956 5366; baseline -0.003 -9"><span class='ocrx_word' id='word_1_405' title='bbox 376 5303 479 5357; x_wconf 87' lang='lat' dir='ltr'><strong>alia</strong></span> <span class='ocrx_word' id='word_1_406' title='bbox 513 5302 649 5357; x_wconf 90' lang='lat' dir='ltr'><strong>ratio</strong></span> <span class='ocrx_word' id='word_1_407' title='bbox 693 5315 798 5353; x_wconf 91' lang='lat' dir='ltr'><strong>non</strong></span> <span class='ocrx_word' id='word_1_408' title='bbox 845 5306 960 5360; x_wconf 90' lang='lat' dir='ltr'><strong>est,</strong></span> <span class='ocrx_word' id='word_1_409' title='bbox 1008 5311 1168 5366; x_wconf 87' lang='lat' dir='ltr'><strong>quam</strong></span> <span class='ocrx_word' id='word_1_410' title='bbox 1207 5295 1430 5365; x_wconf 82' lang='lat' dir='ltr'><strong>gloriam</strong></span> <span class='ocrx_word' id='word_1_411' title='bbox 1462 5298 1662 5366; x_wconf 82' lang='lat' dir='ltr'><strong>fugere.</strong></span> <span class='ocrx_word' id='word_1_412' title='bbox 1693 5299 1956 5366; x_wconf 86' lang='lat' dir='ltr'><strong>Quamdiu</strong></span> 
     </span>
    </p>
   </div>
   <div class='ocr_carea' id='block_1_54' title="bbox 379 5385 1957 5460">
    <p class='ocr_par' dir='ltr' id='par_1_54' title="bbox 379 5385 1957 5460">
     <span class='ocr_line' id='line_1_54' title="bbox 379 5385 1957 5460; baseline -0.003 -12"><span class='ocrx_word' id='word_1_413' title='bbox 379 5393 522 5448; x_wconf 89' lang='lat' dir='ltr'><strong>enim</strong></span> <span class='ocrx_word' id='word_1_414' title='bbox 553 5392 721 5460; x_wconf 84' lang='lat' dir='ltr'><strong>ipsam</strong></span> <span class='ocrx_word' id='word_1_415' title='bbox 759 5385 1162 5456; x_wconf 87' lang='lat' dir='ltr'><strong>persequimur,</strong></span> <span class='ocrx_word' id='word_1_416' title='bbox 1197 5388 1328 5456; x_wconf 81' lang='lat' dir='ltr'><strong>fugit</strong></span> <span class='ocrx_word' id='word_1_417' title='bbox 1370 5403 1504 5452; x_wconf 81' lang='lat' dir='ltr'><strong>nos;</strong></span> <span class='ocrx_word' id='word_1_418' title='bbox 1538 5405 1658 5443; x_wconf 84' lang='lat' dir='ltr'><strong>euut</strong></span> <span class='ocrx_word' id='word_1_419' title='bbox 1683 5405 1809 5444; x_wconf 89' lang='lat' dir='ltr'><strong>vero</strong></span> <span class='ocrx_word' id='word_1_420' title='bbox 1837 5404 1957 5444; x_wconf 86' lang='lat' dir='ltr'><strong>eant</strong></span> 
     </span>
    </p>
   </div>
   <div class='ocr_carea' id='block_1_55' title="bbox 381 5479 1957 5556">
    <p class='ocr_par' dir='ltr' id='par_1_55' title="bbox 381 5479 1957 5556">
     <span class='ocr_line' id='line_1_55' title="bbox 381 5479 1957 5556; baseline -0.002 -17"><span class='ocrx_word' id='word_1_421' title='bbox 381 5484 644 5556; x_wconf 84' lang='lat' dir='ltr'><strong>fugimus.</strong></span> <span class='ocrx_word' id='word_1_422' title='bbox 687 5481 806 5550; x_wconf 87' lang='lat' dir='ltr'><strong>ipsa</strong></span> <span class='ocrx_word' id='word_1_423' title='bbox 835 5494 932 5533; x_wconf 86' lang='lat' dir='ltr'><strong>nos</strong></span> <span class='ocrx_word' id='word_1_424' title='bbox 963 5479 1319 5549; x_wconf 87' lang='lat' dir='ltr'><strong>persequitur.</strong></span> <span class='ocrx_word' id='word_1_425' title='bbox 1346 5479 1401 5534; x_wconf 90' lang='lat' dir='ltr'><strong>Si</strong></span> <span class='ocrx_word' id='word_1_426' title='bbox 1425 5480 1502 5534; x_wconf 93' lang='lat' dir='ltr'><strong>vis</strong></span> <span class='ocrx_word' id='word_1_427' title='bbox 1529 5481 1579 5535; x_wconf 90' lang='lat' dir='ltr'><strong>in</strong></span> <span class='ocrx_word' id='word_1_428' title='bbox 1611 5481 1776 5550; x_wconf 85' lang='lat' dir='ltr'><strong>gloria</strong></span> <span class='ocrx_word' id='word_1_429' title='bbox 1799 5495 1921 5536; x_wconf 84' lang='lat' dir='ltr'><strong>esse</strong></span> <span class='ocrx_word' id='word_1_430' title='bbox 1940 5523 1957 5548; x_wconf 92' lang='lat'><strong>,</strong></span> 
     </span>
    </p>
   </div>
   <div class='ocr_carea' id='block_1_56' title="bbox 377 5570 1960 5646">
    <p class='ocr_par' dir='ltr' id='par_1_56' title="bbox 377 5570 1960 5646">
     <span class='ocr_line' id='line_1_56' title="bbox 377 5570 1960 5646; baseline -0.001 -18"><span class='ocrx_word' id='word_1_431' title='bbox 377 5575 602 5646; x_wconf 77' lang='lat' dir='ltr'><strong>gloriam</strong></span> <span class='ocrx_word' id='word_1_432' title='bbox 647 5587 714 5625; x_wconf 86' lang='lat' dir='ltr'><strong>ne</strong></span> <span class='ocrx_word' id='word_1_433' title='bbox 753 5571 1143 5640; x_wconf 86' lang='lat' dir='ltr'><strong>concupiscas:</strong></span> <span class='ocrx_word' id='word_1_434' title='bbox 1175 5570 1220 5624; x_wconf 92' lang='lat' dir='ltr'><strong>si</strong></span> <span class='ocrx_word' id='word_1_435' title='bbox 1267 5570 1347 5624; x_wconf 88' lang='lat' dir='ltr'><strong>vis</strong></span> <span class='ocrx_word' id='word_1_436' title='bbox 1385 5570 1565 5626; x_wconf 86' lang='lat' dir='ltr'><strong>celsus</strong></span> <span class='ocrx_word' id='word_1_437' title='bbox 1615 5586 1767 5635; x_wconf 87' lang='lat' dir='ltr'><strong>esse,</strong></span> <span class='ocrx_word' id='word_1_438' title='bbox 1807 5586 1876 5626; x_wconf 91' lang='lat' dir='ltr'><strong>ne</strong></span> <span class='ocrx_word' id='word_1_439' title='bbox 1907 5581 1960 5626; x_wconf 89' lang='lat' dir='ltr'><strong>te</strong></span> 
     </span>
    </p>
   </div>
   <div class='ocr_carea' id='block_1_57' title="bbox 381 5660 1954 5738">
    <p class='ocr_par' dir='ltr' id='par_1_57' title="bbox 381 5660 1954 5738">
     <span class='ocr_line' id='line_1_57' title="bbox 381 5660 1954 5738; baseline -0.005 -16"><span class='ocrx_word' id='word_1_440' title='bbox 381 5670 495 5738; x_wconf 87' lang='lat' dir='ltr'><strong>ipse</strong></span> <span class='ocrx_word' id='word_1_441' title='bbox 522 5664 573 5719; x_wconf 91' lang='lat' dir='ltr'><strong>in</strong></span> <span class='ocrx_word' id='word_1_442' title='bbox 600 5661 826 5717; x_wconf 86' lang='lat' dir='ltr'><strong>sublime</strong></span> <span class='ocrx_word' id='word_1_443' title='bbox 869 5660 1082 5716; x_wconf 83' lang='lat' dir='ltr'><strong>efferas.</strong></span> <span class='ocrx_word' id='word_1_444' title='bbox 1113 5663 1284 5732; x_wconf 80' lang='lat' dir='ltr'><strong>Atque</strong></span> <span class='ocrx_word' id='word_1_445' title='bbox 1309 5661 1410 5716; x_wconf 90' lang='lat' dir='ltr'><strong>alia</strong></span> <span class='ocrx_word' id='word_1_446' title='bbox 1439 5663 1600 5717; x_wconf 90' lang='lat' dir='ltr'><strong>etiam</strong></span> <span class='ocrx_word' id='word_1_447' title='bbox 1643 5677 1803 5717; x_wconf 87' lang='lat' dir='ltr'><strong>causa</strong></span> <span class='ocrx_word' id='word_1_448' title='bbox 1831 5671 1914 5717; x_wconf 87' lang='lat' dir='ltr'><strong>est</strong></span> <span class='ocrx_word' id='word_1_449' title='bbox 1938 5703 1954 5730; x_wconf 83' lang='lat'><strong>,</strong></span> 
     </span>
    </p>
   </div>
   <div class='ocr_carea' id='block_1_58' title="bbox 382 5751 1959 5822">
    <p class='ocr_par' dir='ltr' id='par_1_58' title="bbox 382 5751 1959 5822">
     <span class='ocr_line' id='line_1_58' title="bbox 382 5751 1959 5822; baseline -0.001 -12"><span class='ocrx_word' id='word_1_450' title='bbox 382 5773 482 5810; x_wconf 82' lang='lat' dir='ltr'><strong>cur</strong></span> <span class='ocrx_word' id='word_1_451' title='bbox 505 5755 746 5810; x_wconf 85' lang='lat' dir='ltr'><strong>homines</strong></span> <span class='ocrx_word' id='word_1_452' title='bbox 773 5755 949 5809; x_wconf 88' lang='lat' dir='ltr'><strong>colant</strong></span> <span class='ocrx_word' id='word_1_453' title='bbox 975 5751 1196 5808; x_wconf 87' lang='lat' dir='ltr'><strong>honoris</strong></span> <span class='ocrx_word' id='word_1_454' title='bbox 1228 5770 1332 5806; x_wconf 87' lang='lat' dir='ltr'><strong>non</strong></span> <span class='ocrx_word' id='word_1_455' title='bbox 1364 5763 1702 5822; x_wconf 87' lang='lat' dir='ltr'><strong>appetentem</strong></span> <span class='ocrx_word' id='word_1_456' title='bbox 1721 5796 1734 5816; x_wconf 86' lang='lat'><strong>,</strong></span> <span class='ocrx_word' id='word_1_457' title='bbox 1761 5769 1959 5809; x_wconf 76' lang='lat' dir='ltr'><strong>conse-</strong></span> 
     </span>
    </p>
   </div>
   <div class='ocr_carea' id='block_1_59' title="bbox 378 5843 1999 5930">
    <p class='ocr_par' dir='ltr' id='par_1_59' title="bbox 378 5843 1999 5930">
     <span class='ocr_line' id='line_1_59' title="bbox 378 5843 1999 5930; baseline -0.001 -26"><span class='ocrx_word' id='word_1_458' title='bbox 378 5856 612 5904; x_wconf 68' lang='lat' dir='ltr'><strong>ntantcm</strong></span> <span class='ocrx_word' id='word_1_459' title='bbox 643 5863 766 5903; x_wconf 80' lang='lat' dir='ltr'><strong>vero</strong></span> <span class='ocrx_word' id='word_1_460' title='bbox 791 5854 1106 5903; x_wconf 85' lang='lat' dir='ltr'><strong>avcrsentur</strong></span> <span class='ocrx_word' id='word_1_461' title='bbox 1143 5863 1156 5900; x_wconf 90' lang='lat'>:</span> <span class='ocrx_word' id='word_1_462' title='bbox 1189 5844 1404 5900; x_wconf 84' lang='lat' dir='ltr'><strong>insitum</strong></span> <span class='ocrx_word' id='word_1_463' title='bbox 1429 5847 1573 5900; x_wconf 88' lang='lat' dir='ltr'><strong>enim</strong></span> <span class='ocrx_word' id='word_1_464' title='bbox 1613 5843 1714 5899; x_wconf 87' lang='lat' dir='ltr'><strong>huc</strong></span> <span class='ocrx_word' id='word_1_465' title='bbox 1742 5853 1826 5902; x_wconf 84' lang='lat' dir='ltr'><strong>cst</strong></span> <span class='ocrx_word' id='word_1_466' title='bbox 1855 5846 1953 5902; x_wconf 63' lang='grc' dir='ltr'><strong>ιω-</strong></span> <span class='ocrx_word' id='word_1_467' title='bbox 1997 5928 1999 5930; x_wconf 14' lang='grc' dir='ltr'><strong>η</strong></span> 
     </span>
    </p>
   </div>
   <div class='ocr_carea' id='block_1_60' title="bbox 1111 398 2923 466">
    <p class='ocr_par' dir='ltr' id='par_1_60' title="bbox 1111 398 2923 466">
     <span class='ocr_line' id='line_1_60' title="bbox 1111 398 2923 466; baseline -0.007 0"><span class='ocrx_word' id='word_1_468' title='bbox 1111 411 1172 466; x_wconf 83' lang='lat'><strong>8.</strong></span> <span class='ocrx_word' id='word_1_469' title='bbox 1209 405 1487 466; x_wconf 69' lang='lat' dir='ltr'><strong>JOANNIS</strong></span> <span class='ocrx_word' id='word_1_470' title='bbox 1523 399 1998 461; x_wconf 71' lang='grc' dir='ltr'><strong>ειιηγδοδτωυ</strong></span> <span class='ocrx_word' id='word_1_471' title='bbox 2037 398 2353 456; x_wconf 66' lang='grc' dir='ltr'><strong>Αιιαιιιερ.</strong></span> <span class='ocrx_word' id='word_1_472' title='bbox 2395 398 2923 458; x_wconf 67' lang='lat' dir='ltr'><strong>CONSI&#39;ANTINOP.</strong></span> 
     </span>
    </p>
   </div>
   <div class='ocr_carea' id='block_1_61' title="bbox 3525 405 3634 463">
    <p class='ocr_par' dir='ltr' id='par_1_61' title="bbox 3525 405 3634 463">
     <span class='ocr_line' id='line_1_61' title="bbox 3525 405 3634 463; baseline 0 0"><span class='ocrx_word' id='word_1_473' title='bbox 3525 405 3634 463; x_wconf 66' lang='lat'><strong>936</strong></span> 
     </span>
    </p>
   </div>
   <div class='ocr_carea' id='block_1_62' title="bbox 2046 513 3631 590">
    <p class='ocr_par' dir='ltr' id='par_1_62' title="bbox 2046 513 3631 590">
     <span class='ocr_line' id='line_1_62' title="bbox 2046 513 3631 590; baseline 0.005 -20"><span class='ocrx_word' id='word_1_474' title='bbox 2046 513 2248 570; x_wconf 81' lang='lat' dir='ltr'><strong>minam</strong></span> <span class='ocrx_word' id='word_1_475' title='bbox 2294 515 2478 586; x_wconf 81' lang='lat' dir='ltr'><strong>generi</strong></span> <span class='ocrx_word' id='word_1_476' title='bbox 2524 518 2884 574; x_wconf 84' lang='lat' dir='ltr'><strong>contentionis</strong></span> <span class='ocrx_word' id='word_1_477' title='bbox 2931 535 3052 575; x_wconf 86' lang='lat' dir='ltr'><strong>esse</strong></span> <span class='ocrx_word' id='word_1_478' title='bbox 3095 520 3377 590; x_wconf 86' lang='lat' dir='ltr'><strong>cupidum,</strong></span> <span class='ocrx_word' id='word_1_479' title='bbox 3427 533 3631 578; x_wconf 82' lang='lat' dir='ltr'><strong>etcum</strong></span> 
     </span>
    </p>
   </div>
   <div class='ocr_carea' id='block_1_63' title="bbox 2041 605 3628 684">
    <p class='ocr_par' dir='ltr' id='par_1_63' title="bbox 2041 605 3628 684">
     <span class='ocr_line' id='line_1_63' title="bbox 2041 605 3628 684; baseline 0.008 -26"><span class='ocrx_word' id='word_1_480' title='bbox 2041 605 2268 660; x_wconf 88' lang='lat' dir='ltr'><strong>aliorum</strong></span> <span class='ocrx_word' id='word_1_481' title='bbox 2308 605 2589 664; x_wconf 87' lang='lat' dir='ltr'><strong>desideriis</strong></span> <span class='ocrx_word' id='word_1_482' title='bbox 2635 608 2848 666; x_wconf 78' lang='lat' dir='ltr'><strong>luctari.</strong></span> <span class='ocrx_word' id='word_1_483' title='bbox 2894 609 3074 682; x_wconf 87' lang='lat' dir='ltr'><strong>Itaque</strong></span> <span class='ocrx_word' id='word_1_484' title='bbox 3104 613 3466 682; x_wconf 75' lang='lat' dir='ltr'><strong>despiciamus</strong></span> <span class='ocrx_word' id='word_1_485' title='bbox 3507 615 3628 684; x_wconf 83' lang='lat' dir='ltr'><strong>glo-</strong></span> 
     </span>
    </p>
   </div>
   <div class='ocr_carea' id='block_1_64' title="bbox 2044 697 3638 775">
    <p class='ocr_par' dir='ltr' id='par_1_64' title="bbox 2044 697 3638 775">
     <span class='ocr_line' id='line_1_64' title="bbox 2044 697 3638 775; baseline 0.006 -24"><span class='ocrx_word' id='word_1_486' title='bbox 2044 697 2220 752; x_wconf 86' lang='lat' dir='ltr'><strong>riam:</strong></span> <span class='ocrx_word' id='word_1_487' title='bbox 2255 697 2329 752; x_wconf 89' lang='lat' dir='ltr'><strong>lla</strong></span> <span class='ocrx_word' id='word_1_488' title='bbox 2377 700 2520 754; x_wconf 84' lang='lat' dir='ltr'><strong>enim</strong></span> <span class='ocrx_word' id='word_1_489' title='bbox 2572 700 2866 769; x_wconf 81' lang='lat' dir='ltr'><strong>poterimus</strong></span> <span class='ocrx_word' id='word_1_490' title='bbox 2911 701 3141 759; x_wconf 87' lang='lat' dir='ltr'><strong>humiles</strong></span> <span class='ocrx_word' id='word_1_491' title='bbox 3185 705 3299 759; x_wconf 87' lang='lat' dir='ltr'><strong>fieri</strong></span> <span class='ocrx_word' id='word_1_492' title='bbox 3328 705 3410 760; x_wconf 83' lang='lat' dir='ltr'><strong>vel</strong></span> <span class='ocrx_word' id='word_1_493' title='bbox 3456 704 3638 775; x_wconf 81' lang='lat' dir='ltr'><strong>potius</strong></span> 
     </span>
    </p>
   </div>
   <div class='ocr_carea' id='block_1_65' title="bbox 2043 790 3632 868">
    <p class='ocr_par' dir='ltr' id='par_1_65' title="bbox 2043 790 3632 868">
     <span class='ocr_line' id='line_1_65' title="bbox 2043 790 3632 868; baseline 0.006 -23"><span class='ocrx_word' id='word_1_494' title='bbox 2043 791 2194 846; x_wconf 88' lang='lat' dir='ltr'><strong>celsi.</strong></span> <span class='ocrx_word' id='word_1_495' title='bbox 2223 790 2301 846; x_wconf 84' lang='lat' dir='ltr'><strong>Ne</strong></span> <span class='ocrx_word' id='word_1_496' title='bbox 2343 792 2568 862; x_wconf 88' lang='lat' dir='ltr'><strong>teipsum</strong></span> <span class='ocrx_word' id='word_1_497' title='bbox 2611 793 2835 848; x_wconf 75' lang='lat' dir='ltr'><strong>extollas</strong></span> <span class='ocrx_word' id='word_1_498' title='bbox 2857 830 2872 861; x_wconf 83' lang='lat'><strong>,</strong></span> <span class='ocrx_word' id='word_1_499' title='bbox 2899 806 2955 850; x_wconf 90' lang='lat' dir='ltr'><strong>ut</strong></span> <span class='ocrx_word' id='word_1_500' title='bbox 2979 799 3047 850; x_wconf 90' lang='lat' dir='ltr'><strong>ab</strong></span> <span class='ocrx_word' id='word_1_501' title='bbox 3073 797 3179 851; x_wconf 90' lang='lat' dir='ltr'><strong>alio</strong></span> <span class='ocrx_word' id='word_1_502' title='bbox 3203 791 3497 854; x_wconf 68' lang='lat' dir='ltr'><strong>estollaris.</strong></span> <span class='ocrx_word' id='word_1_503' title='bbox 3527 800 3632 868; x_wconf 87' lang='lat' dir='ltr'><strong>Qui</strong></span> 
     </span>
    </p>
   </div>
   <div class='ocr_carea' id='block_1_66' title="bbox 2043 883 3632 960">
    <p class='ocr_par' dir='ltr' id='par_1_66' title="bbox 2043 883 3632 960">
     <span class='ocr_line' id='line_1_66' title="bbox 2043 883 3632 960; baseline 0.009 -26"><span class='ocrx_word' id='word_1_504' title='bbox 2043 897 2072 934; x_wconf 92' lang='lat' dir='ltr'><strong>a</strong></span> <span class='ocrx_word' id='word_1_505' title='bbox 2100 897 2160 937; x_wconf 91' lang='lat' dir='ltr'><strong>se</strong></span> <span class='ocrx_word' id='word_1_506' title='bbox 2204 883 2321 953; x_wconf 90' lang='lat' dir='ltr'><strong>ipso</strong></span> <span class='ocrx_word' id='word_1_507' title='bbox 2359 885 2672 952; x_wconf 67' lang='lat' dir='ltr'><strong>extollitur,</strong></span> <span class='ocrx_word' id='word_1_508' title='bbox 2722 888 2767 941; x_wconf 89' lang='lat' dir='ltr'><strong>is</strong></span> <span class='ocrx_word' id='word_1_509' title='bbox 2805 888 2872 942; x_wconf 88' lang='lat' dir='ltr'><strong>ab</strong></span> <span class='ocrx_word' id='word_1_510' title='bbox 2898 890 3015 944; x_wconf 81' lang='lat' dir='ltr'><strong>aliis</strong></span> <span class='ocrx_word' id='word_1_511' title='bbox 3047 903 3151 944; x_wconf 90' lang='lat' dir='ltr'><strong>non</strong></span> <span class='ocrx_word' id='word_1_512' title='bbox 3193 891 3468 946; x_wconf 79' lang='lat' dir='ltr'><strong>extollitur</strong></span> <span class='ocrx_word' id='word_1_513' title='bbox 3499 909 3510 943; x_wconf 90' lang='lat'><strong>:</strong></span> <span class='ocrx_word' id='word_1_514' title='bbox 3541 893 3632 960; x_wconf 85' lang='lat' dir='ltr'><strong>qui</strong></span> 
     </span>
    </p>
   </div>
   <div class='ocr_carea' id='block_1_67' title="bbox 2043 974 3631 1054">
    <p class='ocr_par' dir='ltr' id='par_1_67' title="bbox 2043 974 3631 1054">
     <span class='ocr_line' id='line_1_67' title="bbox 2043 974 3631 1054; baseline 0.008 -27"><span class='ocrx_word' id='word_1_515' title='bbox 2043 974 2278 1045; x_wconf 84' lang='lat' dir='ltr'><strong>seipsuut</strong></span> <span class='ocrx_word' id='word_1_516' title='bbox 2320 975 2538 1046; x_wconf 86' lang='lat' dir='ltr'><strong>dejicit,</strong></span> <span class='ocrx_word' id='word_1_517' title='bbox 2595 979 2638 1032; x_wconf 91' lang='lat' dir='ltr'><strong>is</strong></span> <span class='ocrx_word' id='word_1_518' title='bbox 2668 979 2738 1033; x_wconf 88' lang='lat' dir='ltr'><strong>ab</strong></span> <span class='ocrx_word' id='word_1_519' title='bbox 2765 981 2884 1034; x_wconf 85' lang='lat' dir='ltr'><strong>aliis</strong></span> <span class='ocrx_word' id='word_1_520' title='bbox 2919 998 3024 1035; x_wconf 90' lang='lat' dir='ltr'><strong>non</strong></span> <span class='ocrx_word' id='word_1_521' title='bbox 3063 982 3332 1049; x_wconf 83' lang='lat' dir='ltr'><strong>dejicitur.</strong></span> <span class='ocrx_word' id='word_1_522' title='bbox 3384 983 3631 1054; x_wconf 78' lang='lat' dir='ltr'><strong>Magnum</strong></span> 
     </span>
    </p>
   </div>
   <div class='ocr_carea' id='block_1_68' title="bbox 2045 1066 3630 1139">
    <p class='ocr_par' dir='ltr' id='par_1_68' title="bbox 2045 1066 3630 1139">
     <span class='ocr_line' id='line_1_68' title="bbox 2045 1066 3630 1139; baseline 0.008 -23"><span class='ocrx_word' id='word_1_523' title='bbox 2045 1066 2349 1135; x_wconf 81' lang='lat' dir='ltr'><strong>arrogantia</strong></span> <span class='ocrx_word' id='word_1_524' title='bbox 2399 1068 2597 1122; x_wconf 88' lang='lat' dir='ltr'><strong>tualutn</strong></span> <span class='ocrx_word' id='word_1_525' title='bbox 2647 1077 2730 1124; x_wconf 88' lang='lat' dir='ltr'><strong>est</strong></span> <span class='ocrx_word' id='word_1_526' title='bbox 2773 1087 2787 1125; x_wconf 90' lang='lat'><strong>:</strong></span> <span class='ocrx_word' id='word_1_527' title='bbox 2829 1071 2996 1126; x_wconf 88' lang='lat' dir='ltr'><strong>satius</strong></span> <span class='ocrx_word' id='word_1_528' title='bbox 3044 1083 3128 1128; x_wconf 91' lang='lat' dir='ltr'><strong>cst</strong></span> <span class='ocrx_word' id='word_1_529' title='bbox 3176 1073 3430 1128; x_wconf 87' lang='lat' dir='ltr'><strong>stolidunt</strong></span> <span class='ocrx_word' id='word_1_530' title='bbox 3475 1091 3630 1139; x_wconf 87' lang='lat' dir='ltr'><strong>esse,</strong></span> 
     </span>
    </p>
   </div>
   <div class='ocr_carea' id='block_1_69' title="bbox 2047 1162 3630 1229">
    <p class='ocr_par' dir='ltr' id='par_1_69' title="bbox 2047 1162 3630 1229">
     <span class='ocr_line' id='line_1_69' title="bbox 2047 1162 3630 1229; baseline 0.008 -24"><span class='ocrx_word' id='word_1_531' title='bbox 2047 1168 2204 1224; x_wconf 88' lang='lat' dir='ltr'><strong>quam</strong></span> <span class='ocrx_word' id='word_1_532' title='bbox 2250 1167 2590 1226; x_wconf 78' lang='lat' dir='ltr'><strong>arrogantem</strong></span> <span class='ocrx_word' id='word_1_533' title='bbox 2634 1176 2648 1212; x_wconf 91' lang='lat'><strong>:</strong></span> <span class='ocrx_word' id='word_1_534' title='bbox 2701 1177 2822 1214; x_wconf 89' lang='lat' dir='ltr'><strong>nam</strong></span> <span class='ocrx_word' id='word_1_535' title='bbox 2872 1162 2940 1215; x_wconf 92' lang='lat' dir='ltr'><strong>ibi</strong></span> <span class='ocrx_word' id='word_1_536' title='bbox 2982 1162 3197 1229; x_wconf 87' lang='lat' dir='ltr'><strong>quidem</strong></span> <span class='ocrx_word' id='word_1_537' title='bbox 3244 1165 3466 1218; x_wconf 87' lang='lat' dir='ltr'><strong>stultitia</strong></span> <span class='ocrx_word' id='word_1_538' title='bbox 3518 1166 3630 1220; x_wconf 74' lang='lat' dir='ltr'><strong>sola</strong></span> 
     </span>
    </p>
   </div>
   <div class='ocr_carea' id='block_1_70' title="bbox 2045 1247 3630 1324">
    <p class='ocr_par' dir='ltr' id='par_1_70' title="bbox 2045 1247 3630 1324">
     <span class='ocr_line' id='line_1_70' title="bbox 2045 1247 3630 1324; baseline 0.009 -25"><span class='ocrx_word' id='word_1_539' title='bbox 2045 1247 2240 1301; x_wconf 88' lang='lat' dir='ltr'><strong>utentis</strong></span> <span class='ocrx_word' id='word_1_540' title='bbox 2274 1247 2556 1304; x_wconf 89' lang='lat' dir='ltr'><strong>intirmitas</strong></span> <span class='ocrx_word' id='word_1_541' title='bbox 2587 1261 2709 1317; x_wconf 84' lang='lat' dir='ltr'><strong>est;</strong></span> <span class='ocrx_word' id='word_1_542' title='bbox 2747 1253 2832 1308; x_wconf 93' lang='lat' dir='ltr'><strong>hic</strong></span> <span class='ocrx_word' id='word_1_543' title='bbox 2861 1269 2986 1308; x_wconf 91' lang='lat' dir='ltr'><strong>vero</strong></span> <span class='ocrx_word' id='word_1_544' title='bbox 3007 1256 3227 1308; x_wconf 89' lang='lat' dir='ltr'><strong>stultitia</strong></span> <span class='ocrx_word' id='word_1_545' title='bbox 3253 1256 3490 1312; x_wconf 89' lang='lat' dir='ltr'><strong>deterior</strong></span> <span class='ocrx_word' id='word_1_546' title='bbox 3515 1269 3630 1324; x_wconf 87' lang='lat' dir='ltr'><strong>est,</strong></span> 
     </span>
    </p>
   </div>
   <div class='ocr_carea' id='block_1_71' title="bbox 2045 1337 3632 1418">
    <p class='ocr_par' dir='ltr' id='par_1_71' title="bbox 2045 1337 3632 1418">
     <span class='ocr_line' id='line_1_71' title="bbox 2045 1337 3632 1418; baseline 0.008 -26"><span class='ocrx_word' id='word_1_547' title='bbox 2045 1346 2101 1392; x_wconf 89' lang='lat' dir='ltr'><strong>et</strong></span> <span class='ocrx_word' id='word_1_548' title='bbox 2125 1337 2346 1392; x_wconf 91' lang='lat' dir='ltr'><strong>stultitia</strong></span> <span class='ocrx_word' id='word_1_549' title='bbox 2389 1355 2510 1394; x_wconf 91' lang='lat' dir='ltr'><strong>cum</strong></span> <span class='ocrx_word' id='word_1_550' title='bbox 2544 1343 2723 1398; x_wconf 86' lang='lat' dir='ltr'><strong>furore</strong></span> <span class='ocrx_word' id='word_1_551' title='bbox 2762 1345 3068 1413; x_wconf 85' lang='lat' dir='ltr'><strong>eonjuncta.</strong></span> <span class='ocrx_word' id='word_1_552' title='bbox 3121 1347 3357 1402; x_wconf 83' lang='lat' dir='ltr'><strong>Stolidus</strong></span> <span class='ocrx_word' id='word_1_553' title='bbox 3387 1349 3485 1402; x_wconf 90' lang='lat' dir='ltr'><strong>sibi</strong></span> <span class='ocrx_word' id='word_1_554' title='bbox 3533 1350 3632 1418; x_wconf 81' lang='lat' dir='ltr'><strong>ipsi</strong></span> 
     </span>
    </p>
   </div>
   <div class='ocr_carea' id='block_1_72' title="bbox 2048 1437 3624 1508">
    <p class='ocr_par' dir='ltr' id='par_1_72' title="bbox 2048 1437 3624 1508">
     <span class='ocr_line' id='line_1_72' title="bbox 2048 1437 3624 1508; baseline 0.01 -26"><span class='ocrx_word' id='word_1_555' title='bbox 2048 1439 2235 1495; x_wconf 89' lang='lat' dir='ltr'><strong>nocet,</strong></span> <span class='ocrx_word' id='word_1_556' title='bbox 2278 1446 2536 1502; x_wconf 79' lang='lat' dir='ltr'><strong>arrogans</strong></span> <span class='ocrx_word' id='word_1_557' title='bbox 2590 1451 2720 1490; x_wconf 91' lang='lat' dir='ltr'><strong>vero</strong></span> <span class='ocrx_word' id='word_1_558' title='bbox 2756 1437 2981 1492; x_wconf 89' lang='lat' dir='ltr'><strong>aliorum</strong></span> <span class='ocrx_word' id='word_1_559' title='bbox 3026 1439 3185 1493; x_wconf 90' lang='lat' dir='ltr'><strong>etiam</strong></span> <span class='ocrx_word' id='word_1_560' title='bbox 3233 1440 3494 1508; x_wconf 73' lang='lat' dir='ltr'><strong>pernicies</strong></span> <span class='ocrx_word' id='word_1_561' title='bbox 3523 1454 3624 1498; x_wconf 77' lang='lat' dir='ltr'><strong>est.</strong></span> 
     </span>
    </p>
   </div>
   <div class='ocr_carea' id='block_1_73' title="bbox 2046 1519 3628 1598">
    <p class='ocr_par' dir='ltr' id='par_1_73' title="bbox 2046 1519 3628 1598">
     <span class='ocr_line' id='line_1_73' title="bbox 2046 1519 3628 1598; baseline 0.009 -25"><span class='ocrx_word' id='word_1_562' title='bbox 2046 1521 2089 1573; x_wconf 78' lang='grc' dir='ltr'><strong>Α</strong></span> <span class='ocrx_word' id='word_1_563' title='bbox 2138 1519 2406 1576; x_wconf 89' lang='lat' dir='ltr'><strong>dementia</strong></span> <span class='ocrx_word' id='word_1_564' title='bbox 2453 1523 2541 1579; x_wconf 86' lang='lat' dir='ltr'><strong>hic</strong></span> <span class='ocrx_word' id='word_1_565' title='bbox 2584 1527 2803 1582; x_wconf 86' lang='lat' dir='ltr'><strong>morbus</strong></span> <span class='ocrx_word' id='word_1_566' title='bbox 2863 1539 3173 1598; x_wconf 78' lang='lat' dir='ltr'><strong>procreatur</strong></span> <span class='ocrx_word' id='word_1_567' title='bbox 3205 1550 3216 1584; x_wconf 92' lang='lat'>:</span> <span class='ocrx_word' id='word_1_568' title='bbox 3247 1533 3362 1586; x_wconf 87' lang='lat' dir='ltr'><strong>fieri</strong></span> <span class='ocrx_word' id='word_1_569' title='bbox 3411 1534 3628 1588; x_wconf 83' lang='lat' dir='ltr'><strong>minime</strong></span> 
     </span>
    </p>
   </div>
   <div class='ocr_carea' id='block_1_74' title="bbox 2049 1616 3631 1691">
    <p class='ocr_par' dir='ltr' id='par_1_74' title="bbox 2049 1616 3631 1691">
     <span class='ocr_line' id='line_1_74' title="bbox 2049 1616 3631 1691; baseline 0.011 -26"><span class='ocrx_word' id='word_1_570' title='bbox 2049 1621 2258 1680; x_wconf 87' lang='lat' dir='ltr'><strong>potest,</strong></span> <span class='ocrx_word' id='word_1_571' title='bbox 2311 1624 2368 1669; x_wconf 87' lang='lat' dir='ltr'><strong>ut</strong></span> <span class='ocrx_word' id='word_1_572' title='bbox 2405 1616 2524 1686; x_wconf 88' lang='lat' dir='ltr'><strong>quis</strong></span> <span class='ocrx_word' id='word_1_573' title='bbox 2551 1616 2620 1673; x_wconf 87' lang='lat' dir='ltr'><strong>de</strong></span> <span class='ocrx_word' id='word_1_574' title='bbox 2664 1634 2724 1674; x_wconf 89' lang='lat' dir='ltr'><strong>se</strong></span> <span class='ocrx_word' id='word_1_575' title='bbox 2767 1637 2990 1691; x_wconf 86' lang='lat' dir='ltr'><strong>magnos</strong></span> <span class='ocrx_word' id='word_1_576' title='bbox 3033 1624 3252 1691; x_wconf 87' lang='lat' dir='ltr'><strong>spiritus</strong></span> <span class='ocrx_word' id='word_1_577' title='bbox 3295 1638 3500 1688; x_wconf 86' lang='lat' dir='ltr'><strong>sumat,</strong></span> <span class='ocrx_word' id='word_1_578' title='bbox 3533 1629 3631 1682; x_wconf 77' lang='lat' dir='ltr'><strong>nisi</strong></span> 
     </span>
    </p>
   </div>
   <div class='ocr_carea' id='block_1_75' title="bbox 2046 1707 3634 1788">
    <p class='ocr_par' dir='ltr' id='par_1_75' title="bbox 2046 1707 3634 1788">
     <span class='ocr_line' id='line_1_75' title="bbox 2046 1707 3634 1788; baseline 0.008 -30"><span class='ocrx_word' id='word_1_579' title='bbox 2046 1707 2243 1762; x_wconf 89' lang='lat' dir='ltr'><strong>stultus</strong></span> <span class='ocrx_word' id='word_1_580' title='bbox 2281 1711 2351 1762; x_wconf 87' lang='lat' dir='ltr'><strong>sit</strong></span> <span class='ocrx_word' id='word_1_581' title='bbox 2380 1727 2392 1762; x_wconf 87' lang='lat'><strong><em>:</em></strong></span> <span class='ocrx_word' id='word_1_582' title='bbox 2423 1710 2514 1780; x_wconf 90' lang='lat' dir='ltr'><strong>qui</strong></span> <span class='ocrx_word' id='word_1_583' title='bbox 2558 1726 2686 1764; x_wconf 89' lang='lat' dir='ltr'><strong>vero</strong></span> <span class='ocrx_word' id='word_1_584' title='bbox 2733 1713 2882 1767; x_wconf 90' lang='lat' dir='ltr'><strong>valde</strong></span> <span class='ocrx_word' id='word_1_585' title='bbox 2920 1717 3114 1768; x_wconf 79' lang='lat' dir='ltr'><strong>slttlltts</strong></span> <span class='ocrx_word' id='word_1_586' title='bbox 3141 1728 3217 1769; x_wconf 80' lang='lat' dir='ltr'><strong>est</strong></span> <span class='ocrx_word' id='word_1_587' title='bbox 3246 1758 3259 1774; x_wconf 85' lang='lat'><em>.</em></span> <span class='ocrx_word' id='word_1_588' title='bbox 3306 1719 3349 1771; x_wconf 91' lang='lat' dir='ltr'><strong>is</strong></span> <span class='ocrx_word' id='word_1_589' title='bbox 3379 1735 3478 1771; x_wconf 65' lang='lat' dir='ltr'><strong>arri</strong></span> <span class='ocrx_word' id='word_1_590' title='bbox 3502 1735 3634 1788; x_wconf 84' lang='lat' dir='ltr'><strong>gans</strong></span> 
     </span>
    </p>
   </div>
   <div class='ocr_carea' id='block_1_76' title="bbox 2047 1803 3627 1878">
    <p class='ocr_par' dir='ltr' id='par_1_76' title="bbox 2047 1803 3627 1878">
     <span class='ocr_line' id='line_1_76' title="bbox 2047 1803 3627 1878; baseline 0.013 -31"><span class='ocrx_word' id='word_1_591' title='bbox 2047 1815 2258 1869; x_wconf 72' lang='lat' dir='ltr'><strong>qumque</strong></span> <span class='ocrx_word' id='word_1_592' title='bbox 2288 1812 2388 1855; x_wconf 88' lang='lat' dir='ltr'><strong>est.</strong></span> <span class='ocrx_word' id='word_1_593' title='bbox 2422 1803 2554 1856; x_wconf 75' lang='lat' dir='ltr'><strong>Audi</strong></span> <span class='ocrx_word' id='word_1_594' title='bbox 2585 1805 2880 1874; x_wconf 86' lang='lat' dir='ltr'><strong>sapientem</strong></span> <span class='ocrx_word' id='word_1_595' title='bbox 2905 1809 3188 1878; x_wconf 87' lang='lat' dir='ltr'><strong>queuulam</strong></span> <span class='ocrx_word' id='word_1_596' title='bbox 3217 1812 3284 1862; x_wconf 90' lang='lat' dir='ltr'><strong>ita</strong></span> <span class='ocrx_word' id='word_1_597' title='bbox 3317 1812 3584 1866; x_wconf 78' lang='lat' dir='ltr'><strong>dicentem</strong></span> <span class='ocrx_word' id='word_1_598' title='bbox 3614 1832 3627 1868; x_wconf 95' lang='lat'>:</span> 
     </span>
    </p>
   </div>
   <div class='ocr_carea' id='block_1_77' title="bbox 2059 1888 3638 1973">
    <p class='ocr_par' dir='ltr' id='par_1_77' title="bbox 2059 1888 3638 1973">
     <span class='ocr_line' id='line_1_77' title="bbox 2059 1888 3638 1973; baseline 0.009 -30"><span class='ocrx_word' id='word_1_599' title='bbox 2059 1888 2175 1945; x_wconf 66' lang='lat' dir='ltr'><strong>Vidi</strong></span> <span class='ocrx_word' id='word_1_600' title='bbox 2203 1893 2457 1948; x_wconf 84' lang='lat' dir='ltr'><strong>hominem</strong></span> <span class='ocrx_word' id='word_1_601' title='bbox 2504 1897 2782 1966; x_wconf 72' lang='lat' dir='ltr'><strong>sapientem</strong></span> <span class='ocrx_word' id='word_1_602' title='bbox 2826 1900 2921 1953; x_wconf 80' lang='lat' dir='ltr'><strong>sibi</strong></span> <span class='ocrx_word' id='word_1_603' title='bbox 2960 1901 3116 1954; x_wconf 80' lang='lat' dir='ltr'><strong>rideri</strong></span> <span class='ocrx_word' id='word_1_604' title='bbox 3147 1917 3165 1956; x_wconf 86' lang='lat'><strong>.&#39;</strong></span> <span class='ocrx_word' id='word_1_605' title='bbox 3193 1904 3352 1973; x_wconf 75' lang='lat' dir='ltr'><strong>magis</strong></span> <span class='ocrx_word' id='word_1_606' title='bbox 3397 1920 3511 1957; x_wconf 84' lang='lat' dir='ltr'><strong>vero</strong></span> <span class='ocrx_word' id='word_1_607' title='bbox 3545 1904 3638 1958; x_wconf 68' lang='lat' dir='ltr'><strong>illo</strong></span> 
     </span>
    </p>
   </div>
   <div class='ocr_carea' id='block_1_78' title="bbox 2047 1983 3640 2059">
    <p class='ocr_par' dir='ltr' id='par_1_78' title="bbox 2047 1983 3640 2059">
     <span class='ocr_line' id='line_1_78' title="bbox 2047 1983 3640 2059; baseline 0.008 -23"><span class='ocrx_word' id='word_1_608' title='bbox 2047 1997 2188 2050; x_wconf 74' lang='lat' dir='ltr'><strong>spent</strong></span> <span class='ocrx_word' id='word_1_609' title='bbox 2231 1983 2377 2039; x_wconf 83' lang='lat' dir='ltr'><strong>habet</strong></span> <span class='ocrx_word' id='word_1_610' title='bbox 2422 1986 2662 2057; x_wconf 70' lang='lat' dir='ltr'><strong>insipiens</strong></span> <span class='ocrx_word' id='word_1_611' title='bbox 2689 1989 2705 2057; x_wconf 91' lang='lat'>(</span> <span class='ocrx_word' id='word_1_612' title='bbox 2735 1988 2889 2046; x_wconf 87' lang='lat' dir='ltr'><strong>Prov.</strong></span> <span class='ocrx_word' id='word_1_613' title='bbox 2919 1992 3008 2047; x_wconf 73' lang='lat'><strong>‘26.</strong></span> <span class='ocrx_word' id='word_1_614' title='bbox 3043 1993 3166 2059; x_wconf 73' lang='grc'><strong>12).</strong></span> <span class='ocrx_word' id='word_1_615' title='bbox 3202 1993 3364 2049; x_wconf 79' lang='lat' dir='ltr'><strong>Vides</strong></span> <span class='ocrx_word' id='word_1_616' title='bbox 3416 2012 3501 2050; x_wconf 88' lang='lat' dir='ltr'><strong>tne</strong></span> <span class='ocrx_word' id='word_1_617' title='bbox 3530 2013 3640 2050; x_wconf 81' lang='lat' dir='ltr'><strong>non</strong></span> 
     </span>
    </p>
   </div>
   <div class='ocr_carea' id='block_1_79' title="bbox 2053 2076 3642 2150">
    <p class='ocr_par' dir='ltr' id='par_1_79' title="bbox 2053 2076 3642 2150">
     <span class='ocr_line' id='line_1_79' title="bbox 2053 2076 3642 2150; baseline 0.01 -23"><span class='ocrx_word' id='word_1_618' title='bbox 2053 2084 2254 2131; x_wconf 62' lang='lat' dir='ltr'><strong>temere</strong></span> <span class='ocrx_word' id='word_1_619' title='bbox 2280 2076 2481 2134; x_wconf 73' lang='lat' dir='ltr'><strong>dixisse</strong></span> <span class='ocrx_word' id='word_1_620' title='bbox 2500 2121 2514 2144; x_wconf 89' lang='lat'><strong>,</strong></span> <span class='ocrx_word' id='word_1_621' title='bbox 2545 2082 2758 2150; x_wconf 85' lang='lat' dir='ltr'><strong>gravius</strong></span> <span class='ocrx_word' id='word_1_622' title='bbox 2788 2098 2907 2138; x_wconf 81' lang='lat' dir='ltr'><strong>eSsc</strong></span> <span class='ocrx_word' id='word_1_623' title='bbox 2937 2085 3035 2139; x_wconf 90' lang='lat' dir='ltr'><strong>hoc</strong></span> <span class='ocrx_word' id='word_1_624' title='bbox 3065 2088 3261 2141; x_wconf 90' lang='lat' dir='ltr'><strong>malum</strong></span> <span class='ocrx_word' id='word_1_625' title='bbox 3303 2089 3593 2145; x_wconf 88' lang='lat' dir='ltr'><strong>stoliditate</strong></span> <span class='ocrx_word' id='word_1_626' title='bbox 3614 2091 3642 2143; x_wconf 84' lang='lat'><strong>?</strong></span> 
     </span>
    </p>
   </div>
   <div class='ocr_carea' id='block_1_80' title="bbox 2053 2164 3637 2248">
    <p class='ocr_par' dir='ltr' id='par_1_80' title="bbox 2053 2164 3637 2248">
     <span class='ocr_line' id='line_1_80' title="bbox 2053 2164 3637 2248; baseline 0.009 -30"><span class='ocrx_word' id='word_1_627' title='bbox 2053 2164 2221 2237; x_wconf 76' lang='lat' dir='ltr'><strong>Magis</strong></span> <span class='ocrx_word' id='word_1_628' title='bbox 2258 2170 2400 2223; x_wconf 90' lang='lat' dir='ltr'><strong>enim</strong></span> <span class='ocrx_word' id='word_1_629' title='bbox 2423 2213 2438 2236; x_wconf 91' lang='lat'><strong>,</strong></span> <span class='ocrx_word' id='word_1_630' title='bbox 2487 2171 2656 2241; x_wconf 89' lang='lat' dir='ltr'><strong>inquit</strong></span> <span class='ocrx_word' id='word_1_631' title='bbox 2679 2212 2694 2233; x_wconf 85' lang='lat'><strong><em>.</em></strong></span> <span class='ocrx_word' id='word_1_632' title='bbox 2729 2175 2818 2229; x_wconf 84' lang='lat' dir='ltr'><strong>illo</strong></span> <span class='ocrx_word' id='word_1_633' title='bbox 2853 2191 2996 2245; x_wconf 73' lang='lat' dir='ltr'><strong>spem</strong></span> <span class='ocrx_word' id='word_1_634' title='bbox 3037 2176 3180 2231; x_wconf 57' lang='lat' dir='ltr'><strong>habet</strong></span> <span class='ocrx_word' id='word_1_635' title='bbox 3211 2178 3470 2248; x_wconf 75' lang='lat' dir='ltr'><strong>insipiens.</strong></span> <span class='ocrx_word' id='word_1_636' title='bbox 3507 2183 3637 2235; x_wconf 87' lang='lat' dir='ltr'><strong>Pro-</strong></span> 
     </span>
    </p>
   </div>
   <div class='ocr_carea' id='block_1_81' title="bbox 2055 2263 3640 2341">
    <p class='ocr_par' dir='ltr' id='par_1_81' title="bbox 2055 2263 3640 2341">
     <span class='ocr_line' id='line_1_81' title="bbox 2055 2263 3640 2341; baseline 0.009 -29"><span class='ocrx_word' id='word_1_637' title='bbox 2055 2269 2233 2327; x_wconf 89' lang='lat' dir='ltr'><strong>pterea</strong></span> <span class='ocrx_word' id='word_1_638' title='bbox 2275 2263 2467 2318; x_wconf 77' lang='lat' dir='ltr'><strong>Paulus</strong></span> <span class='ocrx_word' id='word_1_639' title='bbox 2509 2267 2666 2319; x_wconf 87' lang='lat' dir='ltr'><strong>etiam</strong></span> <span class='ocrx_word' id='word_1_640' title='bbox 2715 2267 2944 2322; x_wconf 86' lang='lat' dir='ltr'><strong>dicebat.</strong></span> <span class='ocrx_word' id='word_1_641' title='bbox 3025 2269 3200 2324; x_wconf 75' lang='lat' dir='ltr'><strong>Nolite</strong></span> <span class='ocrx_word' id='word_1_642' title='bbox 3236 2289 3342 2326; x_wconf 76' lang='lat' dir='ltr'><strong>esse</strong></span> <span class='ocrx_word' id='word_1_643' title='bbox 3371 2277 3640 2341; x_wconf 66' lang='lat' dir='ltr'><strong>prudentes</strong></span> 
     </span>
    </p>
   </div>
   <div class='ocr_carea' id='block_1_82' title="bbox 2051 2351 3638 2432">
    <p class='ocr_par' dir='ltr' id='par_1_82' title="bbox 2051 2351 3638 2432">
     <span class='ocr_line' id='line_1_82' title="bbox 2051 2351 3638 2432; baseline 0.012 -30"><span class='ocrx_word' id='word_1_644' title='bbox 2051 2351 2190 2416; x_wconf 80' lang='lat' dir='ltr'><strong>apud</strong></span> <span class='ocrx_word' id='word_1_645' title='bbox 2217 2355 2540 2422; x_wconf 73' lang='lat' dir='ltr'><strong>vosmetipsos</strong></span> <span class='ocrx_word' id='word_1_646' title='bbox 2572 2356 2760 2423; x_wconf 83' lang='lat' dir='ltr'><strong>(Rom.</strong></span> <span class='ocrx_word' id='word_1_647' title='bbox 2798 2359 2884 2412; x_wconf 70' lang='lat' dir='ltr'><strong>l2.</strong></span> <span class='ocrx_word' id='word_1_648' title='bbox 2921 2356 2984 2414; x_wconf 84' lang='grc'><strong>16</strong></span> <span class='ocrx_word' id='word_1_649' title='bbox 3010 2361 3052 2432; x_wconf 86' lang='grc'><strong>).</strong></span> <span class='ocrx_word' id='word_1_650' title='bbox 3099 2360 3154 2416; x_wconf 91' lang='lat' dir='ltr'><strong>lu</strong></span> <span class='ocrx_word' id='word_1_651' title='bbox 3181 2365 3522 2432; x_wconf 87' lang='lat' dir='ltr'><strong>corporibus,</strong></span> <span class='ocrx_word' id='word_1_652' title='bbox 3553 2366 3638 2422; x_wconf 89' lang='lat' dir='ltr'><strong>dic</strong></span> 
     </span>
    </p>
   </div>
   <div class='ocr_carea' id='block_1_83' title="bbox 2052 2441 3636 2524">
    <p class='ocr_par' dir='ltr' id='par_1_83' title="bbox 2052 2441 3636 2524">
     <span class='ocr_line' id='line_1_83' title="bbox 2052 2441 3636 2524; baseline 0.012 -31"><span class='ocrx_word' id='word_1_653' title='bbox 2052 2441 2212 2509; x_wconf 89' lang='lat' dir='ltr'><strong>mihi,</strong></span> <span class='ocrx_word' id='word_1_654' title='bbox 2241 2459 2484 2514; x_wconf 78' lang='lat' dir='ltr'><strong>quamam</strong></span> <span class='ocrx_word' id='word_1_655' title='bbox 2510 2448 2688 2504; x_wconf 87' lang='lat' dir='ltr'><strong>valere</strong></span> <span class='ocrx_word' id='word_1_656' title='bbox 2715 2449 2987 2506; x_wconf 90' lang='lat' dir='ltr'><strong>dicimus?</strong></span> <span class='ocrx_word' id='word_1_657' title='bbox 3017 2463 3195 2509; x_wconf 89' lang='lat' dir='ltr'><strong>utrum</strong></span> <span class='ocrx_word' id='word_1_658' title='bbox 3223 2455 3382 2512; x_wconf 85' lang='lat' dir='ltr'><strong>valde</strong></span> <span class='ocrx_word' id='word_1_659' title='bbox 3412 2458 3636 2524; x_wconf 85' lang='lat' dir='ltr'><strong>tumida,</strong></span> 
     </span>
    </p>
   </div>
   <div class='ocr_carea' id='block_1_84' title="bbox 2051 2537 3637 2619">
    <p class='ocr_par' dir='ltr' id='par_1_84' title="bbox 2051 2537 3637 2619">
     <span class='ocr_line' id='line_1_84' title="bbox 2051 2537 3637 2619; baseline 0.009 -31"><span class='ocrx_word' id='word_1_660' title='bbox 2051 2549 2114 2590; x_wconf 89' lang='lat' dir='ltr'><strong>ac</strong></span> <span class='ocrx_word' id='word_1_661' title='bbox 2139 2537 2308 2592; x_wconf 90' lang='lat' dir='ltr'><strong>multo</strong></span> <span class='ocrx_word' id='word_1_662' title='bbox 2352 2538 2495 2594; x_wconf 89' lang='lat' dir='ltr'><strong>intus</strong></span> <span class='ocrx_word' id='word_1_663' title='bbox 2534 2539 2729 2597; x_wconf 80' lang='lat' dir='ltr'><strong>referta</strong></span> <span class='ocrx_word' id='word_1_664' title='bbox 2777 2543 2902 2598; x_wconf 84' lang='lat' dir='ltr'><strong>ﬂatu</strong></span> <span class='ocrx_word' id='word_1_665' title='bbox 2943 2555 2997 2600; x_wconf 92' lang='lat' dir='ltr'><strong>et</strong></span> <span class='ocrx_word' id='word_1_666' title='bbox 3033 2562 3207 2616; x_wconf 88' lang='lat' dir='ltr'><strong>aqua;</strong></span> <span class='ocrx_word' id='word_1_667' title='bbox 3256 2563 3322 2602; x_wconf 92' lang='lat' dir='ltr'><strong>an</strong></span> <span class='ocrx_word' id='word_1_668' title='bbox 3351 2549 3637 2619; x_wconf 90' lang='lat' dir='ltr'><strong>depressa,</strong></span> 
     </span>
    </p>
   </div>
   <div class='ocr_carea' id='block_1_85' title="bbox 2059 2633 3640 2708">
    <p class='ocr_par' dir='ltr' id='par_1_85' title="bbox 2059 2633 3640 2708">
     <span class='ocr_line' id='line_1_85' title="bbox 2059 2633 3640 2708; baseline 0.011 -27"><span class='ocrx_word' id='word_1_669' title='bbox 2059 2638 2112 2682; x_wconf 86' lang='lat' dir='ltr'><strong>et</strong></span> <span class='ocrx_word' id='word_1_670' title='bbox 2136 2640 2464 2688; x_wconf 75' lang='lat' dir='ltr'><strong>contractam</strong></span> <span class='ocrx_word' id='word_1_671' title='bbox 2495 2633 2743 2690; x_wconf 88' lang='lat' dir='ltr'><strong>habentia</strong></span> <span class='ocrx_word' id='word_1_672' title='bbox 2770 2639 3104 2708; x_wconf 80' lang='lat' dir='ltr'><strong>superficiem</strong></span> <span class='ocrx_word' id='word_1_673' title='bbox 3127 2640 3149 2690; x_wconf 67' lang='grc' dir='ltr'><strong>ἶ)</strong></span> <span class='ocrx_word' id='word_1_674' title='bbox 3169 2642 3296 2696; x_wconf 89' lang='lat' dir='ltr'><strong>Sine</strong></span> <span class='ocrx_word' id='word_1_675' title='bbox 3322 2641 3484 2696; x_wconf 88' lang='lat' dir='ltr'><strong>dttbio</strong></span> <span class='ocrx_word' id='word_1_676' title='bbox 3506 2643 3640 2698; x_wconf 77' lang='lat' dir='ltr'><strong>luce.</strong></span> 
     </span>
    </p>
   </div>
   <div class='ocr_carea' id='block_1_86' title="bbox 2052 2721 3641 2807">
    <p class='ocr_par' dir='ltr' id='par_1_86' title="bbox 2052 2721 3641 2807">
     <span class='ocr_line' id='line_1_86' title="bbox 2052 2721 3641 2807; baseline 0.011 -32"><span class='ocrx_word' id='word_1_677' title='bbox 2052 2721 2194 2792; x_wconf 86' lang='lat' dir='ltr'><strong>Ergo</strong></span> <span class='ocrx_word' id='word_1_678' title='bbox 2238 2732 2290 2777; x_wconf 89' lang='lat' dir='ltr'><strong>et</strong></span> <span class='ocrx_word' id='word_1_679' title='bbox 2328 2725 2378 2778; x_wconf 91' lang='lat' dir='ltr'><strong>in</strong></span> <span class='ocrx_word' id='word_1_680' title='bbox 2407 2726 2613 2792; x_wconf 89' lang='lat' dir='ltr'><strong>anima,</strong></span> <span class='ocrx_word' id='word_1_681' title='bbox 2657 2744 2778 2798; x_wconf 73' lang='lat' dir='ltr'><strong>qua:</strong></span> <span class='ocrx_word' id='word_1_682' title='bbox 2809 2739 2979 2786; x_wconf 87' lang='lat' dir='ltr'><strong>tumet</strong></span> <span class='ocrx_word' id='word_1_683' title='bbox 3005 2773 3019 2796; x_wconf 88' lang='lat'><strong>,</strong></span> <span class='ocrx_word' id='word_1_684' title='bbox 3064 2733 3369 2802; x_wconf 80' lang='lat' dir='ltr'><strong>graviorem</strong></span> <span class='ocrx_word' id='word_1_685' title='bbox 3400 2735 3641 2807; x_wconf 84' lang='lat' dir='ltr'><strong>hydrope</strong></span> 
     </span>
    </p>
   </div>
   <div class='ocr_carea' id='block_1_87' title="bbox 2055 2813 3636 2890">
    <p class='ocr_par' dir='ltr' id='par_1_87' title="bbox 2055 2813 3636 2890">
     <span class='ocr_line' id='line_1_87' title="bbox 2055 2813 3636 2890; baseline 0.011 -24"><span class='ocrx_word' id='word_1_686' title='bbox 2055 2813 2298 2869; x_wconf 90' lang='lat' dir='ltr'><strong>morbmn</strong></span> <span class='ocrx_word' id='word_1_687' title='bbox 2344 2815 2498 2872; x_wconf 91' lang='lat' dir='ltr'><strong>habet</strong></span> <span class='ocrx_word' id='word_1_688' title='bbox 2530 2835 2543 2871; x_wconf 90' lang='lat'><strong>:</strong></span> <span class='ocrx_word' id='word_1_689' title='bbox 2571 2835 2691 2888; x_wconf 77' lang='lat' dir='ltr'><strong>qua:</strong></span> <span class='ocrx_word' id='word_1_690' title='bbox 2722 2836 2848 2875; x_wconf 90' lang='lat' dir='ltr'><strong>vero</strong></span> <span class='ocrx_word' id='word_1_691' title='bbox 2877 2823 3129 2890; x_wconf 89' lang='lat' dir='ltr'><strong>depressa</strong></span> <span class='ocrx_word' id='word_1_692' title='bbox 3157 2834 3241 2879; x_wconf 92' lang='lat' dir='ltr'><strong>est</strong></span> <span class='ocrx_word' id='word_1_693' title='bbox 3265 2867 3278 2888; x_wconf 90' lang='lat'><strong>,</strong></span> <span class='ocrx_word' id='word_1_694' title='bbox 3311 2828 3455 2881; x_wconf 92' lang='lat' dir='ltr'><strong>omni</strong></span> <span class='ocrx_word' id='word_1_695' title='bbox 3489 2839 3636 2883; x_wconf 90' lang='lat' dir='ltr'><strong>caret</strong></span> 
     </span>
    </p>
   </div>
   <div class='ocr_carea' id='block_1_88' title="bbox 2055 2905 3642 2986">
    <p class='ocr_par' dir='ltr' id='par_1_88' title="bbox 2055 2905 3642 2986">
     <span class='ocr_line' id='line_1_88' title="bbox 2055 2905 3642 2986; baseline 0.011 -28"><span class='ocrx_word' id='word_1_696' title='bbox 2055 2905 2202 2959; x_wconf 88' lang='lat' dir='ltr'><strong>vitio.</strong></span> <span class='ocrx_word' id='word_1_697' title='bbox 2251 2908 2388 2974; x_wconf 89' lang='lat' dir='ltr'><strong>Quot</strong></span> <span class='ocrx_word' id='word_1_698' title='bbox 2420 2909 2578 2978; x_wconf 83' lang='lat' dir='ltr'><strong>igitur</strong></span> <span class='ocrx_word' id='word_1_699' title='bbox 2606 2909 2744 2966; x_wconf 87' lang='lat' dir='ltr'><strong>bona</strong></span> <span class='ocrx_word' id='word_1_700' title='bbox 2780 2913 2919 2981; x_wconf 90' lang='lat' dir='ltr'><strong>parit</strong></span> <span class='ocrx_word' id='word_1_701' title='bbox 2963 2914 3116 2969; x_wconf 88' lang='lat' dir='ltr'><strong>nobis</strong></span> <span class='ocrx_word' id='word_1_702' title='bbox 3160 2915 3476 2972; x_wconf 85' lang='lat' dir='ltr'><strong>humilitas?</strong></span> <span class='ocrx_word' id='word_1_703' title='bbox 3505 2919 3642 2986; x_wconf 88' lang='lat' dir='ltr'><strong>Quid</strong></span> 
     </span>
    </p>
   </div>
   <div class='ocr_carea' id='block_1_89' title="bbox 2056 2997 3642 3074">
    <p class='ocr_par' dir='ltr' id='par_1_89' title="bbox 2056 2997 3642 3074">
     <span class='ocr_line' id='line_1_89' title="bbox 2056 2997 3642 3074; baseline 0.011 -26"><span class='ocrx_word' id='word_1_704' title='bbox 2056 2997 2290 3065; x_wconf 70' lang='lat' dir='ltr'><strong>qua~ris?</strong></span> <span class='ocrx_word' id='word_1_705' title='bbox 2317 2999 2575 3054; x_wconf 90' lang='lat' dir='ltr'><strong>malarum</strong></span> <span class='ocrx_word' id='word_1_706' title='bbox 2605 3017 2781 3056; x_wconf 84' lang='lat' dir='ltr'><strong>rerum</strong></span> <span class='ocrx_word' id='word_1_707' title='bbox 2812 3018 2933 3058; x_wconf 88' lang='lat' dir='ltr'><strong>esse</strong></span> <span class='ocrx_word' id='word_1_708' title='bbox 2965 3006 3281 3062; x_wconf 87' lang='lat' dir='ltr'><strong>tolerantem</strong></span> <span class='ocrx_word' id='word_1_709' title='bbox 3306 3049 3320 3073; x_wconf 91' lang='lat'><strong>,</strong></span> <span class='ocrx_word' id='word_1_710' title='bbox 3354 3010 3642 3074; x_wconf 81' lang='lat' dir='ltr'><strong>iracundia:</strong></span> 
     </span>
    </p>
   </div>
   <div class='ocr_carea' id='block_1_90' title="bbox 2055 3093 3646 3173">
    <p class='ocr_par' dir='ltr' id='par_1_90' title="bbox 2055 3093 3646 3173">
     <span class='ocr_line' id='line_1_90' title="bbox 2055 3093 3646 3173; baseline 0.013 -35"><span class='ocrx_word' id='word_1_711' title='bbox 2055 3099 2367 3155; x_wconf 80' lang='lat' dir='ltr'><strong>expertem,</strong></span> <span class='ocrx_word' id='word_1_712' title='bbox 2426 3093 2786 3158; x_wconf 86' lang='lat' dir='ltr'><strong>humanum,‘</strong></span> <span class='ocrx_word' id='word_1_713' title='bbox 2825 3095 3104 3162; x_wconf 89' lang='lat' dir='ltr'><strong>sobrium,</strong></span> <span class='ocrx_word' id='word_1_714' title='bbox 3170 3109 3431 3154; x_wconf 88' lang='lat' dir='ltr'><strong>attentum</strong></span> <span class='ocrx_word' id='word_1_715' title='bbox 3486 3112 3646 3173; x_wconf 87' lang='lat' dir='ltr'><strong>atque</strong></span> 
     </span>
    </p>
   </div>
   <div class='ocr_carea' id='block_1_91' title="bbox 2055 3178 3646 3262">
    <p class='ocr_par' dir='ltr' id='par_1_91' title="bbox 2055 3178 3646 3262">
     <span class='ocr_line' id='line_1_91' title="bbox 2055 3178 3646 3262; baseline 0.011 -30"><span class='ocrx_word' id='word_1_716' title='bbox 2055 3178 2286 3234; x_wconf 84' lang='lat' dir='ltr'><strong>alacrem</strong></span> <span class='ocrx_word' id='word_1_717' title='bbox 2311 3181 2333 3234; x_wconf 88' lang='lat'><strong>?</strong></span> <span class='ocrx_word' id='word_1_718' title='bbox 2366 3181 2478 3238; x_wconf 66' lang='lat' dir='ltr'><strong>haec</strong></span> <span class='ocrx_word' id='word_1_719' title='bbox 2507 3185 2683 3238; x_wconf 72' lang='lat' dir='ltr'><strong>omnia</strong></span> <span class='ocrx_word' id='word_1_720' title='bbox 2713 3185 2849 3240; x_wconf 89' lang='lat' dir='ltr'><strong>bona</strong></span> <span class='ocrx_word' id='word_1_721' title='bbox 2878 3188 2947 3242; x_wconf 89' lang='lat' dir='ltr'><strong>ab</strong></span> <span class='ocrx_word' id='word_1_722' title='bbox 2976 3188 3276 3248; x_wconf 88' lang='lat' dir='ltr'><strong>humilitate</strong></span> <span class='ocrx_word' id='word_1_723' title='bbox 3303 3194 3646 3262; x_wconf 82' lang='lat' dir='ltr'><strong>proficiscun-</strong></span> 
     </span>
    </p>
   </div>
   <div class='ocr_carea' id='block_1_92' title="bbox 2057 3274 3642 3355">
    <p class='ocr_par' dir='ltr' id='par_1_92' title="bbox 2057 3274 3642 3355">
     <span class='ocr_line' id='line_1_92' title="bbox 2057 3274 3642 3355; baseline 0.012 -33"><span class='ocrx_word' id='word_1_724' title='bbox 2057 3276 2144 3324; x_wconf 92' lang='lat' dir='ltr'><strong>tur</strong></span> <span class='ocrx_word' id='word_1_725' title='bbox 2168 3286 2182 3335; x_wconf 93' lang='lat'><strong>;</strong></span> <span class='ocrx_word' id='word_1_726' title='bbox 2217 3274 2483 3327; x_wconf 81' lang='lat' dir='ltr'><strong>Contraria</strong></span> <span class='ocrx_word' id='word_1_727' title='bbox 2513 3290 2639 3329; x_wconf 92' lang='lat' dir='ltr'><strong>vero</strong></span> <span class='ocrx_word' id='word_1_728' title='bbox 2661 3275 2728 3330; x_wconf 89' lang='lat' dir='ltr'><strong>ab</strong></span> <span class='ocrx_word' id='word_1_729' title='bbox 2755 3279 3082 3348; x_wconf 83' lang='lat' dir='ltr'><strong>arrogantia.</strong></span> <span class='ocrx_word' id='word_1_730' title='bbox 3111 3280 3244 3335; x_wconf 85' lang='lat' dir='ltr'><strong>Nam</strong></span> <span class='ocrx_word' id='word_1_731' title='bbox 3267 3283 3356 3352; x_wconf 87' lang='lat' dir='ltr'><strong>qui</strong></span> <span class='ocrx_word' id='word_1_732' title='bbox 3385 3300 3642 3355; x_wconf 75' lang='lat' dir='ltr'><strong>arrogans</strong></span> 
     </span>
    </p>
   </div>
   <div class='ocr_carea' id='block_1_93' title="bbox 2055 3363 3646 3445">
    <p class='ocr_par' dir='ltr' id='par_1_93' title="bbox 2055 3363 3646 3445">
     <span class='ocr_line' id='line_1_93' title="bbox 2055 3363 3646 3445; baseline 0.011 -28"><span class='ocrx_word' id='word_1_733' title='bbox 2055 3371 2172 3426; x_wconf 85' lang='lat' dir='ltr'><strong>est,</strong></span> <span class='ocrx_word' id='word_1_734' title='bbox 2234 3363 2374 3420; x_wconf 88' lang='lat' dir='ltr'><strong>hunc</strong></span> <span class='ocrx_word' id='word_1_735' title='bbox 2422 3376 2476 3423; x_wconf 91' lang='lat' dir='ltr'><strong>et</strong></span> <span class='ocrx_word' id='word_1_736' title='bbox 2521 3371 2967 3425; x_wconf 89' lang='lat' dir='ltr'><strong>contumeliosum</strong></span> <span class='ocrx_word' id='word_1_737' title='bbox 3024 3389 3144 3429; x_wconf 87' lang='lat' dir='ltr'><strong>esse</strong></span> <span class='ocrx_word' id='word_1_738' title='bbox 3193 3391 3415 3433; x_wconf 84' lang='lat' dir='ltr'><strong>necesse</strong></span> <span class='ocrx_word' id='word_1_739' title='bbox 3445 3389 3560 3445; x_wconf 77' lang='lat' dir='ltr'><strong>est,</strong></span> <span class='ocrx_word' id='word_1_740' title='bbox 3590 3387 3646 3434; x_wconf 88' lang='lat' dir='ltr'><strong>et</strong></span> 
     </span>
    </p>
   </div>
   <div class='ocr_carea' id='block_1_94' title="bbox 2057 3460 3645 3538">
    <p class='ocr_par' dir='ltr' id='par_1_94' title="bbox 2057 3460 3645 3538">
     <span class='ocr_line' id='line_1_94' title="bbox 2057 3460 3645 3538; baseline 0.011 -33"><span class='ocrx_word' id='word_1_741' title='bbox 2057 3469 2463 3524; x_wconf 85' lang='lat' dir='ltr'><strong>percussorem,</strong></span> <span class='ocrx_word' id='word_1_742' title='bbox 2487 3471 2540 3514; x_wconf 89' lang='lat' dir='ltr'><strong>et</strong></span> <span class='ocrx_word' id='word_1_743' title='bbox 2570 3460 2918 3528; x_wconf 88' lang='lat' dir='ltr'><strong>iracundum,</strong></span> <span class='ocrx_word' id='word_1_744' title='bbox 2947 3476 2999 3518; x_wconf 90' lang='lat' dir='ltr'><strong>et</strong></span> <span class='ocrx_word' id='word_1_745' title='bbox 3021 3482 3260 3521; x_wconf 87' lang='lat' dir='ltr'><strong>amarum</strong></span> <span class='ocrx_word' id='word_1_746' title='bbox 3282 3507 3296 3534; x_wconf 93' lang='lat'><strong>,</strong></span> <span class='ocrx_word' id='word_1_747' title='bbox 3326 3480 3379 3524; x_wconf 90' lang='lat' dir='ltr'><strong>et</strong></span> <span class='ocrx_word' id='word_1_748' title='bbox 3405 3470 3645 3538; x_wconf 70' lang='lat' dir='ltr'><strong>tristem,</strong></span> 
     </span>
    </p>
   </div>
   <div class='ocr_carea' id='block_1_95' title="bbox 2056 3547 3648 3623">
    <p class='ocr_par' dir='ltr' id='par_1_95' title="bbox 2056 3547 3648 3623">
     <span class='ocr_line' id='line_1_95' title="bbox 2056 3547 3648 3623; baseline 0.01 -23"><span class='ocrx_word' id='word_1_749' title='bbox 2056 3547 2383 3617; x_wconf 85' lang='lat' dir='ltr'><strong>omninoque</strong></span> <span class='ocrx_word' id='word_1_750' title='bbox 2428 3551 2594 3604; x_wconf 88' lang='lat' dir='ltr'><strong>feram</strong></span> <span class='ocrx_word' id='word_1_751' title='bbox 2642 3555 2816 3622; x_wconf 90' lang='lat' dir='ltr'><strong>potius</strong></span> <span class='ocrx_word' id='word_1_752' title='bbox 2846 3570 3004 3623; x_wconf 81' lang='lat' dir='ltr'><strong>quant</strong></span> <span class='ocrx_word' id='word_1_753' title='bbox 3046 3555 3336 3614; x_wconf 88' lang='lat' dir='ltr'><strong>hominem.</strong></span> <span class='ocrx_word' id='word_1_754' title='bbox 3371 3561 3648 3617; x_wconf 81' lang='lat' dir='ltr'><strong>Robustus</strong></span> 
     </span>
    </p>
   </div>
   <div class='ocr_carea' id='block_1_96' title="bbox 2061 3641 3645 3716">
    <p class='ocr_par' dir='ltr' id='par_1_96' title="bbox 2061 3641 3645 3716">
     <span class='ocr_line' id='line_1_96' title="bbox 2061 3641 3645 3716; baseline 0.012 -27"><span class='ocrx_word' id='word_1_755' title='bbox 2061 3651 2120 3690; x_wconf 90' lang='lat' dir='ltr'><strong>cs</strong></span> <span class='ocrx_word' id='word_1_756' title='bbox 2143 3678 2157 3699; x_wconf 88' lang='lat'><em>.</em></span> <span class='ocrx_word' id='word_1_757' title='bbox 2191 3653 2253 3692; x_wconf 90' lang='lat' dir='ltr'><strong>ac</strong></span> <span class='ocrx_word' id='word_1_758' title='bbox 2281 3641 2530 3710; x_wconf 89' lang='lat' dir='ltr'><strong>superbis</strong></span> <span class='ocrx_word' id='word_1_759' title='bbox 2554 3642 2576 3695; x_wconf 86' lang='lat'><strong>?</strong></span> <span class='ocrx_word' id='word_1_760' title='bbox 2601 3641 2729 3698; x_wconf 88' lang='lat' dir='ltr'><strong>Inde</strong></span> <span class='ocrx_word' id='word_1_761' title='bbox 2755 3643 2931 3713; x_wconf 82' lang='lat' dir='ltr'><strong>potius</strong></span> <span class='ocrx_word' id='word_1_762' title='bbox 2957 3644 3183 3716; x_wconf 79' lang='lat' dir='ltr'><strong>deprimi</strong></span> <span class='ocrx_word' id='word_1_763' title='bbox 3213 3650 3476 3707; x_wconf 89' lang='lat' dir='ltr'><strong>debueras</strong></span> <span class='ocrx_word' id='word_1_764' title='bbox 3505 3670 3518 3706; x_wconf 89' lang='lat'><strong>:</strong></span> <span class='ocrx_word' id='word_1_765' title='bbox 3553 3668 3645 3707; x_wconf 85' lang='lat' dir='ltr'><strong>cur</strong></span> 
     </span>
    </p>
   </div>
   <div class='ocr_carea' id='block_1_97' title="bbox 2057 3727 3644 3814">
    <p class='ocr_par' dir='ltr' id='par_1_97' title="bbox 2057 3727 3644 3814">
     <span class='ocr_line' id='line_1_97' title="bbox 2057 3727 3644 3814; baseline 0.012 -33"><span class='ocrx_word' id='word_1_766' title='bbox 2057 3727 2198 3781; x_wconf 89' lang='lat' dir='ltr'><strong>enim</strong></span> <span class='ocrx_word' id='word_1_767' title='bbox 2229 3745 2292 3783; x_wconf 86' lang='lat' dir='ltr'><strong>ex</strong></span> <span class='ocrx_word' id='word_1_768' title='bbox 2326 3746 2383 3785; x_wconf 90' lang='lat' dir='ltr'><strong>re</strong></span> <span class='ocrx_word' id='word_1_769' title='bbox 2403 3773 2416 3794; x_wconf 87' lang='lat'><strong>,</strong></span> <span class='ocrx_word' id='word_1_770' title='bbox 2472 3748 2591 3802; x_wconf 74' lang='lat' dir='ltr'><strong>qua:</strong></span> <span class='ocrx_word' id='word_1_771' title='bbox 2633 3735 2832 3790; x_wconf 91' lang='lat' dir='ltr'><strong>nullius</strong></span> <span class='ocrx_word' id='word_1_772' title='bbox 2879 3738 3133 3806; x_wconf 89' lang='lat' dir='ltr'><strong>ponderis</strong></span> <span class='ocrx_word' id='word_1_773' title='bbox 3157 3751 3272 3807; x_wconf 84' lang='lat' dir='ltr'><strong>est,</strong></span> <span class='ocrx_word' id='word_1_774' title='bbox 3301 3759 3524 3814; x_wconf 88' lang='lat' dir='ltr'><strong>magnos</strong></span> <span class='ocrx_word' id='word_1_775' title='bbox 3552 3746 3644 3801; x_wconf 87' lang='lat' dir='ltr'><strong>tibi</strong></span> 
     </span>
    </p>
   </div>
   <div class='ocr_carea' id='block_1_98' title="bbox 2057 3820 3647 3901">
    <p class='ocr_par' dir='ltr' id='par_1_98' title="bbox 2057 3820 3647 3901">
     <span class='ocr_line' id='line_1_98' title="bbox 2057 3820 3647 3901; baseline 0.014 -30"><span class='ocrx_word' id='word_1_776' title='bbox 2057 3820 2276 3886; x_wconf 72' lang='lat' dir='ltr'><strong>Spiritus</strong></span> <span class='ocrx_word' id='word_1_777' title='bbox 2301 3823 2514 3878; x_wconf 85' lang='lat' dir='ltr'><strong>sumis?</strong></span> <span class='ocrx_word' id='word_1_778' title='bbox 2548 3825 2758 3881; x_wconf 84' lang='lat' dir='ltr'><strong>Etenim</strong></span> <span class='ocrx_word' id='word_1_779' title='bbox 2788 3840 2842 3884; x_wconf 84' lang='lat' dir='ltr'><strong>et</strong></span> <span class='ocrx_word' id='word_1_780' title='bbox 2864 3830 2949 3884; x_wconf 89' lang='lat' dir='ltr'><strong>leo</strong></span> <span class='ocrx_word' id='word_1_781' title='bbox 2978 3840 3029 3884; x_wconf 89' lang='lat' dir='ltr'><strong>te</strong></span> <span class='ocrx_word' id='word_1_782' title='bbox 3049 3832 3303 3890; x_wconf 87' lang='lat' dir='ltr'><strong>audacior</strong></span> <span class='ocrx_word' id='word_1_783' title='bbox 3328 3846 3441 3901; x_wconf 87' lang='lat' dir='ltr'><strong>est,</strong></span> <span class='ocrx_word' id='word_1_784' title='bbox 3474 3848 3522 3892; x_wconf 90' lang='lat' dir='ltr'><strong>et</strong></span> <span class='ocrx_word' id='word_1_785' title='bbox 3555 3854 3647 3893; x_wconf 78' lang='lat' dir='ltr'><strong>sos</strong></span> 
     </span>
    </p>
   </div>
   <div class='ocr_carea' id='block_1_99' title="bbox 2062 3911 3649 3994">
    <p class='ocr_par' dir='ltr' id='par_1_99' title="bbox 2062 3911 3649 3994">
     <span class='ocr_line' id='line_1_99' title="bbox 2062 3911 3649 3994; baseline 0.014 -32"><span class='ocrx_word' id='word_1_786' title='bbox 2062 3911 2371 3979; x_wconf 77' lang='lat' dir='ltr'><strong>robnszior;</strong></span> <span class='ocrx_word' id='word_1_787' title='bbox 2403 3930 2466 3969; x_wconf 89' lang='lat' dir='ltr'><strong>ac</strong></span> <span class='ocrx_word' id='word_1_788' title='bbox 2511 3933 2620 3986; x_wconf 78' lang='lat' dir='ltr'><strong>pra:</strong></span> <span class='ocrx_word' id='word_1_789' title='bbox 2666 3919 2770 3974; x_wconf 90' lang='lat' dir='ltr'><strong>illis</strong></span> <span class='ocrx_word' id='word_1_790' title='bbox 2806 3937 2872 3976; x_wconf 90' lang='lat' dir='ltr'><strong>ne</strong></span> <span class='ocrx_word' id='word_1_791' title='bbox 2909 3923 3063 3978; x_wconf 84' lang='lat' dir='ltr'><strong>culex</strong></span> <span class='ocrx_word' id='word_1_792' title='bbox 3089 3926 3302 3994; x_wconf 88' lang='lat' dir='ltr'><strong>quidem</strong></span> <span class='ocrx_word' id='word_1_793' title='bbox 3341 3944 3402 3983; x_wconf 85' lang='lat' dir='ltr'><strong>es</strong></span> <span class='ocrx_word' id='word_1_794' title='bbox 3431 3947 3442 3983; x_wconf 89' lang='lat'><strong>:</strong></span> <span class='ocrx_word' id='word_1_795' title='bbox 3471 3942 3524 3985; x_wconf 92' lang='lat' dir='ltr'><strong>et</strong></span> <span class='ocrx_word' id='word_1_796' title='bbox 3573 3932 3649 3984; x_wconf 83' lang='lat' dir='ltr'><strong>la-</strong></span> 
     </span>
    </p>
   </div>
   <div class='ocr_carea' id='block_1_100' title="bbox 2063 4009 3647 4087">
    <p class='ocr_par' dir='ltr' id='par_1_100' title="bbox 2063 4009 3647 4087">
     <span class='ocr_line' id='line_1_100' title="bbox 2063 4009 3647 4087; baseline 0.013 -33"><span class='ocrx_word' id='word_1_797' title='bbox 2063 4009 2242 4057; x_wconf 78' lang='lat' dir='ltr'><strong>trones</strong></span> <span class='ocrx_word' id='word_1_798' title='bbox 2286 4014 2341 4060; x_wconf 88' lang='lat' dir='ltr'><strong>et</strong></span> <span class='ocrx_word' id='word_1_799' title='bbox 2384 4009 2749 4076; x_wconf 90' lang='lat' dir='ltr'><strong>sepulcrorum</strong></span> <span class='ocrx_word' id='word_1_800' title='bbox 2789 4012 3076 4070; x_wconf 75' lang='lat' dir='ltr'><strong>effossores</strong></span> <span class='ocrx_word' id='word_1_801' title='bbox 3117 4026 3170 4070; x_wconf 86' lang='lat' dir='ltr'><strong>et</strong></span> <span class='ocrx_word' id='word_1_802' title='bbox 3219 4019 3542 4087; x_wconf 86' lang='lat' dir='ltr'><strong>gladiatores</strong></span> <span class='ocrx_word' id='word_1_803' title='bbox 3593 4030 3647 4076; x_wconf 85' lang='lat' dir='ltr'><strong>et</strong></span> 
     </span>
    </p>
   </div>
   <div class='ocr_carea' id='block_1_101' title="bbox 2059 4096 3647 4178">
    <p class='ocr_par' dir='ltr' id='par_1_101' title="bbox 2059 4096 3647 4178">
     <span class='ocr_line' id='line_1_101' title="bbox 2059 4096 3647 4178; baseline 0.013 -30"><span class='ocrx_word' id='word_1_804' title='bbox 2059 4096 2243 4150; x_wconf 77' lang='lat' dir='ltr'><strong>famuli</strong></span> <span class='ocrx_word' id='word_1_805' title='bbox 2273 4100 2344 4153; x_wconf 89' lang='lat' dir='ltr'><strong>ttti</strong></span> <span class='ocrx_word' id='word_1_806' title='bbox 2372 4141 2386 4167; x_wconf 87' lang='lat'><strong>,</strong></span> <span class='ocrx_word' id='word_1_807' title='bbox 2417 4103 2645 4156; x_wconf 87' lang='lat' dir='ltr'><strong>fortasse</strong></span> <span class='ocrx_word' id='word_1_808' title='bbox 2668 4118 2794 4157; x_wconf 83' lang='lat' dir='ltr'><strong>vero</strong></span> <span class='ocrx_word' id='word_1_809' title='bbox 2817 4112 2870 4158; x_wconf 86' lang='lat' dir='ltr'><strong>ct</strong></span> <span class='ocrx_word' id='word_1_810' title='bbox 2896 4107 2984 4176; x_wconf 92' lang='lat' dir='ltr'><strong>qui</strong></span> <span class='ocrx_word' id='word_1_811' title='bbox 3012 4107 3148 4161; x_wconf 86' lang='lat' dir='ltr'><strong>inter</strong></span> <span class='ocrx_word' id='word_1_812' title='bbox 3173 4108 3318 4178; x_wconf 89' lang='lat' dir='ltr'><strong>ipsos</strong></span> <span class='ocrx_word' id='word_1_813' title='bbox 3345 4110 3647 4168; x_wconf 87' lang='lat' dir='ltr'><strong>hebetiores</strong></span> 
     </span>
    </p>
   </div>
   <div class='ocr_carea' id='block_1_102' title="bbox 2061 4193 3648 4275">
    <p class='ocr_par' dir='ltr' id='par_1_102' title="bbox 2061 4193 3648 4275">
     <span class='ocr_line' id='line_1_102' title="bbox 2061 4193 3648 4275; baseline 0.011 -32"><span class='ocrx_word' id='word_1_814' title='bbox 2061 4200 2218 4255; x_wconf 88' lang='lat' dir='ltr'><strong>sunt,</strong></span> <span class='ocrx_word' id='word_1_815' title='bbox 2269 4200 2321 4247; x_wconf 91' lang='lat' dir='ltr'><strong>te</strong></span> <span class='ocrx_word' id='word_1_816' title='bbox 2363 4193 2556 4248; x_wconf 90' lang='lat' dir='ltr'><strong>robore</strong></span> <span class='ocrx_word' id='word_1_817' title='bbox 2582 4203 2637 4248; x_wconf 90' lang='lat' dir='ltr'><strong>et</strong></span> <span class='ocrx_word' id='word_1_818' title='bbox 2664 4195 2868 4252; x_wconf 87' lang='lat' dir='ltr'><strong>viribus</strong></span> <span class='ocrx_word' id='word_1_819' title='bbox 2915 4212 3190 4266; x_wconf 87' lang='lat' dir='ltr'><strong>superant.</strong></span> <span class='ocrx_word' id='word_1_820' title='bbox 3225 4202 3457 4259; x_wconf 89' lang='lat' dir='ltr'><strong>lloccine</strong></span> <span class='ocrx_word' id='word_1_821' title='bbox 3489 4205 3648 4275; x_wconf 88' lang='lat' dir='ltr'><strong>igitur</strong></span> 
     </span>
    </p>
   </div>
   <div class='ocr_carea' id='block_1_103' title="bbox 2061 4282 3646 4365">
    <p class='ocr_par' dir='ltr' id='par_1_103' title="bbox 2061 4282 3646 4365">
     <span class='ocr_line' id='line_1_103' title="bbox 2061 4282 3646 4365; baseline 0.013 -31"><span class='ocrx_word' id='word_1_822' title='bbox 2061 4282 2215 4337; x_wconf 88' lang='lat' dir='ltr'><strong>laude</strong></span> <span class='ocrx_word' id='word_1_823' title='bbox 2256 4283 2472 4354; x_wconf 87' lang='lat' dir='ltr'><strong>dignum</strong></span> <span class='ocrx_word' id='word_1_824' title='bbox 2495 4286 2517 4339; x_wconf 83' lang='lat'><strong>?</strong></span> <span class='ocrx_word' id='word_1_825' title='bbox 2556 4301 2620 4342; x_wconf 87' lang='lat' dir='ltr'><strong>ac</strong></span> <span class='ocrx_word' id='word_1_826' title='bbox 2661 4303 2766 4342; x_wconf 89' lang='lat' dir='ltr'><strong>non</strong></span> <span class='ocrx_word' id='word_1_827' title='bbox 2815 4299 2865 4344; x_wconf 90' lang='lat' dir='ltr'><strong>te</strong></span> <span class='ocrx_word' id='word_1_828' title='bbox 2892 4289 3068 4362; x_wconf 90' lang='lat' dir='ltr'><strong>ipsum</strong></span> <span class='ocrx_word' id='word_1_829' title='bbox 3093 4308 3199 4363; x_wconf 75' lang='lat' dir='ltr'><strong>pra.-</strong></span> <span class='ocrx_word' id='word_1_830' title='bbox 3227 4295 3429 4364; x_wconf 89' lang='lat' dir='ltr'><strong>pudore</strong></span> <span class='ocrx_word' id='word_1_831' title='bbox 3455 4299 3605 4353; x_wconf 88' lang='lat' dir='ltr'><strong>abdis</strong></span> <span class='ocrx_word' id='word_1_832' title='bbox 3629 4340 3646 4365; x_wconf 92' lang='lat'><strong>,</strong></span> 
     </span>
    </p>
   </div>
   <div class='ocr_carea' id='block_1_104' title="bbox 2059 4377 3648 4452">
    <p class='ocr_par' dir='ltr' id='par_1_104' title="bbox 2059 4377 3648 4452">
     <span class='ocr_line' id='line_1_104' title="bbox 2059 4377 3648 4452; baseline 0.008 -23"><span class='ocrx_word' id='word_1_833' title='bbox 2059 4377 2148 4446; x_wconf 87' lang='lat' dir='ltr'><strong>qui</strong></span> <span class='ocrx_word' id='word_1_834' title='bbox 2201 4377 2321 4432; x_wconf 93' lang='lat' dir='ltr'><strong>idco</strong></span> <span class='ocrx_word' id='word_1_835' title='bbox 2366 4379 2692 4450; x_wconf 88' lang='lat' dir='ltr'><strong>superbias?</strong></span> <span class='ocrx_word' id='word_1_836' title='bbox 2735 4383 2806 4436; x_wconf 86' lang='lat' dir='ltr'><strong>At</strong></span> <span class='ocrx_word' id='word_1_837' title='bbox 2855 4383 3068 4452; x_wconf 77' lang='lat' dir='ltr'><strong>pulcher</strong></span> <span class='ocrx_word' id='word_1_838' title='bbox 3124 4401 3184 4441; x_wconf 84' lang='lat' dir='ltr'><strong>es</strong></span> <span class='ocrx_word' id='word_1_839' title='bbox 3233 4400 3285 4442; x_wconf 92' lang='lat' dir='ltr'><strong>ct</strong></span> <span class='ocrx_word' id='word_1_840' title='bbox 3335 4387 3648 4445; x_wconf 69' lang='lat' dir='ltr'><strong>formosus?</strong></span> 
     </span>
    </p>
   </div>
   <div class='ocr_carea' id='block_1_105' title="bbox 2059 4468 3644 4554">
    <p class='ocr_par' dir='ltr' id='par_1_105' title="bbox 2059 4468 3644 4554">
     <span class='ocr_line' id='line_1_105' title="bbox 2059 4468 3644 4554; baseline 0.01 -33"><span class='ocrx_word' id='word_1_841' title='bbox 2059 4468 2350 4522; x_wconf 85' lang='lat' dir='ltr'><strong>Cornicum</strong></span> <span class='ocrx_word' id='word_1_842' title='bbox 2374 4469 2489 4524; x_wconf 81' lang='lat' dir='ltr'><strong>lucc</strong></span> <span class='ocrx_word' id='word_1_843' title='bbox 2511 4470 2757 4539; x_wconf 83' lang='lat' dir='ltr'><strong>gloriatio</strong></span> <span class='ocrx_word' id='word_1_844' title='bbox 2779 4483 2890 4538; x_wconf 89' lang='lat' dir='ltr'><strong>est;</strong></span> <span class='ocrx_word' id='word_1_845' title='bbox 2915 4490 3019 4528; x_wconf 91' lang='lat' dir='ltr'><strong>non</strong></span> <span class='ocrx_word' id='word_1_846' title='bbox 3043 4491 3103 4531; x_wconf 91' lang='lat' dir='ltr'><strong>es</strong></span> <span class='ocrx_word' id='word_1_847' title='bbox 3128 4491 3332 4546; x_wconf 77' lang='lat' dir='ltr'><strong>pavone</strong></span> <span class='ocrx_word' id='word_1_848' title='bbox 3355 4481 3644 4554; x_wconf 81' lang='lat' dir='ltr'><strong>pulchrior,</strong></span> 
     </span>
    </p>
   </div>
   <div class='ocr_carea' id='block_1_106' title="bbox 2060 4557 3648 4638">
    <p class='ocr_par' dir='ltr' id='par_1_106' title="bbox 2060 4557 3648 4638">
     <span class='ocr_line' id='line_1_106' title="bbox 2060 4557 3648 4638; baseline 0.009 -26"><span class='ocrx_word' id='word_1_849' title='bbox 2060 4557 2174 4612; x_wconf 88' lang='lat' dir='ltr'><strong>sive</strong></span> <span class='ocrx_word' id='word_1_850' title='bbox 2221 4558 2448 4612; x_wconf 88' lang='lat' dir='ltr'><strong>nitorem</strong></span> <span class='ocrx_word' id='word_1_851' title='bbox 2491 4561 2605 4615; x_wconf 87' lang='lat' dir='ltr'><strong>sive</strong></span> <span class='ocrx_word' id='word_1_852' title='bbox 2651 4577 2852 4630; x_wconf 87' lang='lat' dir='ltr'><strong>pennas</strong></span> <span class='ocrx_word' id='word_1_853' title='bbox 2893 4576 3148 4632; x_wconf 87' lang='lat' dir='ltr'><strong>spectes:</strong></span> <span class='ocrx_word' id='word_1_854' title='bbox 3197 4584 3386 4638; x_wconf 71' lang='lat' dir='ltr'><strong>penna:</strong></span> <span class='ocrx_word' id='word_1_855' title='bbox 3432 4573 3546 4626; x_wconf 90' lang='lat' dir='ltr'><strong>avis</strong></span> <span class='ocrx_word' id='word_1_856' title='bbox 3595 4582 3648 4627; x_wconf 89' lang='lat' dir='ltr'><strong>te</strong></span> 
     </span>
    </p>
   </div>
   <div class='ocr_carea' id='block_1_107' title="bbox 2062 4647 3650 4730">
    <p class='ocr_par' dir='ltr' id='par_1_107' title="bbox 2062 4647 3650 4730">
     <span class='ocr_line' id='line_1_107' title="bbox 2062 4647 3650 4730; baseline 0.011 -29"><span class='ocrx_word' id='word_1_857' title='bbox 2062 4647 2221 4717; x_wconf 88' lang='lat' dir='ltr'><strong>longe</strong></span> <span class='ocrx_word' id='word_1_858' title='bbox 2265 4649 2517 4715; x_wconf 87' lang='lat' dir='ltr'><strong>vincunt,</strong></span> <span class='ocrx_word' id='word_1_859' title='bbox 2561 4651 2673 4722; x_wconf 88' lang='lat' dir='ltr'><strong>ipsa</strong></span> <span class='ocrx_word' id='word_1_860' title='bbox 2705 4669 2857 4707; x_wconf 90' lang='lat' dir='ltr'><strong>coma</strong></span> <span class='ocrx_word' id='word_1_861' title='bbox 2880 4694 2895 4720; x_wconf 95' lang='lat'><strong>,</strong></span> <span class='ocrx_word' id='word_1_862' title='bbox 2941 4653 3058 4724; x_wconf 90' lang='lat' dir='ltr'><strong>ipso</strong></span> <span class='ocrx_word' id='word_1_863' title='bbox 3085 4657 3278 4713; x_wconf 86' lang='lat' dir='ltr'><strong>nitore.</strong></span> <span class='ocrx_word' id='word_1_864' title='bbox 3328 4661 3504 4730; x_wconf 84' lang='lat' dir='ltr'><strong>Atque</strong></span> <span class='ocrx_word' id='word_1_865' title='bbox 3531 4662 3650 4718; x_wconf 82' lang='lat' dir='ltr'><strong>olor</strong></span> 
     </span>
    </p>
   </div>
   <div class='ocr_carea' id='block_1_108' title="bbox 2062 4739 3648 4824">
    <p class='ocr_par' dir='ltr' id='par_1_108' title="bbox 2062 4739 3648 4824">
     <span class='ocr_line' id='line_1_108' title="bbox 2062 4739 3648 4824; baseline 0.011 -33"><span class='ocrx_word' id='word_1_866' title='bbox 2062 4739 2222 4793; x_wconf 90' lang='lat' dir='ltr'><strong>etiam</strong></span> <span class='ocrx_word' id='word_1_867' title='bbox 2255 4740 2407 4796; x_wconf 90' lang='lat' dir='ltr'><strong>valde</strong></span> <span class='ocrx_word' id='word_1_868' title='bbox 2445 4741 2670 4813; x_wconf 90' lang='lat' dir='ltr'><strong>pulcher</strong></span> <span class='ocrx_word' id='word_1_869' title='bbox 2697 4752 2816 4810; x_wconf 89' lang='lat' dir='ltr'><strong>est,</strong></span> <span class='ocrx_word' id='word_1_870' title='bbox 2850 4745 3076 4816; x_wconf 68' lang='lat' dir='ltr'><strong>olimque</strong></span> <span class='ocrx_word' id='word_1_871' title='bbox 3103 4763 3229 4804; x_wconf 88' lang='lat' dir='ltr'><strong>aves</strong></span> <span class='ocrx_word' id='word_1_872' title='bbox 3273 4752 3452 4806; x_wconf 77' lang='lat' dir='ltr'><strong>multa:</strong></span> <span class='ocrx_word' id='word_1_873' title='bbox 3488 4754 3648 4824; x_wconf 87' lang='lat' dir='ltr'><strong>:qui-</strong></span> 
     </span>
    </p>
   </div>
   <div class='ocr_carea' id='block_1_109' title="bbox 2068 4830 3646 4913">
    <p class='ocr_par' dir='ltr' id='par_1_109' title="bbox 2068 4830 3646 4913">
     <span class='ocr_line' id='line_1_109' title="bbox 2068 4830 3646 4913; baseline 0.009 -28"><span class='ocrx_word' id='word_1_874' title='bbox 2068 4830 2289 4886; x_wconf 89' lang='lat' dir='ltr'><strong>huscum</strong></span> <span class='ocrx_word' id='word_1_875' title='bbox 2331 4831 2378 4887; x_wconf 88' lang='lat' dir='ltr'><strong>si</strong></span> <span class='ocrx_word' id='word_1_876' title='bbox 2418 4844 2468 4888; x_wconf 91' lang='lat' dir='ltr'><strong>te</strong></span> <span class='ocrx_word' id='word_1_877' title='bbox 2515 4834 2842 4899; x_wconf 86' lang='lat' dir='ltr'><strong>contuleris,</strong></span> <span class='ocrx_word' id='word_1_878' title='bbox 2882 4836 3146 4906; x_wconf 82' lang='lat' dir='ltr'><strong>deSpicies</strong></span> <span class='ocrx_word' id='word_1_879' title='bbox 3195 4841 3352 4910; x_wconf 91' lang='lat' dir='ltr'><strong>plane</strong></span> <span class='ocrx_word' id='word_1_880' title='bbox 3396 4843 3646 4913; x_wconf 89' lang='lat' dir='ltr'><strong>teipsum.</strong></span> 
     </span>
    </p>
   </div>
   <div class='ocr_carea' id='block_1_110' title="bbox 2062 4925 3653 5006">
    <p class='ocr_par' dir='ltr' id='par_1_110' title="bbox 2062 4925 3653 5006">
     <span class='ocr_line' id='line_1_110' title="bbox 2062 4925 3653 5006; baseline 0.007 -26"><span class='ocrx_word' id='word_1_881' title='bbox 2062 4925 2218 4995; x_wconf 66' lang='grc' dir='ltr'><strong>δωρο</strong></span> <span class='ocrx_word' id='word_1_882' title='bbox 2245 4940 2374 4980; x_wconf 88' lang='lat' dir='ltr'><strong>vero</strong></span> <span class='ocrx_word' id='word_1_883' title='bbox 2400 4935 2453 4982; x_wconf 90' lang='lat' dir='ltr'><strong>ct</strong></span> <span class='ocrx_word' id='word_1_884' title='bbox 2486 4926 2618 4982; x_wconf 87' lang='lat' dir='ltr'><strong>viles</strong></span> <span class='ocrx_word' id='word_1_885' title='bbox 2647 4929 2852 4998; x_wconf 89' lang='lat' dir='ltr'><strong>pueruli</strong></span> <span class='ocrx_word' id='word_1_886' title='bbox 2881 4971 2897 4996; x_wconf 91' lang='lat'><strong>,</strong></span> <span class='ocrx_word' id='word_1_887' title='bbox 2941 4939 2995 4983; x_wconf 90' lang='lat' dir='ltr'><strong>et</strong></span> <span class='ocrx_word' id='word_1_888' title='bbox 3023 4931 3253 5001; x_wconf 86' lang='lat' dir='ltr'><strong>virgines</strong></span> <span class='ocrx_word' id='word_1_889' title='bbox 3288 4933 3527 5006; x_wconf 70' lang='lat' dir='ltr'><strong>innupta:</strong></span> <span class='ocrx_word' id='word_1_890' title='bbox 3548 4977 3563 4998; x_wconf 94' lang='lat'><strong>,</strong></span> <span class='ocrx_word' id='word_1_891' title='bbox 3597 4945 3653 4991; x_wconf 84' lang='lat' dir='ltr'><strong>et</strong></span> 
     </span>
    </p>
   </div>
   <div class='ocr_carea' id='block_1_111' title="bbox 2065 5019 3650 5086">
    <p class='ocr_par' dir='ltr' id='par_1_111' title="bbox 2065 5019 3650 5086">
     <span class='ocr_line' id='line_1_111' title="bbox 2065 5019 3650 5086; baseline 0.008 -14"><span class='ocrx_word' id='word_1_892' title='bbox 2065 5019 2376 5074; x_wconf 89' lang='lat' dir='ltr'><strong>meretrices</strong></span> <span class='ocrx_word' id='word_1_893' title='bbox 2403 5020 2683 5084; x_wconf 86' lang='lat' dir='ltr'><strong>mulieres,</strong></span> <span class='ocrx_word' id='word_1_894' title='bbox 2715 5032 2769 5076; x_wconf 91' lang='lat' dir='ltr'><strong>et</strong></span> <span class='ocrx_word' id='word_1_895' title='bbox 2797 5024 2986 5077; x_wconf 86' lang='lat' dir='ltr'><strong>molles</strong></span> <span class='ocrx_word' id='word_1_896' title='bbox 3019 5023 3265 5081; x_wconf 90' lang='lat' dir='ltr'><strong>homines</strong></span> <span class='ocrx_word' id='word_1_897' title='bbox 3291 5028 3427 5082; x_wconf 92' lang='lat' dir='ltr'><strong>hanc</strong></span> <span class='ocrx_word' id='word_1_898' title='bbox 3455 5029 3650 5086; x_wconf 86' lang='lat' dir='ltr'><strong>habent</strong></span> 
     </span>
    </p>
   </div>
   <div class='ocr_carea' id='block_1_112' title="bbox 2064 5109 3530 5189">
    <p class='ocr_par' dir='ltr' id='par_1_112' title="bbox 2064 5109 3530 5189">
     <span class='ocr_line' id='line_1_112' title="bbox 2064 5109 3530 5189; baseline 0.008 -29"><span class='ocrx_word' id='word_1_899' title='bbox 2064 5109 2455 5179; x_wconf 88' lang='lat' dir='ltr'><strong>gloriatiouem.</strong></span> <span class='ocrx_word' id='word_1_900' title='bbox 2494 5110 2728 5167; x_wconf 82' lang='lat' dir='ltr'><strong>lluccine</strong></span> <span class='ocrx_word' id='word_1_901' title='bbox 2755 5114 2914 5183; x_wconf 85' lang='lat' dir='ltr'><strong>igitur</strong></span> <span class='ocrx_word' id='word_1_902' title='bbox 2940 5119 3240 5184; x_wconf 87' lang='lat' dir='ltr'><strong>arrogantia</strong></span> <span class='ocrx_word' id='word_1_903' title='bbox 3267 5119 3484 5189; x_wconf 89' lang='lat' dir='ltr'><strong>dignutn</strong></span> <span class='ocrx_word' id='word_1_904' title='bbox 3505 5123 3530 5171; x_wconf 67' lang='grc' dir='ltr'>Υ</span> 
     </span>
    </p>
   </div>
   <div class='ocr_carea' id='block_1_113' title="bbox 2136 5202 3651 5278">
    <p class='ocr_par' dir='ltr' id='par_1_113' title="bbox 2136 5202 3651 5278">
     <span class='ocr_line' id='line_1_113' title="bbox 2136 5202 3651 5278; baseline 0.007 -22"><span class='ocrx_word' id='word_1_905' title='bbox 2136 5202 2188 5256; x_wconf 83' lang='lat'><strong>6.</strong></span> <span class='ocrx_word' id='word_1_906' title='bbox 2223 5203 2292 5256; x_wconf 84' lang='lat' dir='ltr'><strong>At</strong></span> <span class='ocrx_word' id='word_1_907' title='bbox 2319 5202 2518 5258; x_wconf 89' lang='lat' dir='ltr'><strong>divitiis</strong></span> <span class='ocrx_word' id='word_1_908' title='bbox 2547 5204 2830 5259; x_wconf 75' lang='lat' dir='ltr'><strong>abundas?</strong></span> <span class='ocrx_word' id='word_1_909' title='bbox 2863 5207 3040 5262; x_wconf 88' lang='lat' dir='ltr'><strong>unde?</strong></span> <span class='ocrx_word' id='word_1_910' title='bbox 3067 5208 3261 5278; x_wconf 90' lang='lat' dir='ltr'><strong>quibus</strong></span> <span class='ocrx_word' id='word_1_911' title='bbox 3291 5212 3450 5265; x_wconf 89' lang='lat' dir='ltr'><strong>rebus</strong></span> <span class='ocrx_word' id='word_1_912' title='bbox 3478 5213 3651 5266; x_wconf 59' lang='lat' dir='ltr'><strong>abnuo</strong></span> 
     </span>
    </p>
   </div>
   <div class='ocr_carea' id='block_1_114' title="bbox 2065 5293 3652 5369">
    <p class='ocr_par' dir='ltr' id='par_1_114' title="bbox 2065 5293 3652 5369">
     <span class='ocr_line' id='line_1_114' title="bbox 2065 5293 3652 5369; baseline 0.004 -21"><span class='ocrx_word' id='word_1_913' title='bbox 2065 5293 2198 5348; x_wconf 90' lang='lat' dir='ltr'><strong>das?</strong></span> <span class='ocrx_word' id='word_1_914' title='bbox 2224 5310 2358 5348; x_wconf 92' lang='lat' dir='ltr'><strong>auro</strong></span> <span class='ocrx_word' id='word_1_915' title='bbox 2375 5334 2391 5360; x_wconf 90' lang='lat'><strong>,</strong></span> <span class='ocrx_word' id='word_1_916' title='bbox 2425 5306 2647 5366; x_wconf 88' lang='lat' dir='ltr'><strong>argento</strong></span> <span class='ocrx_word' id='word_1_917' title='bbox 2667 5337 2682 5362; x_wconf 93' lang='lat'><strong>,</strong></span> <span class='ocrx_word' id='word_1_918' title='bbox 2715 5297 2913 5368; x_wconf 88' lang='lat' dir='ltr'><strong>lapillis</strong></span> <span class='ocrx_word' id='word_1_919' title='bbox 2941 5300 3228 5369; x_wconf 88' lang='lat' dir='ltr'><strong>pretiosis?</strong></span> <span class='ocrx_word' id='word_1_920' title='bbox 3254 5301 3380 5357; x_wconf 71' lang='lat' dir='ltr'><strong>llaec</strong></span> <span class='ocrx_word' id='word_1_921' title='bbox 3407 5313 3462 5358; x_wconf 90' lang='lat' dir='ltr'><strong>et</strong></span> <span class='ocrx_word' id='word_1_922' title='bbox 3491 5304 3652 5358; x_wconf 80' lang='lat' dir='ltr'><strong>latro-</strong></span> 
     </span>
    </p>
   </div>
   <div class='ocr_carea' id='block_1_115' title="bbox 2066 5385 3652 5464">
    <p class='ocr_par' dir='ltr' id='par_1_115' title="bbox 2066 5385 3652 5464">
     <span class='ocr_line' id='line_1_115' title="bbox 2066 5385 3652 5464; baseline 0.007 -26"><span class='ocrx_word' id='word_1_923' title='bbox 2066 5400 2194 5439; x_wconf 92' lang='lat' dir='ltr'><strong>num</strong></span> <span class='ocrx_word' id='word_1_924' title='bbox 2223 5385 2470 5454; x_wconf 87' lang='lat' dir='ltr'><strong>gloriatio</strong></span> <span class='ocrx_word' id='word_1_925' title='bbox 2498 5395 2583 5441; x_wconf 86' lang='lat' dir='ltr'><strong>est</strong></span> <span class='ocrx_word' id='word_1_926' title='bbox 2606 5396 2661 5442; x_wconf 89' lang='lat' dir='ltr'><strong>et</strong></span> <span class='ocrx_word' id='word_1_927' title='bbox 2687 5399 2979 5455; x_wconf 86' lang='lat' dir='ltr'><strong>sectorum,</strong></span> <span class='ocrx_word' id='word_1_928' title='bbox 3008 5401 3062 5444; x_wconf 91' lang='lat' dir='ltr'><strong>et</strong></span> <span class='ocrx_word' id='word_1_929' title='bbox 3091 5407 3298 5454; x_wconf 85' lang='lat' dir='ltr'><strong>eorum,</strong></span> <span class='ocrx_word' id='word_1_930' title='bbox 3323 5395 3411 5464; x_wconf 83' lang='lat' dir='ltr'><strong>qui</strong></span> <span class='ocrx_word' id='word_1_931' title='bbox 3441 5395 3652 5449; x_wconf 78' lang='lat' dir='ltr'><strong>metalla</strong></span> 
     </span>
    </p>
   </div>
   <div class='ocr_carea' id='block_1_116' title="bbox 2067 5478 3654 5557">
    <p class='ocr_par' dir='ltr' id='par_1_116' title="bbox 2067 5478 3654 5557">
     <span class='ocr_line' id='line_1_116' title="bbox 2067 5478 3654 5557; baseline 0.006 -25"><span class='ocrx_word' id='word_1_932' title='bbox 2067 5478 2346 5534; x_wconf 81' lang='lat' dir='ltr'><strong>effodiunt.</strong></span> <span class='ocrx_word' id='word_1_933' title='bbox 2378 5480 2518 5549; x_wconf 86' lang='lat' dir='ltr'><strong>Ergo</strong></span> <span class='ocrx_word' id='word_1_934' title='bbox 2547 5481 2688 5550; x_wconf 87' lang='lat' dir='ltr'><strong>quod</strong></span> <span class='ocrx_word' id='word_1_935' title='bbox 2718 5482 2985 5536; x_wconf 89' lang='lat' dir='ltr'><strong>damnatis</strong></span> <span class='ocrx_word' id='word_1_936' title='bbox 3015 5483 3168 5538; x_wconf 87' lang='lat' dir='ltr'><strong>labor</strong></span> <span class='ocrx_word' id='word_1_937' title='bbox 3193 5495 3294 5553; x_wconf 87' lang='lat' dir='ltr'><strong>est,</strong></span> <span class='ocrx_word' id='word_1_938' title='bbox 3329 5486 3380 5540; x_wconf 94' lang='lat' dir='ltr'><strong>id</strong></span> <span class='ocrx_word' id='word_1_939' title='bbox 3413 5487 3506 5541; x_wconf 89' lang='lat' dir='ltr'><strong>tibi</strong></span> <span class='ocrx_word' id='word_1_940' title='bbox 3537 5487 3654 5557; x_wconf 70' lang='lat' dir='ltr'><strong>glo-</strong></span> 
     </span>
    </p>
   </div>
   <div class='ocr_carea' id='block_1_117' title="bbox 2068 5569 3654 5646">
    <p class='ocr_par' dir='ltr' id='par_1_117' title="bbox 2068 5569 3654 5646">
     <span class='ocr_line' id='line_1_117' title="bbox 2068 5569 3654 5646; baseline 0.006 -22"><span class='ocrx_word' id='word_1_941' title='bbox 2068 5569 2236 5624; x_wconf 86' lang='lat' dir='ltr'><strong>riaudi</strong></span> <span class='ocrx_word' id='word_1_942' title='bbox 2265 5585 2423 5626; x_wconf 90' lang='lat' dir='ltr'><strong>causa</strong></span> <span class='ocrx_word' id='word_1_943' title='bbox 2449 5573 2592 5626; x_wconf 87' lang='lat' dir='ltr'><strong>erit?</strong></span> <span class='ocrx_word' id='word_1_944' title='bbox 2615 5575 2682 5627; x_wconf 83' lang='lat' dir='ltr'><strong>At</strong></span> <span class='ocrx_word' id='word_1_945' title='bbox 2709 5583 2902 5627; x_wconf 90' lang='lat' dir='ltr'><strong>ornatu</strong></span> <span class='ocrx_word' id='word_1_946' title='bbox 2931 5574 3108 5628; x_wconf 83' lang='lat' dir='ltr'><strong>nites?</strong></span> <span class='ocrx_word' id='word_1_947' title='bbox 3137 5575 3315 5646; x_wconf 87' lang='lat' dir='ltr'><strong>Equos</strong></span> <span class='ocrx_word' id='word_1_948' title='bbox 3343 5579 3503 5632; x_wconf 83' lang='lat' dir='ltr'><strong>etiam</strong></span> <span class='ocrx_word' id='word_1_949' title='bbox 3532 5579 3654 5633; x_wconf 80' lang='lat' dir='ltr'><strong>licet</strong></span> 
     </span>
    </p>
   </div>
   <div class='ocr_carea' id='block_1_118' title="bbox 2067 5661 3652 5735">
    <p class='ocr_par' dir='ltr' id='par_1_118' title="bbox 2067 5661 3652 5735">
     <span class='ocr_line' id='line_1_118' title="bbox 2067 5661 3652 5735; baseline 0.006 -20"><span class='ocrx_word' id='word_1_950' title='bbox 2067 5677 2291 5716; x_wconf 87' lang='lat' dir='ltr'><strong>cernere</strong></span> <span class='ocrx_word' id='word_1_951' title='bbox 2335 5661 2556 5730; x_wconf 88' lang='lat' dir='ltr'><strong>pulchre</strong></span> <span class='ocrx_word' id='word_1_952' title='bbox 2584 5673 2805 5718; x_wconf 90' lang='lat' dir='ltr'><strong>ornatos</strong></span> <span class='ocrx_word' id='word_1_953' title='bbox 2830 5682 2842 5718; x_wconf 90' lang='lat'><strong>:</strong></span> <span class='ocrx_word' id='word_1_954' title='bbox 2869 5665 3006 5735; x_wconf 89' lang='lat' dir='ltr'><strong>apud</strong></span> <span class='ocrx_word' id='word_1_955' title='bbox 3039 5665 3231 5722; x_wconf 86' lang='lat' dir='ltr'><strong>Persas</strong></span> <span class='ocrx_word' id='word_1_956' title='bbox 3262 5683 3387 5722; x_wconf 87' lang='lat' dir='ltr'><strong>vero</strong></span> <span class='ocrx_word' id='word_1_957' title='bbox 3416 5670 3652 5724; x_wconf 79' lang='lat' dir='ltr'><strong>camelos</strong></span> 
     </span>
    </p>
   </div>
   <div class='ocr_carea' id='block_1_119' title="bbox 2069 5753 3652 5825">
    <p class='ocr_par' dir='ltr' id='par_1_119' title="bbox 2069 5753 3652 5825">
     <span class='ocr_line' id='line_1_119' title="bbox 2069 5753 3652 5825; baseline 0.005 -17"><span class='ocrx_word' id='word_1_958' title='bbox 2069 5753 2230 5808; x_wconf 89' lang='lat' dir='ltr'><strong>etiam</strong></span> <span class='ocrx_word' id='word_1_959' title='bbox 2256 5753 2438 5807; x_wconf 73' lang='lat' dir='ltr'><strong>videas</strong></span> <span class='ocrx_word' id='word_1_960' title='bbox 2467 5753 2690 5808; x_wconf 85' lang='lat' dir='ltr'><strong>mirifice</strong></span> <span class='ocrx_word' id='word_1_961' title='bbox 2723 5765 2968 5825; x_wconf 89' lang='lat' dir='ltr'><strong>comptos</strong></span> <span class='ocrx_word' id='word_1_962' title='bbox 2993 5774 3004 5810; x_wconf 87' lang='lat'><strong>:</strong></span> <span class='ocrx_word' id='word_1_963' title='bbox 3029 5757 3167 5812; x_wconf 88' lang='lat' dir='ltr'><strong>inter</strong></span> <span class='ocrx_word' id='word_1_964' title='bbox 3195 5758 3444 5815; x_wconf 89' lang='lat' dir='ltr'><strong>homines</strong></span> <span class='ocrx_word' id='word_1_965' title='bbox 3473 5773 3652 5816; x_wconf 85' lang='lat' dir='ltr'><strong>autem</strong></span> 
     </span>
    </p>
   </div>
   <div class='ocr_carea' id='block_1_120' title="bbox 2075 5846 3655 5922">
    <p class='ocr_par' dir='ltr' id='par_1_120' title="bbox 2075 5846 3655 5922">
     <span class='ocr_line' id='line_1_120' title="bbox 2075 5846 3655 5922; baseline 0.004 -20"><span class='ocrx_word' id='word_1_966' title='bbox 2075 5861 2170 5902; x_wconf 84' lang='lat' dir='ltr'><strong>cos</strong></span> <span class='ocrx_word' id='word_1_967' title='bbox 2196 5859 2385 5901; x_wconf 85' lang='lat' dir='ltr'><strong>omnes</strong></span> <span class='ocrx_word' id='word_1_968' title='bbox 2406 5885 2422 5914; x_wconf 90' lang='lat'><strong>,</strong></span> <span class='ocrx_word' id='word_1_969' title='bbox 2449 5846 2540 5916; x_wconf 75' lang='lat' dir='ltr'><strong>qui</strong></span> <span class='ocrx_word' id='word_1_970' title='bbox 2577 5862 2645 5904; x_wconf 77' lang='lat' dir='ltr'><strong>cx</strong></span> <span class='ocrx_word' id='word_1_971' title='bbox 2683 5863 2864 5906; x_wconf 82' lang='lat' dir='ltr'><strong>scena.</strong></span> <span class='ocrx_word' id='word_1_972' title='bbox 2898 5848 3012 5905; x_wconf 68' lang='lat' dir='ltr'><strong>Non</strong></span> <span class='ocrx_word' id='word_1_973' title='bbox 3053 5851 3220 5922; x_wconf 86' lang='lat' dir='ltr'><strong>pudet</strong></span> <span class='ocrx_word' id='word_1_974' title='bbox 3259 5862 3310 5909; x_wconf 89' lang='lat' dir='ltr'><strong>te</strong></span> <span class='ocrx_word' id='word_1_975' title='bbox 3340 5853 3436 5908; x_wconf 84' lang='lat' dir='ltr'><strong>has</strong></span> <span class='ocrx_word' id='word_1_976' title='bbox 3461 5855 3528 5910; x_wconf 86' lang='lat' dir='ltr'><strong>ob</strong></span> <span class='ocrx_word' id='word_1_977' title='bbox 3568 5870 3655 5910; x_wconf 81' lang='lat' dir='ltr'><strong>res</strong></span> 
     </span>
    </p>
   </div>
  </div>
