  <div class='ocr_page' id='page_1' title='image "/cluster/home/n/w/nwhite01/storage/ocr_20150623/62:no.11/coo.31924054869627/244.png"; bbox 0 0 4170 6556; ppageno 0'>
   <div class='ocr_carea' id='block_1_1' title="bbox 390 435 505 493">
    <p class='ocr_par' dir='ltr' id='par_1_1' title="bbox 390 435 505 493">
     <span class='ocr_line' id='line_1_1' title="bbox 390 435 505 493; baseline -0.009 -1"><span class='ocrx_word' id='word_1_1' title='bbox 390 435 505 493; x_wconf 69' lang='grc'><strong>237</strong></span> 
     </span>
    </p>
   </div>
   <div class='ocr_carea' id='block_1_2' title="bbox 391 539 1996 622">
    <p class='ocr_par' dir='ltr' id='par_1_2' title="bbox 391 539 1996 622">
     <span class='ocr_line' id='line_1_2' title="bbox 391 539 1996 622; baseline -0.009 -16"><span class='ocrx_word' id='word_1_2' title='bbox 391 564 625 622; x_wconf 82' lang='lat' dir='ltr'><strong>magnos</strong></span> <span class='ocrx_word' id='word_1_3' title='bbox 654 546 875 619; x_wconf 88' lang='lat' dir='ltr'><strong>spiritus</strong></span> <span class='ocrx_word' id='word_1_4' title='bbox 903 559 1151 610; x_wconf 87' lang='lat' dir='ltr'><strong>sumere,</strong></span> <span class='ocrx_word' id='word_1_5' title='bbox 1184 542 1236 597; x_wconf 92' lang='lat' dir='ltr'><strong>in</strong></span> <span class='ocrx_word' id='word_1_6' title='bbox 1264 543 1457 613; x_wconf 83' lang='lat' dir='ltr'><strong>quibus</strong></span> <span class='ocrx_word' id='word_1_7' title='bbox 1485 551 1663 597; x_wconf 87' lang='lat' dir='ltr'><strong>tecum</strong></span> <span class='ocrx_word' id='word_1_8' title='bbox 1691 539 1996 596; x_wconf 85' lang='lat' dir='ltr'><strong>eonnnnui-</strong></span> 
     </span>
    </p>
   </div>
   <div class='ocr_carea' id='block_1_3' title="bbox 388 633 1999 699">
    <p class='ocr_par' dir='ltr' id='par_1_3' title="bbox 388 633 1999 699">
     <span class='ocr_line' id='line_1_3' title="bbox 388 633 1999 699; baseline -0.008 0"><span class='ocrx_word' id='word_1_9' title='bbox 388 655 521 699; x_wconf 82' lang='lat' dir='ltr'><strong>cant</strong></span> <span class='ocrx_word' id='word_1_10' title='bbox 560 643 716 696; x_wconf 89' lang='lat' dir='ltr'><strong>bruta</strong></span> <span class='ocrx_word' id='word_1_11' title='bbox 744 638 1038 694; x_wconf 87' lang='lat' dir='ltr'><strong>animantia</strong></span> <span class='ocrx_word' id='word_1_12' title='bbox 1070 646 1124 691; x_wconf 94' lang='lat' dir='ltr'><strong>et</strong></span> <span class='ocrx_word' id='word_1_13' title='bbox 1154 636 1296 690; x_wconf 87' lang='lat' dir='ltr'><strong>servi</strong></span> <span class='ocrx_word' id='word_1_14' title='bbox 1328 645 1380 689; x_wconf 85' lang='lat' dir='ltr'><strong>et</strong></span> <span class='ocrx_word' id='word_1_15' title='bbox 1411 634 1696 688; x_wconf 75' lang='lat' dir='ltr'><strong>homicidae</strong></span> <span class='ocrx_word' id='word_1_16' title='bbox 1726 641 1780 688; x_wconf 91' lang='lat' dir='ltr'><strong>et</strong></span> <span class='ocrx_word' id='word_1_17' title='bbox 1808 633 1999 687; x_wconf 87' lang='lat' dir='ltr'><strong>molles</strong></span> 
     </span>
    </p>
   </div>
   <div class='ocr_carea' id='block_1_4' title="bbox 386 722 1997 799">
    <p class='ocr_par' dir='ltr' id='par_1_4' title="bbox 386 722 1997 799">
     <span class='ocr_line' id='line_1_4' title="bbox 386 722 1997 799; baseline -0.009 -8"><span class='ocrx_word' id='word_1_18' title='bbox 386 747 450 791; x_wconf 84' lang='lat' dir='ltr'><strong>et</strong></span> <span class='ocrx_word' id='word_1_19' title='bbox 498 737 735 789; x_wconf 91' lang='lat' dir='ltr'><strong>latrones</strong></span> <span class='ocrx_word' id='word_1_20' title='bbox 780 740 835 787; x_wconf 91' lang='lat' dir='ltr'><strong>et</strong></span> <span class='ocrx_word' id='word_1_21' title='bbox 885 730 1257 799; x_wconf 94' lang='lat' dir='ltr'><strong>sepulcrorum</strong></span> <span class='ocrx_word' id='word_1_22' title='bbox 1307 725 1690 795; x_wconf 87' lang='lat' dir='ltr'><strong>perfossores?</strong></span> <span class='ocrx_word' id='word_1_23' title='bbox 1741 725 1808 777; x_wconf 76' lang='lat' dir='ltr'><strong>At</strong></span> <span class='ocrx_word' id='word_1_24' title='bbox 1854 722 1997 777; x_wconf 66' lang='lat' dir='ltr'><strong>aedes</strong></span> 
     </span>
    </p>
   </div>
   <div class='ocr_carea' id='block_1_5' title="bbox 389 813 1995 893">
    <p class='ocr_par' dir='ltr' id='par_1_5' title="bbox 389 813 1995 893">
     <span class='ocr_line' id='line_1_5' title="bbox 389 813 1995 893; baseline -0.009 -11"><span class='ocrx_word' id='word_1_25' title='bbox 389 826 634 882; x_wconf 77' lang='lat' dir='ltr'><strong>exstruis</strong></span> <span class='ocrx_word' id='word_1_26' title='bbox 678 821 1032 893; x_wconf 82' lang='lat' dir='ltr'><strong>splendidas?</strong></span> <span class='ocrx_word' id='word_1_27' title='bbox 1077 819 1142 873; x_wconf 85' lang='lat' dir='ltr'><strong>Et</strong></span> <span class='ocrx_word' id='word_1_28' title='bbox 1180 817 1365 889; x_wconf 91' lang='lat' dir='ltr'><strong>quanti</strong></span> <span class='ocrx_word' id='word_1_29' title='bbox 1416 816 1560 870; x_wconf 85' lang='lat' dir='ltr'><strong>hoc?</strong></span> <span class='ocrx_word' id='word_1_30' title='bbox 1599 815 1751 869; x_wconf 91' lang='lat' dir='ltr'><strong>nmlti</strong></span> <span class='ocrx_word' id='word_1_31' title='bbox 1793 813 1995 884; x_wconf 86' lang='lat' dir='ltr'><strong>graculi</strong></span> 
     </span>
    </p>
   </div>
   <div class='ocr_carea' id='block_1_6' title="bbox 385 907 1994 990">
    <p class='ocr_par' dir='ltr' id='par_1_6' title="bbox 385 907 1994 990">
     <span class='ocr_line' id='line_1_6' title="bbox 385 907 1994 990; baseline -0.009 -16"><span class='ocrx_word' id='word_1_32' title='bbox 385 917 730 990; x_wconf 76' lang='lat' dir='ltr'><strong>splendidius</strong></span> <span class='ocrx_word' id='word_1_33' title='bbox 772 914 1013 969; x_wconf 86' lang='lat' dir='ltr'><strong>habitant</strong></span> <span class='ocrx_word' id='word_1_34' title='bbox 1037 954 1053 979; x_wconf 92' lang='lat'><strong>,</strong></span> <span class='ocrx_word' id='word_1_35' title='bbox 1085 921 1141 967; x_wconf 92' lang='lat' dir='ltr'><strong>et</strong></span> <span class='ocrx_word' id='word_1_36' title='bbox 1171 909 1629 988; x_wconf 79' lang='lat' dir='ltr'><strong>magniﬁcentiora</strong></span> <span class='ocrx_word' id='word_1_37' title='bbox 1661 907 1858 963; x_wconf 79' lang='lat' dir='ltr'><strong>habent</strong></span> <span class='ocrx_word' id='word_1_38' title='bbox 1897 907 1994 961; x_wconf 80' lang='lat' dir='ltr'><strong>do-</strong></span> 
     </span>
    </p>
   </div>
   <div class='ocr_carea' id='block_1_7' title="bbox 385 1001 1993 1075">
    <p class='ocr_par' dir='ltr' id='par_1_7' title="bbox 385 1001 1993 1075">
     <span class='ocr_line' id='line_1_7' title="bbox 385 1001 1993 1075; baseline -0.008 -8"><span class='ocrx_word' id='word_1_39' title='bbox 385 1012 614 1068; x_wconf 84' lang='lat' dir='ltr'><strong>Inicilia.</strong></span> <span class='ocrx_word' id='word_1_40' title='bbox 650 1012 845 1064; x_wconf 82' lang='lat' dir='ltr'><strong>Annon</strong></span> <span class='ocrx_word' id='word_1_41' title='bbox 876 1007 1045 1061; x_wconf 84' lang='lat' dir='ltr'><strong>vides</strong></span> <span class='ocrx_word' id='word_1_42' title='bbox 1065 1007 1135 1060; x_wconf 94' lang='lat' dir='ltr'><strong>ab</strong></span> <span class='ocrx_word' id='word_1_43' title='bbox 1165 1005 1231 1059; x_wconf 92' lang='lat' dir='ltr'><strong>iis</strong></span> <span class='ocrx_word' id='word_1_44' title='bbox 1273 1003 1402 1075; x_wconf 85' lang='lat' dir='ltr'><strong>ip-is</strong></span> <span class='ocrx_word' id='word_1_45' title='bbox 1422 1044 1437 1067; x_wconf 91' lang='lat'><strong>,</strong></span> <span class='ocrx_word' id='word_1_46' title='bbox 1469 1002 1559 1073; x_wconf 90' lang='lat' dir='ltr'><strong>qui</strong></span> <span class='ocrx_word' id='word_1_47' title='bbox 1599 1002 1652 1056; x_wconf 93' lang='lat' dir='ltr'><strong>in</strong></span> <span class='ocrx_word' id='word_1_48' title='bbox 1693 1001 1892 1054; x_wconf 77' lang='lat' dir='ltr'><strong>divitiis</strong></span> <span class='ocrx_word' id='word_1_49' title='bbox 1923 1004 1993 1055; x_wconf 90' lang='lat' dir='ltr'><strong>ita</strong></span> 
     </span>
    </p>
   </div>
   <div class='ocr_carea' id='block_1_8' title="bbox 384 1094 1989 1171">
    <p class='ocr_par' dir='ltr' id='par_1_8' title="bbox 384 1094 1989 1171">
     <span class='ocr_line' id='line_1_8' title="bbox 384 1094 1989 1171; baseline -0.006 -12"><span class='ocrx_word' id='word_1_50' title='bbox 384 1105 704 1168; x_wconf 81' lang='lat' dir='ltr'><strong>insaniunt,</strong></span> <span class='ocrx_word' id='word_1_51' title='bbox 751 1102 804 1156; x_wconf 94' lang='lat' dir='ltr'><strong>in</strong></span> <span class='ocrx_word' id='word_1_52' title='bbox 835 1101 979 1171; x_wconf 81' lang='lat' dir='ltr'><strong>agris</strong></span> <span class='ocrx_word' id='word_1_53' title='bbox 1008 1114 1073 1153; x_wconf 90' lang='lat' dir='ltr'><strong>ac</strong></span> <span class='ocrx_word' id='word_1_54' title='bbox 1103 1098 1392 1153; x_wconf 76' lang='lat' dir='ltr'><strong>solitudine</strong></span> <span class='ocrx_word' id='word_1_55' title='bbox 1427 1106 1727 1151; x_wconf 73' lang='lat' dir='ltr'><strong>exstructas</strong></span> <span class='ocrx_word' id='word_1_56' title='bbox 1765 1094 1989 1160; x_wconf 88' lang='lat' dir='ltr'><strong>domos,</strong></span> 
     </span>
    </p>
   </div>
   <div class='ocr_carea' id='block_1_9' title="bbox 380 1185 1992 1266">
    <p class='ocr_par' dir='ltr' id='par_1_9' title="bbox 380 1185 1992 1266">
     <span class='ocr_line' id='line_1_9' title="bbox 380 1185 1992 1266; baseline -0.007 -15"><span class='ocrx_word' id='word_1_57' title='bbox 380 1198 736 1266; x_wconf 82' lang='lat' dir='ltr'><strong>graculorum</strong></span> <span class='ocrx_word' id='word_1_58' title='bbox 761 1209 882 1249; x_wconf 86' lang='lat' dir='ltr'><strong>esse</strong></span> <span class='ocrx_word' id='word_1_59' title='bbox 903 1190 1214 1247; x_wconf 87' lang='lat' dir='ltr'><strong>domicilia?</strong></span> <span class='ocrx_word' id='word_1_60' title='bbox 1235 1191 1305 1245; x_wconf 80' lang='lat' dir='ltr'><strong>At</strong></span> <span class='ocrx_word' id='word_1_61' title='bbox 1330 1190 1477 1244; x_wconf 92' lang='lat' dir='ltr'><strong>vocis</strong></span> <span class='ocrx_word' id='word_1_62' title='bbox 1501 1188 1671 1259; x_wconf 87' lang='lat' dir='ltr'><strong>gratia</strong></span> <span class='ocrx_word' id='word_1_63' title='bbox 1702 1185 1947 1258; x_wconf 88' lang='lat' dir='ltr'><strong>superbis</strong></span> <span class='ocrx_word' id='word_1_64' title='bbox 1968 1185 1992 1239; x_wconf 83' lang='lat' dir='ltr'><strong>&#39;t</strong></span> 
     </span>
    </p>
   </div>
   <div class='ocr_carea' id='block_1_10' title="bbox 379 1280 1987 1354">
    <p class='ocr_par' dir='ltr' id='par_1_10' title="bbox 379 1280 1987 1354">
     <span class='ocr_line' id='line_1_10' title="bbox 379 1280 1987 1354; baseline -0.007 -9"><span class='ocrx_word' id='word_1_65' title='bbox 379 1291 554 1345; x_wconf 85' lang='lat' dir='ltr'><strong>Olore</strong></span> <span class='ocrx_word' id='word_1_66' title='bbox 595 1297 650 1343; x_wconf 93' lang='lat' dir='ltr'><strong>et</strong></span> <span class='ocrx_word' id='word_1_67' title='bbox 693 1286 919 1342; x_wconf 87' lang='lat' dir='ltr'><strong>luscinia</strong></span> <span class='ocrx_word' id='word_1_68' title='bbox 952 1299 1242 1354; x_wconf 85' lang='lat' dir='ltr'><strong>numquam</strong></span> <span class='ocrx_word' id='word_1_69' title='bbox 1280 1283 1481 1353; x_wconf 88' lang='lat' dir='ltr'><strong>poteris</strong></span> <span class='ocrx_word' id='word_1_70' title='bbox 1514 1296 1710 1336; x_wconf 82' lang='lat' dir='ltr'><strong>canere</strong></span> <span class='ocrx_word' id='word_1_71' title='bbox 1752 1280 1987 1334; x_wconf 88' lang='lat' dir='ltr'><strong>suavius.</strong></span> 
     </span>
    </p>
   </div>
   <div class='ocr_carea' id='block_1_11' title="bbox 383 1372 1991 1445">
    <p class='ocr_par' dir='ltr' id='par_1_11' title="bbox 383 1372 1991 1445">
     <span class='ocr_line' id='line_1_11' title="bbox 383 1372 1991 1445; baseline -0.006 -8"><span class='ocrx_word' id='word_1_72' title='bbox 383 1385 459 1437; x_wconf 74' lang='lat' dir='ltr'><strong>At</strong></span> <span class='ocrx_word' id='word_1_73' title='bbox 483 1381 679 1436; x_wconf 85' lang='lat' dir='ltr'><strong>artium</strong></span> <span class='ocrx_word' id='word_1_74' title='bbox 704 1377 1090 1434; x_wconf 83' lang='lat' dir='ltr'><strong>multitudine?</strong></span> <span class='ocrx_word' id='word_1_75' title='bbox 1121 1375 1324 1445; x_wconf 80' lang='lat' dir='ltr'><strong>Ecquid</strong></span> <span class='ocrx_word' id='word_1_76' title='bbox 1349 1375 1401 1429; x_wconf 92' lang='lat' dir='ltr'><strong>in</strong></span> <span class='ocrx_word' id='word_1_77' title='bbox 1426 1374 1509 1428; x_wconf 89' lang='lat' dir='ltr'><strong>his</strong></span> <span class='ocrx_word' id='word_1_78' title='bbox 1530 1389 1631 1442; x_wconf 88' lang='lat' dir='ltr'><strong>ape</strong></span> <span class='ocrx_word' id='word_1_79' title='bbox 1657 1372 1991 1442; x_wconf 78' lang='lat' dir='ltr'><strong>sapientius?</strong></span> 
     </span>
    </p>
   </div>
   <div class='ocr_carea' id='block_1_12' title="bbox 378 1466 1987 1545">
    <p class='ocr_par' dir='ltr' id='par_1_12' title="bbox 378 1466 1987 1545">
     <span class='ocr_line' id='line_1_12' title="bbox 378 1466 1987 1545; baseline -0.007 -16"><span class='ocrx_word' id='word_1_80' title='bbox 378 1475 576 1545; x_wconf 81' lang='lat' dir='ltr'><strong>ceqnis</strong></span> <span class='ocrx_word' id='word_1_81' title='bbox 616 1471 928 1543; x_wconf 84' lang='lat' dir='ltr'><strong>variegandi</strong></span> <span class='ocrx_word' id='word_1_82' title='bbox 961 1470 1154 1525; x_wconf 75' lang='lat' dir='ltr'><strong>artifex</strong></span> <span class='ocrx_word' id='word_1_83' title='bbox 1178 1511 1192 1533; x_wconf 86' lang='lat'><strong>,</strong></span> <span class='ocrx_word' id='word_1_84' title='bbox 1225 1469 1409 1539; x_wconf 82' lang='lat' dir='ltr'><strong>ecquis</strong></span> <span class='ocrx_word' id='word_1_85' title='bbox 1448 1468 1655 1535; x_wconf 91' lang='lat' dir='ltr'><strong>pictor,</strong></span> <span class='ocrx_word' id='word_1_86' title='bbox 1682 1466 1866 1536; x_wconf 85' lang='lat' dir='ltr'><strong>ecquis</strong></span> <span class='ocrx_word' id='word_1_87' title='bbox 1897 1482 1987 1518; x_wconf 82' lang='lat' dir='ltr'><strong>ar-</strong></span> 
     </span>
    </p>
   </div>
   <div class='ocr_carea' id='block_1_13' title="bbox 374 1557 1987 1629">
    <p class='ocr_par' dir='ltr' id='par_1_13' title="bbox 374 1557 1987 1629">
     <span class='ocr_line' id='line_1_13' title="bbox 374 1557 1987 1629; baseline -0.004 -9"><span class='ocrx_word' id='word_1_88' title='bbox 374 1566 650 1621; x_wconf 83' lang='lat' dir='ltr'><strong>chitectus</strong></span> <span class='ocrx_word' id='word_1_89' title='bbox 696 1565 851 1617; x_wconf 87' lang='lat' dir='ltr'><strong>istius</strong></span> <span class='ocrx_word' id='word_1_90' title='bbox 883 1562 1079 1617; x_wconf 89' lang='lat' dir='ltr'><strong>imitari</strong></span> <span class='ocrx_word' id='word_1_91' title='bbox 1121 1576 1284 1629; x_wconf 82' lang='lat' dir='ltr'><strong>opera</strong></span> <span class='ocrx_word' id='word_1_92' title='bbox 1330 1559 1563 1629; x_wconf 77' lang='lat' dir='ltr'><strong>poterit?</strong></span> <span class='ocrx_word' id='word_1_93' title='bbox 1595 1560 1664 1613; x_wconf 83' lang='lat' dir='ltr'><strong>At</strong></span> <span class='ocrx_word' id='word_1_94' title='bbox 1690 1557 1987 1613; x_wconf 81' lang='lat' dir='ltr'><strong>subtilitate</strong></span> 
     </span>
    </p>
   </div>
   <div class='ocr_carea' id='block_1_14' title="bbox 376 1651 1987 1721">
    <p class='ocr_par' dir='ltr' id='par_1_14' title="bbox 376 1651 1987 1721">
     <span class='ocr_line' id='line_1_14' title="bbox 376 1651 1987 1721; baseline -0.003 -12"><span class='ocrx_word' id='word_1_95' title='bbox 376 1657 593 1712; x_wconf 83' lang='lat' dir='ltr'><strong>vestis?</strong></span> <span class='ocrx_word' id='word_1_96' title='bbox 622 1655 727 1710; x_wconf 83' lang='lat' dir='ltr'><strong>Sed</strong></span> <span class='ocrx_word' id='word_1_97' title='bbox 760 1655 849 1708; x_wconf 89' lang='lat' dir='ltr'><strong>hic</strong></span> <span class='ocrx_word' id='word_1_98' title='bbox 879 1664 930 1708; x_wconf 90' lang='lat' dir='ltr'><strong>te</strong></span> <span class='ocrx_word' id='word_1_99' title='bbox 960 1669 1177 1708; x_wconf 84' lang='lat' dir='ltr'><strong>aranea:</strong></span> <span class='ocrx_word' id='word_1_100' title='bbox 1207 1652 1448 1706; x_wconf 87' lang='lat' dir='ltr'><strong>vincunt.</strong></span> <span class='ocrx_word' id='word_1_101' title='bbox 1481 1653 1551 1706; x_wconf 83' lang='lat' dir='ltr'><strong>At</strong></span> <span class='ocrx_word' id='word_1_102' title='bbox 1581 1651 1864 1705; x_wconf 81' lang='lat' dir='ltr'><strong>velocitate</strong></span> <span class='ocrx_word' id='word_1_103' title='bbox 1895 1666 1987 1721; x_wconf 86' lang='lat' dir='ltr'><strong>pc-</strong></span> 
     </span>
    </p>
   </div>
   <div class='ocr_carea' id='block_1_15' title="bbox 372 1740 1982 1815">
    <p class='ocr_par' dir='ltr' id='par_1_15' title="bbox 372 1740 1982 1815">
     <span class='ocr_line' id='line_1_15' title="bbox 372 1740 1982 1815; baseline -0.005 -13"><span class='ocrx_word' id='word_1_104' title='bbox 372 1748 511 1802; x_wconf 83' lang='grc' dir='ltr'><strong>ιΙιιιιι</strong></span> <span class='ocrx_word' id='word_1_105' title='bbox 534 1750 558 1801; x_wconf 86' lang='lat'><strong>?</strong></span> <span class='ocrx_word' id='word_1_106' title='bbox 585 1748 791 1802; x_wconf 79' lang='lat' dir='ltr'><strong>Rursus</strong></span> <span class='ocrx_word' id='word_1_107' title='bbox 824 1747 1008 1815; x_wconf 75' lang='lat' dir='ltr'><strong>prima:</strong></span> <span class='ocrx_word' id='word_1_108' title='bbox 1043 1745 1213 1798; x_wconf 84' lang='lat' dir='ltr'><strong>brutis</strong></span> <span class='ocrx_word' id='word_1_109' title='bbox 1243 1741 1608 1798; x_wconf 80' lang='lat' dir='ltr'><strong>animantibus</strong></span> <span class='ocrx_word' id='word_1_110' title='bbox 1634 1740 1942 1797; x_wconf 78' lang='lat' dir='ltr'><strong>deferenda:</strong></span> <span class='ocrx_word' id='word_1_111' title='bbox 1965 1782 1982 1808; x_wconf 91' lang='lat'><strong>,</strong></span> 
     </span>
    </p>
   </div>
   <div class='ocr_carea' id='block_1_16' title="bbox 376 1833 1982 1911">
    <p class='ocr_par' dir='ltr' id='par_1_16' title="bbox 376 1833 1982 1911">
     <span class='ocr_line' id='line_1_16' title="bbox 376 1833 1982 1911; baseline -0.004 -14"><span class='ocrx_word' id='word_1_112' title='bbox 376 1842 580 1911; x_wconf 80' lang='lat' dir='ltr'><strong>lepori,</strong></span> <span class='ocrx_word' id='word_1_113' title='bbox 626 1843 841 1906; x_wconf 71' lang='lat' dir='ltr'><strong>datum;</strong></span> <span class='ocrx_word' id='word_1_114' title='bbox 892 1848 948 1895; x_wconf 91' lang='lat' dir='ltr'><strong>et</strong></span> <span class='ocrx_word' id='word_1_115' title='bbox 994 1846 1125 1909; x_wconf 88' lang='lat' dir='ltr'><strong>quot</strong></span> <span class='ocrx_word' id='word_1_116' title='bbox 1170 1836 1411 1908; x_wconf 84' lang='lat' dir='ltr'><strong>jttntenta</strong></span> <span class='ocrx_word' id='word_1_117' title='bbox 1458 1834 1740 1890; x_wconf 81' lang='lat' dir='ltr'><strong>velocitate</strong></span> <span class='ocrx_word' id='word_1_118' title='bbox 1788 1833 1982 1906; x_wconf 89' lang='lat' dir='ltr'><strong>pedum</strong></span> 
     </span>
    </p>
   </div>
   <div class='ocr_carea' id='block_1_17' title="bbox 373 1927 1983 1991">
    <p class='ocr_par' dir='ltr' id='par_1_17' title="bbox 373 1927 1983 1991">
     <span class='ocr_line' id='line_1_17' title="bbox 373 1927 1983 1991; baseline -0.004 -1"><span class='ocrx_word' id='word_1_119' title='bbox 373 1936 607 1991; x_wconf 85' lang='lat' dir='ltr'><strong>minime</strong></span> <span class='ocrx_word' id='word_1_120' title='bbox 654 1935 963 1989; x_wconf 90' lang='lat' dir='ltr'><strong>vincuntur.</strong></span> <span class='ocrx_word' id='word_1_121' title='bbox 1000 1934 1070 1987; x_wconf 81' lang='lat' dir='ltr'><strong>At</strong></span> <span class='ocrx_word' id='word_1_122' title='bbox 1113 1941 1288 1986; x_wconf 88' lang='lat' dir='ltr'><strong>mutas</strong></span> <span class='ocrx_word' id='word_1_123' title='bbox 1332 1929 1533 1985; x_wconf 80' lang='lat' dir='ltr'><strong>sedes?</strong></span> <span class='ocrx_word' id='word_1_124' title='bbox 1576 1928 1773 1983; x_wconf 82' lang='lat' dir='ltr'><strong>Verum</strong></span> <span class='ocrx_word' id='word_1_125' title='bbox 1813 1927 1983 1983; x_wconf 83' lang='lat' dir='ltr'><strong>nihilo</strong></span> 
     </span>
    </p>
   </div>
   <div class='ocr_carea' id='block_1_18' title="bbox 377 2021 1980 2099">
    <p class='ocr_par' dir='ltr' id='par_1_18' title="bbox 377 2021 1980 2099">
     <span class='ocr_line' id='line_1_18' title="bbox 377 2021 1980 2099; baseline -0.002 -20"><span class='ocrx_word' id='word_1_126' title='bbox 377 2029 507 2099; x_wconf 87' lang='lat' dir='ltr'><strong>plus</strong></span> <span class='ocrx_word' id='word_1_127' title='bbox 531 2028 746 2092; x_wconf 87' lang='lat' dir='ltr'><strong>avibus;</strong></span> <span class='ocrx_word' id='word_1_128' title='bbox 779 2026 862 2081; x_wconf 84' lang='lat' dir='ltr'><strong>lue</strong></span> <span class='ocrx_word' id='word_1_129' title='bbox 884 2026 1028 2081; x_wconf 89' lang='lat' dir='ltr'><strong>enim</strong></span> <span class='ocrx_word' id='word_1_130' title='bbox 1057 2023 1265 2080; x_wconf 78' lang='lat' dir='ltr'><strong>facilius</strong></span> <span class='ocrx_word' id='word_1_131' title='bbox 1291 2022 1722 2094; x_wconf 90' lang='lat' dir='ltr'><strong>peregrinantur,</strong></span> <span class='ocrx_word' id='word_1_132' title='bbox 1742 2037 1804 2077; x_wconf 90' lang='lat' dir='ltr'><strong>ac</strong></span> <span class='ocrx_word' id='word_1_133' title='bbox 1823 2021 1980 2077; x_wconf 88' lang='lat' dir='ltr'><strong>sedes</strong></span> 
     </span>
    </p>
   </div>
   <div class='ocr_carea' id='block_1_19' title="bbox 379 2115 1977 2187">
    <p class='ocr_par' dir='ltr' id='par_1_19' title="bbox 379 2115 1977 2187">
     <span class='ocr_line' id='line_1_19' title="bbox 379 2115 1977 2187; baseline -0.003 -14"><span class='ocrx_word' id='word_1_134' title='bbox 379 2128 640 2173; x_wconf 87' lang='lat' dir='ltr'><strong>mutant:</strong></span> <span class='ocrx_word' id='word_1_135' title='bbox 675 2136 777 2173; x_wconf 87' lang='lat' dir='ltr'><strong>non</strong></span> <span class='ocrx_word' id='word_1_136' title='bbox 817 2119 1016 2173; x_wconf 91' lang='lat' dir='ltr'><strong>viatico</strong></span> <span class='ocrx_word' id='word_1_137' title='bbox 1041 2160 1057 2185; x_wconf 89' lang='lat'><strong>,</strong></span> <span class='ocrx_word' id='word_1_138' title='bbox 1106 2132 1213 2171; x_wconf 91' lang='lat' dir='ltr'><strong>non</strong></span> <span class='ocrx_word' id='word_1_139' title='bbox 1253 2116 1513 2187; x_wconf 83' lang='lat' dir='ltr'><strong>juntentis</strong></span> <span class='ocrx_word' id='word_1_140' title='bbox 1551 2124 1745 2185; x_wconf 85' lang='lat' dir='ltr'><strong>egent,</strong></span> <span class='ocrx_word' id='word_1_141' title='bbox 1777 2115 1870 2170; x_wconf 90' lang='lat' dir='ltr'><strong>sed</strong></span> <span class='ocrx_word' id='word_1_142' title='bbox 1910 2115 1977 2169; x_wconf 88' lang='lat' dir='ltr'><strong>ad</strong></span> 
     </span>
    </p>
   </div>
   <div class='ocr_carea' id='block_1_20' title="bbox 372 2205 1975 2276">
    <p class='ocr_par' dir='ltr' id='par_1_20' title="bbox 372 2205 1975 2276">
     <span class='ocr_line' id='line_1_20' title="bbox 372 2205 1975 2276; baseline -0.004 -11"><span class='ocrx_word' id='word_1_143' title='bbox 372 2210 561 2265; x_wconf 85' lang='lat' dir='ltr'><strong>omnia</strong></span> <span class='ocrx_word' id='word_1_144' title='bbox 596 2209 697 2265; x_wconf 90' lang='lat' dir='ltr'><strong>illis</strong></span> <span class='ocrx_word' id='word_1_145' title='bbox 722 2210 806 2264; x_wconf 89' lang='lat' dir='ltr'><strong>ala</strong></span> <span class='ocrx_word' id='word_1_146' title='bbox 836 2210 969 2264; x_wconf 88' lang='lat' dir='ltr'><strong>satis</strong></span> <span class='ocrx_word' id='word_1_147' title='bbox 995 2218 1073 2263; x_wconf 86' lang='lat' dir='ltr'><strong>est</strong></span> <span class='ocrx_word' id='word_1_148' title='bbox 1106 2210 1259 2264; x_wconf 72' lang='lat' dir='ltr'><strong>:ha3c</strong></span> <span class='ocrx_word' id='word_1_149' title='bbox 1290 2207 1461 2270; x_wconf 88' lang='lat' dir='ltr'><strong>navis.</strong></span> <span class='ocrx_word' id='word_1_150' title='bbox 1495 2205 1610 2261; x_wconf 77' lang='lat' dir='ltr'><strong>lucc</strong></span> <span class='ocrx_word' id='word_1_151' title='bbox 1636 2207 1936 2276; x_wconf 90' lang='lat' dir='ltr'><strong>jumentum</strong></span> <span class='ocrx_word' id='word_1_152' title='bbox 1958 2248 1975 2274; x_wconf 93' lang='lat'><strong>,</strong></span> 
     </span>
    </p>
   </div>
   <div class='ocr_carea' id='block_1_21' title="bbox 369 2299 1977 2372">
    <p class='ocr_par' dir='ltr' id='par_1_21' title="bbox 369 2299 1977 2372">
     <span class='ocr_line' id='line_1_21' title="bbox 369 2299 1977 2372; baseline -0.002 -16"><span class='ocrx_word' id='word_1_153' title='bbox 369 2303 493 2357; x_wconf 81' lang='lat' dir='ltr'><strong>lucc</strong></span> <span class='ocrx_word' id='word_1_154' title='bbox 516 2303 843 2370; x_wconf 84' lang='lat' dir='ltr'><strong>vehiculum,</strong></span> <span class='ocrx_word' id='word_1_155' title='bbox 872 2302 986 2357; x_wconf 73' lang='lat' dir='ltr'><strong>hare</strong></span> <span class='ocrx_word' id='word_1_156' title='bbox 1009 2310 1223 2367; x_wconf 85' lang='lat' dir='ltr'><strong>ventus,</strong></span> <span class='ocrx_word' id='word_1_157' title='bbox 1250 2311 1300 2357; x_wconf 90' lang='lat' dir='ltr'><strong>et</strong></span> <span class='ocrx_word' id='word_1_158' title='bbox 1333 2299 1590 2372; x_wconf 87' lang='lat' dir='ltr'><strong>quidquid</strong></span> <span class='ocrx_word' id='word_1_159' title='bbox 1618 2299 1762 2354; x_wconf 85' lang='lat' dir='ltr'><strong>aliud</strong></span> <span class='ocrx_word' id='word_1_160' title='bbox 1790 2312 1977 2367; x_wconf 52' lang='lat' dir='ltr'><strong>pos-tn-</strong></span> 
     </span>
    </p>
   </div>
   <div class='ocr_carea' id='block_1_22' title="bbox 366 2394 1976 2464">
    <p class='ocr_par' dir='ltr' id='par_1_22' title="bbox 366 2394 1976 2464">
     <span class='ocr_line' id='line_1_22' title="bbox 366 2394 1976 2464; baseline -0.002 -14"><span class='ocrx_word' id='word_1_161' title='bbox 366 2394 473 2450; x_wconf 87' lang='lat' dir='ltr'><strong>lari</strong></span> <span class='ocrx_word' id='word_1_162' title='bbox 505 2404 687 2464; x_wconf 84' lang='lat' dir='ltr'><strong>queat.</strong></span> <span class='ocrx_word' id='word_1_163' title='bbox 719 2397 789 2449; x_wconf 83' lang='lat' dir='ltr'><strong>At</strong></span> <span class='ocrx_word' id='word_1_164' title='bbox 821 2403 979 2449; x_wconf 88' lang='lat' dir='ltr'><strong>acute</strong></span> <span class='ocrx_word' id='word_1_165' title='bbox 1018 2394 1237 2449; x_wconf 90' lang='lat' dir='ltr'><strong>cernis?</strong></span> <span class='ocrx_word' id='word_1_166' title='bbox 1265 2409 1448 2448; x_wconf 87' lang='lat' dir='ltr'><strong>verum</strong></span> <span class='ocrx_word' id='word_1_167' title='bbox 1479 2408 1584 2446; x_wconf 91' lang='lat' dir='ltr'><strong>non</strong></span> <span class='ocrx_word' id='word_1_168' title='bbox 1612 2406 1785 2462; x_wconf 75' lang='lat' dir='ltr'><strong>teque,</strong></span> <span class='ocrx_word' id='word_1_169' title='bbox 1814 2401 1976 2463; x_wconf 90' lang='lat' dir='ltr'><strong>atque</strong></span> 
     </span>
    </p>
   </div>
   <div class='ocr_carea' id='block_1_23' title="bbox 359 2485 1969 2559">
    <p class='ocr_par' dir='ltr' id='par_1_23' title="bbox 359 2485 1969 2559">
     <span class='ocr_line' id='line_1_23' title="bbox 359 2485 1969 2559; baseline -0.001 -17"><span class='ocrx_word' id='word_1_170' title='bbox 359 2505 566 2559; x_wconf 83' lang='lat' dir='ltr'><strong>caprea</strong></span> <span class='ocrx_word' id='word_1_171' title='bbox 589 2498 682 2542; x_wconf 90' lang='lat' dir='ltr'><strong>ant</strong></span> <span class='ocrx_word' id='word_1_172' title='bbox 704 2489 906 2559; x_wconf 88' lang='lat' dir='ltr'><strong>aquila.</strong></span> <span class='ocrx_word' id='word_1_173' title='bbox 933 2489 999 2543; x_wconf 84' lang='lat' dir='ltr'><strong>At</strong></span> <span class='ocrx_word' id='word_1_174' title='bbox 1023 2498 1179 2543; x_wconf 90' lang='lat' dir='ltr'><strong>acnle</strong></span> <span class='ocrx_word' id='word_1_175' title='bbox 1199 2486 1395 2544; x_wconf 83' lang='lat' dir='ltr'><strong>audis?</strong></span> <span class='ocrx_word' id='word_1_176' title='bbox 1422 2485 1517 2542; x_wconf 89' lang='lat' dir='ltr'><strong>sed</strong></span> <span class='ocrx_word' id='word_1_177' title='bbox 1539 2488 1722 2540; x_wconf 90' lang='lat' dir='ltr'><strong>asinus</strong></span> <span class='ocrx_word' id='word_1_178' title='bbox 1743 2486 1969 2540; x_wconf 85' lang='lat' dir='ltr'><strong>acutius.</strong></span> 
     </span>
    </p>
   </div>
   <div class='ocr_carea' id='block_1_24' title="bbox 362 2577 1971 2638">
    <p class='ocr_par' dir='ltr' id='par_1_24' title="bbox 362 2577 1971 2638">
     <span class='ocr_line' id='line_1_24' title="bbox 362 2577 1971 2638; baseline -0.004 0"><span class='ocrx_word' id='word_1_179' title='bbox 362 2587 443 2638; x_wconf 78' lang='lat' dir='ltr'><strong>At</strong></span> <span class='ocrx_word' id='word_1_180' title='bbox 474 2584 610 2638; x_wconf 87' lang='lat' dir='ltr'><strong>bene</strong></span> <span class='ocrx_word' id='word_1_181' title='bbox 636 2582 863 2638; x_wconf 87' lang='lat' dir='ltr'><strong>olfacis?</strong></span> <span class='ocrx_word' id='word_1_182' title='bbox 895 2597 1081 2636; x_wconf 87' lang='lat' dir='ltr'><strong>verum</strong></span> <span class='ocrx_word' id='word_1_183' title='bbox 1108 2580 1259 2637; x_wconf 90' lang='lat' dir='ltr'><strong>canis</strong></span> <span class='ocrx_word' id='word_1_184' title='bbox 1290 2580 1511 2634; x_wconf 91' lang='lat' dir='ltr'><strong>minime</strong></span> <span class='ocrx_word' id='word_1_185' title='bbox 1538 2594 1597 2634; x_wconf 92' lang='lat' dir='ltr'><strong>se</strong></span> <span class='ocrx_word' id='word_1_186' title='bbox 1626 2577 1724 2633; x_wconf 91' lang='lat' dir='ltr'><strong>abs</strong></span> <span class='ocrx_word' id='word_1_187' title='bbox 1753 2590 1802 2633; x_wconf 93' lang='lat' dir='ltr'><strong>tc</strong></span> <span class='ocrx_word' id='word_1_188' title='bbox 1834 2578 1971 2632; x_wconf 86' lang='lat' dir='ltr'><strong>vinci</strong></span> 
     </span>
    </p>
   </div>
   <div class='ocr_carea' id='block_1_25' title="bbox 361 2670 1970 2744">
    <p class='ocr_par' dir='ltr' id='par_1_25' title="bbox 361 2670 1970 2744">
     <span class='ocr_line' id='line_1_25' title="bbox 361 2670 1970 2744; baseline -0.001 -19"><span class='ocrx_word' id='word_1_189' title='bbox 361 2677 591 2744; x_wconf 81' lang='lat' dir='ltr'><strong>patitur.</strong></span> <span class='ocrx_word' id='word_1_190' title='bbox 624 2677 694 2730; x_wconf 82' lang='grc' dir='ltr'><strong>Αι</strong></span> <span class='ocrx_word' id='word_1_191' title='bbox 735 2672 956 2744; x_wconf 86' lang='lat' dir='ltr'><strong>parandi</strong></span> <span class='ocrx_word' id='word_1_192' title='bbox 1000 2674 1171 2729; x_wconf 83' lang='lat' dir='ltr'><strong>victus</strong></span> <span class='ocrx_word' id='word_1_193' title='bbox 1215 2670 1503 2726; x_wconf 85' lang='lat' dir='ltr'><strong>artiliciuln</strong></span> <span class='ocrx_word' id='word_1_194' title='bbox 1551 2670 1746 2725; x_wconf 89' lang='lat' dir='ltr'><strong>tenes?</strong></span> <span class='ocrx_word' id='word_1_195' title='bbox 1785 2684 1970 2724; x_wconf 77' lang='lat' dir='ltr'><strong>verunt</strong></span> 
     </span>
    </p>
   </div>
   <div class='ocr_carea' id='block_1_26' title="bbox 361 2763 1971 2835">
    <p class='ocr_par' dir='ltr' id='par_1_26' title="bbox 361 2763 1971 2835">
     <span class='ocr_line' id='line_1_26' title="bbox 361 2763 1971 2835; baseline -0.004 -12"><span class='ocrx_word' id='word_1_196' title='bbox 361 2768 611 2823; x_wconf 75' lang='lat' dir='ltr'><strong>formica:</strong></span> <span class='ocrx_word' id='word_1_197' title='bbox 655 2767 823 2822; x_wconf 84' lang='lat' dir='ltr'><strong>redis.</strong></span> <span class='ocrx_word' id='word_1_198' title='bbox 862 2768 929 2821; x_wconf 73' lang='lat' dir='ltr'><strong>At</strong></span> <span class='ocrx_word' id='word_1_199' title='bbox 970 2781 1160 2820; x_wconf 90' lang='lat' dir='ltr'><strong>aurum</strong></span> <span class='ocrx_word' id='word_1_200' title='bbox 1204 2764 1427 2835; x_wconf 80' lang='lat' dir='ltr'><strong>gestas?</strong></span> <span class='ocrx_word' id='word_1_201' title='bbox 1467 2777 1651 2817; x_wconf 89' lang='lat' dir='ltr'><strong>verum</strong></span> <span class='ocrx_word' id='word_1_202' title='bbox 1693 2777 1797 2816; x_wconf 94' lang='lat' dir='ltr'><strong>non</strong></span> <span class='ocrx_word' id='word_1_203' title='bbox 1845 2763 1971 2816; x_wconf 89' lang='lat' dir='ltr'><strong>item</strong></span> 
     </span>
    </p>
   </div>
   <div class='ocr_carea' id='block_1_27' title="bbox 356 2853 1972 2931">
    <p class='ocr_par' dir='ltr' id='par_1_27' title="bbox 356 2853 1972 2931">
     <span class='ocr_line' id='line_1_27' title="bbox 356 2853 1972 2931; baseline -0.005 -15"><span class='ocrx_word' id='word_1_204' title='bbox 356 2873 528 2931; x_wconf 84' lang='lat' dir='ltr'><strong>atque</strong></span> <span class='ocrx_word' id='word_1_205' title='bbox 572 2859 765 2915; x_wconf 77' lang='lat' dir='ltr'><strong>Indica:</strong></span> <span class='ocrx_word' id='word_1_206' title='bbox 815 2858 1077 2912; x_wconf 68' lang='lat' dir='ltr'><strong>formicae.</strong></span> <span class='ocrx_word' id='word_1_207' title='bbox 1116 2860 1183 2911; x_wconf 80' lang='grc' dir='ltr'><strong>Αι</strong></span> <span class='ocrx_word' id='word_1_208' title='bbox 1226 2856 1429 2910; x_wconf 84' lang='lat' dir='ltr'><strong>sanitas</strong></span> <span class='ocrx_word' id='word_1_209' title='bbox 1476 2866 1526 2909; x_wconf 91' lang='lat' dir='ltr'><strong>Ie</strong></span> <span class='ocrx_word' id='word_1_210' title='bbox 1566 2853 1762 2909; x_wconf 76' lang='lat' dir='ltr'><strong>ellert?</strong></span> <span class='ocrx_word' id='word_1_211' title='bbox 1801 2855 1972 2908; x_wconf 88' lang='lat' dir='ltr'><strong>multo</strong></span> 
     </span>
    </p>
   </div>
   <div class='ocr_carea' id='block_1_28' title="bbox 358 2943 1969 3012">
    <p class='ocr_par' dir='ltr' id='par_1_28' title="bbox 358 2943 1969 3012">
     <span class='ocr_line' id='line_1_28' title="bbox 358 2943 1969 3012; baseline -0.006 -5"><span class='ocrx_word' id='word_1_212' title='bbox 358 2952 565 3007; x_wconf 86' lang='lat' dir='ltr'><strong>melius</strong></span> <span class='ocrx_word' id='word_1_213' title='bbox 596 2951 768 3004; x_wconf 81' lang='lat' dir='ltr'><strong>brutis</strong></span> <span class='ocrx_word' id='word_1_214' title='bbox 793 2948 1163 3003; x_wconf 84' lang='lat' dir='ltr'><strong>animantibus</strong></span> <span class='ocrx_word' id='word_1_215' title='bbox 1192 2956 1277 3002; x_wconf 87' lang='lat' dir='ltr'><strong>est</strong></span> <span class='ocrx_word' id='word_1_216' title='bbox 1303 2989 1318 3012; x_wconf 88' lang='lat'><strong>,</strong></span> <span class='ocrx_word' id='word_1_217' title='bbox 1351 2946 1464 2999; x_wconf 85' lang='lat' dir='ltr'><strong>sive</strong></span> <span class='ocrx_word' id='word_1_218' title='bbox 1496 2945 1789 2998; x_wconf 85' lang='lat' dir='ltr'><strong>bonitatem</strong></span> <span class='ocrx_word' id='word_1_219' title='bbox 1816 2943 1969 2998; x_wconf 88' lang='lat' dir='ltr'><strong>habi-</strong></span> 
     </span>
    </p>
   </div>
   <div class='ocr_carea' id='block_1_29' title="bbox 358 3037 1973 3112">
    <p class='ocr_par' dir='ltr' id='par_1_29' title="bbox 358 3037 1973 3112">
     <span class='ocr_line' id='line_1_29' title="bbox 358 3037 1973 3112; baseline -0.004 -14"><span class='ocrx_word' id='word_1_220' title='bbox 358 3054 477 3105; x_wconf 84' lang='lat' dir='ltr'><strong>tus,</strong></span> <span class='ocrx_word' id='word_1_221' title='bbox 509 3043 623 3097; x_wconf 86' lang='lat' dir='ltr'><strong>sive</strong></span> <span class='ocrx_word' id='word_1_222' title='bbox 669 3040 1029 3112; x_wconf 70' lang='lat' dir='ltr'><strong>parandarum</strong></span> <span class='ocrx_word' id='word_1_223' title='bbox 1066 3055 1245 3094; x_wconf 90' lang='lat' dir='ltr'><strong>rerum</strong></span> <span class='ocrx_word' id='word_1_224' title='bbox 1294 3052 1413 3108; x_wconf 85' lang='lat' dir='ltr'><strong>qme</strong></span> <span class='ocrx_word' id='word_1_225' title='bbox 1455 3037 1519 3092; x_wconf 93' lang='lat' dir='ltr'><strong>ad</strong></span> <span class='ocrx_word' id='word_1_226' title='bbox 1565 3037 1728 3091; x_wconf 90' lang='lat' dir='ltr'><strong>vitam</strong></span> <span class='ocrx_word' id='word_1_227' title='bbox 1771 3037 1973 3092; x_wconf 81' lang='lat' dir='ltr'><strong>faciunt</strong></span> 
     </span>
    </p>
   </div>
   <div class='ocr_carea' id='block_1_30' title="bbox 361 3129 1964 3202">
    <p class='ocr_par' dir='ltr' id='par_1_30' title="bbox 361 3129 1964 3202">
     <span class='ocr_line' id='line_1_30' title="bbox 361 3129 1964 3202; baseline -0.003 -13"><span class='ocrx_word' id='word_1_228' title='bbox 361 3135 674 3190; x_wconf 68' lang='lat' dir='ltr'><strong>facultatem</strong></span> <span class='ocrx_word' id='word_1_229' title='bbox 728 3143 988 3202; x_wconf 77' lang='lat' dir='ltr'><strong>spectes:</strong></span> <span class='ocrx_word' id='word_1_230' title='bbox 1025 3147 1130 3186; x_wconf 91' lang='lat' dir='ltr'><strong>non</strong></span> <span class='ocrx_word' id='word_1_231' title='bbox 1181 3131 1269 3185; x_wconf 85' lang='lat' dir='ltr'><strong>illa</strong></span> <span class='ocrx_word' id='word_1_232' title='bbox 1317 3140 1688 3200; x_wconf 88' lang='lat' dir='ltr'><strong>paupertatem</strong></span> <span class='ocrx_word' id='word_1_233' title='bbox 1738 3129 1964 3184; x_wconf 89' lang='lat' dir='ltr'><strong>timent:</strong></span> 
     </span>
    </p>
   </div>
   <div class='ocr_carea' id='block_1_31' title="bbox 361 3223 1963 3296">
    <p class='ocr_par' dir='ltr' id='par_1_31' title="bbox 361 3223 1963 3296">
     <span class='ocr_line' id='line_1_31' title="bbox 361 3223 1963 3296; baseline -0.006 -14"><span class='ocrx_word' id='word_1_234' title='bbox 361 3226 625 3296; x_wconf 80' lang='lat' dir='ltr'><strong>Respicite</strong></span> <span class='ocrx_word' id='word_1_235' title='bbox 653 3226 821 3291; x_wconf 88' lang='lat' dir='ltr'><strong>enim,</strong></span> <span class='ocrx_word' id='word_1_236' title='bbox 850 3224 1042 3295; x_wconf 87' lang='lat' dir='ltr'><strong>inquit,</strong></span> <span class='ocrx_word' id='word_1_237' title='bbox 1072 3223 1303 3277; x_wconf 79' lang='lat' dir='ltr'><strong>volatilia</strong></span> <span class='ocrx_word' id='word_1_238' title='bbox 1332 3223 1465 3288; x_wconf 75' lang='lat' dir='ltr'><strong>cwli,</strong></span> <span class='ocrx_word' id='word_1_239' title='bbox 1503 3238 1620 3293; x_wconf 78' lang='lat' dir='ltr'><strong>qua:</strong></span> <span class='ocrx_word' id='word_1_240' title='bbox 1646 3238 1745 3275; x_wconf 89' lang='lat' dir='ltr'><strong>non</strong></span> <span class='ocrx_word' id='word_1_241' title='bbox 1772 3233 1963 3285; x_wconf 76' lang='lat' dir='ltr'><strong>senuit,</strong></span> 
     </span>
    </p>
   </div>
   <div class='ocr_carea' id='block_1_32' title="bbox 355 3313 1959 3389">
    <p class='ocr_par' dir='ltr' id='par_1_32' title="bbox 355 3313 1959 3389">
     <span class='ocr_line' id='line_1_32' title="bbox 355 3313 1959 3389; baseline -0.003 -14"><span class='ocrx_word' id='word_1_242' title='bbox 355 3336 528 3389; x_wconf 72' lang='lat' dir='ltr'><strong>neque</strong></span> <span class='ocrx_word' id='word_1_243' title='bbox 568 3326 789 3383; x_wconf 87' lang='lat' dir='ltr'><strong>metunt,</strong></span> <span class='ocrx_word' id='word_1_244' title='bbox 825 3332 985 3388; x_wconf 79' lang='lat' dir='ltr'><strong>neque</strong></span> <span class='ocrx_word' id='word_1_245' title='bbox 1019 3325 1327 3387; x_wconf 86' lang='lat' dir='ltr'><strong>congregant</strong></span> <span class='ocrx_word' id='word_1_246' title='bbox 1362 3316 1414 3369; x_wconf 89' lang='lat' dir='ltr'><strong>in</strong></span> <span class='ocrx_word' id='word_1_247' title='bbox 1445 3314 1628 3369; x_wconf 71' lang='lat' dir='ltr'><strong>horrea</strong></span> <span class='ocrx_word' id='word_1_248' title='bbox 1660 3313 1872 3387; x_wconf 78' lang='lat' dir='ltr'><strong>(Matth.</strong></span> <span class='ocrx_word' id='word_1_249' title='bbox 1905 3315 1959 3370; x_wconf 84' lang='grc'><strong>6.</strong></span> 
     </span>
    </p>
   </div>
   <div class='ocr_carea' id='block_1_33' title="bbox 354 3407 1966 3484">
    <p class='ocr_par' dir='ltr' id='par_1_33' title="bbox 354 3407 1966 3484">
     <span class='ocr_line' id='line_1_33' title="bbox 354 3407 1966 3484; baseline -0.004 -16"><span class='ocrx_word' id='word_1_250' title='bbox 354 3413 483 3484; x_wconf 73' lang='grc'><strong>26).</strong></span> <span class='ocrx_word' id='word_1_251' title='bbox 505 3413 670 3484; x_wconf 83' lang='lat' dir='ltr'><strong>Ergo,</strong></span> <span class='ocrx_word' id='word_1_252' title='bbox 692 3411 922 3482; x_wconf 86' lang='lat' dir='ltr'><strong>inquies,</strong></span> <span class='ocrx_word' id='word_1_253' title='bbox 948 3411 1101 3465; x_wconf 86' lang='lat' dir='ltr'><strong>bruta</strong></span> <span class='ocrx_word' id='word_1_254' title='bbox 1124 3409 1235 3479; x_wconf 91' lang='lat' dir='ltr'><strong>ipsa</strong></span> <span class='ocrx_word' id='word_1_255' title='bbox 1261 3408 1414 3464; x_wconf 89' lang='lat' dir='ltr'><strong>nobis</strong></span> <span class='ocrx_word' id='word_1_256' title='bbox 1432 3409 1803 3478; x_wconf 60' lang='lat' dir='ltr'><strong>praestantiora</strong></span> <span class='ocrx_word' id='word_1_257' title='bbox 1825 3407 1966 3462; x_wconf 80' lang='lat' dir='ltr'><strong>Deus</strong></span> 
     </span>
    </p>
   </div>
   <div class='ocr_carea' id='block_1_34' title="bbox 354 3500 1964 3574">
    <p class='ocr_par' dir='ltr' id='par_1_34' title="bbox 354 3500 1964 3574">
     <span class='ocr_line' id='line_1_34' title="bbox 354 3500 1964 3574; baseline -0.005 -13"><span class='ocrx_word' id='word_1_258' title='bbox 354 3505 599 3561; x_wconf 84' lang='lat' dir='ltr'><strong>condidit</strong></span> <span class='ocrx_word' id='word_1_259' title='bbox 614 3504 799 3560; x_wconf 77' lang='lat' dir='ltr'><strong>.\&#39;ides</strong></span> <span class='ocrx_word' id='word_1_260' title='bbox 812 3512 1009 3574; x_wconf 88' lang='lat' dir='ltr'><strong>quanta</strong></span> <span class='ocrx_word' id='word_1_261' title='bbox 1027 3503 1097 3558; x_wconf 90' lang='lat' dir='ltr'><strong>sit</strong></span> <span class='ocrx_word' id='word_1_262' title='bbox 1115 3500 1566 3557; x_wconf 85' lang='lat' dir='ltr'><strong>iuconsideranlia</strong></span> <span class='ocrx_word' id='word_1_263' title='bbox 1581 3500 1605 3553; x_wconf 70' lang='grc' dir='ltr'><em>ἲ</em></span> <span class='ocrx_word' id='word_1_264' title='bbox 1623 3500 1792 3566; x_wconf 85' lang='lat' dir='ltr'><strong>vides,</strong></span> <span class='ocrx_word' id='word_1_265' title='bbox 1807 3514 1964 3570; x_wconf 88' lang='lat' dir='ltr'><strong>quam</strong></span> 
     </span>
    </p>
   </div>
   <div class='ocr_carea' id='block_1_35' title="bbox 356 3591 1964 3668">
    <p class='ocr_par' dir='ltr' id='par_1_35' title="bbox 356 3591 1964 3668">
     <span class='ocr_line' id='line_1_35' title="bbox 356 3591 1964 3668; baseline -0.004 -16"><span class='ocrx_word' id='word_1_266' title='bbox 356 3598 700 3668; x_wconf 84' lang='lat' dir='ltr'><strong>negligenter</strong></span> <span class='ocrx_word' id='word_1_267' title='bbox 740 3612 827 3650; x_wconf 88' lang='lat' dir='ltr'><strong>res</strong></span> <span class='ocrx_word' id='word_1_268' title='bbox 868 3594 1283 3650; x_wconf 70' lang='lat' dir='ltr'><strong>etiamineutur?</strong></span> <span class='ocrx_word' id='word_1_269' title='bbox 1323 3593 1492 3656; x_wconf 84' lang='lat' dir='ltr'><strong>vides,</strong></span> <span class='ocrx_word' id='word_1_270' title='bbox 1538 3600 1795 3663; x_wconf 90' lang='lat' dir='ltr'><strong>quantmn</strong></span> <span class='ocrx_word' id='word_1_271' title='bbox 1837 3591 1964 3645; x_wconf 87' lang='lat' dir='ltr'><strong>illud</strong></span> 
     </span>
    </p>
   </div>
   <div class='ocr_carea' id='block_1_36' title="bbox 354 3682 1968 3757">
    <p class='ocr_par' dir='ltr' id='par_1_36' title="bbox 354 3682 1968 3757">
     <span class='ocr_line' id='line_1_36' title="bbox 354 3682 1968 3757; baseline -0.005 -13"><span class='ocrx_word' id='word_1_272' title='bbox 354 3691 432 3744; x_wconf 84' lang='lat' dir='ltr'><strong>sit</strong></span> <span class='ocrx_word' id='word_1_273' title='bbox 458 3730 471 3751; x_wconf 88' lang='lat'><strong>,</strong></span> <span class='ocrx_word' id='word_1_274' title='bbox 514 3686 658 3757; x_wconf 79' lang='lat' dir='ltr'><strong>quod</strong></span> <span class='ocrx_word' id='word_1_275' title='bbox 698 3702 876 3740; x_wconf 89' lang='lat' dir='ltr'><strong>rerum</strong></span> <span class='ocrx_word' id='word_1_276' title='bbox 911 3686 1149 3755; x_wconf 91' lang='lat' dir='ltr'><strong>ipsarum</strong></span> <span class='ocrx_word' id='word_1_277' title='bbox 1186 3683 1392 3753; x_wconf 88' lang='lat' dir='ltr'><strong>pondus</strong></span> <span class='ocrx_word' id='word_1_278' title='bbox 1422 3683 1780 3737; x_wconf 74' lang='lat' dir='ltr'><strong>examinatum</strong></span> <span class='ocrx_word' id='word_1_279' title='bbox 1814 3682 1968 3736; x_wconf 91' lang='lat' dir='ltr'><strong>nobis</strong></span> 
     </span>
    </p>
   </div>
   <div class='ocr_carea' id='block_1_37' title="bbox 356 3775 1968 3853">
    <p class='ocr_par' dir='ltr' id='par_1_37' title="bbox 356 3775 1968 3853">
     <span class='ocr_line' id='line_1_37' title="bbox 356 3775 1968 3853; baseline -0.006 -15"><span class='ocrx_word' id='word_1_280' title='bbox 356 3781 635 3853; x_wconf 79' lang='lat' dir='ltr'><strong>largitur?</strong></span> <span class='ocrx_word' id='word_1_281' title='bbox 679 3779 776 3836; x_wconf 88' lang='lat' dir='ltr'><strong>Ille</strong></span> <span class='ocrx_word' id='word_1_282' title='bbox 815 3778 905 3849; x_wconf 92' lang='lat' dir='ltr'><strong>qui</strong></span> <span class='ocrx_word' id='word_1_283' title='bbox 952 3793 1062 3849; x_wconf 75' lang='lat' dir='ltr'><strong>prze</strong></span> <span class='ocrx_word' id='word_1_284' title='bbox 1102 3776 1354 3832; x_wconf 88' lang='lat' dir='ltr'><strong>onmibus</strong></span> <span class='ocrx_word' id='word_1_285' title='bbox 1397 3775 1705 3831; x_wconf 88' lang='lat' dir='ltr'><strong>hominibus</strong></span> <span class='ocrx_word' id='word_1_286' title='bbox 1745 3790 1968 3845; x_wconf 82' lang='lat' dir='ltr'><strong>magnos</strong></span> 
     </span>
    </p>
   </div>
   <div class='ocr_carea' id='block_1_38' title="bbox 354 3868 1964 3944">
    <p class='ocr_par' dir='ltr' id='par_1_38' title="bbox 354 3868 1964 3944">
     <span class='ocr_line' id='line_1_38' title="bbox 354 3868 1964 3944; baseline -0.004 -16"><span class='ocrx_word' id='word_1_287' title='bbox 354 3872 588 3944; x_wconf 88' lang='lat' dir='ltr'><strong>spiritus</strong></span> <span class='ocrx_word' id='word_1_288' title='bbox 615 3870 882 3936; x_wconf 88' lang='lat' dir='ltr'><strong>sumebat,</strong></span> <span class='ocrx_word' id='word_1_289' title='bbox 914 3872 996 3926; x_wconf 88' lang='lat' dir='ltr'><strong>vel</strong></span> <span class='ocrx_word' id='word_1_290' title='bbox 1028 3870 1199 3925; x_wconf 89' lang='lat' dir='ltr'><strong>brutis</strong></span> <span class='ocrx_word' id='word_1_291' title='bbox 1228 3869 1385 3924; x_wconf 89' lang='lat' dir='ltr'><strong>vilior</strong></span> <span class='ocrx_word' id='word_1_292' title='bbox 1413 3884 1535 3924; x_wconf 88' lang='lat' dir='ltr'><strong>esse</strong></span> <span class='ocrx_word' id='word_1_293' title='bbox 1559 3868 1834 3924; x_wconf 88' lang='lat' dir='ltr'><strong>convictus</strong></span> <span class='ocrx_word' id='word_1_294' title='bbox 1861 3875 1964 3922; x_wconf 92' lang='lat' dir='ltr'><strong>est.</strong></span> 
     </span>
    </p>
   </div>
   <div class='ocr_carea' id='block_1_39' title="bbox 354 3960 1969 4033">
    <p class='ocr_par' dir='ltr' id='par_1_39' title="bbox 354 3960 1969 4033">
     <span class='ocr_line' id='line_1_39' title="bbox 354 3960 1969 4033; baseline -0.004 -13"><span class='ocrx_word' id='word_1_295' title='bbox 354 3963 475 4020; x_wconf 80' lang='lat' dir='ltr'><strong>Sed</strong></span> <span class='ocrx_word' id='word_1_296' title='bbox 506 3979 606 4019; x_wconf 89' lang='lat' dir='ltr'><strong>nos</strong></span> <span class='ocrx_word' id='word_1_297' title='bbox 630 3964 679 4019; x_wconf 92' lang='lat' dir='ltr'><strong>ei</strong></span> <span class='ocrx_word' id='word_1_298' title='bbox 709 3978 1033 4033; x_wconf 86' lang='lat' dir='ltr'><strong>parcamus;</strong></span> <span class='ocrx_word' id='word_1_299' title='bbox 1063 3976 1240 4031; x_wconf 86' lang='lat' dir='ltr'><strong>neque</strong></span> <span class='ocrx_word' id='word_1_300' title='bbox 1269 3960 1444 4032; x_wconf 89' lang='lat' dir='ltr'><strong>ipsmn</strong></span> <span class='ocrx_word' id='word_1_301' title='bbox 1474 3961 1764 4025; x_wconf 89' lang='lat' dir='ltr'><strong>imitemur,</strong></span> <span class='ocrx_word' id='word_1_302' title='bbox 1794 3975 1969 4030; x_wconf 90' lang='lat' dir='ltr'><strong>neque</strong></span> 
     </span>
    </p>
   </div>
   <div class='ocr_carea' id='block_1_40' title="bbox 352 4052 1966 4128">
    <p class='ocr_par' dir='ltr' id='par_1_40' title="bbox 352 4052 1966 4128">
     <span class='ocr_line' id='line_1_40' title="bbox 352 4052 1966 4128; baseline -0.002 -19"><span class='ocrx_word' id='word_1_303' title='bbox 352 4059 489 4128; x_wconf 82' lang='lat' dir='ltr'><strong>quia</strong></span> <span class='ocrx_word' id='word_1_304' title='bbox 517 4072 678 4126; x_wconf 82' lang='lat' dir='ltr'><strong>supra</strong></span> <span class='ocrx_word' id='word_1_305' title='bbox 710 4065 908 4111; x_wconf 79' lang='lat' dir='ltr'><strong>nostra:</strong></span> <span class='ocrx_word' id='word_1_306' title='bbox 939 4064 1146 4110; x_wconf 68' lang='lat' dir='ltr'><strong>natura:</strong></span> <span class='ocrx_word' id='word_1_307' title='bbox 1172 4054 1541 4110; x_wconf 84' lang='lat' dir='ltr'><strong>conditionem</strong></span> <span class='ocrx_word' id='word_1_308' title='bbox 1573 4052 1640 4108; x_wconf 92' lang='lat' dir='ltr'><strong>de</strong></span> <span class='ocrx_word' id='word_1_309' title='bbox 1667 4067 1727 4107; x_wconf 89' lang='lat' dir='ltr'><strong>se</strong></span> <span class='ocrx_word' id='word_1_310' title='bbox 1760 4055 1966 4123; x_wconf 84' lang='lat' dir='ltr'><strong>magni-</strong></span> 
     </span>
    </p>
   </div>
   <div class='ocr_carea' id='block_1_41' title="bbox 356 4144 1970 4219">
    <p class='ocr_par' dir='ltr' id='par_1_41' title="bbox 356 4144 1970 4219">
     <span class='ocr_line' id='line_1_41' title="bbox 356 4144 1970 4219; baseline -0.005 -11"><span class='ocrx_word' id='word_1_311' title='bbox 356 4155 469 4208; x_wconf 82' lang='lat' dir='ltr'><strong>liee</strong></span> <span class='ocrx_word' id='word_1_312' title='bbox 497 4150 684 4214; x_wconf 88' lang='lat' dir='ltr'><strong>sentit,</strong></span> <span class='ocrx_word' id='word_1_313' title='bbox 713 4148 982 4219; x_wconf 81' lang='lat' dir='ltr'><strong>dejectnm</strong></span> <span class='ocrx_word' id='word_1_314' title='bbox 1013 4148 1160 4202; x_wconf 91' lang='lat' dir='ltr'><strong>illum</strong></span> <span class='ocrx_word' id='word_1_315' title='bbox 1190 4147 1242 4200; x_wconf 94' lang='lat' dir='ltr'><strong>in</strong></span> <span class='ocrx_word' id='word_1_316' title='bbox 1270 4147 1547 4200; x_wconf 90' lang='lat' dir='ltr'><strong>brutorum</strong></span> <span class='ocrx_word' id='word_1_317' title='bbox 1577 4145 1768 4200; x_wconf 87' lang='lat' dir='ltr'><strong>ordine</strong></span> <span class='ocrx_word' id='word_1_318' title='bbox 1790 4144 1970 4214; x_wconf 80' lang='lat' dir='ltr'><strong>jacere</strong></span> 
     </span>
    </p>
   </div>
   <div class='ocr_carea' id='block_1_42' title="bbox 357 4236 1969 4315">
    <p class='ocr_par' dir='ltr' id='par_1_42' title="bbox 357 4236 1969 4315">
     <span class='ocr_line' id='line_1_42' title="bbox 357 4236 1969 4315; baseline -0.005 -18"><span class='ocrx_word' id='word_1_319' title='bbox 357 4244 636 4315; x_wconf 88' lang='lat' dir='ltr'><strong>patianmr</strong></span> <span class='ocrx_word' id='word_1_320' title='bbox 655 4283 671 4308; x_wconf 90' lang='lat'><strong>,</strong></span> <span class='ocrx_word' id='word_1_321' title='bbox 709 4241 803 4297; x_wconf 87' lang='lat' dir='ltr'><strong>sed</strong></span> <span class='ocrx_word' id='word_1_322' title='bbox 845 4240 970 4295; x_wconf 92' lang='lat' dir='ltr'><strong>inde</strong></span> <span class='ocrx_word' id='word_1_323' title='bbox 999 4242 1173 4309; x_wconf 88' lang='lat' dir='ltr'><strong>ipsum</strong></span> <span class='ocrx_word' id='word_1_324' title='bbox 1205 4237 1555 4293; x_wconf 76' lang='lat' dir='ltr'><strong>cxtrahamus</strong></span> <span class='ocrx_word' id='word_1_325' title='bbox 1584 4246 1745 4306; x_wconf 86' lang='lat' dir='ltr'><strong>atque</strong></span> <span class='ocrx_word' id='word_1_326' title='bbox 1768 4236 1969 4292; x_wconf 83' lang='lat' dir='ltr'><strong>eveha-</strong></span> 
     </span>
    </p>
   </div>
   <div class='ocr_carea' id='block_1_43' title="bbox 356 4327 1967 4400">
    <p class='ocr_par' dir='ltr' id='par_1_43' title="bbox 356 4327 1967 4400">
     <span class='ocr_line' id='line_1_43' title="bbox 356 4327 1967 4400; baseline -0.004 -9"><span class='ocrx_word' id='word_1_327' title='bbox 356 4351 511 4397; x_wconf 85' lang='lat' dir='ltr'><strong>mns,</strong></span> <span class='ocrx_word' id='word_1_328' title='bbox 541 4350 648 4389; x_wconf 89' lang='lat' dir='ltr'><strong>non</strong></span> <span class='ocrx_word' id='word_1_329' title='bbox 678 4332 895 4399; x_wconf 89' lang='lat' dir='ltr'><strong>quidem</strong></span> <span class='ocrx_word' id='word_1_330' title='bbox 921 4330 1089 4400; x_wconf 79' lang='lat' dir='ltr'><strong>ipsius</strong></span> <span class='ocrx_word' id='word_1_331' title='bbox 1110 4329 1316 4399; x_wconf 67' lang='lat' dir='ltr'><strong>gratia;</strong></span> <span class='ocrx_word' id='word_1_332' title='bbox 1347 4345 1470 4383; x_wconf 88' lang='lat' dir='ltr'><strong>nam</strong></span> <span class='ocrx_word' id='word_1_333' title='bbox 1502 4329 1590 4383; x_wconf 84' lang='lat' dir='ltr'><strong>illc</strong></span> <span class='ocrx_word' id='word_1_334' title='bbox 1611 4327 1850 4399; x_wconf 89' lang='lat' dir='ltr'><strong>quidem,</strong></span> <span class='ocrx_word' id='word_1_335' title='bbox 1877 4330 1967 4399; x_wconf 90' lang='lat' dir='ltr'><strong>qui</strong></span> 
     </span>
    </p>
   </div>
   <div class='ocr_carea' id='block_1_44' title="bbox 353 4420 1972 4491">
    <p class='ocr_par' dir='ltr' id='par_1_44' title="bbox 353 4420 1972 4491">
     <span class='ocr_line' id='line_1_44' title="bbox 353 4420 1972 4491; baseline -0.005 -8"><span class='ocrx_word' id='word_1_336' title='bbox 353 4427 510 4484; x_wconf 77' lang='lat' dir='ltr'><strong>hanc</strong></span> <span class='ocrx_word' id='word_1_337' title='bbox 536 4426 901 4481; x_wconf 81' lang='lat' dir='ltr'><strong>conditionem</strong></span> <span class='ocrx_word' id='word_1_338' title='bbox 934 4423 1125 4478; x_wconf 85' lang='lat' dir='ltr'><strong>subeat</strong></span> <span class='ocrx_word' id='word_1_339' title='bbox 1151 4423 1348 4491; x_wconf 86' lang='lat' dir='ltr'><strong>dignus</strong></span> <span class='ocrx_word' id='word_1_340' title='bbox 1377 4432 1457 4476; x_wconf 90' lang='lat' dir='ltr'><strong>est</strong></span> <span class='ocrx_word' id='word_1_341' title='bbox 1488 4438 1501 4485; x_wconf 90' lang='lat'><strong>;</strong></span> <span class='ocrx_word' id='word_1_342' title='bbox 1535 4420 1629 4477; x_wconf 90' lang='lat' dir='ltr'><strong>sed</strong></span> <span class='ocrx_word' id='word_1_343' title='bbox 1661 4428 1719 4476; x_wconf 87' lang='lat' dir='ltr'><strong>ut</strong></span> <span class='ocrx_word' id='word_1_344' title='bbox 1747 4421 1838 4477; x_wconf 89' lang='lat' dir='ltr'><strong>Dei</strong></span> <span class='ocrx_word' id='word_1_345' title='bbox 1873 4421 1972 4475; x_wconf 85' lang='lat' dir='ltr'><strong>hu-</strong></span> 
     </span>
    </p>
   </div>
   <div class='ocr_carea' id='block_1_45' title="bbox 354 4513 1968 4588">
    <p class='ocr_par' dir='ltr' id='par_1_45' title="bbox 354 4513 1968 4588">
     <span class='ocr_line' id='line_1_45' title="bbox 354 4513 1968 4588; baseline -0.007 -10"><span class='ocrx_word' id='word_1_346' title='bbox 354 4522 601 4578; x_wconf 75' lang='lat' dir='ltr'><strong>munitas</strong></span> <span class='ocrx_word' id='word_1_347' title='bbox 630 4518 911 4588; x_wconf 86' lang='lat' dir='ltr'><strong>honosque</strong></span> <span class='ocrx_word' id='word_1_348' title='bbox 932 4515 1001 4571; x_wconf 90' lang='lat' dir='ltr'><strong>ab</strong></span> <span class='ocrx_word' id='word_1_349' title='bbox 1021 4530 1087 4570; x_wconf 89' lang='lat' dir='ltr'><strong>eo</strong></span> <span class='ocrx_word' id='word_1_350' title='bbox 1115 4514 1269 4570; x_wconf 82' lang='lat' dir='ltr'><strong>nobis</strong></span> <span class='ocrx_word' id='word_1_351' title='bbox 1294 4515 1524 4569; x_wconf 89' lang='lat' dir='ltr'><strong>tributus</strong></span> <span class='ocrx_word' id='word_1_352' title='bbox 1548 4513 1968 4570; x_wconf 88' lang='lat' dir='ltr'><strong>dctnonslretnr.</strong></span> 
     </span>
    </p>
   </div>
   <div class='ocr_carea' id='block_1_46' title="bbox 351 4605 1969 4676">
    <p class='ocr_par' dir='ltr' id='par_1_46' title="bbox 351 4605 1969 4676">
     <span class='ocr_line' id='line_1_46' title="bbox 351 4605 1969 4676; baseline -0.006 -8"><span class='ocrx_word' id='word_1_353' title='bbox 351 4613 505 4668; x_wconf 83' lang='lat' dir='ltr'><strong>Sunt</strong></span> <span class='ocrx_word' id='word_1_354' title='bbox 540 4610 709 4674; x_wconf 84' lang='lat' dir='ltr'><strong>enim,</strong></span> <span class='ocrx_word' id='word_1_355' title='bbox 745 4616 873 4663; x_wconf 87' lang='lat' dir='ltr'><strong>sunt</strong></span> <span class='ocrx_word' id='word_1_356' title='bbox 915 4607 1138 4662; x_wconf 89' lang='lat' dir='ltr'><strong>omnino</strong></span> <span class='ocrx_word' id='word_1_357' title='bbox 1182 4605 1452 4676; x_wconf 78' lang='lat' dir='ltr'><strong>qnaulatn,</strong></span> <span class='ocrx_word' id='word_1_358' title='bbox 1504 4607 1555 4660; x_wconf 93' lang='lat' dir='ltr'><strong>in</strong></span> <span class='ocrx_word' id='word_1_359' title='bbox 1596 4605 1794 4676; x_wconf 86' lang='lat' dir='ltr'><strong>quibus</strong></span> <span class='ocrx_word' id='word_1_360' title='bbox 1837 4605 1969 4659; x_wconf 92' lang='lat' dir='ltr'><strong>nihil</strong></span> 
     </span>
    </p>
   </div>
   <div class='ocr_carea' id='block_1_47' title="bbox 351 4696 1970 4763">
    <p class='ocr_par' dir='ltr' id='par_1_47' title="bbox 351 4696 1970 4763">
     <span class='ocr_line' id='line_1_47' title="bbox 351 4696 1970 4763; baseline -0.007 -1"><span class='ocrx_word' id='word_1_361' title='bbox 351 4704 543 4763; x_wconf 83' lang='lat' dir='ltr'><strong>ltrutis</strong></span> <span class='ocrx_word' id='word_1_362' title='bbox 567 4700 930 4757; x_wconf 88' lang='lat' dir='ltr'><strong>animantibus</strong></span> <span class='ocrx_word' id='word_1_363' title='bbox 964 4699 1246 4754; x_wconf 89' lang='lat' dir='ltr'><strong>nobiscum</strong></span> <span class='ocrx_word' id='word_1_364' title='bbox 1273 4713 1562 4753; x_wconf 90' lang='lat' dir='ltr'><strong>commune</strong></span> <span class='ocrx_word' id='word_1_365' title='bbox 1583 4708 1688 4753; x_wconf 87' lang='lat' dir='ltr'><strong>est.</strong></span> <span class='ocrx_word' id='word_1_366' title='bbox 1713 4696 1970 4763; x_wconf 76' lang='lat' dir='ltr'><strong>Quantam</strong></span> 
     </span>
    </p>
   </div>
   <div class='ocr_carea' id='block_1_48' title="bbox 353 4787 1973 4859">
    <p class='ocr_par' dir='ltr' id='par_1_48' title="bbox 353 4787 1973 4859">
     <span class='ocr_line' id='line_1_48' title="bbox 353 4787 1973 4859; baseline -0.005 -8"><span class='ocrx_word' id='word_1_367' title='bbox 353 4794 527 4851; x_wconf 72' lang='lat' dir='ltr'><strong>lucc?</strong></span> <span class='ocrx_word' id='word_1_368' title='bbox 558 4793 759 4856; x_wconf 84' lang='lat' dir='ltr'><strong>Pietas,</strong></span> <span class='ocrx_word' id='word_1_369' title='bbox 787 4799 839 4846; x_wconf 90' lang='lat' dir='ltr'><strong>et</strong></span> <span class='ocrx_word' id='word_1_370' title='bbox 865 4791 971 4845; x_wconf 89' lang='lat' dir='ltr'><strong>vita</strong></span> <span class='ocrx_word' id='word_1_371' title='bbox 1002 4789 1186 4843; x_wconf 89' lang='lat' dir='ltr'><strong>virtuti</strong></span> <span class='ocrx_word' id='word_1_372' title='bbox 1209 4804 1539 4859; x_wconf 77' lang='lat' dir='ltr'><strong>congruens.</strong></span> <span class='ocrx_word' id='word_1_373' title='bbox 1568 4787 1666 4844; x_wconf 92' lang='lat' dir='ltr'><strong>IIic</strong></span> <span class='ocrx_word' id='word_1_374' title='bbox 1689 4803 1794 4842; x_wconf 92' lang='lat' dir='ltr'><strong>non</strong></span> <span class='ocrx_word' id='word_1_375' title='bbox 1821 4798 1973 4858; x_wconf 87' lang='lat' dir='ltr'><strong>potes</strong></span> 
     </span>
    </p>
   </div>
   <div class='ocr_carea' id='block_1_49' title="bbox 354 4880 1971 4946">
    <p class='ocr_par' dir='ltr' id='par_1_49' title="bbox 354 4880 1971 4946">
     <span class='ocr_line' id='line_1_49' title="bbox 354 4880 1971 4946; baseline -0.004 -4"><span class='ocrx_word' id='word_1_376' title='bbox 354 4889 415 4942; x_wconf 84' lang='lat' dir='ltr'><strong>in</strong></span> <span class='ocrx_word' id='word_1_377' title='bbox 468 4884 706 4940; x_wconf 90' lang='lat' dir='ltr'><strong>medium</strong></span> <span class='ocrx_word' id='word_1_378' title='bbox 755 4882 1029 4938; x_wconf 87' lang='lat' dir='ltr'><strong>adducere</strong></span> <span class='ocrx_word' id='word_1_379' title='bbox 1073 4889 1421 4944; x_wconf 68' lang='lat' dir='ltr'><strong>scortatores,</strong></span> <span class='ocrx_word' id='word_1_380' title='bbox 1457 4895 1563 4934; x_wconf 91' lang='lat' dir='ltr'><strong>non</strong></span> <span class='ocrx_word' id='word_1_381' title='bbox 1608 4880 1818 4946; x_wconf 87' lang='lat' dir='ltr'><strong>molles,</strong></span> <span class='ocrx_word' id='word_1_382' title='bbox 1866 4896 1971 4937; x_wconf 90' lang='lat' dir='ltr'><strong>non</strong></span> 
     </span>
    </p>
   </div>
   <div class='ocr_carea' id='block_1_50' title="bbox 1300 422 2845 493">
    <p class='ocr_par' dir='ltr' id='par_1_50' title="bbox 1300 422 2845 493">
     <span class='ocr_line' id='line_1_50' title="bbox 1300 422 2845 493; baseline 0.007 -11"><span class='ocrx_word' id='word_1_383' title='bbox 1300 425 1369 484; x_wconf 83' lang='lat' dir='ltr'><strong>IN</strong></span> <span class='ocrx_word' id='word_1_384' title='bbox 1408 425 1625 485; x_wconf 82' lang='lat' dir='ltr'><strong>EPIST.</strong></span> <span class='ocrx_word' id='word_1_385' title='bbox 1667 424 1762 483; x_wconf 79' lang='lat' dir='ltr'><strong>AD</strong></span> <span class='ocrx_word' id='word_1_386' title='bbox 1801 422 2092 482; x_wconf 70' lang='lat' dir='ltr'><strong>PIIIIJPI‘.</strong></span> <span class='ocrx_word' id='word_1_387' title='bbox 2133 427 2281 483; x_wconf 65' lang='lat' dir='ltr'><strong>CAP.</strong></span> <span class='ocrx_word' id='word_1_388' title='bbox 2331 430 2388 487; x_wconf 93' lang='lat' dir='ltr'><strong>ll.</strong></span> <span class='ocrx_word' id='word_1_389' title='bbox 2432 428 2665 490; x_wconf 61' lang='lat' dir='ltr'><strong>IIOSIIL.</strong></span> <span class='ocrx_word' id='word_1_390' title='bbox 2710 432 2845 493; x_wconf 81' lang='lat' dir='ltr'><strong>VIII.</strong></span> 
     </span>
    </p>
   </div>
   <div class='ocr_carea' id='block_1_51' title="bbox 3598 444 3705 499">
    <p class='ocr_par' dir='ltr' id='par_1_51' title="bbox 3598 444 3705 499">
     <span class='ocr_line' id='line_1_51' title="bbox 3598 444 3705 499; baseline 0.019 -2"><span class='ocrx_word' id='word_1_391' title='bbox 3598 444 3705 499; x_wconf 66' lang='grc' dir='ltr'><strong>9ῢῖ</strong></span> 
     </span>
    </p>
   </div>
   <div class='ocr_carea' id='block_1_52' title="bbox 2105 541 3702 621">
    <p class='ocr_par' dir='ltr' id='par_1_52' title="bbox 2105 541 3702 621">
     <span class='ocr_line' id='line_1_52' title="bbox 2105 541 3702 621; baseline 0.009 -25"><span class='ocrx_word' id='word_1_392' title='bbox 2105 541 2438 611; x_wconf 79' lang='lat' dir='ltr'><strong>homicidas;</strong></span> <span class='ocrx_word' id='word_1_393' title='bbox 2473 547 2630 617; x_wconf 81' lang='lat' dir='ltr'><strong>longe</strong></span> <span class='ocrx_word' id='word_1_394' title='bbox 2673 551 2816 605; x_wconf 89' lang='lat' dir='ltr'><strong>cnim</strong></span> <span class='ocrx_word' id='word_1_395' title='bbox 2844 553 2913 606; x_wconf 88' lang='lat' dir='ltr'><strong>ab</strong></span> <span class='ocrx_word' id='word_1_396' title='bbox 2941 551 3045 606; x_wconf 87' lang='lat' dir='ltr'><strong>illis</strong></span> <span class='ocrx_word' id='word_1_397' title='bbox 3083 551 3367 608; x_wconf 53' lang='lat' dir='ltr'><strong>distamus.</strong></span> <span class='ocrx_word' id='word_1_398' title='bbox 3401 555 3538 621; x_wconf 81' lang='lat' dir='ltr'><strong>Quid</strong></span> <span class='ocrx_word' id='word_1_399' title='bbox 3575 570 3702 610; x_wconf 82' lang='lat' dir='ltr'><strong>vero</strong></span> 
     </span>
    </p>
   </div>
   <div class='ocr_carea' id='block_1_53' title="bbox 2105 633 3703 718">
    <p class='ocr_par' dir='ltr' id='par_1_53' title="bbox 2105 633 3703 718">
     <span class='ocr_line' id='line_1_53' title="bbox 2105 633 3703 718; baseline 0.011 -31"><span class='ocrx_word' id='word_1_400' title='bbox 2105 633 2207 688; x_wconf 88' lang='lat' dir='ltr'><strong>hoc</strong></span> <span class='ocrx_word' id='word_1_401' title='bbox 2227 637 2348 691; x_wconf 87' lang='lat' dir='ltr'><strong>est?</strong></span> <span class='ocrx_word' id='word_1_402' title='bbox 2372 638 2534 692; x_wconf 86' lang='lat' dir='ltr'><strong>Deum</strong></span> <span class='ocrx_word' id='word_1_403' title='bbox 2560 643 2828 706; x_wconf 88' lang='lat' dir='ltr'><strong>novimus,</strong></span> <span class='ocrx_word' id='word_1_404' title='bbox 2853 643 3019 711; x_wconf 84' lang='lat' dir='ltr'><strong>ipsius</strong></span> <span class='ocrx_word' id='word_1_405' title='bbox 3048 646 3433 713; x_wconf 83' lang='lat' dir='ltr'><strong>providentiam</strong></span> <span class='ocrx_word' id='word_1_406' title='bbox 3457 652 3703 718; x_wconf 82' lang='lat' dir='ltr'><strong>agnosci-</strong></span> 
     </span>
    </p>
   </div>
   <div class='ocr_carea' id='block_1_54' title="bbox 2103 726 3699 805">
    <p class='ocr_par' dir='ltr' id='par_1_54' title="bbox 2103 726 3699 805">
     <span class='ocr_line' id='line_1_54' title="bbox 2103 726 3699 805; baseline 0.011 -28"><span class='ocrx_word' id='word_1_407' title='bbox 2103 740 2251 789; x_wconf 89' lang='lat' dir='ltr'><strong>mus,</strong></span> <span class='ocrx_word' id='word_1_408' title='bbox 2291 726 2358 781; x_wconf 87' lang='lat' dir='ltr'><strong>de</strong></span> <span class='ocrx_word' id='word_1_409' title='bbox 2400 729 2803 787; x_wconf 87' lang='lat' dir='ltr'><strong>immortalitate</strong></span> <span class='ocrx_word' id='word_1_410' title='bbox 2842 734 3330 805; x_wconf 85' lang='lat' dir='ltr'><strong>philosophanmr:</strong></span> <span class='ocrx_word' id='word_1_411' title='bbox 3368 739 3453 793; x_wconf 92' lang='lat' dir='ltr'><strong>hic</strong></span> <span class='ocrx_word' id='word_1_412' title='bbox 3501 741 3699 795; x_wconf 82' lang='lat' dir='ltr'><strong>cedunt</strong></span> 
     </span>
    </p>
   </div>
   <div class='ocr_carea' id='block_1_55' title="bbox 2102 817 3693 891">
    <p class='ocr_par' dir='ltr' id='par_1_55' title="bbox 2102 817 3693 891">
     <span class='ocr_line' id='line_1_55' title="bbox 2102 817 3693 891; baseline 0.011 -20"><span class='ocrx_word' id='word_1_413' title='bbox 2102 817 2277 872; x_wconf 91' lang='lat' dir='ltr'><strong>bruta.</strong></span> <span class='ocrx_word' id='word_1_414' title='bbox 2328 819 2401 874; x_wconf 88' lang='lat' dir='ltr'><strong>De</strong></span> <span class='ocrx_word' id='word_1_415' title='bbox 2444 821 2748 891; x_wconf 91' lang='lat' dir='ltr'><strong>hnjusmodi</strong></span> <span class='ocrx_word' id='word_1_416' title='bbox 2797 826 2957 881; x_wconf 88' lang='lat' dir='ltr'><strong>rebus</strong></span> <span class='ocrx_word' id='word_1_417' title='bbox 3000 844 3105 882; x_wconf 90' lang='lat' dir='ltr'><strong>non</strong></span> <span class='ocrx_word' id='word_1_418' title='bbox 3152 828 3463 886; x_wconf 78' lang='lat' dir='ltr'><strong>lia-sitantes</strong></span> <span class='ocrx_word' id='word_1_419' title='bbox 3512 836 3693 887; x_wconf 76' lang='lat' dir='ltr'><strong>Sobrie</strong></span> 
     </span>
    </p>
   </div>
   <div class='ocr_carea' id='block_1_56' title="bbox 2099 913 3690 983">
    <p class='ocr_par' dir='ltr' id='par_1_56' title="bbox 2099 913 3690 983">
     <span class='ocr_line' id='line_1_56' title="bbox 2099 913 3690 983; baseline 0.012 -19"><span class='ocrx_word' id='word_1_420' title='bbox 2099 913 2400 967; x_wconf 89' lang='lat' dir='ltr'><strong>sentimus:</strong></span> <span class='ocrx_word' id='word_1_421' title='bbox 2428 914 2515 970; x_wconf 91' lang='lat' dir='ltr'><strong>hic</strong></span> <span class='ocrx_word' id='word_1_422' title='bbox 2558 916 2687 970; x_wconf 91' lang='lat' dir='ltr'><strong>nihil</strong></span> <span class='ocrx_word' id='word_1_423' title='bbox 2733 918 2902 973; x_wconf 80' lang='lat' dir='ltr'><strong>brutis</strong></span> <span class='ocrx_word' id='word_1_424' title='bbox 2946 936 3234 977; x_wconf 88' lang='lat' dir='ltr'><strong>commune</strong></span> <span class='ocrx_word' id='word_1_425' title='bbox 3275 927 3554 981; x_wconf 80' lang='lat' dir='ltr'><strong>nobiseum</strong></span> <span class='ocrx_word' id='word_1_426' title='bbox 3587 939 3690 983; x_wconf 89' lang='lat' dir='ltr'><strong>est.</strong></span> 
     </span>
    </p>
   </div>
   <div class='ocr_carea' id='block_1_57' title="bbox 2099 1002 3698 1078">
    <p class='ocr_par' dir='ltr' id='par_1_57' title="bbox 2099 1002 3698 1078">
     <span class='ocr_line' id='line_1_57' title="bbox 2099 1002 3698 1078; baseline 0.01 -23"><span class='ocrx_word' id='word_1_427' title='bbox 2099 1002 2231 1056; x_wconf 82' lang='lat' dir='ltr'><strong>Nam</strong></span> <span class='ocrx_word' id='word_1_428' title='bbox 2260 1020 2381 1059; x_wconf 87' lang='lat' dir='ltr'><strong>cum</strong></span> <span class='ocrx_word' id='word_1_429' title='bbox 2409 1008 2662 1062; x_wconf 91' lang='lat' dir='ltr'><strong>omnibus</strong></span> <span class='ocrx_word' id='word_1_430' title='bbox 2702 1008 2808 1063; x_wconf 91' lang='lat' dir='ltr'><strong>illis</strong></span> <span class='ocrx_word' id='word_1_431' title='bbox 2848 1010 3132 1068; x_wconf 87' lang='lat' dir='ltr'><strong>inferiores</strong></span> <span class='ocrx_word' id='word_1_432' title='bbox 3176 1016 3367 1078; x_wconf 87' lang='lat' dir='ltr'><strong>simus,</strong></span> <span class='ocrx_word' id='word_1_433' title='bbox 3420 1018 3484 1072; x_wconf 91' lang='lat' dir='ltr'><strong>iis</strong></span> <span class='ocrx_word' id='word_1_434' title='bbox 3512 1030 3698 1071; x_wconf 88' lang='lat' dir='ltr'><strong>tamen.</strong></span> 
     </span>
    </p>
   </div>
   <div class='ocr_carea' id='block_1_58' title="bbox 2097 1096 3684 1179">
    <p class='ocr_par' dir='ltr' id='par_1_58' title="bbox 2097 1096 3684 1179">
     <span class='ocr_line' id='line_1_58' title="bbox 2097 1096 3684 1179; baseline 0.006 -29"><span class='ocrx_word' id='word_1_435' title='bbox 2097 1096 2447 1166; x_wconf 84' lang='lat' dir='ltr'><strong>imperamus.</strong></span> <span class='ocrx_word' id='word_1_436' title='bbox 2497 1099 2551 1155; x_wconf 92' lang='lat' dir='ltr'><strong>In</strong></span> <span class='ocrx_word' id='word_1_437' title='bbox 2590 1100 2691 1155; x_wconf 92' lang='lat' dir='ltr'><strong>hoc</strong></span> <span class='ocrx_word' id='word_1_438' title='bbox 2718 1102 2860 1155; x_wconf 83' lang='lat' dir='ltr'><strong>enim</strong></span> <span class='ocrx_word' id='word_1_439' title='bbox 2892 1114 3071 1157; x_wconf 70' lang='lat' dir='ltr'><strong>exstat</strong></span> <span class='ocrx_word' id='word_1_440' title='bbox 3103 1106 3311 1175; x_wconf 90' lang='lat' dir='ltr'><strong>imperii</strong></span> <span class='ocrx_word' id='word_1_441' title='bbox 3346 1110 3684 1179; x_wconf 68' lang='lat' dir='ltr'><strong>magnitudo,</strong></span> 
     </span>
    </p>
   </div>
   <div class='ocr_carea' id='block_1_59' title="bbox 2094 1189 3688 1269">
    <p class='ocr_par' dir='ltr' id='par_1_59' title="bbox 2094 1189 3688 1269">
     <span class='ocr_line' id='line_1_59' title="bbox 2094 1189 3688 1269; baseline 0.01 -27"><span class='ocrx_word' id='word_1_442' title='bbox 2094 1189 2237 1259; x_wconf 90' lang='lat' dir='ltr'><strong>quod</strong></span> <span class='ocrx_word' id='word_1_443' title='bbox 2270 1190 2400 1260; x_wconf 88' lang='lat' dir='ltr'><strong>ipsis</strong></span> <span class='ocrx_word' id='word_1_444' title='bbox 2431 1192 2749 1261; x_wconf 84' lang='lat' dir='ltr'><strong>inferiores,</strong></span> <span class='ocrx_word' id='word_1_445' title='bbox 2785 1210 3006 1265; x_wconf 81' lang='lat' dir='ltr'><strong>regnum</strong></span> <span class='ocrx_word' id='word_1_446' title='bbox 3042 1205 3219 1253; x_wconf 90' lang='lat' dir='ltr'><strong>tamen</strong></span> <span class='ocrx_word' id='word_1_447' title='bbox 3253 1200 3304 1253; x_wconf 90' lang='lat' dir='ltr'><strong>in</strong></span> <span class='ocrx_word' id='word_1_448' title='bbox 3341 1202 3451 1269; x_wconf 84' lang='lat' dir='ltr'><strong>ipsa</strong></span> <span class='ocrx_word' id='word_1_449' title='bbox 3480 1204 3688 1258; x_wconf 86' lang='lat' dir='ltr'><strong>obtine-</strong></span> 
     </span>
    </p>
   </div>
   <div class='ocr_carea' id='block_1_60' title="bbox 2095 1281 3686 1359">
    <p class='ocr_par' dir='ltr' id='par_1_60' title="bbox 2095 1281 3686 1359">
     <span class='ocr_line' id='line_1_60' title="bbox 2095 1281 3686 1359; baseline 0.011 -28"><span class='ocrx_word' id='word_1_450' title='bbox 2095 1294 2255 1346; x_wconf 88' lang='lat' dir='ltr'><strong>mus;</strong></span> <span class='ocrx_word' id='word_1_451' title='bbox 2283 1289 2341 1335; x_wconf 89' lang='grc' dir='ltr'><strong>ιιι</strong></span> <span class='ocrx_word' id='word_1_452' title='bbox 2362 1281 2540 1337; x_wconf 79' lang='lat' dir='ltr'><strong>discas</strong></span> <span class='ocrx_word' id='word_1_453' title='bbox 2563 1298 2671 1337; x_wconf 93' lang='lat' dir='ltr'><strong>non</strong></span> <span class='ocrx_word' id='word_1_454' title='bbox 2701 1294 2751 1340; x_wconf 89' lang='lat' dir='ltr'><strong>te</strong></span> <span class='ocrx_word' id='word_1_455' title='bbox 2777 1285 2964 1339; x_wconf 89' lang='lat' dir='ltr'><strong>harum</strong></span> <span class='ocrx_word' id='word_1_456' title='bbox 2988 1304 3167 1342; x_wconf 89' lang='lat' dir='ltr'><strong>rerum</strong></span> <span class='ocrx_word' id='word_1_457' title='bbox 3190 1304 3310 1345; x_wconf 89' lang='lat' dir='ltr'><strong>esse</strong></span> <span class='ocrx_word' id='word_1_458' title='bbox 3332 1307 3568 1359; x_wconf 82' lang='lat' dir='ltr'><strong>causam,</strong></span> <span class='ocrx_word' id='word_1_459' title='bbox 3592 1296 3686 1350; x_wconf 89' lang='lat' dir='ltr'><strong>sed</strong></span> 
     </span>
    </p>
   </div>
   <div class='ocr_carea' id='block_1_61' title="bbox 2096 1370 3685 1452">
    <p class='ocr_par' dir='ltr' id='par_1_61' title="bbox 2096 1370 3685 1452">
     <span class='ocr_line' id='line_1_61' title="bbox 2096 1370 3685 1452; baseline 0.008 -27"><span class='ocrx_word' id='word_1_460' title='bbox 2096 1370 2260 1426; x_wconf 82' lang='lat' dir='ltr'><strong>Deum</strong></span> <span class='ocrx_word' id='word_1_461' title='bbox 2283 1374 2372 1443; x_wconf 87' lang='lat' dir='ltr'><strong>qui</strong></span> <span class='ocrx_word' id='word_1_462' title='bbox 2402 1383 2454 1430; x_wconf 89' lang='lat' dir='ltr'><strong>te</strong></span> <span class='ocrx_word' id='word_1_463' title='bbox 2480 1376 2740 1437; x_wconf 91' lang='lat' dir='ltr'><strong>condidit.</strong></span> <span class='ocrx_word' id='word_1_464' title='bbox 2772 1388 2827 1433; x_wconf 88' lang='lat' dir='ltr'><strong>et</strong></span> <span class='ocrx_word' id='word_1_465' title='bbox 2852 1380 3114 1435; x_wconf 89' lang='lat' dir='ltr'><strong>rationem</strong></span> <span class='ocrx_word' id='word_1_466' title='bbox 3149 1382 3372 1452; x_wconf 86' lang='lat' dir='ltr'><strong>largitus</strong></span> <span class='ocrx_word' id='word_1_467' title='bbox 3399 1394 3502 1440; x_wconf 86' lang='lat' dir='ltr'><strong>est.</strong></span> <span class='ocrx_word' id='word_1_468' title='bbox 3534 1386 3685 1440; x_wconf 63' lang='lat' dir='ltr'><strong>[Iulia</strong></span> 
     </span>
    </p>
   </div>
   <div class='ocr_carea' id='block_1_62' title="bbox 2090 1465 3687 1547">
    <p class='ocr_par' dir='ltr' id='par_1_62' title="bbox 2090 1465 3687 1547">
     <span class='ocr_line' id='line_1_62' title="bbox 2090 1465 3687 1547; baseline 0.009 -27"><span class='ocrx_word' id='word_1_469' title='bbox 2090 1473 2145 1520; x_wconf 91' lang='lat' dir='ltr'><strong>et</strong></span> <span class='ocrx_word' id='word_1_470' title='bbox 2175 1465 2395 1536; x_wconf 88' lang='lat' dir='ltr'><strong>laqueos</strong></span> <span class='ocrx_word' id='word_1_471' title='bbox 2424 1468 2527 1523; x_wconf 81' lang='lat' dir='ltr'><strong>illis</strong></span> <span class='ocrx_word' id='word_1_472' title='bbox 2554 1470 2824 1527; x_wconf 87' lang='lat' dir='ltr'><strong>tendimus</strong></span> <span class='ocrx_word' id='word_1_473' title='bbox 2845 1514 2858 1535; x_wconf 92' lang='lat'><strong>,</strong></span> <span class='ocrx_word' id='word_1_474' title='bbox 2891 1474 2942 1527; x_wconf 88' lang='lat' dir='ltr'><strong>itt</strong></span> <span class='ocrx_word' id='word_1_475' title='bbox 2970 1490 3105 1542; x_wconf 88' lang='lat' dir='ltr'><strong>quos</strong></span> <span class='ocrx_word' id='word_1_476' title='bbox 3139 1476 3250 1545; x_wconf 82' lang='lat' dir='ltr'><strong>ipsa</strong></span> <span class='ocrx_word' id='word_1_477' title='bbox 3281 1477 3607 1547; x_wconf 83' lang='lat' dir='ltr'><strong>impellimus</strong></span> <span class='ocrx_word' id='word_1_478' title='bbox 3633 1492 3687 1535; x_wconf 84' lang='lat' dir='ltr'><strong>et</strong></span> 
     </span>
    </p>
   </div>
   <div class='ocr_carea' id='block_1_63' title="bbox 2088 1560 3683 1640">
    <p class='ocr_par' dir='ltr' id='par_1_63' title="bbox 2088 1560 3683 1640">
     <span class='ocr_line' id='line_1_63' title="bbox 2088 1560 3683 1640; baseline 0.008 -26"><span class='ocrx_word' id='word_1_479' title='bbox 2088 1560 2352 1630; x_wconf 88' lang='lat' dir='ltr'><strong>capimus.</strong></span> <span class='ocrx_word' id='word_1_480' title='bbox 2384 1560 2682 1619; x_wconf 77' lang='lat' dir='ltr'><strong>Moderatio</strong></span> <span class='ocrx_word' id='word_1_481' title='bbox 2708 1568 2852 1621; x_wconf 87' lang='lat' dir='ltr'><strong>enim</strong></span> <span class='ocrx_word' id='word_1_482' title='bbox 2883 1568 3037 1621; x_wconf 90' lang='lat' dir='ltr'><strong>nobis</strong></span> <span class='ocrx_word' id='word_1_483' title='bbox 3063 1569 3236 1635; x_wconf 86' lang='lat' dir='ltr'><strong>adest,</strong></span> <span class='ocrx_word' id='word_1_484' title='bbox 3269 1572 3515 1640; x_wconf 81' lang='lat' dir='ltr'><strong>a-qnitas.</strong></span> <span class='ocrx_word' id='word_1_485' title='bbox 3546 1573 3683 1627; x_wconf 90' lang='lat' dir='ltr'><strong>leni-</strong></span> 
     </span>
    </p>
   </div>
   <div class='ocr_carea' id='block_1_64' title="bbox 2091 1654 3684 1729">
    <p class='ocr_par' dir='ltr' id='par_1_64' title="bbox 2091 1654 3684 1729">
     <span class='ocr_line' id='line_1_64' title="bbox 2091 1654 3684 1729; baseline 0.008 -24"><span class='ocrx_word' id='word_1_486' title='bbox 2091 1659 2202 1718; x_wconf 83' lang='lat' dir='ltr'><strong>tas,</strong></span> <span class='ocrx_word' id='word_1_487' title='bbox 2234 1654 2579 1723; x_wconf 87' lang='lat' dir='ltr'><strong>pecuniarum</strong></span> <span class='ocrx_word' id='word_1_488' title='bbox 2606 1655 2981 1726; x_wconf 81' lang='lat' dir='ltr'><strong>despicientia.</strong></span> <span class='ocrx_word' id='word_1_489' title='bbox 3010 1659 3116 1714; x_wconf 88' lang='lat' dir='ltr'><strong>Sed</strong></span> <span class='ocrx_word' id='word_1_490' title='bbox 3155 1662 3407 1729; x_wconf 84' lang='lat' dir='ltr'><strong>quoniam</strong></span> <span class='ocrx_word' id='word_1_491' title='bbox 3450 1671 3505 1717; x_wconf 95' lang='grc' dir='ltr'><strong>ιιι</strong></span> <span class='ocrx_word' id='word_1_492' title='bbox 3545 1677 3684 1719; x_wconf 82' lang='lat' dir='ltr'><strong>unus</strong></span> 
     </span>
    </p>
   </div>
   <div class='ocr_carea' id='block_1_65' title="bbox 2086 1745 3683 1820">
    <p class='ocr_par' dir='ltr' id='par_1_65' title="bbox 2086 1745 3683 1820">
     <span class='ocr_line' id='line_1_65' title="bbox 2086 1745 3683 1820; baseline 0.005 -22"><span class='ocrx_word' id='word_1_493' title='bbox 2086 1758 2153 1798; x_wconf 75' lang='lat' dir='ltr'><strong>ex</strong></span> <span class='ocrx_word' id='word_1_494' title='bbox 2194 1745 2573 1816; x_wconf 81' lang='lat' dir='ltr'><strong>arrogantibus</strong></span> <span class='ocrx_word' id='word_1_495' title='bbox 2602 1762 2699 1816; x_wconf 86' lang='lat' dir='ltr'><strong>es,</strong></span> <span class='ocrx_word' id='word_1_496' title='bbox 2733 1748 2971 1820; x_wconf 87' lang='lat' dir='ltr'><strong>nihilque</strong></span> <span class='ocrx_word' id='word_1_497' title='bbox 3013 1750 3205 1806; x_wconf 91' lang='lat' dir='ltr'><strong>horum</strong></span> <span class='ocrx_word' id='word_1_498' title='bbox 3253 1753 3453 1820; x_wconf 87' lang='lat' dir='ltr'><strong>habes,</strong></span> <span class='ocrx_word' id='word_1_499' title='bbox 3491 1758 3683 1810; x_wconf 87' lang='lat' dir='ltr'><strong>merito</strong></span> 
     </span>
    </p>
   </div>
   <div class='ocr_carea' id='block_1_66' title="bbox 2085 1830 3679 1915">
    <p class='ocr_par' dir='ltr' id='par_1_66' title="bbox 2085 1830 3679 1915">
     <span class='ocr_line' id='line_1_66' title="bbox 2085 1830 3679 1915; baseline 0.009 -25"><span class='ocrx_word' id='word_1_500' title='bbox 2085 1836 2171 1891; x_wconf 88' lang='lat' dir='ltr'><strong>vel</strong></span> <span class='ocrx_word' id='word_1_501' title='bbox 2215 1854 2325 1906; x_wconf 75' lang='lat' dir='ltr'><strong>pne</strong></span> <span class='ocrx_word' id='word_1_502' title='bbox 2354 1839 2605 1895; x_wconf 90' lang='lat' dir='ltr'><strong>omnibus</strong></span> <span class='ocrx_word' id='word_1_503' title='bbox 2650 1841 2955 1897; x_wconf 90' lang='lat' dir='ltr'><strong>hominibus</strong></span> <span class='ocrx_word' id='word_1_504' title='bbox 2993 1830 3273 1915; x_wconf 82' lang='lat' dir='ltr'><strong>magnifice</strong></span> <span class='ocrx_word' id='word_1_505' title='bbox 3301 1846 3369 1903; x_wconf 92' lang='lat' dir='ltr'><strong>de</strong></span> <span class='ocrx_word' id='word_1_506' title='bbox 3401 1857 3452 1903; x_wconf 90' lang='lat' dir='ltr'><strong>te</strong></span> <span class='ocrx_word' id='word_1_507' title='bbox 3480 1851 3679 1913; x_wconf 70' lang='lat' dir='ltr'><strong>sentis,</strong></span> 
     </span>
    </p>
   </div>
   <div class='ocr_carea' id='block_1_67' title="bbox 2084 1932 3682 2002">
    <p class='ocr_par' dir='ltr' id='par_1_67' title="bbox 2084 1932 3682 2002">
     <span class='ocr_line' id='line_1_67' title="bbox 2084 1932 3682 2002; baseline 0.009 -17"><span class='ocrx_word' id='word_1_508' title='bbox 2084 1932 2166 1986; x_wconf 91' lang='lat' dir='ltr'><strong>vel</strong></span> <span class='ocrx_word' id='word_1_509' title='bbox 2197 1947 2305 2002; x_wconf 73' lang='lat' dir='ltr'><strong>pra:</strong></span> <span class='ocrx_word' id='word_1_510' title='bbox 2334 1933 2586 1990; x_wconf 92' lang='lat' dir='ltr'><strong>omnibus</strong></span> <span class='ocrx_word' id='word_1_511' title='bbox 2616 1935 2785 1991; x_wconf 89' lang='lat' dir='ltr'><strong>brutis</strong></span> <span class='ocrx_word' id='word_1_512' title='bbox 2812 1937 3105 1993; x_wconf 85' lang='lat' dir='ltr'><strong>humiliter.</strong></span> <span class='ocrx_word' id='word_1_513' title='bbox 3135 1938 3281 1996; x_wconf 85' lang='lat' dir='ltr'><strong>Talis</strong></span> <span class='ocrx_word' id='word_1_514' title='bbox 3310 1942 3455 1997; x_wconf 91' lang='lat' dir='ltr'><strong>enim</strong></span> <span class='ocrx_word' id='word_1_515' title='bbox 3486 1952 3568 1997; x_wconf 85' lang='lat' dir='ltr'><strong>est</strong></span> <span class='ocrx_word' id='word_1_516' title='bbox 3596 1961 3682 1998; x_wconf 60' lang='lat' dir='ltr'><strong>ar.</strong></span> 
     </span>
    </p>
   </div>
   <div class='ocr_carea' id='block_1_68' title="bbox 2085 2025 3677 2101">
    <p class='ocr_par' dir='ltr' id='par_1_68' title="bbox 2085 2025 3677 2101">
     <span class='ocr_line' id='line_1_68' title="bbox 2085 2025 3677 2101; baseline 0.008 -26"><span class='ocrx_word' id='word_1_517' title='bbox 2085 2025 2325 2093; x_wconf 89' lang='lat' dir='ltr'><strong>rogantia</strong></span> <span class='ocrx_word' id='word_1_518' title='bbox 2353 2034 2407 2081; x_wconf 88' lang='lat' dir='ltr'><strong>et</strong></span> <span class='ocrx_word' id='word_1_519' title='bbox 2433 2026 2657 2082; x_wconf 86' lang='lat' dir='ltr'><strong>audacia</strong></span> <span class='ocrx_word' id='word_1_520' title='bbox 2693 2045 2706 2082; x_wconf 91' lang='lat'><strong>:</strong></span> <span class='ocrx_word' id='word_1_521' title='bbox 2742 2029 2828 2084; x_wconf 87' lang='lat' dir='ltr'><strong>vel</strong></span> <span class='ocrx_word' id='word_1_522' title='bbox 2867 2039 3063 2099; x_wconf 70' lang='lat' dir='ltr'><strong>praeter</strong></span> <span class='ocrx_word' id='word_1_523' title='bbox 3089 2048 3302 2101; x_wconf 82' lang='lat' dir='ltr'><strong>:rquntn</strong></span> <span class='ocrx_word' id='word_1_524' title='bbox 3335 2048 3456 2088; x_wconf 86' lang='lat' dir='ltr'><strong>sese</strong></span> <span class='ocrx_word' id='word_1_525' title='bbox 3483 2034 3634 2088; x_wconf 76' lang='lat' dir='ltr'><strong>elTert</strong></span> <span class='ocrx_word' id='word_1_526' title='bbox 3662 2078 3677 2099; x_wconf 88' lang='lat'><strong>,</strong></span> 
     </span>
    </p>
   </div>
   <div class='ocr_carea' id='block_1_69' title="bbox 2081 2117 3678 2192">
    <p class='ocr_par' dir='ltr' id='par_1_69' title="bbox 2081 2117 3678 2192">
     <span class='ocr_line' id='line_1_69' title="bbox 2081 2117 3678 2192; baseline 0.006 -22"><span class='ocrx_word' id='word_1_527' title='bbox 2081 2117 2164 2171; x_wconf 85' lang='lat' dir='ltr'><strong>vel</strong></span> <span class='ocrx_word' id='word_1_528' title='bbox 2194 2117 2377 2173; x_wconf 79' lang='lat' dir='ltr'><strong>itidem</strong></span> <span class='ocrx_word' id='word_1_529' title='bbox 2408 2134 2468 2175; x_wconf 90' lang='lat' dir='ltr'><strong>se</strong></span> <span class='ocrx_word' id='word_1_530' title='bbox 2492 2119 2679 2189; x_wconf 87' lang='lat' dir='ltr'><strong>dejicit</strong></span> <span class='ocrx_word' id='word_1_531' title='bbox 2700 2162 2717 2186; x_wconf 95' lang='lat'><strong>,</strong></span> <span class='ocrx_word' id='word_1_532' title='bbox 2754 2137 3015 2192; x_wconf 88' lang='lat' dir='ltr'><strong>nusquam</strong></span> <span class='ocrx_word' id='word_1_533' title='bbox 3045 2125 3263 2178; x_wconf 90' lang='lat' dir='ltr'><strong>modum</strong></span> <span class='ocrx_word' id='word_1_534' title='bbox 3298 2141 3539 2181; x_wconf 64' lang='lat' dir='ltr'><strong>servans.</strong></span> <span class='ocrx_word' id='word_1_535' title='bbox 3571 2128 3678 2181; x_wconf 83' lang='lat' dir='ltr'><strong>llae</strong></span> 
     </span>
    </p>
   </div>
   <div class='ocr_carea' id='block_1_70' title="bbox 2079 2210 3678 2287">
    <p class='ocr_par' dir='ltr' id='par_1_70' title="bbox 2079 2210 3678 2287">
     <span class='ocr_line' id='line_1_70' title="bbox 2079 2210 3678 2287; baseline 0.006 -24"><span class='ocrx_word' id='word_1_536' title='bbox 2079 2210 2297 2280; x_wconf 90' lang='lat' dir='ltr'><strong>quidem</strong></span> <span class='ocrx_word' id='word_1_537' title='bbox 2348 2226 2406 2267; x_wconf 90' lang='lat' dir='ltr'><strong>re</strong></span> <span class='ocrx_word' id='word_1_538' title='bbox 2449 2214 2685 2284; x_wconf 82' lang='lat' dir='ltr'><strong>a-qnales</strong></span> <span class='ocrx_word' id='word_1_539' title='bbox 2732 2230 2921 2270; x_wconf 89' lang='lat' dir='ltr'><strong>smnus</strong></span> <span class='ocrx_word' id='word_1_540' title='bbox 2964 2218 3204 2283; x_wconf 75' lang='lat' dir='ltr'><strong>angelis;</strong></span> <span class='ocrx_word' id='word_1_541' title='bbox 3258 2234 3480 2287; x_wconf 84' lang='lat' dir='ltr'><strong>regnum</strong></span> <span class='ocrx_word' id='word_1_542' title='bbox 3523 2220 3678 2273; x_wconf 88' lang='lat' dir='ltr'><strong>nobis</strong></span> 
     </span>
    </p>
   </div>
   <div class='ocr_carea' id='block_1_71' title="bbox 2081 2302 3679 2390">
    <p class='ocr_par' dir='ltr' id='par_1_71' title="bbox 2081 2302 3679 2390">
     <span class='ocr_line' id='line_1_71' title="bbox 2081 2302 3679 2390; baseline 0.008 -37"><span class='ocrx_word' id='word_1_543' title='bbox 2081 2302 2403 2390; x_wconf 68' lang='lat' dir='ltr'><strong>promissum</strong></span> <span class='ocrx_word' id='word_1_544' title='bbox 2425 2315 2528 2371; x_wconf 89' lang='lat' dir='ltr'><strong>est,</strong></span> <span class='ocrx_word' id='word_1_545' title='bbox 2553 2315 2608 2360; x_wconf 91' lang='lat' dir='ltr'><strong>et</strong></span> <span class='ocrx_word' id='word_1_546' title='bbox 2633 2304 2832 2362; x_wconf 89' lang='lat' dir='ltr'><strong>chorea</strong></span> <span class='ocrx_word' id='word_1_547' title='bbox 2850 2323 2970 2363; x_wconf 91' lang='lat' dir='ltr'><strong>eum</strong></span> <span class='ocrx_word' id='word_1_548' title='bbox 2992 2308 3226 2365; x_wconf 72' lang='lat' dir='ltr'><strong>Clll‘laIO.</strong></span> <span class='ocrx_word' id='word_1_549' title='bbox 3247 2312 3346 2377; x_wconf 88' lang='lat' dir='ltr'><strong>Qui</strong></span> <span class='ocrx_word' id='word_1_550' title='bbox 3371 2326 3494 2367; x_wconf 87' lang='lat' dir='ltr'><strong>vere</strong></span> <span class='ocrx_word' id='word_1_551' title='bbox 3517 2312 3679 2366; x_wconf 80' lang='lat' dir='ltr'><strong>ltOtt‘O</strong></span> 
     </span>
    </p>
   </div>
   <div class='ocr_carea' id='block_1_72' title="bbox 2077 2396 3674 2472">
    <p class='ocr_par' dir='ltr' id='par_1_72' title="bbox 2077 2396 3674 2472">
     <span class='ocr_line' id='line_1_72' title="bbox 2077 2396 3674 2472; baseline 0.005 -22"><span class='ocrx_word' id='word_1_552' title='bbox 2077 2403 2162 2450; x_wconf 90' lang='lat' dir='ltr'><strong>cst</strong></span> <span class='ocrx_word' id='word_1_553' title='bbox 2191 2396 2426 2465; x_wconf 87' lang='lat' dir='ltr'><strong>vapulat.</strong></span> <span class='ocrx_word' id='word_1_554' title='bbox 2459 2405 2511 2453; x_wconf 88' lang='lat' dir='ltr'><strong>et</strong></span> <span class='ocrx_word' id='word_1_555' title='bbox 2538 2412 2645 2453; x_wconf 91' lang='lat' dir='ltr'><strong>non</strong></span> <span class='ocrx_word' id='word_1_556' title='bbox 2673 2398 2970 2455; x_wconf 88' lang='lat' dir='ltr'><strong>succumbit</strong></span> <span class='ocrx_word' id='word_1_557' title='bbox 2993 2414 3008 2465; x_wconf 91' lang='lat'><strong>;</strong></span> <span class='ocrx_word' id='word_1_558' title='bbox 3042 2410 3268 2457; x_wconf 90' lang='lat' dir='ltr'><strong>mortem</strong></span> <span class='ocrx_word' id='word_1_559' title='bbox 3294 2401 3542 2472; x_wconf 72' lang='grc' dir='ltr'><strong>όοδιιίρίι,</strong></span> <span class='ocrx_word' id='word_1_560' title='bbox 3570 2421 3674 2458; x_wconf 87' lang='lat' dir='ltr'><strong>non</strong></span> 
     </span>
    </p>
   </div>
   <div class='ocr_carea' id='block_1_73' title="bbox 2079 2487 3674 2562">
    <p class='ocr_par' dir='ltr' id='par_1_73' title="bbox 2079 2487 3674 2562">
     <span class='ocr_line' id='line_1_73' title="bbox 2079 2487 3674 2562; baseline 0.006 -23"><span class='ocrx_word' id='word_1_561' title='bbox 2079 2487 2278 2551; x_wconf 86' lang='lat' dir='ltr'><strong>tremit,</strong></span> <span class='ocrx_word' id='word_1_562' title='bbox 2310 2504 2416 2542; x_wconf 90' lang='lat' dir='ltr'><strong>non</strong></span> <span class='ocrx_word' id='word_1_563' title='bbox 2458 2490 2688 2556; x_wconf 89' lang='lat' dir='ltr'><strong>metuit,</strong></span> <span class='ocrx_word' id='word_1_564' title='bbox 2734 2504 2839 2545; x_wconf 83' lang='lat' dir='ltr'><strong>neu</strong></span> <span class='ocrx_word' id='word_1_565' title='bbox 2870 2492 3075 2561; x_wconf 89' lang='lat' dir='ltr'><strong>appetit</strong></span> <span class='ocrx_word' id='word_1_566' title='bbox 3111 2493 3283 2561; x_wconf 90' lang='lat' dir='ltr'><strong>plura.</strong></span> <span class='ocrx_word' id='word_1_567' title='bbox 3313 2494 3674 2562; x_wconf 88' lang='lat' dir='ltr'><strong>Quamobrem</strong></span> 
     </span>
    </p>
   </div>
   <div class='ocr_carea' id='block_1_74' title="bbox 2074 2578 3676 2654">
    <p class='ocr_par' dir='ltr' id='par_1_74' title="bbox 2074 2578 3676 2654">
     <span class='ocr_line' id='line_1_74' title="bbox 2074 2578 3676 2654; baseline 0.008 -26"><span class='ocrx_word' id='word_1_568' title='bbox 2074 2578 2164 2648; x_wconf 90' lang='lat' dir='ltr'><strong>qui</strong></span> <span class='ocrx_word' id='word_1_569' title='bbox 2212 2579 2345 2635; x_wconf 87' lang='lat' dir='ltr'><strong>tales</strong></span> <span class='ocrx_word' id='word_1_570' title='bbox 2376 2595 2483 2635; x_wconf 90' lang='lat' dir='ltr'><strong>non</strong></span> <span class='ocrx_word' id='word_1_571' title='bbox 2514 2591 2676 2645; x_wconf 91' lang='lat' dir='ltr'><strong>sunt,</strong></span> <span class='ocrx_word' id='word_1_572' title='bbox 2717 2581 2889 2637; x_wconf 92' lang='lat' dir='ltr'><strong>brutis</strong></span> <span class='ocrx_word' id='word_1_573' title='bbox 2927 2591 3053 2638; x_wconf 78' lang='lat' dir='ltr'><strong>Stlttl</strong></span> <span class='ocrx_word' id='word_1_574' title='bbox 3097 2584 3417 2641; x_wconf 85' lang='lat' dir='ltr'><strong>deteriores.</strong></span> <span class='ocrx_word' id='word_1_575' title='bbox 3450 2587 3676 2654; x_wconf 84' lang='lat' dir='ltr'><strong>Quando</strong></span> 
     </span>
    </p>
   </div>
   <div class='ocr_carea' id='block_1_75' title="bbox 2073 2670 3673 2744">
    <p class='ocr_par' dir='ltr' id='par_1_75' title="bbox 2073 2670 3673 2744">
     <span class='ocr_line' id='line_1_75' title="bbox 2073 2670 3673 2744; baseline 0.004 -19"><span class='ocrx_word' id='word_1_576' title='bbox 2073 2670 2216 2725; x_wconf 87' lang='lat' dir='ltr'><strong>enim</strong></span> <span class='ocrx_word' id='word_1_577' title='bbox 2246 2672 2409 2727; x_wconf 87' lang='lat' dir='ltr'><strong>rebus</strong></span> <span class='ocrx_word' id='word_1_578' title='bbox 2433 2673 2652 2743; x_wconf 87' lang='lat' dir='ltr'><strong>quidem</strong></span> <span class='ocrx_word' id='word_1_579' title='bbox 2678 2673 2744 2727; x_wconf 92' lang='lat' dir='ltr'><strong>ad</strong></span> <span class='ocrx_word' id='word_1_580' title='bbox 2773 2689 2970 2744; x_wconf 83' lang='lat' dir='ltr'><strong>corpus</strong></span> <span class='ocrx_word' id='word_1_581' title='bbox 2996 2677 3386 2743; x_wconf 87' lang='lat' dir='ltr'><strong>pertinentibus</strong></span> <span class='ocrx_word' id='word_1_582' title='bbox 3411 2679 3546 2733; x_wconf 87' lang='lat' dir='ltr'><strong>alios</strong></span> <span class='ocrx_word' id='word_1_583' title='bbox 3573 2680 3673 2731; x_wconf 88' lang='lat' dir='ltr'><strong>ho-</strong></span> 
     </span>
    </p>
   </div>
   <div class='ocr_carea' id='block_1_76' title="bbox 2074 2763 3674 2838">
    <p class='ocr_par' dir='ltr' id='par_1_76' title="bbox 2074 2763 3674 2838">
     <span class='ocr_line' id='line_1_76' title="bbox 2074 2763 3674 2838; baseline 0.005 -21"><span class='ocrx_word' id='word_1_584' title='bbox 2074 2763 2248 2817; x_wconf 87' lang='lat' dir='ltr'><strong>mines</strong></span> <span class='ocrx_word' id='word_1_585' title='bbox 2270 2764 2461 2830; x_wconf 87' lang='lat' dir='ltr'><strong>vincis,</strong></span> <span class='ocrx_word' id='word_1_586' title='bbox 2491 2764 2655 2819; x_wconf 88' lang='lat' dir='ltr'><strong>animi</strong></span> <span class='ocrx_word' id='word_1_587' title='bbox 2684 2780 2813 2820; x_wconf 88' lang='lat' dir='ltr'><strong>vero</strong></span> <span class='ocrx_word' id='word_1_588' title='bbox 2835 2768 3168 2822; x_wconf 87' lang='lat' dir='ltr'><strong>ornamentis</strong></span> <span class='ocrx_word' id='word_1_589' title='bbox 3188 2782 3376 2834; x_wconf 86' lang='lat' dir='ltr'><strong>cares;</strong></span> <span class='ocrx_word' id='word_1_590' title='bbox 3404 2771 3674 2838; x_wconf 89' lang='lat' dir='ltr'><strong>quomodo</strong></span> 
     </span>
    </p>
   </div>
   <div class='ocr_carea' id='block_1_77' title="bbox 2076 2853 3671 2927">
    <p class='ocr_par' dir='ltr' id='par_1_77' title="bbox 2076 2853 3671 2927">
     <span class='ocr_line' id='line_1_77' title="bbox 2076 2853 3671 2927; baseline 0.003 -19"><span class='ocrx_word' id='word_1_591' title='bbox 2076 2853 2244 2908; x_wconf 83' lang='lat' dir='ltr'><strong>brutis</strong></span> <span class='ocrx_word' id='word_1_592' title='bbox 2274 2870 2471 2922; x_wconf 84' lang='lat' dir='ltr'><strong>nones</strong></span> <span class='ocrx_word' id='word_1_593' title='bbox 2500 2855 2773 2911; x_wconf 84' lang='lat' dir='ltr'><strong>deterior?</strong></span> <span class='ocrx_word' id='word_1_594' title='bbox 2800 2858 2910 2927; x_wconf 83' lang='lat' dir='ltr'><strong>Age</strong></span> <span class='ocrx_word' id='word_1_595' title='bbox 2932 2858 3076 2911; x_wconf 87' lang='lat' dir='ltr'><strong>enim</strong></span> <span class='ocrx_word' id='word_1_596' title='bbox 3103 2859 3153 2911; x_wconf 91' lang='lat' dir='ltr'><strong>in</strong></span> <span class='ocrx_word' id='word_1_597' title='bbox 3180 2859 3412 2913; x_wconf 90' lang='lat' dir='ltr'><strong>medium</strong></span> <span class='ocrx_word' id='word_1_598' title='bbox 3441 2861 3671 2915; x_wconf 65' lang='lat' dir='ltr'><strong>adduca.</strong></span> 
     </span>
    </p>
   </div>
   <div class='ocr_carea' id='block_1_78' title="bbox 2075 2948 3676 3021">
    <p class='ocr_par' dir='ltr' id='par_1_78' title="bbox 2075 2948 3676 3021">
     <span class='ocr_line' id='line_1_78' title="bbox 2075 2948 3676 3021; baseline 0.003 -21"><span class='ocrx_word' id='word_1_599' title='bbox 2075 2962 2194 3000; x_wconf 90' lang='lat' dir='ltr'><strong>mus</strong></span> <span class='ocrx_word' id='word_1_600' title='bbox 2218 2962 2405 3002; x_wconf 89' lang='lat' dir='ltr'><strong>eorum</strong></span> <span class='ocrx_word' id='word_1_601' title='bbox 2433 2948 2689 3018; x_wconf 87' lang='lat' dir='ltr'><strong>aliquem,</strong></span> <span class='ocrx_word' id='word_1_602' title='bbox 2721 2950 2810 3019; x_wconf 90' lang='lat' dir='ltr'><strong>qui</strong></span> <span class='ocrx_word' id='word_1_603' title='bbox 2839 2965 2959 3004; x_wconf 90' lang='lat' dir='ltr'><strong>cum</strong></span> <span class='ocrx_word' id='word_1_604' title='bbox 2989 2951 3148 3015; x_wconf 86' lang='lat' dir='ltr'><strong>vitio,</strong></span> <span class='ocrx_word' id='word_1_605' title='bbox 3178 2952 3264 3021; x_wconf 92' lang='lat' dir='ltr'><strong>qui</strong></span> <span class='ocrx_word' id='word_1_606' title='bbox 3298 2953 3515 3007; x_wconf 89' lang='lat' dir='ltr'><strong>minimc</strong></span> <span class='ocrx_word' id='word_1_607' title='bbox 3544 2969 3676 3007; x_wconf 86' lang='lat' dir='ltr'><strong>con-</strong></span> 
     </span>
    </p>
   </div>
   <div class='ocr_carea' id='block_1_79' title="bbox 2072 3040 3667 3110">
    <p class='ocr_par' dir='ltr' id='par_1_79' title="bbox 2072 3040 3667 3110">
     <span class='ocr_line' id='line_1_79' title="bbox 2072 3040 3667 3110; baseline 0.004 -20"><span class='ocrx_word' id='word_1_608' title='bbox 2072 3050 2327 3110; x_wconf 84' lang='lat' dir='ltr'><strong>grnenter</strong></span> <span class='ocrx_word' id='word_1_609' title='bbox 2356 3040 2572 3105; x_wconf 88' lang='lat' dir='ltr'><strong>rationi,</strong></span> <span class='ocrx_word' id='word_1_610' title='bbox 2596 3041 2685 3110; x_wconf 92' lang='lat' dir='ltr'><strong>qui</strong></span> <span class='ocrx_word' id='word_1_611' title='bbox 2715 3042 2765 3093; x_wconf 90' lang='lat' dir='ltr'><strong>in</strong></span> <span class='ocrx_word' id='word_1_612' title='bbox 2795 3040 3005 3095; x_wconf 83' lang='lat' dir='ltr'><strong>deliciis</strong></span> <span class='ocrx_word' id='word_1_613' title='bbox 3032 3051 3082 3096; x_wconf 90' lang='lat' dir='ltr'><strong>et</strong></span> <span class='ocrx_word' id='word_1_614' title='bbox 3112 3042 3460 3096; x_wconf 87' lang='lat' dir='ltr'><strong>immoderata</strong></span> <span class='ocrx_word' id='word_1_615' title='bbox 3489 3059 3667 3097; x_wconf 87' lang='lat' dir='ltr'><strong>rerum</strong></span> 
     </span>
    </p>
   </div>
   <div class='ocr_carea' id='block_1_80' title="bbox 2075 3128 3671 3201">
    <p class='ocr_par' dir='ltr' id='par_1_80' title="bbox 2075 3128 3671 3201">
     <span class='ocr_line' id='line_1_80' title="bbox 2075 3128 3671 3201; baseline 0.003 -20"><span class='ocrx_word' id='word_1_616' title='bbox 2075 3128 2401 3184; x_wconf 84' lang='lat' dir='ltr'><strong>abundantia</strong></span> <span class='ocrx_word' id='word_1_617' title='bbox 2430 3132 2639 3184; x_wconf 90' lang='lat' dir='ltr'><strong>vivunt.</strong></span> <span class='ocrx_word' id='word_1_618' title='bbox 2675 3131 2782 3185; x_wconf 89' lang='lat' dir='ltr'><strong>Isto</strong></span> <span class='ocrx_word' id='word_1_619' title='bbox 2812 3146 2984 3201; x_wconf 90' lang='lat' dir='ltr'><strong>equus</strong></span> <span class='ocrx_word' id='word_1_620' title='bbox 3009 3142 3086 3186; x_wconf 91' lang='lat' dir='ltr'><strong>est</strong></span> <span class='ocrx_word' id='word_1_621' title='bbox 3122 3133 3435 3201; x_wconf 78' lang='lat' dir='ltr'><strong>pugnacior,</strong></span> <span class='ocrx_word' id='word_1_622' title='bbox 3467 3150 3558 3188; x_wconf 84' lang='lat' dir='ltr'><strong>sus</strong></span> <span class='ocrx_word' id='word_1_623' title='bbox 3585 3152 3671 3186; x_wconf 83' lang='lat' dir='ltr'><strong>ro-</strong></span> 
     </span>
    </p>
   </div>
   <div class='ocr_carea' id='block_1_81' title="bbox 2075 3221 3671 3293">
    <p class='ocr_par' dir='ltr' id='par_1_81' title="bbox 2075 3221 3671 3293">
     <span class='ocr_line' id='line_1_81' title="bbox 2075 3221 3671 3293; baseline 0.004 -18"><span class='ocrx_word' id='word_1_624' title='bbox 2075 3221 2303 3288; x_wconf 88' lang='lat' dir='ltr'><strong>bustior,</strong></span> <span class='ocrx_word' id='word_1_625' title='bbox 2336 3222 2486 3292; x_wconf 84' lang='lat' dir='ltr'><strong>lepus</strong></span> <span class='ocrx_word' id='word_1_626' title='bbox 2519 3222 2788 3290; x_wconf 91' lang='lat' dir='ltr'><strong>velocior,</strong></span> <span class='ocrx_word' id='word_1_627' title='bbox 2835 3237 2974 3293; x_wconf 87' lang='lat' dir='ltr'><strong>pavo</strong></span> <span class='ocrx_word' id='word_1_628' title='bbox 3004 3222 3325 3291; x_wconf 82' lang='lat' dir='ltr'><strong>formosior,</strong></span> <span class='ocrx_word' id='word_1_629' title='bbox 3368 3225 3488 3280; x_wconf 91' lang='lat' dir='ltr'><strong>olor</strong></span> <span class='ocrx_word' id='word_1_630' title='bbox 3524 3227 3671 3282; x_wconf 58' lang='lat' dir='ltr'><strong>vocis</strong></span> 
     </span>
    </p>
   </div>
   <div class='ocr_carea' id='block_1_82' title="bbox 2075 3313 3671 3388">
    <p class='ocr_par' dir='ltr' id='par_1_82' title="bbox 2075 3313 3671 3388">
     <span class='ocr_line' id='line_1_82' title="bbox 2075 3313 3671 3388; baseline 0.004 -22"><span class='ocrx_word' id='word_1_631' title='bbox 2075 3313 2338 3368; x_wconf 86' lang='lat' dir='ltr'><strong>suavitate</strong></span> <span class='ocrx_word' id='word_1_632' title='bbox 2368 3315 2745 3383; x_wconf 69' lang='lat' dir='ltr'><strong>praestantier,</strong></span> <span class='ocrx_word' id='word_1_633' title='bbox 2775 3315 2996 3385; x_wconf 90' lang='lat' dir='ltr'><strong>elephas</strong></span> <span class='ocrx_word' id='word_1_634' title='bbox 3026 3315 3196 3386; x_wconf 84' lang='lat' dir='ltr'><strong>major</strong></span> <span class='ocrx_word' id='word_1_635' title='bbox 3216 3356 3230 3381; x_wconf 88' lang='lat'><strong>,</strong></span> <span class='ocrx_word' id='word_1_636' title='bbox 3259 3318 3434 3387; x_wconf 86' lang='lat' dir='ltr'><strong>aquila</strong></span> <span class='ocrx_word' id='word_1_637' title='bbox 3465 3321 3671 3388; x_wconf 74' lang='lat' dir='ltr'><strong>[lCl&#39;Spi-</strong></span> 
     </span>
    </p>
   </div>
   <div class='ocr_carea' id='block_1_83' title="bbox 2070 3405 3666 3479">
    <p class='ocr_par' dir='ltr' id='par_1_83' title="bbox 2070 3405 3666 3479">
     <span class='ocr_line' id='line_1_83' title="bbox 2070 3405 3666 3479; baseline 0.003 -21"><span class='ocrx_word' id='word_1_638' title='bbox 2070 3405 2251 3459; x_wconf 90' lang='lat' dir='ltr'><strong>cacior</strong></span> <span class='ocrx_word' id='word_1_639' title='bbox 2275 3446 2289 3469; x_wconf 92' lang='lat'><strong>,</strong></span> <span class='ocrx_word' id='word_1_640' title='bbox 2319 3420 2510 3460; x_wconf 91' lang='lat' dir='ltr'><strong>onmes</strong></span> <span class='ocrx_word' id='word_1_641' title='bbox 2534 3421 2662 3460; x_wconf 87' lang='lat' dir='ltr'><strong>aves</strong></span> <span class='ocrx_word' id='word_1_642' title='bbox 2687 3406 2935 3461; x_wconf 88' lang='lat' dir='ltr'><strong>ditiores.</strong></span> <span class='ocrx_word' id='word_1_643' title='bbox 2969 3405 3125 3463; x_wconf 87' lang='lat' dir='ltr'><strong>Unde</strong></span> <span class='ocrx_word' id='word_1_644' title='bbox 3156 3407 3316 3479; x_wconf 78' lang='lat' dir='ltr'><strong>igitur</strong></span> <span class='ocrx_word' id='word_1_645' title='bbox 3354 3409 3547 3478; x_wconf 85' lang='lat' dir='ltr'><strong>dignus</strong></span> <span class='ocrx_word' id='word_1_646' title='bbox 3572 3426 3630 3465; x_wconf 84' lang='lat' dir='ltr'><strong>es</strong></span> <span class='ocrx_word' id='word_1_647' title='bbox 3650 3452 3666 3477; x_wconf 91' lang='lat'><strong>,</strong></span> 
     </span>
    </p>
   </div>
   <div class='ocr_carea' id='block_1_84' title="bbox 2072 3499 3666 3571">
    <p class='ocr_par' dir='ltr' id='par_1_84' title="bbox 2072 3499 3666 3571">
     <span class='ocr_line' id='line_1_84' title="bbox 2072 3499 3666 3571; baseline 0.003 -20"><span class='ocrx_word' id='word_1_648' title='bbox 2072 3500 2163 3569; x_wconf 88' lang='lat' dir='ltr'><strong>qui</strong></span> <span class='ocrx_word' id='word_1_649' title='bbox 2191 3499 2364 3554; x_wconf 92' lang='lat' dir='ltr'><strong>brutis</strong></span> <span class='ocrx_word' id='word_1_650' title='bbox 2385 3499 2721 3569; x_wconf 79' lang='lat' dir='ltr'><strong>domineris?</strong></span> <span class='ocrx_word' id='word_1_651' title='bbox 2744 3516 2809 3554; x_wconf 80' lang='lat' dir='ltr'><strong>ex</strong></span> <span class='ocrx_word' id='word_1_652' title='bbox 2837 3500 3087 3554; x_wconf 86' lang='lat' dir='ltr'><strong>ratione?</strong></span> <span class='ocrx_word' id='word_1_653' title='bbox 3109 3500 3326 3556; x_wconf 83' lang='lat' dir='ltr'><strong>Minime</strong></span> <span class='ocrx_word' id='word_1_654' title='bbox 3357 3502 3406 3556; x_wconf 92' lang='lat' dir='ltr'><strong>id</strong></span> <span class='ocrx_word' id='word_1_655' title='bbox 3431 3502 3666 3571; x_wconf 90' lang='lat' dir='ltr'><strong>quidem.</strong></span> 
     </span>
    </p>
   </div>
   <div class='ocr_carea' id='block_1_85' title="bbox 2073 3589 3671 3661">
    <p class='ocr_par' dir='ltr' id='par_1_85' title="bbox 2073 3589 3671 3661">
     <span class='ocr_line' id='line_1_85' title="bbox 2073 3589 3671 3661; baseline 0.006 -21"><span class='ocrx_word' id='word_1_656' title='bbox 2073 3590 2299 3658; x_wconf 83' lang='lat' dir='ltr'><strong>Quando</strong></span> <span class='ocrx_word' id='word_1_657' title='bbox 2327 3589 2471 3645; x_wconf 92' lang='lat' dir='ltr'><strong>enim</strong></span> <span class='ocrx_word' id='word_1_658' title='bbox 2513 3590 2601 3644; x_wconf 89' lang='lat' dir='ltr'><strong>illa</strong></span> <span class='ocrx_word' id='word_1_659' title='bbox 2629 3630 2645 3654; x_wconf 91' lang='lat'><strong>,</strong></span> <span class='ocrx_word' id='word_1_660' title='bbox 2676 3598 2734 3644; x_wconf 93' lang='lat' dir='ltr'><strong>ut</strong></span> <span class='ocrx_word' id='word_1_661' title='bbox 2760 3590 3076 3661; x_wconf 89' lang='lat' dir='ltr'><strong>oportebat,</strong></span> <span class='ocrx_word' id='word_1_662' title='bbox 3112 3607 3220 3647; x_wconf 93' lang='lat' dir='ltr'><strong>non</strong></span> <span class='ocrx_word' id='word_1_663' title='bbox 3247 3593 3413 3646; x_wconf 90' lang='lat' dir='ltr'><strong>uteris</strong></span> <span class='ocrx_word' id='word_1_664' title='bbox 3434 3635 3449 3652; x_wconf 90' lang='lat'><strong>.</strong></span> <span class='ocrx_word' id='word_1_665' title='bbox 3484 3609 3671 3649; x_wconf 51' lang='lat' dir='ltr'><strong>rursus</strong></span> 
     </span>
    </p>
   </div>
   <div class='ocr_carea' id='block_1_86' title="bbox 2074 3680 3669 3753">
    <p class='ocr_par' dir='ltr' id='par_1_86' title="bbox 2074 3680 3669 3753">
     <span class='ocr_line' id='line_1_86' title="bbox 2074 3680 3669 3753; baseline 0.003 -18"><span class='ocrx_word' id='word_1_666' title='bbox 2074 3680 2180 3736; x_wconf 90' lang='lat' dir='ltr'><strong>illis</strong></span> <span class='ocrx_word' id='word_1_667' title='bbox 2204 3696 2267 3736; x_wconf 89' lang='lat' dir='ltr'><strong>es</strong></span> <span class='ocrx_word' id='word_1_668' title='bbox 2285 3680 2523 3736; x_wconf 89' lang='lat' dir='ltr'><strong>deterior</strong></span> <span class='ocrx_word' id='word_1_669' title='bbox 2545 3699 2556 3734; x_wconf 93' lang='lat'>:</span> <span class='ocrx_word' id='word_1_670' title='bbox 2578 3680 2794 3750; x_wconf 88' lang='lat' dir='ltr'><strong>quando</strong></span> <span class='ocrx_word' id='word_1_671' title='bbox 2815 3682 2959 3737; x_wconf 91' lang='lat' dir='ltr'><strong>enim</strong></span> <span class='ocrx_word' id='word_1_672' title='bbox 2986 3683 3195 3737; x_wconf 89' lang='lat' dir='ltr'><strong>ratione</strong></span> <span class='ocrx_word' id='word_1_673' title='bbox 3215 3685 3471 3753; x_wconf 72' lang='lat' dir='ltr'><strong>prazditus</strong></span> <span class='ocrx_word' id='word_1_674' title='bbox 3494 3686 3669 3739; x_wconf 72' lang='lat' dir='ltr'><strong>utiuns</strong></span> 
     </span>
    </p>
   </div>
   <div class='ocr_carea' id='block_1_87' title="bbox 2071 3772 3675 3844">
    <p class='ocr_par' dir='ltr' id='par_1_87' title="bbox 2071 3772 3675 3844">
     <span class='ocr_line' id='line_1_87' title="bbox 2071 3772 3675 3844; baseline 0.002 -18"><span class='ocrx_word' id='word_1_675' title='bbox 2071 3788 2231 3844; x_wconf 89' lang='lat' dir='ltr'><strong>quam</strong></span> <span class='ocrx_word' id='word_1_676' title='bbox 2260 3772 2348 3827; x_wconf 88' lang='lat' dir='ltr'><strong>illa</strong></span> <span class='ocrx_word' id='word_1_677' title='bbox 2376 3782 2739 3843; x_wconf 88' lang='lat' dir='ltr'><strong>congruenter</strong></span> <span class='ocrx_word' id='word_1_678' title='bbox 2782 3773 2978 3829; x_wconf 87' lang='lat' dir='ltr'><strong>rationi</strong></span> <span class='ocrx_word' id='word_1_679' title='bbox 3022 3774 3157 3829; x_wconf 89' lang='lat' dir='ltr'><strong>vivis</strong></span> <span class='ocrx_word' id='word_1_680' title='bbox 3181 3815 3198 3840; x_wconf 86' lang='lat'><strong>,</strong></span> <span class='ocrx_word' id='word_1_681' title='bbox 3231 3774 3400 3829; x_wconf 88' lang='lat' dir='ltr'><strong>satius</strong></span> <span class='ocrx_word' id='word_1_682' title='bbox 3429 3775 3522 3829; x_wconf 93' lang='lat' dir='ltr'><strong>tibi</strong></span> <span class='ocrx_word' id='word_1_683' title='bbox 3554 3792 3599 3829; x_wconf 57' lang='lat' dir='ltr'><strong>es</strong></span> <span class='ocrx_word' id='word_1_684' title='bbox 3614 3787 3675 3830; x_wconf 86' lang='lat' dir='ltr'><strong>at</strong></span> 
     </span>
    </p>
   </div>
   <div class='ocr_carea' id='block_1_88' title="bbox 2073 3863 3669 3935">
    <p class='ocr_par' dir='ltr' id='par_1_88' title="bbox 2073 3863 3669 3935">
     <span class='ocr_line' id='line_1_88' title="bbox 2073 3863 3669 3935; baseline 0 -16"><span class='ocrx_word' id='word_1_685' title='bbox 2073 3880 2249 3935; x_wconf 90' lang='lat' dir='ltr'><strong>neque</strong></span> <span class='ocrx_word' id='word_1_686' title='bbox 2267 3863 2419 3919; x_wconf 90' lang='lat' dir='ltr'><strong>initio</strong></span> <span class='ocrx_word' id='word_1_687' title='bbox 2440 3864 2638 3918; x_wconf 88' lang='lat' dir='ltr'><strong>factum</strong></span> <span class='ocrx_word' id='word_1_688' title='bbox 2661 3879 2783 3919; x_wconf 87' lang='lat' dir='ltr'><strong>esse</strong></span> <span class='ocrx_word' id='word_1_689' title='bbox 2804 3863 3026 3919; x_wconf 81' lang='lat' dir='ltr'><strong>rationis</strong></span> <span class='ocrx_word' id='word_1_690' title='bbox 3044 3873 3371 3934; x_wconf 89' lang='lat' dir='ltr'><strong>compotem.</strong></span> <span class='ocrx_word' id='word_1_691' title='bbox 3389 3864 3503 3921; x_wconf 83' lang='lat' dir='ltr'><strong>Non</strong></span> <span class='ocrx_word' id='word_1_692' title='bbox 3524 3867 3669 3921; x_wconf 89' lang='lat' dir='ltr'><strong>enim</strong></span> 
     </span>
    </p>
   </div>
   <div class='ocr_carea' id='block_1_89' title="bbox 2076 3960 3669 4032">
    <p class='ocr_par' dir='ltr' id='par_1_89' title="bbox 2076 3960 3669 4032">
     <span class='ocr_line' id='line_1_89' title="bbox 2076 3960 3669 4032; baseline -0.001 -16"><span class='ocrx_word' id='word_1_693' title='bbox 2076 3963 2215 4016; x_wconf 83' lang='lat' dir='ltr'><strong>idem</strong></span> <span class='ocrx_word' id='word_1_694' title='bbox 2246 3970 2348 4024; x_wconf 62' lang='lat' dir='ltr'><strong>est,</strong></span> <span class='ocrx_word' id='word_1_695' title='bbox 2376 3976 2499 4016; x_wconf 90' lang='lat' dir='ltr'><strong>cum</strong></span> <span class='ocrx_word' id='word_1_696' title='bbox 2534 3962 2890 4031; x_wconf 88' lang='lat' dir='ltr'><strong>principatum</strong></span> <span class='ocrx_word' id='word_1_697' title='bbox 2914 3960 3209 4029; x_wconf 86' lang='lat' dir='ltr'><strong>acceperis,</strong></span> <span class='ocrx_word' id='word_1_698' title='bbox 3243 3961 3391 4015; x_wconf 92' lang='lat' dir='ltr'><strong>illum</strong></span> <span class='ocrx_word' id='word_1_699' title='bbox 3415 3960 3669 4032; x_wconf 85' lang='lat' dir='ltr'><strong>prodere,</strong></span> 
     </span>
    </p>
   </div>
   <div class='ocr_carea' id='block_1_90' title="bbox 2074 4051 3671 4126">
    <p class='ocr_par' dir='ltr' id='par_1_90' title="bbox 2074 4051 3671 4126">
     <span class='ocr_line' id='line_1_90' title="bbox 2074 4051 3671 4126; baseline -0.003 -17"><span class='ocrx_word' id='word_1_700' title='bbox 2074 4066 2234 4126; x_wconf 88' lang='lat' dir='ltr'><strong>atque</strong></span> <span class='ocrx_word' id='word_1_701' title='bbox 2265 4055 2418 4110; x_wconf 88' lang='lat' dir='ltr'><strong>initio</strong></span> <span class='ocrx_word' id='word_1_702' title='bbox 2448 4069 2553 4110; x_wconf 91' lang='lat' dir='ltr'><strong>non</strong></span> <span class='ocrx_word' id='word_1_703' title='bbox 2583 4053 2881 4125; x_wconf 80' lang='lat' dir='ltr'><strong>accepisse.</strong></span> <span class='ocrx_word' id='word_1_704' title='bbox 2916 4052 3047 4122; x_wconf 77' lang='lat' dir='ltr'><strong>Regi</strong></span> <span class='ocrx_word' id='word_1_705' title='bbox 3077 4053 3397 4107; x_wconf 60' lang='lat' dir='ltr'><strong>satellitibus</strong></span> <span class='ocrx_word' id='word_1_706' title='bbox 3429 4052 3541 4107; x_wconf 89' lang='lat' dir='ltr'><strong>suis</strong></span> <span class='ocrx_word' id='word_1_707' title='bbox 3569 4051 3671 4106; x_wconf 86' lang='lat' dir='ltr'><strong>de-</strong></span> 
     </span>
    </p>
   </div>
   <div class='ocr_carea' id='block_1_91' title="bbox 2075 4144 3668 4216">
    <p class='ocr_par' dir='ltr' id='par_1_91' title="bbox 2075 4144 3668 4216">
     <span class='ocr_line' id='line_1_91' title="bbox 2075 4144 3668 4216; baseline -0.002 -15"><span class='ocrx_word' id='word_1_708' title='bbox 2075 4147 2258 4201; x_wconf 81' lang='lat' dir='ltr'><strong>leriori</strong></span> <span class='ocrx_word' id='word_1_709' title='bbox 2291 4147 2458 4200; x_wconf 84' lang='lat' dir='ltr'><strong>satius</strong></span> <span class='ocrx_word' id='word_1_710' title='bbox 2494 4155 2610 4201; x_wconf 78' lang='lat' dir='ltr'><strong>emt</strong></span> <span class='ocrx_word' id='word_1_711' title='bbox 2656 4160 2832 4216; x_wconf 86' lang='lat' dir='ltr'><strong>neque</strong></span> <span class='ocrx_word' id='word_1_712' title='bbox 2868 4159 3102 4215; x_wconf 88' lang='lat' dir='ltr'><strong>purpura</strong></span> <span class='ocrx_word' id='word_1_713' title='bbox 3141 4159 3202 4199; x_wconf 85' lang='lat' dir='ltr'><strong>se</strong></span> <span class='ocrx_word' id='word_1_714' title='bbox 3233 4144 3492 4199; x_wconf 77' lang='lat' dir='ltr'><strong>induisse.</strong></span> <span class='ocrx_word' id='word_1_715' title='bbox 3524 4144 3668 4199; x_wconf 92' lang='lat' dir='ltr'><strong>Idem</strong></span> 
     </span>
    </p>
   </div>
   <div class='ocr_carea' id='block_1_92' title="bbox 2077 4236 3671 4307">
    <p class='ocr_par' dir='ltr' id='par_1_92' title="bbox 2077 4236 3671 4307">
     <span class='ocr_line' id='line_1_92' title="bbox 2077 4236 3671 4307; baseline -0.001 -14"><span class='ocrx_word' id='word_1_716' title='bbox 2077 4239 2178 4294; x_wconf 89' lang='lat' dir='ltr'><strong>hac</strong></span> <span class='ocrx_word' id='word_1_717' title='bbox 2213 4240 2266 4293; x_wconf 92' lang='lat' dir='ltr'><strong>in</strong></span> <span class='ocrx_word' id='word_1_718' title='bbox 2297 4252 2356 4294; x_wconf 86' lang='lat' dir='ltr'><strong>re</strong></span> <span class='ocrx_word' id='word_1_719' title='bbox 2385 4237 2585 4293; x_wconf 89' lang='lat' dir='ltr'><strong>evenit.</strong></span> <span class='ocrx_word' id='word_1_720' title='bbox 2615 4237 2983 4307; x_wconf 86' lang='lat' dir='ltr'><strong>lntelligentes</strong></span> <span class='ocrx_word' id='word_1_721' title='bbox 3014 4236 3175 4304; x_wconf 75' lang='lat' dir='ltr'><strong>igitur</strong></span> <span class='ocrx_word' id='word_1_722' title='bbox 3214 4236 3294 4291; x_wconf 88' lang='lat' dir='ltr'><strong>vel</strong></span> <span class='ocrx_word' id='word_1_723' title='bbox 3340 4236 3506 4291; x_wconf 80' lang='lat' dir='ltr'><strong>ltl‘tttis</strong></span> <span class='ocrx_word' id='word_1_724' title='bbox 3539 4237 3671 4306; x_wconf 62' lang='lat' dir='ltr'><strong>ipsis</strong></span> 
     </span>
    </p>
   </div>
   <div class='ocr_carea' id='block_1_93' title="bbox 2075 4328 3672 4395">
    <p class='ocr_par' dir='ltr' id='par_1_93' title="bbox 2075 4328 3672 4395">
     <span class='ocr_line' id='line_1_93' title="bbox 2075 4328 3672 4395; baseline -0.003 -8"><span class='ocrx_word' id='word_1_725' title='bbox 2075 4348 2176 4387; x_wconf 90' lang='lat' dir='ltr'><strong>nos</strong></span> <span class='ocrx_word' id='word_1_726' title='bbox 2205 4346 2327 4387; x_wconf 88' lang='lat' dir='ltr'><strong>esse</strong></span> <span class='ocrx_word' id='word_1_727' title='bbox 2375 4330 2676 4386; x_wconf 90' lang='lat' dir='ltr'><strong>deteriores</strong></span> <span class='ocrx_word' id='word_1_728' title='bbox 2701 4370 2717 4395; x_wconf 90' lang='lat'><strong>,</strong></span> <span class='ocrx_word' id='word_1_729' title='bbox 2749 4329 2851 4384; x_wconf 89' lang='lat' dir='ltr'><strong>nisi</strong></span> <span class='ocrx_word' id='word_1_730' title='bbox 2883 4329 3138 4384; x_wconf 87' lang='lat' dir='ltr'><strong>virtutem</strong></span> <span class='ocrx_word' id='word_1_731' title='bbox 3168 4328 3462 4384; x_wconf 87' lang='lat' dir='ltr'><strong>habeamus</strong></span> <span class='ocrx_word' id='word_1_732' title='bbox 3486 4370 3504 4395; x_wconf 89' lang='lat'><strong>,</strong></span> <span class='ocrx_word' id='word_1_733' title='bbox 3547 4328 3672 4382; x_wconf 89' lang='lat' dir='ltr'><strong>huic</strong></span> 
     </span>
    </p>
   </div>
   <div class='ocr_carea' id='block_1_94' title="bbox 2076 4420 3672 4491">
    <p class='ocr_par' dir='ltr' id='par_1_94' title="bbox 2076 4420 3672 4491">
     <span class='ocr_line' id='line_1_94' title="bbox 2076 4420 3672 4491; baseline -0.003 -13"><span class='ocrx_word' id='word_1_734' title='bbox 2076 4421 2395 4478; x_wconf 65' lang='lat' dir='ltr'><strong>exercenda:</strong></span> <span class='ocrx_word' id='word_1_735' title='bbox 2423 4436 2645 4491; x_wconf 88' lang='lat' dir='ltr'><strong>operam</strong></span> <span class='ocrx_word' id='word_1_736' title='bbox 2673 4420 2865 4476; x_wconf 86' lang='lat' dir='ltr'><strong>demus</strong></span> <span class='ocrx_word' id='word_1_737' title='bbox 2888 4460 2906 4488; x_wconf 97' lang='lat'><strong>,</strong></span> <span class='ocrx_word' id='word_1_738' title='bbox 2949 4430 3007 4474; x_wconf 92' lang='lat' dir='ltr'><strong>nt</strong></span> <span class='ocrx_word' id='word_1_739' title='bbox 3050 4420 3299 4476; x_wconf 90' lang='lat' dir='ltr'><strong>homines</strong></span> <span class='ocrx_word' id='word_1_740' title='bbox 3331 4420 3550 4485; x_wconf 82' lang='lat' dir='ltr'><strong>liamns,</strong></span> <span class='ocrx_word' id='word_1_741' title='bbox 3587 4421 3672 4473; x_wconf 82' lang='lat' dir='ltr'><strong>\el</strong></span> 
     </span>
    </p>
   </div>
   <div class='ocr_carea' id='block_1_95' title="bbox 2079 4511 3677 4584">
    <p class='ocr_par' dir='ltr' id='par_1_95' title="bbox 2079 4511 3677 4584">
     <span class='ocr_line' id='line_1_95' title="bbox 2079 4511 3677 4584; baseline -0.001 -17"><span class='ocrx_word' id='word_1_742' title='bbox 2079 4514 2256 4584; x_wconf 74' lang='lat' dir='ltr'><strong>potius</strong></span> <span class='ocrx_word' id='word_1_743' title='bbox 2281 4512 2491 4582; x_wconf 87' lang='lat' dir='ltr'><strong>angeli;</strong></span> <span class='ocrx_word' id='word_1_744' title='bbox 2525 4511 2913 4582; x_wconf 80' lang='lat' dir='ltr'><strong>promissisque</strong></span> <span class='ocrx_word' id='word_1_745' title='bbox 2943 4511 3098 4567; x_wconf 87' lang='lat' dir='ltr'><strong>bonis</strong></span> <span class='ocrx_word' id='word_1_746' title='bbox 3128 4512 3389 4573; x_wconf 70' lang='lat' dir='ltr'><strong>fruamur.</strong></span> <span class='ocrx_word' id='word_1_747' title='bbox 3420 4512 3589 4582; x_wconf 87' lang='lat' dir='ltr'><strong>gratia</strong></span> <span class='ocrx_word' id='word_1_748' title='bbox 3619 4520 3677 4566; x_wconf 85' lang='lat' dir='ltr'><strong>ct</strong></span> 
     </span>
    </p>
   </div>
   <div class='ocr_carea' id='block_1_96' title="bbox 2079 4603 3675 4677">
    <p class='ocr_par' dir='ltr' id='par_1_96' title="bbox 2079 4603 3675 4677">
     <span class='ocr_line' id='line_1_96' title="bbox 2079 4603 3675 4677; baseline -0.004 -14"><span class='ocrx_word' id='word_1_749' title='bbox 2079 4608 2409 4677; x_wconf 87' lang='lat' dir='ltr'><strong>benignitate</strong></span> <span class='ocrx_word' id='word_1_750' title='bbox 2434 4605 2645 4660; x_wconf 86' lang='lat' dir='ltr'><strong>Domini</strong></span> <span class='ocrx_word' id='word_1_751' title='bbox 2675 4604 2843 4660; x_wconf 82' lang='lat' dir='ltr'><strong>nostri</strong></span> <span class='ocrx_word' id='word_1_752' title='bbox 2869 4603 2998 4659; x_wconf 84' lang='lat' dir='ltr'><strong>Iesu</strong></span> <span class='ocrx_word' id='word_1_753' title='bbox 3022 4603 3241 4671; x_wconf 82' lang='lat' dir='ltr'><strong>Christi,</strong></span> <span class='ocrx_word' id='word_1_754' title='bbox 3265 4604 3350 4658; x_wconf 86' lang='lat' dir='ltr'><strong>cui</strong></span> <span class='ocrx_word' id='word_1_755' title='bbox 3372 4620 3491 4658; x_wconf 87' lang='lat' dir='ltr'><strong>cum</strong></span> <span class='ocrx_word' id='word_1_756' title='bbox 3519 4603 3675 4658; x_wconf 81' lang='lat' dir='ltr'><strong>Patre</strong></span> 
     </span>
    </p>
   </div>
   <div class='ocr_carea' id='block_1_97' title="bbox 2077 4696 3674 4771">
    <p class='ocr_par' dir='ltr' id='par_1_97' title="bbox 2077 4696 3674 4771">
     <span class='ocr_line' id='line_1_97' title="bbox 2077 4696 3674 4771; baseline -0.002 -15"><span class='ocrx_word' id='word_1_757' title='bbox 2077 4710 2132 4756; x_wconf 92' lang='lat' dir='ltr'><strong>et</strong></span> <span class='ocrx_word' id='word_1_758' title='bbox 2162 4701 2364 4771; x_wconf 86' lang='lat' dir='ltr'><strong>Spiritu</strong></span> <span class='ocrx_word' id='word_1_759' title='bbox 2408 4708 2598 4754; x_wconf 88' lang='lat' dir='ltr'><strong>saneto</strong></span> <span class='ocrx_word' id='word_1_760' title='bbox 2634 4698 2830 4769; x_wconf 90' lang='lat' dir='ltr'><strong>gloria,</strong></span> <span class='ocrx_word' id='word_1_761' title='bbox 2873 4696 3181 4767; x_wconf 88' lang='lat' dir='ltr'><strong>imperium,</strong></span> <span class='ocrx_word' id='word_1_762' title='bbox 3214 4697 3418 4765; x_wconf 90' lang='lat' dir='ltr'><strong>honor,</strong></span> <span class='ocrx_word' id='word_1_763' title='bbox 3448 4714 3590 4753; x_wconf 79' lang='lat' dir='ltr'><strong>llllttc</strong></span> <span class='ocrx_word' id='word_1_764' title='bbox 3619 4704 3674 4753; x_wconf 88' lang='lat' dir='ltr'><strong>et</strong></span> 
     </span>
    </p>
   </div>
   <div class='ocr_carea' id='block_1_98' title="bbox 2078 4791 3312 4866">
    <p class='ocr_par' dir='ltr' id='par_1_98' title="bbox 2078 4791 3312 4866">
     <span class='ocr_line' id='line_1_98' title="bbox 2078 4791 3312 4866; baseline -0.005 -16"><span class='ocrx_word' id='word_1_765' title='bbox 2078 4809 2325 4866; x_wconf 89' lang='lat' dir='ltr'><strong>semper,</strong></span> <span class='ocrx_word' id='word_1_766' title='bbox 2352 4803 2406 4849; x_wconf 91' lang='lat' dir='ltr'><strong>et</strong></span> <span class='ocrx_word' id='word_1_767' title='bbox 2432 4791 2486 4848; x_wconf 90' lang='lat' dir='ltr'><strong>in</strong></span> <span class='ocrx_word' id='word_1_768' title='bbox 2514 4791 2710 4849; x_wconf 66' lang='lat' dir='ltr'><strong>sarcula</strong></span> <span class='ocrx_word' id='word_1_769' title='bbox 2736 4792 3087 4849; x_wconf 67' lang='lat' dir='ltr'><strong>saeculorum.</strong></span> <span class='ocrx_word' id='word_1_770' title='bbox 3119 4792 3312 4845; x_wconf 80' lang='lat' dir='ltr'><strong>Amen.</strong></span> 
     </span>
    </p>
   </div>
   <div class='ocr_carea' id='block_1_99' title="bbox 1713 5061 2282 5126">
    <p class='ocr_par' dir='ltr' id='par_1_99' title="bbox 1713 5061 2282 5126">
     <span class='ocr_line' id='line_1_99' title="bbox 1713 5061 2282 5126; baseline 0.004 -5"><span class='ocrx_word' id='word_1_771' title='bbox 1713 5061 2059 5126; x_wconf 73' lang='lat' dir='ltr'><strong>HOMILIA</strong></span> <span class='ocrx_word' id='word_1_772' title='bbox 2106 5063 2282 5125; x_wconf 87' lang='lat' dir='ltr'><strong>VIII.</strong></span> 
     </span>
    </p>
   </div>
   <div class='ocr_carea' id='block_1_100' title="bbox 348 5208 1973 5283">
    <p class='ocr_par' dir='ltr' id='par_1_100' title="bbox 348 5208 1973 5283">
     <span class='ocr_line' id='line_1_100' title="bbox 348 5208 1973 5283; baseline -0.008 -7"><span class='ocrx_word' id='word_1_773' title='bbox 348 5221 497 5280; x_wconf 69' lang='lat' dir='ltr'><strong>CAP.</strong></span> <span class='ocrx_word' id='word_1_774' title='bbox 535 5217 585 5272; x_wconf 86' lang='lat'><strong>2.</strong></span> <span class='ocrx_word' id='word_1_775' title='bbox 618 5233 668 5269; x_wconf 91' lang='lat' dir='ltr'><strong>v.</strong></span> <span class='ocrx_word' id='word_1_776' title='bbox 706 5214 791 5270; x_wconf 73' lang='lat'><strong>1‘2.</strong></span> <span class='ocrx_word' id='word_1_777' title='bbox 820 5212 1023 5283; x_wconf 80' lang='lat' dir='ltr'><strong>Itaque,</strong></span> <span class='ocrx_word' id='word_1_778' title='bbox 1049 5208 1298 5265; x_wconf 76' lang='lat' dir='ltr'><strong>carissimi</strong></span> <span class='ocrx_word' id='word_1_779' title='bbox 1327 5209 1444 5274; x_wconf 82' lang='lat' dir='ltr'><strong>mei,</strong></span> <span class='ocrx_word' id='word_1_780' title='bbox 1473 5208 1602 5261; x_wconf 78' lang='lat' dir='ltr'><strong>sicut</strong></span> <span class='ocrx_word' id='word_1_781' title='bbox 1631 5224 1828 5278; x_wconf 72' lang='lat' dir='ltr'><strong>semper</strong></span> <span class='ocrx_word' id='word_1_782' title='bbox 1857 5210 1973 5264; x_wconf 86' lang='lat' dir='ltr'><strong>obe-</strong></span> 
     </span>
    </p>
   </div>
   <div class='ocr_carea' id='block_1_101' title="bbox 432 5299 1974 5376">
    <p class='ocr_par' dir='ltr' id='par_1_101' title="bbox 432 5299 1974 5376">
     <span class='ocr_line' id='line_1_101' title="bbox 432 5299 1974 5376; baseline -0.007 -10"><span class='ocrx_word' id='word_1_783' title='bbox 432 5311 590 5367; x_wconf 73' lang='lat' dir='ltr'><strong>distis</strong></span> <span class='ocrx_word' id='word_1_784' title='bbox 611 5350 626 5373; x_wconf 90' lang='lat'><strong>,</strong></span> <span class='ocrx_word' id='word_1_785' title='bbox 661 5326 763 5361; x_wconf 89' lang='lat' dir='ltr'><strong>non</strong></span> <span class='ocrx_word' id='word_1_786' title='bbox 809 5311 860 5361; x_wconf 84' lang='lat' dir='ltr'><strong>in</strong></span> <span class='ocrx_word' id='word_1_787' title='bbox 900 5304 1171 5376; x_wconf 72' lang='lat' dir='ltr'><strong>prazsentia</strong></span> <span class='ocrx_word' id='word_1_788' title='bbox 1217 5301 1313 5356; x_wconf 87' lang='lat' dir='ltr'><strong>mei</strong></span> <span class='ocrx_word' id='word_1_789' title='bbox 1357 5311 1589 5364; x_wconf 71' lang='lat' dir='ltr'><strong>toruum,</strong></span> <span class='ocrx_word' id='word_1_790' title='bbox 1621 5299 1711 5353; x_wconf 73' lang='lat' dir='ltr'><strong>sed</strong></span> <span class='ocrx_word' id='word_1_791' title='bbox 1739 5309 1786 5353; x_wconf 90' lang='lat' dir='ltr'><strong>et</strong></span> <span class='ocrx_word' id='word_1_792' title='bbox 1815 5299 1974 5355; x_wconf 87' lang='lat' dir='ltr'><strong>multo</strong></span> 
     </span>
    </p>
   </div>
   <div class='ocr_carea' id='block_1_102' title="bbox 436 5397 1975 5475">
    <p class='ocr_par' dir='ltr' id='par_1_102' title="bbox 436 5397 1975 5475">
     <span class='ocr_line' id='line_1_102' title="bbox 436 5397 1975 5475; baseline -0.008 -14"><span class='ocrx_word' id='word_1_793' title='bbox 436 5406 609 5475; x_wconf 72' lang='lat' dir='ltr'><strong>magis</strong></span> <span class='ocrx_word' id='word_1_794' title='bbox 638 5419 772 5457; x_wconf 87' lang='lat' dir='ltr'><strong>nunc</strong></span> <span class='ocrx_word' id='word_1_795' title='bbox 800 5403 852 5455; x_wconf 91' lang='lat' dir='ltr'><strong>in</strong></span> <span class='ocrx_word' id='word_1_796' title='bbox 879 5397 1107 5454; x_wconf 75' lang='lat' dir='ltr'><strong>absentia</strong></span> <span class='ocrx_word' id='word_1_797' title='bbox 1142 5415 1253 5453; x_wconf 83' lang='lat' dir='ltr'><strong>mea</strong></span> <span class='ocrx_word' id='word_1_798' title='bbox 1274 5438 1291 5464; x_wconf 95' lang='lat'><strong>,</strong></span> <span class='ocrx_word' id='word_1_799' title='bbox 1319 5413 1433 5450; x_wconf 89' lang='lat' dir='ltr'><strong>cum</strong></span> <span class='ocrx_word' id='word_1_800' title='bbox 1467 5397 1646 5449; x_wconf 84' lang='lat' dir='ltr'><strong>timore</strong></span> <span class='ocrx_word' id='word_1_801' title='bbox 1671 5405 1716 5448; x_wconf 87' lang='lat' dir='ltr'><strong>et</strong></span> <span class='ocrx_word' id='word_1_802' title='bbox 1759 5405 1975 5448; x_wconf 85' lang='lat' dir='ltr'><strong>tremore</strong></span> 
     </span>
    </p>
   </div>
   <div class='ocr_carea' id='block_1_103' title="bbox 433 5486 1973 5560">
    <p class='ocr_par' dir='ltr' id='par_1_103' title="bbox 433 5486 1973 5560">
     <span class='ocr_line' id='line_1_103' title="bbox 433 5486 1973 5560; baseline -0.012 -6"><span class='ocrx_word' id='word_1_803' title='bbox 433 5508 661 5554; x_wconf 74' lang='lat' dir='ltr'><strong>mttunt</strong></span> <span class='ocrx_word' id='word_1_804' title='bbox 702 5494 914 5548; x_wconf 79' lang='lat' dir='ltr'><strong>salutem</strong></span> <span class='ocrx_word' id='word_1_805' title='bbox 945 5491 1251 5560; x_wconf 73' lang='lat' dir='ltr'><strong>operamini.</strong></span> <span class='ocrx_word' id='word_1_806' title='bbox 1288 5489 1373 5545; x_wconf 74' lang='lat' dir='ltr'><strong>I3.</strong></span> <span class='ocrx_word' id='word_1_807' title='bbox 1408 5486 1546 5541; x_wconf 75' lang='lat' dir='ltr'><strong>Deus</strong></span> <span class='ocrx_word' id='word_1_808' title='bbox 1574 5496 1647 5540; x_wconf 80' lang='lat' dir='ltr'><strong>est</strong></span> <span class='ocrx_word' id='word_1_809' title='bbox 1686 5487 1818 5539; x_wconf 80' lang='lat' dir='ltr'><strong>enim</strong></span> <span class='ocrx_word' id='word_1_810' title='bbox 1838 5526 1854 5551; x_wconf 90' lang='lat'><strong>,</strong></span> <span class='ocrx_word' id='word_1_811' title='bbox 1889 5486 1973 5555; x_wconf 85' lang='lat' dir='ltr'><strong>qui</strong></span> 
     </span>
    </p>
   </div>
   <div class='ocr_carea' id='block_1_104' title="bbox 432 5577 1974 5661">
    <p class='ocr_par' dir='ltr' id='par_1_104' title="bbox 432 5577 1974 5661">
     <span class='ocr_line' id='line_1_104' title="bbox 432 5577 1974 5661; baseline -0.012 -14"><span class='ocrx_word' id='word_1_812' title='bbox 432 5599 684 5661; x_wconf 82' lang='lat' dir='ltr'><strong>operatur</strong></span> <span class='ocrx_word' id='word_1_813' title='bbox 720 5588 773 5640; x_wconf 88' lang='lat' dir='ltr'><strong>in</strong></span> <span class='ocrx_word' id='word_1_814' title='bbox 813 5585 953 5638; x_wconf 74' lang='lat' dir='ltr'><strong>vobis</strong></span> <span class='ocrx_word' id='word_1_815' title='bbox 990 5592 1034 5637; x_wconf 81' lang='lat' dir='ltr'><strong>et</strong></span> <span class='ocrx_word' id='word_1_816' title='bbox 1064 5582 1188 5636; x_wconf 81' lang='lat' dir='ltr'><strong>velle</strong></span> <span class='ocrx_word' id='word_1_817' title='bbox 1216 5591 1261 5635; x_wconf 86' lang='lat' dir='ltr'><strong>et</strong></span> <span class='ocrx_word' id='word_1_818' title='bbox 1288 5579 1491 5650; x_wconf 84' lang='lat' dir='ltr'><strong>operari</strong></span> <span class='ocrx_word' id='word_1_819' title='bbox 1524 5595 1616 5647; x_wconf 79' lang='lat' dir='ltr'><strong>pro</strong></span> <span class='ocrx_word' id='word_1_820' title='bbox 1640 5577 1771 5631; x_wconf 85' lang='lat' dir='ltr'><strong>bona</strong></span> <span class='ocrx_word' id='word_1_821' title='bbox 1798 5577 1974 5631; x_wconf 77' lang='lat' dir='ltr'><strong>volun-</strong></span> 
     </span>
    </p>
   </div>
   <div class='ocr_carea' id='block_1_105' title="bbox 436 5670 1974 5743">
    <p class='ocr_par' dir='ltr' id='par_1_105' title="bbox 436 5670 1974 5743">
     <span class='ocr_line' id='line_1_105' title="bbox 436 5670 1974 5743; baseline -0.011 -4"><span class='ocrx_word' id='word_1_822' title='bbox 436 5692 567 5740; x_wconf 80' lang='lat' dir='ltr'><strong>tate.</strong></span> <span class='ocrx_word' id='word_1_823' title='bbox 610 5681 694 5734; x_wconf 76' lang='lat' dir='ltr'><strong>H.</strong></span> <span class='ocrx_word' id='word_1_824' title='bbox 730 5676 920 5732; x_wconf 86' lang='lat' dir='ltr'><strong>Omnia</strong></span> <span class='ocrx_word' id='word_1_825' title='bbox 959 5685 1127 5728; x_wconf 83' lang='lat' dir='ltr'><strong>autent</strong></span> <span class='ocrx_word' id='word_1_826' title='bbox 1163 5674 1314 5743; x_wconf 79' lang='lat' dir='ltr'><strong>facile</strong></span> <span class='ocrx_word' id='word_1_827' title='bbox 1340 5672 1449 5726; x_wconf 72' lang='lat' dir='ltr'><strong>sine</strong></span> <span class='ocrx_word' id='word_1_828' title='bbox 1491 5670 1974 5724; x_wconf 81' lang='lat' dir='ltr'><strong>nmrmumtionibus</strong></span> 
     </span>
    </p>
   </div>
   <div class='ocr_carea' id='block_1_106' title="bbox 431 5764 1975 5834">
    <p class='ocr_par' dir='ltr' id='par_1_106' title="bbox 431 5764 1975 5834">
     <span class='ocr_line' id='line_1_106' title="bbox 431 5764 1975 5834; baseline -0.012 -1"><span class='ocrx_word' id='word_1_829' title='bbox 431 5787 486 5833; x_wconf 76' lang='lat' dir='ltr'><strong>et</strong></span> <span class='ocrx_word' id='word_1_830' title='bbox 519 5771 955 5834; x_wconf 62' lang='lat' dir='ltr'><strong>haesitationibua,</strong></span> <span class='ocrx_word' id='word_1_831' title='bbox 1005 5768 1088 5824; x_wconf 78' lang='lat' dir='ltr'><strong>I5.</strong></span> <span class='ocrx_word' id='word_1_832' title='bbox 1137 5777 1187 5821; x_wconf 86' lang='lat' dir='ltr'><strong>ut</strong></span> <span class='ocrx_word' id='word_1_833' title='bbox 1216 5768 1326 5821; x_wconf 77' lang='lat' dir='ltr'><strong>silis</strong></span> <span class='ocrx_word' id='word_1_834' title='bbox 1361 5766 1476 5820; x_wconf 70' lang='lat' dir='ltr'><strong>sine</strong></span> <span class='ocrx_word' id='word_1_835' title='bbox 1510 5766 1751 5834; x_wconf 77' lang='lat' dir='ltr'><strong>querela,</strong></span> <span class='ocrx_word' id='word_1_836' title='bbox 1783 5773 1827 5817; x_wconf 86' lang='lat' dir='ltr'><strong>et</strong></span> <span class='ocrx_word' id='word_1_837' title='bbox 1853 5764 1975 5818; x_wconf 77' lang='lat' dir='ltr'><strong>sim-</strong></span> 
     </span>
    </p>
   </div>
   <div class='ocr_carea' id='block_1_107' title="bbox 435 5858 1974 5942">
    <p class='ocr_par' dir='ltr' id='par_1_107' title="bbox 435 5858 1974 5942">
     <span class='ocr_line' id='line_1_107' title="bbox 435 5858 1974 5942; baseline -0.009 -19"><span class='ocrx_word' id='word_1_838' title='bbox 435 5872 603 5942; x_wconf 77' lang='lat' dir='ltr'><strong>plices</strong></span> <span class='ocrx_word' id='word_1_839' title='bbox 621 5909 634 5931; x_wconf 81' lang='lat'><strong>,</strong></span> <span class='ocrx_word' id='word_1_840' title='bbox 664 5868 758 5935; x_wconf 74' lang='lat' dir='ltr'><strong>lilii</strong></span> <span class='ocrx_word' id='word_1_841' title='bbox 798 5864 894 5920; x_wconf 74' lang='lat' dir='ltr'><strong>Dei</strong></span> <span class='ocrx_word' id='word_1_842' title='bbox 924 5865 1031 5919; x_wconf 73' lang='lat' dir='ltr'><strong>sine.</strong></span> <span class='ocrx_word' id='word_1_843' title='bbox 1057 5860 1446 5930; x_wconf 71' lang='lat' dir='ltr'><strong>reprehensione</strong></span> <span class='ocrx_word' id='word_1_844' title='bbox 1482 5859 1533 5911; x_wconf 91' lang='lat' dir='ltr'><strong>in</strong></span> <span class='ocrx_word' id='word_1_845' title='bbox 1562 5859 1726 5911; x_wconf 80' lang='lat' dir='ltr'><strong>medio</strong></span> <span class='ocrx_word' id='word_1_846' title='bbox 1754 5858 1974 5912; x_wconf 79' lang='lat' dir='ltr'><strong>nationis</strong></span> 
     </span>
    </p>
   </div>
   <div class='ocr_carea' id='block_1_108' title="bbox 430 5951 1972 6033">
    <p class='ocr_par' dir='ltr' id='par_1_108' title="bbox 430 5951 1972 6033">
     <span class='ocr_line' id='line_1_108' title="bbox 430 5951 1972 6033; baseline -0.008 -18"><span class='ocrx_word' id='word_1_847' title='bbox 430 5976 617 6033; x_wconf 70' lang='lat' dir='ltr'><strong>prava!</strong></span> <span class='ocrx_word' id='word_1_848' title='bbox 643 5968 690 6011; x_wconf 82' lang='lat' dir='ltr'><strong>et</strong></span> <span class='ocrx_word' id='word_1_849' title='bbox 719 5972 966 6029; x_wconf 64' lang='grc' dir='ltr'><strong>γίγνει-δατ</strong></span> <span class='ocrx_word' id='word_1_850' title='bbox 984 5994 1001 6022; x_wconf 83' lang='grc'><strong><em>,</em></strong></span> <span class='ocrx_word' id='word_1_851' title='bbox 1030 5954 1161 6008; x_wconf 84' lang='lat' dir='ltr'><strong>inter</strong></span> <span class='ocrx_word' id='word_1_852' title='bbox 1186 5969 1309 6024; x_wconf 75' lang='lat' dir='ltr'><strong>quos</strong></span> <span class='ocrx_word' id='word_1_853' title='bbox 1338 5951 1510 6007; x_wconf 67' lang='lat' dir='ltr'><strong>lucetis</strong></span> <span class='ocrx_word' id='word_1_854' title='bbox 1540 5952 1672 6006; x_wconf 73' lang='lat' dir='ltr'><strong>sicut</strong></span> <span class='ocrx_word' id='word_1_855' title='bbox 1698 5951 1972 6005; x_wconf 77' lang='lat' dir='ltr'><strong>luminaria</strong></span> 
     </span>
    </p>
   </div>
   <div class='ocr_carea' id='block_1_109' title="bbox 2157 5197 3678 5272">
    <p class='ocr_par' dir='ltr' id='par_1_109' title="bbox 2157 5197 3678 5272">
     <span class='ocr_line' id='line_1_109' title="bbox 2157 5197 3678 5272; baseline -0.007 -10"><span class='ocrx_word' id='word_1_856' title='bbox 2157 5209 2209 5264; x_wconf 88' lang='lat' dir='ltr'><strong>in</strong></span> <span class='ocrx_word' id='word_1_857' title='bbox 2239 5205 2460 5271; x_wconf 83' lang='lat' dir='ltr'><strong>mundo,</strong></span> <span class='ocrx_word' id='word_1_858' title='bbox 2508 5203 2595 5259; x_wconf 80' lang='grc'><strong>16.</strong></span> <span class='ocrx_word' id='word_1_859' title='bbox 2639 5201 2842 5258; x_wconf 74' lang='lat' dir='ltr'><strong>verbum</strong></span> <span class='ocrx_word' id='word_1_860' title='bbox 2870 5201 2983 5257; x_wconf 79' lang='lat' dir='ltr'><strong>vita:</strong></span> <span class='ocrx_word' id='word_1_861' title='bbox 3017 5201 3326 5256; x_wconf 80' lang='lat' dir='ltr'><strong>continentes</strong></span> <span class='ocrx_word' id='word_1_862' title='bbox 3365 5197 3439 5254; x_wconf 77' lang='lat' dir='ltr'><strong>ad</strong></span> <span class='ocrx_word' id='word_1_863' title='bbox 3456 5199 3678 5272; x_wconf 80' lang='lat' dir='ltr'><strong>gloriam</strong></span> 
     </span>
    </p>
   </div>
   <div class='ocr_carea' id='block_1_110' title="bbox 2153 5294 2786 5354">
    <p class='ocr_par' dir='ltr' id='par_1_110' title="bbox 2153 5294 2786 5354">
     <span class='ocr_line' id='line_1_110' title="bbox 2153 5294 2786 5354; baseline -0.013 0"><span class='ocrx_word' id='word_1_864' title='bbox 2153 5317 2316 5354; x_wconf 78' lang='lat' dir='ltr'><strong>nteant</strong></span> <span class='ocrx_word' id='word_1_865' title='bbox 2343 5298 2393 5351; x_wconf 90' lang='lat' dir='ltr'><strong>in</strong></span> <span class='ocrx_word' id='word_1_866' title='bbox 2425 5296 2557 5350; x_wconf 86' lang='lat' dir='ltr'><strong>diem</strong></span> <span class='ocrx_word' id='word_1_867' title='bbox 2578 5294 2786 5350; x_wconf 79' lang='lat' dir='ltr'><strong>Christi.</strong></span> 
     </span>
    </p>
   </div>
   <div class='ocr_carea' id='block_1_111' title="bbox 2158 5381 3670 5455">
    <p class='ocr_par' dir='ltr' id='par_1_111' title="bbox 2158 5381 3670 5455">
     <span class='ocr_line' id='line_1_111' title="bbox 2158 5381 3670 5455; baseline -0.008 -6"><span class='ocrx_word' id='word_1_868' title='bbox 2158 5395 2209 5449; x_wconf 89' lang='lat' dir='ltr'><strong>I.</strong></span> <span class='ocrx_word' id='word_1_869' title='bbox 2241 5389 2650 5447; x_wconf 83' lang='lat' dir='ltr'><strong>Admonitioncs</strong></span> <span class='ocrx_word' id='word_1_870' title='bbox 2676 5384 3070 5441; x_wconf 89' lang='lat' dir='ltr'><strong>laudationibus</strong></span> <span class='ocrx_word' id='word_1_871' title='bbox 3104 5381 3466 5455; x_wconf 68' lang='lat' dir='ltr'><strong>temperandzc</strong></span> <span class='ocrx_word' id='word_1_872' title='bbox 3504 5391 3628 5437; x_wconf 82' lang='lat' dir='ltr'><strong>sunt</strong></span> <span class='ocrx_word' id='word_1_873' title='bbox 3655 5395 3670 5437; x_wconf 88' lang='lat'><strong>:</strong></span> 
     </span>
    </p>
   </div>
   <div class='ocr_carea' id='block_1_112' title="bbox 2083 5479 3673 5549">
    <p class='ocr_par' dir='ltr' id='par_1_112' title="bbox 2083 5479 3673 5549">
     <span class='ocr_line' id='line_1_112' title="bbox 2083 5479 3673 5549; baseline -0.009 -6"><span class='ocrx_word' id='word_1_874' title='bbox 2083 5504 2206 5543; x_wconf 91' lang='lat' dir='ltr'><strong>nam</strong></span> <span class='ocrx_word' id='word_1_875' title='bbox 2253 5485 2353 5540; x_wconf 85' lang='lat' dir='ltr'><strong>hoc</strong></span> <span class='ocrx_word' id='word_1_876' title='bbox 2386 5483 2546 5538; x_wconf 79' lang='lat' dir='ltr'><strong>tuodo</strong></span> <span class='ocrx_word' id='word_1_877' title='bbox 2581 5482 2633 5536; x_wconf 92' lang='lat' dir='ltr'><strong>in</strong></span> <span class='ocrx_word' id='word_1_878' title='bbox 2682 5479 2878 5535; x_wconf 89' lang='lat' dir='ltr'><strong>bonam</strong></span> <span class='ocrx_word' id='word_1_879' title='bbox 2907 5488 3112 5549; x_wconf 89' lang='lat' dir='ltr'><strong>partem</strong></span> <span class='ocrx_word' id='word_1_880' title='bbox 3153 5479 3484 5548; x_wconf 56' lang='lat' dir='ltr'><strong>accipiuntur</strong></span> <span class='ocrx_word' id='word_1_881' title='bbox 3504 5516 3520 5541; x_wconf 89' lang='lat'><strong>,</strong></span> <span class='ocrx_word' id='word_1_882' title='bbox 3549 5486 3673 5529; x_wconf 82' lang='lat' dir='ltr'><strong>eunt</strong></span> 
     </span>
    </p>
   </div>
   <div class='ocr_carea' id='block_1_113' title="bbox 2081 5567 3675 5649">
    <p class='ocr_par' dir='ltr' id='par_1_113' title="bbox 2081 5567 3675 5649">
     <span class='ocr_line' id='line_1_113' title="bbox 2081 5567 3675 5649; baseline -0.008 -14"><span class='ocrx_word' id='word_1_883' title='bbox 2081 5595 2179 5635; x_wconf 83' lang='lat' dir='ltr'><strong>eos</strong></span> <span class='ocrx_word' id='word_1_884' title='bbox 2203 5593 2339 5649; x_wconf 86' lang='lat' dir='ltr'><strong>quos</strong></span> <span class='ocrx_word' id='word_1_885' title='bbox 2370 5590 2655 5630; x_wconf 88' lang='lat' dir='ltr'><strong>monemus</strong></span> <span class='ocrx_word' id='word_1_886' title='bbox 2680 5615 2695 5639; x_wconf 88' lang='lat'><strong>,</strong></span> <span class='ocrx_word' id='word_1_887' title='bbox 2725 5571 2791 5627; x_wconf 87' lang='lat' dir='ltr'><strong>ad</strong></span> <span class='ocrx_word' id='word_1_888' title='bbox 2823 5586 2975 5627; x_wconf 88' lang='lat' dir='ltr'><strong>suam</strong></span> <span class='ocrx_word' id='word_1_889' title='bbox 3009 5571 3246 5640; x_wconf 88' lang='lat' dir='ltr'><strong>ipsorum</strong></span> <span class='ocrx_word' id='word_1_890' title='bbox 3276 5567 3675 5625; x_wconf 71' lang='lat' dir='ltr'><strong>atmnlationcm</strong></span> 
     </span>
    </p>
   </div>
   <div class='ocr_carea' id='block_1_114' title="bbox 2084 5660 3677 5742">
    <p class='ocr_par' dir='ltr' id='par_1_114' title="bbox 2084 5660 3677 5742">
     <span class='ocr_line' id='line_1_114' title="bbox 2084 5660 3677 5742; baseline -0.004 -19"><span class='ocrx_word' id='word_1_891' title='bbox 2084 5684 2439 5742; x_wconf 85' lang='lat' dir='ltr'><strong>provocamus</strong></span> <span class='ocrx_word' id='word_1_892' title='bbox 2464 5685 2477 5722; x_wconf 90' lang='lat'><strong>:</strong></span> <span class='ocrx_word' id='word_1_893' title='bbox 2501 5666 2644 5738; x_wconf 91' lang='lat' dir='ltr'><strong>quod</strong></span> <span class='ocrx_word' id='word_1_894' title='bbox 2679 5680 2822 5720; x_wconf 91' lang='lat' dir='ltr'><strong>nunc</strong></span> <span class='ocrx_word' id='word_1_895' title='bbox 2847 5663 3009 5719; x_wconf 85' lang='lat' dir='ltr'><strong>etiam</strong></span> <span class='ocrx_word' id='word_1_896' title='bbox 3041 5660 3239 5718; x_wconf 84' lang='lat' dir='ltr'><strong>Paulus</strong></span> <span class='ocrx_word' id='word_1_897' title='bbox 3270 5661 3413 5718; x_wconf 86' lang='lat' dir='ltr'><strong>fecit.</strong></span> <span class='ocrx_word' id='word_1_898' title='bbox 3443 5660 3677 5716; x_wconf 75' lang='lat' dir='ltr'><strong>Attende</strong></span> 
     </span>
    </p>
   </div>
   <div class='ocr_carea' id='block_1_115' title="bbox 2083 5752 3674 5828">
    <p class='ocr_par' dir='ltr' id='par_1_115' title="bbox 2083 5752 3674 5828">
     <span class='ocr_line' id='line_1_115' title="bbox 2083 5752 3674 5828; baseline -0.007 -13"><span class='ocrx_word' id='word_1_899' title='bbox 2083 5769 2261 5815; x_wconf 77' lang='lat' dir='ltr'><strong>autem</strong></span> <span class='ocrx_word' id='word_1_900' title='bbox 2294 5775 2453 5827; x_wconf 85' lang='lat' dir='ltr'><strong>quam</strong></span> <span class='ocrx_word' id='word_1_901' title='bbox 2488 5756 2797 5828; x_wconf 86' lang='lat' dir='ltr'><strong>prudenter.</strong></span> <span class='ocrx_word' id='word_1_902' title='bbox 2830 5754 3030 5826; x_wconf 82' lang='lat' dir='ltr'><strong>Itaque,</strong></span> <span class='ocrx_word' id='word_1_903' title='bbox 3059 5754 3307 5808; x_wconf 77' lang='lat' dir='ltr'><strong>carissimi</strong></span> <span class='ocrx_word' id='word_1_904' title='bbox 3333 5753 3449 5814; x_wconf 79' lang='lat' dir='ltr'><strong>mei.</strong></span> <span class='ocrx_word' id='word_1_905' title='bbox 3484 5752 3674 5822; x_wconf 88' lang='lat' dir='ltr'><strong>inquit.</strong></span> 
     </span>
    </p>
   </div>
   <div class='ocr_carea' id='block_1_116' title="bbox 2083 5843 3676 5919">
    <p class='ocr_par' dir='ltr' id='par_1_116' title="bbox 2083 5843 3676 5919">
     <span class='ocr_line' id='line_1_116' title="bbox 2083 5843 3676 5919; baseline -0.007 -10"><span class='ocrx_word' id='word_1_906' title='bbox 2083 5852 2199 5910; x_wconf 79' lang='lat' dir='ltr'><strong>Non</strong></span> <span class='ocrx_word' id='word_1_907' title='bbox 2248 5848 2351 5905; x_wconf 85' lang='lat' dir='ltr'><strong>hoc</strong></span> <span class='ocrx_word' id='word_1_908' title='bbox 2397 5850 2540 5904; x_wconf 90' lang='lat' dir='ltr'><strong>nude</strong></span> <span class='ocrx_word' id='word_1_909' title='bbox 2582 5859 2745 5919; x_wconf 85' lang='lat' dir='ltr'><strong>atque</strong></span> <span class='ocrx_word' id='word_1_910' title='bbox 2790 5847 3036 5903; x_wconf 86' lang='lat' dir='ltr'><strong>absolute</strong></span> <span class='ocrx_word' id='word_1_911' title='bbox 3081 5846 3254 5911; x_wconf 78' lang='lat' dir='ltr'><strong>dixit,</strong></span> <span class='ocrx_word' id='word_1_912' title='bbox 3282 5844 3543 5910; x_wconf 88' lang='lat' dir='ltr'><strong>Obcdite;</strong></span> <span class='ocrx_word' id='word_1_913' title='bbox 3583 5843 3676 5899; x_wconf 83' lang='lat' dir='ltr'><strong>sed</strong></span> 
     </span>
    </p>
   </div>
   <div class='ocr_carea' id='block_1_117' title="bbox 2088 5935 3669 6022">
    <p class='ocr_par' dir='ltr' id='par_1_117' title="bbox 2088 5935 3669 6022">
     <span class='ocr_line' id='line_1_117' title="bbox 2088 5935 3669 6022; baseline -0.009 -17"><span class='ocrx_word' id='word_1_914' title='bbox 2088 5961 2372 6022; x_wconf 79' lang='lat' dir='ltr'><strong>postquam</strong></span> <span class='ocrx_word' id='word_1_915' title='bbox 2412 5944 2532 6002; x_wconf 86' lang='lat' dir='ltr'><strong>illos</strong></span> <span class='ocrx_word' id='word_1_916' title='bbox 2570 5941 2844 6011; x_wconf 74' lang='lat' dir='ltr'><strong>laudavit,</strong></span> <span class='ocrx_word' id='word_1_917' title='bbox 2887 5950 3049 6015; x_wconf 83' lang='lat' dir='ltr'><strong>atque</strong></span> <span class='ocrx_word' id='word_1_918' title='bbox 3089 5955 3152 5999; x_wconf 82' lang='lat' dir='ltr'><strong>ea</strong></span> <span class='ocrx_word' id='word_1_919' title='bbox 3183 5939 3347 5997; x_wconf 84' lang='lat' dir='ltr'><strong>verba</strong></span> <span class='ocrx_word' id='word_1_920' title='bbox 3389 5935 3669 6011; x_wconf 67' lang='lat' dir='ltr'><strong>prmunisit.</strong></span> 
     </span>
    </p>
   </div>
  </div>
