4170 6510
543 376 651 431 εδει

546 491 695 544 Sicut
722 503 917 555 semper
945 484 1194 539 obcdistis.
1233 483 1284 537 Id
1316 491 1396 536 est
1416 521 1433 546 ,
1463 481 1648 534 hortor
1687 487 1846 547 atque
1889 477 2120 531 obsecro

553 596 680 643 vos,
712 589 769 632 ut
808 576 1084 632 imitemini
1125 589 1229 628 non
1269 574 1438 638 alios,
1479 573 1572 626 sed
1607 587 1700 623 vos
1727 571 1890 640 ipsius.
1927 568 2044 621 Non
2071 569 2124 620 in

549 656 814 734 prementia
837 669 933 720 mei
956 676 1151 718 tantum
1171 679 1190 719 :
1209 669 1295 718 sed
1319 665 1476 716 ntnlto
1496 663 1655 730 niagis
1677 663 1726 714 in
1747 661 1970 714 absentia
1992 677 2122 713 mea.

546 761 674 827 Cur,
708 759 874 813 Multo
899 761 1057 829 magis
1086 759 1137 810 in
1167 757 1393 812 absentia
1413 772 1521 808 mea
1541 756 1566 807 ?
1589 755 1738 808 'l‘uuc
1765 753 1979 822 quidem
2013 752 2122 806 for-

550 863 691 906 tasse
726 850 1048 904 videbamini
1093 849 1268 902 omnia
1305 848 1476 902 facere
1507 861 1602 914 pro
1632 857 1809 900 vestra
1843 845 1893 896 in
1925 859 2008 897 me
2037 859 2124 896 re-

545 943 817 1005 verentia,
863 941 1112 1012 quodque
1156 940 1284 994 mihi
1331 939 1588 994 honorem
1636 939 1942 1000 haberetis,
1985 951 2124 990 nunc

545 1049 674 1086 vero
719 1048 824 1087 non
873 1034 966 1087 ita.
1005 1031 1158 1098 Quod
1198 1030 1244 1085 si
1291 1045 1431 1085 nunc
1473 1029 1730 1097 majorem
1765 1029 1924 1083 etiam
1960 1027 2122 1080 animi

544 1121 946 1177 contentionem
968 1137 1030 1175 ac
1055 1120 1383 1190 diligentiam
1409 1119 1781 1183 ostenderitis;
1810 1117 1938 1171 illud
1964 1118 2121 1170 simul

545 1215 853 1280 constabit,
886 1223 1014 1267 tunc
1041 1227 1253 1282 quoque
1277 1210 1371 1266 Dei
1396 1226 1554 1266 causa
1583 1249 1598 1270 .
1631 1227 1734 1264 non
1765 1225 1877 1263 mea
1908 1225 2004 1262 vos
2025 1208 2122 1262 ad-

545 1303 736 1359 ductos
762 1319 902 1358 esse.
935 1305 1050 1366 Dic,
1073 1319 1218 1372 rogo.
1252 1302 1414 1356 Paule
1439 1341 1455 1367 ,
1489 1301 1613 1370 quid
1647 1302 1738 1356 tibi
1769 1301 1890 1356 vis?
1918 1300 2033 1355 Non
2064 1308 2122 1353 ut

548 1411 634 1449 me
661 1394 892 1448 audiatis
913 1435 926 1456 ,
961 1393 1052 1448 sed
1086 1403 1141 1447 ιιι
1170 1409 1290 1448 cum
1325 1392 1512 1446 timore
1542 1399 1597 1446 et
1626 1401 1858 1446 tremore
1889 1400 2120 1445 vestram

549 1488 786 1554 ipsorum
825 1487 1046 1540 salutem
1075 1484 1366 1554 operemini
1400 1501 1414 1539 :
1445 1499 1548 1538 non
1582 1491 1756 1552 potest
1781 1482 1924 1538 enim
1958 1484 2000 1536 is
2032 1483 2122 1551 qni

546 1577 662 1632 sine
693 1578 882 1631 timore
912 1576 1072 1641 vivit,
1105 1574 1422 1644 pra-clarum
1447 1575 1719 1644 quidpiam
1760 1583 1815 1630 et
1852 1574 2125 1629 admiran-

545 1671 670 1723 dum
697 1670 878 1724 edere.
907 1669 1090 1739 Neque
1116 1679 1319 1724 tantum
1346 1670 1496 1734 dixit,
1527 1668 1750 1736 Timore,
1773 1670 1868 1726 sed
1894 1669 2120 1734 addidit,

551 1761 615 1814 lt‘t
641 1769 888 1824 tremore,
916 1761 1005 1831 qui
1049 1761 1222 1832 major
1245 1761 1458 1831 quidam
1489 1772 1542 1816 et
1569 1761 1937 1816 vehementior
1965 1764 2124 1815 timor

546 1861 629 1906 est
654 1869 668 1907 :
702 1852 951 1906 nimirum
983 1852 1032 1905 id
1065 1853 1307 1915 studens,
1339 1863 1395 1906 ut
1423 1854 1541 1907 illos
1570 1855 1883 1908 attentiores
1912 1855 2118 1908 reddat.

547 1943 697 1998 llunc
727 1944 952 1998 habebat
985 1945 1230 1998 timorem
1267 1944 1458 1999 l’aulus
1487 1964 1499 1998 :
1533 1957 1814 2015 prOptcrea
1844 1949 2004 2002 etiam
2036 1948 2122 2001 di-

546 2037 700 2089 cebat
724 2053 736 2088 :
763 2035 937 2090 Timeo
967 2053 1170 2094 narum
1199 2039 1312 2091 aliis
1352 2040 1713 2105 pra'tticavcro,
1743 2043 1850 2109 ipse
1883 2042 2125 2112 reprobus

543 2128 728 2196 eﬂieiar
761 2129 835 2200 (1.
868 2127 986 2184 Cor.
1020 2128 1072 2184 9.
1115 2129 1232 2198 27).
1273 2129 1403 2184 Nam
1445 2133 1488 2184 si
1535 2149 1654 2201 qua:
1693 2133 1756 2188 ad
1791 2135 1950 2188 vitam
1990 2135 2125 2191 hanc

548 2220 845 2286 [iet-tinent,
888 2222 1004 2274 sine
1048 2222 1239 2275 timore
1284 2233 1427 2276 recte
1471 2225 1672 2294 acquiri
1719 2241 1821 2278 non
1867 2237 2120 2294 possunt,

544 2321 742 2380 quanto
771 2313 943 2365 minus
972 2313 1307 2380 Spiritualia?
1337 2314 1430 2368 Dic
1456 2316 1620 2377 enim,
1652 2317 1771 2386 quis
1802 2318 1983 2373 literas
2007 2320 2124 2374 sine

547 2406 738 2457 timore
765 2403 988 2458 didicit?
1017 2405 1136 2473 quis
1166 2414 1334 2458 artem
1370 2409 1537 2460 tenuit
1568 2408 1684 2462 sine
1715 2409 1943 2464 timore?
1971 2411 2121 2478 Quod

543 2494 590 2548 si
633 2494 720 2546 ubi
762 2510 866 2547 lion
913 2496 1153 2550 imminet
1189 2496 1469 2561 diabolus,
1503 2498 1595 2552 sed
1643 2500 1754 2553 sola
1802 2501 2121 2570 negligentia

546 2587 929 2656 impedimento
966 2597 1049 2641 est
1072 2629 1086 2651 ,
1119 2597 1267 2642 tanto
1308 2604 1442 2658 Opus
1489 2601 1568 2645 cst
1610 2591 1794 2646 labore
1818 2635 1832 2654 ,
1863 2603 1919 2646 ut
1955 2595 2122 2648 solam

544 2677 687 2730 illam
719 2678 1012 2730 naturalem
1046 2679 1418 2748 negligentiam
1451 2679 1726 2735 vincamus
1757 2699 1768 2734 :
1797 2683 1882 2737 ubi
1917 2692 2120 2738 tantum

544 2768 813 2836 impendet
842 2769 1037 2822 bellum
1063 2810 1076 2834 ,
1111 2778 1254 2822 tanta
1288 2769 1668 2840 impedimenta
1694 2813 1708 2836 ,
1743 2774 1830 2841 qui
1863 2775 1974 2828 fieri
2007 2791 2124 2829 unt-

541 2875 699 2928 quam
731 2859 923 2928 poterit
954 2868 1010 2913 ιιι
1046 2860 1162 2914 sine
1191 2861 1383 2914 timore
1422 2861 1646 2915 salutem
1691 2867 2124 2934 consequamur?

543 2949 648 3004 Sed
689 2967 790 3020 qua
833 2951 1038 3005 ratione
1080 2952 1165 3005 hic
1209 2953 1258 3004 in
1293 2953 1448 3007 nobis
1490 2955 1809 3010 excitabitur
1842 2959 2032 3012 timor?
2067 2960 2120 3014 Si

546 3044 671 3097 illud
711 3043 763 3097 in
803 3044 980 3096 animo
1020 3043 1363 3099 liibtterimus
1387 3085 1402 3111 ,
1438 3047 1633 3115 ubique
1673 3048 1864 3103 adesse
1911 3050 2120 3116 Deum,

543 3133 719 3186 onmia
745 3133 948 3198 audire,
978 3135 1155 3187 onniia
1186 3135 1388 3200 videre,
1419 3153 1521 3188 non
1551 3152 1609 3189 ea
1640 3137 1815 3190 solum
1843 3153 1960 3207 qua:
1991 3139 2124 3193 fiunt

541 3234 633 3276 aut
659 3224 909 3278 dicuntur
932 3266 948 3290 ,
979 3226 1072 3279 sed
1101 3225 1259 3280 etiam
1289 3242 1408 3295 qua:
1453 3227 1502 3280 in
1543 3227 1795 3282 eordibns
1825 3239 1876 3283 et
1909 3246 2122 3286 recessu

543 3318 736 3371 tuentis
766 3315 931 3370 latent
962 3336 974 3368 :
1009 3315 1266 3369 Discretor
1295 3319 1427 3371 enim
1468 3330 1539 3372 est
1571 3321 1930 3389 cogitationum
1960 3333 2006 3375 et
2036 3322 2120 3374 in-

539 3407 814 3461 tentionton
837 3407 1007 3460 cordis
1037 3406 1220 3476 (llebr.
1245 3409 1322 3470 4).
1358 3408 1415 3462 Si
1457 3409 1524 3462 ita
1558 3424 1654 3464 nos
1683 3411 1826 3479 ipsos
1854 3427 2122 3482 pricpara-

541 3501 796 3567 variatus,
816 3500 946 3554 nihil
967 3518 1087 3554 cum
1107 3501 1448 3570 improbitate
1472 3503 1811 3570 coniunctum
1839 3503 2119 3573 faciemus,

542 3593 673 3647 nihil
699 3591 941 3648 dicemus
965 3634 980 3658 ,
1011 3592 1141 3646 nihil
1171 3591 1545 3661 cogitabimus.
1582 3593 1674 3647 Dic
1700 3594 1843 3648 enim
1877 3595 2003 3649 mihi
2029 3638 2045 3661 ,
2075 3597 2121 3650 si

537 3683 633 3736 tibi
665 3693 921 3752 perpetuo
953 3682 1004 3736 in
1041 3691 1332 3751 conspectu
1363 3683 1618 3752 principis
1658 3683 1908 3739 standum
1936 3695 2080 3740 esset
2103 3728 2119 3748 ,

540 3790 718 3829 nonne
762 3789 884 3828 cum
925 3775 1116 3828 timore
1161 3776 1370 3828 stares?
1415 3775 1480 3829 Et
1508 3777 1596 3844 qui
1639 3777 1717 3842 fit,
1751 3786 1810 3831 ut
1845 3794 1966 3832 cum
2015 3779 2123 3831 Deo

539 3865 743 3929 adstes,
773 3864 948 3919 rideas
972 3875 1026 3918 et
1050 3864 1296 3919 osciteris
1318 3905 1332 3930 ,
1365 3881 1464 3920 nec
1495 3867 1684 3922 timeas
1711 3883 1882 3937 neque
1907 3879 2124 3924 contre-

541 3957 738 4009 iulscas
759 3954 782 4007 ?
801 3953 1144 4009 Toleratione
1165 3953 1305 4010 illius
1333 3971 1428 4026 per
1455 3969 1821 4028 comemptuin
1855 3974 1921 4013 ne
1951 3959 2126 4014 abuti-

542 4055 627 4100 tur
649 4063 662 4098 :
687 4045 808 4100 ideo
834 4045 978 4100 enim
1005 4055 1287 4102 cunctatur
1309 4086 1325 4114 ,
1357 4055 1412 4102 ιιι
1445 4057 1496 4104 te
1523 4048 1590 4104 ad
1627 4050 1991 4118 pmnitentiam
2023 4051 2121 4106 ad-

540 4137 701 4191 ducat
725 4157 738 4192 :
765 4154 938 4208 neque
973 4154 1096 4194 cum
1137 4139 1348 4209 quidvis
1389 4139 1482 4194 tibi
1527 4139 1830 4196 faciendum
1873 4152 1974 4209 est,
2007 4145 2124 4200 sine

542 4230 640 4284 hac
666 4231 985 4300 cogitatione
1027 4230 1207 4286 lacere
1233 4232 1513 4287 adducaris
1536 4275 1552 4300 ,
1579 4236 1828 4292 omnibus
1861 4237 2011 4293 factis
2039 4238 2124 4292 in-

543 4331 748 4376 teresse
795 4322 998 4386 Deum;
1050 4323 1273 4378 interest
1324 4325 1468 4379 enim
1518 4328 1760 4383 omnino.
1816 4327 1957 4398 Ergo
2009 4331 2124 4385 sive

540 4414 812 4480 comedas,
842 4414 954 4468 sive
988 4413 1275 4470 dormitum
1306 4431 1418 4483 eas,
1448 4419 1564 4475 sive
1595 4420 1862 4486 irascaris,
1891 4422 2006 4476 sive
2035 4437 2122 4474 ra-

541 4505 678 4575 pias,
709 4505 820 4560 sive
847 4504 900 4559 in
928 4506 1132 4562 deliciis
1159 4523 1308 4576 agas,
1338 4509 1450 4564 sive
1478 4510 1692 4579 quidvis
1727 4511 1874 4566 aliud
1915 4511 2080 4565 facias
2103 4550 2121 4577 ,

541 4599 703 4654 crede
731 4599 990 4655 interesse
1019 4601 1206 4667 Deum,
1227 4617 1290 4656 ac
1314 4617 1602 4672 numquam
1626 4603 1677 4656 in
1703 4603 1868 4657 risum
1892 4601 2120 4667 incides,

543 4709 830 4762 numquam
858 4693 934 4747 ira
956 4693 1286 4748 aceenderis.
1307 4692 1363 4748 Si
1392 4694 1530 4748 hanc
1552 4703 1809 4763 perpetuo
1835 4693 2123 4746 retinueris

541 4782 952 4853 cogitationem,
992 4795 1250 4854 perpetuo
1291 4785 1341 4837 iu
1373 4786 1564 4838 timore
1606 4800 1668 4838 ac
1714 4791 1948 4836 tremore
1981 4783 2122 4849 eris;

541 4877 740 4945 quippe
783 4878 872 4945 qui
919 4879 968 4930 in
1009 4886 1300 4945 conspectu
1348 4875 1508 4942 Regis
1539 4874 1737 4928 adstes.
1770 4873 2123 4941 JEdilicator,

541 4967 752 5021 etiamsi
780 4966 914 5022 bene
941 4969 1142 5038 peritus
1168 4968 1240 5021 sit
1269 4982 1332 5020 ac
1356 4966 1526 5020 bonus
1552 4967 1762 5030 artifex,
1787 4982 1908 5021 cum
1937 4968 2127 5024 timore

543 5070 724 5114 tamen
752 5075 814 5115 ac
840 5070 1072 5114 tremore
1103 5069 1208 5112 stat
1234 5067 1478 5112 metuens
1497 5097 1510 5121 ,
1541 5072 1608 5112 ne
1633 5058 1700 5112 ab
1726 5058 1954 5112 aedilicio
1979 5059 2126 5114 deci-

547 5149 658 5205 dat.
694 5151 835 5220 Ergo
864 5159 919 5205 et
944 5159 999 5203 tu
1039 5149 1128 5216 qui
1159 5147 1453 5210 credidisti,
1489 5147 1668 5202 multis
1697 5149 1905 5203 virtutis
1933 5149 2126 5205 ofliciis

545 5245 761 5297 functus
779 5259 860 5306 es,
879 5241 942 5295 ad
966 5241 1239 5294 excelsum
1260 5240 1540 5311 quemdam
1565 5241 1783 5312 gradum
1807 5242 2124 5311 pervenisti,

547 5343 598 5390 te
627 5336 801 5405 ipsum
830 5336 882 5388 in
913 5343 1026 5387 tuto
1053 5333 1268 5408 contine
1289 5375 1303 5396 ,
1337 5343 1389 5386 et
1417 5350 1536 5389 cum
1579 5335 1768 5391 timore
1795 5347 1874 5391 sta
1902 5379 1917 5402 ,
1961 5345 2123 5406 atque

542 5427 731 5481 ocuios
759 5427 904 5496 aperi
928 5465 942 5489 ,
977 5441 1043 5480 ne
1070 5425 1190 5480 inde
1217 5425 1432 5482 decidas
1456 5446 1471 5483 :
1495 5429 1656 5482 multa
1686 5429 1828 5483 enim
1859 5439 1983 5482 sunt
2011 5429 2125 5499 spi-

547 5515 756 5569 ritualia
785 5515 871 5568 illa
902 5515 1169 5586 nequitize,
1197 5533 1317 5588 quae
1347 5519 1395 5573 id
1425 5521 1663 5586 student,
1692 5531 1748 5575 ut
1772 5531 1822 5575 te
1849 5519 2122 5590 dejiciaut.

547 5607 761 5672 Servite,
787 5608 990 5677 inquit,
1017 5608 1232 5664 Domino
1264 5612 1316 5666 in
1351 5614 1528 5667 timore
1549 5654 1564 5678 ,
1590 5623 1637 5667 et
1666 5614 1912 5667 exsuttatc
1941 5613 1984 5666 ei
2010 5630 2125 5667 cum

545 5711 764 5753 tremore
791 5699 960 5769 (Psat.
990 5703 1048 5756 ἓ.
1082 5702 1186 5774 ιι).
1221 5703 1288 5759 Ει
1313 5722 1556 5773 quaenam
1588 5721 1707 5760 ρεςο
1737 5717 1910 5776 potest
1940 5707 2124 5760 exsul-

548 5791 678 5846 tatio
703 5808 824 5848 cum
845 5795 1114 5851 tremore?
1137 5797 1263 5868 quiti
1295 5796 1406 5852 bace
1431 5794 1544 5867 ipsa
1571 5797 1681 5852 sola
1710 5808 1788 5854 est
1815 5799 2120 5853 exsultatio.

1227 366 1286 423 S.
1326 365 1599 421 .lO.\N.\‘lS
1635 359 2100 419 (ιιιιιγευδτοιιι
2142 356 2458 416 ARCIIIEP.
2499 359 3036 418 CONST.\;\'TI.\'0P.

3721 359 3830 422 2.0

2239 474 2370 528 Nam
2401 475 2613 544 quando
2636 476 2850 544 aliquod
2876 477 3086 530 virtutis
3107 475 3364 542 oﬂicium,
3388 493 3450 532 ac
3475 478 3580 536 tale
3603 497 3825 538 omnino

2233 567 2504 636 quidpiam
2533 568 2961 636 przcstiterimus,
2985 568 3144 638 quale
3173 579 3592 626 consciitancum
3617 585 3696 628 est
3727 588 3826 631 eo:

2237 667 2490 726 praestare
2511 700 2525 720 ,
2567 658 2656 726 qui
2703 668 2992 712 tremorem
3025 661 3076 713 in
3109 659 3354 714 faciendo
3379 661 3674 728 adhibent;
3707 673 3824 719 tum

2235 749 2408 801 snlum
2439 749 2756 818 gaudemus.
2794 749 2917 803 Cum
2945 751 3126 805 timore
3152 763 3200 805 et
3227 762 3444 806 tremore
3485 765 3699 808 vestram
3737 774 3825 811 sa-

2233 839 2385 890 lutent
2435 840 2737 910 aperamini.
2784 840 2900 894 Non
2940 841 3073 896 dixit
3116 851 3340 909 tantum,
3387 849 3656 914 magno“
3701 848 3823 911 sed,

2232 937 2561 999 κατεργάζεσθε
2583 949 2596 984 :
2619 932 2668 984 id
2697 941 2808 997 est,
2840 947 2944 984 non
2972 932 3161 1000 qumis
3189 933 3347 987 modo
3377 935 3699 1003 operamini,
3727 943 3824 992 sed

2231 1032 2479 1077 accurate
2528 1039 2827 1091 iiiaenoqne
2886 1039 3006 1078 cum
3067 1023 3246 1079 studio
3295 1027 3615 1094 Operamiui.
3673 1028 3822 1096 Quo-

2234 1113 2374 1166 niam
2409 1129 2535 1169 vero
2565 1115 2717 1178 dixit,
2752 1113 2879 1168 Cum
2904 1118 3084 1170 timore
3111 1127 3157 1171 et
3187 1127 3421 1183 tremore,
3459 1135 3522 1173 ac
3566 1120 3825 1175 sollicitu-

2231 1203 2409 1259 dinem
2436 1205 2636 1275 injecit,
2661 1207 2780 1260 vide
2801 1207 3072 1276 quomodo
3099 1207 3238 1261 illam
3262 1209 3488 1277 mitiget.
3516 1210 3651 1276 Quid
3677 1213 3827 1266 enim

2231 1294 2340 1347 ait?
2370 1292 2507 1349 Deus
2528 1307 2598 1349 cst
2619 1297 2706 1364 qui
2733 1308 2976 1358 oneratur
2996 1298 3045 1351 in
3068 1299 3229 1352 vobis.
3255 1298 3328 1352 Ne
3353 1299 3478 1353 illud
3507 1301 3596 1354 tibi
3621 1311 3823 1354 metunt

2233 1385 2633 1457 iucutiat,quud
2657 1389 2791 1442 dixit
2821 1407 2833 1442 :
2857 1387 2984 1443 Cum
3013 1389 3191 1442 timore
3211 1399 3256 1443 et
3275 1399 3487 1444 tremore
3511 1406 3529 1444 :
3551 1409 3654 1444 non
3679 1392 3824 1446 enim

2233 1477 2354 1533 ideo
2381 1478 2491 1533 dixi
2519 1519 2535 1546 ,
2566 1488 2622 1533 ut
2647 1479 2933 1549 desperes,
2985 1491 3039 1534 ut
3079 1481 3328 1534 virtutem
3369 1481 3642 1536 difficilem
3673 1481 3824 1536 aditu

2233 1582 2389 1640 putes
2410 1614 2425 1637 ,
2473 1572 2566 1626 sed
2598 1583 2653 1625 ιιι
2685 1581 2918 1627 mentem
2947 1572 3207 1626 adhibeas
3233 1614 3248 1639 ,
3276 1589 3338 1627 ac
3365 1589 3432 1628 ne
3463 1583 3512 1627 te
3541 1575 3712 1642 ipsum
3739 1590 3829 1628 re-

2233 1664 2415 1717 mittas
2440 1664 2591 1733 quasi
2636 1662 2875 1718 fatiscas.
2921 1662 2976 1717 Si
3025 1663 3128 1717 hoc
3161 1664 3406 1718 attuleris
3433 1707 3446 1729 ,
3482 1665 3620 1718 Deus
3643 1666 3832 1719 omnia

2231 1754 2541 1823 operabitttr
2560 1772 2574 1808 :
2594 1763 2647 1808 ιιι
2674 1755 2929 1810 conﬁdito
2946 1773 2957 1807 :
2977 1754 3110 1809 Deus
3126 1755 3256 1808 enim
3275 1765 3366 1817 est,
3391 1757 3478 1825 qui
3500 1768 3741 1826 operatur
3765 1757 3822 1810 in

2231 1846 2388 1899 vobis.
2425 1846 2564 1916 Ergo
2593 1848 2638 1900 si
2678 1847 2791 1915 ipse
2827 1857 3105 1916 operatur,
3151 1863 3249 1901 nos
3283 1849 3606 1902 voluntatem
3653 1849 3832 1918 ipsanr

2234 1937 2442 2005 penitus
2472 1937 2927 1991 obsecundantem
2969 1953 3077 1992 non
3126 1939 3428 2004 reiiiiSsaiit,
3475 1939 3568 1994 sed
3611 1940 3663 1993 in
3702 1955 3829 1995 sese

2231 2029 2510 2082 collectam
2553 2027 2904 2082 exhibeamus
2950 2039 3208 2096 oportet:
3243 2028 3382 2083 Dens
3423 2031 3555 2084 enim
3601 2041 3694 2092 est,
3737 2033 3832 2102 qui

2231 2131 2472 2189 operatur
2496 2120 2545 2173 in
2573 2120 2710 2173 vobis
2743 2131 2789 2174 et
2818 2121 2944 2175 velle
2985 2131 3029 2174 et
3075 2123 3298 2189 operari.
3329 2122 3382 2176 Si
3418 2123 3555 2175 licus
3585 2133 3697 2184 est,
3730 2124 3835 2192 qui

2234 2214 2284 2266 in
2316 2213 2474 2267 nobis
2503 2212 2604 2266 hoc
2631 2221 2887 2282 operatur
2910 2254 2923 2276 ,
2953 2222 3008 2266 ut
3037 2213 3261 2268 velimus
3282 2255 3297 2277 ,
3327 2229 3422 2268 cor
3449 2231 3544 2268 nos
3571 2214 3827 2268 cohorta-

2233 2306 2362 2358 tur?
2393 2304 2523 2359 Nant
2569 2305 2612 2358 si
2664 2307 2774 2374 ipse
2807 2314 2908 2370 est,
2957 2306 3044 2375 qui
3093 2316 3149 2358 ut
3191 2306 3418 2359 velimus
3451 2307 3598 2370 facit,
3629 2307 3832 2362 frustra

2233 2396 2386 2449 nobis
2416 2396 2570 2460 dicis,
2603 2395 2851 2449 Uaedistis
2877 2413 2894 2460 ,'
2928 2412 3032 2448 non
3059 2397 3198 2450 enim
3233 2412 3328 2448 nos
3351 2414 3537 2450 sumus
3567 2399 3655 2466 qui
3688 2399 3826 2452 obe-

2229 2486 2440 2541 dinius:
2466 2486 2656 2540 frustra
2685 2485 2918 2550 dicis,ln
2947 2488 3126 2540 timore
3147 2497 3191 2540 et
3214 2499 3463 2552 tremore;
3492 2497 3656 2541 totum
3678 2491 3832 2542 enim

2234 2579 2325 2632 Dei
2357 2587 2464 2632 est.
2489 2577 2703 2630 Minime
2737 2593 2861 2631 vero
2890 2577 2991 2630 huc
3010 2587 3262 2646 spectans
3289 2579 3384 2630 ista
3417 2579 3574 2631 verba
3604 2581 3826 2647 protuli,

2230 2670 2371 2726 Deus
2391 2682 2462 2725 est
2484 2671 2569 2741 qni
2585 2681 2824 2737 operatur
2845 2681 2890 2724 et
2913 2672 3037 2724 velle
3057 2682 3102 2723 et
3130 2672 3369 2740 operari;
3392 2671 3485 2725 sed
3512 2682 3564 2724 ιιι
3593 2684 3828 2726 vestram

2229 2764 2642 2818 sollicitudinem
2671 2763 2938 2818 sedarent.
2971 2764 3024 2819 Si
3059 2764 3316 2830 volueris,
3349 2775 3471 2818 tunc
3491 2767 3827 2832 Operaltilttr,

2231 2865 2289 2909 ut
2316 2856 2462 2908 velis.
2491 2855 2554 2908 Et
2586 2857 2995 2924 prOpcnsionem
3041 2856 3326 2910 voluntatis
3377 2873 3443 2910 ne
3497 2869 3704 2910 metuas
3731 2901 3744 2922 ,
3767 2871 3830 2912 ιί

2233 2946 2360 2999 nihil
2389 2960 2548 3014 agas:
2573 2945 2684 3014 ipse
2704 2945 2856 2998 nobis
2882 2945 2972 2999 dat
2999 2953 3052 3000 et
3077 2947 3466 3014 operationem.
3492 2946 3699 3000 Etenim
3731 2948 3833 3001 ιιιή

2231 3036 2578 3098 voluerimus,
2607 3035 2824 3104 augebit
2847 3036 3260 3104 propensionem
3290 3037 3610 3090 voluntatis:
3637 3039 3826 3103 veluti,

2233 3130 2352 3182 volo
2384 3128 2505 3181 boni
2532 3127 2732 3198 aliquid
2784 3131 2996 3197 operari
3025 3147 3040 3195 ;
3084 3139 3337 3198 operatur
3378 3130 3548 3198 ipsum
3583 3130 3778 3184 bonum
3809 3174 3828 3195 ,

2230 3229 2481 3288 Operatur
2509 3234 2602 3288 per
2645 3218 2820 3288 ipsum
2861 3221 3024 3274 etiam
3064 3221 3222 3274 velle.
3254 3223 3358 3274 Aut
3393 3237 3456 3274 cx
3502 3222 3829 3275 abundantia

2233 3311 2443 3380 pietatis
2472 3310 2572 3364 hoc
2601 3311 2791 3379 inquit,
2821 3312 3270 3381 quemadmodum
3305 3329 3426 3366 cum
3462 3325 3642 3367 nostra
3674 3324 3832 3369 recte

2231 3402 2368 3455 facta
2387 3443 2400 3464 ,
2430 3401 2752 3456 charismata
2782 3403 3038 3472 appellat.

2297 3492 2352 3545 2.
2395 3491 2542 3547 Sicut
2571 3492 2729 3558 igitur
2760 3493 2844 3547 illa
2873 3494 3154 3548 nominans
3181 3495 3524 3561 charismata,
3551 3513 3655 3550 non
3681 3514 3781 3568 pro
3805 3530 3820 3536 -

2231 3591 2412 3652 ptcrea
2438 3599 2534 3636 nos
2577 3582 2759 3652 dejicit
2785 3584 2851 3639 de
2894 3585 3047 3640 liberi
3077 3587 3283 3640 arbitrii
3318 3589 3657 3655 possessione
3679 3632 3692 3649 ,
3726 3592 3830 3645 Sed

2231 3677 2369 3730 hanc
2405 3678 2572 3745 ipsam
2618 3677 2842 3732 liberam
2883 3694 2947 3734 ac
2991 3680 3072 3732 sui
3112 3679 3250 3747 juris
3297 3691 3618 3748 potestatem
3667 3682 3832 3735 nobis

2231 3768 2491 3838 permittit
2522 3787 2534 3822 :
2566 3768 2637 3822 ita
2663 3784 2785 3822 cum
2816 3769 2984 3839 inquit
3014 3770 3178 3824 Deum
3199 3785 3342 3836 esse,
3368 3774 3455 3838 qui
3488 3782 3742 3840 aperalur
3770 3773 3836 3826 ιιι

2187 3923 2191 3926 ι
2231 3861 2386 3915 nobis
2431 3860 2586 3924 velle,
2639 3861 2858 3914 minime
2905 3876 3004 3916 nos
3031 3862 3202 3917 libero
3231 3863 3452 3917 arbitrio
3483 3864 3694 3933 privat;
3727 3866 3834 3918 sed

2231 3952 2466 4006 ostendit
2495 3962 2642 4008 recte
2693 3953 2937 4008 faciendo
2983 3971 3231 4025 magnam
3263 3971 3361 4010 nos
3387 3957 3663 4026 acquirere
3692 3973 3826 4028 pros

2234 4047 2542 4115 pensionem
2587 4045 2654 4099 ad
2706 4047 3016 4102 voleudum.
3064 4049 3198 4102 Nam
3245 4049 3695 4118 quemadmodum
3743 4051 3830 4105 fa-

2231 4139 2422 4192 cieudo
2444 4137 2571 4192 illud
2603 4141 3004 4208 consequimur,
3044 4150 3098 4195 ut
3129 4141 3384 4196 faciamus
3415 4160 3427 4196 :
3464 4143 3531 4196 ita
3587 4161 3692 4198 non
3741 4146 3828 4197 ta-

2231 4232 2425 4286 ciendo
2469 4231 2570 4286 hoc
2614 4243 2975 4302 comparatur,
3027 4243 3086 4289 ut
3134 4251 3240 4290 non
3293 4235 3571 4291 faciamus.
3623 4238 3834 4292 Delliin

2231 4323 2669 4394 eleemo~yuam?
2698 4333 2748 4378 te
2789 4325 2962 4393 ipsum
2995 4327 3164 4396 magis
3206 4327 3436 4381 incitasti
3469 4328 3534 4382 ad
3561 4328 3830 4383 dandum.

2232 4412 2348 4466 Non
2397 4413 2630 4468 dedisti?
2667 4416 2834 4484 magis
2884 4427 2935 4470 te
2973 4416 3038 4470 ad
3092 4419 3446 4473 cessationem
3474 4421 3826 4490 con'iparasti.

2234 4504 2518 4572 Sapienter
2543 4507 2696 4577 egisti
2723 4523 2829 4562 uno
2856 4509 2982 4564 die?
3009 4509 3176 4565 habes
3203 4510 3648 4578 incitamentum,
3683 4524 3740 4568 ut
3770 4515 3831 4570 in

2233 4597 2405 4651 altero
2421 4598 2665 4654 similiter
2679 4615 2826 4670 agas.
2846 4600 3175 4670 Neglexisti?
3195 4605 3387 4658 auxisti
3407 4606 3784 4675 negligentiam
3812 4626 3831 4661 :

2235 4688 2436 4760 Impius
2456 4691 2620 4756 enim,
2656 4693 2848 4762 inquit,
2879 4711 2994 4748 cum
3023 4696 3074 4749 in
3104 4697 3416 4767 profundum
3448 4700 3634 4751 venerit
3661 4701 3836 4752 uiato-

2235 4799 2367 4849 rum,
2398 4787 2667 4839 contemnit
2694 4785 2878 4854 (Prov.
2916 4789 3002 4843 18.
3035 4787 3112 4861 5).
3147 4791 3612 4856 Quemadmodum
3643 4794 3830 4862 igitur,

2235 4875 2326 4944 qui
2361 4874 2414 4929 in
2458 4875 2718 4931 malorum
2763 4879 3086 4948 profundum
3136 4880 3436 4945 descendit,
3477 4886 3772 4937 contemnit
3811 4903 3828 4938 :

2235 4966 2305 5020 ita
2336 4966 2426 5037 qui
2454 4967 2506 5021 in
2537 4969 2857 5035 profundum
2900 4971 3162 5026 bonorum
3207 4974 3346 5027 venit
3370 4976 3656 5037 ,studiose
3695 4977 3828 5045 agit.

2235 5057 2366 5113 Nam
2401 5068 2457 5113 ιιι
2487 5061 2577 5114 ille
2611 5061 2990 5130 desperatione
3015 5065 3367 5134 negligentior
3397 5069 3476 5132 lit,
3509 5069 3579 5120 ita
3609 5067 3694 5120 hic
3725 5069 3830 5121 ho-

2236 5167 2424 5206 norum
2471 5154 2676 5222 cupiam
2732 5170 2913 5208 secum
2969 5159 3229 5226 cogitans,
3283 5157 3589 5226 diligentior
3635 5161 3713 5223 fit,
3759 5174 3833 5214 ne

2239 5252 2403 5298 totum
2433 5247 2640 5314 perdat.
2679 5245 2784 5300 Pro
2814 5247 2946 5300 bona
2968 5249 3245 5311 voluntate,
3270 5249 3440 5319 inquit
3470 5267 3482 5302 :
3514 5250 3566 5304 id
3594 5260 3676 5304 est
3700 5265 3832 5319 pro-

2236 5347 2354 5406 pter
2379 5338 2676 5400 caritatem,
2713 5349 2770 5392 ut
2807 5340 2918 5394 Deo
2948 5341 3223 5409 placeatis,
3256 5351 3312 5395 ut
3339 5357 3457 5411 qum
3479 5342 3554 5395 illi
3588 5343 3833 5411 proban-

2239 5437 2323 5479 tur
2346 5443 2570 5496 quzequo
2615 5429 2756 5482 illius
2786 5431 3047 5484 voluntati
3078 5443 3442 5486 consentanea
3487 5443 3644 5498 sunt,
3673 5434 3829 5488 liant.

2240 5516 2350 5570 lloc
2382 5519 2498 5571 loco
2528 5517 2784 5586 ostendit,
2831 5529 2888 5574 et
2927 5521 3175 5576 fiduciam
3221 5521 3335 5585 dat,
3383 5523 3496 5576 [ore
3525 5525 3749 5576 omnino
3769 5532 3836 5578 ut

2240 5609 2378 5663 Deus
2405 5620 2678 5679 operetur.
2698 5612 2818 5665 Vult
2845 5615 2988 5667 enim
3022 5629 3119 5668 nos
3148 5615 3216 5668 ita
3247 5625 3300 5668 ιιι
3330 5615 3442 5682 ipse
3460 5616 3589 5678 vult,
3618 5616 3828 5669 vivere.

2237 5699 2387 5765 Quod
2418 5702 2461 5755 si
2497 5701 2637 5756 Deus
2662 5703 2794 5768 vult,
2827 5703 2955 5758 illud
2999 5715 3182 5760 autem
3212 5705 3354 5774 quod
3383 5707 3516 5772 vult,
3552 5708 3664 5776 ipse
3694 5723 3830 5775 ope-

2243 5812 2408 5869 ratur,
2441 5813 2587 5857 certe
2633 5802 2732 5858 hoc
2762 5819 2974 5874 quoque
3010 5804 3323 5874 operabitur
3348 5820 3406 5858 ac
3441 5803 3738 5874 praestabit,
3777 5811 3833 5858 t
