4170 6510
197 344 299 400 9-H

194 473 348 515 recte
401 456 651 513 vim
682 453 833 511 :boc
871 449 1018 505 enim
1065 448 1179 519 ipse
1221 446 1357 501 vult.
1391 443 1555 500 Vides
1578 458 1608 498 s
1642 440 1810 497 Paulo

192 554 429 609 minime
448 550 570 605 tolli
591 547 799 602 arbitrii
829 541 1171 599 libi-uatem?
1204 538 1329 593 "(re
1367 538 1540 591 omnia
1562 578 1575 599 ,
1607 534 1802 605 inquit,

193 647 355 717 facite
384 645 499 699 siue
522 637 1006 694 murmurationibus
1027 644 1073 686 et
1096 628 1519 686 Ita'sitationibtts.
1554 628 1807 682 Diabolus

191 741 282 794 ubi
310 752 416 793 nos
442 735 717 789 abducere
750 729 970 785 minime
1000 724 1271 797 potuerit,
1304 723 1433 794 quin
1464 730 1610 776 recte
1636 719 1797 773 facia-

187 849 338 897 mus,
392 831 498 886 alia
528 826 761 899 quadam
807 823 1017 879 ratione
1046 819 1267 875 molitur
1316 818 1531 873 inanem
1575 812 1805 869 reddere

191 924 514 981 mercedem
559 929 823 975 nostram.
850 915 985 972 Nam
1026 914 1110 970 vel
1136 927 1290 968 vana:
1315 910 1501 981 gloria:
1539 923 1802 973 amorem,

188 1019 276 1073 vel
326 1013 697 1086 arrogantiam
729 1010 961 1075 induxit,
1008 1007 1091 1062 vel
1133 1005 1178 1061 si
1220 1003 1351 1060 nihil
1404 1004 1619 1066 borum,
1650 1016 1803 1055 mur-

188 1110 587 1167 murationcm,
616 1104 700 1160 vel
747 1103 940 1158 saltem
967 1099 1384 1154 hmsitationem.
1411 1098 1486 1150 Ac
1510 1093 1635 1148 vide
1662 1110 1802 1163 quu-

189 1200 359 1257 modo
390 1200 507 1254 hanc
537 1204 729 1268 purget
757 1194 954 1249 Paulus
984 1209 998 1246 :
1030 1190 1164 1246 dixit
1205 1188 1274 1244 de
1300 1188 1467 1244 animi
1500 1184 1804 1241 humilitate

189 1305 555 1363 qiuccumque
599 1288 710 1358 jam
760 1285 1075 1349 audivistis,
1130 1283 1495 1354 arrogantiam
1540 1280 1799 1350 abigens,-

188 1384 329 1439 dixit
355 1382 426 1439 de
453 1381 630 1435 inanis
654 1380 843 1450 gloriae
868 1376 1067 1443 studio,
1097 1374 1461 1444 comprimens
1492 1384 1758 1427 tumorem
1781 1385 1797 1434 ;

186 1489 244 1533 et
271 1477 403 1532 alibi
425 1475 673 1548 quidem,
709 1470 829 1526 Non
861 1473 911 1524 in
932 1469 1224 1542 prtesentia,
1246 1468 1437 1538 inquit,
1460 1466 1554 1519 mei
1576 1474 1800 1529 tantum;

186 1588 333 1627 nunc
362 1586 495 1626 vero
513 1568 769 1624 nonnulla
786 1565 933 1620 addit
954 1565 1021 1620 de
1046 1561 1475 1618 murmuratione
1502 1568 1552 1614 et
1584 1557 1804 1613 haesita-

185 1664 359 1719 tione.
420 1662 530 1716 Cur
582 1669 764 1713 autem
818 1672 944 1711 cum
994 1653 1291 1710 Corinthiis
1344 1652 1608 1707 adimeret
1656 1650 1799 1704 lnmc

182 1757 465 1818 nimbum,
495 1752 851 1808 Israi-litarutn
882 1750 1043 1805 etiam
1076 1748 1404 1802 mentionem
1421 1746 1545 1801 fecit
1571 1745 1650 1813 (l.
1674 1743 1796 1799 Cor.

180 1854 272 1908 10.
304 1852 396 1922 10)
422 1868 439 1915 ;
471 1851 572 1906 hoc
600 1859 781 1903 autem
810 1847 931 1902 loco
956 1845 1086 1901 nihil
1121 1843 1423 1914 hujusmodi
1464 1841 1663 1903 attulit,
1701 1840 1795 1894 sed

176 1947 517 2015 simpliciter
541 1943 789 2014 prmcepit
814 1942 837 1995 ?
858 1940 1124 2007 Quoniam
1154 1939 1227 1993 illi
1249 1940 1316 1992 ab
1346 1939 1446 1991 bne
1477 1937 1666 1991 morbo
1683 1934 1793 2004 jam

179 2043 413 2097 fuerant
442 2038 685 2108 occupati
716 2054 729 2090 :
763 2036 1116 2108 quamobrem
1157 2033 1318 2087 altius
1362 2031 1561 2085 inferre
1599 2030 1795 2083 vulnus

178 2150 425 2190 necesse
466 2133 710 2197 habebat,
766 2147 830 2186 ac
883 2130 1258 2185 vehementius
1303 2127 1592 2198 objurgare
1641 2143 1656 2180 :
1708 2123 1794 2177 hic

171 2245 341 2292 vero,
376 2244 447 2282 ne
475 2242 535 2281 se
560 2225 814 2295 occupari
862 2224 1044 2278 sinant
1075 2231 1281 2277 monet.
1329 2220 1492 2290 Igitur
1518 2233 1642 2289 erga
1675 2232 1790 2283 eos,

165 2323 268 2391 qui
304 2319 549 2374 nondum
576 2325 883 2386 peccaram,
920 2329 1315 2384 supervacuum
1339 2320 1454 2365 erat
1481 2309 1794 2364 durioribus

165 2414 365 2467 verbis
398 2412 495 2475 uti,
531 2426 641 2483 quo
665 2409 766 2463 sibi
796 2418 1070 2463 caverent.
1103 2407 1232 2462 Nam
1260 2417 1310 2461 et
1338 2406 1407 2459 ad
1434 2405 1790 2459 humilitatem

159 2506 463 2560 adducens
516 2520 623 2556 non
667 2502 848 2556 attulit
888 2500 1193 2575 exemplum
1225 2498 1354 2551 illud
1379 2514 1443 2551 ex
1480 2496 1790 2567 Evangelia,

160 2599 259 2651 ubi
294 2596 664 2663 superborum
696 2593 1019 2663 supplicium
1050 2600 1318 2651 narratur,
1347 2588 1441 2644 sed
1456 2589 1524 2641 ab
1540 2587 1792 2653 exemplo

160 2692 264 2746 Dei
297 2688 736 2743 adumnitiouem
766 2686 954 2752 duxit,
987 2686 1225 2755 ipsisque
1256 2684 1478 2737 omnino
1508 2690 1564 2735 ut
1613 2679 1791 2748 legiti-

155 2785 272 2839 mis
311 2782 446 2836 liliis
476 2781 736 2851 loquitur,
768 2796 874 2833 non
915 2789 969 2832 ut
1016 2778 1247 2833 lanuuiis.
1281 2777 1490 2831 Etenim
1522 2775 1587 2829 ad
1618 2776 1789 2829 virtu-

155 2890 280 2934 tem
313 2875 657 2943 sequendam
688 2874 734 2927 is
762 2874 851 2943 qui
896 2872 1032 2927 bona
1077 2881 1131 2927 et
1156 2886 1418 2941 generosa
1450 2879 1628 2924 mente
1654 2883 1792 2938 pra:-

118 2973 319 3024 ,di'us
364 2978 472 3030 est,
506 2968 759 3036 exemplo
812 2982 1000 3019 eorum
1061 2965 1148 3034 qui
1202 2974 1349 3017 recte
1406 2977 1465 3016 se
1506 2968 1792 3031 gesserunt

151 3063 471 3117 adducitur
500 3076 515 3113 :
547 3060 592 3112 is
616 3074 744 3112 vero
765 3057 849 3110 cui
882 3057 1051 3110 malus
1073 3056 1302 3118 animus,
1332 3070 1517 3107 eorum
1536 3052 1791 3121 exemplo

150 3157 254 3228 qui
290 3154 522 3209 virtutis
550 3167 772 3206 munera
807 3167 913 3204 non
943 3149 1229 3204 obit-erunt
1263 3166 1277 3202 :
1313 3148 1400 3202 ille
1445 3146 1672 3211 honore,
1705 3146 1791 3201 hic

147 3247 473 3318 supplicio.
526 3245 819 3313 Propterea
871 3243 936 3297 ad
993 3241 1251 3296 Hebraeos
1300 3239 1462 3294 etiam
1520 3237 1787 3303 scribens,

148 3342 321 3397 Esaia
372 3338 432 3391 in
488 3336 723 3391 medium
752 3334 994 3397 adduxit,
1037 3334 1126 3404 qui
1170 3343 1390 3401 propter
1417 3347 1579 3385 uuam
1607 3345 1787 3384 escam

142 3430 427 3486 vendidit
460 3427 941 3497 pritnogenituram
974 3424 1161 3497 (llebr.
1195 3424 1281 3479 19..
1317 3424 1405 3489 16)
1432 3440 1446 3487 ;
1476 3431 1530 3475 et
1560 3437 1746 3475 rttrsus
1769 3462 1785 3485 ,

142 3527 215 3581 Si
242 3521 578 3577 subtraxerit
602 3538 675 3583 se,
708 3537 805 3572 non
842 3519 1057 3588 placebit
1099 3521 1285 3571 animle
1308 3532 1432 3570 utere
1458 3517 1475 3583 (
1513 3515 1671 3570 llebr.
1698 3514 1788 3569 10.

138 3618 273 3689 58).
320 3613 491 3683 Atqui
525 3612 666 3666 inter
696 3611 1007 3666 Corinthios
1051 3611 1271 3679 quidem
1298 3610 1450 3662 multi
1484 3618 1659 3672 erant,
1692 3606 1785 3677 qui

136 3706 402 3764 scortati
459 3704 704 3758 fuerant:
756 3712 1035 3772 propterea
1069 3700 1302 3765 dicebat,
1333 3697 1416 3753 Ne
1457 3702 1636 3753 iterum
1675 3714 1789 3751 cum

134 3818 352 3860 venero
381 3802 460 3853 ad
486 3816 591 3859 vos,
618 3799 850 3851 [auriti/iet
874 3814 952 3849 me
981 3796 1115 3849 Deus
1131 3810 1289 3860 nacus,
1314 3805 1361 3848 et
1384 3795 1584 3865 lugeam
1604 3793 1791 3846 multos

134 3916 211 3953 ea:
235 3898 338 3959 iis,
371 3894 470 3962 qui
491 3903 640 3945 antea
672 3901 1029 3961 peccaverunt,
1076 3900 1123 3942 et
1171 3906 1271 3942 non
1303 3898 1513 3957 egerunt
1540 3886 1790 3957 pauiteu—

132 3993 284 4045 tiam
328 4002 496 4055 super
521 3985 845 4037 imuuuulitia
890 3992 937 4036 et
978 3982 1317 4050 fornicatione
1357 3992 1405 4035 et
1446 3980 1786 4050 impudicitia,

126 4100 319 4156 quam
352 4089 627 4151 gesserunt
657 4078 747 4148 (2.
773 4078 892 4131 (ἔον.
920 4076 1009 4132 19..
1030 4077 1091 4130 ﬁl
1197 4074 1264 4130 Ut
1301 4074 1431 4139 sitis,
1461 4074 1653 4143 inquit,
1682 4074 1792 4127 sine

122 4173 407 4248 querela,
474 4180 523 4223 et
562 4171 858 4239 simplices;
918 4169 968 4223 id
1021 4176 1136 4231 est,
1192 4166 1321 4221 nulli
1377 4164 1789 4235 reprehensioni

122 4265 422 4329 obnoxii,
460 4262 578 4333 puri
612 4271 774 4332 atque
806 4262 1000 4335 integri
1034 4279 1047 4315 :
1079 4277 1187 4315 non
1213 4260 1361 4315 enim
1391 4260 1563 4314 levem
1608 4273 1796 4312 macu--

121 4365 252 4416 lam
292 4356 549 4424 itnponit
571 4355 948 4411 murmuratio.
981 4354 1119 4421 Quid
1148 4349 1632 4422 autetnsignillcat,
1659 4348 1791 4405 Sine

122 4451 635 4511 hma‘tationibus?
666 4461 843 4504 utrum
875 4450 1073 4507 bonum
1098 4458 1201 4513 est,
1233 4462 1301 4502 an
1331 4447 1553 4503 minime
1575 4445 1599 4500 ?
1624 4444 1704 4501 Ne
1735 4445 1788 4501 in

116 4546 628 4622 disputationem,
653 4544 845 4613 inquit,
878 4559 992 4597 rem
1021 4541 1327 4607 adducatis,
1361 4539 1575 4595 etiamsi
1607 4538 1787 4603 labor,

113 4641 383 4703 etiamsi
413 4638 665 4693 molestia
691 4639 761 4691 sit
786 4637 927 4707 quod
948 4637 1286 4706 proponitur.
1320 4635 1611 4698 Nondixit,
1633 4632 1700 4691 Ut
1721 4649 1789 4690 ne

115 4730 521 4809 puuiamini;
556 4730 640 4783 isti
671 4730 818 4783 enim
842 4728 921 4784 rei
953 4729 1278 4796 Simplicium
1304 4739 1385 4781 est
1421 4727 1786 4796 propositum:

109 4828 296 4904 qum]
365 4825 426 4879 itt
484 4822 721 4891 Epistula
768 4821 835 4876 ad
880 4820 1192 4875 Corinthios
1238 4820 1521 4883 indicavit;
1559 4818 1655 4873 sed
1705 4818 1791 4872 hic

112 4923 285 4982 nihil
323 4915 615 4989 ejusmodi
639 4915 809 4980 dixit;
835 4914 954 4977 sed,
994 4914 1061 4968 Ut
1084 4916 1215 4977 sitis,
1243 4915 1426 4983 inquit,
1452 4914 1562 4966 sine
1580 4911 1791 4982 querela

112 5034 168 5077 et
204 5012 541 5086 simplices,
568 5012 665 5079 lilii
705 5010 803 5066 Dei
827 5012 938 5065 sine
965 5009 1374 5078 reprehensione,
1407 5009 1457 5061 iu
1499 5008 1666 5062 medio
1698 5023 1794 5059 ua-

109 5115 309 5171 tiom’s
352 5121 545 5178 prava!
574 5114 618 5158 et
650 5120 916 5173 perversae,
950 5105 1080 5156 inter
1120 5119 1245 5173 quos
1271 5101 1449 5155 lucetis
1480 5099 1609 5153 sicut
1638 5098 1789 5153 latui-

105 5209 301 5265 omn'a
361 5201 421 5254 iu
475 5198 689 5265 mundo,
732 5197 937 5250 verbum
982 5197 1094 5250 vitm
1119 5196 1429 5248 continentes
1470 5193 1539 5245 ad
1575 5192 1792 5262 gloriam

102 5322 322 5365 ineant
362 5302 421 5353 in
459 5296 597 5351 diem
634 5295 825 5351 Christi
855 5296 873 5367 (
901 5296 950 5350 l.
984 5293 1103 5348 Cor.
1147 5292 1230 5348 10.
1264 5291 1401 5362 10).
1438 5288 1598 5345 \‘ides
1640 5289 1790 5345 hnsa

106 5401 329 5459 l’miln
388 5389 609 5446 institui
642 5404 711 5443 ne
739 5386 1197 5441 obmurmurent?
1226 5384 1318 5438 Est
1346 5382 1491 5437 enim
1534 5380 1700 5452 iniqui
1728 5395 1791 5436 ac

99 5518 119 5549 ε
139 5487 366 5561 rapidi
401 5482 553 5536 scrvi
584 5480 1021 5535 obmurmurare.
1070 5476 1271 5547 Ecquis
1297 5474 1477 5537 enim,
1518 5472 1605 5527 dic
1636 5472 1789 5536 tnihi,

105 5590 294 5642 titius
335 5586 461 5639 est,
496 5575 584 5644 qui
614 5574 669 5629 in
699 5572 853 5627 bouis
882 5570 1117 5642 paternis
1147 5569 1419 5633 laborans,
1467 5582 1529 5621 ac
1557 5566 1658 5621 sibi
1691 5566 1791 5635 ipsi

104 5684 418 5739 laborem
446 5667 693 5737 capiens,
717 5664 1129 5720 obmurmnret?
1156 5661 1365 5728 Cogita,
1386 5660 1579 5731 inquit,
1614 5669 1667 5715 tc
1694 5659 1791 5716 tibi

102 5776 237 5847 ipsi
270 5769 582 5827 laborare.
606 5760 697 5815 tibi
720 5760 820 5831 ipsi
837 5759 1112 5830 colligere.
1129 5755 1347 5810 Illorum
1366 5770 1496 5811 vero
1516 5754 1791 5824 prnprium

98 5840 214 5932 est
248 5866 714 5925 obnwrmurare
744 5851 832 5925 qui
863 5850 983 5909 aliis
1009 5850 1277 5917 laborant,
1296 5846 1415 5902 aliis
1435 5847 1632 5904 sudant
1660 5861 1674 5897 :
1700 5840 1791 5914 qui

1136 330 1205 389 LV
1243 328 1463 387 ENST.
1503 327 1596 384 ΑΙ)
1634 319 1924 383 PHILIPP.
1963 321 2118 384 CAP.
2155 325 2221 390 ll.
2263 327 2499 388 1103111..
2545 332 2679 391 Vill.

3407 336 3515 393 2ιὲ

1915 454 2095 501 autem
2122 445 2224 501 sibi
2255 447 2369 518 ipse
2392 450 2613 520 colligit,
2636 465 2734 505 cur
2756 448 3125 509 obmurmurat
3141 452 3324 525 lquod
3342 456 3515 529 ipsius

1915 535 2119 591 divitia:
2146 554 2253 592 non
2282 544 2573 597 crescunt?
2594 543 2812 598 Minime
2838 544 2889 599 id
2919 545 3156 612 quidem.
3190 546 3291 614 Qui
3319 560 3515 615 sponte

1918 633 2063 685 nulla
2111 633 2359 703 imposita
2407 637 2732 693 necessitate
2783 637 2926 704 facit,
2975 639 3512 694 curobmnrmuratl

1914 724 2096 780 Satius
2142 736 2225 781 est
2268 727 2399 783 nihil
2442 746 2622 800 agere,
2669 747 2831 802 quam
2876 734 3264 789 murmurando
3305 748 3505 803 ago-rc:

1914 833 2038 874 nam
2063 837 2117 874 οι
2167 819 2268 876 hoc
2312 821 2510 890 ipsum,
2542 823 2682 893 quod
2728 824 2803 883 lit.
2839 826 3001 894 perit.
3049 830 3241 879 Annon
3272 825 3424 878 vides
3451 823 3506 876 in

1915 912 2159 981 ipsismet
2185 914 2435 970 domibus
2480 919 2681 972 nostris
2722 917 2837 973 ha~c
2883 919 3039 974 nobis
3080 935 3298 989 semper
3327 920 3381 973 in
3409 935 3508 973 oro

1911 1019 2034 1059 esse
2066 1022 2080 1059 :
2111 1005 2291 1061 Satius
2319 1015 2403 1061 est
2433 1006 2619 1061 islhuu:
2647 1008 2868 1063 minime
2918 1009 3030 1064 ﬁeri
3053 1050 3072 1075 ,
3101 1026 3261 1079 quam
3288 1009 3507 1064 obmur-

1911 1099 2175 1153 tnurando
2208 1100 2363 1155 ﬁeri?
2393 1117 2456 1154 ac
2501 1117 2646 1171 sa-pe
2676 1104 2944 1157 malumus
2989 1104 3309 1166 ministerio,
3360 1100 3506 1170 quod

1912 1192 2067 1246 nobis
2090 1193 2399 1257 exhibetur,
2428 1210 2618 1251 carere
2639 1238 2652 1257 .
2696 1212 2856 1267 quam
2888 1206 3312 1251 murmurantem
3344 1195 3505 1249 ferre.

1908 1282 2100 1339 Gravis
2122 1286 2267 1340 enim
2297 1301 2407 1354 res,
2435 1288 2614 1359 gravis
2640 1298 2725 1343 est
2752 1289 3129 1353 tttttrtttnratio,
3149 1304 3213 1343 ae
3242 1301 3412 1359 prope
3436 1286 3506 1341 ad

1911 1376 2298 1446 blasphemiam
2345 1380 2596 1436 accedit:
2629 1381 2832 1451 alioqui
2877 1396 2975 1436 cur
3025 1389 3234 1435 tantum
3288 1379 3357 1432 de
3400 1378 3507 1432 illis

1907 1474 2153 1545 supplicii
2180 1485 2453 1545 sumptum
2475 1476 2694 1531 inisset?
2724 1476 2919 1530 Vitium
2954 1476 3092 1529 istud
3127 1474 3318 1545 ingrati
3337 1469 3507 1527 animi

1905 1575 2007 1619 est.
2037 1565 2139 1634 Qui
2166 1576 2485 1631 murmurat,
2517 1567 2758 1639 ingratus
2776 1576 2858 1622 est
2882 1582 3008 1637 erga
3033 1567 3199 1621 Deum
3225 1584 3237 1619 :
3264 1564 3355 1635 qui
3377 1579 3507 1618 vero

1905 1675 2029 1730 erga
2073 1661 2240 1714 Deum
2287 1667 2530 1729 ingratus
2556 1669 2659 1723 est,
2695 1660 2937 1730 profecto
2968 1657 3315 1726 blasphemus
3338 1656 3504 1710 etiam

1904 1764 2009 1810 εει.
2042 1756 2117 1808 Ac
2143 1768 2275 1809 sane
2300 1768 2368 1809 eo
2397 1753 2631 1809 maxime
2678 1762 2923 1824 tempore
2962 1752 3303 1807 continentes
3332 1758 3506 1805 tenta-

1906 1849 2080 1903 tiones
2106 1859 2282 1913 erant,
2324 1858 2381 1904 et
2428 1847 2729 1918 frequentia
2786 1847 3060 1917 pericula;
3103 1844 3248 1900 nulla
3276 1844 3506 1899 dabatur

1905 1943 2150 2013 requies,
2202 1944 2348 1998 nulla
2369 2016 2378 2025 I
2398 1943 2671 2009 cessatio;
2704 1943 2940 2014 undique
2969 1940 3387 1996 innumerabilia
3416 1938 3501 1994 itt-

1901 2040 2167 2109 gruebant
2197 2040 2376 2095 mala:
2412 2055 2554 2095 nunc
2602 2056 2729 2095 vero
2757 2054 2967 2094 summa
3016 2054 3115 2110 pax
3148 2054 3210 2093 ac
3237 2036 3503 2108 tranquil-

1904 2132 2047 2187 litas.

1973 2227 2027 2281 3.
2070 2226 2260 2280 Contra
2305 2237 2701 2281 nmrmurantcs.
2732 2210 2938 2282 —-'Cnr
2966 2226 3126 2296 igitur
3154 2224 3503 2279 murmuras?

1898 2320 2040 2387 quod
2074 2335 2278 2389 panper
2323 2320 2421 2374 es?
2466 2319 2568 2374 Job
2600 2320 2749 2373 illum
2775 2320 2974 2388 cogita.
3022 2317 3207 2372 Morbo
3251 2316 3502 2371 laboras?

1898 2416 1944 2483 Ο
1985 2415 2033 2469 id
2058 2414 2220 2485 igitur
2244 2413 2469 2481 laceres,
2497 2415 2540 2468 si
2573 2424 2844 2468 tantorum
2872 2413 2966 2467 tibi
2996 2413 3260 2466 bonorum
3287 2424 3347 2463 ac
3374 2422 3501 2461 san-

1896 2517 2014 2559 ctus
2039 2507 2129 2561 ille
2157 2516 2537 2576 rectoremque
2563 2505 2825 2560 factorum
2853 2506 3123 2567 conscius,
3171 2502 3223 2557 in
3249 2499 3497 2554 morbum

1900 2600 2224 2655 incidisses?
2254 2599 2465 2655 Rursus
2513 2600 2662 2655 illum
2719 2601 2917 2670 cogita,
2949 2598 3090 2668 quod
3143 2612 3238 2668 per
3282 2596 3497 2664 longum

1899 2704 2109 2762 lt'lllpllS
2136 2701 2506 2763 perseveraret
2536 2708 2747 2749 vermes
2788 2693 3015 2764 pullans.
3045 2692 3096 2745 in
3124 2701 3363 2746 stercore
3399 2704 3459 2742 se
3478 2719 3497 2730 -

1896 2787 2052 2853 deus,
2079 2787 2315 2841 scabiem
2343 2784 2563 2842 fricans.
2591 2785 2756 2840 Multo
2784 2796 2977 2849 autem,
3012 2783 3202 2854 inquit,
3230 2781 3492 2853 intcrjecto

1898 2889 2139 2949 tempore,
2159 2879 2293 2932 dixit
2323 2880 2392 2932 ad
2419 2896 2533 2933 eum
2561 2880 2740 2933 mulier
2766 2894 2785 2932 :
2814 2879 3086 2944 Quousque
3111 2876 3267 2929 uteris
3294 2875 3491 2942 patien-

1896 2973 1965 3023 tia
1992 2974 2107 3035 ista,
2122 2989 2181 3025 ac
2203 2988 2375 3044 perges
2396 2972 2581 3037 dicere,
2602 2972 2780 3025 All/mc
2799 2972 3007 3039 paulum
3027 2969 3273 3034 quiddam
3301 2978 3494 3035 tempe-

1895 3066 1965 3118 ris
1994 3064 2267 3135 exspecto?
2295 3063 2389 3117 Dic
2435 3065 2635 3118 verbum
2667 3063 2874 3133 aliquod
2898 3073 3074 3115 contra
3105 3060 3400 3124 Dominum,
3433 3075 3494 3112 ac

1896 3174 2088 3210 morere
2115 3157 2254 3228 (Job.
2285 3156 2320 3210 9.
2369 3156 2448 3227 9).
2482 3160 2549 3210 At
2583 3156 2722 3211 ﬁlius
2751 3156 2843 3211 tibi
2875 3155 3047 3209 obiit?
3074 3153 3210 3221 Quid
3242 3152 3420 3222 igitur,
3449 3154 3494 3206 si

1895 3266 2084 3303 omnes
2113 3249 2408 3311 amisisses,
2439 3261 2489 3303 ct
2536 3249 2729 3303 acerba
2755 3248 2971 3319 quidem
3009 3257 3204 3309 tnurte,
3234 3245 3493 3315 quemad-

1897 3341 2115 3395 modum
2151 3342 2279 3396 ille?
2306 3340 2487 3397 Nostis
2516 3341 2683 3408 enim,
2714 3330 3165 3405 nostis-assidere
3188 3338 3494 3407 mgrotanti,

1894 3451 1956 3490 os
1995 3436 2075 3489 ori
2101 3434 2371 3499 conferre,
2415 3433 2602 3490 oculos
2627 3433 2902 3500 claudere,
2935 3441 3276 3489 contrectare
3305 3447 3493 3502 genus,

1895 3546 2144 3598 suprema
2189 3528 2379 3584 audire
2428 3528 2626 3594 verba;
2656 3538 2915 3598 quantum
2956 3527 3130 3582 solatii
3184 3524 3393 3580 all'erat.
3429 3525 3497 3577 At

1898 3624 2088 3678 borum
2140 3623 2287 3677 nullo
2330 3622 2582 3693 dignatus
2626 3630 2710 3674 est
2748 3620 2924 3689 justus
2977 3619 3101 3682 ille;
3153 3617 3251 3673 sed
3306 3630 3495 3669 omnes

1896 3716 2052 3769 simul
2084 3713 2261 3770 obruti
2286 3714 2673 3767 occubuerunt.
2710 3712 2777 3766 Et
2815 3709 2942 3781 quid
2987 3710 3102 3763 hac
3127 3709 3287 3762 dico?
3312 3709 3356 3761 si
3380 3706 3497 3776 ipse

1891 3807 2075 3877 jus~ns
2099 3820 2249 3861 esses
2279 3805 2445 3859 lilium
2475 3813 2623 3859 tutnu
2649 3803 2981 3867 interimere,
3013 3811 3063 3855 et
3096 3800 3399 3859 immolare.
3433 3808 3490 3852 et

1896 3900 2239 3954 Ctttttbttsltttlt
2272 3906 2544 3967 spectare,
2574 3904 2631 3949 nt
2658 3895 2848 3949 beattts
2875 3892 2963 3948 ille
3003 3892 3339 3963 patriarcha,
3368 3888 3498 3959 quid

1897 3989 2153 4045 fecisses?
2180 3988 2277 4043 Ille
2314 3997 2493 4042 antem
2522 3997 2726 4057 quanto
2762 3985 2945 4039 animo
2975 3999 3025 4039 et
3058 3987 3230 4038 altare
3258 3982 3498 4038 a-dilica-

1897 4083 2008 4147 bat,
2035 4092 2088 4135 ct
2141 4080 2280 4151 ligna
2310 4080 2619 4148 imponebat
2646 4120 2660 4143 ,
2702 4088 2757 4132 et
2787 4078 2953 4132 lilintn
2984 4077 3175 4146 ligabat
3202 4076 3225 4128 ?
3255 4075 3324 4130 At
3364 4092 3497 4130 ιπηι-

1898 4174 2030 4228 tmlli
2054 4180 2200 4235 sunt,
2232 4172 2322 4242 qui
2356 4180 2406 4225 te
2434 4170 2695 4225 conviciis
2723 4167 3143 4224 consectentur?
3168 4165 3305 4234 Quid
3338 4165 3499 4235 igitur

1898 4264 1993 4319 tibi
2024 4264 2188 4319 animi
2214 4272 2380 4328 esset,
2412 4262 2455 4317 si
2489 4262 2604 4315 lucc
2625 4258 2814 4315 eadem
2838 4260 2906 4313 ab
2930 4259 3065 4312 amit
3079 4257 3146 4323 is,
3176 4257 3266 4327 qui
3295 4272 3495 4311 conso-

1897 4354 2112 4409 lationis
2129 4368 2290 4407 causa
2308 4352 2674 4415 advenissent,
2692 4348 2906 4403 audires
2925 4347 2949 4400 ‘t
2968 4346 3102 4401 Nam
3119 4362 3260 4402 nunc
3281 4347 3495 4418 quidem

1898 4447 2064 4502 multa
2097 4446 2359 4500 habemus
2387 4453 2606 4515 peccata
2628 4484 2642 4505 ,
2670 4442 2903 4512 iureque
2933 4440 3147 4511 probris
3176 4441 3447 4497 allicimur
3481 4459 3493 4494 :

1897 4550 2025 4595 tunc
2055 4555 2183 4593 vero
2225 4538 2313 4593 ille
2340 4552 2521 4599 verax,
2550 4534 2748 4606 justus,
2800 4533 2941 4604 pius,
2969 4534 3059 4604 qui
3090 4550 3215 4589 se-e
3255 4534 3325 4587 ab
3347 4533 3499 4589 omni
3582 4592 3585 4599 ν

1895 4634 2125 4691 crimine
2154 4632 2478 4695 abstinebat,
2511 4644 2669 4684 secus
2694 4629 2874 4683 oumia
2915 4629 2983 4683 ab
3011 4629 3200 4683 amicis
3224 4627 3494 4682 audiebat.

1895 4729 2035 4795 Quid
2070 4743 2217 4788 vero,
2244 4726 2333 4781 dic
2365 4724 2516 4783 tnihi.
2541 4724 2584 4778 si
2619 4723 2901 4779 mulierem
2938 4723 3360 4793 exprobrantem
3391 4736 3492 4776 at;-

1895 4825 2063 4891 dires,
2089 4840 2152 4880 ac
2176 4824 2467 4886 dicentem,
2502 4820 2614 4892 Ego
2641 4820 2788 4888 quasi
2841 4818 3065 4874 erratica
3096 4816 3331 4885 qna‘tlum
3382 4832 3492 4869 mu-

1898 4923 1991 4976 lier
2010 4930 2056 4975 et
2105 4919 2302 4991 famula
2331 4919 2500 4972 locum
2550 4931 2613 4969 ei:
2663 4915 2795 4977 loco,
2844 4913 3050 4967 domum
3095 4927 3159 4963 ex
3196 4908 3348 4962 domo
3389 4908 3495 4961 cir-

1897 5030 2209 5075 cumcrrans,
2241 5012 2364 5066 solis
2392 5026 2626 5063 occasum
2657 5015 2975 5076 exspcetuus,
3008 5015 3117 5057 uta
3138 5000 3396 5055 doloribus
3420 5016 3498 5054 me

1900 5107 2123 5175 undique
2149 5104 2491 5173 prementibus
2518 5100 2827 5169 requiescam
2851 5096 2972 5167 (a)?
3016 5096 3124 5149 Cur
3162 5094 3262 5149 ista
3294 5093 3493 5162 inquis,

1900 5214 1934 5252 ο
1962 5196 2195 5253 stolida?
2220 5210 2346 5248 mun
2377 5194 2565 5246 harum
2591 5205 2785 5245 rerum
2806 5188 2897 5241 tibi
2930 5200 3093 5241 causa
3118 5194 3204 5241 est
3231 5184 3310 5238 vir
3332 5186 3356 5237 ?
3378 5183 3495 5238 Non

1902 5294 2011 5355 ille,
2046 5290 2140 5345 sed
2171 5288 2439 5343 diabolus.
2491 5284 2608 5346 Dic,
2662 5282 2854 5350 intuit,
2897 5279 3099 5333 verbum
3140 5276 3350 5346 aliquod
3398 5276 3498 5329 atl-

1902 5401 2071 5438 ttcrsns
2096 5383 2392 5443 Dominum,
2422 5387 2467 5432 et
2499 5391 2711 5430 morere.
2745 5373 2935 5427 Itane?
2963 5372 3006 5426 si
3037 5370 3366 5425 decumbens
3394 5369 3496 5422 huc

1902 5478 2104 5532 diceret
2138 5490 2202 5529 ac
2250 5482 2571 5535 moreretur,
2607 5468 2773 5523 tibine
2811 5466 3007 5521 melius
3046 5463 3223 5518 esset?
3254 5461 3369 5515 Non
3411 5471 3496 5515 est

1905 5569 2125 5624 morbus
2144 5567 2237 5621 illo
2256 5562 2688 5637 gravior,etiatn
2721 5560 2766 5616 si
2796 5565 3081 5614 sexcentos
3107 5553 3320 5610 all‘eras.
3352 5552 3500 5610 Tali.-

1967 5727 2040 5789 (ιι)
2061 5725 2198 5780 liter,
2220 5723 2277 5789 ad
2302 5722 2479 5789 librum
2504 5720 2609 5789 lolii
2628 5719 2944 5789 pertinentia,
2972 5713 3073 5789 poli
3092 5714 3140 5763 in
3163 5710 3508 5789 lliblia'lat'ins

1905 5774 2161 5853 inquirere
2186 5774 2198 5835 Ξ
2224 5787 2272 5835 in
2298 5785 2606 5853 Etlitiseuim
2630 5774 2947 5853 iir:e_cis_libri
2964 5777 3076 5826 Jobi
3096 5775 3245 5825 multa
3265 5774 3509 5836 adjectiu

1908 5840 2189 5911 tit-Surrexit,
2213 5863 2325 5916 quae
2352 5848 2401 5896 in
2425 5845 2639 5898 Helm
2664 5851 2715 5894 et
2741 5845 2789 5894 in
2814 5840 3023 5904 Vulgus
3048 5852 3144 5890 non
3168 5847 3505 5898 reperiuntur.
