4170 6490
658 327 766 384 945

659 455 724 495 ae
751 451 930 497 tantus
950 456 1086 510 erat,
1119 457 1170 499 ιιι
1205 461 1272 500 ne
1298 443 1443 499 domi
1489 441 1704 512 quidem
1733 453 1796 494 ac
1835 434 1937 490 sub
1965 444 2108 487 tecto
2133 443 2248 484 ma-

662 545 792 586 nere
834 545 1013 602 posset
1047 555 1059 588 :
1092 537 1212 590 talis
1252 544 1389 600 erat,
1447 543 1504 588 ut
1548 544 1739 586 omnes
1790 527 2104 582 deﬁcerent.
2135 521 2248 576 Non

661 627 828 690 cutim,
871 628 914 680 si
945 629 1106 682 ullam
1155 629 1460 682 admisisset
1512 625 1856 687 medicinam,
1884 629 2034 674 extra
2063 616 2248 669 urbem

663 717 886 773 sedisset
921 719 1175 774 deteriori
1204 721 1532 782 conditione,
1561 732 1720 787 quam
1766 714 1842 768 illi
1881 712 1969 782 qui
1994 707 2252 777 elephan-

665 807 781 860 tiasi
813 809 1076 864 laborant.
1107 809 1240 865 Nam
1268 808 1584 879 istiquidcm
1613 815 1668 860 ct
1705 805 1896 859 domos
1939 800 2170 854 snite-"nl
2198 807 2253 852 el

665 898 804 952 inter
829 915 890 954 se
915 909 1308 972 congregantur
1333 918 1345 952 :
1385 902 1473 956 ille
1503 915 1635 954 vero
1665 899 1767 952 sub
1792 896 1883 949 dio
1915 895 1966 947 in
2011 903 2252 947 stercore

665 993 840 1047 nudus
881 996 1251 1064 pernoctabat,
1308 1009 1371 1048 ac
1421 1010 1489 1049 ne
1536 1001 1740 1048 vestem
1765 989 1980 1058 quidem
2026 986 2254 1040 induere

665 1094 876 1152 poterat
909 1085 1220 1154 :quomodo
1268 1086 1458 1141 enim?
1493 1083 1621 1150 quin
1652 1083 1813 1137 etiam
1872 1079 2101 1133 fortasse
2137 1090 2256 1129 creo

665 1175 828 1228 visset
854 1175 1028 1229 dolor.
1059 1175 1285 1241 Μηδένα,
1317 1177 1506 1245 inquit,
1534 1174 1705 1245 glebas
1728 1183 1877 1226 terra:
1903 1174 2095 1225 saniem
2117 1167 2255 1220 scal-

667 1283 788 1335 pcns
817 1267 835 1334 (
863 1266 961 1321 Job
994 1269 1048 1322 7.
1081 1271 1114 1324 5
1141 1274 1178 1340 ).
1214 1270 1416 1322 Carnes
1466 1267 1632 1336 ipsius
1678 1265 1881 1322 saniem
1925 1278 1990 1316 ac
2047 1273 2258 1315 vermes

667 1357 1068 1422 seaturiehant,
1119 1360 1278 1428 idque
1330 1357 1566 1411 assidue.
1623 1355 1802 1410 Sentis
1841 1368 1999 1423 quam
2031 1353 2258 1420 quisque

668 1457 911 1501 nostrum
943 1449 1056 1500 ba-c
1082 1449 1306 1503 audiens
1332 1449 1630 1503 horrescat.
1658 1446 1813 1514 Quod
1854 1445 1898 1498 si
1926 1460 1986 1498 ea
2013 1452 2138 1497 sunt
2165 1457 2258 1495 au-

665 1535 779 1590 dittt
809 1537 1181 1598 intolerabilia,
1225 1549 1428 1609 quanto
1478 1539 1648 1608 magis
1685 1535 1979 1606 perpessu?
2008 1537 2257 1588 Attamen

668 1640 959 1696 perpessos
985 1629 1260 1697 estjustus
1289 1630 1379 1684 ille
1418 1646 1523 1684 non
1555 1645 1717 1682 unum
1765 1636 1857 1681 aut
1897 1626 2124 1680 alterum
2176 1624 2258 1678 vel

667 1720 884 1773 tertium
915 1721 1078 1788 diem,
1110 1723 1202 1776 sed
1236 1723 1458 1792 perdiu;
1491 1737 1591 1777 nec
1617 1722 1858 1792 peccavit
1883 1720 2172 1791 quidquam
2205 1719 2257 1774 in

669 1811 822 1867 labiis
861 1814 993 1869 suis.
1045 1816 1276 1886 Ecquem
1311 1815 1613 1886 huiusmodi
1661 1816 1910 1870 morbum
1938 1823 2090 1885 potes
2130 1813 2259 1868 mihi

668 1902 882 1968 all'erre,
915 1915 993 1960 tot
1021 1906 1278 1962 refertum
1305 1908 1618 1963 doloribus?
1655 1923 1833 1962 annon
1881 1908 1980 1962 iste
2021 1907 2262 1962 cmeitate

667 1993 906 2050 deterior
926 2009 1038 2052 erat
1067 1999 1090 2052 ἒν
1119 1999 1357 2056 Fmtidos
1376 2001 1521 2054 enim
1543 1999 1718 2053 sentio
1738 1985 1887 2053 cibos
1913 2013 2063 2052 meos
2089 2013 2262 2067 neque

671 2086 770 2141 hoc
796 2089 991 2156 solum,
1020 2091 1112 2146 scd
1139 2107 1311 2161 neque
1340 2092 1524 2154 etiam,
1555 2090 1696 2160 quod
1728 2092 1848 2144 aliis
1881 2090 2013 2144 solet
2046 2106 2259 2144 recrea-

669 2181 798 2234 tioni
828 2198 968 2246 esse,
995 2199 1098 2238 uox
1124 2194 1177 2238 et
1203 2199 1423 2238 somnus
1455 2184 1577 2238 huic
1602 2184 1891 2253 quidquam
1924 2183 2101 2237 solatii
2135 2184 2264 2236 alle-

670 2275 841 2337 rehat,
870 2275 965 2330 sed
1011 2278 1205 2345 quovis
1250 2287 1520 2331 tormento
1560 2278 1777 2347 gravior
1821 2285 1977 2331 erat:
2013 2277 2170 2346 idque
2195 2293 2259 2331 ex

673 2368 840 2434 ipsius
867 2367 1046 2421 verb's
1083 2384 1373 2437 cognosce.
1407 2370 1510 2424 Cur
1543 2381 1698 2425 terres
1737 2387 1815 2422 me
1845 2387 1934 2441 per
1969 2374 2186 2434 somnia,
2217 2383 2265 2426 et

671 2474 762 2526 per
792 2459 1006 2512 risiones
1033 2475 1205 2513 errore
1247 2461 1515 2514 concutis?
1550 2459 1678 2515 Cum
1727 2463 1928 2515 advenit
1957 2464 2262 2530 diluculum,

673 2550 806 2613 ilico,
837 2551 1053 2616 Quando
1075 2553 1304 2606 adveniet
1332 2571 1535 2622 vespera
1561 2556 1578 2624 (
1610 2554 1708 2608 Job
1735 2556 1784 2610 7.
1821 2557 1906 2610 Η,
1955 2556 2053 2626 4)ἶ²
2085 2560 2159 2610 Ac
2191 2566 2268 2611 tot

677 2645 940 2712 tantisque
991 2645 1143 2699 malis
1185 2645 1408 2700 all'ecms
1457 2664 1562 2702 non
1609 2647 2053 2703 olunurtnnravit.
2085 2649 2268 2718 Neque

681 2750 809 2788 vero
839 2736 888 2788 id
919 2736 1092 2790 solum
1117 2738 1374 2792 molestia:
1405 2740 1575 2795 inerat
1600 2755 1616 2803 ;
1643 2739 1735 2794 sed
1763 2741 1924 2796 etiam
1945 2741 2078 2794 mala
2107 2757 2265 2810 quam

678 2827 830 2880 ntulti
854 2827 922 2881 de
949 2829 1063 2896 ipso
1091 2841 1450 2898 conceperant
1478 2831 1663 2900 Opinio
1693 2850 1708 2887 :
1740 2848 1862 2886 nam
1891 2848 1956 2886 ex
1993 2833 2269 2887 calamita-

679 2917 838 2982 tibus,
863 2934 980 2987 qtlzl!
1010 2919 1080 2972 illi
1111 2919 1436 2987 acciderant,
1465 2924 1958 2994 sexcentornmjam
1983 2925 2266 2978 criminum

677 3023 827 3062 reum
855 3010 1234 3066 existimabant
1269 3014 1446 3082 :qnod
1497 3023 1552 3069 et
1590 3015 1638 3070 ei
1680 3015 1926 3070 dicebant
1956 3017 2135 3079 amici,
2167 3017 2267 3071 Mi-

676 3118 808 3156 nora
860 3104 1088 3172 peccatis
1140 3109 1244 3161 tuis
1291 3108 1497 3178 ﬂagella
1553 3124 1743 3178 passus
1769 3125 1827 3163 es
1874 3109 2021 3180 (Job
2049 3111 2136 3165 ll.
2164 3109 2265 3181 6).

678 3195 1036 3262 Quamobrem
1064 3207 1119 3253 ct
1144 3199 1258 3267 ipse
1281 3199 1514 3266 dicebat,
1549 3200 1611 3253 lit
1637 3211 1840 3255 monent
1876 3218 1954 3255 me
1982 3203 2147 3270 inﬁmi
2173 3203 2270 3256 lio-

677 3291 858 3352 miues,
889 3307 1014 3359 quos
1042 3291 1250 3345 canibus
1279 3301 1537 3354 putarunt
1581 3309 1802 3346 meorum
1848 3294 2052 3348 minime
2091 3294 2271 3364 dignos

678 3380 1042 3434 existimassem
1082 3382 1101 3450 (
1129 3381 1227 3435 Job
1278 3383 1416 3436 30.1
1453 3381 1492 3452 ).
1525 3384 1666 3451 Quot
1709 3386 1969 3439 mortibus
2001 3402 2106 3439 non
2156 3397 2272 3440 cr..t

679 3473 818 3526 istud
847 3472 1105 3541 gravius?
1140 3473 1515 3530 Verumtamen
1547 3477 1707 3529 tantis
1743 3475 1976 3546 nudique
2021 3476 2270 3532 lluctilms

680 3579 920 3632 pressus,
953 3580 1016 3619 ac
1053 3574 1158 3618 tatu
1193 3582 1331 3619 szeva
1366 3567 1598 3635 undique
1639 3568 1920 3636 ingruente
1953 3581 2270 3638 tempestate

687 3655 739 3710 lu
770 3657 960 3709 mediis
985 3657 1235 3722 nubibus,
1277 3659 1546 3726 procellis,
1581 3658 1917 3726 fulminilms,
1969 3661 2271 3717 turbinibus

679 3764 742 3800 nc
769 3748 1059 3802 vortieilms
1101 3759 1281 3804 manet
1325 3751 1437 3819 ipso
1467 3751 1738 3814 itmnotus,
1772 3753 1822 3806 in
1854 3761 1999 3806 tanta
2039 3762 2256 3824 tamque

681 3842 826 3908 gravi
872 3851 1192 3909 tempestate
1217 3883 1232 3904 ,
1266 3842 1491 3911 perinde
1521 3853 1681 3914 atque
1712 3845 1764 3898 in
1797 3844 2008 3912 placido
2034 3846 2268 3915 quodam

685 3942 839 4001 portu
870 3933 1083 4005 quietus
1129 3934 1345 3998 sedens,
1396 3949 1568 4004 neque
1611 3935 2040 3990 obmurmuravit
2067 3955 2080 3992 :
2111 3948 2274 4008 atque

683 4025 798 4081 lucc
827 4035 952 4082 ante
976 4027 1158 4096 gratim
1190 4038 1421 4096 tempus,
1445 4036 1732 4096 antequam
1762 4027 1830 4083 de
1852 4030 2267 4096 resurrectione,

685 4119 754 4175 de
774 4117 1040 4188 geheuna,
1070 4119 1136 4172 de
1158 4133 1334 4188 pinna,
1365 4119 1433 4174 de
1458 4120 1721 4188 supplicio
1747 4119 2036 4191 quidquam
2068 4120 2270 4176 dictum

683 4219 846 4263 esset.
867 4207 975 4262 Nos
996 4224 1143 4275 vero,
1169 4209 1259 4279 qui
1287 4219 1340 4263 et
1366 4209 1653 4280 prophetas
1677 4219 1733 4266 et
1751 4211 2024 4290 aposmlos
2047 4221 2102 4266 et
2121 4227 2276 4267 evan-

683 4303 901 4377 gelistas
948 4302 1195 4357 audimus
1223 4343 1238 4366 ,
1279 4312 1336 4357 et
1389 4313 1640 4360 sexcenta
1693 4307 1964 4361 cernimus
2005 4306 2272 4374 exempla,

685 4404 844 4463 utque
876 4409 934 4448 ea
964 4436 979 4458 ,
1014 4409 1134 4464 qua:
1162 4397 1618 4452 resurrectionem
1645 4395 1806 4450 nobis
1830 4395 2167 4464 esploratam
2197 4396 2275 4450 fa-

684 4487 1174 4552 ciunt,i.lidicimus,
1202 4487 1376 4543 adhuc
1398 4503 1540 4558 εῖδει-θ
1561 4487 1780 4542 ferimus
1813 4507 1826 4542 :
1850 4489 2093 4558 quamvis
2117 4505 2274 4544 nemo

685 4581 776 4646 sit,
809 4581 897 4651 qui
928 4590 1003 4635 tot
1030 4595 1093 4636 ac
1121 4588 1264 4636 tanta
1295 4582 1396 4636 sibi
1429 4582 1566 4635 mala
1592 4582 1855 4638 accidisse
1884 4593 2045 4652 queat
2067 4582 2269 4637 dicere.

687 4672 820 4733 Nam
848 4673 1059 4727 tametsi
1089 4673 1210 4742 quis
1235 4673 1493 4743 pecunias
1519 4674 1720 4740 amisit,
1751 4683 1807 4728 at
1853 4689 1960 4728 non
2007 4683 2086 4729 tot
2138 4675 2277 4729 filios

687 4763 964 4834 filiasque;
993 4778 1055 4818 ac
1083 4764 1126 4818 si
1157 4765 1358 4831 amisit,
1389 4764 1613 4820 fortasse
1638 4764 1781 4836 quod
1815 4767 2116 4836 peccaverit
2142 4783 2154 4820 :
2188 4767 2278 4822 ille

686 4869 817 4909 vero
848 4865 1069 4924 repente
1108 4855 1160 4910 in
1189 4855 1381 4910 mediis
1405 4855 1704 4921 sacrificiis,
1730 4856 1822 4911 illo
1853 4857 1970 4926 ipso
2002 4867 2265 4926 tempore.

687 4947 815 5006 dum
842 4949 1142 5005 deserviret
1172 4959 1224 5004 ct
1253 4950 1456 5004 cultum
1488 4950 1748 5007 tribueret
1777 4950 1908 5006 Deo.
1939 4949 2090 5016 Quod
2137 4950 2181 5004 sl
2213 4952 2274 5003 li-

689 5042 814 5107 lios,
844 5057 908 5097 ae
936 5041 1151 5099 divitias
1195 5043 1352 5100 simul
1381 5051 1554 5100 tantas
1575 5083 1590 5108 ,
1621 5040 1762 5113 quod
1795 5043 1878 5097 vix
1913 5041 2028 5097 fieri
2061 5051 2271 5111 potest;

687 5143 739 5189 at
768 5150 874 5188 non
899 5149 997 5205 per
1039 5144 1210 5190 totum
1240 5149 1438 5204 corpus
1463 5133 1735 5189 ulceribus
1759 5142 1930 5188 scatet
1960 5147 2024 5188 ac
2067 5133 2272 5187 saniem

687 5223 933 5280 eminuit.
960 5225 1112 5291 Quod
1135 5227 1178 5280 si
1203 5225 1304 5280 hoc
1329 5240 1542 5296 quoque
1566 5266 1582 5291 ,
1610 5234 1664 5278 at
1691 5239 1798 5279 non
1828 5223 2148 5279 insultantes
2176 5239 2276 5279 na-

689 5325 808 5374 ctus
831 5327 912 5371 cst
936 5328 1096 5389 atque
1135 5319 1522 5388 exprobrantes
1555 5336 1569 5372 :
1600 5317 1743 5389 quod
1771 5317 1987 5387 quidem
2034 5318 2273 5372 omnium

689 5410 920 5467 tnuime
947 5426 1056 5464 nos
1076 5426 1311 5481 pungere
1355 5412 1656 5478 consuevit,
1699 5413 1976 5483 magisque
2000 5427 2159 5482 quam
2189 5426 2277 5467 ea-

691 5497 960 5556 lamitates
1007 5501 1157 5570 ipsae.
1190 5501 1424 5566 Etenim,
1473 5502 1518 5557 si
1549 5501 1636 5557 ubi
1682 5503 1735 5557 in
1781 5502 1938 5558 malis
1967 5501 2160 5557 adsunt
2186 5503 2275 5573 qui

693 5605 793 5647 nos
817 5592 1162 5649 consolentur
1186 5609 1250 5649 ac
1290 5594 1530 5651 dolorem
1560 5595 1784 5658 leniant,
1818 5595 2093 5666 bonasque
2123 5595 2277 5650 nobis

689 5699 813 5750 spes
842 5684 1096 5752 injiciant,
1132 5697 1309 5741 tamen
1338 5687 1473 5742 adeo
1513 5687 1807 5757 frangimur
1845 5695 2008 5756 atque
2036 5687 2273 5742 animum

691 5771 1086 5846 despondenms
1112 5794 1125 5831 ε
1155 5778 1327 5851 cogita
1357 5788 1611 5853 quantum
1668 5778 1795 5836 illud
1846 5778 2040 5846 fuerit,
2075 5793 2271 5850 expro-

1368 328 1428 385 S.
1467 321 1744 380 JO.\NNlS
1778 315 2259 376 (IllRYSOSTOMI
2301 314 2620 370 ARCIIIEP.
2647 315 3180 374 CONSTANTINOP.

3843 327 3950 384 εις

2361 426 2580 484 brantes
2606 429 2823 487 habere.
2846 433 2903 490 Si
2937 436 3090 498 illttd,
3122 435 3360 491 Sustinui
3384 437 3470 506 qui
3497 437 3657 494 simul
3681 441 3948 495 contrista-

2356 529 2515 588 retur,
2543 533 2590 576 ct
2634 541 2734 578 non
2761 527 2894 597 fuit;
2943 537 2990 582 et
3021 529 3111 600 qui
3149 529 3516 595 consolaretur,
3547 542 3596 586 et
3635 550 3734 588 non
3784 534 3954 588 inrcui

2358 611 2532 681 (Psal.
2565 614 2654 669 68.
2684 616 2799 688 2|),
2834 635 2999 687 grave
3028 629 3190 690 atque
3214 621 3552 678 intolerabile
3581 634 3698 678 erat
3734 642 3748 680 :
3776 641 3950 695 quan-

2358 714 2469 760 tmn
2500 707 2716 764 tandem
2750 713 2872 765 mali
2911 714 3012 768 erit
3044 729 3141 783 pro
3179 715 3586 770 consolantibus
3629 717 3866 773 incidere
3897 719 3950 773 in

2358 800 2788 866 exprobrantes:
2821 802 3195 872 Consolatores,
3236 806 3429 878 inquit,
3480 810 3731 864 nullorum
3778 827 3952 868 oumss

2361 888 2502 961 (Job.
2535 890 2723 964 16.2).

2430 981 2486 1036 4.
2517 983 2570 1038 Si
2609 983 2725 1038 ha-e
2753 986 2965 1043 assidue
2992 1004 3346 1054 versaremus,
3373 992 3418 1047 si
3449 993 3561 1049 hsec
3591 1009 3835 1050 essemus
3859 1012 3952 1050 ra.

2361 1072 2627 1138 tiocinati,
2670 1077 2812 1130 nulla
2860 1093 2991 1133 sane
3037 1084 3377 1149 praesentium
3422 1101 3598 1139 rerum
3639 1086 3826 1141 dolore
3854 1103 3954 1141 nos

2361 1163 2658 1228 alfccisset,
2690 1169 2741 1220 in
2775 1167 2925 1223 illum
2956 1171 3227 1228 intuentes
3252 1175 3541 1243 athletam,
3573 1177 3624 1230 in
3654 1178 3955 1236 adamanti-

2362 1271 2484 1310 nam
2515 1257 2660 1311 illam
2687 1260 2954 1325 animam,
2981 1264 3032 1317 in
3063 1275 3297 1320 tuentem
3341 1267 3485 1323 illam
3524 1285 3728 1324 aeneam
3753 1280 3810 1325 et
3832 1288 3953 1342 qua:

2364 1347 2530 1419 frangi
2575 1367 2679 1405 non
2713 1363 2892 1419 posset
2922 1373 2936 1409 :
2971 1357 3191 1424 perinde
3217 1360 3367 1429 quasi
3395 1377 3538 1416 terea
3559 1404 3574 1427 ,
3615 1363 3697 1416 vel
3743 1364 3956 1433 lapideo

2363 1454 2588 1509 corpore
2612 1444 2974 1500 circumdatus
2994 1459 3159 1514 esset,
3188 1449 3257 1504 ita
3284 1453 3460 1506 omnia
3485 1468 3747 1524 generose
3773 1473 3836 1511 ac
3865 1473 3956 1526 pa-

2365 1533 2560 1587 tienter
2583 1533 2805 1592 ferebat.
2833 1537 2956 1593 lla'c
2979 1543 3296 1612 cogitantes,
3319 1545 3498 1600 omnia
3522 1546 3640 1602 sine
3663 1565 3956 1607 murmura-

2365 1623 2600 1679 tionibus
2625 1637 2787 1697 atque
2821 1629 3159 1689 hresitatioue
3202 1634 3480 1692 faciamus.
3522 1637 3652 1692 Boni
3683 1640 3954 1709 quidpiam

2364 1713 2527 1781 facis,
2569 1731 2631 1771 ac
2665 1723 3005 1776 murmuras?
3043 1727 3177 1778 cur?
3217 1743 3343 1781 num
3389 1726 3526 1782 forte
3565 1730 3813 1800 imposita
3861 1733 3956 1788 tibi

2366 1808 2658 1862 necessitas
2687 1812 2811 1866 est?
2851 1812 3003 1880 Novi,
3035 1815 3228 1885 inquit,
3259 1819 3476 1881 inultos,
3506 1821 3595 1890 qui
3627 1822 3827 1877 circum
3860 1840 3956 1878 vos

2365 1911 2511 1966 sunt,
2544 1917 2638 1955 vos
2665 1919 2802 1972 pene
2827 1921 3021 1975 cogere
3054 1920 3105 1961 ut
3137 1912 3482 1965 murmuretis
3508 1912 3636 1981 (hoc
3663 1917 3805 1968 enim
3835 1916 3960 1969 sub-

2369 1992 2563 2047 indicat
2592 1996 2696 2050 illis
2721 1997 2918 2063 verbis,
2947 1999 3012 2053 lu
3041 2002 3207 2056 medio
3236 2005 3456 2058 nationis
3483 2023 3654 2075 prava!
3682 2019 3726 2061 et
3754 2025 3957 2075 perver-

2367 2087 2460 2152 sa!)
2488 2103 2500 2137 :
2528 2096 2582 2138 at
2604 2087 2705 2142 hoc
2731 2087 2944 2143 demum
2975 2091 3290 2147 admirabile
3319 2104 3420 2154 est,
3447 2112 3620 2164 neque
3647 2097 3806 2151 etiam
3835 2114 3956 2154 cum

2370 2178 2621 2246 pnngaris
2647 2190 2806 2248 atque
2837 2181 3128 2251 impellaris
3148 2223 3164 2248 ,
3189 2199 3256 2238 co
3282 2185 3499 2240 adduci.
3539 2186 3672 2242 Nam
3700 2198 3755 2241 et
3785 2189 3958 2242 sidera

2371 2270 2422 2324 in
2452 2282 2607 2326 nocte
2635 2271 2854 2342 fulgent.
2886 2275 2938 2328 in
2969 2276 3204 2330 tenebris
3232 2277 3498 2342 emicant;
3527 2287 3838 2350 tantumque
3863 2281 3962 2334 ah-

2369 2372 2488 2428 est,
2513 2373 2571 2417 ιιι
2594 2364 2750 2418 ullam
2780 2365 3186 2433 pulcltritudinis
3213 2383 3324 2422 sum
3359 2368 3622 2436 iacturam
3653 2371 3876 2436 faciant,
3904 2381 3962 2428 ut

2369 2453 2731 2522 splendidiora
2755 2457 2913 2511 etiam
2937 2469 3229 2527 appareant
3250 2479 3264 2514 :
3284 2460 3370 2513 ubi
3389 2462 3531 2515 enim
3556 2461 3640 2516 lux
3661 2463 3956 2532 advenerit,

2373 2563 2479 2601 non
2517 2565 2670 2618 atque
2713 2559 2994 2619 apparent.
3036 2550 3109 2605 lta
3150 2551 3310 2606 etiam
3337 2561 3412 2616 ιιι,
3437 2553 3482 2607 si
3511 2553 3653 2608 inter
3677 2569 3958 2624 perversos

2373 2641 2618 2697 homines
2662 2652 2839 2698 rectus
2882 2645 3172 2708 manseris,
3213 2645 3417 2700 lucebis
3457 2647 3657 2717 magis,
3699 2648 3959 2718 longeque

2371 2735 2738 2789 admirabilius
2781 2737 2881 2791 erit
2927 2739 3042 2792 sine
3086 2737 3502 2805 reprehensione
3542 2753 3682 2793 esse.
3728 2740 3866 2808 Ergo
3894 2757 3960 2794 ne

2374 2827 2474 2881 hoc
2499 2826 2746 2891 afferant,
2779 2843 3051 2898 occupans
3086 2829 3198 2896 ipse
3234 2828 3282 2882 id
3311 2829 3508 2883 attulit.
3533 2829 3668 2896 Quid
3693 2841 3798 2894 cst,
3835 2830 3959 2883 Ver.

2372 2920 2488 2972 bum
2531 2921 2644 2974 rita:
2689 2920 3039 2974 continentes?
3083 2919 3136 2972 Id
3172 2931 3280 2982 est,
3319 2922 3406 2990 qui
3446 2921 3512 2974 ad
3552 2921 3714 2976 vitam
3753 2923 3960 2978 venturi

2373 3014 2522 3073 estis.
2552 3013 2640 3082 qui
2670 3028 2734 3066 ex
2764 3027 2988 3066 numero
3011 3027 3196 3066 eorum
3224 3013 3374 3077 estis,
3403 3012 3491 3082 qui
3519 3013 3740 3068 salutem
3765 3029 3961 3068 conso-

2373 3119 2627 3178 quuntur.
2672 3105 2807 3159 Vide
2855 3121 3013 3174 quam
3060 3109 3315 3159 continuo
3353 3105 3641 3175 subiecerit
3686 3107 3900 3175 pra-mia
3945 3126 3958 3166 ;

2376 3198 2703 3261 Ltnuinaria,
2735 3197 2924 3267 inquit,
2956 3197 3217 3252 rationein
3248 3213 3308 3251 ac
3339 3199 3637 3253 facultatem
3678 3199 3808 3258 lucis
3835 3216 3964 3250 νοη-

2376 3291 2567 3345 tinent.
2595 3289 2730 3354 Quid
2769 3298 2872 3354 est,
2915 3288 3125 3342 Verbum
3157 3289 3310 3344 vitta?
3340 3290 3535 3344 Semen
3576 3291 3695 3342 vitae
3733 3289 3783 3342 in
3815 3290 3965 3344 vobis

2377 3382 2614 3446 habetis,
2664 3383 2764 3436 hoc
2806 3391 2916 3445 e-t,
2947 3383 3168 3452 p’gnora
3207 3391 3264 3436 et
3297 3397 3482 3437 semen
3513 3384 3634 3436 vita:
3671 3382 3962 3439 ltztbrlllrs:

2377 3476 2480 3531 hoc
2507 3486 2662 3531 vocat
2699 3478 2918 3532 verbum
2956 3478 3097 3531 vitm.
3129 3478 3267 3545 Ergo
3295 3478 3474 3531 οτι-ιετί
3501 3491 3689 3531 omnes
3727 3477 3918 3529 mortui
3948 3491 3966 3532 ε

2378 3571 2428 3626 id
2454 3574 2595 3625 enim
2623 3571 2799 3626 verbis
2826 3571 2942 3624 istis
2968 3572 3221 3625 indicavit
3250 3587 3262 3622 :
3291 3571 3527 3633 alioquin
3554 3579 3604 3624 et
3631 3569 3719 3625 alii
3743 3571 3967 3623 verbum

2377 3664 2498 3717 vita:
2533 3663 2944 3716 continuissent.
2987 3661 3066 3713 Ad
3101 3661 3346 3731 gloriam,
3379 3661 3582 3730 inquit,
3615 3677 3794 3712 meam.
3829 3661 3969 3727 Quid

2379 3753 2482 3808 hoc
2505 3754 2630 3807 est?
2656 3753 2722 3806 Et
2747 3769 2867 3822 ego,
2893 3753 3083 3820 inquit,
3112 3752 3375 3821 particeps
3403 3768 3520 3806 sum
3545 3762 3842 3807 vestrorum
3871 3753 3970 3808 bo-

2378 3861 2592 3900 norum.
2617 3844 2783 3898 Tanta
2805 3852 2890 3899 est
2914 3853 3087 3897 vestra
3118 3843 3308 3909 virtus,
3333 3854 3384 3896 ul
3411 3859 3514 3898 non
3543 3843 3716 3898 solum
3742 3844 3970 3900 salutem

2379 3935 2466 3990 det
2496 3936 2647 3989 vobis
2671 3976 2687 4000 ,
2717 3933 2809 3988 sed
2840 3949 2925 3988 me
2952 3933 3110 3988 etiam
3138 3931 3338 3988 clarum
3369 3932 3546 3990 faciat.
3574 3934 3828 4003 Quzenam
3856 3935 3971 4004 glo-

2381 4029 2480 4091 ria,
2506 4044 2538 4081 ο
2565 4029 2716 4082 beate
2745 4028 2946 4082 Paule?
2979 4027 3225 4098 Flagellis
3250 4027 3495 4096 cmderis,
3514 4029 3973 4098 expelleris,con-

2382 4120 2614 4174 tuineliis
2647 4117 2877 4174 afficeris
2917 4127 3096 4174 nostra
3126 4134 3285 4174 causa
3316 4137 3330 4172 :
3363 4129 3643 4190 propterea
3669 4120 3871 4190 inquit,
3903 4121 3972 4178 In

2380 4212 2514 4264 diem
2545 4211 2754 4276 Christi,
2779 4211 2900 4281 quia
2931 4227 3032 4264 non
3063 4213 3113 4264 in
3145 4227 3357 4264 vacuum
3377 4212 3598 4274 cucurri,
3623 4229 3780 4283 neque
3808 4213 3859 4266 iu
3894 4229 3974 4266 ra-

2379 4322 2533 4358 cuum
2571 4304 2796 4358 laborari
2820 4319 2838 4367 ,°
2864 4303 2958 4358 sed
2990 4319 3203 4372 semper
3231 4314 3314 4357 est
3343 4303 3484 4358 unde
3525 4304 3722 4372 glorier
3754 4321 3839 4360 me
3867 4321 3971 4360 non

2383 4400 2576 4454 frustra
2609 4397 2931 4454 cucurrisse.
2963 4398 3047 4451 Π.
3076 4395 3182 4452 Sed
3226 4397 3322 4451 etsi
3371 4397 3626 4452 immolar.
3655 4398 3769 4452 Non
3797 4397 3930 4452 dixit
3956 4438 3971 4461 ,

2382 4492 2544 4546 etiam
2567 4490 2612 4545 si
2634 4489 2832 4544 moriar
2852 4508 2865 4545 :
2885 4488 3333 4559 quemadmodum
3353 4505 3525 4559 neque
3544 4489 3610 4542 ad
3631 4489 3975 4545 Timotheum

2381 4583 2658 4648 scribens;
2693 4599 2815 4636 nam
2845 4592 2892 4635 et
2930 4581 2998 4634 ibi
3033 4580 3220 4636 eadem
3247 4581 3396 4642 dicit,
3425 4581 3538 4651 Ego
3565 4582 3697 4634 enim
3727 4583 3842 4652 jam
3873 4581 3974 4637 ἰηι-
4057 4634 4068 4645 ,

2382 4677 2546 4729 molor
2575 4674 2649 4746 (‘2.
2685 4674 2816 4728 Tim.
2849 4674 2900 4728 4.
2932 4673 3022 4740 6);
3059 4674 3249 4742 partim
3295 4674 3580 4729 consolans
3624 4674 3745 4728 illos
3779 4674 3848 4728 de
3877 4689 3975 4728 sua

2383 4769 2550 4838 ipsius
2573 4777 2765 4828 morte,
2793 4768 2982 4836 partim
3013 4767 3294 4819 instituens
3316 4776 3371 4818 nt
3393 4775 3618 4820 mortem
3642 4780 3738 4834 pro
3761 4765 3980 4820 Christo

2384 4859 2659 4914 Illlllicl'ﬂle
2703 4857 2893 4912 fer-nt.
2928 4858 3150 4914 Victima
3171 4899 3185 4920 ,
3215 4859 3415 4926 inquit,
3446 4855 3686 4927 quaedam
3715 4864 3768 4908 ct
3798 4855 3980 4914 hostia

2383 4951 2572 5006 evado.
2601 4950 2645 5005 Ο
2673 4950 2880 5005 beatam
2919 4951 3188 5005 animam!
3223 4950 3458 5004 llostiam
3490 4956 3643 5001 vocat
3685 4945 3982 5001 institutio-

2385 5058 2505 5097 nem
2548 5043 2776 5098 illorum.
2811 5039 2976 5096 Multo
3021 5041 3186 5095 satius
3219 5039 3493 5093 immolare
3525 5037 3783 5103 animam,
3815 5054 3978 5110 quam

2386 5134 2576 5189 bovem
2609 5132 2909 5189 immolare.
2941 5133 3280 5204 Quapropter
3305 5129 3348 5184 si
3388 5130 3438 5184 in
3468 5129 3571 5184 hoc
3597 5129 3861 5184 sacrificio
3890 5145 3981 5184 me

2385 5227 2556 5296 ipstnn
2601 5223 2905 5286 tradidero,
2951 5221 3153 5292 inquit,
3192 5220 3343 5291 quasi
3383 5221 3690 5285 victimam;
3733 5220 3974 5290 gaudeo,

2385 5319 2591 5388 inquit,
2621 5315 2689 5372 de
2732 5331 2850 5371 mea
2892 5322 3068 5370 morte
3097 5331 3110 5367 :
3137 5312 3242 5371 hoc
3269 5313 3413 5368 enim
3446 5314 3546 5371 ista
3577 5315 3736 5368 verba
3776 5313 3984 5384 signiti-

2384 5419 2529 5475 cant,
2560 5407 2735 5478 Supra
2756 5407 3064 5476 sacri/icium
3088 5416 3134 5460 et
3158 5407 3448 5477 obsequium
3470 5406 3589 5476 ﬁdei
3618 5416 3813 5466 vestra,
3838 5421 3978 5475 gauo

2385 5502 2478 5555 deo
2498 5510 2545 5554 et
2570 5501 2895 5570 congratulor
2923 5498 3154 5554 omnibus
3178 5498 3315 5555 vobis
3339 5513 3358 5552 :
3390 5499 3476 5558 18.
3495 5499 3715 5571 idipsum
3735 5506 3902 5550 autem
3929 5505 3980 5549 et

2384 5609 2472 5649 vos
2515 5593 2728 5664 gaudete
2770 5601 2817 5645 et
2860 5591 3283 5662 caugratulamiui
3332 5590 3475 5648 mihi.
3507 5587 3643 5656 Quid
3684 5597 3978 5655 COng-ruttt-

2384 5687 2554 5743 laris?
2577 5685 2738 5741 \‘ides
2765 5685 3037 5758 quomodo
3060 5685 3308 5742 ostendat
3331 5680 3667 5754 gaudendum
3691 5679 3796 5736 illis
3817 5693 3936 5734 esse
3952 5677 3979 5732 ι

2386 5777 2605 5834 Gaudeo
2634 5779 2812 5850 igitur,
2846 5779 3035 5849 inquit,
3067 5793 3154 5833 me
3185 5777 3412 5832 libamen
3450 5771 3560 5827 fieri
3586 5788 3600 5840 ;
3631 5770 3980 5844 conm-atuior
