4170 6514
541 415 644 468 2ῖῖ

543 546 644 599 ego
685 543 783 585 vos
825 535 1008 589 amat,
1050 525 1363 582 Timotheus
1402 531 1483 580 est
1517 533 1709 582 :erant
1740 535 1915 578 autem
1948 531 2002 577 et
2041 518 2131 575 alii

544 636 681 692 quos
725 621 992 676 mitterem
1016 661 1032 687 ,
1068 615 1163 674 sed
1204 632 1364 673 nemo
1395 616 1516 671 talis
1544 626 1647 671 est.
1692 616 1829 685 Ergo
1874 614 1975 668 hoc
2012 622 2129 680 est,

548 714 854 767 unanimem
878 726 1019 778 esse,
1043 707 1331 778 discipulos
1360 705 1581 778 perinde
1601 717 1762 776 atque
1790 708 1904 777 ipse
1929 719 2131 760 amare.

548 805 650 870 Qui
676 805 896 869 sincera,
925 802 1116 872 inquit,
1147 798 1413 866 aﬁ'cctione
1440 814 1533 868 pro
1562 797 1699 852 vobis
1720 796 1965 852 sollicitus
1994 795 2135 865 [utu-

545 912 631 949 rus
660 894 760 960 sit;
793 893 845 948 id
871 900 1221 962 cst,patcrna.
1249 888 1439 945 Omnes
1459 889 1593 943 enim
1613 904 1726 950 qua:
1744 905 1837 943 sua
1861 896 1979 941 sunt
1998 901 2135 956 qua:-

544 997 684 1051 runt,
711 1003 811 1041 non
836 1001 949 1056 qua:
970 984 1095 1039 Iesu
1118 982 1348 1050 Christi;
1374 982 1426 1038 id
1451 989 1553 1046 est,
1574 982 1961 1053 jucunditatem
1983 994 2132 1035 suam

543 1096 606 1135 ac
627 1079 973 1136 securitatem
1000 1095 1016 1132 :
1037 1076 1178 1147 quod
1205 1075 1366 1130 etiam
1389 1073 1455 1129 ad
1478 1072 1818 1129 Timotheum
1841 1070 2128 1127 scribebat.

545 1172 652 1227 Sed
682 1186 779 1226 cur
816 1172 1004 1225 is‘tluec
1041 1166 1425 1238 conqueritur?
1453 1164 1564 1221 Nos
1593 1165 1791 1221 docens
1815 1206 1830 1228 ,
1861 1163 1988 1218 dum
2021 1162 2136 1217 haec

547 1264 793 1319 atulimus
813 1304 828 1328 ,
862 1277 928 1317 ne
955 1260 1147 1317 eodem
1181 1257 1565 1330 prolabamur;
1597 1255 1799 1311 docens
1827 1253 2096 1309 auditores
2116 1293 2132 1319 ,

548 1374 615 1411 ne
643 1355 1059 1412 oblectationem
1098 1367 1162 1408 ac
1203 1351 1444 1422 requiem
1472 1358 1736 1420 quaerant.
1766 1347 1899 1402 Nam
1931 1345 2020 1417 qui
2051 1360 2137 1400 re-

547 1449 727 1519 quiem
756 1447 967 1518 quaerit,
997 1461 1102 1501 non
1126 1443 1463 1516 qute'Christi
1488 1450 1633 1505 sunt,
1659 1439 1754 1495 sed
1780 1454 1874 1494 sua
1899 1437 2091 1510 quaerit
2117 1453 2132 1493 :

510 1522 519 1532 ”
547 1547 763 1607 oportet
790 1537 932 1593 enim
963 1545 1178 1606 paratos
1200 1542 1304 1588 'nos
1334 1544 1456 1588 esse
1480 1530 1548 1585 ad
1577 1529 1821 1600 quemvis
1859 1528 2099 1584 laborem
2117 1567 2133 1593 ,

549 1630 616 1683 ad
647 1629 889 1699 quamvis
918 1625 1187 1682 miseriam
1216 1621 1568 1680 subeundam.
1594 1620 1684 1675 Ἠ.
1717 1620 2136 1691 Experimentum

550 1734 750 1788 autent,
780 1721 983 1791 inquit,
1022 1719 1133 1789 ejus
1171 1722 1486 1789 cognoscite,
1518 1716 1637 1785 quia
1668 1715 1797 1769 sicut
1838 1711 1971 1782 patri
1997 1712 2138 1779 ﬁlius

549 1830 741 1869 mecum
767 1813 965 1869 servivit
990 1812 1043 1865 in
1072 1810 1404 1882 evangelium.
1442 1808 1520 1863 Ne
1551 1807 1602 1863 id
1631 1823 1660 1862 a
1689 1822 1775 1861 tne
1802 1815 2002 1861 temere
2031 1802 2137 1859 dici

548 1907 748 1978 putetis
772 1947 788 1974 ,
819 1920 916 1961 vos
939 1919 1151 1975 quoque
1173 1945 1186 1970 ,
1222 1902 1422 1973 inquit,
1452 1901 1555 1957 hoc
1580 1899 1791 1965 sciatis,
1826 1898 1975 1952 illum
2006 1896 2135 1950 mihi

522 2010 605 2064 nt
651 1999 788 2070 patri
837 1997 1004 2052 lilium
1048 1995 1102 2051 in
1148 1994 1481 2066 evangelium
1525 1994 1780 2048 servisse.
1824 1990 2012 2045 Merito
2051 1988 2138 2044 hic

545 2089 889 2164 Timotheum
916 2086 1293 2151 commendat,
1324 2094 1381 2139 ut
1409 2083 1549 2155 apud
1581 2083 1700 2139 illos
1730 2097 1922 2151 magno
1952 2080 2005 2134 in
2035 2079 2135 2134 ho-

546 2198 680 2237 nore
735 2181 1011 2235 habeatur.
1068 2177 1183 2233 Hoc
1242 2177 1402 2233 etiam
1442 2174 1507 2230 ad
1547 2172 1854 2230 Corinthios
1897 2172 2140 2227 scribens

546 2272 674 2326 facit
712 2270 829 2326 istis
872 2268 1080 2335 verbis,
1115 2267 1198 2323 Ne
1232 2268 1346 2338 quis
1383 2266 1530 2320 illaut
1559 2273 1810 2336 spernat:
1838 2278 1966 2332 opus
2007 2260 2139 2316 enim

552 2364 759 2418 Domini
801 2372 1074 2432 operatur,
1106 2362 1233 2416 sicut
1263 2370 1312 2415 ct
1340 2376 1431 2429 ego
1465 2358 1555 2430 (1.
1585 2358 1702 2413 Cor.
1736 2357 1822 2412 16.
1856 2353 1956 2427 10)
1989 2374 2002 2411 :
2033 2369 2137 2409 non

548 2467 657 2511 tam
688 2457 760 2512 illi
796 2455 1150 2526 prospiciens,
1178 2468 1337 2524 quam
1366 2453 1432 2507 iis
1455 2456 1547 2523 qui
1569 2452 1740 2521 ipsum
1768 2450 2054 2521 recipiunt,
2084 2458 2141 2503 ut

551 2564 795 2617 magnam
824 2555 1096 2616 reportent
1119 2544 1439 2600 mercedem.
1459 2542 1548 2598 25.
1572 2541 1725 2596 Hunc
1744 2542 1918 2612 igitur,
1944 2540 2137 2610 inquit,

547 2657 696 2711 spero
729 2640 939 2703 mittere,
972 2653 1089 2691 mox
1115 2645 1167 2689 ut
1192 2634 1363 2689 videro
1386 2649 1501 2705 qua:
1523 2635 1657 2687 circa
1683 2649 1762 2687 me
1788 2643 1924 2687 sunt.
1949 2630 2006 2687 Id
2035 2639 2136 2694 est,

549 2732 641 2787 nhi
669 2731 854 2785 videro
881 2729 1001 2798 quis
1032 2728 1100 2782 sit
1135 2736 1305 2781 status
1340 2740 1525 2780 rerum
1557 2738 1795 2778 mearum
1820 2763 1837 2790 ,
1874 2735 2140 2793 quemque

549 2827 659 2882 sint
683 2825 884 2880 exitum
917 2821 1197 2877 habituras.
1224 2819 1314 2875 24.
1351 2816 1566 2889 Conﬁdo
1595 2826 1763 2871 autem
1794 2816 1847 2870 in
1889 2814 2136 2877 Domino,

550 2920 786 2990 quoniam
813 2927 859 2972 et
886 2917 993 2987 ipse
1033 2915 1226 2969 veniam
1251 2912 1321 2966 ad
1349 2927 1436 2966 vos
1461 2913 1581 2966 cito.
1614 2909 1729 2965 Non
1772 2919 2049 2979 propterea
2079 2906 2142 2960 il-

549 3015 661 3068 lum
691 3011 864 3075 mitto,
894 3007 1035 3080 quod
1064 3008 1175 3076 ipse
1203 3014 1463 3060 venturus
1490 3020 1594 3058 non
1626 3004 1748 3067 sitn,
1783 3001 1878 3057 sed
1915 3000 1981 3055 Ut
2010 3001 2138 3054 bono

552 3107 722 3161 animo
765 3105 894 3167 sim,
936 3100 1148 3172 cognitis
1198 3114 1311 3170 quae
1356 3099 1491 3152 circa
1535 3112 1622 3150 vos
1663 3111 1680 3149 :
1722 3103 1780 3149 ut
1823 3108 1890 3147 ne
1936 3093 2137 3146 interea

553 3197 713 3252 etiam
737 3209 919 3250 verser
947 3194 997 3247 in
1020 3200 1318 3247 vestrarum
1342 3203 1519 3243 rerum
1544 3186 1894 3256 ignoratione.
1923 3183 2140 3253 Conﬁdo

551 3301 739 3353 autem,
772 3286 963 3358 inquit,
990 3286 1044 3339 in
1075 3283 1333 3347 Domina;
1364 3280 1414 3335 id
1442 3288 1545 3345 est,
1574 3279 1619 3334 si
1648 3278 1792 3333 Deus
1816 3277 2064 3333 voluerit.

620 3383 675 3436 2.
714 3378 850 3435 Vide
873 3393 1031 3449 quam
1074 3375 1166 3431 ille
1193 3374 1441 3428 omnibus
1478 3373 1529 3426 in
1562 3372 1724 3427 rebus
1765 3371 1832 3427 de
1860 3372 1969 3426 Deo
1992 3387 2129 3442 pen-

552 3473 708 3536 deat,
752 3479 808 3527 et
837 3469 967 3525 nihil
1009 3484 1073 3523 es
1106 3482 1200 3522 sua
1233 3466 1498 3521 sententia
1528 3466 1857 3535 pronuntiet.
1896 3464 1989 3519 25.
2034 3461 2140 3518 Ne—

552 3567 825 3622 cossarium
870 3572 1037 3617 autem
1067 3560 1348 3616 existimavi
1388 3557 1799 3630 Epaphroditum
1845 3559 2055 3629 fratrem
2094 3564 2140 3610 et

553 3664 930 3726 rooperatorem
957 3661 1003 3706 et
1033 3650 1427 3706 commilitonem
1468 3663 1652 3702 meum.
1687 3646 1757 3701 Et
1783 3645 1925 3701 hunc
1954 3660 2141 3702 rursus

556 3742 743 3797 iisdem
766 3758 828 3797 ac
851 3740 1192 3796 Timotheum
1216 3737 1474 3793 encomiis
1497 3745 1743 3792 ornatum
1772 3736 1956 3791 mittit.
1988 3735 2138 3790 Illum

556 3835 699 3887 enim
748 3832 958 3888 duobus
999 3831 1082 3886 his
1113 3831 1419 3885 nominibus
1443 3827 1874 3894 commendavit,
1914 3827 2056 3898 quod
2086 3837 2141 3884 et

555 3941 651 3980 eos
668 3933 843 3989 amet;
868 3925 1003 3980 dixit
1033 3925 1198 3991 enim,
1229 3925 1330 3990 Qui
1349 3923 1546 3978 sincera
1566 3920 1836 3988 affectione
1856 3932 2021 3976 vestra
2044 3938 2140 3976 cu-

557 4027 760 4072 raturus
789 4018 960 4081 sit;et
989 4016 1130 4087 quod
1158 4016 1209 4070 in
1239 4014 1518 4085 evangelio
1542 4012 1693 4068 valde
1713 4027 1772 4069 se
1797 4012 2136 4083 probaverit:

552 4111 703 4166 hunc
730 4111 889 4181 igitur
917 4120 968 4164 et
1003 4109 1193 4164 iisdem
1233 4121 1390 4178 quam
1420 4106 1567 4160 illum
1595 4103 1902 4159 nominibus
1940 4104 2138 4158 laudat.

555 4203 882 4268 Quomodo?
911 4201 1175 4268 Queniam
1207 4198 1475 4271 appellare
1502 4196 1721 4253 fratrem
1749 4205 1799 4251 et
1824 4203 2141 4263 conparato-

556 4312 671 4352 rem
692 4337 710 4362 ,
740 4310 914 4365 neque
941 4294 1043 4349 hoc
1078 4300 1420 4353 contentum.
1453 4289 1652 4345 addere
1687 4288 1847 4344 etiam
1873 4287 2140 4342 commili-

559 4399 740 4441 tonem
763 4427 777 4453 ,
806 4384 1138 4440 ostendentis
1165 4392 1246 4438 est
1279 4382 1352 4436 illi
1384 4395 1597 4452 quoque
1627 4393 1807 4434 secum
1835 4376 2139 4433 communia

559 4479 724 4532 fuisse
764 4476 1000 4549 pericula
1023 4517 1037 4538 ,
1081 4484 1241 4545 atque
1271 4473 1458 4528 eadem
1504 4471 1573 4525 de
1602 4471 1693 4525 illo
1731 4484 1795 4524 ac
1822 4468 1892 4523 de
1935 4481 1995 4521 se
2025 4465 2141 4534 ipso

559 4571 916 4626 testificantis.
957 4567 1110 4636 Quod
1156 4567 1325 4637 inquit
1363 4564 1807 4626 Comntilitonem,
1861 4558 1981 4629 plus
2023 4569 2138 4622 est,

556 4677 717 4734 quam
765 4662 1176 4731 Cooperatoretn.
1219 4656 1446 4723 Quidam
1495 4655 1640 4710 enim
1680 4653 1903 4707 fortasse
1942 4648 2138 4715 fuerit,

556 4753 647 4823 qui
671 4755 722 4808 iu
751 4753 956 4808 levibus
978 4750 1192 4824 qyidcm
1217 4747 1443 4818 negotiis
1465 4748 1670 4800 socium
1699 4759 1758 4799 se
1781 4740 1970 4811 agendi
2000 4754 2137 4810 prte-

558 4848 716 4911 lteat,
771 4848 823 4900 in
866 4844 1009 4899 bello
1052 4852 1233 4897 autem
1278 4855 1341 4895 ac
1370 4836 1622 4909 periculis
1668 4849 1773 4890 non
1824 4831 2140 4888 item:dum

556 4952 688 4993 vero
729 4936 894 4998 dixit,
941 4934 1375 4999 Comntilitonem,
1421 4931 1521 4983 hoc
1560 4942 1771 4997 quoque
1800 4923 2138 4994 signiﬁcavit.

567 5028 801 5081 Vestrum
831 5037 998 5080 autem
1019 5064 1038 5093 ,
1067 5025 1271 5094 inquit,
1301 5019 1592 5092 apostolum
1611 5058 1626 5083 ,
1659 5027 1706 5071 et
1731 5017 2018 5070 ministrum
2054 5029 2142 5067 ne—

555 5120 808 5175 cessitatis
853 5133 1009 5184 mete,
1052 5117 1250 5169 mittere
1287 5113 1355 5166 ad
1381 5128 1486 5167 vos.
1522 5109 1576 5165 Id
1607 5122 1723 5174 σει,
1763 5107 1949 5162 Vestra
1988 5104 2143 5158 vobis

556 5214 822 5266 donamus
844 5251 857 5272 ,
900 5207 1025 5262 dum
1055 5207 1140 5261 vel
1178 5213 1415 5259 vestrum
1456 5200 1730 5257 hominem
1760 5198 1826 5251 ad
1855 5211 1949 5251 vos
1971 5195 2141 5250 mitti-

560 5318 699 5370 mus,
725 5303 809 5358 vel
833 5316 959 5357 eum
984 5301 1073 5371 qui
1102 5312 1211 5377 “vos
1237 5298 1444 5353 doceat.
1472 5294 1678 5349 Rursus
1710 5291 1871 5345 multa
1903 5289 1971 5344 de
2002 5289 2142 5344 illius

558 5398 785 5451 caritate
813 5393 1029 5463 subjicit
1054 5392 1274 5456 dicens,
1315 5388 1407 5444 26.
1429 5385 1706 5453 Quoniam
1741 5383 1941 5451 quidem
1971 5396 2143 5435 onmes

561 5505 646 5543 ros
673 5488 1027 5550 desiderabat;
1054 5494 1098 5539 et
1124 5493 1326 5538 mastus
1350 5488 1456 5534 erat
1501 5486 1767 5550 prapterea
1792 5474 1927 5547 quod
1964 5472 2142 5526 audieo

557 5582 684 5634 ratis
709 5578 858 5633 illum
886 5578 1222 5646 iit/innatum.
1251 5574 1344 5628 ‘27.
1388 5565 1526 5625 Nam
1551 5579 1600 5625 et
1629 5569 1916 5637 inﬁrmatus
1953 5572 2027 5620 est
2058 5579 2143 5616 us»

557 5691 653 5738 que
672 5672 739 5725 ad
768 5681 1007 5734 mortem,
1033 5667 1125 5723 sed
1151 5666 1291 5722 Deus
1320 5664 1555 5718 misertus
1584 5670 1657 5716 est
1686 5661 1826 5732 ejus,
1858 5672 1957 5710 non
1979 5654 2143 5709 solum

558 5775 725 5816 autem
761 5763 904 5831 ejus,
943 5775 1112 5813 verum
1151 5761 1303 5810 etiam
1332 5764 1379 5809 et
1419 5755 1549 5820 mei,
1590 5768 1655 5805 ne
1692 5749 1951 5804 tristitiam
1990 5760 2135 5813 super

559 5855 812 5909 tristitiam
856 5851 1109 5905 haberem.
1157 5846 1268 5901 Hoc
1299 5845 1418 5900 loco
1460 5851 1515 5899 et
1555 5840 1701 5897 aliud
1745 5837 1999 5909 quiddam
2030 5835 2140 5905 agit

1282 428 1320 465 ο.
1361 406 1637 465 JOANNlS
1673 402 2141 464 ειιιιϊδοδτοιιι
2182 400 2494 462 Λῐῖὒιιίιεῗῢ.
2535 402 3066 468 ΟΟΧδΤΛΝΤΙΝΟΡ.

3730 417 3834 479 21¢

2249 523 2559 590 ostendens,
2583 525 2948 597 Epaphrodito
2972 529 3132 585 etiam
3156 529 3311 587 valde
3331 531 3663 603 exploratum
3686 552 3829 607 esse,

2242 617 2409 672 amari
2442 630 2502 673 se
2529 632 2558 672 a
2579 619 2758 675 vobis.
2800 620 2913 677 Hoc
2939 637 3069 677 vero
3095 638 3202 678 non
3232 639 3417 692 parum
3443 626 3511 680 ad
3540 628 3829 684 amandum

2240 709 2380 764 solet
2409 710 2646 766 allicere.
2672 712 2955 778 Quomodo
2975 714 3000 768 ἲ
3020 714 3325 785 Εετοιιινῖῑ
3347 758 3361 781 ,
3386 715 3593 788 inquit,
3613 730 3669 775 et
3691 736 3829 777 mte-

2241 802 2309 856 sti
2344 800 2553 869 ruistis;
2581 802 2871 870 convaluit,
2905 815 2960 860 et
2985 819 3084 860 vos
3111 820 3341 863 mter-ore
3367 807 3646 876 liberavit,
3668 826 3830 881 quem

2240 906 2307 947 ex
2357 893 2524 964 ipsius
2565 894 2928 951 invaletudiue
2968 896 3300 968 capiebatis:
3338 914 3438 955 nec
3479 910 3658 956 tamen
3698 917 3827 973 pro-

2241 995 2425 1054 pterea
2470 984 2583 1054 ipse
2614 1000 2845 1041 interere
2872 985 3066 1052 desiit,
3094 989 3188 1043 sed
3215 988 3432 1044 dolebat
3461 1005 3568 1045 non
3594 1005 3675 1059 se,
3704 1007 3830 1049 cum

2242 1075 2527 1139 valuisset,
2565 1090 2664 1130 vos
2693 1076 2913 1132 vidisse.
2947 1076 3045 1133 llic
3071 1088 3121 1133 et
3151 1079 3294 1134 aliud
3322 1081 3465 1151 agit,
3507 1080 3574 1136 ad
3614 1083 3697 1137 sui
3726 1082 3827 1140 de-

2243 1166 2537 1223 fensionem
2568 1181 2784 1222 causam
2811 1167 3040 1225 all‘erens
3061 1209 3077 1236 ,
3110 1170 3181 1225 ob
3204 1186 3364 1241 quam
3395 1173 3569 1227 serius
3596 1172 3664 1228 ad
3706 1174 3828 1229 illos

2242 1261 2414 1315 mittat
2444 1277 2458 1315 :
2485 1275 2591 1314 non
2616 1260 2759 1315 enim
2788 1261 2841 1316 id
2882 1278 2949 1318 ex
2975 1263 3299 1335 negligentia
3346 1264 3495 1333 lleri,
3528 1267 3621 1322 sed
3653 1267 3831 1323 Timo-

2244 1351 2426 1407 thcum
2455 1350 2672 1423 quidem
2695 1367 2726 1406 a
2755 1368 2816 1407 se
2840 1353 3095 1421 retineri,
3132 1354 3387 1424 quoniam
3428 1355 3697 1412 neminem
3729 1357 3826 1411 Ita-

2241 1442 2401 1511 beat;
2433 1443 2702 1499 Neminem
2722 1445 2885 1511 enim,
2910 1445 3115 1516 inquit,
3147 1446 3305 1501 habeo
3331 1448 3657 1514 unanimem;
3687 1449 3828 1519 Epa-

2244 1537 2552 1609 phroditum
2581 1552 2708 1592 vero
2734 1537 2805 1592 ob
2832 1537 3273 1594 iuvaletudiuem.
3305 1539 3508 1596 Deinde
3536 1541 3829 1599 ostendens

2244 1630 2455 1701 longam
2484 1644 2549 1685 ac
2582 1629 2889 1684 diuturnam
2930 1629 3127 1696 fuisse,
3151 1630 3392 1687 addidit:
3428 1630 3568 1686 Nam
3592 1643 3640 1688 et
3675 1634 3827 1703 inﬁr-

2243 1732 2410 1775 matus
2456 1731 2529 1775 est
2572 1737 2730 1791 usque
2766 1722 2836 1775 ad
2874 1732 3108 1776 mortem.
3156 1721 3317 1778 Vides
3361 1735 3619 1793 quantum
3665 1723 3826 1781 studii

2242 1811 2495 1866 adhibeat
2528 1811 2755 1876 Paulus,
2787 1827 2855 1868 ne
2884 1812 3161 1883 discipulis
3189 1815 3301 1867 suis
3321 1812 3611 1884 quidquam
3637 1814 3738 1870 loci
3767 1830 3829 1871 se

2242 1904 2402 1959 uilius
2433 1894 2770 1975 negligentiae
2792 1918 2855 1959 ac
2881 1904 3142 1960 socordite
3170 1906 3512 1963 insimulaodi
3535 1907 3825 1978 relinquat,

2243 2011 2417 2066 neque
2444 1994 2751 2065 suspicaudi
2777 1995 2913 2062 ideo,
2939 1996 3081 2066 quod
3108 1996 3251 2066 ipsos
3276 2006 3685 2065 eomtemneret,
3718 2014 3826 2053 non

2243 2087 2542 2161 profectum
2572 2086 2907 2143 esselNulla
2935 2089 3078 2143 enim
3104 2102 3165 2143 re
3193 2104 3345 2158 mque
3363 2088 3509 2144 allici
3533 2089 3829 2162 discipulus

2243 2190 2458 2251 potest,
2514 2194 2578 2235 ac
2608 2179 2956 2249 persuasione
2988 2179 3117 2243 hac,
3162 2193 3305 2233 cura:
3347 2193 3408 2235 se
3451 2195 3575 2236 esse
3619 2196 3826 2250 prtece-

2244 2272 2381 2342 ptori
2401 2313 2415 2336 ,
2440 2286 2644 2342 suaque
2669 2285 2828 2327 causa
2857 2270 3008 2325 illum
3036 2284 3288 2339 maerere,
3313 2269 3455 2340 quod
3483 2270 3827 2327 exuberantis

2243 2364 2482 2420 caritatis
2525 2373 2628 2418 cst.
2677 2362 2999 2427 Audieratis,
3033 2362 3239 2433 inquit,
3281 2362 3428 2416 illum
3468 2362 3782 2430 inﬁrmatam
3806 2378 3827 2418 :

2245 2470 2365 2508 nam
2389 2464 2437 2509 et
2462 2454 2752 2522 inﬁrmatus
2777 2463 2850 2507 est
2880 2468 3037 2521 usque
3075 2453 3144 2505 ad
3187 2460 3419 2505 mortent.
3452 2452 3529 2506 Ac
3564 2466 3633 2508 ne
3671 2461 3828 2522 putes

2245 2550 2345 2604 ista
2368 2548 2497 2603 mihi
2528 2562 2623 2618 per
2645 2546 3045 2602 simulationem
3069 2545 3173 2601 dici
3192 2585 3207 2610 ,
3230 2543 3357 2599 audi
3379 2546 3655 2614 sequentia
3682 2566 3696 2600 :
3721 2544 3829 2601 Sed

2246 2641 2382 2695 Deus
2422 2641 2656 2695 misertus
2683 2647 2756 2694 est
2796 2639 2927 2710 ejus.
2957 2636 3095 2705 Quid
3136 2638 3252 2705 ais,
3296 2635 3549 2692 hmretice
3575 2636 3690 2706 (a)?
3717 2636 3829 2691 lloc

2246 2737 2367 2792 loco
2411 2734 2834 2792 misericordiam
2881 2732 2974 2787 Dei
3025 2739 3210 2795 vovat,
3264 2728 3500 2786 retinere
3540 2728 3693 2784 illum
3737 2729 3827 2797 qui

2244 2827 2485 2883 abiturus
2513 2835 2658 2891 erat,
2692 2835 2745 2881 et
2771 2824 2838 2878 ad
2863 2823 3028 2878 vitam
3054 2836 3326 2876 revocare.
3353 2820 3508 2887 Quod
3528 2820 3572 2875 si
3598 2818 3830 2874 mundus

2245 2940 2275 2979 e
2307 2931 2389 2978 set
2417 2923 2466 2975 in
2492 2920 2665 2987 malis,
2687 2935 2791 2972 non
2819 2915 3185 2971 misericordia
3212 2912 3327 2968 haec
3352 2922 3500 2969 esset
3525 2912 3828 2982 relinquere

2248 3015 2298 3068 in
2332 3012 2492 3067 malo.
2520 3011 2785 3066 Caeterum
2811 3007 3072 3061 adversus
3099 3004 3408 3059 inereticum
3433 3004 3649 3075 quidem
3675 3003 3831 3059 facile

2245 3114 2328 3159 est
2362 3103 2541 3157 dicere
2567 3141 2583 3165 ,
2614 3114 2743 3169 erga
2771 3096 3138 3153 Christianum
3168 3105 3345 3150 autem
3387 3095 3512 3166 quid
3540 3094 3779 3150 dicemus
3804 3095 3831 3149 ?

2245 3195 2378 3250 Nam
2406 3193 2493 3248 hic
2527 3190 2754 3246 fortasse
2781 3187 3080 3254 haesitabit,
3110 3202 3173 3242 ae
3200 3187 3343 3242 dicet
3369 3204 3384 3242 :
3415 3184 3554 3255 Quid
3574 3185 3599 3237 ‘l
3626 3186 3671 3241 si
3715 3182 3829 3240 dis-

2246 3286 2378 3341 solvi
2410 3294 2464 3340 et
2493 3297 2615 3339 esse
2641 3298 2762 3336 cum
2783 3281 3001 3336 Christo
3026 3284 3194 3335 multo
3223 3278 3576 3350 prtesmbilius
3593 3318 3608 3344 ,
3632 3293 3728 3333 cur
3749 3277 3832 3332 itt-

2245 3379 2360 3449 quit
2390 3378 2561 3447 ipsum
2607 3371 3026 3429 miscricordiam
3073 3386 3192 3428 esse
3226 3368 3662 3439 consequutum?
3705 3367 3821 3438 E30

2248 3484 2377 3523 vero
2402 3467 2575 3522 dicam
2602 3482 2615 3520 :
2643 3465 2780 3533 Quid
2813 3471 2925 3530 est,
2974 3462 3116 3533 quod
3147 3462 3261 3530 ipse
3302 3459 3500 3529 inquit,
3532 3457 3702 3529 magis
3729 3472 3830 3511 ue-

2245 3559 2537 3617 cessarium
2565 3570 2685 3611 esse
2710 3568 2931 3610 manere
2973 3562 3193 3622 propter
3239 3548 3371 3604 vos?
3399 3548 3531 3603 Nam
3562 3546 3829 3618 quemad-

2246 3651 2464 3709 modum
2494 3638 2657 3704 Paulo
2679 3646 2781 3701 hoc
2802 3643 3164 3700 necessarium
3196 3649 3332 3705 erat,
3366 3640 3436 3693 ita
3469 3649 3522 3692 ct
3552 3636 3832 3707 Epaphro-

2246 3746 2361 3800 dito
2390 3763 2402 3800 :
2428 3743 2625 3813 quippe
2650 3740 2739 3811 qui
2762 3735 3111 3807 amplioribus
3139 3748 3259 3789 cum
3291 3731 3492 3786 divitiis
3518 3730 3829 3800 maioreque

2249 3839 2466 3895 lidcntia
2510 3851 2574 3891 ac
2619 3833 2905 3890 securitate
2943 3830 3012 3886 ad
3053 3831 3216 3885 Deum
3257 3828 3499 3885 abiturus
3535 3838 3697 3885 esset.
3726 3829 3831 3885 Et-

2246 3932 2389 3988 enim
2414 3928 2544 3984 illud
2569 3926 2784 3999 quidem
2810 3923 3018 3980 etiamsi
3040 3920 3310 3993 paululum
3339 3919 3665 3988 dill‘erretur,
3682 3922 3827 3976 lutu-

2247 4038 2367 4077 rum
2399 4031 2574 4075 tamen
2603 4017 2823 4073 omnino
2849 4021 2994 4080 erat;
3023 4012 3219 4068 lucrari
3263 4026 3394 4069 vero
3424 4013 3648 4079 animas,
3679 4022 3830 4084 post-

2247 4132 2404 4187 quam
2430 4113 2556 4168 illuc
2573 4111 2812 4175 abiisset,
2831 4124 2937 4164 non
2961 4115 3191 4179 poterat.
3220 4106 3334 4162 Hoc
3353 4105 3581 4174 accedit,
3607 4104 3829 4162 Paulum

2249 4208 2414 4263 multa
2452 4221 2516 4260 ex
2555 4203 2827 4260 communi
2860 4200 3188 4256 audientium
3219 4215 3381 4255 sensu
3410 4199 3681 4271 proferre,
3730 4214 3830 4254 ne.

2247 4316 2349 4371 que
2377 4297 2572 4369 ubique
2601 4292 2966 4367 philosOphari
2997 4310 3014 4349 :
3043 4293 3109 4348 ad
3151 4291 3450 4347 mundanus
3479 4291 3621 4347 enim
3653 4290 3831 4345 homi-

2250 4406 2345 4444 nes
2365 4402 2546 4444 sermo
2577 4385 2675 4456 ipsi
2702 4393 2818 4441 erat
2843 4385 3142 4449 institutus,
3166 4392 3395 4437 mortem
3425 4382 3602 4437 adhuc
3634 4381 3829 4436 timen-

2250 4492 2348 4537 tes.
2372 4482 2638 4537 Prteterea
2664 4478 2922 4543 OStendit,
2944 4477 3130 4550 quanti
3157 4475 3575 4546 Epaphroditum
3596 4475 3828 4530 faceret:

2250 4574 2480 4645 hincque
2506 4572 2579 4627 illi
2620 4570 2976 4627 reverentiam
3007 4569 3294 4640 quamdam
3321 4568 3609 4634 conciliat,
3647 4575 3831 4638 utpote

2246 4668 2399 4736 cujus
2426 4664 2651 4720 salutem
2682 4661 2819 4718 adeo
2845 4659 2947 4719 sibi
2991 4661 3173 4715 utilem
3215 4674 3337 4715 esse
3377 4667 3621 4720 testetur.
3656 4670 3712 4712 ut
3739 4673 3829 4711 se-

2248 4774 2369 4814 cum
2397 4770 2613 4827 quoque
2639 4769 2704 4808 ex
2732 4750 2875 4808 illius
2906 4751 3272 4808 incolumitate
3301 4748 3718 4805 misericorditer
3742 4763 3833 4803 ac-

2250 4861 2360 4905 tum
2405 4856 2573 4917 putet.
2607 4846 2874 4902 Pneterea
2906 4858 3070 4910 vero,
3104 4853 3161 4897 ut
3196 4842 3298 4898 hoc
3335 4841 3643 4905 mittamus,
3670 4838 3829 4891 aliam

2248 4958 2462 5017 quoque
2502 4942 2573 4997 ob
2601 4954 2818 4996 causam
2848 4938 2986 4992 bona
3031 4946 3112 4991 est
3144 4949 3380 5005 praesens
3408 4932 3534 4987 vita.
3561 4929 3694 4985 Nam
3725 4930 3829 4985 nisi

2250 5036 2447 5091 bonum
2475 5039 2652 5100 esset,
2681 5045 2779 5085 cur
2820 5029 2941 5084 loco
2978 5027 3359 5098 suppliciorqu
3393 5030 3702 5078 numeraret
3728 5021 3833 5075 im-

2248 5136 2488 5182 maturas
2507 5122 2752 5179 mortes?
2775 5117 3223 5189 quemadmodum
3255 5115 3342 5169 ubi
3368 5113 3568 5184 inquit,
3599 5111 3729 5166 Ideo
3752 5112 3835 5166 in-

2250 5229 2325 5271 ter
2365 5232 2451 5271 vos
2480 5214 2626 5268 ntulti
2666 5211 2860 5281 inﬁrmi
2890 5219 2935 5263 et
2969 5206 3241 5262 imbecilles
3261 5247 3276 5269 ,
3317 5213 3363 5258 et
3404 5203 3661 5258 dormiunt
3689 5203 3835 5256 multi

2251 5312 2329 5383 (ι.
2361 5309 2481 5365 Cor.
2512 5308 2598 5362 ll.
2631 5305 2748 5375 50).
2781 5300 2982 5360 Futura
3009 5300 3157 5356 enim
3194 5300 3302 5354 vita
3343 5295 3573 5367 improbi
3604 5294 3835 5350 hominis

2251 5421 2357 5460 non
2385 5401 2596 5463 melior,
2631 5398 2739 5452 imo
2769 5395 2907 5450 mala
2935 5403 3053 5458 est;
3103 5391 3255 5463 probi
3285 5398 3463 5445 autem
3503 5389 3711 5445 melior.
3752 5385 3836 5440 Ne

2252 5494 2550 5559 tristitiam,
2596 5489 2802 5558 inquit,
2852 5501 3005 5557 super
3047 5483 3303 5538 tristitiam
3349 5483 3618 5545 haberem,
3661 5494 3729 5534 ne
3767 5477 3834 5532 ad

2251 5599 2539 5641 maerorem
2564 5623 2579 5648 ,
2618 5595 2777 5652 quem
2813 5593 2879 5634 ex
2908 5576 3078 5648 ipsius
3105 5573 3469 5631 invaletudiue
3511 5571 3786 5642 capiebam
3813 5609 3830 5633 ,

2251 5679 2536 5735 accederet
2562 5689 2763 5731 mteror
2783 5689 2849 5728 ex
2881 5680 3074 5727 morte.
3104 5669 3178 5724 Ita
3200 5669 3383 5739 quanti
3410 5666 3515 5738 Epa
3526 5662 3834 5737 phroditum

2317 5839 2389 5900 (tt)
2415 5835 2621 5886 Videtur
2642 5833 2723 5883 hic
2746 5830 3025 5881 ltanichmos
3046 5826 3372 5889 redarguere.
