4170 6520
641 421 747 476 E249

643 547 754 586 των
807 529 1100 592 δείκνυσιν,
1175 527 1300 579 ὅσου
1347 527 1573 596 τιμᾶται
1623 525 1716 579 τὸν
1797 525 2210 596 Ἐπαφρόδιτον.

641 619 1124 687 Σπουδαιοτέρως
1176 612 1290 671 οὖν
1355 617 1600 686 ἔπεμψα
1674 617 1881 670 αὐτόν.
1953 617 1996 668 Τ
2003 617 2018 668 ί
2077 618 2213 680 ἐστι,

642 710 1154 778 Σπουδαιοτέρως;
1213 707 1531 770 Τουτέστιν,
1571 706 2002 776 Ἀνυπερθέτως,
2048 708 2216 778 χωρὶς

645 803 976 874 μελλήσεως,
1009 799 1146 870 μετά
1173 797 1370 852 πολλοῦ
1389 797 1486 851 τοῦ
1507 799 1730 870 τάχους,
1755 799 2018 861 κελεύσας
2041 799 2218 852 πάντα

641 893 1011 964 ὑπερθέμενον
1051 890 1226 944 ἐλθεῖν
1266 890 1402 958 πρὸς
1444 890 1608 959 ὑμᾶς,
1643 890 1733 944 ἶνα
1773 893 1871 960 τῆς
1921 889 2218 960 ἀδημονίας

638 981 952 1052 ἀπαλλαγῇ.
982 980 1056 1033 Οὐ
1083 979 1190 1049 γὰρ
1216 977 1361 1032 οὕτω
1388 981 1512 1042 τοὺς
1538 979 1908 1049 ποθουμένους
1930 978 2217 1041 ἀκούοντες

637 1078 696 1127 ἐν
729 1074 890 1144 ύγείᾳ
923 1073 1081 1135 ὄντας
1119 1070 1404 1142 χαίρομεν,
1441 1069 1516 1132 ὡς
1559 1071 1687 1124 ὃταν
1723 1070 1941 1140 ἴδωμεν,
1988 1070 2082 1122 καὶ
2113 1069 2219 1139 μά-

638 1163 815 1226 λιστα,
857 1165 986 1218 ὅταν
1011 1163 1142 1234 παρ’
1167 1162 1390 1225 ἐλπίδας
1421 1161 1555 1232 ἐκϐῇ
1584 1161 1644 1213 τὸ
1673 1164 1900 1230 πρᾶγμα
1923 1177 1935 1190 ·
1968 1161 2104 1231 ὅπερ
2125 1162 2217 1214 ἐπὶ

651 1252 1046 1323 Ἐπαφροδίτου
1095 1252 1216 1306 τότε
1261 1251 1472 1320 γέγονε.
1527 1247 2013 1316 Σπουδαιοτέρως
2081 1243 2215 1310 οὖν,

641 1343 828 1414 φησὶν,
857 1343 1098 1412 ἔπεμψα
1130 1343 1335 1406 αὑτὸν,
1367 1343 1467 1397 ἵνα
1495 1340 1726 1404 ἰδόντες
1755 1339 1944 1393 αὐτὸν
1977 1337 2216 1407 χαρῆτε,

641 1435 804 1503 κάγὼ
839 1436 1212 1502 ἀλυπότερος
1253 1429 1317 1487 ὦ.
1371 1432 1493 1494 Πῶς
1549 1431 1916 1501 ἀλυπότερος;
1957 1431 2077 1483 ’Ότι
2121 1429 2218 1482 ἐὰν

639 1526 797 1596 ὑμεῖς
823 1525 1075 1596 χαίρητε,
1126 1523 1279 1591 κάγὼ
1317 1523 1512 1594 χαίρω,
1565 1522 1659 1575 καὶ
1705 1517 1858 1584 οὗτος
1910 1521 2090 1590 χαίρει
2129 1522 2221 1574 ἐπὶ

637 1616 863 1688 τοιαύτῃ
889 1616 1070 1686 ἡδονῇ,
1103 1617 1194 1668 καὶ
1227 1613 1335 1682 ἐγὼ
1357 1613 1692 1682 ἀλυπότερος
1735 1611 1952 1680 ἔσομαι.
1992 1611 2100 1664 Καὶ
2121 1612 2221 1664 οὐκ

639 1703 814 1766 εἶπεν,
838 1709 1101 1772 Ἄλυπος,
1122 1707 1259 1770 ἀλλ’,
1285 1707 1705 1772 Ἀλυπότερος,
1737 1703 1947 1765 δεικνὺς
1969 1704 2052 1756 ὅτι
2076 1703 2220 1756 οὐδέ-

603 1835 608 1840 -
643 1817 773 1854 ποτε
806 1801 840 1870 ἡ
879 1798 1028 1870 ψυχὴ
1061 1798 1225 1852 αὐτοῦ
1254 1795 1322 1870 ἦν
1345 1799 1524 1869 λύπης
1551 1797 1728 1859 ἐκτός.
1774 1796 1833 1850 '0
1868 1795 1978 1865 γὰρ
2019 1796 2216 1863 λέγων,

641 1891 742 1956 Τίς
771 1889 1032 1952 ἀσθενεῖ,
1065 1889 1164 1942 καὶ
1196 1890 1304 1942 οὐκ
1333 1885 1569 1942 ἀσθενῶ
1593 1904 1610 1950 ;
1634 1885 1724 1952 τίς
1741 1883 2218 1950 σκανδαλίζεται,

633 1979 736 2032 καί
789 1980 900 2032 οὐκ
945 1977 1061 2046 ἐγὼ
1109 1976 1443 2044 πιιροῦμαι;
1502 1974 1631 2026 πότε
1682 1973 1856 2042 λύπης
1907 1971 2062 2034 ἐκτὸς
2119 1964 2218 2041 ἦνς

649 2071 707 2122 Ὢ
719 2071 796 2122 ςεὶ
819 2070 970 2138 ἔλεγε
991 2087 1004 2100 ·
1031 2069 1250 2139 Ταύτην
1277 2067 1604 2136 ἀποτίθεμαι
1638 2065 1736 2136 τὴν
1752 2065 2011 2134 ἀθυμίαν.
2031 2067 2222 2130 Προσ-

634 2160 887 2228 δέχεσθε
911 2155 1024 2213 οὖν
1047 2158 1234 2212 αὑτὸν
1264 2157 1333 2210 ἐν
1370 2157 1564 2228 Κυρίῳ
1583 2155 1734 2224 μετὰ
1769 2153 1976 2220 πάσης
2005 2151 2217 2222 χαρᾶς.

651 2248 755 2301 Ἐν
779 2247 1000 2314 Κυρίῳ,
1039 2247 1069 2299 ὃ
1111 2249 1246 2310 ἐστι,
1287 2227 1699 2314 πνευματικῶς.
1753 2246 2032 2308 Τουτέστι,
2083 2243 2224 2314 μετὰ

641 2337 844 2408 πολλῆς
897 2337 998 2406 τῆς
1055 2337 1328 2406 σπουδῆς·
1391 2335 1590 2404 μᾶλλον
1637 2335 1693 2388 δέ
1732 2335 1817 2400 τὸ,
1869 2336 1965 2387 Ἐν
1995 2335 2220 2403 Κυρίῳ,

641 2428 800 2482 τοῦτό
829 2428 966 2490 ἐστι,
1003 2427 1095 2478 τοῦ
1141 2426 1275 2479 Θεοῦ
1339 2426 1602 2488 θέλοντος.
1657 2425 1847 2489 Ἀξίως
1897 2425 2005 2477 τῶν
2053 2427 2222 2493 ἁγίων

645 2517 1000 2582 ὑποδέξασθε,
1063 2518 1156 2570 καὶ
1211 2515 1399 2586 ὥσπερ
1456 2517 1582 2578 τοὺς
1625 2517 1815 2584 ἁγίους
1857 2517 2219 2587 ὑποδέχεσθαι

641 2611 910 2680 προσῆκε,
935 2610 1098 2662 Μετὰ
1123 2607 1350 2674 πάσης,
1389 2608 1542 2677 φησὶ,
1572 2609 1782 2676 χαρᾶς.

710 2699 972 2764 γ’.Ταῦτα
989 2700 1166 2752 πάντα
1185 2702 1327 2752 ποιεῖ
1352 2700 1490 2770 ὑπὲρ
1513 2699 1691 2753 αὐτῶν
1707 2699 1949 2766 ἐκείνων,
1966 2702 2064 2772 οὐχ
2081 2700 2222 2772 ὑπὲρ

637 2791 749 2844 τῶν
780 2790 1172 2860 πεμπομένων.
1199 2791 1400 2855 Μεῖζον
1425 2793 1534 2860 γὰρ
1554 2791 1615 2844 τὸ
1643 2792 1830 2862 κέρδος
1851 2793 1928 2864 τῷ
1955 2793 2218 2858 ποιοῦντι,

640 2881 676 2953 ἣ
708 2880 786 2950 τῷ
822 2881 1086 2950 πάσχοντι
1133 2875 1213 2934 εὖ.
1242 2882 1353 2934 Καί
1393 2873 1540 2948 τοὺξ
1579 2884 1891 2948 τοιούτους
1942 2882 2223 2952 ἐντίμους

641 2973 830 3040 ἔχετε.
853 2973 1133 3038 Τουτέστι,
1157 2973 1526 3043 Προσδέχεσθε
1543 2973 1706 3026 αὐτὸν
1721 2973 1887 3038 ἀξίως
1905 2973 2012 3028 τῶν
2030 2973 2219 3040 ἀγίων.

645 3064 776 3118 ’Ὁτι
803 3063 899 3118 διὰ
931 3062 998 3116 τὸ
1058 3065 1236 3133 ἔργον
1291 3063 1398 3116 τοῦ
1445 3063 1708 3131 Χριστοῦ
1749 3063 1928 3132 μέχρι
1959 3063 2222 3118 θανάτου

639 3155 874 3226 ἥγνισε,
910 3153 1560 3224 παραϐουλευσάμενος
1599 3153 1674 3222 τῇ
1704 3153 1900 3222 ψυχῇ,
1939 3155 2041 3208 ἵνα
2073 3156 2222 3208 ἀνα-

641 3245 934 3314 πληρώσῃ
969 3245 1036 3298 τὸ
1069 3244 1235 3313 ὑμῶν
1256 3243 1569 3313 ὑστέρημα
1617 3243 1728 3312 τῆς
1754 3245 1906 3312 πρὸς
1933 3244 2039 3314 ἐμὲ
2066 3249 2225 3300 λειτ-

642 3339 913 3406 ουργίας.
969 3329 1138 3398 Οὗτος
1194 3339 1346 3407 κοινῇ
1403 3335 1555 3408 παρὰ
1605 3337 1704 3406 τῆς
1750 3337 1955 3400 πόλεως
1997 3333 2064 3406 ἦν
2115 3339 2222 3392 ἀπ-

645 3428 980 3499 εσταλμένος
1003 3429 1112 3482 τῶν
1135 3427 1534 3498 Φιλιππησίων,
1559 3427 1698 3482 ὥστε
1727 3429 1805 3500 τῷ
1831 3429 2028 3500 Παύλῳ
2051 3429 2227 3482 διακο-

641 3522 775 3584 νεῖν,
816 3518 850 3589 ἢ
903 3519 997 3572 καὶ
1053 3518 1182 3581 ίσως
1231 3535 1284 3571 τι
1327 3519 1684 3588 ἀποκομίζων
1739 3519 1891 3590 αὐτῷ
1943 3520 2218 3591 ἐληλύθει.

645 3612 770 3664 Ὅτι
801 3611 910 3682 γὰρ
951 3610 1046 3664 καὶ
1095 3610 1352 3680 χρήματα
1397 3609 1642 3678 ἐκόμισε,
1684 3609 1921 3662 δείκνυσι
1966 3611 2104 3682 πρὸς
2145 3610 2223 3680 τῷ

597 3735 600 3738 ι
641 3702 785 3754 τέλει
818 3700 991 3768 λέγων
1016 3716 1029 3729 ·
1065 3697 1400 3767 Δεξάμενος
1427 3697 1539 3767 γὰρ
1585 3700 1752 3767 παρά
1793 3701 2222 3767 Ἐπαφροδίτου

599 3833 604 3838 .
642 3791 716 3844 τὰ
753 3790 890 3856 παρ’
923 3787 1111 3857 ὑμῶν.
1137 3789 1296 3851 Εἰκὸς
1330 3785 1422 3842 οἷν
1453 3790 1615 3842 αὐτὸν
1651 3791 1948 3842 ἐπιστάντα
1975 3793 2039 3862 τῇ
2072 3791 2223 3844 πόλει

657 3879 963 3947 Ῥωμαίων,
991 3880 1050 3931 ἐν
1079 3877 1222 3931 οὓτω
1255 3879 1433 3948 πολλῷ
1460 3880 1548 3932 τὸν
1567 3880 1780 3933 Παῦλον
1803 3881 2029 3952 κινδύνῳ
2052 3901 2222 3936 κατα-

645 3971 828 4025 λαϐεῖν
852 3971 946 4024 καὶ
974 3971 1207 4041 σφοδρῷ,
1237 3972 1314 4033 ὼς
1343 3971 1476 4040 μηδέ
1497 3971 1626 4034 τοὺς
1653 3971 2050 4042 πλησιάζοντας
2073 3972 2224 4042 αὐτῷ

623 4064 788 4164 λιετά
837 4062 1153 4164 ἀσφαλείας.
1177 4063 1437 4164 δύνασθαι
1490 4063 1649 4164 τοῦτο
1700 4066 1895 4164 ποιεῖν,
1942 4063 2080 4164 ἀλλά
2130 4067 2225 4164 καὶ

643 4151 841 4218 ᾶύτοὺς
879 4153 1194 4222 ἐπισφαλῶς
1226 4151 1542 4223 προσιέναι·
1585 4151 1723 4222 ὅπερ
1759 4151 1920 4204 εἴωθε
1975 4151 2223 4220 γίνεσθαι

649 4245 883 4316 μάλιστα
911 4246 969 4299 ἐν
1013 4247 1125 4307 τοῖς
1177 4243 1443 4308 κινδύνοις
1492 4245 1607 4306 τοῖς
1653 4242 1932 4312 μεγάλοις,
1973 4243 2068 4296 καὶ
2102 4245 2220 4306 ταῖς

643 4335 835 4406 ὀργαῖς
858 4332 966 4386 τῶν
991 4331 1255 4402 βασιλέων
1273 4335 1390 4395 ταῖς
1415 4330 1752 4401 ύπερὸαλλού
1763 4347 1898 4394 σαις.
1925 4331 2092 4383 Ὅταν
2115 4331 2222 4401 γάρ

644 4439 730 4486 τις
755 4421 966 4492 βασιλεῖ
979 4421 1436 4491 προσκεκρουκὼς
1459 4424 1538 4484 εἰς
1555 4421 1929 4494 δεσμωτήριον
1945 4422 2192 4494 ἐμϐληθῇ
2204 4463 2218 4486 ,

645 4513 739 4568 καὶ
763 4514 819 4568 ἐν
835 4512 1002 4582 πολλῇ
1025 4511 1248 4582 γένηται
1271 4511 1504 4582 φυλακῇ,
1529 4513 1649 4566 τότε
1667 4513 1761 4568 καὶ
1787 4517 1898 4577 τοῖς
1916 4514 2154 4578 οἰκέταις
2185 4516 2217 4586 ἡ

647 4604 908 4678 πρόσοδος
929 4603 1394 4674 ἀποτετείχισται,
1419 4603 1555 4674 ὅπερ
1577 4605 1720 4668 εἰκὸς
1749 4605 1838 4658 τὸν
1863 4604 2076 4660 Παῦλον
2102 4609 2224 4660 τότε

648 4697 900 4769 πάσχειν·
937 4697 1027 4750 τὸν
1055 4695 1112 4748 δέ
1169 4695 1557 4768 Ἐπαφρόδιτον
1601 4697 1770 4768 ἄνδρα
1799 4701 2045 4767 γενναῖον
2069 4699 2219 4768 ὄντα,

647 4791 852 4853 παντὸς
913 4789 1328 4860 καταφρονῆσαι
1383 4790 1652 4854 κινδύνου,
1703 4789 1843 4844 ὥστε
1905 4794 2223 4864 προσελθεῖν

646 4882 741 4936 καὶ
769 4881 1236 4956 ύπηρετήσασθαι,
1267 4881 1362 4936 καὶ
1397 4881 1575 4934 πάντα
1605 4881 1830 4952 πρᾶξαι,
1863 4885 2006 4957 άπερ
2035 4888 2220 4958 ἐχρῆν.

647 4973 752 5026 Δύο
782 4973 964 5028 τοίνυν
1015 4975 1252 5042 τίθησιν,
1293 4973 1385 5042 ἀφ’
1435 4965 1510 5024 ὧν
1547 4976 1690 5024 ποιεῖ
1717 4973 1880 5028 αὐτὸν
1923 4977 2219 5047 αἰδέσιμον-

597 5113 613 5119 ,.
647 5061 705 5116 ἓν
751 5061 870 5131 μὲν,
932 5063 1012 5115 ὅτι
1055 5062 1215 5132 μέχρι
1274 5061 1504 5115 Θανάτου
1562 5061 1922 5128 ἐκινδύνευσε,
1969 5067 2120 5135 φησι,
2155 5066 2224 5119 δι’

649 5153 747 5222 ἐμέ
769 5169 782 5184 ³
809 5153 1060 5223 δεύτερον
1089 5153 1167 5216 δὲ,
1202 5153 1364 5206 ὅτιτὸ
1391 5152 1680 5222 πρόσωπον
1693 5151 1856 5225 [968]
1889 5155 1988 5224 τῆς
2015 5157 2224 5222 πόλεως

603 5241 1012 5312 ,περιθέμενος
1074 5239 1248 5294 ταῦτα
1321 5241 1543 5310 ἔπαθεν,
1593 5243 1667 5307 ὡς
1713 5245 1774 5296 ἐν
1841 5243 1917 5313 τῷ
1995 5245 2224 5317 κινδύνῳ

653 5333 845 5401 ἐκείνῳ
881 5336 991 5396 τοῖς
1053 5332 1298 5401 πέμψασι
1365 5334 1681 5402 λογίσασθαι
1739 5335 1829 5388 τὸν
1887 5335 2096 5404 μισθὸν,
2147 5339 2223 5402 ὼς

652 5423 717 5474 ἂν
759 5425 792 5492 ἡ
847 5423 997 5487 πόλις
1051 5425 1389 5494 πρεσϐευτὴν
1443 5425 1708 5494 ἐπεμψεν.
1757 5425 1924 5476 Ὥστε
1975 5425 2034 5477 τὸ
2088 5429 2230 5496 μετά

654 5513 950 5582 θεραπείας
979 5515 1358 5580 ὐποδέξασθαι,
1391 5515 1486 5568 καὶ
1509 5515 1648 5584 ὑπὲρ
1679 5513 1786 5566 τῶν
1841 5519 2244 5586 γεγενημένων,

653 5604 1062 5675 εύχαριστῆσ›.ι,
1110 5607 1308 5676 μᾶλλόν
1343 5609 1459 5659 ἐστι
1493 5605 1821 5676 κοινωνῆσαι
1875 5607 1986 5669 τοῖς
2039 5609 2223 5662 τετολ-

655 5695 936 5765 μημένοις.
973 5699 1080 5751 Καὶ
1113 5699 1214 5751 ούκ
1250 5696 1394 5760 εἶπε,
1425 5699 1500 5750 Δι’
1535 5698 1656 5767 ἐμὲ,
1708 5697 1824 5750 ἀλλ’
1849 5697 2222 5764 ἀξιοπιστότε-

655 5802 745 5858 ρον
777 5787 904 5842 αὐτὸ
942 5793 1085 5842 ποιεῖ
1113 5789 1305 5856 λέγων,
1341 5790 1419 5842 ὅτι
1453 5789 1551 5842 Διὰ
1597 5787 1663 5841 τὸ
1700 5787 1876 5858 ἔργον
1913 5789 2018 5842 τοῦ
2049 5792 2216 5846 Θεοῦ.

1283 415 1338 472 S.
1379 411 1659 468 JOANNIS
1689 410 2174 468 CHRYSOSTOMI
2203 409 2518 466 ARCIIIEP.
2557 411 3108 468 CONSTANTINOP.

3755 419 3849 476 2‘10

2319 525 2453 578 Οὐδέ
2483 525 2591 595 γὰρ
2613 525 2678 578 δι’
2727 523 2826 593 ἐμὲ
2861 525 3024 589 ποιεῖ,
3067 521 3206 576 ἀλλὰ
3243 522 3331 576 διὰ
3379 521 3470 577 τὸν
3505 523 3632 580 Θεὸν
3661 525 3850 597 {mtas

2310 616 2485 684 μέχρι
2511 614 2790 669 θανάτου.
2829 614 2894 666 Τί
2943 614 3092 684 γάρ;
3137 615 3186 666 εί
3222 614 3296 684 μὴ
3335 614 3586 680 ἀπέθανε,
3621 617 3709 670 τοῦ
3731 618 3850 672 Θεοῦ

2314 708 2788 776 οίκονομήσαντος,
2817 705 2930 758 ἀλλ’
2965 706 3126 768 αὐτὸς
3163 705 3629 776 παρεϐουλεύσατο
3655 709 3743 761 καὶ
3781 709 3853 774 ἐξ·

2319 795 2518 850 έδωκεν
2547 797 2763 863 ἐαυτὸν,
2813 798 2889 860 ὡς
2917 797 3020 850 κᾶν
3047 796 3224 849 ὁτιοῦν
3257 796 3352 866 δέῃ
3379 797 3585 858 παθεῖν,
3619 798 3710 850 οὐκ
3733 799 3854 852 ἁπο-

2319 889 2652 958 στησόμενος
2677 888 2774 958 τῆς
2805 887 2938 957 πρός
2976 903 3042 956 με
3073 887 3388 956 θεραπείας.
3429 889 3492 940 Εἰ
3535 887 3590 940 δέ
3613 887 3743 954 ὑπὲρ
3774 887 3856 940 τοῦ

2317 979 2532 1032 Παύλου
2585 977 2922 1050 θεραπεῦσαι
2969 979 3050 1042 είς
3099 978 3331 1032 θάνατον
3385 977 3574 1031 ἐαυτὸν
3631 977 3857 1042 ἐξέδωκε,

2319 1073 2496 1144 πολλῷ
2529 1073 2726 1143 μᾶλλον
2749 1073 2890 1144 ὑπὲρ
2911 1072 3002 1126 τοῦ
3030 1073 3386 1143 κηρύγματος
3405 1071 3560 1124 τοῦτο
3589 1070 3652 1124 ἂν
3677 1070 3850 1124 ἔπαθε·

2325 1164 2524 1234 μᾶλλον
2559 1164 2618 1217 δὲ
2650 1165 2744 1216 καὶ
2785 1163 2942 1216 τοῦτο
2979 1163 3119 1233 ὑπὲρ
3155 1161 3251 1214 τοῦ
3294 1161 3642 1232 κηρύγματος
3680 1157 3762 1230 ἦν,
3807 1161 3862 1212 τὸ

2321 1254 2462 1324 ὑπὲρ
2483 1253 2690 1306 ἐκείνου
2727 1253 3036 1306 ἀποθανεῖν.
3069 1254 3143 1305 Οὐ
3169 1251 3277 1323 γὰρ
3325 1252 3486 1322 μόνον
3514 1251 3648 1322 ὑπὲρ
3681 1251 3768 1304 τοῦ
3795 1249 3862 1320 μὴ

2319 1343 2477 1398 θῦσαι
2529 1343 2824 1414 μαρτυρίου
2866 1343 3126 1410 στέφανον
3161 1342 3308 1399 ἐστιν
3340 1344 3719 1414 ἀναδήσασθαι,
3743 1341 3864 1396 ἀλλά

2320 1436 2413 1490 καὶ
2447 1436 2503 1488 αί
2534 1434 2781 1488 τοιαῦται
2809 1433 3110 1506 προφάσεις
3163 1433 3462 1506 μαρτύριον
3513 1432 3716 1486 ποιοῦσι
3740 1449 3753 1461 ⁸
3779 1431 3862 1485 καὶ

2319 1529 2366 1579 εἰ
2387 1527 2466 1579 δεῖ
2487 1543 2536 1578 τι
2563 1525 2875 1596 Θαυμαστὸν
2899 1525 3092 1588 εἰπεῖν,
3121 1523 3299 1594 πολλῷ
3325 1525 3522 1594 μᾶλλον
3545 1524 3603 1578 αί
3623 1522 3861 1584 τοιαῦται,

2319 1617 2352 1687 ἢ
2387 1618 2610 1670 ἐκεῖναιι
2651 1617 2708 1668 '0
2738 1616 2846 1686 γάρ
2892 1616 3034 1686 ὑπὲρ
3067 1614 3161 1667 τοῦ
3200 1614 3484 1678 ἐλάττονος
3531 1613 3862 1683 κατατολμῶν

2317 1705 2413 1758 τοῦ
2471 1705 2721 1769 Θανάτου,
2789 1703 2968 1774 πολλῷ
3029 1703 3228 1773 μᾶλλον
3277 1703 3422 1774 ύπέρ
3467 1701 3561 1756 τοῦ
3621 1701 3862 1773 μείζονος.

2323 1799 2483 1851 Ὥστε
2511 1797 2608 1850 καὶ
2644 1797 2826 1867 ἡμεῖς,
2871 1797 2999 1850 ὅταν
3035 1795 3234 1866 ἴδωμεν
3277 1795 3465 1864 ἁγίους
3497 1797 3554 1848 ἐν
3606 1793 3865 1856 κινδύνοις.

2319 1885 2876 1958 παραϐουλευώμεθα.
2923 1887 2997 1939 Οὐ
3047 1886 3156 1956 γὰρ
3211 1886 3290 1939 ἐνι
3321 1887 3394 1958 μὴ
3447 1885 3741 1955 τολμῶντα,
3767 1899 3866 1951 γεν-

2321 1979 2470 2035 ναῖόν
2495 1998 2548 2033 τι
2565 1980 2774 2050 πρᾶξαί
2805 1997 2958 2045 ποτε,
2975 1979 3111 2032 ἀλλά
3127 1979 3339 2050 ἀνάγκη
3359 1976 3500 2050 τδ[ν]
3532 1979 3628 2048 τῆς
3659 1975 3868 2031 ἐνταῦθα

2321 2071 2617 2140 ἀσφαλείας
2669 2070 3068 2142 προνοούμενον
3117 2071 3368 2124 ἐκπεσεῖν
3431 2070 3530 2139 τῆς
3573 2065 3865 2140 μελλούσης·

2322 2163 2456 2217 Ἵνα
2485 2161 2919 2230 ἀναπληρώσῃ,
2967 2162 3132 2231 φησι,
3167 2162 3232 2214 τὸ
3257 2161 3428 2230 ὑμῶν
3447 2161 3747 2228 ὑστέρημα
3771 2155 3870 2223 τῆς

2321 2252 2470 2320 πρός
2487 2267 2564 2321 με
2593 2251 2987 2320 λειτουργίας.
3017 2250 3081 2302 Τί
3131 2251 3246 2303 ἐστι
3295 2249 3496 2316 τοῦτο;
3537 2249 3610 2302 Οὐ
3637 2248 3804 2317 παρῆν
3839 2245 3868 2312 ή

2324 2345 2498 2409 πόλις,
2530 2343 2644 2396 ἀλλ’
2675 2343 3055 2413 ἐλειτούργησέ
3081 2359 3170 2412 μοι
3199 2342 3264 2393 δι’
3285 2342 3498 2396 ἐκείνου
3535 2341 3716 2398 πᾶσαν
3745 2337 3870 2390 λειτ-

2323 2435 2550 2506 ουργίαν
2587 2433 2664 2504 τῷ
2723 2435 2930 2486 ἐκεῖνον
2967 2432 3198 2504 πέμψαι.
3237 2433 3310 2486 Τὸ
3343 2428 3441 2486 οὖν
3485 2431 3756 2502 ὑστέρημα
3785 2427 3869 2496 τῆς

2323 2528 2594 2598 ὑμετέρας
2626 2526 2970 2596 λειτουργίας
2994 2525 3156 2588 αύτδς
3187 2525 3586 2598 ἐνεπλήρωσεν,
3623 2521 3755 2576 ὥστε
3781 2518 3867 2572 καὶ

2325 2620 2468 2674 κατά
2507 2619 2663 2672 τοῦτο
2687 2618 2895 2680 δίκαιος
2925 2615 2990 2671 ἀν
3021 2618 3105 2688 εἴη
3143 2617 3456 2670 ἀπολαῦσαι
3479 2617 3642 2686 τιμῆς
3670 2612 3869 2680 πολλῆς,

2321 2713 2402 2765 ὅτι
2427 2712 2563 2782 ὅπερ
2585 2709 2755 2781 ἐχρῆν
2786 2709 2992 2770 πάντας
3013 2710 3258 2777 ποιῆσαι,
3289 2707 3453 2762 τοῦτο
3475 2704 3701 2778 ἔπραξεν
3729 2699 3874 2762 αὐτὸς

2323 2803 2464 2871 ὺπέρ
2487 2801 2659 2870 ὑμῶν.
2687 2801 2796 2852 Καὶ
2825 2799 3062 2852 δείκνυσι
3087 2798 3182 2851 καὶ
3209 2797 3438 2869 πρώτην
3467 2793 3628 2853 οὖσαν
3657 2795 3872 2862 λειτουρ-

2322 2894 2448 2962 γίαν
2475 2893 2628 2963 παρά
2643 2892 2750 2946 τῶν
2779 2893 2840 2944 ἐν
2863 2891 3133 2961 ἀσφαλείᾳ
3160 2893 3272 2954 τοῖς
3293 2890 3680 2946 κινδυνεύουσι·
3701 2885 3762 2940 Τὸ
3783 2883 3874 2952 γὰρ

2321 2983 2632 3052 ὑστέρημα
2652 2981 2762 3050 τῆς
2797 2981 3173 3050 λειτουργίας
3201 2980 3372 3044 οὕτως
3403 2981 3642 3052 εἴρηται,
3663 2977 3733 3040 ὼς
3757 2971 3876 3043 πρὸς

2323 3073 2559 3142 ἐκείνην.
2624 3072 2786 3140 Ὁρᾷς
2831 3071 3088 3142 φρόνημα
3141 3071 3537 3140 ἀποστολικόν;
3593 3068 3754 3122 Τοῦτο
3789 3064 3877 3117 οὐκ

2321 3158 2382 3222 ἐξ
2413 3159 2671 3221 ἀπονοίας
2709 3158 2942 3226 γίνεται,
2975 3158 3110 3212 ἀλλά
3149 3159 3257 3212 ἀπὸ
3305 3159 3511 3232 πολλῆς
3547 3155 3870 3231 κηδεμονίας.

2325 3247 2444 3300 Ἵνα
2463 3245 2569 3318 γὰρ
2599 3247 2672 3316 μὴ
2689 3247 3044 3318 ἐπαίρωνται,
3067 3245 3203 3301 ἀλλά
3223 3247 3582 3318 μετριάζωσι,
3610 3243 3879 3318 μηδέμέγα

2322 3356 2374 3391 τι
2443 3339 2850 3409 παρεσχηκέναι
2901 3336 3216 3408 νομίζωσιν,
3289 3338 3438 3394 ἀλλά
3507 3335 3872 3392 ταπεινῶνται.

2323 3431 2667 3501 λειτουργίαν
2715 3429 2775 3482 τὸ
2817 3431 3051 3499 πρᾶγμα
3108 3428 3264 3482 καλεῖ
3305 3429 3401 3488 καὶ
3451 3429 3750 3500 ὑστέρημα.
3797 3421 3878 3492 Μὴ

2321 3520 2503 3574 τοίνυν
2533 3519 2666 3590 μηδέ
2699 3521 2860 3590 ἡμεῖς
2897 3522 3042 3588 μέγα
3075 3518 3384 3590 φρονῶμεν,
3423 3523 3540 3584 τοῖς
3565 3519 3732 3587 ἁγίοις
3751 3529 3884 3584 κπαρ-

2323 3613 2560 3682 έχοντες,
2601 3612 2736 3680 μηδέ
2775 3609 3094 3680 χαρίζεσθαι
3125 3611 3312 3674 αὐτοῖς
3353 3611 3413 3663 ἐν
3456 3610 3629 3678 τούτῳ
3664 3603 3880 3675 νομίζω-

2327 3719 2424 3773 μεν
2448 3719 2462 3732 ·
2499 3701 2596 3755 καὶ
2633 3701 2742 3771 γὰρ
2793 3700 3070 3770 ὀφείλεται
3113 3703 3223 3764 τοῖς
3255 3699 3437 3766 ἁγίοις
3485 3702 3614 3772 παρ’
3657 3697 3804 3768 ἡμῶν
3828 3691 3880 3744 τὺ

2323 3795 2578 3864 πρᾶγμα,
2617 3791 2710 3844 καὶ
2735 3790 2886 3844 οὺδέν
2931 3791 3115 3854 αὐτοῖς
3147 3789 3512 3860 χαριζόμεθα.
3544 3790 3748 3856 Ὠσπερ
3785 3781 3882 3852 γὰρ

2321 3887 2434 3947 τοῖς
2469 3885 2526 3936 ἐν
2556 3881 2904 3952 στρατοπέδῳ
2931 3881 3130 3934 ἑστῶσι
3159 3882 3253 3934 καὶ
3280 3881 3580 3951 πολεμοῦσι
3616 3877 3761 3948 παρά
3779 3871 3879 3927 τῶν

2323 3974 2380 4025 ἐν
2409 3973 2598 4043 εἰρήνῃ
2628 3971 2797 4024 ὄντων
2841 3971 2936 4024 καὶ
2989 3970 3064 4041 μὴ
3094 3968 3480 4040 πολεμούντων
3529 3969 3795 4038 ὀφείλεται
3825 3961 3884 4014 τὰ

2321 4063 2631 4132 τελέσματα
2656 4061 2818 4132 (ὑπὲρ
2838 4061 2946 4132 γὰρ
2969 4060 3194 4114 ἐκείνων
3225 4059 3527 4130 ἑστήκασιν
3548 4054 3734 4128 οὗτοι),
3757 4051 3887 4107 οὕτω

2325 4153 2419 4206 καὶ
2443 4151 2699 4206 ἐνταῦθα.
2731 4151 2794 4204 Εἰ
2826 4151 2903 4223 μὴ
2931 4150 3040 4222 γὰρ
3074 4151 3349 4203 ἐδίδασκεν
3381 4150 3411 4201 ὁ
3463 4149 3694 4212 Παῦλος,
3729 4143 3805 4208 τίς
3831 4140 3891 4193 ἂν

2323 4242 2487 4296 αὐτὸν
2514 4241 2634 4295 τότε
2663 4241 2918 4294 ἐνέϐαλεν
2947 4243 3026 4305 είς
3055 4241 3432 4312 δεσμωτήριον
3455 4241 3652 4308 ;’Ὢστε
3667 4237 3891 4300 λειτουρη

2324 4335 2440 4402 γεῖν
2463 4331 2616 4403 [269]
2648 4331 2754 4403 χρὴ
2791 4333 2905 4394 τοῖς
2937 4332 3133 4399 ἀγίοις.
3171 4330 3296 4394 Πῶς
3321 4329 3434 4401 γὰρ
3473 4331 3576 4384 οὐκ
3595 4328 3790 4383 ἄτοπον
3820 4319 3890 4388 τῷ

2329 4426 2427 4496 μὲν
2467 4423 2884 4494 στρατευομένῳ
2912 4421 3122 4493 βασιλεῖ
3145 4425 3222 4492 τῷ
3249 4423 3482 4494 ἐπιγείῳ
3520 4419 3698 4475 πάντα
3723 4411 3890 4482 elogi-

2329 4533 2466 4588 ρειν,
2507 4516 2599 4569 καὶ
2637 4513 2913 4585 ἐνδύματα
2938 4514 3032 4567 καὶ
3063 4513 3291 4586 τροφὰς,
3323 4513 3384 4566 ού
3405 4513 3552 4566 κατὰ
3583 4511 3682 4582 τὴν
3713 4505 3889 4580 χρείαν

2327 4609 2512 4679 μόνον,
2545 4605 2680 4661 ἀλλά
2704 4607 2798 4659 καὶ
2820 4607 2962 4659 κατὰ
2995 4604 3094 4676 τὴν
3140 4603 3485 4675 περιουσίαν,
3519 4603 3600 4674 τῷ
3641 4601 3696 4654 δέ
3743 4611 3896 4666 στρα-

2323 4696 2601 4767 τευομένῳ
2633 4695 2842 4766 βασιλεῖ
2870 4693 2946 4766 τῷ
2979 4693 3311 4764 ἐπουρανίῳ,
3345 4694 3442 4746 καὶ
3481 4681 3889 4764 παραταττομέ-

2325 4805 2400 4858 νῳ
2427 4787 2564 4857 πρὸς
2593 4785 2772 4856 πολλῷ
2813 4784 3228 4856 χαλεπωτέρους
3276 4783 3380 4856 ('H
3415 4783 3583 4849 πάλη
3630 4779 3759 4850 NP:
3801 4791 3895 4844 φτΓ

2327 4881 2430 4944 σὶν,
2460 4881 2530 4933 οὺ
2553 4879 2703 4948 πρὸς
2733 4874 2877 4947 αἷμα
2909 4877 3006 4930 καί
3034 4875 3278 4946 σάρκα),
3309 4875 3446 4946 μηδέ
3480 4875 3581 4946 τὴν
3604 4867 3895 4938 ἀναγκαίαν

2323 4970 2512 5041 χρείαν
2551 4971 2842 5040 χορηγεῖν;
2875 4969 3046 5037 πόσης
3073 4965 3492 5036 ἀγνωμοσύνης,
3531 4964 3705 5034 πόσης
3742 4956 3888 5014 τοῦτο

2329 5061 2672 5132 ἀχαριστίας,
2715 5059 2887 5129 πόσης
2921 5055 3304 5129 μικρολογίας;

2395 5149 2636 5212 δ’.’Δλλ’,
2673 5151 2746 5212 ὡς
2780 5148 2942 5213 ἔοικε,
2977 5147 3138 5200 πλέον
3178 5147 3206 5200 ὁ
3251 5145 3358 5198 τῶν
3383 5142 3694 5212 ἀνθρώπων
3733 5133 3896 5206 ἰσχύει

2327 5243 2488 5313 φόβος
2507 5243 2632 5312 παρ’
2656 5243 2787 5312 ἡμῖν
2809 5240 2907 5310 τῆς
2929 5238 3153 5308 γεέννης
3176 5237 3270 5290 καὶ
3285 5235 3392 5290 τῶν
3417 5231 3731 5306 μελλουσῶν
3757 5224 3899 5282 κολά-

2327 5352 2486 5390 σεων.
2511 5333 2610 5388 Διά
2639 5333 2704 5403 δὴ
2729 5330 2890 5384 τοῦτο
2920 5329 3097 5390 πάντα
3127 5327 3553 5398 ἀνατέτραπται,
3595 5325 3677 5378 ὅτι
3711 5319 3776 5373 τὰ
3807 5314 3897 5388 μὲν

2328 5425 2581 5479 πολιτικά
2607 5424 2906 5495 πράγματα
2927 5421 3068 5492 μετὰ
3093 5419 3290 5490 πολλῆς
3315 5418 3414 5488 τῆς
3446 5412 3760 5486 ἐντρεχείας
3782 5403 3895 5470 καθ’

2330 5517 2568 5586 ἑκάστην
2597 5515 2812 5588 ἡμέραν
2850 5511 3093 5574 ἀνύεται,
3129 5511 3225 5564 καὶ
3249 5506 3598 5575 ἐλλειφθῆναι
3643 5503 3742 5556 οὐκ
3789 5496 3894 5588 Evt:

2328 5609 2436 5664 τῶν
2467 5582 2534 5660 δὲ.
2561 5582 2942 5686 πνευματικῶν
2973 5603 3148 5665 οὐδεὶς
3177 5597 3412 5670 οὐδαμοῦ
3441 5597 3604 5664 λόγος
3625 5611 3639 5624 ·
3669 5587 3802 5686 ἀλλά
3834 5582 3896 5686 τὰ

2331 5701 2428 5772 μὲν
2456 5700 2570 5770 μετ’
2605 5673 3246 5765 ἁνάγκηξάπαιτούμενα
3267 5690 3361 5742 καὶ
3391 5686 3665 5756 βασάνων,
3701 5678 3793 5732 καὶ
3822 5673 3893 5772 (ξς

2334 5792 2484 5863 παρὰ
2505 5789 2707 5843 δούλων
2737 5788 2830 5841 καὶ
2862 5785 3124 5851 ἀκόντων,
3152 5781 3500 5840 κατατίθεται
3542 5771 3680 5846 μετά
3709 5764 3894 5831 πολλῆς
