4170 6492
316 359 425 415 249

314 475 467 529 faciat
493 468 748 524 ostendit.
778 466 870 524 28.
915 465 1265 521 Festinantins
1286 483 1403 538 ergo
1429 466 1543 519 misi
1564 463 1731 518 illum.
1761 462 1901 530 Quid

310 574 394 621 est
415 605 428 627 ,
464 559 811 616 Festinantius
833 560 859 613 γ
892 559 1020 614 Sine
1049 559 1426 625 cunctatione,
1470 557 1615 611 nulla
1658 557 1898 625 interpo-

311 655 410 709 sita
436 666 616 714 mora,
638 650 839 719 jubens
855 649 1034 705 omnia
1064 663 1413 718 quaecumque
1433 648 1653 703 obstent
1680 648 1903 702 vincen-

312 756 456 809 tem,
487 758 646 814 quam
676 742 936 797 citissime
960 740 1026 794 ad
1057 754 1154 794 vos
1175 740 1390 806 venire,
1421 747 1480 794 ut
1507 755 1741 796 nuerore
1770 738 1904 793 libe—

311 848 413 894 ret.
444 837 557 891 Non
583 835 727 889 enim
751 833 797 888 si
826 846 924 888 eos
947 846 1084 903 quos
1110 846 1353 885 amamus
1386 833 1573 886 valere
1599 830 1901 895 audiamus,

310 946 465 1001 irque
506 931 756 985 laatamur
802 941 866 980 ac
921 927 964 980 si
1016 925 1328 990 videamus,
1373 926 1714 993 maximeque
1759 922 1802 976 si
1853 920 1904 975 id

311 1035 506 1094 praeter
545 1035 699 1091 spem
738 1018 977 1081 eveniat,
1021 1016 1476 1087 quemadmodum
1519 1025 1645 1071 tunc
1672 1015 1723 1068 in
1765 1013 1905 1082 Epa-

312 1112 565 1186 phrodito
613 1117 893 1168 evenerat.
946 1108 1298 1166 Festinantius
1337 1126 1455 1182 ergo
1480 1150 1495 1175 ,
1540 1108 1749 1178 inquit,
1792 1105 1905 1159 misi

309 1207 459 1261 illum
486 1221 503 1259 :
529 1217 581 1258 ut
609 1205 714 1258 viso
750 1220 806 1257 eo
835 1205 1134 1277 gaudeatis,
1164 1213 1211 1258 et
1240 1220 1331 1275 ego
1368 1203 1528 1272 magis
1557 1202 1664 1255 sine
1700 1200 1907 1253 tristitia

310 1301 425 1352 sim.
456 1294 743 1365 Quomodo
771 1299 940 1368 magis
980 1298 1097 1351 sine
1151 1295 1407 1351 tristitia?
1446 1294 1707 1362 Quoniam
1739 1292 1784 1346 si
1811 1304 1907 1345 vos

311 1388 577 1461 gaudetis,
602 1399 657 1445 et
687 1404 786 1459 ego
813 1387 1081 1458 gaudebo,
1112 1396 1167 1442 et
1189 1387 1273 1441 hic
1298 1386 1413 1455 ipse
1443 1386 1511 1439 de
1537 1391 1719 1438 nostra
1751 1380 1903 1435 volu-

315 1492 459 1555 ptate
485 1482 767 1553 gaudebit,
799 1488 853 1534 et
882 1494 980 1549 ego
1007 1493 1036 1531 a
1063 1492 1299 1532 maerore
1326 1476 1547 1530 liberior
1576 1488 1689 1528 ero.
1725 1472 1909 1542 Neque

314 1575 479 1639 dixit,
508 1574 637 1629 Sine
669 1570 881 1626 tristitia
905 1611 918 1634 ,
955 1568 1050 1625 sed
1073 1610 1086 1631 ,
1116 1568 1285 1638 Magis
1315 1567 1422 1621 sine
1451 1566 1654 1619 tristitia
1674 1606 1689 1629 ,
1722 1572 1782 1618 ut
1814 1577 1905 1616 os-

317 1665 503 1721 tendat
520 1677 812 1732 numquam
837 1660 1069 1714 animam
1092 1673 1240 1711 suam
1266 1672 1498 1713 maerore
1518 1670 1739 1710 vacuam
1761 1668 1903 1709 esse.

316 1756 414 1826 Qui
445 1758 587 1812 enim
619 1758 689 1809 ita
720 1754 878 1817 dicit,
915 1752 1040 1819 Quis
1066 1752 1379 1820 inﬁrmatur,
1422 1760 1468 1804 et
1503 1767 1593 1821 ego
1636 1765 1736 1802 non
1762 1749 1908 1817 inﬁr-

317 1851 471 1904 mor?
498 1851 609 1919 quis
652 1846 1052 1909 scandalizatur,
1087 1854 1132 1897 et
1160 1860 1249 1914 ego
1280 1860 1382 1896 non
1427 1859 1546 1896 uror
1568 1842 1640 1910 (2.
1670 1841 1788 1896 Cor.
1817 1841 1904 1899 ll.

318 1941 448 2011 9.9).?
496 1939 765 2009 quomodo
810 1937 928 1992 sine
971 1950 1208 1991 maerore
1247 1943 1302 1990 et
1350 1936 1562 1989 tristitia
1594 1935 1709 1989 sit?
1766 1934 1907 2001 Ergo

325 2046 639 2094 maerorem,
694 2030 866 2098 inquit
898 2071 911 2093 ,
965 2029 1122 2081 istum
1174 2027 1460 2095 deponam.
1517 2026 1610 2079 ‘29.
1669 2024 1905 2093 Excipite

326 2127 492 2192 itaque
542 2122 684 2176 illum
732 2122 782 2174 in
826 2119 1047 2173 Domino
1097 2135 1213 2171 cum
1254 2118 1391 2170 omni
1432 2117 1640 2187 gaudio.
1686 2114 1751 2167 In
1796 2113 1906 2167 Do-

322 2220 488 2282 mino,
537 2214 679 2285 quod
730 2214 870 2268 idem
916 2221 999 2267 est
1024 2226 1086 2266 ac
1116 2210 1485 2281 spiritualiter.
1533 2210 1585 2263 Id
1625 2217 1743 2274 est,
1790 2223 1906 2261 ma-

316 2323 420 2378 gno
447 2322 565 2361 cum
593 2304 805 2368 studio;
834 2303 916 2358 vel
948 2304 1121 2372 potius
1144 2301 1244 2355 hoc
1271 2301 1555 2371 significat,
1590 2300 1699 2353 Deo
1725 2299 1912 2352 volen-

320 2407 386 2453 te.
418 2396 599 2467 Itaque
660 2396 809 2450 illum
856 2396 1087 2464 excipite
1132 2409 1226 2462 pro
1270 2403 1573 2447 sanctorum
1613 2391 1905 2460 dignitate,

320 2501 372 2543 ut
392 2500 607 2544 sanctos
649 2487 823 2557 excipi
871 2502 964 2556 par
1011 2497 1120 2552 est,
1163 2484 1291 2539 Cum
1320 2486 1492 2550 omni,
1539 2484 1745 2553 inquit,
1778 2499 1907 2553 gau-

318 2582 422 2634 dio.

388 2674 443 2728 5.
481 2672 613 2727 Haec
654 2670 833 2726 omnia
876 2684 971 2738 pro
1015 2669 1078 2723 iis
1116 2668 1240 2723 facit
1271 2666 1337 2721 ad
1381 2681 1515 2737 quos
1567 2667 1767 2730 mittit,
1804 2680 1909 2720 non

320 2781 413 2835 pro
438 2763 643 2818 missis.
675 2761 845 2831 Majus
867 2761 1008 2815 enim
1035 2759 1161 2814 facit
1193 2759 1398 2812 lucrum
1426 2798 1441 2823 ,
1475 2760 1563 2826 qui
1591 2755 1909 2811 beneficium

318 2857 441 2922 ιΙιιι,
471 2870 636 2924 quam
670 2853 758 2921 qui
789 2852 1003 2919 accipit.
1038 2849 1100 2902 Et
1128 2849 1379 2919 ejusmodi
1408 2848 1636 2901 homines
1667 2863 1777 2900 cum
1814 2847 1911 2898 ho«

318 2963 437 3001 nore
478 2946 733 2999 habetote.
786 2942 840 2996 ld
883 2950 994 3005 est,
1039 2940 1287 3008 Excipite
1330 2939 1479 2991 illum
1527 2946 1584 2991 ut
1636 2946 1914 2991 merentur

318 3038 505 3093 sancti.
562 3034 654 3091 50.
702 3033 954 3099 Quoniam
995 3039 1201 3100 prapter
1239 3045 1367 3096 opus
1414 3028 1604 3081 Christi
1646 3042 1805 3095 usque
1846 3026 1915 3079 ad

321 3142 527 3185 mortem
556 3127 790 3191 accessit,
820 3124 1027 3178 tradens
1053 3123 1276 3175 animum
1304 3138 1476 3185 suam,
1506 3129 1560 3173 ut
1585 3119 1814 3189 impleret
1836 3119 1911 3183 id,

319 3226 456 3295 quod
486 3240 554 3278 ea:
584 3220 723 3276 vobis
753 3220 924 3273 deerat
950 3232 1069 3287 erga
1097 3231 1265 3270 meum
1292 3214 1607 3283 obsequium.
1640 3212 1736 3266 llic
1760 3225 1913 3265 com-

321 3316 552 3371 muniter
585 3328 613 3367 a
644 3310 1072 3381 Philippensinm
1102 3308 1323 3363 civitate
1355 3307 1551 3360 missus
1580 3304 1755 3360 fuerat
1776 3345 1791 3371 ,
1824 3305 1915 3374 qui

323 3409 479 3463 Paulo
510 3405 887 3467 ministraret;
919 3412 1011 3456 aut
1056 3401 1281 3454 fortasse
1310 3398 1471 3453 etiam
1510 3398 1631 3452 ideo
1658 3407 1915 3464 venerat,

320 3512 375 3555 ut
400 3499 682 3572 quidpiam
708 3495 925 3550 afferret
956 3513 969 3548 :
999 3493 1187 3547 aliatas
1212 3494 1355 3546 enim
1387 3491 1455 3546 ab
1484 3491 1574 3545 illo
1603 3506 1724 3546 esse
1754 3505 1911 3561 pecu-

323 3593 432 3647 nias
462 3593 514 3646 iu
543 3600 795 3646 extrema
827 3585 1055 3657 epistola
1079 3582 1316 3638 ostendit
1343 3583 1427 3637 bis
1453 3582 1631 3637 verbis
1648 3623 1664 3649 ,
1688 3582 1917 3653 Acceptis

322 3686 381 3739 ab
406 3681 772 3755 Epaphrodito
801 3694 914 3747 qua:
943 3677 1149 3732 misistis
1184 3675 1350 3746 (Phil.
1391 3676 1445 3729 4.
1487 3674 1919 3744 18).Verisimilc

325 3777 475 3844 igitur
514 3784 609 3831 est
652 3773 800 3828 illum
823 3813 839 3839 ,
870 3785 992 3825 cum
1023 3770 1247 3823 Romam
1297 3768 1664 3838 pervenisset,
1698 3766 1918 3821 Paulum

324 3868 372 3922 in
403 3881 608 3938 magno
642 3865 745 3919 hoc
790 3865 1044 3934 gravique
1085 3861 1325 3931 periculo
1370 3863 1671 3931 reperisse,
1727 3870 1782 3915 ut
1830 3860 1919 3930 qui

322 3960 466 4014 adire
493 3959 657 4015 illum
689 3956 882 4011 vellent
909 3997 924 4021 ,
956 3955 1061 4023 ipsi
1084 3969 1298 4024 quoque
1328 3955 1548 4008 minimc
1576 3963 1690 4007 tuto
1714 3953 1764 4008 id
1794 3970 1920 4022 pos-

323 4064 439 4108 sent
468 4052 658 4107 facere
678 4090 694 4114 ,
724 4048 819 4103 sed
846 4062 944 4101 suo
970 4047 1212 4115 periculo
1242 4046 1565 4100 accederent
1590 4064 1602 4099 :
1631 4044 1771 4115 quod
1800 4060 1925 4099 eve-

323 4144 437 4198 nire
466 4142 712 4197 maxime
734 4140 1017 4193 consuevit
1039 4151 1230 4206 magna
1256 4147 1525 4191 commota
1561 4145 1880 4205 tempestate
1905 4177 1920 4202 ,

323 4244 483 4306 atque
512 4233 613 4288 ubi
652 4245 837 4300 regum
868 4230 947 4284 ira
978 4228 1236 4297 majorem
1267 4228 1319 4282 in
1353 4229 1568 4281 modum
1598 4227 1918 4282 effervescit.

326 4325 537 4379 Etenim
569 4339 700 4378 cum
732 4321 852 4391 quis
876 4362 891 4387 ,
920 4320 1062 4390 quod
1091 4320 1143 4374 in
1186 4319 1328 4390 regis
1356 4319 1710 4374 offensionem
1746 4320 1925 4373 incur-

325 4417 490 4481 rerit,
549 4416 604 4469 iu
659 4426 935 4466 carcerem
979 4409 1307 4475 detruditur,
1357 4420 1625 4479 aretaeque
1666 4410 1924 4465 custodiae

327 4507 588 4567 traditur;
622 4514 750 4558 tunc
769 4502 852 4557 vel
879 4501 1065 4555 famuli
1097 4500 1195 4570 ipsi
1220 4499 1366 4554 aditu
1388 4501 1762 4569 prohibentur,
1784 4500 1924 4568 quod

328 4598 545 4668 quidem
570 4595 741 4651 Paulo
764 4604 890 4648 tunc
907 4593 1165 4648 accidisse
1187 4592 1479 4647 verisimile
1500 4602 1581 4646 est
1608 4613 1620 4647 :
1648 4592 1929 4662 Epaphro-

328 4691 499 4745 ditum
520 4705 655 4745 vero
676 4728 692 4752 ,
727 4702 921 4757 magno
952 4695 1114 4754 atque
1140 4686 1357 4740 excelso
1379 4686 1560 4740 animo
1592 4687 1787 4752 virum,
1812 4703 1929 4740 om-

331 4784 414 4837 nia
444 4782 867 4851 comtempsisse
894 4779 1130 4848 pericula
1158 4819 1173 4845 ,
1223 4787 1279 4831 ut
1319 4778 1541 4832 Paulum
1571 4778 1743 4833 adiret
1772 4778 1928 4848 eique

330 4875 700 4936 ministraret,
730 4881 891 4940 atque
934 4869 1115 4924 omnia
1163 4885 1283 4939 qua:
1313 4884 1451 4939 opus
1495 4879 1651 4924 erant
1701 4869 1925 4924 faceret.

334 4966 450 5021 Duo
476 4966 644 5036 igitur
675 4962 834 5017 affert
863 4962 1061 5017 Paulus
1083 5002 1098 5027 ,
1129 4976 1195 5016 ex
1224 4960 1419 5031 quibus
1450 4961 1525 5015 illi
1553 4962 1928 5016 auctoritatem

330 5075 391 5113 ac
420 5057 785 5114 reverentiam
817 5055 1071 5110 conciliat
1099 5072 1111 5106 :
1144 5070 1308 5107 unum
1353 5053 1604 5121 quidem,
1639 5054 1727 5107 ubi
1764 5054 1927 5119 dicit,

335 5154 396 5204 ad
427 5161 661 5205 mortem
688 5163 859 5217 usque
884 5162 1001 5200 mea
1026 5161 1187 5201 causa
1216 5146 1572 5214 periclitatum
1600 5161 1719 5202 esse
1744 5165 1758 5211 ;
1789 5148 1922 5203 alte-

335 5257 451 5295 rum
496 5255 633 5295 vero
655 5280 670 5305 ,
702 5237 845 5308 quod
875 5252 1161 5307 personam
1189 5236 1422 5291 civitatis
1448 5252 1643 5307 gerens
1673 5238 1787 5292 hate
1813 5256 1935 5307 per-

337 5347 524 5400 pessus
569 5328 738 5384 fuerit
786 5346 803 5382 :
849 5336 907 5381 ut
945 5328 999 5381 in
1040 5327 1283 5397 periculo
1310 5326 1403 5379 illo
1448 5327 1512 5380 iis
1542 5328 1632 5396 qui
1675 5328 1933 5383 miserant

336 5438 546 5479 merces
576 5422 891 5484 deberetur,
921 5419 1147 5488 perinde
1174 5433 1236 5472 ac
1270 5418 1313 5472 si
1343 5418 1530 5473 civitas
1562 5419 1796 5489 legatum
1829 5421 1932 5473 mi-

336 5514 514 5570 sisset.
569 5514 714 5583 Ergo
751 5513 1008 5581 excipere
1051 5512 1198 5566 illum
1240 5526 1361 5565 cum
1393 5512 1622 5581 quodam
1671 5512 1933 5581 obsequio

337 5608 491 5677 eique
534 5607 736 5676 gratias
782 5620 946 5675 agere
989 5603 1056 5658 de
1097 5603 1291 5658 officiis
1334 5603 1448 5674 ejus
1475 5646 1489 5672 ,
1523 5604 1659 5657 ratio
1687 5604 1931 5674 quaedam

338 5697 436 5751 crit
479 5713 583 5767 qua
634 5696 868 5763 pericula
901 5704 957 5750 et
986 5694 1121 5749 facta
1154 5704 1335 5750 nostra
1378 5696 1549 5762 magis
1577 5694 1752 5749 adhuc
1781 5710 1928 5750 com-

346 5790 518 5842 munia
554 5790 708 5843 vobis
749 5786 973 5844 facietis.
1004 5786 1185 5856 Neque
1224 5786 1389 5852 dixit,
1437 5787 1548 5842 Mea
1598 5803 1787 5843 causa.
1833 5788 1925 5843 scd

1218 352 1281 407 IN
1321 352 1530 409 EPIST.
1574 352 1663 406 AD
1704 348 1990 404 l‘llllJPP.
2034 350 2183 404 CAP.
2228 351 2286 405 ll.
2332 353 2559 409 llOMlL.
2607 356 2692 410 lX.

3494 360 3597 413 9.329

2012 464 2237 518 orationi
2270 465 2469 520 addens
2504 467 2874 523 auctoritatem
2903 485 2964 523 ac
3002 469 3194 533 fidem,
3223 471 3422 539 inquit,
3472 469 3606 524 I’i-o-

2010 565 2122 624 pter
2142 572 2270 623 opus
2299 557 2414 612 Dei.
2443 557 2556 611 Non
2588 559 2731 615 enim
2762 576 2879 615 mea
2906 575 3065 615 causa
3093 562 3236 629 facit,
3269 562 3361 619 sed
3383 573 3601 632 propter

2013 646 2203 701 Deum.
2234 648 2404 720 Usque
2429 652 2498 704 ad
2524 665 2732 707 mortem
2754 656 2981 709 accessit.
3010 654 3147 723 Quid
3173 655 3358 711 enim?
3387 657 3607 709 tametsi

2012 739 2231 793 minime
2271 741 2436 805 obiit,
2476 744 2585 799 Deo
2627 745 2678 799 id
2722 745 3089 816 gubernante,
3124 747 3238 816 ipse
3266 756 3441 803 tamen
3476 749 3596 801 nul-

2013 828 2117 882 lam
2141 830 2263 885 vita:
2287 847 2398 886 sua:
2426 835 2687 889 rationem
2720 836 2909 893 habuit
2929 879 2942 902 ,
2971 854 3033 893 ac
3066 838 3284 893 tradidit
3320 839 3556 909 seipsum
3583 858 3598 902 ;

2013 932 2071 977 ιιι
2092 964 2107 989 ,
2136 921 2392 993 quidquid
2420 926 2756 984 subeundum
2783 929 2911 997 fuit,
2945 945 3049 986 non
3080 946 3109 984 a
3138 931 3601 1000 praestandomihi

2012 1018 2311 1072 ministerio
2350 1028 2683 1074 cessaturus.
2714 1021 2868 1089 Quod
2896 1024 2940 1077 si
2970 1033 3031 1077 ut
3062 1022 3227 1078 Paulo
3270 1024 3603 1079 ministraret

2011 1108 2249 1177 seipsum
2281 1111 2440 1163 morti
2469 1112 2758 1180 exposuit,
2789 1113 2960 1167 multo
2988 1114 3159 1184 magis
3202 1130 3301 1184 pro
3342 1115 3601 1183 praedica-

2016 1200 2160 1253 tione
2192 1199 2242 1253 id
2271 1200 2561 1266 subiisset;
2594 1203 2701 1256 imo
2749 1218 2881 1257 vero
2926 1217 3023 1273 pro
3070 1202 3241 1257 Paulo
3267 1205 3425 1268 mori,
3458 1204 3600 1258 idem

2011 1299 2128 1345 erat
2151 1305 2214 1345 ac
2241 1306 2336 1361 pro
2364 1292 2763 1361 praedicatione.
2788 1294 2935 1349 Licet
2962 1295 3105 1349 enim
3126 1336 3141 1361 ,
3173 1310 3277 1349 non
3306 1304 3509 1349 tantum
3534 1311 3605 1349 ne

2013 1384 2171 1438 idolis
2216 1384 2531 1453 sacrifices,
2573 1388 2815 1459 martyrii
2861 1402 3118 1443 coronam
3166 1388 3459 1458 consequi,
3506 1387 3601 1441 srd

2012 1477 2277 1546 ejusmodi
2303 1480 2467 1533 etiam
2498 1481 2812 1536 occasiones
2837 1482 3154 1553 martyrium
3183 1480 3420 1547 faciunt;
3449 1495 3534 1546 ae,
3558 1480 3606 1534 si

2012 1568 2326 1626 admirabile
2355 1570 2605 1641 quiddam
2635 1572 2923 1629 dicendum
2954 1582 3076 1640 est,
3110 1574 3281 1644 magis
3329 1574 3413 1629 hae
3442 1590 3603 1645 quam

2013 1660 2138 1714 illae.
2170 1660 2303 1715 Nam
2329 1662 2420 1732 qui
2446 1664 2654 1718 minore
2676 1663 2742 1718 de
2769 1677 2927 1719 causa
2956 1674 3183 1720 mortem
3216 1664 3399 1720 subire
3420 1665 3604 1730 audet,

2014 1755 2182 1808 inulto
2202 1755 2369 1825 magis
2395 1755 2632 1820 audebit,
2666 1756 2752 1812 ubi
2780 1772 2869 1812 res
2896 1757 3064 1826 major
3094 1766 3303 1828 agatur.
3327 1758 3601 1826 Quamob-

2018 1864 2128 1903 rem
2177 1856 2231 1903 et
2269 1863 2399 1912 nos,
2428 1864 2548 1903 cum
2581 1858 2797 1905 sanctos
2819 1849 2871 1904 in
2899 1850 3152 1919 periculis
3178 1851 3381 1906 versari
3414 1848 3627 1906 videri?

2014 1957 2153 2001 mus.
2184 1941 2307 1995 vita:
2338 1957 2407 1997 ne
2435 1957 2737 2011 parcamus.
2760 1943 2875 1998 Non
2900 1952 3080 2014 potest
3097 1945 3241 1999 enim
3265 1944 3335 2011 is,
3360 1945 3451 2015 qui
3474 1946 3608 1999 nihil

2014 2048 2134 2087 cum
2157 2034 2394 2103 periculo
2411 2035 2640 2103 experiri
2662 2036 2845 2101 audet,
2857 2036 3099 2106 praeclari
3116 2036 3393 2108 quidpiam
3409 2039 3621 2104 ἵλαθι-εδ-

2014 2125 2111 2180 sed
2145 2141 2364 2181 necesse
2404 2136 2490 2182 est
2528 2130 2809 2197 prmseutis
2841 2130 2964 2183 vita:
2993 2132 3271 2186 securitati
3316 2133 3608 2188 consulen-

2018 2228 2123 2272 tem
2148 2258 2160 2281 ,
2192 2219 2440 2274 amittere
2471 2219 2722 2275 futuram.
2753 2220 2820 2275 Ut
2849 2221 3119 2292 impleret,
3148 2222 3349 2292 inquit,
3375 2224 3447 2288 id,
3473 2226 3611 2292 quod

2015 2325 2079 2362 ea:
2105 2309 2242 2362 vobis
2271 2310 2443 2364 deerat
2473 2327 2594 2381 erga
2638 2328 2805 2366 meum
2832 2312 3144 2376 obsequium.
3176 2313 3321 2382 Quid
3362 2314 3467 2370 hoc
3490 2317 3611 2371 est“!

2016 2399 2129 2453 Non
2163 2400 2351 2456 aderat
2377 2401 2599 2467 civitas,
2628 2402 2721 2456 sed
2755 2418 2848 2472 per
2875 2403 3022 2457 illum
3052 2405 3197 2459 omni
3227 2420 3353 2474 erga
3399 2420 3485 2460 me
3524 2406 3610 2459 of-

2019 2492 2139 2545 ficio
2165 2508 2227 2546 ac
2255 2492 2559 2548 ministerio
2584 2493 2764 2548 functa
2808 2504 2926 2558 est,
2973 2496 3224 2551 nimirum
3274 2496 3416 2566 quod
3459 2498 3611 2569 illum

2020 2583 2187 2637 misit.
2221 2583 2489 2653 Quidquid
2525 2585 2683 2654 igitur
2707 2586 2869 2639 vestri
2908 2587 3190 2642 ministerii
3222 2586 3359 2642 mihi
3383 2588 3571 2643 deerat
3595 2632 3617 2653 ,

2019 2671 2070 2725 id
2104 2672 2218 2740 ipse
2262 2672 2533 2741 eitplevit,
2564 2684 2625 2728 ut
2656 2674 2756 2729 hac
2799 2676 2962 2730 etiam
3012 2676 3227 2732 ratione
3264 2676 3625 2747 dignissimus-

2019 2763 2089 2816 sit
2116 2763 2205 2832 qui
2237 2763 2460 2817 multum
2485 2764 2708 2820 honoris
2732 2776 3007 2836 reportet,
3037 2768 3290 2837 quoniam
3322 2767 3465 2839 quod
3495 2784 3615 2824 om-

2020 2869 2116 2909 nes
2160 2853 2339 2909 l‘acere
2365 2856 2683 2924 oportebat,
2726 2857 2829 2912 hoc
2874 2859 2989 2928 ipse
3020 2874 3117 2928 pro
3148 2859 3301 2914 Vobis
3342 2862 3622 2931 prtestitit-

2020 2946 2192 3014 Atque
2220 2946 2455 3000 ostendit
2483 2947 2677 3002 Paulus
2708 2951 2885 3017 priora
2912 2964 3125 3019 quoque
3155 2948 3334 3004 officia
3367 2951 3441 3006 ab
3463 2952 3623 3020 ipsis,

2018 3036 2108 3105 qui
2133 3036 2185 3088 in
2216 3044 2329 3091 tuto
2359 3045 2549 3101 erant,
2581 3038 2817 3092 exhibita
2844 3039 3275 3109 periclitantibus
3300 3055 3421 3095 esse
3450 3059 3462 3095 :
3488 3057 3621 3097 nam

2021 3125 2137 3180 ba-c
2162 3126 2322 3180 verba
2351 3168 2365 3191 ,
2414 3126 2480 3180 Id
2505 3128 2643 3197 quod
2679 3144 2740 3181 ex
2768 3129 2905 3183 vobis
2934 3130 3108 3183 deerat
3146 3145 3267 3201 erga
3294 3130 3612 3201 obsequium,

2022 3215 2261 3270 indicant
2289 3227 2594 3286 respectum
2623 3218 2909 3288 quemdam
2942 3219 3008 3274 ad
3033 3221 3173 3276 illius
3202 3222 3433 3277 civitatis
3456 3222 3618 3280 obse-

2021 3307 2229 3377 quium.
2278 3307 2441 3363 Vides
2491 3324 2707 3365 scnsum
2754 3312 2917 3366 animi
2964 3327 3027 3367 ac
3071 3314 3316 3383 spiritum
3359 3316 3618 3385 apostoli-

2022 3399 2185 3452 cum?
2215 3398 2263 3453 Is
2293 3415 2421 3454 vero
2449 3416 2554 3454 non
2599 3417 2665 3456 ex
2693 3404 2999 3473 arrogantia
3027 3406 3490 3474 proficiscebatur,
3519 3406 3617 3462 sed

2023 3502 2089 3544 ex
2120 3504 2308 3559 magna
2336 3506 2493 3560 quam
2524 3492 2735 3547 illorum
2757 3495 2975 3565 gerebat
3002 3511 3153 3551 cura.
3189 3497 3401 3553 Etenim
3427 3514 3496 3554 ne
3526 3498 3611 3553 ef-

2025 3578 2289 3647 ferantur,
2339 3581 2434 3634 sed
2480 3582 2800 3637 modestiam
2835 3594 3106 3651 tueantur,
3142 3602 3315 3657 neque
3363 3604 3615 3658 magnum

2024 3670 2278 3739 quiddam
2309 3686 2367 3727 se
2396 3674 2695 3742 praebuisse
2722 3676 3065 3741 existiment,
3102 3679 3196 3733 sed
3234 3679 3301 3733 ad
3347 3681 3621 3735 humilita-

2027 3772 2132 3816 tem
2161 3762 2519 3831 adducantur,
2551 3766 2782 3819 officium
2813 3767 2940 3822 illud
2988 3768 3074 3823 his
3100 3771 3325 3824 vocibus
3349 3772 3621 3841 appellat,

2029 3853 2275 3909 Debitum
2305 3855 2688 3922 ministerium,
2716 3867 2791 3922 et,
2821 3856 2888 3911 Id
2916 3859 3050 3928 quod
3072 3862 3261 3915 deerat.
3285 3862 3426 3932 Ergo
3450 3878 3623 3933 neque

2028 3962 2128 4000 nos
2158 3962 2381 4018 magnos
2426 3950 2646 4017 spiritus
2687 3965 2999 4018 sumamus,
3029 3968 3151 4006 cum
3192 3954 3392 4009 sanctis
3421 3954 3623 4024 aliquid

2029 4039 2367 4108 prmbemus,
2414 4055 2589 4110 neque
2621 4039 2722 4095 hac
2763 4056 2824 4096 re
2855 4056 2954 4096 nos
2985 4042 3092 4095 illis
3120 4042 3437 4099 beneficium
3469 4054 3621 4113 pute-

2029 4148 2150 4187 mus
2180 4133 2309 4188 dare
2338 4149 2352 4185 :
2384 4148 2414 4187 a
2444 4133 2599 4187 nobis
2629 4134 2773 4188 enim
2804 4134 2857 4188 id
2902 4133 3151 4200 debetur,
3198 4150 3298 4191 nec
3331 4135 3633 4207 quidquam.

2030 4224 2135 4279 illis
2157 4225 2441 4280 donamus.
2473 4225 2603 4279 Nam
2636 4226 3088 4296 quemadmodum
3138 4227 3202 4281 iis
3231 4227 3322 4297 qui
3366 4226 3421 4283 in
3463 4244 3620 4283 exer-

2029 4317 2137 4371 citu
2168 4324 2293 4370 sunt
2322 4332 2383 4370 ac
2414 4316 2615 4371 bellum
2644 4325 2838 4386 gerunt
2864 4358 2878 4383 ,
2911 4318 2978 4372 ab
3020 4316 3083 4371 iis
3105 4318 3195 4387 qui
3231 4317 3378 4373 domi
3411 4318 3459 4372 in
3493 4334 3625 4388 pace

2029 4411 2239 4473 vivunt,
2262 4408 2526 4463 debentur
2541 4408 2763 4474 cibaria,
2783 4416 2837 4463 et
2854 4409 3112 4479 quidquid
3138 4409 3240 4464 illis
3262 4411 3623 4466 necessarium

2031 4510 2113 4554 est
2131 4501 2184 4553 in
2208 4508 2510 4569 sumptum;
2538 4499 2617 4553 illi
2640 4501 2781 4554 enim
2807 4516 2903 4570 pro
2927 4500 3008 4555 his
3033 4501 3083 4554 in
3102 4501 3218 4555 acie
3239 4511 3412 4556 stant:
3435 4498 3504 4557 ita
3528 4502 3628 4559 hac

2038 4592 2090 4646 in
2123 4606 2306 4646 causa.
2357 4591 2487 4659 Quis
2532 4593 2676 4646 enim
2710 4592 2961 4659 Paulum,
3013 4594 3115 4648 nisi
3157 4593 3385 4650 docendi
3433 4611 3629 4651 mtutns

2034 4684 2314 4749 obivisset,
2349 4683 2675 4751 conjecissct
2704 4684 2755 4739 in
2786 4700 3059 4740 carcerem
3086 4687 3108 4740 ?
3135 4686 3493 4753 Quamobrem
3525 4689 3628 4740 mi—

2036 4777 2271 4831 nistrare
2292 4782 2494 4832 sanctis
2520 4786 2755 4848 oportet.
2787 4778 2885 4847 Qui
2915 4782 3059 4834 enim
3089 4794 3196 4834 non
3226 4778 3514 4833 absurdum
3538 4780 3628 4845 sit,

2036 4870 2084 4923 ei
2108 4868 2195 4937 qui
2226 4878 2443 4923 terreno
2470 4867 2781 4938 Imperatori
2808 4870 3021 4934 militat,
3051 4871 3230 4924 omnia
3259 4870 3626 4938 suppeditare,

2037 4970 2090 5015 et
2139 4961 2460 5015 vestimenta
2491 4968 2545 5014 et
2595 4961 2832 5027 cibaria,
2885 4977 2991 5015 non
3022 4960 3195 5015 sohun
3228 4972 3485 5031 quantum
3536 4978 3628 5016 ne-

2036 5052 2261 5107 cessitas
2291 5052 2558 5122 postulat,
2588 5052 2683 5106 sed
2731 5052 2890 5106 etiam
2925 5052 3044 5121 plus
3070 5068 3228 5121 quam
3266 5053 3400 5106 satis
3426 5064 3536 5118 est;
3578 5055 3630 5107 ei

2037 5157 2167 5197 vero
2196 5143 2288 5211 qui
2334 5143 2530 5196 militat
2579 5142 2783 5197 czelesti
2815 5142 3169 5211 Imperatori,
3221 5154 3381 5214 atque
3432 5143 3485 5197 in
3515 5144 3631 5197 acie

2040 5245 2143 5289 stat
2172 5235 2433 5289 adversus
2471 5236 2656 5290 hostes
2686 5237 2844 5306 longe
2883 5236 3159 5307 graviores
3187 5238 3206 5311 (
3242 5238 3495 5305 Quoniam
3526 5254 3628 5292 non

2039 5339 2111 5382 est
2151 5327 2443 5381 colluctatio
2474 5329 2651 5394 nobis,
2700 5328 2908 5399 inquit,
2950 5330 3193 5385 adversus
3236 5333 3536 5401 sanguinem
3582 5344 3630 5385 et

2039 5436 2240 5474 carnem
2269 5418 2484 5492 [ΙζνΙιρε.
2513 5420 2565 5474 8.
2601 5420 2666 5473 ιε).
2702 5419 2767 5493 ]),
2799 5436 2971 5491 neque
2988 5423 3288 5477 necessaria
3318 5422 3478 5475 etiam
3499 5436 3628 5490 sup-

2042 5511 2323 5579 peditare?
2353 5511 2507 5581 cujus
2535 5510 2635 5565 hoc
2668 5512 2960 5582 iniquitatis
2984 5524 3067 5568 est
3088 5513 3111 5567 ?
3134 5522 3394 5585 quantum
3421 5514 3521 5570 hoc
3552 5517 3631 5571 in-

2039 5608 2173 5672 grati
2205 5612 2259 5657 et
2289 5606 2433 5672 parci
2463 5605 2628 5659 animi
2660 5606 2887 5660 vitium?

2114 5700 2165 5752 4.
2201 5697 2489 5765 Caeterum,
2522 5708 2778 5769 quantum
2808 5699 2985 5766 video,
3014 5700 3132 5770 plus
3153 5701 3293 5771 apud
3328 5717 3425 5759 nos
3454 5702 3631 5758 homi-

2048 5808 2171 5847 num
2204 5801 2375 5848 metus
2407 5802 2600 5863 potest,
2632 5809 2789 5863 quam
2820 5792 3077 5863 geltennzt:
3103 5804 3155 5851 ct
3181 5793 3485 5851 futurorum
3506 5812 3633 5854 suu-
