4184 6488
517 374 614 430 ἳέἐι

508 486 808 556 plieiorum.
828 486 1115 554 Propterea
1136 497 1266 539 sane
1286 481 1464 537 omnia
1490 489 1674 536 contra
1699 493 1854 549 quam
1877 477 2086 541 deceat,

506 593 566 634 se
596 578 822 641 habent,
853 589 908 630 ut
955 576 1128 630 civilia
1171 571 1386 644 quidem
1437 573 1648 644 negotia
1697 572 1908 642 singulo
1955 585 2086 640 quo-

507 684 614 739 que
660 667 750 723 die
809 666 1217 737 diligentissime
1271 663 1737 726 administrentur,
1781 677 1955 732 neque
1995 661 2085 716 illa

507 775 756 830 umquam
780 759 950 813 omitti
980 757 1163 814 videas
1188 774 1204 823 ;
1231 755 1586 829 spiritualium
1613 769 1740 810 vero
1768 755 1908 808 nulla
1935 753 2088 807 nobis

508 852 643 906 ratio
685 851 964 905 habeatur.
1011 851 1086 905 Ita
1107 891 1123 915 ,
1168 864 1289 920 qua:
1318 848 1635 903 necessitate
1660 846 1814 901 nobis
1841 845 2085 915 imposita

503 957 566 995 ac
595 943 877 997 tormentis
904 942 1212 1011 propositis,
1243 943 1568 1008 omninoque
1597 947 1864 1008 tamquam
1902 953 1930 991 a
1967 952 2086 991 sero

503 1031 583 1085 vis
608 1041 660 1086 et
701 1032 880 1086 invitis
905 1032 1209 1101 exiguntur,
1251 1046 1442 1101 magna
1478 1039 1797 1100 przestantur
1824 1044 1944 1083 cum
1973 1028 2082 1082 ala-

500 1122 691 1176 critate
725 1140 739 1176 :
771 1136 891 1190 quae
921 1137 1049 1176 vero
1093 1137 1122 1174 a
1169 1121 1455 1176 libentibus
1494 1130 1654 1190 atque
1699 1129 1754 1175 ut
1795 1135 1825 1174 a
1880 1119 2078 1186 liberis,

503 1213 681 1266 omnia
713 1213 1051 1268 omittuntur.
1082 1212 1196 1267 Non
1241 1212 1357 1268 brec
1399 1213 1451 1267 in
1496 1228 1686 1267 omnes
1716 1213 1858 1276 dico,
1904 1211 2000 1266 sed
2029 1212 2080 1266 in

500 1317 597 1357 cos
622 1303 712 1372 qui
749 1300 1050 1373 huiusmodi
1079 1313 1320 1372 sumptus
1365 1304 1540 1358 facere
1583 1311 1849 1358 recusant.
1890 1303 2081 1357 Annon

502 1403 714 1464 poterat
737 1395 875 1450 Deus
907 1397 1278 1450 necessitatem
1305 1394 1530 1450 faciendi
1554 1397 1827 1463 imponere
1843 1394 1868 1448 ἲ
1886 1397 1952 1450 Αι
1976 1411 2081 1451 non

500 1485 614 1539 vult
641 1501 655 1538 :
691 1485 843 1540 vobis
871 1486 1012 1541 enim
1043 1487 1208 1556 magis
1233 1485 1485 1550 consulit,
1523 1500 1681 1556 quam
1725 1485 1789 1540 iis
1813 1485 1903 1556 qui
1929 1487 2083 1541 alun-

502 1585 606 1630 tur.
641 1575 766 1632 ldeo
794 1591 899 1631 non
940 1575 1056 1630 vult
1089 1576 1275 1631 isthwe
1307 1590 1399 1630 vos
1425 1591 1488 1630 ex
1517 1577 1838 1633 necessitate
1867 1575 2042 1632 facere
2062 1618 2078 1642 ,

498 1667 749 1737 quoniam
781 1667 924 1722 nulla
954 1681 1048 1722 vos
1074 1676 1314 1723 maneret
1359 1683 1584 1723 merces.
1635 1669 1884 1724 Attamen
1931 1670 2081 1725 multi

498 1775 689 1816 eorum
718 1760 807 1830 qui
835 1758 924 1814 hic
952 1770 1093 1826 sunt,
1132 1759 1335 1816 Iudaeis
1373 1769 1496 1814 sunt
1527 1759 1811 1815 inferiores
1839 1775 1910 1816 ac
1929 1761 2082 1815 vilio-

498 1867 604 1906 res.
637 1851 819 1922 Cogita
841 1893 856 1916 ,
885 1860 1014 1922 quot
1052 1860 1206 1906 erant
1233 1867 1351 1922 qua:
1381 1867 1412 1906 a
1441 1851 1641 1907 Jadteis
1665 1851 1950 1920 dabantur,
1983 1852 2080 1907 de-

495 1941 651 1996 cimze
671 1981 686 2005 ,
717 1941 965 2012 primitiae
988 1982 1003 2006 ,
1036 1957 1222 1997 rursus
1250 1941 1504 2010 decimae,
1543 1951 1598 1998 et
1621 1958 1807 1997 rursus
1832 1943 1954 1998 aliae
1983 1942 2079 1998 de-

495 2035 672 2100 cimte,
713 2043 771 2090 et
810 2049 996 2090 rursus
1020 2035 1140 2090 alia:
1169 2035 1589 2102 decimzetertim,
1619 2046 1672 2092 et
1700 2037 1889 2092 siclum
1929 2055 1942 2091 ε
1983 2052 2081 2092 nec

495 2127 775 2198 quisquam
813 2137 951 2194 erat,
981 2127 1074 2198 qui
1111 2127 1331 2194 diceret,
1366 2128 1674 2184 sacerdotes
1713 2129 1875 2184 multa
1915 2129 2078 2184 devo-

496 2231 636 2271 rare.
690 2216 808 2284 Quo
857 2217 1010 2286 plina
1059 2219 1342 2287 accipiunt,
1389 2233 1456 2273 eo
1499 2219 1662 2274 etiam
1712 2219 1804 2276 tibi
1851 2220 2079 2288 amplior

495 2320 723 2362 merces.
755 2306 871 2361 Non
899 2306 1184 2374 dicebant,
1215 2308 1373 2363 Multa
1404 2318 1662 2376 sumunt,
1695 2311 1867 2366 ventri
1899 2311 2076 2366 indul-

493 2405 656 2466 gent;
686 2411 806 2466 qua:
846 2413 984 2452 nunc
1013 2398 1270 2467 quosdam
1301 2399 1540 2455 dicentes
1574 2401 1751 2456 audio.
1781 2402 1954 2472 Atque
1991 2402 2076 2456 isti

491 2486 730 2556 quidem,
777 2487 865 2557 qui
912 2487 1102 2542 domos
1139 2489 1408 2544 aedificant
1450 2501 1610 2562 atque
1649 2508 1806 2562 agros
1845 2504 2072 2558 emunt,

492 2575 624 2631 nihil
655 2584 840 2646 putant
867 2593 929 2632 se
973 2577 1168 2633 habere
1205 2597 1218 2633 :
1259 2581 1400 2650 quod
1441 2581 1489 2636 si
1526 2584 1774 2638 sacerdos
1812 2586 2073 2655 quispiam

491 2671 650 2741 paulo
672 2670 1035 2740 splendidiore
1067 2681 1215 2727 veste
1246 2673 1464 2728 indutus
1491 2675 1676 2740 fuerit,
1704 2685 1794 2731 aut
1814 2692 2070 2733 necessa-

489 2761 572 2817 rio
596 2762 852 2818 alimento
879 2779 981 2818 non
1009 2772 1182 2834 egeat,
1206 2774 1294 2819 aut
1325 2765 1580 2820 liniiulum
1609 2767 1823 2835 habeat,
1865 2785 1930 2824 ne
1957 2771 2074 2840 ipse

486 2861 712 2923 cogatur
749 2867 780 2907 a
820 2853 1015 2908 decore
1041 2853 1354 2920 discedere;
1385 2855 1486 2911 hoe
1526 2857 1601 2910 illi
1635 2857 1849 2914 divitias
1890 2861 2068 2914 nomi-

489 2950 639 2996 nant.
681 2942 823 2998 Vere
866 2943 1064 2998 divitiis
1107 2946 1461 3014 abundamus,
1498 2947 1655 3017 idque
1687 2949 1772 3004 isti
1805 2951 1888 3006 vel
1922 2953 2070 3007 inriti

489 3033 740 3090 fatentur.
772 3034 880 3090 Nos
922 3036 1065 3090 enim
1111 3037 1319 3093 etiamsi
1353 3054 1522 3108 pauca
1553 3039 1864 3107 habeamus,
1897 3043 2066 3097 abun-

489 3127 678 3180 damus
715 3127 951 3192 divitiis;
995 3129 1069 3183 illi
1114 3145 1240 3186 vero
1278 3132 1485 3186 etiamsi
1518 3133 1696 3188 omnia
1723 3134 1824 3190 sibi
1855 3150 2069 3206 compa-

486 3227 641 3286 rent,
674 3221 851 3292 inopia
882 3222 1142 3278 laborant.
1175 3225 1462 3296 Quousque
1499 3226 1778 3285 dementcs
1820 3233 2021 3287 erimus
2049 3235 2071 3288 ?

487 3329 593 3368 non
621 3314 752 3369 satis
784 3315 936 3370 vobis
968 3316 1175 3371 videtur
1214 3318 1279 3372 ad
1326 3320 1644 3389 supplicium
1670 3324 1820 3379 vobis
1847 3341 2068 3396 compa-

487 3404 732 3471 randum,
765 3407 904 3477 quod
934 3407 1140 3462 nullum
1172 3425 1306 3478 opus
1327 3411 1504 3477 editis,
1537 3412 1637 3467 nisi
1659 3415 1910 3471 damnum
1938 3418 2067 3474 illud

484 3497 637 3552 vobis
671 3497 1016 3566 contrahatis,
1049 3501 1189 3569 quod
1221 3501 1289 3558 de
1309 3503 1427 3557 aliis
1460 3505 1792 3562 detrahendo
1814 3511 2020 3566 accedit
2047 3513 2069 3566 ?

486 3589 694 3644 Etenim
723 3590 766 3644 si
799 3598 850 3644 tu
872 3590 1032 3644 etiam
1059 3607 1227 3659 esses,
1261 3594 1350 3664 qui
1380 3610 1440 3648 ea
1469 3611 1588 3666 qua:
1615 3597 1774 3653 habet
1797 3602 2065 3660 sacerdoti

483 3677 746 3747 dedisses,
779 3689 955 3735 tamen
985 3697 1050 3736 eo
1076 3683 1194 3752 ipso
1225 3685 1526 3741 mercedem
1549 3689 1892 3756 perdidisses,
1926 3694 2067 3762 quod

483 3785 546 3825 ea
577 3771 630 3826 in
661 3770 863 3829 crimen
905 3787 1125 3828 vocares
1147 3816 1160 3841 ,
1189 3790 1309 3843 qua:
1335 3785 1389 3830 tu
1419 3777 1530 3846 ipse
1577 3779 1818 3836 dedisses
1845 3800 1859 3837 :
1891 3785 2066 3837 omni-

485 3877 665 3933 noque
694 3861 740 3917 si
775 3871 830 3918 tu
861 3863 1052 3919 dedisti
1079 3906 1093 3929 ,
1124 3867 1249 3936 quid
1275 3868 1622 3923 criminaris?
1652 3873 1818 3926 Antea
1851 3874 2064 3943 quidem

484 3969 772 4026 pauperem
817 3956 965 4010 illum
1007 3957 1170 4012 fuisse
1209 3959 1442 4025 testaris,
1476 3960 1607 4027 Qum
1652 3961 1830 4030 habet,
1865 3964 2062 4036 inquis,

481 4060 586 4117 ego
629 4045 748 4102 dedi
782 4065 794 4098 :
828 4047 952 4117 quid
995 4063 1122 4119 ergo
1173 4050 1520 4106 criminaris?
1560 4051 1800 4108 Dandum
1849 4055 2067 4112 minime

483 4137 679 4200 fuerat.
709 4138 754 4193 si
782 4154 902 4194 cras
932 4139 982 4194 in
1010 4141 1214 4195 crimen
1238 4149 1540 4195 vocaturos.
1568 4144 1635 4196 At
1663 4158 1782 4197 cum
1808 4146 1946 4201 alter
1973 4147 2066 4201 de-

478 4229 578 4294 dit,
608 4231 707 4284 ista
739 4229 874 4286 dicis
898 4231 920 4285 ?
948 4230 1173 4287 Gravius
1209 4246 1338 4286 sane
1359 4231 1650 4298 delictum,
1678 4249 1798 4289 cum
1827 4244 1880 4290 tu
1909 4237 2068 4291 mini-

481 4337 568 4377 me
603 4320 816 4376 dederis
839 4362 854 4387 ,
887 4322 1107 4376 alterius
1151 4320 1426 4377 benefacta
1469 4324 1760 4379 criminari.
1802 4326 2062 4392 Quantam

478 4409 602 4466 illos
650 4410 953 4465 mercedem
990 4425 1208 4466 manere
1238 4422 1410 4480 putas,
1439 4413 1528 4484 qui
1571 4414 1757 4470 isthmc
1797 4417 2065 4472 audiunt?

482 4504 580 4560 Dei
607 4505 748 4558 enim
774 4517 934 4558 causa
962 4502 1077 4558 ιιωο
1099 4505 1392 4574 patiuntur.
1417 4506 1552 4572 Quid
1577 4508 1646 4560 ita
1671 4509 1694 4560 ?
1721 4507 1992 4576 Poterant,
2018 4512 2063 4564 si

481 4601 796 4665 voluissent,
831 4615 1100 4672 caupones
1131 4603 1266 4669 ﬁeri,
1301 4606 1510 4660 tametsi
1543 4606 1672 4661 nihil
1702 4608 1806 4664 illis
1833 4624 1860 4662 a
1889 4610 2063 4678 majo-

478 4695 627 4750 ribus
661 4694 904 4749 relictmn
926 4701 1088 4751 esset.
1121 4694 1251 4750 Nam
1278 4705 1332 4751 et
1362 4696 1476 4752 brec
1505 4699 1698 4752 multos
1725 4699 2063 4771 impudenter

476 4785 719 4841 dicentes
757 4785 933 4851 audio,
985 4789 1028 4840 si
1075 4788 1289 4859 quando
1330 4805 1428 4844 nos
1457 4790 1526 4844 ita
1557 4790 1784 4845 dicimus
1809 4833 1823 4856 ,
1861 4792 1955 4846 llic
1979 4793 2062 4847 vel

478 4877 572 4931 ille
613 4891 816 4947 panper
845 4888 925 4933 est
956 4896 969 4933 :
1002 4878 1235 4946 Poterat,
1281 4879 1544 4950 inquiunt,
1587 4881 1629 4934 si
1675 4882 1949 4944 voluisset,
1994 4883 2060 4938 ad

475 4967 690 5020 divitias
712 4967 1012 5036 pervenire.
1042 4969 1241 5025 Deinde
1267 4970 1619 5026 contumelias
1647 4969 1884 5037 addunt,
1917 4974 2064 5029 Avus

475 5057 629 5113 istius
656 5068 710 5113 ct
731 5059 931 5113 abavus
955 5060 1088 5114 tales
1112 5059 1348 5125 fuerunt,
1376 5061 1461 5116 hic
1489 5078 1618 5116 vero
1640 5077 1778 5117 nunc
1803 5063 1892 5116 tali
1917 5073 2064 5118 veste

476 5149 696 5204 indutus
743 5158 846 5205 est.
897 5149 1002 5204 Sed
1048 5151 1218 5220 quid?
1264 5151 1352 5205 dic
1391 5152 1558 5217 mihi;
1592 5151 1867 5208 nudumue
1909 5154 2060 5212 illum

475 5239 762 5296 circumire
791 5241 1068 5310 oportuit?
1110 5241 1254 5310 Ergo
1300 5242 1398 5295 ista
1445 5240 1660 5312 quidem
1695 5253 1746 5296 tu
1791 5243 2063 5298 subtiliter

476 5331 541 5385 ad
570 5331 806 5386 calculos
835 5346 1088 5394 revocas;
1114 5331 1208 5386 sed
1238 5332 1355 5387 vide
1385 5349 1453 5388 ne
1480 5343 1664 5388 contra
1694 5335 1920 5405 teipsum
1947 5336 2061 5391 lucc

475 5421 625 5477 dicas
656 5439 670 5476 :
703 5431 863 5494 atque
887 5421 1012 5477 audi
1041 5423 1186 5477 illam
1216 5423 1417 5478 Christi
1453 5423 1907 5491 admonitionem,
1945 5426 2060 5480 Νο-

475 5511 563 5566 lite
580 5512 842 5582 judicare,
875 5523 922 5566 et
951 5529 1058 5568 non”
1072 5514 1435 5583 jndicabimini
1463 5514 1676 5586 (Matth.
1706 5517 1759 5570 7.
1792 5517 1867 5586 l).
1903 5519 2063 5572 Pote-

477 5615 559 5660 rat
585 5604 763 5674 igitur,
791 5605 836 5659 si
872 5607 1149 5670 voluisset.
1189 5608 1567 5678 cauponariam
1595 5622 1657 5662 ac
1697 5619 2056 5663 mercaturam

477 5710 752 5758 exercere,
778 5697 1100 5767 omninoque
1128 5714 1233 5753 non
1259 5699 1525 5768 eguisset;
1568 5701 1659 5756 sed
1690 5701 1880 5755 noluit.
1913 5701 2048 5767 Quid

478 5785 658 5859 igitur,
702 5800 907 5856 qutcso,
952 5787 1220 5844 lucretur?
1251 5804 1376 5844 num
1407 5791 1591 5847 sericis
1621 5791 1856 5847 induitur
1887 5793 2046 5847 vesti-

1213 365 1271 423 S.
1311 362 1589 424 JOANNIS
1618 357 2085 418 CllllYSOSTUMl
2126 358 2441 416 AllClllEP.
2481 362 3011 420 CONSTANTINOP.
3673 376 3780 433 ξω

2203 473 2344 526 bus?
2369 489 2494 529 num
2523 485 2846 536 sectatorum
2876 476 3267 532 multitudinem
3298 492 3394 549 per
3424 481 3595 537 forum
3628 485 3778 539 ince-

2195 564 2328 620 dens
2352 567 2744 625 circumducit?
2772 587 2895 624 num
2927 586 3064 640 equo
3088 569 3336 625 vehitur?
3358 589 3485 628 num
3511 575 3655 630 mdes
3683 591 3780 630 ex-

2197 662 2373 726 struit,
2419 659 2618 716 habens
2661 662 2748 716 ubi
2783 663 3017 718 habitet?
3044 663 3101 718 Si
3132 662 3248 718 lucc
3278 665 3441 730 facit,
3472 683 3572 736 ego
3613 669 3776 723 etiam

2198 749 2552 818 reprehendo,
2599 767 2774 821 neque
2802 753 2874 806 illi
2917 769 3099 822 parco,
3146 756 3240 809 sed
3283 757 3587 812 sacerdotio
3633 761 3773 815 indi-

2193 855 2352 908 gnum
2397 856 2518 895 esse
2545 841 2772 896 affirmo.
2801 841 2932 896 Nam
2957 845 3222 914 quomodo
3251 862 3473 902 monere
3511 849 3644 903 alios
3674 866 3774 919 po-

2193 930 2316 984 terit
2338 971 2354 997 ,
2403 946 2471 986 ne
2508 933 2669 987 rebus
2699 933 2814 987 istis
2843 935 3115 990 inutilibus
3143 949 3368 1002 vacent,
3401 940 3490 1008 qui
3536 941 3774 1010 seipsum

2193 1037 2412 1077 monere
2455 1039 2558 1077 non
2608 1025 2823 1093 potest?
2859 1026 2953 1080 Sin
2983 1037 3161 1082 autem
3189 1028 3331 1098 quod
3375 1031 3536 1086 rebus
3566 1041 3772 1087 tantum

2191 1113 2258 1167 ad
2287 1113 2446 1168 vitam
2479 1116 2796 1170 necessariis
2821 1133 2926 1172 non
2955 1128 3094 1188 eget,
3129 1120 3232 1175 hoc
3256 1121 3371 1190 ipso
3403 1123 3582 1193 inique
3621 1125 3728 1195 agit
3755 1143 3772 1188 ;

2190 1218 2259 1257 an
2306 1203 2479 1274 ipsum
2523 1205 2806 1260 circumire
2842 1209 3143 1277 oportebat.
3190 1219 3245 1265 et
3290 1212 3632 1268 mendicare?
3674 1229 3773 1268 nec

2189 1293 2474 1365 quidquam
2507 1304 2593 1361 te,
2625 1311 2659 1352 ο
2687 1297 2980 1366 discipule,
3029 1299 3290 1370 puderet?
3330 1303 3410 1358 Ae
3447 1303 3491 1357 si
3534 1305 3769 1360 carnalis

2190 1393 2342 1452 pater
2364 1384 2415 1439 id
2437 1385 2616 1453 faciat,
2646 1387 2883 1444 dedeCus
2912 1405 3161 1460 magnum
3189 1401 3375 1461 putes;
3403 1394 3486 1448 sin
3510 1394 3768 1464 spirituao

2188 1476 2254 1532 lis
2283 1493 2347 1531 eo
2371 1479 2700 1536 descendere
2723 1490 2979 1551 cogatur,
3011 1499 3113 1536 non
3153 1484 3439 1541 erubesces
3463 1527 3478 1552 ,
3512 1501 3686 1556 neque
3717 1495 3769 1543 to

2189 1569 2422 1625 tenebris
2465 1569 2765 1626 abdendum
2797 1572 3044 1642 putabis?
3088 1572 3320 1629 Dedecus
3359 1577 3512 1642 enim,
3559 1577 3764 1648 inquit,

2187 1661 2410 1729 ﬁliorum
2437 1672 2581 1733 pater
2617 1664 2726 1720 sine
2753 1665 2942 1720 honore
2981 1665 3176 1739 (Eccli.
3203 1668 3253 1723 5.
3287 1668 3400 1738 13).
3433 1668 3568 1736 Quid
3595 1686 3722 1741 ergo
3741 1671 3767 1724 τ

2187 1752 2518 1822 pereundum
2549 1754 2625 1809 illi
2673 1754 2813 1810 fame
2855 1755 3066 1811 fuerat?
3111 1756 3306 1812 Verum
3337 1775 3510 1829 neque
3553 1761 3653 1816 hoc
3692 1762 3764 1831 pii

2186 1842 2418 1898 hominis
2460 1853 2568 1912 est;
2612 1861 2785 1916 neque
2829 1848 2971 1902 enim
3021 1849 3276 1917 probatur
3319 1849 3448 1904 Deo.
3495 1849 3762 1906 Czeterum

2184 1935 2402 2005 quando
2446 1936 2558 1991 haec
2599 1937 2856 1993 adversus
2884 1939 3014 1994 istos
3049 1939 3346 2002 aﬂ‘erimus,
3375 1943 3551 1997 subito
3587 1943 3762 2012 philo-

2185 2026 2481 2095 Sophantur
2513 2045 2524 2080 :
2557 2028 2815 2098 scriptum
2841 2038 2956 2094 est,
2991 2031 3275 2100 inquiunt,
3305 2029 3480 2086 Nolite
3508 2035 3765 2103 possidere

2185 2135 2382 2186 aurum,
2414 2135 2570 2188 neque
2598 2130 2884 2190 argentum,
2913 2136 3071 2190 neque
3100 2121 3228 2175 duas
3256 2122 3473 2184 tunicas,
3502 2141 3660 2192 neque
3691 2141 3764 2178 ws

2184 2213 2235 2266 in
2261 2213 2400 2266 zonis
2426 2213 2598 2266 vestris
2621 2253 2635 2277 ,
2665 2229 2823 2282 neque
2847 2214 3040 2284 virgam
3073 2213 3286 2283 (Matth.
3315 2215 3401 2269 10.
3429 2215 3503 2282 9).
3538 2216 3598 2270 lli
3628 2232 3762 2272 vero

2186 2311 2334 2357 terna
2363 2312 2417 2358 et
2446 2312 2702 2372 quaterna
2730 2303 2927 2358 habent
2956 2304 3268 2359 vestimenta
3293 2346 3309 2372 ,
3335 2315 3390 2360 et
3417 2307 3583 2361 lectos
3624 2323 3759 2363 con-

2181 2403 2396 2448 stratos.
2430 2394 2522 2449 llei
2549 2395 2713 2451 mihi!
2746 2411 2910 2465 cogor
2936 2412 3034 2466 ego
3062 2412 3203 2452 nunc
3227 2399 3532 2466 suSpirare,
3563 2414 3624 2454 ac
3656 2401 3758 2456 nisi

2182 2484 2310 2539 mihi
2345 2484 2596 2541 decorum
2641 2488 2894 2542 tuendum
2925 2499 3090 2554 esset,
3131 2490 3322 2545 multas
3348 2490 3506 2546 etiam
3538 2492 3760 2563 profun-

2181 2577 2361 2632 derem
2405 2579 2686 2650 lacrymas.
2731 2577 2876 2636 Cur?
2901 2581 3162 2650 Quoniam
3191 2584 3243 2637 in
3289 2583 3516 2639 aliorum
3544 2585 3755 2656 quidem

2181 2669 2412 2726 festucas
2453 2672 2589 2727 adeo
2625 2673 2907 2744 diligenter
2957 2676 3274 2746 inquirimus
3301 2720 3316 2745 ,
3363 2688 3576 2735 nostras
3628 2697 3757 2736 vero

2181 2763 2378 2824 trabes,
2403 2780 2535 2834 quas
2553 2767 2607 2820 in
2633 2767 2800 2822 oculis
2829 2767 3088 2823 habemus
3105 2809 3120 2834 ,
3149 2785 3215 2824 ne
3235 2772 3493 2826 sentimus
3517 2773 3753 2843 quidem.

2181 2854 2274 2908 Dic
2319 2855 2470 2920 mihi,
2519 2871 2614 2910 cur
2662 2857 2845 2912 isthmc
2887 2859 2980 2913 tibi
3009 2859 3108 2928 ipsi
3151 2876 3256 2915 non
3287 2862 3458 2917 dicis?
3494 2864 3753 2932 Quoniam

2179 2947 2299 3009 hoc,
2330 2948 2520 3017 inquit,
2551 2950 2820 3020 magistris
2849 2949 3126 3005 dumtaxat
3148 2965 3469 3023 praeceptum
3491 2965 3591 3010 est.
3618 2956 3758 3028 Ergo

2176 3054 2295 3094 cum
2330 3040 2524 3096 Paulus
2552 3042 2720 3112 inquit
2743 3083 2757 3106 ,
2794 3041 3047 3099 Habentes
3072 3046 3312 3100 alimenta
3337 3057 3384 3101 et
3409 3049 3587 3118 quibus
3613 3061 3756 3120 tega-

2178 3148 2290 3187 ntur
2308 3173 2324 3199 ,
2353 3135 2430 3187 Itis
2459 3136 2679 3189 contenti
2705 3137 2862 3190 simas
2889 3136 2979 3208 (1.
3007 3136 3139 3192 Tim.
3169 3138 3221 3193 6.
3251 3138 3350 3209 8),
3379 3140 3448 3195 ad
3472 3141 3616 3196 solos
3643 3157 3757 3196 ma-

2175 3226 2370 3297 gistros
2403 3227 2562 3282 verba
2589 3226 2754 3282 facit?
2777 3228 3026 3295 Minime;
3053 3230 3148 3285 sed
3175 3231 3240 3285 ad
3271 3247 3463 3288 omnes
3489 3233 3752 3289 homines.

2178 3319 2338 3390 quue
2363 3319 2493 3375 satis
2521 3321 2806 3386 constabit,
2825 3321 2867 3374 si
2895 3336 2924 3375 a
2947 3322 3117 3390 capite
3148 3323 3322 3377 locum
3349 3325 3492 3378 illum
3512 3326 3755 3394 inSpexc-

2177 3411 2342 3466 rimus
2377 3429 2388 3464 :
2424 3427 2544 3466 nam
2575 3427 2695 3466 cum
2723 3412 2967 3479 dixisset,
2991 3413 3079 3468 Est
3103 3427 3271 3470 autent
3293 3427 3516 3486 questus
3543 3435 3756 3487 magnus

2176 3503 2332 3571 pietas
2360 3520 2472 3556 cum
2510 3504 2843 3573 sufficientia;
2881 3519 2946 3559 ac
2983 3504 3178 3559 deinde
3220 3505 3554 3571 addidisset,
3602 3507 3755 3561 Nihil

2173 3595 2305 3650 enim
2333 3595 2594 3648 intulimus
2632 3596 2687 3648 in
2725 3595 2859 3648 hanc
2899 3595 3175 3659 mundum,
3217 3595 3356 3648 haud
3383 3597 3588 3650 dubiant
3616 3602 3753 3668 quod

2174 3703 2262 3739 nec
2285 3687 2488 3754 auferre
2522 3686 2644 3755 quid
2669 3701 2975 3754 possumus;
3003 3687 3258 3742 continuo
3293 3688 3562 3758 subjunxit
3587 3731 3602 3755 ,
3636 3689 3748 3743 Ila-

2176 3779 2342 3832 bentes
2368 3786 2532 3830 autem
2559 3777 2802 3830 alimenta
2829 3785 2875 3829 et
2909 3776 3088 3846 quibus
3125 3787 3355 3848 tegantur
3377 3819 3393 3845 ,
3427 3780 3503 3834 Itis
3531 3783 3754 3836 contenti

2172 3870 2349 3922 simas.
2378 3868 2476 3933 Qui
2505 3877 2675 3920 autent
2699 3867 2872 3920 volunt
2897 3868 3077 3921 divites
3105 3868 3236 3937 ﬁeri,
3265 3869 3496 3922 incidunt
3521 3871 3570 3924 in
3592 3881 3753 3924 tenta-

2171 3969 2357 4021 tionem
2384 3975 2430 4019 et
2470 3965 2722 4034 laqueum,
2761 3973 2807 4017 et
2844 3963 3093 4018 desideria
3131 3965 3292 4019 multa
3320 3967 3474 4020 stulta
3500 3975 3547 4020 et
3575 3967 3752 4020 nociva

2172 4057 2334 4128 (Ibid.
2366 4074 2411 4110 v.
2437 4056 2488 4110 6.
2521 4053 2599 4126 9).

2243 4150 2296 4205 5.
2336 4149 2496 4204 Vides
2524 4149 2590 4203 ad
2619 4163 2805 4203 onmes
2843 4149 3138 4204 orationem
3174 4148 3395 4205 haberi?
3421 4151 3555 4220 Quid
3587 4168 3750 4219 vero,

2172 4257 2292 4297 eum
2339 4258 2523 4297 rursus
2555 4242 2723 4310 inquit
2745 4283 2760 4307 ,
2787 4240 2968 4296 Carnis
2997 4258 3170 4295 curam
3197 4258 3260 4295 ne
3285 4243 3504 4312 feceritis
3534 4249 3584 4297 in
3614 4245 3751 4298 desi-

2171 4334 2324 4388 deriis
2352 4333 2527 4404 (Rom.
2559 4333 2644 4387 l5.
2687 4333 2815 4401 tl);
2848 4347 3028 4388 nonne
3065 4333 3313 4388 omnibus
3351 4335 3642 4404 generatim
3675 4337 3754 4388 lo-

2170 4425 2390 4495 quitur?
2414 4423 2542 4494 quid
2574 4437 2722 4487 vero,
2755 4438 2876 4477 cum
2907 4423 3113 4492 inquit,
3145 4422 3277 4476 Esca
3305 4425 3482 4489 ventri,
3511 4434 3558 4478 et
3587 4435 3754 4478 venter

2171 4517 2296 4569 escis
2335 4531 2352 4566 :
2379 4514 2517 4568 Deus
2543 4522 2711 4566 autem
2737 4521 2783 4565 et
2819 4511 2952 4566 hunc
2979 4523 3027 4566 et
3052 4514 3146 4566 has
3174 4513 3395 4567 destruet
3421 4515 3440 4584 (
3463 4515 3511 4568 l.
3543 4515 3660 4568 Cor.
3694 4515 3746 4569 6.

2173 4605 2261 4674 15)
2284 4607 2307 4658 ?
2333 4604 2458 4674 quid
2488 4619 2636 4668 vero,
2669 4602 2756 4656 tibi
2785 4603 2976 4672 inquit,
3013 4603 3140 4668 Quae
3159 4603 3212 4657 in
3237 4604 3433 4658 deliciis
3455 4614 3528 4658 est
3547 4645 3562 4669 ,
3589 4609 3752 4657 vivens

2170 4706 2372 4750 mortua
2393 4704 2486 4759 est,
2517 4693 2585 4748 de
2613 4693 2767 4747 vidua
2800 4693 3063 4763 loquens?
3093 4709 3219 4748 num
3252 4693 3482 4749 fortasse
3510 4703 3564 4749 et
3595 4694 3750 4748 vidua

2172 4787 2424 4856 magister
2464 4785 2590 4840 cst?
2634 4800 2810 4839 annon
2848 4785 2961 4853 ipse
2993 4786 3109 4850 fuit,
3153 4786 3241 4855 qui
3273 4785 3343 4840 ita
3374 4787 3525 4850 dixit,
3556 4787 3755 4841 Docere

2171 4888 2338 4930 autem
2378 4877 2575 4930 mulieri
2605 4893 2704 4930 non
2745 4879 2998 4945 permitto,
3033 4894 3190 4948 neque
3216 4878 3468 4931 dominari
3507 4880 3560 4932 in
3588 4880 3753 4933 virum

2175 4970 2249 5040 (ι.
2278 4967 2411 5022 Tim.
2441 4969 2494 5024 5.
2526 4969 2579 5023 6.
2611 4979 2656 5022 et
2681 4967 2736 5020 2.
2773 4969 2857 5036 l2)
2880 4969 2903 5020 ’ἒ
2928 4969 3077 5034 Quod
3109 4968 3151 5023 si
3193 4969 3348 5023 vidua
3371 5009 3386 5035 ,
3421 4969 3509 5023 ubi
3538 4979 3593 5024 et
3618 4978 3752 5024 mtas

2170 5061 2386 5124 senilis;
2429 5068 2680 5115 senectus
2709 5061 2850 5115 enim
2878 5075 3070 5128 magno
3105 5067 3225 5129 eget
3249 5058 3536 5128 obsequio,
3569 5069 3624 5114 et
3658 5076 3755 5112 na-

2172 5160 2288 5205 tura
2320 5152 2470 5221 ipsa;
2504 5149 2763 5205 muliebre
2785 5151 2926 5204 enim
2955 5164 3124 5219 genus
3153 5151 3357 5218 majore
3385 5160 3507 5219 eget
3536 5151 3750 5216 solatio,

2171 5247 2291 5315 quia
2319 5245 2586 5300 infirmum
2626 5253 2710 5300 est
2739 5262 2752 5299 :
2786 5245 2962 5314 igitur,
2996 5246 3041 5298 si
3074 5245 3164 5300 ubi
3193 5256 3324 5300 tetas
3352 5254 3406 5301 et
3436 5255 3620 5302 natura
3652 5247 3754 5301 οὺς

2171 5338 2363 5400 stabat,
2395 5335 2615 5392 minime
2646 5345 2820 5391 tamen
2857 5337 2997 5390 illam
3029 5337 3154 5392 sinit
3181 5336 3409 5392 delicate
3435 5347 3490 5392 et
3519 5341 3754 5395 molliter

2172 5429 2374 5489 vivere,
2422 5427 2516 5480 sed
2567 5428 2725 5481 etiam
2776 5435 3037 5480 mortuam
3085 5441 3206 5482 esse
3233 5427 3402 5497 inquit
3433 5428 3578 5498 (non
3609 5429 3750 5484 enim

2175 5529 2374 5572 tantmn
2405 5517 2538 5572 dixit
2563 5558 2576 5579 ,
2611 5516 2686 5571 Ne
2711 5515 2940 5572 delicate
2969 5518 3130 5582 vivat,
3171 5517 3289 5585 sed,
3322 5517 3449 5585 Qua:
3477 5520 3528 5572 in
3557 5519 3751 5573 deliciis

2172 5622 2265 5674 est,
2288 5625 2454 5664 vtvens
2482 5619 2678 5663 mortua
2698 5619 2806 5673 est;
2833 5626 3060 5681 eamque
3089 5627 3120 5667 e
3145 5611 3323 5668 medio
3348 5621 3602 5677 removit;
3628 5629 3749 5666 nam

2174 5716 2292 5770 qtae
2312 5711 2518 5756 mortua
2548 5711 2650 5766 est,
2685 5716 2716 5755 e
2747 5701 2921 5755 medio
2946 5703 3148 5757 sublata
3173 5701 3296 5774 est)
3325 5722 3338 5758 :
3363 5719 3520 5774 quam
3544 5703 3752 5758 veniam

2181 5791 2392 5847 habebit
2418 5792 2575 5849 homo
2603 5809 2664 5848 ca
2691 5792 2906 5858 faciens,
2930 5809 3156 5865 quorum
3182 5809 3340 5853 causa
3369 5796 3556 5854 mulier
3579 5797 3751 5852 vetula
