4184 6488
408 345 509 401 251

409 463 508 532 τῆς
533 457 956 530 εὐγνωμοσύνης
977 471 990 486 ·
1017 455 1084 510 τά
1102 456 1158 509 δέ
1181 457 1332 528 παρά
1359 457 1614 521 ἐκόντων,
1640 458 1734 510 καί
1754 455 1830 517 ὼς
1854 450 2006 523 παρὰ

408 549 749 620 ἐλευθέρων,
787 550 966 602 πάντα
1015 547 1428 616 ἑλλιμπάνεται.
1473 547 1546 600 Οὐ
1593 545 1736 599 κατά
1783 543 2004 597 πάντων

407 641 573 712 λέγω,
601 641 740 694 ἀλλά
776 639 918 695 κατά
963 639 1070 692 τῶν
1112 640 1179 692 τὰ
1222 639 1535 708 τελέσματα
1564 637 1740 690 ταῦτα
1772 637 2006 702 ἐγκατα-

407 733 814 804 λιμπανόντων.
851 732 940 802 Μὴ
978 731 1088 802 γάρ
1141 732 1240 785 οὐκ
1289 730 1522 800 ἠδύνατο
1558 733 1586 784 6
1612 731 1745 794 Θεὸς
1789 730 2003 798 ἀνάγκῃ

407 826 583 881 ταῦτα
615 827 828 889 ποιεῖν;
865 823 1004 876 Ἀλλ’
1024 825 1084 877 οὐ
1115 823 1366 894 βούλεται
1391 841 1404 854 ·
1439 823 1598 895 ὑμῶν
1629 823 1738 895 γὰρ
1765 822 2006 894 φείδεται.

412 917 636 986 μᾶλλον,
654 915 686 987 ἢ
704 914 814 968 τῶν
833 915 1206 985 τρεφομένων.
1222 915 1320 968 Διά
1335 913 1494 968 τοῦτο
1511 915 1656 985 ὑμᾶς
1671 916 1772 968 οὐκ
1789 912 2002 981 ἀνάγκη

411 1007 664 1078 βούλεται
696 1003 1072 1068 κατατιθέναι,
1115 1004 1306 1077 ἐπειδὴ
1344 1009 1446 1058 οὐκ
1479 1005 1595 1058 ἔστι
1648 1003 1860 1076 μισθός.
1895 1003 2007 1056 Kal

409 1099 558 1168 ὅμως
583 1097 770 1150 πολλοὶ
797 1097 904 1150 τῶν
931 1096 1189 1162 ἐνταῦθα,
1214 1097 1323 1151 τῶν
1372 1097 1641 1151 Ἰουδαίων
1674 1098 1782 1150 εἰσὶ
1812 1113 2004 1150 ταπει-

409 1191 642 1262 νότεροι.
687 1189 971 1260 Ἐννόησον
1001 1190 1105 1243 ὅσα
1144 1190 1386 1243 Ἰουδαῖοι
1425 1189 1698 1254 ἐδίδοσαν,
1746 1189 2002 1256 δεκάτας,

408 1281 688 1353 ἀπαρχάς,
723 1279 888 1334 πάλιν
917 1279 1174 1346 δεκάτας,
1208 1281 1302 1334 καὶ
1344 1281 1508 1334 πάλιν
1545 1279 1713 1344 ἄλλας
1745 1280 2002 1344 δεκάτας,

411 1375 505 1428 καὶ
533 1374 693 1427 πάλιν
720 1373 916 1443 ἐτέρας
949 1372 1436 1444 τρισκαιδεκάτας,
1463 1373 1557 1427 καὶ
1583 1372 1644 1426 τὸ
1672 1372 1883 1426 σίκλον·
1910 1371 2005 1425 καὶ

407 1465 584 1528 οὐδεὶς
615 1463 822 1532 ἔλεγεν,
845 1464 926 1518 ὅτι
948 1463 1118 1518 πολλά
1140 1463 1540 1518 κατεσθίουσιν.
1561 1464 1711 1536 Ὅσῳ
1737 1465 1802 1518 ἂν
1827 1463 2006 1517 πλείο-

409 1574 474 1610 να
528 1557 738 1612 λάϐωσι
763 1597 779 1621 ,
813 1554 1057 1629 τοσούτῳ
1089 1557 1183 1610 καὶ
1231 1556 1436 1610 πλείων
1461 1558 1490 1611 6
1520 1555 1733 1628 μισθός.
1754 1558 1870 1610 Οὐκ
1895 1555 2006 1609 ἐλε-

407 1663 525 1714 γον,
565 1647 742 1701 Πολλά
781 1646 1145 1718 λαμϐάνουσι,
1178 1644 1562 1720 γαστρίζονται
1587 1688 1602 1713 ,
1633 1647 1669 1702 ἀ
1695 1647 1791 1702 νῦν
1819 1647 2005 1704 ἀκούω

408 1739 676 1808 λεγόντων
696 1739 877 1793 τινῶν.
910 1740 1020 1794 Καὶ
1040 1740 1090 1793 οί
1116 1740 1215 1810 μὲν
1242 1739 1661 1810 οἰκοδομοῦντες
1689 1741 1886 1805 οίκίας,
1910 1741 2006 1795 καὶ

410 1831 615 1902 ἀγροὺς
635 1829 958 1902 ὠνούμενοι,
979 1831 1132 1885 οὐδὲν
1155 1831 1416 1903 ήγοῦνται
1440 1831 1604 1903 ἔχειν·
1627 1830 1693 1886 ἂν
1709 1831 1766 1886 δέ
1787 1850 1871 1898 τις
1895 1832 2004 1888 τῶν

413 1923 609 1994 ἱερέων
628 1921 1009 1994 λαμπρότερον
1030 1923 1245 1994 ἱμάτιον
1269 1925 1655 1996 περιϐάληται,
1673 1924 1706 1995 ἢ
1727 1924 1823 1995 τῆς
1843 1927 2005 1994 ἀναγ-

410 2015 576 2079 καίας
593 2014 870 2087 εὐπορήσῃ
891 2015 1120 2087 τροφῆς,
1151 2017 1184 2087 ἢ
1207 2015 1299 2069 τὸν
1327 2014 1743 2086 διακονούμενον
1767 2016 1886 2089 ἔχῃ,
1916 2016 2004 2069 ἵνα

414 2106 490 2179 μὴ
525 2106 902 2178 ἀναγκάζηται
932 2107 1095 2171 αὐτὸς
1121 2109 1479 2179 ἀσχημονεῖν,
1510 2107 1742 2160 πλοῦτον
1765 2109 1826 2160 τὸ
1857 2109 2003 2180 πρᾶο

409 2215 527 2268 γμα
563 2198 825 2253 τίθενται.
850 2199 1059 2262 Ὄντως
1085 2197 1426 2268 πλουτοῦμεν
1455 2201 1550 2253 καὶ
1575 2201 1633 2252 ἐν
1653 2198 1884 2262 τούτοις,
1907 2200 2004 2253 καὶ

405 2293 635 2355 ἄκοντες
654 2290 1031 2361 ὁμολογοῦσιν.
1075 2291 1265 2362 Ἡμεῖς
1293 2291 1392 2362 μὲν
1415 2292 1524 2364 γάρ
1548 2291 1650 2345 κᾶν
1671 2292 1843 2362 μικρά
1869 2291 2005 2362 ἔχω-

405 2398 531 2452 μεν,
551 2383 892 2453 πλουτοῦμεν
906 2398 922 2414 ·
951 2383 1146 2436 ἐκεῖνοι
1173 2383 1229 2436 δέ
1247 2383 1352 2436 κᾶν
1376 2383 1555 2438 πάντα
1572 2383 2000 2455 περιϐάλωνται,

404 2476 682 2530 πένονται.
730 2475 913 2546 Μέχρι
951 2475 1097 2538 τίνος
1138 2475 1568 2546 ἀνοηταίνομεν;
1605 2476 1706 2528 οὐκ
1735 2477 1898 2546 ἀρκεῖ
1944 2475 2004 2527 τὸ

406 2567 576 2640 μηδὲν
597 2568 772 2620 ποιεῖν
796 2567 878 2629 είς
901 2565 1125 2633 κόλασιν
1150 2565 1300 2636 ὑμῖν,
1331 2565 1468 2619 ἀλλά
1501 2566 1607 2638 χρὴ
1645 2567 1740 2620 καὶ
1762 2567 1860 2638 τὴν
1891 2566 2003 2620 ἀπὸ

402 2662 503 2731 τῆς
528 2658 874 2731 κακηγορίας
901 2657 1248 2730 προστιθέναι
1282 2658 1524 2729 ξημίαν;
1559 2659 1620 2712 Et
1653 2659 1752 2730 μὲν
1775 2658 1885 2730 γὰρ
1907 2659 2005 2712 αὐ-

402 2753 496 2817 τὸς
539 2752 753 2815 ἔδωκας
803 2742 976 2821 αὐτῷ,
1017 2751 1162 2822 ἅπερ
1203 2749 1489 2823 κέκτηται,
1540 2752 1630 2804 τὸν
1668 2751 1859 2822 μισθὸν
1899 2752 2003 2805 ἀπ-

403 2847 633 2912 ώλεσας,
654 2846 798 2917 ὑπὲρ
823 2839 897 2899 ῶν
937 2845 1142 2908 ἔδωκας
1175 2845 1444 2914 ἐγκαλῶν·
1464 2846 1601 2910 ὅλως
1626 2845 1682 2898 δὲ
1709 2847 1759 2898 εἰ
1780 2847 1845 2899 σὺ
1868 2844 1999 2899 ἐδω-

404 2956 528 3004 κας,
570 2938 624 2992 τί
673 2937 962 3007 ἐγκαλεῖς;
1011 2938 1284 3009 Πρότερον
1319 2937 1418 3008 μὲν
1462 2933 1557 2991 οὖν
1611 2936 1762 3007 αὐτῷ
1809 2938 2002 2993 πενίαν

402 3029 760 3102 ἐμαρτύρεις,
778 3028 956 3098 λέγων
980 3027 1124 3101 ἆπερ
1148 3029 1264 3100 ἔχει
1291 3029 1586 3084 δεδωκέναι
1610 3029 1774 3094 αὐτός
1793 3044 1804 3057 ·
1829 3029 1880 3082 τί
1903 3030 2005 3082 τοί-

403 3141 500 3176 νυν
523 3121 806 3192 ἐγκαλεῖς;
832 3121 948 3174 Οὐκ
971 3121 1141 3192 ἐχρῆν
1170 3120 1376 3186 δοῦναι,
1405 3122 1459 3174 ετ
1484 3137 1546 3190 γε
1579 3120 1804 3191 ἔμελλες
1833 3123 2002 3191 ἐγκαο

404 3215 538 3270 λεῖν.
556 3214 700 3268 Ἀλλ’
732 3213 922 3285 ἐτέρου
949 3212 1131 3277 δόντος
1157 3212 1332 3267 ταῦτα
1360 3213 1573 3282 λέγεις;
1604 3212 2003 3284 Χαλεπώτερον

401 3309 466 3363 τὸ
495 3309 754 3380 πρᾶγμα,
787 3308 870 3361 ὅτι
903 3294 1024 3360 οὐδέ
1049 3305 1226 3370 διδοὺς
1257 3298 1513 3374 ἐγκαλεῖς
1536 3307 1677 3378 ὑπὲρ
1709 3299 1783 3360 ὧν
1815 3305 2004 3377 ἕτερος

404 3401 554 3454 ποιεῖ
595 3397 680 3454 εὖ.
730 3399 902 3453 Πόσον
935 3399 1037 3452 οίει
1081 3399 1208 3462 τοὺς
1255 3397 1430 3452 ταῦτα
1471 3397 1773 3463 ἀκούοντας
1809 3397 2003 3470 μισθὸν

403 3491 558 3564 [270]
578 3491 760 3562 ἔχειν;
793 3491 892 3545 Διά
921 3492 1030 3560 γὰρ
1063 3490 1156 3544 τὸν
1189 3490 1324 3544 Θεὸν
1347 3489 1521 3544 ταῦτα
1552 3490 1843 3561 πάσχουσι.
1878 3490 2002 3554 Πῶς

405 3583 503 3638 καὶ
525 3584 615 3637 διὰ
641 3583 728 3649 τί;
766 3583 946 3656 Ἐξῆν,
969 3585 1018 3636 εῖ
1043 3575 1106 3654 γε
1132 3583 1439 3649 ἐϐούλοντο,
1470 3583 1777 3655 καπηλικὸν
1811 3582 2004 3637 ἀναδέ-

406 3677 604 3743 ξασθαι
635 3677 772 3748 βίον,
796 3678 843 3730 εἰ
873 3679 968 3730 καὶ
1001 3677 1076 3747 μὴ
1106 3676 1214 3730 ἀπὸ
1245 3676 1526 3748 προγόνων
1558 3672 1725 3748 εἶχον.
1753 3678 1861 3730 Kal
1891 3676 2004 3748 γὰρ

404 3769 590 3824 ἀκούω
617 3771 714 3825 καὶ
755 3770 934 3825 ταῦτα
987 3770 1198 3824 πολλῶν
1250 3771 1522 3839 λεγόντων
1579 3770 1789 3844 ἰταμῶς
1811 3810 1825 3835 ,
1871 3773 2002 3828 ὅταν

404 3865 675 3935 είπωμεν,
700 3863 783 3917 ὅτι
801 3865 828 3917 6
856 3863 1005 3916 δεῖνα
1029 3864 1271 3916 πένεται·
1294 3863 1356 3917 Εἰ
1384 3864 1494 3934 γάρ
1511 3863 1783 3929 ἐϐούλετο,
1811 3865 1998 3935 φησὶν,

403 3956 640 4028 ἠδύνατο
657 3957 927 4010 πλουτεῖν·
949 3951 1068 4010 εἶτα
1085 3955 1441 4026 ὑϐριστικῶς,
1459 3957 1516 4009 ὐ
1534 3957 1794 4028 προγόνος
1810 3957 1997 4024 αὐτοῦ,

404 4050 501 4104 καὶ¹
521 4051 549 4104 6
569 4051 796 4114 πάππος
828 4048 1018 4112 αὐτοῦ,
1050 4049 1145 4102 καὶ
1173 4048 1202 4099 6
1226 4047 1405 4111 δεῖνα,
1440 4049 1648 4102 τοιόσδε
1679 4045 1777 4120 ἦν’
1816 4049 1910 4102 νῦν
1943 4051 2000 4103 δέ

401 4142 662 4213 τοιαύτην
695 4141 903 4211 ἐσθῆτα
934 4139 1344 4212 περιϐέϐληται.
1392 4142 1554 4194 ⁹Αλλιλ
1595 4141 1680 4207 τί;
1729 4141 1852 4195 εἰπέ
1885 4159 1999 4214 μοι,

401 4230 614 4302 γυμνὸν
645 4231 809 4286 αὐτὸν
840 4231 1008 4301 ἐχρῆν
1033 4230 1307 4300 περιιέναι
1330 4246 1344 4296 ;
1365 4232 1438 4285 Συ
1473 4231 1572 4302 μὲν
1595 4226 1689 4286 οὖν
1715 4232 1858 4304 ὑπὲρ
1878 4233 2002 4286 τού-

400 4339 512 4377 των
537 4321 870 4394 ἀκριϐολογῇ
891 4337 904 4350 ·
929 4322 1032 4393 ὅρα
1051 4321 1110 4375 δὲ
1140 4321 1216 4393 μὴ
1239 4322 1379 4375 κατά
1399 4321 1597 4376 σαυτοῦ
1619 4323 1792 4378 ταῦτα
1811 4325 1995 4397 λέγῃς.

402 4414 548 4468 Ἀλλ’
578 4415 744 4468 ἄκουε
767 4415 864 4485 τῆς
886 4413 1264 4484 παραινέσεως
1293 4414 1392 4468 τοῦ
1421 4415 1660 4485 Χριστοῦ
1691 4419 1788 4487 τῆς
1810 4416 2000 4486 λεγού-

405 4524 528 4577 σης,
549 4506 646 4576 Μὴ
674 4506 929 4575 κρίνετε,
957 4507 1058 4560 ἵνα
1080 4505 1168 4576 μὴ
1197 4507 1461 4577 κριθῆτε.
1495 4508 1635 4562 Ἀλλ’
1672 4509 1821 4581 ἐξῆν,
1856 4509 1909 4563 εἴ
1935 4528 1998 4579 γε

402 4598 678 4661 ἐϐούλετο,
731 4597 1038 4668 καπηλικὸν
1070 4599 1164 4652 καὶ
1210 4600 1515 4672 ἐμπορικὸν
1567 4599 1680 4672 βίον
1727 4602 1848 4672 ζῇν,
1904 4603 2000 4656 καὶ

403 4692 624 4756 πάντως
645 4691 748 4744 οὐκ
779 4691 843 4745 ἂν
878 4691 1192 4763 ἠπόρησεν·
1223 4692 1334 4747 ἀλλ’
1363 4694 1465 4748 οὐκ
1495 4693 1749 4765 ἠθέλησε.
1789 4694 1856 4748 Τί
1905 4692 2000 4750 οὖν

401 4784 640 4840 ἐνταῦθα
661 4784 954 4857 κερδαίνει,
981 4785 1102 4838 εἰπέ
1137 4801 1258 4856 μοι;
1291 4787 1496 4857 σηρικά
1529 4788 1722 4858 ἱμάτια
1748 4789 1996 4860 περίκει-

400 4896 524 4944 ται;
551 4877 758 4948 πλῆθος
777 4877 1090 4931 ἀκολούθων
1109 4878 1246 4948 ἔχων
1275 4878 1425 4930 σοϐεῖ
1457 4879 1601 4932 κατά
1629 4880 1730 4951 τὴν
1753 4882 1996 4953 ἀγοράν;

402 4970 500 5023 ἐπὶ
531 4970 701 5022 ἵππου
727 4968 990 5041 φέρεται;
1028 4969 1208 5032 οἰκείας
1243 4969 1539 5040 οἰκοδομεῖ,
1571 4970 1710 5042 ἔχων
1737 4972 1871 5026 ὃπου
1901 4991 2001 5027 κα-

401 5063 680 5135 ταμείνῃ;
716 5065 816 5116 Ἂν
855 5063 1027 5116 ταῦτα
1067 5065 1218 5133 ποιῇ,
1262 5061 1355 5116 καὶ
1401 5061 1514 5130 ἐγὼ
1549 5066 1860 5136 κατηγορῶ,
1903 5068 1998 5120 καὶ

401 5157 464 5210 οὐ
498 5156 774 5224 φείδομαι,
799 5155 914 5208 ἀλλ’
944 5153 1164 5219 ἀνάξιον
1199 5153 1362 5208 αὐτὸν
1394 5150 1534 5208 εἶναι
1563 5157 1660 5226 τῆς
1698 5159 1996 5229 ἱερωσύνης

405 5245 572 5317 φημί.
603 5246 728 5310 Πῶς
750 5245 859 5316 γὰρ
885 5244 1096 5316 ἑτέροις
1124 5245 1414 5316 δυνήσεται
1447 5251 1736 5315 παραινεῖν
1765 5250 1840 5321 μὴ
1869 5253 1998 5322 περὶ

401 5341 474 5392 τά
508 5337 738 5410 περιττὰ
759 5336 935 5391 ταῦτα
957 5337 1331 5406 ἐσχολακέναι,
1368 5337 1532 5399 αὐτὸς
1573 5339 1752 5410 ἐαυτῷ
1797 5358 1998 5412 παραι-

401 5431 557 5485 νέσαι
582 5429 657 5502 μὴ
681 5430 1012 5500 δυνάμενος-ς
1042 5429 1103 5481 Εἰ
1127 5429 1185 5482 δὲ
1207 5429 1288 5482 ὃτι
1314 5430 1416 5498 τῆς
1445 5430 1752 5496 ἀναγκαίας
1773 5432 2000 5505 εὐπορεῖ

398 5522 632 5594 τροφῆς,
663 5522 750 5576 διά
779 5523 940 5576 τοῦτο
967 5522 1164 5576 ἀδικεῖ·
1197 5522 1334 5578 ἀλλὰ
1371 5524 1643 5594 περιιέναι
1681 5527 1850 5598 ἐχρῆν
1897 5528 1996 5580 αὐ·-

400 5617 516 5679 τδν,
557 5616 652 5669 καὶ
700 5618 1053 5685 προσαιτεῖν;
1104 5617 1200 5670 καὶ
1247 5617 1349 5669 οὐκ
1379 5616 1445 5670 ἂν
1489 5617 1555 5670 σὺ
1585 5619 1994 5692 κατῃσχύνθης,

401 5705 525 5760 εἰπέ
565 5722 680 5776 μοι,
711 5708 739 5760 6
767 5705 1050 5778 μαθητής;
1087 5705 1229 5760 Ἀλλ’
1253 5708 1282 5760 6
1315 5707 1416 5777 μὲν
1443 5707 1627 5780 πατὴρ
1657 5711 1684 5762 6
1730 5712 1996 5782 σαρκικὸς

403 5793 470 5848 ἂν
499 5793 656 5848 τοῦτο
688 5798 850 5868 ποιῇ,
903 5795 1167 5868 αἰσχύνην
1206 5795 1266 5849 τὸ
1303 5799 1534 5870 πρᾶγμα
1572 5801 1713 5871 ἡγῇ·
1768 5799 1834 5855 ἂν
1879 5802 1934 5857 δέ
1965 5805 1993 5856 6

1327 337 1393 394 IN
1431 337 1651 393 EI’IST.
1706 337 1797 394 AD
1837 331 2124 392 PIIILIPP.
2167 329 2320 386 CAP.
2361 329 2420 386 11.
2466 328 2704 385 1103111..
2748 330 2839 385 IX.

2115 450 2487 520 πνευματικὸς
2528 447 2909 518 ἀναγκάζηται
2949 443 3108 498 τοῦτο
3163 445 3370 507 ποιεῖν,
3401 443 3502 495 οὐκ
3538 444 3707 510 ἐγκα-
3793 471 3814 486 σ

3600 327 3708 381 2‘73

2112 542 2285 616 λύψῃ;
2321 543 2525 614 μᾶλλον
2557 543 2680 596 ούδέ
2715 541 2897 613 ἡγήσῃ
2933 539 3082 605 ἄξιον
3115 534 3483 591 καταδύεσθαι
3511 551 3526 600 ;
3553 533 3709 588 Ἀδοο

2114 634 2235 698 ξία,
2263 635 2417 706 φησὶ,
2450 636 2696 704 πατρὸς,
2749 632 2982 695 ὄνειδος
3012 631 3260 686 τέκνων.
3306 627 3468 683 Ἀλλά
3511 629 3564 681 τί
3590 645 3603 693 ;
3629 627 3710 696 τῷ

2112 724 2256 797 λιμῷ
2284 726 2606 797 φθείρεσθαι
2633 726 2774 787 ἔδεις
2817 724 2957 778 Ἀλλ’
2991 724 3112 777 οὐδέ
3137 721 3295 776 τοῦτο
3323 719 3583 783 εὐσεϐοῦς
3604 737 3618 750 ·
3645 721 3708 773 οὐ

2113 819 2222 892 γὰρ
2245 819 2495 889 βούλεται
2528 821 2556 873 6
2589 819 2746 882 Θεός.
2785 817 2950 871 Ἀλλά
2989 818 3120 871 ὅταν
3160 817 3405 887 εἴπωμεν
3435 813 3573 886 πρὸς
3606 813 3708 867 αύ-

2112 911 2236 975 τοὺς
2269 911 2464 976 ταῦτα,
2495 910 2698 975 εὐθέως
2731 910 3088 981 φιλοσοφοῦσι
3111 926 3124 938 ·
3176 909 3514 980 Γέγραπται,
3547 905 3706 977 φησὶ,

2111 1003 2209 1072 Μὴ
2242 1005 2558 1073 κτήσησθε
2595 1003 2853 1074 χρυσὸν,
2891 1001 3047 1073 μηδὲ
3089 1001 3374 1071 ἄργυρον,
3409 999 3570 1070 μηδὲ
3598 999 3711 1053 δύο

2112 1095 2390 1168 χιτῶνας,
2433 1096 2591 1167 μηδὲ
2627 1097 2867 1166 χαλκὸν
2915 1098 2999 1163 είς
3031 1093 3139 1161 τὰς
3173 1092 3358 1161 ζώνας
3390 1092 3581 1162 ὑμῶν,
3619 1091 3708 1162 μὴ

2105 1190 2356 1260 ῥάϐδον.
2419 1185 2578 1245 Οὗτοι
2633 1190 2691 1245 δὲ
2739 1188 2836 1244 καὶ
2887 1189 3016 1260 τρία
3075 1187 3171 1241 καὶ
3213 1187 3456 1258 τέσσαρα
3514 1187 3710 1257 ἱμάτια

2113 1281 2324 1353 έχουσι,
2361 1282 2455 1335 καὶ
2487 1280 2676 1346 κλίνας
2703 1281 3076 1353 ἐστρωμένας.
3120 1277 3354 1348 Ἐπῆλθέ
3391 1293 3482 1348 μοι
3515 1277 3709 1330 στενά-

2113 1375 2200 1442 ξαι
2233 1375 2431 1447 πικρὸν
2475 1373 2571 1428 νῦν
2598 1393 2610 1407 ·
2644 1375 2691 1427 εἰ
2716 1375 2772 1428 δέ
2828 1378 2906 1446 μή
2955 1375 3288 1445 ἀσχημονεῖν
3321 1369 3569 1442 ἔμελλον,
3604 1369 3712 1421 κᾶν

2112 1467 2418 1539 ἐδάκρυσα·
2455 1467 2507 1520 τί
2531 1467 2761 1538 δήποτε;
2806 1468 2932 1520 Ὀτι
2978 1466 3110 1538 περὶ
3161 1465 3262 1537 μὲν
3295 1465 3362 1518 τά
3391 1462 3502 1517 τῶν
3531 1461 3711 1517 ἄλλων

2112 1559 2300 1630 κάρφη
2325 1557 2497 1622 οὕτως
2527 1558 2694 1629 ἐσμὲν
2717 1557 2964 1628 ἀκριϐεῖς
2984 1555 3292 1622 ἐξετασταὶ,
3318 1555 3418 1618 τάς
3438 1554 3494 1608 δέ
3517 1552 3711 1615 δοκοὺς
3771 1601 3774 1604 ,

2112 1647 2332 1720 ἔχοντες
2379 1648 2534 1702 αὐτοὶ
2565 1648 2624 1700 ἐν
2671 1650 2784 1712 τοῖς
2813 1647 3115 1717 ὀφθαλμοῖς
3153 1646 3274 1699 οὐδὲ
3309 1641 3706 1713 αἰσθανόμεθα.

2112 1740 2248 1794 Εἰπέ
2296 1757 2408 1811 μοι,
2443 1739 2532 1794 διά
2572 1739 2626 1793 τί
2672 1741 2782 1812 γὰρ
2816 1738 2999 1811 σαυτῷ
3025 1738 3185 1792 τοῦτο
3231 1738 3306 1810 μή
3336 1737 3549 1806 λέγεις;
3584 1736 3710 1790 ’Ότι

2112 1835 2225 1894 τοῖς
2242 1832 2586 1896 διδασκάλοις
2607 1832 3010 1904 προστέτακται
3036 1831 3218 1903 μόνον,
3241 1828 3433 1901 φησίν·
3465 1829 3595 1882 ὅταν
3615 1824 3710 1881 οὖν

2111 1924 2139 1977 6
2169 1923 2382 1988 Παῦλος
2431 1924 2566 1998 λέγῃ
2588 1967 2601 1990 ,
2639 1927 2924 1994 Ἔχοντες
2971 1924 3298 1994 διατροφὰς
3335 1921 3434 1976 καὶ
3481 1919 3712 1976 σκεπά-

2111 2034 2331 2088 σματα,
2364 2019 2599 2084 τούτοις
2652 2018 3171 2086 ἀρκεσθησόμεθα,
3229 2015 3368 2088 πρὸς
3400 2013 3527 2077 τοὺς
3564 2013 3710 2067 διδατ

2115 2112 2346 2174 σκάλους
2376 2109 2524 2178 λέγει
2557 2109 2782 2180 μόνους;
2819 2108 3108 2180 Οὐδαμῶς,
3149 2107 3286 2162 ἁλλά
3322 2107 3458 2178 πρὸς
3497 2107 3713 2170 πάντας

2113 2201 2459 2274 ἀνθρώπους.
2493 2203 2602 2256 Καὶ
2621 2201 2782 2271 δῆλον
2817 2201 3022 2256 ἀνωθεν
3053 2201 3112 2254 τὸ
3139 2201 3338 2272 χωρίον
3381 2200 3670 2266 διεξιοῦσιν
3691 2215 3704 2227 ·

2111 2292 2282 2349 εἰπὼν
2304 2294 2435 2366 γὰρ,
2459 2295 2762 2364 Πορισμὸς
2777 2293 2968 2362 μέγας
2986 2291 3158 2346 ἐστίν
3194 2292 3232 2360 νή
3262 2291 3536 2346 εὐσέϐεια
3557 2291 3711 2360 μετὰ

2111 2387 2503 2456 αὐταρκείας·
2556 2383 2698 2447 εἶτα.
2751 2385 2946 2440 Οὐδὲν
2976 2385 3418 2454 εἰσηνέγκαμεν
3461 2385 3550 2450 εἰς
3602 2383 3712 2436 τόν

2112 2481 2348 2550 κόσμον
2370 2479 2609 2543 τοῦτον,
2644 2478 2839 2548 δῆλον
2867 2478 2958 2533 ὅτι
2983 2477 3131 2532 οὐδὲ
3159 2476 3504 2545 ἐξενεγκεῖν
3524 2493 3576 2530 τι
3605 2475 3713 2529 6v-

2110 2568 2342 2639 νάμεθα
2363 2585 2376 2599 ·
2403 2568 2608 2631 εὐθέως
2637 2569 2919 2640 ἐπήγαγεν
2937 2583 2953 2596 ·
2979 2568 3273 2635 Ἔχοντες
3292 2565 3361 2618 δὲ
3384 2563 3712 2634 διατροφὰς

2111 2663 2209 2718 καί
2228 2662 2649 2734 σκεπάσματα,
2674 2664 2910 2728 τούτοις
2929 2661 3450 2731 ἀρκεσθησόμεθα.
3471 2658 3623 2732 [2'71]
3645 2662 3712 2713 Οί

2111 2756 2180 2809 δὲ
2199 2757 2570 2825 βουλόμενοι
2592 2755 2906 2822 πλουτεῖν,
2938 2755 3350 2824 ἐμπίπτουσιν
3381 2755 3469 2821 είς
3503 2767 3721 2822 πειραι

2111 2848 2273 2918 σμὸν
2299 2848 2396 2902 καὶ
2418 2847 2663 2918 παγίδα,
2688 2847 3127 2917 καίτὲπιιθυμίας
3150 2845 3386 2916 πολλὰς
3407 2846 3710 2918 ἀνοήτους

2111 2942 2208 2995 καί
2232 2939 2562 3010 βλαϐεράς.

2181 3039 2242 3087 ε’.
2277 3029 2430 3098 Εἶδες
2467 3035 2551 3088 ὅτι
2591 3033 2728 3106 πρὸς
2775 3034 2984 3098 πάντας
3009 3037 3037 3089 6
3063 3034 3219 3104 λόγος
3244 3034 3495 3108 εἴρηταις
3525 3035 3708 3104 Τί·δέ;

2111 3123 2240 3178 ὅταν
2267 3122 2402 3197 λέγῃ
2435 3124 2618 3189 πάλιν,
2653 3123 2765 3194 Τῆς
2796 3125 3020 3193 σαρκὸς
3067 3127 3360 3193 πρόνοιαν
3391 3125 3482 3196 μὴ
3521 3125 3708 3178 ποιεῖ-

2111 3218 2222 3268 σθε
2249 3215 2332 3281 είς
2365 3215 2704 3286 ἐπιθυμίας,
2751 3217 2872 3287 οὐχὶ
2925 3218 3092 3270 πᾶσιν
3129 3217 3316 3281 ἁπλῶς
3359 3217 3705 3285 διαλέγεται;

2112 3305 2253 3360 Τίδέ
2275 3307 2404 3362 ὅταν
2429 3307 2564 3380 λέγῃ
2591 3347 2606 3373 ,
2635 3311 2711 3362 Τὰ
2730 3308 3020 3379 ,ϐρώματα
3042 3308 3115 3378 τῇ
3144 3310 3364 3377 κοιλίᾳ,
3397 3310 3496 3363 καί
3525 3312 3563 3378 ή
3586 3327 3710 3364 κοι-

2109 3399 2215 3452 λία
2246 3399 2372 3465 τοῖς
2415 3399 2738 3470 ,βρώμασιν
2764 3417 2776 3431 ·
2813 3404 2846 3456 ό
2896 3401 2964 3455 δὲ
2996 3402 3136 3469 Θεὸς
3196 3402 3294 3456 καί
3327 3404 3574 3471 ταύτην,
3609 3401 3710 3456 καί

2111 3487 2300 3542 ταῦτα
2326 3487 2694 3559 καταργήσει
2718 3507 2738 3556 ;
2761 3489 2815 3542 τί
2843 3489 2898 3543 δὲ
2927 3491 3056 3544 ὅταν
3082 3489 3236 3562 λέγῃ,
3285 3489 3359 3543 Ἦ
3377 3489 3445 3542 δέ
3474 3505 3709 3542 σπατα-

2109 3577 2303 3647 λῶσα,
2330 3579 2488 3640 ζῶσα
2521 3579 2792 3649 τέθνηκε,
2822 3583 2952 3654 περὶ
2984 3583 3156 3652 χήρας
3190 3580 3603 3652 διαλεγόμενος;
3630 3581 3706 3651 μὴ
3809 3631 3814 3635 .

2110 3671 2205 3725 καὶ
2237 3674 2270 3742 ή
2299 3673 2446 3744 χήρα
2465 3673 2787 3737 διδάσκαλός
2819 3676 2966 3727 ἐστιν
2989 3675 3151 3746 ;·οὐχὶ
3197 3675 3359 3739 αὐτὸς
3399 3671 3576 3741 εἶπεν,
3623 3676 3707 3727 ὃτι

2109 3765 2364 3819 Γυναικὶ
2385 3765 2837 3820 διδάσκειν-οὐκ
2865 3765 3180 3835 ἐπιτρέπω,
3215 3766 3362 3821 οὐδὲ
3391 3765 3708 3821 αὐθεντεῖν

2110 3857 2366 3926 ἀι·δρο’ς;
2393 3859 2452 3910 Εἰ
2472 3858 2584 3929 δέή
2623 3860 2789 3930 χήρα,
2823 3859 2951 3912 ἔνθα
2989 3859 3084 3913 καὶ
3115 3861 3149 3930 ή
3179 3858 3367 3930 ήλικία
3416 3858 3702 3930 γηραλέα·

2107 3949 2170 4003 τὸ
2207 3949 2316 4022 γάρ
2369 3951 2547 4022 γῆρας
2582 3951 2786 4022 πολλῆς
2814 3951 2984 4004 δεῖται
3022 3951 3342 4022 θεραπείας,
3374 3951 3470 4004 καὶ
3500 3953 3639 4023 αὐτὴ
3671 3955 3706 4024 ή

2110 4042 2300 4112 φύσι-ς·
2349 4043 2410 4097 τὸ
2455 4044 2564 4116 γὰρ
2604 4045 2712 4098 τῶν
2741 4043 3020 4114 γυναικῶν
3052 4043 3209 4113 γένος
3255 4043 3503 4108 πλείονος
3533 4045 3706 4097 δεῖται

2109 4135 2490 4199 ἀναπαύσεως,
2520 4135 2614 4189 ἀτε
2645 4136 2873 4197 ἀσθενὲς
2905 4135 2964 4189 ὃν
2985 4151 3000 4166 ο
3047 4137 3096 4188 εί
3123 4136 3322 4200 τοίνυν,
3355 4135 3484 4189 ἔνθα
3531 4136 3626 4190 καὶ
3669 4139 3704 4208 η

2109 4228 2292 4298 ήλικία
2327 4229 2422 4282 καὶ
2454 4228 2679 4298 ἡφύσις
2702 4229 2954 4300 κώλυμα,
2986 4230 3087 4282 οὐκ
3109 4228 3329 4299 ἀφίεται
3361 4228 3533 4300 αὐτὴν
3565 4246 3705 4281 σπα-

2107 4320 2275 4390 ταλᾷν
2301 4359 2316 4384 ,
2361 4320 2498 4374 ἀλλά
2541 4322 2636 4374 καὶ
2672 4319 2996 4390 τεθνηκέναι
3047 4321 3220 4393 αὐτήν
3257 4337 3424 4391 φησιν
3477 4321 3558 4392 (οὐ
3591 4319 3702 4392 γάρ

2110 4410 2297 4474 ἁπλῶς
2343 4407 2464 4464 εἷπε
2505 4411 2580 4483 μὴ
2619 4413 2921 4483 σπαταλᾷν,
2977 4411 3113 4477 ἀλλ’,
3180 4413 3252 4467 Ἣ
3298 4409 3698 4476 σπαταλῶσα,

2109 4506 2267 4568 ζῶσα
2294 4505 2570 4575 τέθνηκε·
2617 4505 2711 4560 κα).
2764 4504 3022 4575 ἐξέκοψεν
3077 4507 3250 4579 αὐτήν
3271 4523 3284 4537 ·
3315 4509 3348 4578 ή
3373 4507 3481 4578 γάρ
3510 4509 3706 4579 τεθνη-

2109 4603 2238 4654 κυῖα
2270 4600 2626 4670 ἐκκέκοπται)
2648 4617 2660 4630 ·
2708 4600 2870 4656 ποίαν
2905 4602 3018 4669 ἔξει
3057 4601 3389 4672 συγγνώμην
3418 4601 3704 4671 ἄνθρωπος

2106 4693 2279 4748 ταῦτα
2324 4694 2515 4757 ποιῶν,
2563 4693 2648 4762 ἐφ’
2681 4690 2820 4765 οἷςή
2857 4695 2995 4763 γυνὴ
3029 4696 3062 4766 ή
3096 4695 3442 4765 γεγηρακυῖα
3473 4692 3700 4756 κολάζεσ

2106 4803 2228 4852 ταις
2271 4786 2437 4841 Ἀλλά
2473 4787 2647 4841 ταῦτα
2677 4787 2856 4852 οὐδεὶς
2895 4787 3016 4841 οὐδὲ
3052 4790 3132 4852 εἰς
3175 4787 3382 4842 ἔννοιαν
3409 4786 3704 4857 λαμϐάνει,

2107 4879 2278 4933 ταῦτα
2329 4880 2506 4943 οὐδεὶς
2563 4879 2832 4944 ἐξετάζει.
2881 4878 3022 4948 Ἐγὼ
3067 4879 3124 4932 δὲ
3177 4878 3271 4932 νῦν
3307 4877 3479 4930 ταῦτα
3524 4879 3701 4930 εἰπεῖν

2107 4971 2465 5043 ἠναγκάσθην
2491 5013 2504 5038 ,
2536 4973 2656 5043 οὐχὶ
2682 4973 2809 5036 τοὺς
2845 4971 3027 5044 ἱερέας
3061 4968 3370 5035 ἀπαλλάξαι
3413 4970 3700 5042 ἐγκλημά-

2105 5081 2215 5118 των
2245 5064 2590 5136 βσυλόμενος,
2628 5064 2743 5119 ἀλλ’
2773 5063 2928 5136 ὑμῶν
2960 5063 3298 5134 φειδόμενος.
3344 5063 3576 5115 Ἐκεῖνοι
3602 5061 3701 5132 μὲν

2106 5151 2220 5221 οῦν,
2249 5154 2315 5209 ἀν
2349 5155 2450 5227 μὲν
2485 5156 2874 5226 προσηκόντως
2899 5156 2994 5209 καὶ
3020 5154 3252 5218 δικαίως
3279 5152 3454 5206 ταῦτα
3489 5153 3704 5205 ἀκούω-

2109 5267 2214 5314 σιν,
2242 5249 2338 5304 ἀτε
2376 5247 2864 5319 χρηματιζόμενοι,
2895 5247 3050 5302 οὐδὲν
3074 5246 3205 5319 παρ’
3241 5245 3395 5318 ὑμῶν
3430 5243 3701 5315 βλάπτον-

2106 5356 2231 5394 ται·
2267 5341 2390 5394 ἀλλ’
2422 5341 2487 5394 ἄν
2518 5357 2574 5393 τε
2609 5341 2824 5412 εἴπητε,
2870 5341 2936 5395 ἄν
2977 5359 3035 5395 τε
3073 5340 3148 5412 μὴ
3187 5340 3400 5411 εἴπητε,
3427 5338 3586 5406 λόγον
3625 5338 3703 5408 τῷ

2105 5433 2334 5505 δικαστῇ
2363 5433 2600 5486 διδόασιν
2630 5436 2772 5487 ἐκεῖ·
2797 5432 2937 5486 ὥστε
2960 5434 3112 5486 οὐδὲν
3134 5434 3331 5497 αὐτοὺς
3362 5433 3433 5488 τά
3461 5434 3702 5504 ὑμέτερα

2107 5523 2336 5594 βλάπτει
2366 5525 2610 5596 ῥήματα.
2650 5525 2749 5575 Ἂν
2784 5523 2840 5576 δὲ
2867 5523 2965 5576 καὶ
2997 5523 3169 5593 ψευδῆ
3270 5524 3340 5578 τά
3382 5526 3512 5596 παρ’
3547 5524 3702 5595 ὑμῶν

2105 5615 2399 5686 λεγόμενα,
2427 5617 2626 5668 ἐκεῖνοι
2663 5615 2762 5686 μὲν
2793 5611 2887 5668 οὖν
2926 5615 3220 5688 ὲκέρδανον
3253 5617 3696 5688 συκοφαντούμε-

2105 5725 2184 5762 νοι
2213 5708 2358 5780 εἰκῆ,
2385 5709 2544 5779 ὑμεῖς
2581 5709 2637 5762 δέ
2667 5710 2896 5772 ἐαυτοὺς
2940 5708 3194 5762 ἐντεῦθεν
3237 5709 3528 5779 βλάπτετε.
3575 5714 3700 5766 Ἐπὶ

2104 5800 2160 5856 δέ
2197 5801 2349 5873 ὑμῶν
2378 5803 2476 5874 οὐχ
2505 5801 2678 5867 οὕτως
2713 5801 2861 5857 ἐστίν
2887 5820 2899 5834 ·
2925 5803 3040 5858 ἀλλ’
3074 5804 3135 5860 ἄν
3163 5821 3220 5858 τε
3244 5804 3420 5878 ἀληθῆ
3450 5802 3505 5878 ᾖ,
3541 5805 3604 5860 ἀν
3639 5825 3698 5861 τε
