4184 6492
401 377 510 434 253

401 499 622 570 punitur
653 495 680 548 ἲ
736 495 942 551 Verum
990 494 1107 550 haec
1154 509 1313 548 nemo
1365 508 1432 548 ne
1486 493 1723 562 cogitare
1778 493 1996 564 quidem

401 589 730 663 aggredi-tur,
757 588 873 642 haec
902 601 1064 642 nemo
1085 586 1369 640 examinat.
1399 584 1512 654 Ego
1540 599 1669 640 vero
1695 586 1791 639 ista
1821 585 2001 641 dicere

398 691 622 758 coaetus
642 696 784 746 sum,
813 696 919 735 non
950 695 1082 735 sane
1107 679 1158 734 id
1185 693 1368 748 agens,
1400 687 1461 732 ut
1485 679 1795 734 sacerdotes
1820 679 2000 733 crimi-

400 776 560 835 nibus
587 773 852 838 libemus,
895 771 994 828 sed
1017 780 1074 826 ut
1100 770 1252 826 vobis
1278 771 1579 826 consulam.
1614 770 1745 824 Nam
1775 769 1850 824 illi
1878 769 1998 840 qni-

400 870 566 932 dem,
597 867 642 922 si
673 881 807 921 eum-
840 864 1079 933 pecunia:
1106 878 1336 933 operam
1357 861 1486 916 dent
1510 903 1524 926 ,
1566 861 1694 931 jure
1717 875 1779 914 ac
1809 862 2000 915 merito

400 963 501 1016 ista
529 958 774 1024 audiunt,
802 957 1006 1011 nullum
1036 971 1075 1009 εν
1099 955 1250 1010 vobis
1275 955 1660 1009 detrimentum
1686 960 1998 1022 reportant;

398 1051 495 1106 sed
523 1051 638 1106 sive
663 1048 910 1104 dixeritis
929 1089 943 1113 ,
976 1047 1092 1102 sive
1134 1046 1406 1101 tacueritis
1425 1085 1442 1112 ,
1475 1044 1750 1100 rationem
1769 1044 1878 1098 illic
1901 1043 1999 1099 Ju-

399 1143 503 1197 dici
555 1140 790 1196 ['thde
825 1156 840 1193 :
881 1139 1228 1209 quamobrem
1259 1137 1398 1193 nihil?
1435 1135 1548 1192 illis
1590 1144 1764 1192 vestra
1807 1143 2007 1190 nocent

399 1236 587 1292 verba.
621 1235 717 1291 Sin
747 1243 932 1289 autem
962 1233 1099 1289 lbiso
1125 1248 1156 1288 a
1185 1232 1335 1288 vobis
1365 1232 1640 1298 dicuntur,
1674 1231 1750 1286 illi
1781 1230 2010 1301 quidem

399 1328 617 1385 lucrum
638 1327 806 1382 etiam
841 1333 1138 1396 reportant,
1168 1325 1286 1380 sine
1314 1338 1480 1380 causa
1504 1322 1844 1378 contumeliis
1871 1321 2002 1377 alie-

397 1421 506 1486 cti;
549 1434 649 1476 vos
687 1433 820 1474 vero
861 1417 1018 1474 vobis
1044 1419 1174 1487 ipsis
1212 1416 1340 1473 hinc
1377 1417 1633 1472 damnum
1663 1415 1890 1472 infertis.
1924 1415 2012 1471 De

397 1513 554 1569 vobis
593 1526 733 1567 vero
767 1525 888 1566 non
925 1510 1004 1566 ita
1043 1524 1133 1566 res
1175 1509 1377 1571 habet;
1425 1508 1522 1564 sed
1565 1507 1680 1565 sive
1709 1523 1857 1573 vera,
1889 1508 2012 1564 sive

399 1605 540 1660 falsa
579 1605 708 1670 sint,
758 1617 890 1673 quin
927 1601 1186 1656 adversus
1225 1601 1358 1656 iitos
1385 1599 1674 1668 dicuntur,
1707 1600 1810 1655 hoe
1841 1599 1998 1670 ipso,

402 1697 544 1768 quod
588 1697 697 1752 illis
740 1695 1080 1759 maledicitis,
1129 1709 1234 1750 vos
1272 1695 1418 1764 ipsos
1460 1694 1674 1750 luditis.
1717 1694 1854 1763 Quid
1884 1694 2011 1748 ita?l

399 1787 750 1859 Quoniam-si
778 1802 905 1843 vera
933 1787 1158 1857 quidem
1193 1787 1425 1853 iuerint,
1467 1786 1620 1842 vobis
1653 1785 2002 1842 nihilominus

401 1882 629 1947 nucetis,
671 1880 946 1951 judicium
974 1879 1044 1934 de
1074 1879 1354 1950 magistris
1383 1880 1640 1946 ferentes,
1670 1887 1726 1935 et
1753 1878 2000 1934 ordinem

402 1975 801 2040 disturbantes;
831 1989 963 2028 nam
995 1971 1134 2028 si-de
1159 1971 1327 2027 fratre
1350 1971 1594 2042 judicare
1622 1988 1728 2028 non
1761 1981 1998 2043 oportet,

405 2067 579 2121 multo
608 2068 781 2122 minus
803 2067 880 2122 de
899 2067 1196 2138 magistro:
1225 2066 1307 2121 sin
1348 2075 1526 2122 autem
1558 2066 1708 2134 falsa,
1743 2067 1998 2122 intolera-

403 2159 520 2214 bile-
539 2159 1114 2229 omnino-supplicium
1149 2174 1220 2215 ac»
1244 2174 1404 2230 pinna
1431 2159 1554 2213 erit.
1585 2159 1660 2214 De
1683 2159 1838 2214 omni
1857 2159 1998 2214 enim

401 2250 577 2306 verbo
590 2250 1302 2306 Ot-ieso-rationem'reddetis
1322 2249 1539 2321 (Mat-th.
1561 2251 1649 2305 {2.
1672 2251 1785 2318 56).
1810 2250 2002 2318 Quam-

399 2344 586 2400 obrem
630 2353 815 2400 vestra
853 2359 1014 2400 causa
1061 2346 1240 2399 omnia
1291 2344 1519 2401 facimus
1562 2361 1625 2401 ac
1669 2346 1998 2403 laboramus.

399 2440 691 2505 Caeterum,
721 2437 864 2508 quod
895 2437 1162 2505 dicebam,
1191 2453 1351 2492 nemo
1378 2439 1492 2492 inec
1521 2439 1811 2505 examinat,
1838 2455 2002 2494 nemo

401 2533 454 2586 in
501 2531 585 2587 his
626 2532 841 2586 curiose
884 2532 1104 2601 satagit,
1150 2547 1308 2586 nemo
1353 2531 1645 2602 quidquam
1676 2533 1866 2587 horum
1899 2533 2000 2602 sibi

401 2623 501 2693 ipsi
532 2623 684 2678 dicit.
727 2623 905 2677 Vultis
928 2632 983 2678 et
1007 2623 1112 2676 alia
1149 2622 1386 2677 addam?
1416 2623 1596 2677 Omnis
1636 2639 1699 2677 ea:
1725 2625 1882 2689 vobis,
1915 2626 2004 2694 qui

401 2733 502 2771 non
528 2716 806 2781 renuntiat,
833 2716 1007 2785 inquit
1035 2716 1309 2781 Christus,
1344 2715 1578 2770 omnibus
1607 2732 1722 2785 qua:
1752 2717 1996 2786 possidet,

402 2819 614 2865 nonest
642 2823 729 2864 tne
753 2807 1120 2879 dignus-(Luc.
1158 2809 1244 2862 i=4.
1285 2806 1400 2880 35).
1431 2808 1570 2876 Quid
1600 2825 1728 2863 vero
1750 2850 1763 2874 ,
1794 2809 1880 2863 ubi
1915 2810 2000 2862 in-

399 2901 546 2972 quit,
590 2899 813 2971 Diﬁicile
837 2909 917 2955 est
939 2901 1145 2954 divitem
1173 2900 1366 2954 intrare
1405 2901 1459 2954 in
1505 2917 1718 2971 regnum
1760 2900 2000 2954 cazlortnn

401 2994 619 3064 (Matth.
652 2995 742 3049 l9.
770 2993 901 3063 25)?
925 2993 1054 3064 quid
1083 3009 1232 3060 vero,
1265 3009 1385 3048 cum
1410 2992 1601 3064 inquit,
1644 2993 1729 3048 Va:
1756 2993 1892 3048 vobis
1919 2995 2001 3046 di-

399 3088 604 3152 vitibus,
637 3088 756 3159 quia
801 3087 995 3142 habetis
1040 3088 1439 3142 consolationem
1483 3100 1701 3144 vestram
1745 3089 1893 3162 (Luc.
1943 3089 2000 3145 6.

399 3182 536 3251 24)?
571 3181 743 3237 Nemo
767 3181 872 3236 hoc
898 3181 1214 3251 perpendit,
1260 3198 1420 3236 nemo
1451 3185 1671 3252 cogitat,
1715 3199 1876 3238 nemo
1907 3199 2000 3239 se-

399 3289 524 3329 cum
553 3275 672 3345 ipse
691 3275 928 3329 rationes
949 3274 1219 3340 subducit,
1249 3273 1342 3329 sed
1369 3284 1574 3328 tantum
1600 3275 1650 3328 in
1683 3291 1771 3330 res
1797 3276 2002 3331 alienas

400 3368 753 3423 vehementes
779 3382 987 3422 sum-us.
1014 3367 1090 3421 At
1110 3367 1214 3422 hoc
1240 3366 1369 3421 nihil
1392 3367 1538 3422 aliud
1558 3377 1661 3433 est,
1689 3383 1846 3444 quam
1876 3385 2001 3438 par-

402 3461 590 3530 ticipes
629 3459 914 3514 criminum
963 3456 1099 3512 fleri.
1142 3457 1364 3522 Verum,
1416 3468 1472 3511 ut
1519 3467 1780 3528 praeterea
1823 3468 2000 3513 vestra

399 3568 599 3619 musa,
631 3551 826 3629 quibus
852 3549 1170 3607 criminibus
1199 3549 1390 3604 affines
1416 3564 1537 3604 esse
1575 3550 1884 3605 sacerdotes
1913 3550 2000 3606 di-

399 3647 542 3712 citis,
581 3661 646 3701 ea
686 3645 911 3708 diluam,
965 3643 1145 3699 audite
1175 3662 1188 3697 :
1217 3643 1358 3698 hanc
1384 3644 1527 3698 enim
1559 3643 1628 3698 de
1660 3643 1762 3698 illis
1792 3644 2003 3714 opinio-

403 3754 528 3794 nem
568 3737 830 3804 induisse,
864 3737 1119 3792 nimirum
1153 3736 1276 3792 illus
1307 3736 1510 3791 violare
1541 3735 1712 3807 legem
1744 3736 1862 3802 Dei,
1895 3753 1999 3790 non

401 3833 522 3889 leve
552 3831 712 3888 habet
739 3831 805 3886 ad
838 3830 1239 3900 improbitatem
1269 3839 1623 3885 momentum.
1658 3831 1771 3901 Age
1803 3831 1963 3900 igitur
1983 3869 2004 3894 α

399 3935 456 3983 et
485 3927 572 3982 itla
603 3925 990 3997 expendamus.
1037 3924 1178 3978 Dixit
1219 3923 1467 3979 Christus
1489 3967 1504 3989 ,
1541 3923 1717 3978 Nolite
1745 3925 2002 3993 possidere

399 4035 604 4083 aurum,
651 4034 814 4089 neque
852 4026 1141 4088 argentum,
1188 4033 1346 4086 neque
1392 4016 1521 4069 duas
1570 4017 1786 4080 tunicas,
1844 4033 2005 4085 neque

397 4111 764 4175 calceamenta,
795 4126 897 4163 non
923 4125 1128 4173 zonam,
1161 4125 1264 4161 non
1292 4109 1486 4178 virgam
1514 4109 1531 4178 (
1563 4107 1751 4162 Matth.
1787 4108 1868 4163 10.
1901 4106 1998 4178 9).

399 4201 540 4271 Quid
559 4201 753 4272 igitur?
774 4200 860 4255 dic
883 4200 1013 4253 mihi
1040 4217 1052 4251 :
1079 4215 1208 4254 num
1235 4199 1425 4253 Petrus
1455 4206 1638 4252 contra
1675 4208 2001 4268 pru'ceptum

400 4295 672 4352 faciebat?
696 4293 968 4361 quomodo
992 4292 1134 4348 enim
1167 4307 1296 4355 non,
1321 4306 1444 4346 cum
1470 4301 1521 4346 et
1551 4305 1738 4345 zonam
1779 4290 2004 4346 haberet.

398 4396 463 4442 et
484 4387 864 4441 vestimentum
897 4394 949 4439 et
977 4383 1342 4438 calceamenta
1367 4383 1390 4435 ?
1414 4381 1535 4436 andi
1564 4382 1706 4436 enim
1730 4382 1906 4452 angeli
1934 4382 2001 4436 ad

400 4478 577 4547 ipsum
623 4476 812 4541 verba,
865 4474 1205 4546 Prwcingere,
1254 4485 1303 4528 et
1345 4475 1516 4528 calcea
1560 4485 1606 4527 te
1652 4475 1842 4547 caligas
1887 4486 2009 4532 tuas.

399 4570 559 4642 (Act.
599 4569 688 4624 12.
717 4568 815 4640 8).
847 4569 1179 4637 Quamquam
1227 4565 1534 4637 huiusmodi
1580 4567 1886 4622 calceorum
1934 4583 2002 4621 ne

400 4678 592 4735 magna
621 4672 748 4718 tunc
775 4662 990 4732 quidem
1030 4662 1214 4716 aderat
1244 4661 1538 4717 necessitas
1573 4677 1586 4712 :
1619 4676 1739 4714 nam
1771 4661 1862 4714 illo
1885 4660 2004 4730 qni-

399 4755 526 4810 dem
553 4763 798 4824 tempore
826 4755 906 4808 vel
939 4753 1097 4808 nudis
1121 4753 1198 4808 ire
1229 4753 1452 4823 pedibus
1480 4753 1605 4808 licet
1641 4771 1654 4807 :
1689 4752 1864 4807 hieme
1894 4763 2004 4808 tan-

402 4859 512 4902 tum
547 4847 838 4902 necessarii
879 4855 1002 4902 sunt
1038 4865 1050 4901 :
1083 4855 1320 4900 attamen
1363 4844 1561 4915 caligas
1607 4845 1813 4900 habuit.
1861 4844 1998 4913 Quid

400 4957 530 4997 vero
563 4941 958 4996 Paulus?C‘um
1005 4943 1070 4996 ad
1107 4939 1448 4996 Timothetun
1477 4939 1720 4996 scribens
1745 4941 1996 5006 dixisset,

406 5034 616 5091 Festina
645 5044 763 5088 ante
806 5035 1018 5089 hiemem
1058 5033 1226 5086 venire
1251 5031 1344 5101 (2.
1377 5031 1507 5085 Tim.
1541 5032 1595 5087 4.
1623 5031 1685 5085 21
1717 5030 1775 5100 ),
1804 5031 2003 5086 deinde

398 5127 651 5184 mandata
698 5127 809 5189 dat,
859 5133 1020 5196 atque
1071 5123 1262 5194 inquit,
1311 5122 1598 5189 Penulam,
1632 5140 1785 5194 quam
1820 5123 2002 5194 reliqui

401 5220 603 5276 Troade
626 5219 768 5291 apud
795 5217 1018 5290 Carpum
1041 5257 1055 5280 ,
1091 5217 1293 5271 veniens
1323 5213 1454 5282 affer
1480 5225 1642 5268 tecum
1669 5256 1683 5280 ,
1715 5223 1761 5268 et
1800 5215 1957 5268 libras
1984 5256 2000 5280 ,

397 5313 621 5366 maxime
648 5320 820 5364 autem
865 5311 1186 5364 membranas
1214 5309 1232 5378 (
1259 5305 1343 5361 Ib.
1373 5324 1422 5362 υ.
1457 5307 1526 5361 l3
1548 5305 1591 5378 ).
1637 5305 1715 5360 En
1749 5306 2000 5376 penulam

397 5403 744 5470 memoravit,
775 5417 873 5458 nec
898 5403 1180 5472 quisquam
1202 5399 1417 5467 dixerit,
1449 5398 1607 5453 aliam
1638 5397 1712 5453 illi
1739 5413 1842 5451 non
1866 5397 2001 5451 fuis-

397 5511 494 5562 se,
540 5511 701 5566 quam
742 5501 1000 5565 gestaret.
1047 5491 1261 5548 Etenim
1305 5492 1350 5546 si
1381 5490 1603 5546 omnino
1647 5489 1838 5544 solitus
1887 5498 2004 5544 erat

397 5605 507 5646 non
539 5597 772 5658 gestare,
805 5599 1264 5657 supervacaneum
1291 5584 1450 5653 plane
1475 5590 1593 5638 erat
1618 5591 1673 5636 ut
1697 5581 1812 5636 hzec
1841 5579 2007 5635 all‘er-

398 5695 550 5744 retnr
573 5683 766 5752 jubere
797 5700 809 5735 :
843 5682 925 5734 sin
954 5688 1134 5734 autem
1169 5677 1284 5731 fieri
1331 5677 1549 5748 nequit,
1584 5675 1710 5746 quin
1755 5674 2003 5743 gestarit,

399 5781 560 5836 aliam
587 5794 804 5849 quoque
847 5777 920 5833 illi
954 5776 1120 5831 fuisse
1147 5771 1487 5828 manifestum
1521 5779 1623 5827 est.
1652 5769 1789 5840 Quid
1833 5785 1962 5825 vero
1985 5811 1998 5836 ,

398 5873 542 5942 quod
576 5875 842 5944 integrum
872 5869 1148 5927 biennium
1184 5865 1234 5921 in
1279 5864 1612 5920 mercenario
1643 5863 1826 5919 labore
1872 5876 2001 5918 con-

1370 375 1436 432 IN
1477 375 1691 434 EPIST.
1735 378 1827 434 AD
1868 375 2154 435 PHILIPP.
2196 381 2345 438 CAP.
2389 383 2451 438 lt.
2493 385 2723 441 IIOMIL.
2771 386 2862 442 IX.

3601 400 3712 455 231

2111 495 2308 552 tinuit?
2341 499 2482 570 Ergo
2513 506 2828 574 repugnavit
2857 505 3075 563 Christo
3107 525 3200 567 vas
3232 512 3360 567 illud
3402 514 3700 582 electionis,

2110 586 2200 641 ille
2228 590 2317 658 qui
2359 591 2574 647 dicebat
2599 636 2612 656 ,
2655 595 2776 650 Vivo
2802 608 2971 653 autent
3001 603 3117 670 jam
3151 620 3249 658 non
3283 623 3394 676 ego,
3439 608 3558 662 vivit
3589 625 3707 665 vero

2107 677 2161 731 in
2203 696 2281 733 me
2307 679 2538 738 Christus
2566 685 2584 754 (
2604 684 2721 741 Gal.
2750 689 2785 742 2
2831 689 2940 761 20)
2965 693 2988 745 ?
3015 694 3101 748 ille
3127 694 3194 750 de
3239 712 3345 766 quo
3392 700 3707 757 testificatus

2108 780 2189 823 est
2208 771 2474 839 Christus,
2502 776 2568 829 ita
2591 778 2797 846 dicens,
2825 783 3076 846 Quoniam
3098 804 3185 842 vas
3213 790 3471 847 electionis
3491 803 3564 847 est
3582 796 3707 848 mihi

2108 860 2412 929 istelA-ct.9~.
2427 865 2548 934 ιδῃ
2570 867 2863 936 Oportebat
2883 889 2974 927 vos
2999 875 3049 927 in
3066 873 3510 938 Itacdubilatione
3535 885 3704 940 relin-

2107 964 2304 1044 quere,
2339 955 2654 1026 nullamque
2688 959 2880 1016 achrre
2906 968 3220 1033 qumstionis
3250 973 3658 1042 explicationem

2106 1042 2201 1096 sed
2248 1042 2391 1101 hanc
2423 1063 2453 1102 a
2506 1050 2656 1104 vobis
2699 1066 2917 1121 pinnam
2951 1057 3172 1127 exige-re
3210 1075 3308 1129 pro
3351 1079 3448 1131 ea,
3497 1082 3612 1137 qua.
3649 1042 3712 1124 in

2107 1134 2400 1206 Scripturis
2453 1141 2684 1207 utimini,
2733 1146 3053 1217 negligentia
3098 1168 3112 1204 :
3159 1152 3282 1209 inde
3328 1158 3469 1211 enim
3515 1134 3705 1215 omnia

2109 1229 2225 1286 hate
2273 1233 2561 1290 exsismnt.
2602 1236 2892 1308 Propterea
2924 1241 2974 1294 in
3003 1243 3231 1298 aliorum
3265 1251 3497 1317 peccatis
3523 1254 3706 1308 acerbi

2108 1321 2452 1393 inquisitores
2492 1344 2699 1394 sumus,
2732 1329 2801 1387 de
2842 1333 3043 1389 nostris
3079 1347 3258 1391 autem
3301 1354 3368 1394 ne
3408 1341 3706 1412 cogitamus

2107 1416 2347 1485 quidem,
2385 1421 2638 1490 quoniam
2666 1423 2972 1495 Scripturas
3013 1443 3118 1484 non
3153 1439 3422 1501 tenemus,
3453 1437 3705 1504 quoniam

2108 1507 2162 1563 in
2201 1508 2397 1566 divinis
2425 1512 2636 1584 legibus
2676 1531 2783 1571 non
2815 1518 3116 1577 erudimttr.
3152 1521 3278 1577 Erat
3323 1525 3482 1595 igitur
3524 1527 3638 1584 haec
3676 1547 3706 1584 a

2107 1600 2262 1656 vobis
2288 1617 2446 1672 paena
2474 1608 2790 1677 repetenda.
2825 1609 2931 1666 Sed
2971 1613 3098 1683 quid
3125 1617 3322 1685 agam?
3352 1617 3511 1673 Pater
3538 1636 3656 1676 sum
3690 1641 3703 1676 :

2107 1694 2278 1750 multa
2301 1696 2462 1752 etiam
2491 1700 2627 1755 ultra
2654 1742 2668 1766 ,
2698 1716 2855 1773 quam
2889 1713 3141 1774 oportet,
3174 1705 3298 1762 [iliis
3337 1710 3707 1780 gratiﬁcantur

2108 1797 2312 1857 patres,
2345 1790 2471 1846 dum
2501 1802 2723 1863 paterna
2753 1796 2991 1865 ipsorum
3021 1799 3356 1856 incalescunt
3384 1805 3622 1873 viscera;
3652 1816 3707 1863 et

2107 1880 2151 1934 si
2177 1881 2342 1936 ﬁlium
2368 1885 2574 1940 tristem
2603 1902 2666 1941 ac
2687 1887 3052 1946 tabescentem
3072 1893 3300 1960 videant,
3325 1896 3470 1966 ipsos
3491 1915 3707 1970 quoque

2109 1970 2227 2040 plus
2252 1987 2412 2042 quam
2443 1975 2590 2029 illum
2623 1979 2805 2048 pungit
2836 1980 3010 2048 dolor,
3046 1999 3144 2037 nec
3182 1985 3489 2056 quiescunt,
3533 1989 3713 2046 donec.

2109 2064 2359 2118 mceroris
2387 2080 2602 2121 causam
2626 2070 2962 2126 sustulerint.
2995 2070 3259 2129 Caeterum
3285 2077 3408 2133 licet
3449 2079 3552 2136 hoc
3578 2098 3706 2137 eve-

2108 2153 2269 2217 nerit,
2298 2153 2422 2209 licet
2448 2157 2721 2228 paulisper
2741 2175 2836 2215 vos
2866 2177 3097 2218 mterere
3125 2165 3343 2220 siverint
3366 2183 3430 2223 ex
3464 2185 3529 2224 eo
3560 2172 3706 2242 quod

2110 2263 2226 2302 non-
2248 2253 2613 2324 acceperitis;
2646 2254 2917 2324 nimirum,
2953 2267 3010 2312 ut
3037 2259 3175 2314 bene
3202 2277 3344 2317 nunc
3376 2266 3670 2334 accipiatis.

2181 2340 2236 2395 6.
2265 2343 2404 2410 Quid
2425 2344 2586 2415 igitur
2605 2345 2893 2403 dicendum
2917 2351 3045 2405 est?
3059 2351 3178 2407 Non
3203 2359 3710 2429 repugnaut,labsit,

2108 2433 2204 2488 sed
2232 2435 2385 2490 valde
2410 2439 2753 2494 consentiunt
2781 2457 2902 2495 cum
2933 2445 3217 2515 praeceptis
3245 2445 3442 2503 Christi
3469 2466 3481 2502 :
3508 2465 3709 2519 praece-

2110 2538 2196 2598 pta
2221 2529 2365 2583 enim
2395 2530 2483 2584 illa
2511 2531 2588 2586 ad'
2607 2541 2815 2603 tempus
2836 2546 2991 2589 erant
3012 2545 3192 2592 etnon
3225 2551 3501 2610 perpetua.
3524 2541 3708 2612 Neque

2109 2618 2161 2674 id
2187 2634 2254 2674 ex
2280 2623 2610 2690 conjectura,
2639 2625 2734 2679 sed
2759 2641 2823 2679 ex
2851 2626 3046 2682 divinis
3073 2628 3363 2698 Scripturis
3389 2633 3533 2688 dico.
3563 2633 3708 2701 Quo-

2108 2711 2322 2766 modo?
2371 2713 2563 2768 Narrat
2607 2715 2781 2772 Lucas
2822 2717 3023 2775 dixisse
3066 2720 3339 2777 Christum
3389 2726 3704 2796 discipulis,

2113 2803 2330 2870 Quando
2362 2806 2474 2859 misi
2507 2824 2592 2862 vos
2617 2809 2728 2862 sine
2754 2813 2956 2865 sacculo
2983 2821 3029 2866 et
3057 2831 3181 2884 pera
3207 2826 3255 2870 et
3280 2834 3412 2872 zona
3435 2830 3485 2874 et
3511 2823 3707 2875 calcea-

2107 2898 2312 2964 mentis,
2335 2901 2583 2969 nttmquid
2612 2902 2808 2969 aliquid
2818 2903 3003 2973 defuit
3025 2907 3202 2961 vobis?
3230 2909 3296 2962 At
3327 2910 3402 2964 illi
3430 2911 3666 2967 dixerunt
3689 2955 3708 2981 ,

2111 2985 2262 3042 Nihil
2279 2989 2429 3059 (Luc.
2449 2990 2537 3044 22.
2557 2993 2646 3048 55.
2666 2993 2778 3064 56).
2803 2994 2946 3065 Ergo
2964 2997 3188 3066 posthac
3207 3001 3357 3056 vobis
3374 3017 3706 3073 comparate.

2108 3080 2213 3138 Sed
2266 3083 2394 3153 quid
2439 3083 2578 3140 facto
2621 3102 2755 3156 opus
2807 3088 3047 3146 fuit?dic
3075 3092 3205 3146 mihi
3238 3108 3252 3159 ;
3290 3109 3450 3149 unam
3508 3096 3710 3154 habere

2111 3173 2386 3229 tunicam?
2415 3175 2552 3244 Quid
2582 3180 2748 3248 ergo?
2778 3195 2898 3234 cum
2943 3181 3167 3237 lavanda
3214 3183 3327 3240 inec
3363 3197 3517 3255 erat,
3561 3189 3710 3247 domi

2110 3265 2311 3320 nudum
2341 3268 2535 3323 sedere
2561 3271 2833 3339 oportuit,
2863 3273 2943 3327 vel
2976 3274 3176 3328 nudum
3205 3275 3489 3333 circumire
3515 3295 3709 3346 neces-

2108 3359 2268 3414 sitate
2298 3360 2557 3417 invitante
2579 3404 2592 3428 ,
2625 3363 2936 3434 nullamque
2961 3365 3144 3421 decori
3176 3368 3375 3425 habere
3403 3372 3710 3430 rationem?

2107 3451 2314 3520 Cogita,
2343 3453 2642 3522 cujnsmodi
2671 3455 2724 3510 id
2768 3456 2978 3524 luisset,
3012 3459 3236 3515 Paulum
3261 3463 3353 3533 qui
3384 3465 3571 3520 orbem
3598 3477 3709 3522 ler-

2109 3559 2289 3598 rarum
2319 3544 2442 3600 ideo
2470 3547 2801 3616 peragrabat,
2836 3557 2892 3602 ut
2923 3558 3001 3604 tot
3027 3553 3284 3620 praeclara
3312 3569 3474 3624 opera
3501 3558 3709 3623 ederet,

2110 3635 2288 3704 inopia
2321 3636 2484 3691 vestis
2513 3647 2755 3692 coactum
2789 3639 2933 3694 domi
2973 3642 3164 3697 sedere
3187 3681 3206 3708 ,
3249 3659 3314 3698 ae
3345 3647 3509 3702 Ianus
3542 3648 3707 3704 rebus

2110 3726 2549 3798 impedimentum
2590 3729 2789 3784 allerri.
2835 3731 2972 3798 Quid
3013 3748 3144 3787 vero
3169 3775 3184 3800 ,
3217 3735 3262 3789 si
3294 3736 3589 3794 vehemens
3623 3740 3708 3794 in-

2107 3822 2342 3891 gruisset
2383 3821 2589 3887 hiems,
2617 3837 2679 3876 ac
2710 3823 2934 3892 pluisset
2961 3834 3052 3878 aut
3081 3827 3242 3880 etiam
3273 3829 3665 3901 conglaciassct
3691 3874 3708 3900 ,

2109 3912 2383 3983 quomodo
2417 3930 2536 3969 eam
2573 3916 2776 3970 siccare
2814 3916 3093 3972 licuisset?
3129 3935 3256 3974 num
3291 3937 3475 3979 rursus
3506 3924 3708 3981 nudum

2109 4006 2304 4060 sedere
2331 4007 2606 4075 oportuit?
2642 4007 2768 4080 quid
2798 4023 2944 4073 vero,
2981 4009 3024 4063 si
3052 4009 3265 4082 frigoris
3291 4012 3344 4067 vi
3375 4028 3570 4084 corpus
3597 4019 3712 4073 col-

2111 4095 2415 4162 laberelnr,
2451 4114 2574 4151 num
2607 4099 2988 4156 tabescendum
3018 4100 3116 4154 l'uit
3141 4110 3302 4171 atque
3327 4103 3710 4162 obmutescen-

2109 4188 2275 4243 dum?
2294 4190 2372 4246 Ne
2399 4193 2541 4246 enim
2573 4203 2724 4262 putes
2753 4193 3092 4250 adamantina
3120 4195 3224 4250 illis
3251 4195 3416 4253 fuisse
3443 4213 3670 4269 corpora
3695 4219 3709 4255 :

2109 4285 2232 4340 audi
2257 4285 2382 4356 quid
2407 4286 2472 4341 de
2494 4285 2778 4341 Timotheo
2801 4287 2960 4352 dicat,
2984 4286 3190 4343 Modico
3211 4290 3326 4344 vino
3346 4300 3486 4345 utere
3503 4304 3712 4364 propter

2109 4380 2428 4433 stomachum
2450 4391 2608 4443 tuum,
2629 4390 2676 4432 et
2699 4381 2981 4449 frequentes
2998 4390 3113 4434 tuas
3133 4382 3454 4450 inﬁrmitates
3475 4387 3550 4456 (l.
3571 4386 3709 4444 Tim.

2110 4474 2163 4528 5.
2195 4473 2266 4526 25
2291 4470 2342 4542 );
2375 4487 2439 4527 ac
2481 4488 2667 4528 rursus
2694 4473 2762 4526 de
2800 4473 2970 4528 altero
2990 4515 3006 4541 ,
3041 4473 3401 4530 Necessarium
3430 4481 3714 4536 existimaui

2113 4566 2308 4621 mittere
2333 4565 2400 4618 ad
2428 4583 2513 4620 vos
2539 4577 2756 4619 uestrum
2783 4567 3094 4634 apostolum,
3119 4575 3168 4622 et
3190 4568 3476 4624 ministrum
3497 4575 3710 4626 necessi-

2112 4661 2229 4714 tatis
2259 4675 2400 4714 ntete.
2434 4657 2576 4712 Nam
2603 4668 2649 4712 et
2679 4659 2967 4728 inﬁrmatus
2991 4669 3066 4712 est
3086 4676 3242 4730 usque
3263 4661 3332 4713 ad
3350 4671 3558 4715 mortem
3583 4678 3602 4716 :
3621 4664 3712 4716 sed

2110 4751 2250 4810 Deus
2281 4753 2512 4808 misertus
2550 4761 2624 4806 est
2653 4753 2769 4823 ejus.
2795 4767 2813 4806 :
2838 4769 2937 4805 non
2968 4752 3132 4806 solum
3164 4761 3340 4809 autem.
3356 4752 3468 4822 ejus
3492 4794 3508 4820 ,
3541 4769 3712 4808 rerum

2109 4847 2262 4900 etiam
2290 4856 2337 4900 et
2363 4846 2462 4900 mei
2483 4844 2744 4916 (Philipp.
2770 4843 2821 4897 2.
2852 4844 2942 4897 25.
2971 4842 3086 4912 27).
3120 4841 3301 4911 Itaque
3324 4843 3494 4896 cuivis
3520 4845 3713 4900 morbo

2111 4948 2273 5010 atque
2295 4936 2821 5010 invaletudinicrant
2840 4934 3087 5004 expositi.
3111 4932 3246 5000 Quid
3266 4932 3460 5002 igitur?
3482 4948 3714 5002 pereun-

2110 5007 2310 5086 duinnc
2338 5033 2440 5086 illis
2465 5029 2620 5086 erat?
2646 5007 3010 5098 Nequaquam.
3040 5025 3176 5094 Quid
3205 5024 3367 5095 igitur
3389 5041 3564 5084 causae
3587 5034 3714 5083 tunc

2112 5125 2212 5179 fuit
2231 5139 2329 5178 cur
2351 5124 2402 5178 id
2429 5122 2784 5193 praeciperet?
2805 5120 3107 5175 Potentiam
3132 5134 3281 5173 suam
3301 5119 3518 5175 volebat.
3533 5127 3716 5174 ostcn»

2111 5217 2264 5282 dere,
2291 5216 2452 5286 idque
2480 5223 2660 5284 postea
2687 5213 2848 5268 etiam
2874 5212 3112 5282 pra-stari
3138 5227 3168 5266 a
3192 5227 3251 5266 se
3272 5226 3452 5287 posse.
3475 5212 3586 5266 Cur
3606 5227 3716 5270 non

2114 5306 2398 5378 praestitit?
2444 5305 2609 5360 Multo
2653 5315 2808 5359 erant
2854 5301 2906 5356 hi
2947 5301 3376 5359 admirabiliores
3418 5301 3715 5372 lsraelitis,

2112 5415 2338 5472 quorum
2372 5408 2548 5454 tamen
2581 5411 2755 5467 neque
2781 5395 2946 5450 calcei
2976 5409 3150 5464 neque
3175 5401 3354 5448 vestes
3387 5409 3485 5448 usu
3515 5409 3712 5449 consu-

2113 5485 2398 5541 mebantur
2419 5502 2433 5538 :
2453 5497 2774 5554 quamquam
2803 5479 3147 5535 Solitudinem
3174 5478 3319 5533 illam
3345 5488 3712 5550 peragrarent,

2115 5581 2201 5636 ubi
2230 5579 2566 5635 ardentiores
2594 5575 2899 5632 incidebant
2924 5573 3054 5628 solis
3083 5572 3249 5639 radii,
3279 5571 3368 5642 qui
3396 5573 3479 5628 vel
3512 5571 3722 5648 lapides

2115 5673 2260 5743 ipsos
2287 5680 2509 5741 D0356!”
2536 5670 2586 5724 in
2616 5669 2853 5724 cinerem
2885 5676 3112 5722 vertere.
3144 5665 3259 5732 Qua
3286 5665 3447 5736 igitur
3465 5665 3533 5721 de
3553 5679 3716 5722 causa

2115 5765 2218 5821 hoc
2248 5765 2412 5819 fecit?
2441 5764 2537 5818 Tui
2567 5778 2748 5818 causa.
2780 5762 2909 5816 Nam
2939 5763 3194 5832 quoniam
3227 5758 3465 5814 futurum
3485 5769 3630 5823 erat,
3661 5770 3724 5812 ut

2115 5874 2220 5916 non
2265 5866 2526 5928 perpetuo
2566 5858 2773 5914 valeres
2802 5900 2814 5924 ,
2844 5857 2934 5913 sed
2977 5856 3200 5912 vulnera
3243 5854 3544 5925 acciperes;
3587 5865 3716 5921 pro-
