4184 6506
456 384 566 442 θιὸὅ

459 507 639 566 pterea
679 491 979 547 facultatem
1016 485 1110 542 tibi
1150 482 1658 538 medicamentorum
1686 473 2045 566 parandorum

462 563 687 658 praebuit
715 601 729 638 :
758 581 899 654 quod
939 578 1063 635 hinc
1090 575 1220 632 satis
1249 581 1498 629 constare
1537 574 1733 639 potest.
1772 563 2041 658 Dicenint

462 651 614 741 inihi,
643 651 823 729 amtor.
851 671 965 740 ipse
994 675 1202 738 poterat
1231 664 1351 718 illos
1383 659 1624 714 nutrire?
1659 654 1927 728 quomodo
1955 651 2043 722 qui

465 770 556 824 tibi
579 763 948 838 prtevaricanti
969 760 1138 825 dedit,
1161 757 1322 812 Paulo
1345 770 1450 809 non
1471 750 1656 807 daret?
1677 749 1765 820 qui
1791 744 2044 838 lsraelitis

462 837 612 918 dedit
662 853 1146 914 murtnuratorihus
1172 893 1188 917 ,
1233 846 1654 910 scortatoribus,
1702 837 2000 896 idololatris
2027 875 2042 902 ,

466 967 644 1008 nonne
687 950 855 1005 multo
901 947 1071 1015 magis
1117 942 1277 998 Petro
1318 938 1693 1011 permitteret,
1734 933 1823 1003 qui
1869 930 2048 984 omnia

468 1054 686 1114 propter
729 1042 904 1112 ipsum
948 1034 1281 1106 reliquerat?
1322 1031 1412 1098 qui
1441 1027 1716 1085 sceleratis
1746 1021 2050 1114 hominibus

466 1111 788 1204 potestatem
829 1126 1056 1184 habendi
1097 1125 1222 1210 fecit
1248 1164 1264 1190 ,
1303 1137 1410 1178 non
1453 1121 1622 1176 multo
1661 1117 1829 1187 magis
1856 1111 2052 1170 Joanni

467 1224 852 1296 gratiﬁcaretur
875 1259 891 1286 ,
935 1218 1024 1288 qui
1063 1215 1180 1285 ejus
1198 1205 1371 1269 causa
1403 1220 1607 1281 patrem
1636 1219 1847 1278 quoque
1877 1205 2053 1274 ipsum

469 1312 798 1385 reliquerat?
835 1312 1083 1365 Attamen
1114 1306 1288 1360 noluit
1308 1345 1324 1370 ,
1355 1302 1449 1358 sed
1479 1317 1572 1371 per
1601 1309 1652 1355 te
1679 1299 1822 1368 ipsos
1850 1296 2050 1358 nutrit,

471 1411 532 1457 ut
569 1411 625 1457 tu
654 1399 1021 1456 sanctiﬁeeris.
1067 1395 1134 1449 Et
1167 1393 1529 1448 animadverte
1556 1388 1685 1444 mihi
1717 1385 2059 1457 benignitatis

472 1491 926 1562 exsuperantiam.
973 1487 1159 1543 Voluit
1198 1483 1486 1552 discipulos
1525 1495 1652 1535 suos
1685 1492 1843 1548 egere
1866 1517 1884 1543 ,
1916 1485 1973 1530 ut
2002 1484 2059 1529 tu

474 1582 857 1655 aliquantulum
895 1580 1210 1650 respirares.
1241 1575 1348 1633 Sed
1377 1576 1422 1629 si
1459 1573 1579 1628 illos
1615 1571 1816 1628 nullius
1849 1569 2061 1639 indiges

475 1675 831 1746 praestitisset,
864 1671 1066 1742 inquit,
1091 1669 1260 1725 multo
1287 1681 1417 1722 sane
1445 1664 1871 1721 admirabiliores
1898 1661 2062 1715 futuri

476 1771 631 1820 erant
655 1803 670 1829 ,
705 1761 871 1817 multo
895 1760 1170 1816 clariores.
1203 1759 1274 1813 At
1301 1756 1458 1812 saluti
1498 1764 1602 1809 tua:
1631 1751 1930 1809 subsidium
1959 1749 2058 1804 deo

479 1863 707 1912 tractum
730 1859 890 1908 esset.
918 1851 1094 1907 Noluit
1116 1849 1274 1920 igitur
1299 1847 1421 1902 illos
1443 1846 1556 1900 ﬁeri
1582 1841 1940 1905 admirabiles,
1966 1840 2062 1895 sed

481 1945 670 2000 maluit
707 1943 947 2014 indigere
971 1983 986 2009 ,
1015 1949 1072 1996 ut
1101 1950 1156 1995 tu
1181 1940 1408 1994 salutem
1436 1935 1760 1992 nanciscaris
1785 1975 1799 2001 ,
1830 1941 1884 1990 et
1905 1947 2064 2002 egere

479 2037 598 2092 illos
627 2051 817 2107 passus
841 2042 923 2090 est
945 2074 960 2100 ,
992 2043 1051 2090 ut
1082 2041 1136 2087 tu
1163 2033 1388 2088 salutem
1417 2029 1672 2098 consequi
1713 2041 1917 2098 posses.
1947 2024 2063 2079 Non

481 2131 624 2184 enim
651 2142 804 2198 arque
825 2125 1264 2182 sevenerandum
1293 2123 1494 2194 praebet
1518 2121 1704 2176 doctor
1727 2118 1816 2188 qui
1841 2117 2063 2186 accipit;

481 2219 579 2274 sed
606 2219 694 2272 ille
722 2217 1058 2287 potissimum
1083 2215 1286 2270 honore
1312 2212 1562 2275 afﬁcitur,
1591 2209 1679 2280 qui
1708 2223 1812 2262 non
1838 2205 2066 2275 accipit:

482 2323 667 2364 verum
714 2308 918 2362 interea
956 2321 1063 2359 non
1101 2304 1317 2374 juvatur
1357 2301 1671 2371 discipulus,
1705 2299 1799 2354 sed
1840 2297 2066 2351 fructum

486 2397 872 2454 amittitNides
896 2396 1208 2466 sapientiam
1226 2395 1501 2449 hominum
1523 2390 1751 2446 amantis
1779 2389 1910 2443 Dei?
1937 2386 2066 2441 Nam

487 2489 937 2561 quemadmodum
966 2489 1079 2559 ipse
1117 2487 1389 2558 propriam
1412 2485 1634 2556 gloriam
1668 2499 1773 2538 non
1804 2482 2066 2552 quaesivit,

489 2596 588 2638 nec
613 2597 707 2636 sua
738 2582 1016 2651 spectavit,
1045 2578 1137 2633 sed
1167 2593 1287 2633 cum
1315 2577 1367 2632 in
1396 2577 1566 2647 gloria
1597 2582 1759 2640 esset,
1784 2572 1952 2627 voluit
1983 2581 2072 2626 tua

486 2687 645 2728 causa
683 2672 805 2727 vilis
835 2671 985 2736 ﬁeri;
1017 2670 1155 2725 idem
1183 2669 1342 2724 etiam
1381 2668 1434 2722 in
1463 2665 1770 2721 doctoribus
1805 2664 2069 2728 servavit;

491 2773 549 2819 ut
589 2779 711 2819 cum
751 2777 848 2818 eos
887 2762 1219 2818 venerandos
1265 2770 1521 2831 prmstare
1566 2767 1782 2829 posset,
1827 2757 2075 2812 maluerit

487 2854 725 2923 abiectos
749 2868 869 2909 esse
894 2861 982 2907 tua
1009 2867 1168 2908 causa
1195 2893 1210 2920 ,
1241 2859 1298 2906 ut
1331 2858 1386 2905 tu
1412 2849 1638 2905 haberes
1665 2848 1806 2903 unde
1835 2847 2067 2903 ditesce-

1231 373 1288 430 S.
1328 370 1604 428 JOANNIS
1637 360 2114 423 CIIRYSOSTOMI
2152 359 2468 416 ARClllEP.
2509 357 3042 416 CONSTANTINOP.

3625 363 3731 424 256

2153 486 2242 526 res
2281 488 2293 524 :
2337 477 2394 523 ut
2433 468 2730 523 abundares
2758 469 2900 524 enim
2931 469 2983 524 in
3024 467 3416 539 spiritualibus,
3449 451 3730 541 propterea

2147 561 2239 616 ille
2259 569 2380 630 eget
2401 560 2454 614 in
2483 560 2568 625 iis,
2592 575 2710 628 qua:
2735 559 2802 614 ad
2827 559 2964 614 hanc
2985 560 3144 614 vitam
3172 562 3459 629 pertinent.
3486 561 3731 618 Potuisse

2149 651 2308 722 igitur
2355 653 2518 706 Deum
2567 651 2686 704 illos
2730 651 2924 706 nullius
2967 651 3174 721 iudigos
3217 661 3512 721 praestare,
3550 654 3734 708 multis

2149 742 2477 812 argumentis
2506 740 2663 794 docui
2692 758 2706 794 :
2739 749 2825 795 tua
2859 751 3032 796 tamen
3064 757 3226 796 causa
3255 743 3307 796 in
3340 752 3576 813 egestate
3605 745 3735 799 reli-

2149 843 2267 888 ctos
2304 847 2422 888 esse
2460 831 2706 887 similiter
2738 841 3012 887 ostensum
3039 841 3141 888 est.
3186 833 3311 889 llazc
3350 834 3508 903 igitur
3535 850 3740 906 cogno-

2152 934 2382 990 scentes,
2414 939 2520 978 non
2545 923 2612 978 ad
2641 925 3030 988 accusationes,
3058 925 3152 980 sed
3179 925 3246 980 ad
3273 925 3526 981 beneﬁcia
3554 927 3739 982 confe-

2154 1019 2320 1073 renda
2365 1033 2462 1072 nos
2501 1027 2876 1072 convertamus
2909 1035 2923 1071 :
2952 1033 3057 1072 non
3095 1018 3319 1072 aliorum
3355 1019 3494 1072 mala
3524 1021 3739 1075 curiose

2155 1119 2476 1174 scrutemur,
2499 1109 2592 1164 sed
2619 1119 2799 1164 nostra
2827 1124 3201 1165 recenseamus
3225 1127 3238 1164 :
3261 1111 3488 1165 aliorum
3518 1111 3739 1166 benefa-

2156 1212 2241 1259 cta
2261 1203 2577 1273 cogitemus,
2601 1200 2670 1256 de
2691 1203 2887 1257 nostris
2907 1211 3086 1257 autem
3108 1204 3338 1272 peccatis
3361 1205 3738 1274 recogitemus,

2157 1303 2318 1366 atque
2359 1297 2428 1350 ita
2461 1295 2787 1364 placebimus
2815 1294 2942 1347 Deo.
2984 1293 3114 1348 Nam
3143 1295 3232 1364 qui
3267 1295 3493 1350 aliorum
3524 1297 3738 1366 quidem

2160 1395 2374 1458 peccata
2407 1385 2592 1452 videt,
2634 1393 2689 1439 et
2731 1399 2828 1438 sua
2872 1391 3015 1440 recte
3058 1383 3196 1440 facta
3221 1425 3236 1450 ,
3266 1385 3461 1454 duplex
3491 1388 3743 1442 damnum

2160 1486 2442 1548 reportat:
2479 1475 2561 1530 his
2599 1475 2742 1530 enim
2783 1476 2835 1528 in
2873 1477 3230 1545 arrogantiam
3275 1476 3511 1541 tollitur,
3545 1479 3650 1534 illis
3691 1483 3743 1534 in

2160 1567 2541 1638 negligentiam
2569 1565 2773 1620 incidit.
2802 1566 2936 1620 Dum
2963 1567 3106 1622 enim
3133 1566 3388 1637 cogitabit
3413 1567 3560 1622 illum
3586 1577 3747 1636 atque

2164 1659 2316 1714 illum
2345 1672 2616 1728 peccasse,
2642 1656 2793 1712 facile
2818 1664 2874 1711 et
2902 1656 3016 1726 ipse
3043 1657 3319 1725 peccabit:
3344 1655 3469 1711 dum
3495 1658 3750 1726 cogitabit

2165 1765 2224 1805 se
2249 1749 2387 1805 bene
2411 1748 2590 1803 ollicio
2618 1748 2855 1803 functum
2877 1788 2893 1814 ,
2925 1747 3080 1803 facile
3106 1748 3355 1818 superbia
3381 1749 3650 1805 eﬁ‘eretur.
3680 1752 3752 1804 At

2166 1841 2256 1911 qui
2297 1855 2393 1895 sua
2433 1839 2649 1910 quidem
2693 1849 2838 1895 recte
2880 1840 3015 1894 facta
3055 1840 3309 1895 oblivioni
3347 1841 3605 1909 mandat,
3635 1843 3754 1897 sola

2167 1940 2344 1986 autem
2389 1939 2607 2000 peccata
2636 1939 2912 1999 aspectat,
2941 1931 3168 1986 aliorum
3198 1947 3326 1987 vero
3355 1947 3460 1988 non
3491 1944 3706 2003 peccata
3735 1975 3750 1999 ,

2169 2021 2263 2077 sed
2289 2020 2472 2075 virtuti
2503 2033 2893 2076 consentaneas
2921 2023 3160 2078 actiones
3184 2024 3422 2080 studiose
3448 2036 3718 2080 scrutatur
3735 2067 3752 2093 ,

2169 2112 2351 2166 multis
2394 2111 2567 2165 modis
2612 2111 2821 2166 lucrum
2864 2111 3043 2168 faciet.
3093 2113 3405 2183 Quomodo,
3447 2116 3588 2171 audi.
3619 2117 3752 2172 Nam

2171 2221 2290 2262 cum
2333 2206 2484 2260 illum
2529 2217 2674 2261 recte
2711 2221 2771 2260 sc
2805 2206 3036 2276 gessisse
3063 2208 3288 2275 viderit,
3322 2209 3660 2264 aztrtulatiene
3687 2212 3756 2264 ad

2174 2297 2486 2351 imitantium
2532 2306 2809 2362 movetur;
2839 2312 2960 2351 cum
2991 2313 3051 2352 se
3081 2313 3332 2367 peccasse
3360 2299 3755 2356 animadverte-

2174 2389 2268 2454 rit,
2300 2388 2541 2443 demittet
2577 2387 2847 2454 anitnutn,
2879 2403 2944 2443 ac
2972 2389 3285 2444 modestiam
3324 2390 3575 2445 tuebitur.
3612 2392 3758 2447 lianc

2176 2480 2436 2534 rationem
2465 2480 2508 2533 si
2541 2487 2839 2544 teneamus,
2869 2489 3026 2550 atque
3055 2479 3155 2536 hoc
3181 2482 3339 2537 tnodo
3368 2493 3548 2539 nostra
3574 2483 3760 2553 ἀίδρυ-

2177 2585 2386 2633 namus,
2422 2573 2680 2641 promissa
2712 2573 3003 2642 poterimus
3032 2577 3286 2645 consequi
3314 2577 3449 2631 bona
3469 2618 3482 2642 ,
3512 2579 3678 2646 gratia
3706 2587 3762 2633 et

2179 2664 2506 2734 benignitate
2535 2665 2744 2720 Domini
2769 2670 2940 2722 nostri
2965 2667 3091 2722 Jesu
3112 2669 3332 2736 Christi,
3354 2671 3436 2724 cui
3460 2687 3579 2724 cum
3604 2671 3764 2727 Patre

2179 2766 2234 2811 ct
2271 2758 2470 2827 Spiritu
2501 2769 2684 2815 sancto
2711 2761 2883 2830 gloria
2905 2802 2922 2828 ,
2951 2762 3231 2832 imperium
3257 2805 3272 2831 ,
3305 2765 3475 2820 honor
3499 2806 3513 2832 ,
3543 2781 3682 2820 nunc
3709 2775 3770 2822 ct.

2179 2861 2428 2917 semper,
2457 2857 2512 2903 et
2540 2849 2592 2903 in
2621 2851 2814 2906 smcula
2841 2853 3181 2909 saeculorum.
3211 2855 3406 2910 Amen.

3689 2996 3761 3005 -ο

1940 3057 2288 3122 HOMILIA
2328 3062 2412 3123 X.

494 3208 625 3266 CAP.
664 3209 718 3264 5.
757 3224 808 3262 v.
853 3209 900 3262 ‘l.
942 3205 1021 3262 De
1045 3216 1226 3261 cwtero
1245 3249 1258 3272 ,
1290 3209 1472 3277 fratres
1499 3205 1630 3270 mei,
1653 3203 1868 3275 gaudete
1892 3203 1945 3256 in
1971 3201 2080 3257 Do-

567 3299 722 3352 mino.
753 3296 947 3352 Eadem
967 3297 1102 3351 vobis
1123 3299 1336 3351 scribere
1357 3296 1480 3348 mihi
1501 3295 1701 3365 quidem
1723 3311 1821 3348 non
1845 3295 2076 3365 pigrum,

566 3393 704 3447 vobis
744 3402 911 3446 autem
958 3400 1138 3445 tutum.
1179 3390 1235 3444 2.
1285 3389 1461 3445 Videte
1508 3406 1655 3444 canes
1679 3431 1693 3456 ,
1725 3388 1884 3442 videte
1919 3389 2081 3442 utatos

567 3485 827 3554 operarios
852 3524 867 3550 ,
895 3482 1056 3537 videte
1097 3481 1449 3535 coucisionem.
1495 3481 1549 3536 5.
1596 3479 1706 3536 Nos
1747 3481 1880 3534 enim
1908 3495 2082 3533 sumus

567 3576 880 3630 circumcisio
902 3616 915 3639 ,
945 3574 1030 3644 qui
1056 3574 1236 3644 spiritu
1265 3573 1374 3627 Deo
1405 3575 1647 3626 servimus
1673 3614 1687 3638 ,
1729 3583 1775 3626 et
1804 3573 2083 3644 gloriamur

568 3667 624 3720 in
649 3665 848 3719 Christo
875 3663 1030 3731 Jesu,
1063 3673 1108 3716 et
1134 3680 1234 3718 non
1263 3666 1316 3718 in
1344 3680 1495 3717 carne
1521 3664 1761 3731 ﬁduciam
1787 3664 2044 3718 habentes.

575 3760 626 3812 t.
667 3756 923 3812 Moarores
953 3765 1007 3810 et
1036 3755 1421 3810 sollicitudines
1444 3796 1459 3820 ,
1491 3771 1610 3810 cum
1641 3764 1838 3826 praeter
1865 3755 2083 3810 modum

501 3849 735 3904 animam
771 3847 1113 3916 distrahunt,
1144 3863 1243 3904 suo
1271 3847 1465 3903 robore
1503 3847 1644 3901 illam
1687 3847 1914 3917 privarit.
1949 3848 2086 3903 Pro-

504 3949 688 4009 pterea
733 3938 927 3994 Paulus
970 3939 1130 3995 etiam
1157 3979 1173 4004 ,
1216 3953 1337 3992 cum
1379 3937 1748 4007 Philippenses
1796 3938 1847 3991 in
1892 3951 2088 4009 magno

505 4047 737 4090 maerore
783 4038 1002 4096 essent,
1050 4043 1144 4085 eos
1186 4030 1383 4084 excitat
1429 4035 1484 4083 et
1524 4028 1744 4083 relevat.
1793 4029 2088 4084 Mtercbant

503 4135 680 4180 autem
701 4165 718 4192 ,
749 4123 891 4194 quod
916 4121 1184 4194 quomodo
1209 4136 1269 4176 se
1299 4135 1384 4175 res
1415 4120 1560 4175 Pauli
1593 4120 1850 4176 haberent
1876 4123 2087 4191 ignora—

506 4219 676 4282 bant;‘
697 4215 1028 4280 maerebant,
1069 4213 1211 4283 quod
1243 4213 1414 4281 ipsum
1445 4212 1642 4266 obiisse
1668 4212 2084 4277 existimabant;

505 4307 808 4364 maerebant
833 4305 902 4359 ob
926 4302 1356 4373 praedicationem
1373 4341 1388 4366 ,
1418 4301 1488 4356 ob
1513 4300 1956 4371 Epaphroditum.
1985 4299 2089 4370 lgi-

504 4409 592 4454 tur
617 4399 684 4453 de
713 4396 960 4452 onmibus
992 4395 1074 4448 his
1105 4393 1264 4448 rebus
1293 4393 1528 4447 animum
1561 4393 1664 4447 illis
1691 4393 1930 4462 explens,
1962 4393 2090 4447 sub-

500 4489 679 4562 jungit
707 4505 720 4541 :
752 4487 827 4541 De
853 4495 1052 4549 cwtero,
1084 4490 1266 4556 fratres
1295 4486 1414 4552 ntei,
1445 4487 1679 4557 gaudete.
1711 4486 1826 4541 Non
1857 4486 2085 4554 habetis,

507 4579 697 4651 inquit,
717 4577 960 4650 posthac,
977 4592 1073 4631 cur
1093 4577 1364 4632 moereatis
1383 4593 1396 4629 :
1417 4576 1624 4632 habetis
1644 4579 2083 4648 Epaphroditum,

503 4674 575 4727 ob
617 4686 774 4743 quem
809 4668 1108 4735 dolebatis;
1151 4667 1358 4723 habetis
1393 4668 1765 4735 Timotheum;
1798 4685 1898 4740 ego
1926 4673 2085 4725 etiam

503 4763 730 4819 advenio
749 4760 1111 4831 :evangelium
1135 4759 1395 4829 procedit.
1418 4759 1554 4826 Quid
1573 4763 1685 4829 jam
1705 4760 1855 4815 vobis
1876 4761 2089 4816 deficit?

505 4857 751 4913 Gaudete.
784 4856 862 4910 Ac
889 4854 1104 4910 Galatas
1131 4852 1346 4923 quidem
1375 4852 1513 4908 ﬁlios
1542 4863 1695 4908 vocat
1719 4851 1860 4924 (Gal.
1888 4853 1941 4906 4.
1972 4853 2084 4922 l9),

506 4951 604 5004 hos
634 4955 810 5002 autem
840 4947 1053 5002 fratres.
1088 4945 1219 5000 Nam
1245 4946 1681 5016 quotiescumque
1712 4946 1792 5000 vel
1820 4947 2088 5016 corrigere

503 5039 704 5110 aliquid
741 5038 854 5092 vult
891 5038 976 5093 vel
1007 5037 1380 5092 vehementem
1405 5037 1606 5091 amoris
1633 5037 1878 5092 allectum
1909 5048 2089 5092 Osteuo

503 5133 656 5198 dere,
683 5132 821 5186 ﬁlios
841 5141 994 5185 vocat
1020 5149 1032 5184 :
1052 5146 1115 5185 ac
1135 5146 1255 5186 cum
1278 5117 1397 5200 plus
1420 5131 1642 5186 honoris
1665 5133 1747 5197 iis,
1773 5132 2088 5201 quibuscum

509 5226 673 5280 verba
700 5224 843 5286 facit,
871 5223 1171 5277 habendum
1197 5232 1302 5290 est,
1333 5223 1545 5277 fratres.
1575 5222 1654 5276 De
1679 5233 1879 5290 caztero,
1908 5228 2091 5294 fratres

510 5317 606 5369 mei
630 5357 646 5382 ,
674 5315 879 5386 inquit,
905 5313 1118 5384 gaudete
1144 5313 1198 5366 in
1225 5311 1468 5366 Domino.
1499 5313 1663 5368 Recte
1689 5313 1853 5380 dixit,
1885 5311 1950 5366 In
1981 5313 2086 5366 Do-

507 5407 644 5459 mino
669 5445 684 5471 ,
713 5421 818 5459 non
857 5405 1128 5459 mundano
1165 5403 1360 5473 gaudio
1390 5424 1403 5458 :
1435 5419 1554 5457 nam
1589 5404 1689 5457 hoc
1719 5419 1822 5457 non
1849 5414 1930 5458 cst
1958 5420 2090 5472 gau-

506 5495 656 5552 dere.
706 5495 980 5550 Erumnte
1004 5536 1020 5561 ,
1051 5495 1260 5565 inquit,
1303 5509 1425 5564 quae
1463 5495 1756 5549 secundum
1784 5494 2088 5563 Christum,

509 5583 638 5654 ipsae
666 5585 916 5654 gaudium
943 5585 1159 5640 habent.
1193 5585 1387 5639 Eadem
1413 5585 1550 5639 vobis
1575 5585 1790 5640 scribere
1817 5587 1939 5640 mihi
1974 5587 2090 5658 qui-

503 5676 618 5728 dem
659 5691 761 5729 non
802 5676 1043 5746 pigrum,
1082 5678 1219 5732 vobis
1261 5688 1429 5732 autem
1469 5687 1654 5732 tutum.
1704 5677 1876 5732 Videte
1917 5695 2083 5732 canes.

506 5767 666 5823 Vides
693 5783 796 5822 non
819 5766 934 5831 ipso
957 5768 1178 5826 exordio
1207 5757 1472 5826 inductam
1496 5785 1614 5827 esse
1639 5769 2080 5838 admonitionem,

2184 3205 2279 3260 sed
2311 3215 2591 3278 postquam
2623 3209 2742 3265 illos
2770 3209 2950 3266 multis
2979 3211 3283 3268 nominibus
3313 3213 3584 3281 laudavit,
3616 3223 3770 3287 post-

2185 3312 2341 3366 quam
2367 3301 2625 3369 suspexit,
2651 3310 2775 3356 tunc
2796 3301 2900 3357 hoc
2925 3302 3070 3372 facit,
3092 3319 3155 3358 ac
3179 3319 3365 3360 rursus
3384 3305 3543 3361 etiam
3567 3306 3767 3361 laudat.

2187 3384 2478 3443 Videbatur
2505 3391 2649 3445 enim
2691 3391 2793 3446 hoc
2820 3394 3077 3449 orationis
3105 3408 3275 3465 genus
3300 3409 3422 3452 esse
3449 3396 3725 3452 molestius
3751 3411 3766 3447 :

2185 3479 2533 3548 quamobrem
2572 3482 2806 3553 undique
2835 3484 2985 3539 lenit.
3025 3484 3171 3552 Quos
3199 3495 3375 3541 autem
3405 3486 3533 3541 dicit
3560 3502 3720 3542 canes
3746 3487 3770 3540 .’

2189 3569 2287 3625 Hic
2305 3581 2458 3626 erant
2473 3572 2654 3643 aliqui,
2681 3590 2814 3644 quos
2840 3576 2891 3629 in
2913 3577 3163 3631 omnibus
3185 3577 3425 3646 epistolis
3444 3577 3765 3642 subindieat,

2187 3662 2381 3729 Judaei,
2410 3664 2626 3734 impuri,
2651 3667 2984 3734 exsecrandi,
3011 3670 3180 3737 turpis
3204 3669 3334 3723 lucri
3363 3677 3417 3723 et
3441 3670 3771 3738 principatus

2189 3755 2389 3824 cupidi,
2417 3757 2648 3826 quicum
2677 3759 2871 3813 multos
2893 3775 2958 3814 ex
2983 3758 3227 3814 ﬁdelibus
3249 3759 3316 3814 ad
3339 3774 3399 3814 se
3418 3759 3632 3814 allicere
3656 3761 3770 3815 vel-

2191 3844 2332 3910 lent,
2361 3855 2416 3900 et
2443 3846 2908 3902 Christianismum
2936 3859 2988 3904 et
3013 3849 3345 3905 Judaismum
3376 3850 3764 3920 praedicabant,

2189 3949 2597 4010 corrumpentes
2640 3942 2996 4012 evangelium.
3037 3943 3300 4011 Quoniam
3340 3929 3498 4014 igitur
3531 3944 3772 3999 difﬁciles

2192 4029 2259 4084 ad
2288 4029 2794 4100 deprehendendum
2820 4042 3014 4100 erant,
3045 4044 3325 4104 propterea
3355 4036 3558 4105 inquit,
3603 4035 3773 4090 Videte

2190 4135 2362 4175 canes.
2391 4119 2509 4176 .lam
2531 4137 2637 4176 non
2665 4122 2836 4178 Judaei
2866 4133 2990 4178 sunt
3018 4125 3131 4178 ﬁlii.
3161 4124 3299 4180 Olim
3327 4125 3429 4180 isto
3455 4142 3644 4180 cauum
3677 4143 3776 4180 no-

2194 4211 2339 4266 mine
2364 4211 2561 4266 ethnici
2589 4214 2933 4280 vocabantur,
2958 4231 3099 4270 nunc
3123 4224 3300 4271 autem
3330 4218 3425 4272 illi.
3453 4218 3596 4278 Cur?
3625 4219 3773 4286 Quo-

2193 4303 2337 4357 niam
2359 4345 2373 4370 ,
2406 4305 2858 4374 quemadmodum
2885 4306 3085 4362 ethnici
3120 4316 3176 4362 et
3211 4323 3243 4363 a
3283 4309 3393 4364 Deo
3423 4317 3478 4364 et
3503 4325 3534 4364 a
3559 4309 3775 4365 Christo

2192 4395 2355 4450 alieni
2380 4406 2551 4462 erant,
2583 4397 2650 4450 ita
2675 4397 2845 4452 Judzei
2873 4413 3013 4453 nunc
3036 4413 3096 4454 se
3121 4399 3556 4455 abalienaverant
3581 4418 3594 4454 :
3615 4410 3776 4469 atque

2193 4485 2319 4541 hinc
2341 4486 2550 4540 illorum
2579 4487 2960 4556 impudentiam
2981 4497 3036 4543 et
3056 4488 3476 4558 improbitatem,
3500 4505 3777 4561 magnam-

2191 4594 2296 4650 que
2340 4593 2370 4632 a
2416 4578 2538 4632 ﬁliis
2579 4577 2991 4647 disiunctionem
3040 4593 3103 4633 ac
3149 4578 3428 4633 dissidium
3477 4579 3548 4635 ob
3591 4581 3777 4636 oculos

2193 4670 2362 4741 ponit.
2390 4670 2524 4725 Nam
2547 4671 2672 4724 olim
2699 4669 2912 4738 quidem
2939 4669 3183 4726 ethnicos
3209 4680 3426 4727 vocatos
3448 4686 3570 4727 esse
3592 4687 3775 4737 canes,

2191 4762 2314 4817 audi
2356 4763 2480 4832 qttid
2513 4762 2811 4816 Cltauantea
2837 4762 2980 4816 dicat
3011 4779 3025 4816 :
3058 4762 3228 4816 Etiam
3251 4803 3267 4830 ,
3295 4760 3512 4816 Domine
3537 4778 3556 4816 :
3583 4779 3700 4816 nam
3731 4773 3778 4816 et

2194 4854 2364 4907 catelli
2393 4853 2543 4906 edunt
2564 4853 2628 4907 de
2651 4853 2814 4920 micis,
2838 4869 2950 4923 qua'
2972 4853 3159 4908 cadunt
3184 4853 3247 4908 de
3266 4870 3438 4908 mensa
3459 4853 3780 4908 dominorum

2193 4960 2400 4999 suorum
2429 4943 2643 5015 (Matth.
2677 4945 2764 5000 l5.
2794 4943 2910 5014 27).
2939 4945 3204 4999 Caeterum
3224 4983 3241 5010 ,
3267 4952 3326 4998 ut
3355 4959 3528 5014 neque
3559 4945 3661 4998 hoc
3693 4945 3780 4998 isti

2195 5044 2584 5106 assequantur;
2615 5051 2736 5090 nam
2759 5051 2920 5092 canes
2941 5037 3155 5106 quidam
3181 5045 3326 5102 sunt,
3350 5038 3438 5106 qui
3464 5037 3603 5092 circa
3629 5052 3777 5091 men-

2197 5143 2312 5182 sam
2355 5137 2531 5194 stant;
2560 5129 2708 5183 addit
2739 5129 2886 5194 hzec,
2918 5131 3112 5199 quibus
3144 5130 3287 5200 ipsos
3313 5133 3530 5185 omnino
3556 5129 3735 5200 abigat
3763 5146 3778 5184 :

2208 5218 2384 5273 Videte
2407 5218 2568 5273 malos
2594 5224 2873 5290 operarios.
2901 5221 2978 5274 Ac
3001 5220 3226 5275 miriﬁce
3248 5220 3401 5287 dixit,
3432 5219 3604 5275 Videte
3621 5221 3782 5273 malos

2197 5311 2455 5380 aperurios
2477 5327 2496 5364 :
2522 5325 2643 5365 nam
2672 5321 2962 5379 operantur
2986 5311 3229 5378 quidem,
3253 5311 3440 5381 inquit,
3465 5314 3558 5366 sed
3585 5312 3782 5366 malam

2200 5403 2250 5457 in
2281 5414 2484 5472 partem
2508 5421 2522 5470 ;
2551 5419 2792 5472 opusque
2815 5404 2924 5458 otio
2953 5403 3106 5474 longe
3131 5403 3366 5458 deterius
3391 5412 3490 5468 cst,
3515 5404 3641 5458 dum
3664 5421 3783 5473 qtae

2201 5505 2344 5549 recte
2371 5507 2495 5549 sunt
2521 5497 2808 5550 constituta
2837 5495 3128 5564 disjiciuut.
3169 5493 3363 5562 Videte,
3395 5495 3588 5565 inquit,
3616 5496 3760 5549 conci

2198 5591 2409 5641 sionem.
2437 5586 2817 5643 llonorandum
2848 5588 3098 5659 quiddam
3127 5598 3243 5644 erat
3269 5588 3408 5658 apud
3440 5587 3655 5643 Judteos
3683 5588 3782 5642 cir-

2199 5678 2478 5744 cumcisio,
2497 5677 2926 5749 quandoquidem
2949 5687 3002 5734 et
3024 5680 3104 5734 lex
3127 5678 3175 5734 ei
3194 5678 3502 5744 decedebat,
3521 5686 3576 5733 et
3595 5677 3786 5732 sabba-

2200 5779 2307 5824 tum
2335 5769 2741 5827 circumcisionc
2771 5771 2926 5827 vilius
2952 5779 3084 5828 crat.
3122 5772 3332 5829 Etenim
3361 5782 3416 5827 ut
3445 5768 3791 5826 circumcisio
