4184 6498
377 405 485 462 355'

375 519 580 594 ὁμοίιος
631 518 916 589 αἱδέσιμός
963 517 1082 570 ἐστι
1129 514 1451 579 διδάσκαλος
1500 514 1817 586 λαμϐάνων,
1857 512 1974 568 ἀλλ’

376 615 585 678 ἐκεῖνος
611 611 850 684 μάλιστα
876 612 1106 681 τιμᾶται
1130 609 1158 661 6
1181 609 1258 680 μὴ
1283 607 1582 680 λαμϐάνων
1609 623 1624 639 ·
1655 607 1771 662 ἀλλ’
1806 609 1835 660 6
1867 623 1974 676 μα-

375 705 548 777 θητὴς
575 705 676 758 οὐκ
721 703 1035 772 ὠφελεῖται,
1070 697 1208 753 ἀλλά
1232 699 1326 752 τὸν
1375 698 1588 768 καρπὸν
1621 697 1970 766 ἐγκόπτεται.

387 797 552 868 Ὁρᾷς
571 796 670 867 τὴν
693 796 884 863 σοφίαν
905 792 1000 846 τοῦ
1026 791 1410 864 φιλανθρώπου
1431 790 1598 856 Θεοῦ;
1627 791 1840 862 Ὥσπερ
1865 789 1974 859 γὰρ

377 887 531 962 [:74]
562 886 727 951 αὐτὸς
759 887 882 957 οὐχὶ
921 885 1020 958 τὴν
1055 886 1195 940 ίδίαν
1241 887 1400 950 δόξαν
1442 886 1729 955 ἐζήτησεν,
1765 884 1886 937 οὐδὲ
1912 884 1973 937 16

375 978 575 1033 ἑαυτοῦ
599 979 929 1050 ἐσκόπησεν,
957 977 1096 1030 ἀλλά
1123 980 1182 1031 ἐν
1210 977 1336 1049 δόξῃ
1362 975 1437 1030 ὢν
1461 976 1637 1030 είλετο
1660 975 1970 1048 ἀτιμασθῆ-

373 1088 462 1127 ναι
488 1070 580 1125 διά
610 1071 694 1136 σέ,
722 1069 867 1124 οὔτω
897 1071 994 1124 καὶ
1018 1070 1112 1122 ἐπὶ
1135 1069 1245 1122 τῶν
1275 1067 1641 1122 διδασκάλωνο
1672 1067 1973 1138 δυνάμενος

375 1165 574 1227 αὐτοὺς
604 1162 835 1234 ποιῆσαι
867 1161 1204 1233 αἰδεσίμους,
1238 1161 1410 1214 είλετο
1453 1158 1594 1214 εἶναι
1625 1160 1971 1231 εὐκαταφρο-

373 1258 569 1330 νήτους
595 1255 683 1310 διά
720 1257 798 1320 σέ,
834 1255 922 1309 ῖνα
955 1257 1020 1309 σὺ
1069 1256 1198 1326 ἔχῃς
1239 1254 1573 1326 κερδαίνειν,
1615 1253 1704 1306 ἵνα
1741 1253 1806 1305 σὺ
1842 1251 1973 1321 ἔχῃς

373 1350 647 1404 πλουτεῖν.
682 1349 801 1401 Ἵνα
830 1350 941 1420 γάρ
976 1348 1041 1400 σὺ
1067 1349 1310 1421 εὐπορῇς
1339 1349 1397 1401 ἐν
1422 1349 1535 1411 τοῖς
1558 1345 1968 1416 πνευματικοῖς,

372 1441 463 1495 διά
491 1439 652 1494 τοῦτο
691 1442 901 1504 ἐκεῖνος
929 1441 1130 1511 ἀπορεῖ
1152 1442 1210 1493 ἐν
1245 1443 1358 1503 τοῖς
1381 1439 1679 1510 βιωτικοῖς.
1718 1438 1842 1491 Ὅτι
1862 1436 1973 1490 τοί-

373 1549 470 1586 νυν
501 1532 728 1586 ἐδύνατο
784 1531 1018 1600 ποιῆσαι
1072 1533 1273 1596 αὐτοὺς
1318 1532 1608 1598 ἀνενδεεῖς,
1666 1529 1837 1597 ἔδειξε
1883 1528 1972 1583 διά

374 1623 622 1676 πολλῶν·
684 1625 767 1677 ὅτι
820 1623 877 1676 δέ
915 1622 1005 1677 6:3:
1059 1623 1119 1680 σὲ
1177 1623 1406 1694 ἀφίησιν
1457 1624 1655 1688 αὐτοὺς
1703 1623 1762 1678 ἐν
1793 1622 1973 1692 ἐνδείᾳ

374 1714 540 1782 εἶναι,
567 1716 661 1769 καὶ
685 1714 844 1769 τοῦτο
872 1715 1150 1769 δείκνυται
1175 1715 1399 1787 ὁμοίιος.
1422 1716 1610 1771 Ταῦτα
1628 1713 1723 1770 οῦν
1743 1715 1969 1780 εἰδότες,

378 1806 456 1879 μὴ
485 1807 622 1878 πρὸς
649 1808 1012 1879 κατηγορίας,
1041 1807 1180 1862 ἀλλά
1205 1809 1345 1880 πρὸς
1359 1808 1612 1872 εὐποιίας
1633 1807 1936 1880 τραπῶμεν
1955 1824 1970 1838 ·

378 1898 455 1970 μὴ
479 1898 547 1952 τά
581 1897 785 1970 ἐτέρων
815 1899 963 1953 κακά
993 1899 1499 1972 περιεργαξώμεθα
1524 1941 1539 1966 ,
1569 1899 1708 1954 άλλά
1740 1897 1976 1984 1639.6-

374 2005 514 2060 τερα
539 1988 720 2042 αὐτῶν
736 1988 1189 2061 ἀναλογιζώμεθα
1208 2009 1222 2021 ’
1257 1992 1327 2046 τά
1343 1993 1545 2064 ἐτέρων
1567 1990 1973 2061 κατορθώματα

379 2080 676 2152 ἐννοῶμεν,
706 2079 773 2134 τά
796 2081 852 2134 δέ
882 2082 1123 2154 ἡμέτερα
1154 2085 1533 2156 ἁμαρτήματα
1566 2082 1974 2153 άναλογιζώμε-

379 2171 450 2229 θα
471 2191 484 2204 ·
516 2173 609 2226 καὶ
646 2171 820 2236 οὕτως
850 2174 1296 2248 εὐαρεστήσομεν
1341 2175 1419 2247 τῷ
1452 2176 1592 2248 Θεῷ.
1641 2175 1699 2229 '0
1733 2175 1832 2245 μὲν
1865 2178 1974 2248 γάρ

1314 399 1380 455 IN
1422 398 1645 457 EPIST.
1688 398 1780 452 AD
1815 396 2106 452 PHILIPP.
2145 398 2304 453 CAP.
2345 398 2436 454 Ill.
2474 400 2714 459 llUMlL.
2760 403 2825 459 Χ.

3571 413 3680 469 23,6

2082 510 2151 565 τά
2178 513 2386 585 ἐτέρων
2419 519 2797 591 ἁμαρτήματα
2845 519 2988 591 ὁρῶν
3011 561 3026 584 ,
3070 522 3164 575 καὶ
3194 521 3262 575 τά
3289 522 3457 577 αὐτοῦ
3489 543 3683 597 κατορ-

2079 601 2334 672 θώματα,
2380 606 2541 678 διπλῇ
2575 609 2914 680 βλάπτεται·
2952 613 3061 665 ἀπό
3107 630 3166 666 τε
3219 614 3330 685 γάρ
3368 614 3574 670 τούτων
3600 619 3682 680 είς

2079 692 2339 748 ἀπόνοιαν
2366 698 2600 768 αἴρεται,
2631 700 2740 753 ἀπό
2763 718 2822 754 τε
2849 703 3074 757 ἐκείνων
3099 705 3180 768 είς
3209 705 3484 777 ρᾳθυμίαν
3510 707 3679 778 ἐμπί-

2080 803 2228 840 πτει.
2267 788 2440 842 Ὅταν
2473 791 2582 862 γάρ
2609 793 2860 866 ἐννοήσῃ,
2892 796 2973 848 δτι
2998 798 3026 848 6
3055 796 3205 850 δεῖνα
3227 799 3499 870 ἥμαρτεν,
3530 800 3684 854 εὐκόο

2077 876 2186 940 λως
2211 879 2525 950 ἁμαρτήσει
2564 883 2656 934 καὶ
2699 883 2862 946 αὐτός
2883 901 2897 915 ·
2928 886 3058 938 ὅταν
3090 888 3340 960 ἐννοήσῃ,
3391 891 3472 942 ὅτι
3515 890 3682 954 αὐτὸς

2077 968 2463 1041 κατώρθωσεν,
2493 973 2731 1036 εὐκόλως
2758 975 3092 1030 ἀπονοεῖται.
3137 978 3195 1032 Ὀ
3216 978 3272 1031 δὲ
3297 981 3365 1033 τά
3390 981 3491 1050 μὲν
3511 983 3678 1035 αὐτοῦ

2076 1061 2485 1134 κατορθώματα
2517 1063 2656 1135 λήθῃ
2689 1065 3017 1136 παραδιδοὺς
3040 1107 3054 1132 ,
3094 1069 3164 1122 τά
3203 1070 3261 1123 δέ
3301 1073 3678 1145 ἁμαρτήματα

2077 1154 2294 1226 βλέπων
2321 1156 2478 1226 μόνα.
2511 1157 2604 1209 καὶ
2626 1157 2695 1210 τά
2715 1159 2921 1230 ἐτέρων
2945 1161 3322 1232 ἁμαρτήματα
3354 1165 3428 1236 μὴ
3452 1183 3680 1240 περιερ-
3702 1173 3704 1176 ’

2074 1247 2402 1318 γαζόμενος,
2450 1249 2588 1303 ἀλλά
2629 1249 2700 1303 τά
2735 1250 3166 1324 κατορθώματα,
3207 1253 3379 1308 πολλά
3407 1257 3677 1328 κερδανεῖ.

2077 1341 2223 1408 Πῶς,
2254 1341 2441 1396 ἄκουε·
2475 1343 2647 1396 Ὅταν
2680 1344 2786 1419 ῐδῃ,
2814 1345 2896 1398 δτι
2922 1347 2952 1400 6
2976 1345 3126 1399 δεῖνα
3159 1346 3517 1420 κατώρθωσε,
3543 1350 3706 1421 πρὸς

2074 1430 2165 1484 τὸν
2196 1431 2309 1485 ἴσον
2335 1432 2550 1504 αἴρεται
2587 1433 2753 1506 ζῆλον
2773 1455 2786 1468 ·
2820 1437 2952 1490 ὅταν
2994 1437 3100 1510 ἴδῃ,
3136 1438 3218 1492 ὅτι
3248 1439 3412 1502 αὐτὸς
3436 1441 3678 1511 ἥμαρτε,

2073 1526 2568 1598 ταπεινοφρονήσει
2611 1527 2705 1580 καὶ
2740 1529 3048 1600 μετριάσει.
3085 1529 3184 1583 "Av
3215 1528 3361 1582 οὕτω
3411 1529 3677 1601 ποιῶμεν,

2075 1617 2169 1671 καὶ
2199 1616 2345 1671 οὕτω
2377 1617 2447 1672 τά
2481 1619 2605 1673 καθ’
2634 1620 2862 1684 ἐαυτοὺς
2886 1621 3269 1692 οίκονομιῖδμεν
3289 1661 3305 1688 ,
3334 1621 3680 1694 δυνησόμεθα

2072 1711 2184 1764 τῶν
2203 1710 2634 1784 ἐπηγγελμένων
2660 1715 2848 1784 τυχεῖν
2872 1713 3094 1783 ἀγαθῶν
3118 1757 3132 1780 ,
3158 1716 3342 1787 χάριτι
3370 1716 3467 1769 καὶ
3489 1716 3682 1786 φιλαν-

2070 1801 2292 1876 θρωπίςι⁵
2332 1803 2430 1858 τοῦ
2477 1807 2686 1877 Κυρίου
2730 1806 2888 1878 ήμῶν
2932 1806 3108 1878 Ἰησοῦ
3165 1807 3424 1880 Χριστοῦ,
3467 1808 3587 1879 μεθ’
3615 1800 3678 1860 οὐ

2067 1895 2148 1966 τῷ
2197 1895 2377 1966 Πατρὶ
2427 1896 2546 1969 ἅμα
2603 1897 2683 1969 τῷ
2732 1899 2878 1971 ἀγίῳ
2917 1900 3196 1970 Πνεύματι
3249 1899 3397 1967 δόξα,
3451 1899 3677 1971 κράτος.

2069 1985 2228 2058 τιμὴ,
2262 1985 2357 2042 νῦν
2388 1990 2483 2044 καὶ
2516 1990 2625 2058 ἀεὶ,
2666 1992 2758 2046 καὶ
2781 1993 2863 2057 εἰς
2897 1992 3028 2058 τοῦς
3060 1992 3266 2056 αίῶνας
3303 1991 3413 2045 τῶν
3440 1990 3677 2047 αἰώνων.

2086 2081 2280 2153 Ἀμήν.

645 2782 706 2814 ,ρ
771 2747 792 2801 .·
828 2732 868 2742 ”
1879 2748 2126 2807 omnm
2168 2751 2225 2806 ι’.

379 2924 450 2977 τὸ
490 2921 734 2996 λοιπὸν,
770 2923 1027 2995 ἀδελφοί
1074 2944 1218 2996 μου,
1265 2925 1502 2996 χαίρετε
1533 2925 1605 2980 ἐν
1633 2928 1860 2994 Κυρίῳ’
1898 2926 1972 2980 τὰ

443 2993 599 3066 αὐτά
629 2993 877 3066 τράφειν
903 2993 1088 3065 ὖιιῒν,’
1105 2997 1234 3066 ἐμοὶ
1253 2993 1377 3066 έίὲφί
1393 3001 1504 3051 οὐκ
1531 2993 1812 3064 ὀκνηρὸν.
1833 2997 1976 3066 ὑμῖν

445 3063 515 3117 δὲ
567 3063 868 3133 ἀσφααές.
901 3063 1168 3121 Βλέπετε
1216 3063 1362 3132 τοὺς
1429 3063 1975 3133 κύναςζβλέπετε

446 3135 841 3207 φὺς-κακοὺς
873 3137 1150 3205 ἐργάτας,
1181 3137 1446 3202 βλέπετε
1471 3139 1587 3206 τὴν
1606 3138 1968 3207 κατατομήν.

456 3199 650 3277 Ἡμεῖς
680 3206 793 3274 γάρ
817 3199 1040 3276 Ἄονιλεν
1182 3199 1504 3276 περιτομὴ,
1531 3199 1542 3206 ’
1561 3211 1614 3262 οἱ
1680 3199 1976 3277 πνεύματι

448 3274 571 3348 Θεῷ
617 3274 1018 3348 λατρεύοντες
1043 3317 1059 3339 ,
1098 3274 1197 3331 καὶ
1231 3274 1604 3347 καυχώμενοι
1642 3278 1713 3331 ἐν
1744 3274 1977 3348 Χρὲρτῷ

458 3345 675 3414 Ἰησοῦ,
705 3347 806 3402 καὶ
827 3349 939 3402 οὐκ
977 3349 1044 3401 ἐν
1068 3348 1247 3417 σαρκὶ
1280 3345 1656 3416 πεποιθότες.

447 3477 834 3548 α’.Αἱάθυμίαι
848 3478 943 3532 καὶ
963 3478 1019 3532 αἱ
1041 3478 1345 3550 φροντίδες,
1359 3480 1488 3532 ὅταν
1503 3476 1750 3550 πέρατοῦ
1776 3477 1974 3549 μέτρου

376 3569 478 3641 τὴν
507 3569 688 3640 ψυχὴν
737 3569 1118 3629 κατατείνωσι,
1147 3569 1246 3641 τῆς
1296 3571 1504 3632 οἰκείας
1555 3569 1723 3640 αὐτὴν
1749 3571 1978 3622 ἀποστε-

382 3660 572 3733 ροῦσιν
625 3661 829 3732 ἰσχύος.
862 3661 962 3715 Διά
998 3660 1156 3714 τοῦτο
1203 3663 1298 3716 καὶ
1331 3663 1358 3714 6
1394 3661 1607 3725 Παῦλος
1636 3661 1761 3724 τοὺς
1788 3661 1979 3713 Φιλιπ-

382 3752 618 3824 πησίους
652 3755 709 3806 ἐν
739 3752 909 3824 πολλῇ
938 3753 1099 3816 ὄντας
1135 3753 1345 3824 ἀθυμίᾳ
1377 3752 1680 3824 ἀνίστησιν.
1712 3749 1894 3805 Ἶὶσαν
1923 3753 1978 3806 δέ

379 3845 442 3897 ὲν
473 3843 683 3914 ἀθυμία
709 3845 798 3897 διὰ
821 3844 884 3898 16
911 3845 987 3916 μὴ
1015 3845 1308 3914 γινώσκειν
1335 3844 1452 3908 πῶς
1477 3844 1547 3897 τά
1579 3845 1718 3897 κατά
1743 3844 1974 3900 Παῦλον*
2003 3866 2012 3874 ·

379 3929 523 4005 ἦσαν
549 3935 609 3986 ἐν
641 3933 854 4006 ἀθυμίᾳ
891 3935 993 3988 -διά
1025 3935 1087 3987 16
1127 3936 1372 4006 νομίζειν
1406 3935 1568 3988 αὐτὸν
1600 3935 1702 4005 ἠδη
1731 3936 1978 3988 τετελευ-

379 4025 607 4096 τηκέναι
631 4065 647 4089 ,
677 4025 768 4079 διά
807 4027 868 4081 16
907 4029 1194 4099 κήρυγμα,
1227 4027 1316 4081 διὰ
1350 4027 1763 4099 Ἐπαφρόδιτον.
1807 4027 1980 4099 ’Υπὲρ

379 4116 447 4188 δὴ
471 4116 678 4170 τούτων
711 4118 969 4172 ἁπάντων
1003 4119 1370 4190 πληροφορῶν
1397 4119 1595 4182 αὐτοὺς
1624 4118 1821 4186 ἐπάγει
1847 4136 1861 4149 ·
1907 4118 1979 4172 Τὸ

382 4207 536 4280 [275]
567 4209 801 4271 λοιπὸν,
839 4209 1096 4280 ἀδελφοί
1138 4228 1280 4277 μου,
1315 4211 1570 4279 χαίρετε.
1608 4211 1724 4264 Οὐκ
1787 4209 1976 4280 ἔχετε,

379 4301 538 4371 φησὶ,
570 4300 755 4354 λοιπὸν
780 4301 1018 4370 ἀθυμίας
1053 4301 1340 4354 ὑπόθεσιν·
1373 4300 1526 4372 ἔχετε
1564 4302 1981 4373 Ἐπαφρόδιτον,

377 4391 446 4444 δι’
483 4389 541 4442 ὃν
573 4391 822 4459 ὴλγεῖτε’
859 4390 1014 4460 ἐχετε
1061 4389 1348 4460 Τιμόθεον,
1403 4389 1635 4462 ἔρχομαι
1691 4386 1868 4458 καγὼ,
1915 4387 1980 4441 16

380 4481 726 4551 Εὐαγγέλιον
760 4482 1066 4537 ἐπιδίδωσι.
1098 4482 1163 4535 Τί
1201 4482 1332 4552 ὐμῖν
1372 4481 1550 4535 λείπει
1588 4481 1812 4548 λοιπόν;
1845 4481 1982 4534 Χαί-

369 4591 533 4644 ρετε.
563 4573 810 4636 Γαλάτας
839 4573 941 4642 μὲν
973 4569 1066 4628 οὖν
1098 4574 1266 4629 τέκνα
1297 4575 1473 4637 καλεῖ,
1502 4573 1727 4636 τούτους
1748 4573 1803 4626 δέ
1820 4571 1978 4626 ἀδελ-

379 4667 540 4736 φούς.
573 4665 751 4719 Ὅταν
802 4665 901 4736 μὲν
941 4665 1051 4737 γὰρ
1090 4666 1123 4736 ἢ
1173 4666 1520 4738 διορθοῦσθαί
1551 4683 1603 4718 τι
1635 4665 1915 4736 βούληται,
1944 4663 1978 4735 ἢ

380 4757 768 4830 φιλοστοργίαν
801 4757 1162 4823 ἐνδείξασθαι,
1192 4757 1361 4810 τέκνα
1393 4757 1550 4810 καλεῖ
1577 4773 1589 4784 ·
1616 4757 1747 4809 ὅταν
1765 4756 1822 4809 δέ
1841 4754 1981 4827 μετά

381 4847 634 4910 πλείονος
679 4850 848 4918 τιμῆς
898 4847 1242 4917 διαλέγηται,
1287 4846 1570 4916 ἀδελφούς.
1616 4846 1687 4901 Τὸ
1735 4850 1978 4910 λοιπὸν,

378 4939 638 5008 ἀδελφοί
665 4957 810 5009 μου,
845 4938 1022 5008 φησι,
1055 4939 1294 5008 χαίρετε
1323 4937 1394 4990 ἐν
1421 4939 1640 5006 Κυρίῳ.
1670 4937 1865 5001 Καλῶς
1898 4932 1978 4989 εἷ-

381 5049 506 5094 πεν,
551 5033 655 5084 Ἐν
684 5029 902 5098 Κυρίῳ,
939 5031 999 5083 οὐ
1030 5030 1171 5083 κατά
1200 5029 1292 5082 16v
1324 5028 1530 5098 κόσμον
1553 5045 1564 5058 ·
1591 5028 1692 5082 οὐκ
1726 5029 1842 5082 ἐστι
1871 5030 1980 5101 γὰρ

378 5121 620 5193 χαρῆναι
673 5121 855 5175 τοῦτο.
899 5122 966 5173 At
1016 5121 1228 5191 θλίψεις
1261 5114 1448 5184 αῦται,
1507 5120 1692 5190 φησὶν,
1745 5121 1800 5173 αἱ
1837 5124 1980 5175 κατὰ

379 5213 641 5283 Χριστὸν,
697 5212 882 5282 έχουσι
915 5213 1111 5283 χαράν.
1158 5210 1238 5265 Τὰ
1291 5212 1446 5265 αὐτὰ
1508 5210 1759 5279 τράφειν
1801 5211 1978 5278 ὑμῖν,

377 5301 511 5371 ἐμοὶ
531 5301 651 5371 μὲν
680 5304 792 5356 οὐκ
815 5301 1098 5370 ὀκνηρὸν,
1125 5301 1269 5371 ὑμῖν
1286 5301 1354 5355 δὲ
1376 5302 1676 5370 ἀσφαλές.
1715 5305 1774 5355 Β.
1786 5302 1981 5356 ιέπετε

379 5391 524 5456 τοὺς
565 5392 776 5457 κύνας.
820 5392 986 5463 Ὁρᾷς
1027 5391 1144 5454 πῶς
1187 5391 1288 5445 οὐκ
1317 5392 1378 5444 ἐν
1421 5391 1565 5462 ἀρχῇ
1594 5391 1694 5460 τὴν
1721 5391 1984 5462 παραίνε-

381 5493 468 5530 σιν
499 5477 732 5546 εἰσάγει,
763 5477 880 5532 ἀλλ’
907 5479 998 5532 ὅτε
1058 5479 1262 5542 αὐτοὺς
1327 5479 1501 5533 πολλά
1553 5479 1840 5551 ἐπῄνεσεν,
1889 5482 1980 5535 ὅτε

379 5568 704 5639 ἐθαύμασε,
756 5569 880 5624 τότε
937 5569 1098 5625 τοῦτο
1157 5575 1324 5639 ποιεῖ,
1367 5572 1462 5626 καὶ
1525 5572 1688 5627 πάλιν
1741 5575 1979 5628 ἐπαινεῖ.

379 5661 544 5714 Δοκεῖ
599 5660 708 5732 γὰρ
762 5655 918 5728 οὗτος
962 5663 1369 5735 φορτικώτερος
1411 5659 1553 5718 εἶναι
1581 5665 1609 5718 6
1631 5664 1789 5733 λόγος
1812 5682 1824 5694 ·
1857 5665 1982 5721 ὃθεν

379 5750 546 5804 αὐτὸν
601 5754 863 5808 πάντοθεν
895 5757 1200 5820 συσκιάζει.
1239 5756 1405 5820 Τίνας
1463 5757 1519 5810 δέ
1586 5775 1719 5828 φησι
1768 5759 1979 5824 κύνας;

393 5837 660 5898 ἐνταῦθα
684 5840 824 5914 ἦσάν
853 5863 1018 5912 τινες,
1052 5846 1144 5910 οῦς
1182 5849 1238 5900 ἐν
1272 5846 1474 5912 πάσαις
1507 5850 1627 5912 ταῖς
1667 5851 1982 5912 ἐπιστολαῖς

2081 2922 2398 2987 αίνίττεται,
2438 2921 2685 2975 Ἰουδαῖοι
2731 2919 2926 2993 μιαροὶ
2988 2920 3081 2974 καὶ
3137 2921 3527 2988 κατάπτυστοι,
3557 2921 3680 2976 αίσο

2079 3013 2396 3085 χροκερδεῖς
2429 3013 2523 3067 καὶ
2565 3014 2839 3084 φίλαρχοι,
2867 3013 2918 3065 οῖ
2954 3011 3271 3083 βουλόμενοι
3315 3013 3424 3068 τῶν
3468 3015 3678 3069 πιστῶν

2082 3102 2315 3165 πολλοὺς
2375 3103 2762 3172 παρασπάσαι,
2802 3103 3104 3173 ἐκήρυττον
3156 3102 3369 3157 καὶτὸν
3410 3105 3677 3175 Χριστια-

2079 3197 2293 3268 νισμδν,
2315 3197 2520 3251 καὶτὸν
2550 3197 2904 3268 Ἰουδαϊσμδν,
2925 3199 3397 3271 παραφθείροντες
3419 3201 3479 3254 16
3503 3203 3680 3272 Εὐαγο

2080 3290 2282 3359 γέλιον.
2323 3290 2478 3343 Ἐπεὶ
2540 3285 2633 3343 οῦν
2677 3286 2818 3360 ἦσαν
2868 3290 3327 3362 δυσδιάγνωστοι,
3379 3293 3466 3348 διὰ
3519 3295 3679 3348 τοῦτό

2080 3397 2236 3448 φησί’
2273 3379 2537 3435 Βλέπετε
2561 3379 2706 3446 τοὺς
2733 3381 2942 3446 κύνας.
2969 3381 3168 3435 Οὐκέτι
3201 3383 3368 3437 τέκνα
3411 3385 3673 3439 Ἰουδαῖοι.

2085 3471 2224 3524 Ποτέ
2246 3473 2296 3524 οἱ
2327 3472 2533 3525 ἐθνικοὶ
2563 3472 2724 3524 τοῦτο
2758 3471 3072 3537 ἐκαλοῦντο,
3106 3473 3202 3526 νῦν
3242 3474 3299 3526 δέ
3327 3475 3546 3542 ἐκεῖνοι.
3577 3477 3677 3529 Διά

2081 3563 2134 3618 τί
2165 3560 2179 3630 ξ
2214 3564 2336 3616 ’Ὁτι
2363 3561 2554 3634 ὥσπερ
2579 3564 2628 3616 οί
2656 3563 2860 3616 ἐθνικοὶ
2879 3564 2971 3616 καὶ
2991 3563 3085 3616 τοῦ
3116 3563 3251 3617 Θεοῦ
3278 3565 3370 3618 καὶ
3416 3565 3511 3618 τοῦ
3535 3568 3674 3637 Χρι-

2083 3657 2211 3710 στοῦ
2257 3656 2530 3726 ἀλλότριοι
2566 3651 2729 3728 ἦσαν,
2763 3659 2904 3710 οῦτω
2935 3658 3030 3710 καὶ
3077 3651 3224 3711 οὗτοι
3264 3653 3523 3726 γεγόνασι
3556 3659 3674 3726 νῦν,

2081 3751 2177 3804 καὶ
2221 3747 2283 3801 16
2337 3747 2555 3811 ἀναιδὲς
2590 3746 2771 3801 αὐτῶν
2795 3748 2890 3801 καὶ
2922 3748 2983 3801 16
3029 3750 3220 3820 ἰταμὸν
3254 3749 3504 3803 ἐντεῦθεν
3532 3767 3676 3821 παρ-

2085 3840 2266 3910 ίστησι
2294 3881 2309 3905 ,
2343 3840 2439 3893 καὶ
2471 3839 2570 3911 τὴν
2603 3839 2804 3911 πολλὴν
2856 3840 2993 3911 πρὸς
3023 3841 3192 3896 τέκνα
3223 3841 3526 3898 διάστασιν.
3553 3844 3677 3898 Ὅτι

2080 3932 2191 4002 γάρ
2240 3932 2290 3984 οἱ
2348 3931 2551 3985 ἐθνικοί
2595 3948 2724 3986 ποτε
2775 3931 2936 3996 κύνες
2978 3931 3294 3998 ἐκαλοῦντο,
3319 3935 3552 3989 ἄκουσον
3580 3936 3681 4006 τῆς

2084 4021 2424 4086 Χαναναίας,
2462 4020 2517 4074 τί
2569 4035 2749 4092 φησι’
2809 4021 2942 4086 Ναὶ,
3004 4023 3183 4091 Κύριε
3214 4039 3229 4052 ⁶
3280 4024 3382 4077 καὶ
3444 4023 3555 4093 γὰρ
3606 4024 3682 4078 τὰ

2083 4113 2342 4181 κυνάρια
2395 4113 2584 4167 ἐσθίει
2639 4112 2760 4167 ἀπὸ
2788 4112 2906 4167 τῶν
2938 4115 3161 4184 ψιχίων
3191 4114 3312 4168 τῶν
3340 4118 3682 4172 πιπτόντων

2083 4203 2202 4258 ἀπὸ
2230 4203 2340 4273 τῆς
2373 4203 2661 4273 τραπέζης
2683 4203 2801 4258 τῶν
2825 4206 3049 4274 κυρίων
3075 4205 3295 4262 αὐτῶν.
3325 4208 3441 4261 Ἵνα
3463 4209 3521 4262 δὲ
3542 4210 3679 4281 μηδὲ

2082 4293 2243 4348 τοῦτο
2272 4294 2493 4367 ἔχωσιν,
2522 4296 2712 4366 ἐπειδὴ
2745 4299 2841 4350 καὶ
2881 4297 3042 4362 κύνες
3078 4299 3218 4353 είσὶν
3257 4302 3640 4372 ἐπιτραπέζιοι
3661 4344 3678 4370 ,

2083 4384 2307 4452 ἐπάγει,
2343 4385 2470 4439 ὅθεν
2501 4387 2703 4452 αὐτοὺς
2730 4389 2824 4441 καὶ
2859 4389 3154 4460 ἁλλοτριοῖ,
3181 4391 3378 4460 λέγων,
3414 4392 3680 4448 Βλέπετε

2083 4476 2226 4542 τοὺς
2275 4477 2508 4543 κακοὺς
2554 4478 2832 4549 ἐργάτας.
2867 4481 2977 4534 Καὶ
3010 4481 3341 4553 θαυμαστῶς
3375 4480 3517 4550 εἷπε,
3541 4485 3682 4541 Βλέ-

2084 4583 2227 4622 πετε
2268 4568 2412 4635 τοὺς
2451 4570 2680 4637 κακοὺς
2712 4571 2967 4641 ἐργάτας
3005 4591 3020 4605 ο
3055 4575 3381 4647 ἐργάζονται
3415 4577 3515 4648 μὲν
3548 4577 3679 4649 γάρ,

2085 4663 2275 4733 φησὶν,
2307 4662 2425 4716 ἀλλ’
2481 4663 2572 4716 ἐπὶ
2633 4664 2814 4734 κακῷ,
2859 4665 2954 4718 καὶ
2999 4667 3199 4738 ἀργίας
3253 4669 3432 4739 πολλῷ
3499 4671 3682 4740 χεῖρον

2083 4751 2267 4824 ἔργον,
2322 4753 2678 4818 ἀνασπῶντες
2727 4754 2796 4807 τά
2843 4755 3025 4819 καλῶς
3080 4758 3329 4828 κείμενα.
3392 4758 3679 4823 Βλέπετε,

2085 4843 2258 4914 φησὶ,
2290 4845 2408 4912 τὴν
2445 4845 2816 4914 κατατομήν.
2863 4847 3071 4915 Σεμνὸν
3112 4843 3181 4918 ἦν
3210 4848 3363 4920 παρᾶ
3405 4849 3681 4914 Ἰουδαίοις

2082 4936 2144 4989 16
2181 4937 2280 5007 τῆς
2339 4939 2666 5009 περιτομῆς,
2691 4939 2827 4991 ὅπου
2869 4956 2932 5007 γε
2962 4938 3054 4992 καὶ
3079 4943 3107 4993 6
3142 4941 3306 5011 νόμος
3342 4943 3478 5012 αὐτῇ
3511 4943 3679 5008 ὑπεξ-

2088 5028 2300 5094 ίστατο,
2318 5031 2414 5082 καὶ
2453 5030 2515 5084 16
2540 5029 2811 5084 σάϐϐατον
2837 5026 2904 5102 ἦν
2927 5032 3308 5102 εὐτελέστερον
3334 5033 3524 5102 αὐτῆς.
3560 5035 3682 5089 Ἵνα

2090 5122 2190 5192 μὲν
2243 5122 2353 5192 γὰρ
2397 5122 2672 5194 περιτομὴ
2726 5125 2992 5191 γένηται,
3036 5123 3222 5178 ἐλύετο
3253 5125 3522 5179 σάϐϐατον
3556 5126 3683 5180 ’ἵνα

2083 5212 2142 5265 δέ
2185 5211 2459 5265 σάϐϐατον
2489 5211 2773 5283 φυλαχθῇ,
2805 5212 3060 5265 οὐδέποτε
3091 5215 3278 5267 ἐλύετο
3307 5217 3338 5286 ἡ
3387 5218 3679 5288 περιτομή.

2085 5305 2194 5357 Καὶ
2225 5304 2323 5357 θέα
2374 5320 2464 5374 μοι
2519 5303 2618 5374 τὴν
2655 5303 2750 5356 τοῦ
2795 5303 2932 5356 Θεοῦ
2975 5305 3292 5376 οἰκονομίαν
3313 5322 3325 5336 ·
3358 5305 3498 5377 αῦτη
3523 5309 3557 5378 ἡ
3590 5306 3682 5359 τοῦ

2086 5393 2359 5448 σαϐϐάτου
2404 5393 2809 5464 αἱδεσιμωτέρα
2835 5433 2848 5458 ,
2882 5393 3199 5463 εὑρίσκεται
3229 5393 3286 5448 ἐν
3326 5411 3438 5447 τισι
3472 5395 3685 5466 χρόνοις

2087 5483 2214 5556 [μὴ]
2247 5484 2702 5557 παραλειφθείσα.
2740 5484 2911 5538 Ὅταν
2941 5482 3035 5538 οῦν
3062 5485 3208 5554 αὐτὴ
3239 5483 3468 5555 λύηται,
3503 5484 3686 5557 πολλῷ

2093 5575 2298 5646 μᾶλλον
2348 5575 2410 5628 16
2449 5574 2740 5630 σάϐϐατον.
2785 5577 2883 5629 Διά
2934 5574 3094 5628 τοῦτο
3154 5575 3216 5628 16
3243 5574 3414 5647 ὄνομα
3463 5575 3687 5648 αὐτῆςό

2090 5667 2306 5732 Παῦλος
2338 5669 2698 5739 κατατέμνει,
2728 5669 2823 5723 καί
2854 5686 2986 5740 φησι
3009 5686 3022 5698 ·
3055 5671 3319 5723 Βλέπετε
3350 5669 3466 5738 τὴν
3503 5686 3686 5725 κατα-

2092 5759 2302 5830 τομήν.
2337 5759 2450 5813 Καὶ
2481 5761 2580 5812 οὐκ
2622 5755 2802 5824 εἶπεν,
2839 5761 2919 5813 ὅτι
2960 5761 3127 5814 κακὸν
3176 5762 3209 5831 ἡ
3254 5761 3547 5834 περιτομὴ,
3586 5779 3685 5816 πε-

2097 5854 2277 5923 ριττὸν
2305 5854 2336 5923 ἡ
2374 5853 2672 5924 περιτομὴ,
2703 5855 2787 5909 ἵνα
2823 5854 2896 5924 μὴ
2930 5853 3106 5926 πλήξῃ
3136 5855 3258 5916 τοὺς
3295 5853 3515 5927 ἄνδρας,
3547 5854 3682 5908 άλλά
