4184 6486
508 376 611 434 257

437 552 452 574 κ
517 488 826 560 σοφώτερον
872 486 1005 540 αὐτὸ
1050 483 1205 557 [276]
1237 483 1528 553 οἰκονομεῖ,
1568 480 1664 534 τοῦ
1698 480 1796 551 μὲν
1835 475 2097 548 πράγμασ-

511 597 607 644 τος
639 576 1004 648 ἀπάγων,τῷ
1031 577 1088 629 δὲ
1125 577 1334 646 ῥήματι
1371 572 1728 644 χαριζόμενος
1755 610 1770 634 ,
1804 570 2004 641 μᾶλλον
2039 569 2098 622 δέ

513 670 615 725 καὶ
639 669 717 738 τῷ
740 668 1027 740 πράγματι
1054 666 1490 736 σπουδαιότερον.
1511 663 1650 716 Ἀλλ’
1681 664 1783 716 οὐκ
1801 663 1894 715 ἐπὶ⁸
1919 661 2096 715 Γαλαι-

512 760 627 816 τῶν
657 760 851 823 οὕτως.
885 757 1104 829 Ἐπειδὴ
1128 758 1238 828 γὰρ
1272 756 1442 827 πολλὴ
1479 756 1632 818 νόσος
1654 751 1722 825 ἦν
1754 755 1893 817 ἐκεῖ,
1914 755 2095 824 γυμνῇ

514 855 582 923 τῇ
605 850 817 921 κεφαλῇ
838 848 1025 903 λοιπὸν
1059 848 1200 918 μετά
1231 846 1433 916 πολλῆς
1461 846 1561 915 τῆς
1591 845 1881 907 αὐθεντίας
1902 845 2098 911 ἐπάγει

517 943 622 1013 τὴν
678 941 853 1011 τομήν
887 953 903 969 ⁶
928 937 1169 992 ἐνταῦθα
1197 937 1255 990 δὲ
1275 976 1290 1001 ,
1323 935 1509 1007 ἐπειδὴ
1543 936 1695 989 οὐδὲν
1721 933 1961 989 τοιοῦτον
1985 937 2099 1006 είρ-

515 1032 774 1102 γάσαντο,
807 1030 992 1095 αὐτοῖς
1018 1030 1306 1101 χαρίζεται
1335 1028 1434 1100 τὴν
1461 1028 1570 1081 ἀπὸ
1599 1031 1702 1101 τῆς
1723 1028 2099 1101 προσηγορίας

516 1124 711 1195 ἡδονήν
735 1141 751 1155 ο
784 1123 1075 1185 κάκείνους
1102 1120 1377 1185 ἐκϐάλλει,
1412 1120 1507 1174 καὶ
1543 1120 1788 1186 τούτους,
1824 1122 1918 1175 καί
1942 1135 2095 1192 φησι·

518 1213 782 1268 Βλέπετε
835 1212 952 1282 τὴν
1002 1212 1365 1282 κατατομήν.
1411 1210 1609 1281 Ἡμεῖς
1666 1212 1778 1284 γάρ
1833 1211 2021 1282 ἐσμεν
2057 1213 2099 1282 ἡ

518 1306 830 1375 περιτομή.
864 1305 1031 1373 Πῶς;
1068 1308 1136 1360 ΟΖ
1172 1306 1465 1374 πνεύματι
1511 1303 1634 1370 Θεῷ
1681 1304 2098 1373 λατρεύοντες,

520 1398 622 1452 καί
646 1400 760 1452 οὐκ
787 1398 858 1453 ἐν
897 1397 1078 1467 σαρκὶ
1108 1398 1479 1462 πεποιθότες.
1510 1397 1624 1451 Οὐκ
1644 1393 1798 1451 εἶπεν
1816 1435 1833 1462 ,
1855 1398 1939 1451 ὅτι
1956 1397 2103 1451 δοκι-

525 1490 772 1562 μάζομεν
830 1489 1048 1562 ἐκείνην
1102 1490 1202 1562 τὴν
1248 1490 1572 1562 περιτομὴν,
1625 1491 1718 1544 καὶ
1758 1492 1985 1562 ταύτην,
2015 1491 2102 1555 τίς

400 1634 405 1637 Α
523 1590 674 1641 ἐστιν
728 1586 988 1658 ἀμείνων,
1032 1586 1148 1641 ἀλλ’
1186 1586 1310 1640 ούδέ
1342 1585 1436 1640 τοῦ
1480 1585 1743 1657 ὀνόματος
1774 1585 1913 1655 αὐτῇ
1968 1599 2097 1653 μετ·-

521 1677 751 1733 έδωκενο
784 1678 923 1732 ἀλλὰ
945 1678 998 1732 τί
1026 1695 1191 1748 φησιν
1224 1695 1240 1744 ;
1286 1678 1349 1731 Ἦ
1376 1675 1645 1748 περιτομὴ
1669 1675 1852 1746 ἐκείνη
1879 1690 2101 1729 κατατο-

525 1769 600 1840 μή
655 1771 791 1823 ἐστι.
821 1768 1031 1835 Διάτί;
1065 1770 1234 1823 Ούδέν
1286 1768 1392 1841 γὰρ
1444 1769 1573 1824 ἄλλο
1623 1767 1955 1836 ποιοῦσιν,ῆ
2001 1763 2102 1836 τὴν

523 1862 711 1934 σάρκα
744 1863 1200 1934 κατατέμνουσιν.
1233 1863 1402 1917 Ὅταν
1446 1862 1556 1933 γὰρ
1607 1859 1683 1932 μὴ
1787 1859 2017 1930 νόμιμον
2041 1857 2105 1912 τὸ

521 1955 826 2025 γινόμενον,
856 1955 1008 2008 οὐδὲν
1034 1955 1210 2025 ἀλλοῆ
1236 1954 1440 2024 σαρκὸς
1456 1955 1596 2024 τομή
1626 1952 1856 2005 ἐστικαὶ
1873 1967 2104 2005 κατατο-

525 2046 623 2117 μή.
659 2046 728 2098 Ἢ
750 2040 843 2099 οὖν
894 2044 985 2099 διὰ
1033 2045 1191 2099 τοῦτο
1244 2044 1419 2109 οὕτως
1446 2044 1615 2116 αὐτὴν
1639 2039 1815 2108 εἶπεν,
1842 2043 1877 2113 ἢ
1898 2044 1981 2097 ὅτι
2002 2042 2106 2113 τὴν

540 2136 872 2206 Ἐκκλησίαν
958 2135 1260 2207 ἐπειρῶντο
1319 2136 1705 2206 κατατέμνειν.
1751 2134 1862 2186 Kal
1940 2135 2103 2203 ἡμεῖς

525 2225 583 2279 δέ
613 2226 928 2299 κατατομὴν
961 2226 1193 2297 λέγομεν
1224 2226 1317 2279 ἐπὶ
1344 2225 1451 2278 τῶν
1488 2226 1611 2296 είκῆ
1650 2224 1746 2278 καὶ
1778 2223 1965 2287 ἁπλῶς
2006 2224 2103 2277 καὶ

524 2317 655 2372 ἄνευ
686 2317 883 2389 τέχνης
907 2316 1064 2371 τοῦτο
1109 2316 1428 2371 ποιούντων.
1451 2317 1515 2369 Εἰ
1561 2313 1668 2387 γὰρ
1694 2315 1776 2367 δεῖ
1803 2314 2105 2385 περιτομὴν

526 2408 780 2479 ζητῆσαι,
812 2407 969 2478 φησὶ,
1008 2411 1140 2478 παρ’
1167 2409 1298 2478 ἡμῖν
1338 2406 1541 2478 ταύτην
1590 2406 1656 2459 ἂν
1720 2405 2002 2477 εὑρήσετε.
2039 2405 2104 2457 Οἱ

526 2498 817 2567 πνεύματι
845 2498 966 2563 Θεῷ
985 2500 1385 2566 λατρεύοντες
1412 2513 1428 2531 ’
1455 2497 1751 2568 τουτέστιν,
1787 2498 1837 2550 οί
1862 2512 2105 2566 πνευμα-

524 2590 693 2654 τικῶς
720 2588 1089 2662 λατρεύοντες.

598 2741 665 2814 β’.
683 2743 819 2798 Είπέ
844 2743 954 2814 γάρ
981 2760 1094 2814 μοι,
1126 2742 1180 2796 τί
1208 2742 1439 2814 βέλτιον,
1458 2741 1605 2814 ψυχὴ
1636 2742 1670 2814 ἢ
1716 2741 1906 2814 σῶμα;
1934 2743 2106 2813 Δῆλον

525 2834 609 2888 ὅτι
637 2832 808 2905 ψυχή.
831 2831 1041 2886 Ούκοῢν
1068 2834 1162 2887 καὶ
1191 2834 1226 2905 ἠ
1258 2834 1530 2906 περιτομὴ
1559 2834 1743 2905 ἐκείνη
1767 2836 1828 2888 ού
1856 2834 2101 2906 βελτίων,

526 2924 646 2978 ἀλλ’
693 2922 849 2995 αὕτη,
888 2923 1024 2995 μόνη
1083 2924 1202 2977 ἐστὶ
1257 2925 1551 2998 περιτομή.
1584 2926 1729 2990 Ἕως
1793 2927 1892 2997 μὲν
1929 2926 2037 2996 γάρ
2077 2925 2112 2978 ὁ

528 3011 698 3077 τύπος
725 3013 996 3083 εἱστήκει,
1031 3013 1255 3077 εἰκότως
1285 3014 1426 3068 κατά
1467 3012 1755 3084 σύγκρισιν
1781 3014 2011 3084 προῆγε,
2036 3013 2107 3069 Τὸ

528 3103 1008 3175 περιτετμῆσθαι,
1027 3106 1274 3178 γράφων,
1295 3105 1411 3177 τὴν
1425 3105 1569 3174 ἀκρο
1576 3104 1832 3159 συστίαν
1842 3104 1954 3173 τῆς
1970 3122 2111 3174 καρι-

529 3196 665 3263 δΙας
690 3194 879 3264 ὑμῶν.
903 3195 1059 3251 Οὕτω
1090 3197 1184 3250 καὶ
1215 3199 1272 3250 ἐν
1308 3200 1376 3269 τῇ
1425 3198 1562 3268 πρὸς
1608 3197 1913 3269 Ῥωμαίους
1951 3196 2109 3251 Ἐπι-

535 3287 697 3358 στολῇ
730 3288 948 3358 ἀναιρεῖ
1004 3285 1194 3357 αὐτὴν,
1238 3286 1412 3355 λέγων
1443 3303 1459 3318 ·
1494 3289 1577 3341 Οὐ
1602 3287 1712 3357 γὰρ
1743 3291 1775 3342 ό
1795 3288 1864 3342 ἐν
1890 3286 1971 3353 τῷ
1997 3303 2110 3358 φα-

531 3377 682 3449 νερῷ
727 3377 1009 3445 Ἰουδαῖός
1070 3378 1243 3432 ἐστιν
1261 3418 1276 3443 ,
1308 3377 1451 3433 οὐδὲ
1506 3378 1545 3446 ἡ
1606 3379 1677 3433 ἐν
1727 3377 1808 3445 τῷ
1872 3376 2110 3449 φανερῷ

529 3467 603 3522 ἐν
649 3468 828 3537 σαρκί
859 3467 1167 3538 περιτομὴ,
1201 3468 1338 3524 ἀλλ’
1372 3471 1406 3524 ό
1441 3468 1514 3523 ἐν
1544 3467 1625 3535 τῷ
1674 3468 1916 3539 κρυπτῷ
1955 3469 2109 3525 Ἰου-

482 3603 486 3609 .
531 3556 718 3625 δαῖος,
759 3559 857 3614 καὶ
909 3559 1195 3629 περιτομὴ
1246 3560 1494 3630 καρδίας
1548 3561 1620 3616 ἐν
1666 3563 1988 3632 πνεύματι,
2036 3564 2109 3617 οὐ

533 3647 844 3719 γράμματι.
876 3650 1077 3704 Λοιπὸν
1116 3651 1172 3704 δὲ
1221 3651 1314 3704 καὶ
1360 3651 1454 3706 τοῦ
1481 3652 1741 3725 ὀνόματος
1774 3653 1944 3722 αὐτὴν
1971 3655 2108 3707 ἀπο-

537 3741 739 3810 στερεῖ,
767 3740 901 3793 υύδέ
931 3739 1046 3794 ἐστι
1073 3741 1360 3814 περιτομὴ,
1399 3743 1553 3812 φησι.
1595 3745 1703 3797 Kal
1739 3743 1848 3815 γὰρ
1868 3745 1897 3796 ὁ
1919 3743 2108 3808 τύπος,

534 3829 641 3893 ἕως
691 3829 759 3883 ἀν
817 3829 986 3904 μέλλῃ
1016 3829 1270 3903 ἔρχεσθαι
1299 3832 1333 3903 ὴ
1361 3832 1609 3902 ἀλήθεια,
1642 3832 1889 3886 καλεῖται
1910 3831 2070 3885 τοῦτο
2092 3849 2107 3865 ’

538 3918 759 3973 ἐπειδάν
807 3919 865 3973 δέ
901 3919 1029 3992 ἔλθῃ
1067 3923 1101 3993 ὴ
1150 3921 1398 3993 ἀλήθεια,
1443 3923 1626 3976 οὐκέτι
1678 3922 1943 3978 καλεῖται.
1986 3920 2112 3977 υἶον

537 4009 631 4062 ἐπὶ
672 4009 1067 4081 σκιαγραφίας·
1102 4012 1389 4082 ύπέγραφέ
1452 4029 1537 4077 τις
1571 4012 1797 4082 βασιλέα
1843 4030 2114 4085 σκιαγρα-

538 4098 654 4169 φῶν
679 4118 695 4134 ο
729 4100 834 4166 ἐως
865 4102 931 4156 ἂν
957 4103 1058 4157 οὐκ
1086 4104 1358 4173 ἐπάγηται
1386 4102 1457 4155 τὰ
1479 4101 1640 4173 ἄνθη,
1674 4103 1733 4156 οὐ
1760 4103 1978 4172 λέγεται
2003 4102 2105 4172 βα-

542 4191 722 4257 σιλεύς
754 4209 769 4224 ⁶
804 4194 1026 4248 ἐπειδὰν
1055 4195 1113 4248 δέ
1140 4193 1388 4265 ἐπιτεθῇ,
1420 4195 1725 4268 κρύπτεται
1756 4194 1855 4266 μέν
1885 4198 1951 4266 τῇ
1975 4194 2113 4265 ἀλη-

539 4283 662 4356 θείᾳ
680 4285 710 4338 ό
728 4283 918 4350 τύπος,
955 4285 1047 4338 καὶ
1079 4286 1139 4338 οὐ
1173 4284 1425 4354 φαίνεται
1446 4299 1460 4313 ·
1501 4285 1621 4338 τότε
1650 4284 1705 4338 δέ
1731 4286 1827 4339 καὶ
1850 4285 2110 4356 λέγομεν,

552 4373 683 4427 Ἰδοὺ
706 4374 736 4426 ὁ
762 4372 1033 4443 βασιλεύς.
1059 4373 1167 4427 Kal
1188 4373 1287 4427 ούκ
1309 4369 1483 4443 εἶπεν,
1516 4374 1607 4429 Ἐν
1628 4377 1761 4446 ἡμῖν
1780 4377 1888 4447 γάρ
1911 4377 2058 4431 ἐστιν
2077 4379 2112 4448 ἡ

541 4460 842 4532 περιτομὴ,
873 4462 1009 4529 ἀλλ’,
1055 4462 1246 4533 Ἡμεῖς
1279 4464 1468 4533 ἐσμεν
1487 4478 1502 4493 °
1527 4465 1773 4528 εἰκότως.
1804 4465 1977 4521 Τοῦτο
2006 4469 2116 4538 γάρ

540 4553 691 4606 ἐστιν
754 4552 1074 4622 ἄνθρωπος,
1114 4556 1149 4625 ἡ
1208 4554 1481 4625 περιτομὴ
1541 4556 1576 4625 ἡ
1625 4554 1899 4627 ἐνάρετος,
1959 4555 2121 4610 τοῦτό

541 4646 693 4699 ἐστιν
750 4643 966 4716 ἀληθῶς
1002 4645 1306 4719 ἄνθρωπος.
1354 4647 1444 4703 Ἐν
1488 4650 1716 4713 ἐκείνοις
1744 4649 1802 4702 δέ
1835 4649 1935 4702 οὐκ
1960 4645 2117 4703 εἶπεν

541 4734 735 4803 οὕτως,
767 4736 925 4803 ἀλλά,
965 4736 1225 4793 Βλέπετε
1267 4738 1384 4810 τὴν
1413 4740 1757 4810 κατατομήν
1780 4756 1795 4773 °
1827 4741 1981 4794 αὐτοὶ
2006 4743 2118 4814 γὰρ

541 4830 727 4883 λοιπὸν
760 4831 818 4882 ἐν
841 4829 1087 4901 ἀπωλείᾳ
1107 4825 1249 4901 ἦσαν
1290 4833 1386 4885 καὶ
1408 4831 1598 4903 κακίᾳ.
1628 4827 1759 4885 Εἶτα
1809 4831 1985 4902 δηλῶν
2036 4833 2119 4886 ὅτι

543 4918 729 4972 οὐκέτι
786 4920 844 4971 ἐν
886 4917 1097 4991 σώματι
1120 4918 1385 4991 γίνεταιὴ
1412 4920 1707 4993 περιτομὴ,
1734 4920 1852 4975 ἀλλ’
1881 4925 1939 4975 ἐν
1977 4938 2118 4993 καρ-

542 5010 655 5082 δίᾳ,
694 5010 827 5081 φησί
847 5027 862 5042 ο
895 5010 1006 5064 Καὶ
1034 5013 1146 5066 οὐκ
1181 5012 1252 5064 ἐν
1282 5013 1463 5082 σαρκὶ
1491 5014 1862 5080 πεποιθότες,
1903 5015 2116 5083 καίπερ

543 5099 659 5169 ἐγὼ
714 5101 874 5169 έχων
917 5101 1303 5170 πεποίθησιν,
1367 5104 1466 5157 καὶ
1521 5103 1591 5157 ἐν
1647 5105 1846 5173 σαρκί.
1907 5105 1973 5158 Τί
2033 5104 2121 5158 λέ-

546 5207 637 5260 γει
672 5190 906 5245 ἐνταῦθα
961 5194 1354 5261 Πεποίθησιν,
1405 5195 1500 5248 καὶ
1541 5195 1643 5249 Ἐν
1691 5197 1874 5264 σαρκί
1892 5212 1911 5260 ;
1966 5196 2120 5251 Καύ-

543 5297 706 5351 χησιν
737 5321 754 5347 ,
840 5283 1174 5356 παρρησίαν,
1254 5285 1634 5357 σεμνολόγημα
1682 5304 1696 5320 ⁸

547 5373 711 5428 τοῦτο
770 5376 1129 5448 προσέθηκεν.
1185 5376 1249 5430 Εἰ
1335 5378 1431 5448 μὲν

1788 5288 1884 5342 καὶ
1944 5289 2124 5354 καλῶς

1507 5380 1617 5451 γὰρ
1710 5380 1770 5444 ἐξ
1824 5381 1993 5435 ἐθνῶν
2048 5382 2123 5435 ὢν

552 5462 845 5534 κατηγόρει
903 5465 1001 5535 τῆς
1055 5467 1379 5538 περιτομῆς,
1432 5468 1493 5522 ού
1556 5470 1656 5540 τῆς
1705 5472 2007 5544 περιτομῆς
2064 5472 2122 5525 δὲ

552 5551 732 5619 μόνον,
777 5553 913 5608 ἀλλὰ
956 5557 1049 5610 καὶ
1086 5557 1196 5611 τῶν
1235 5558 1481 5630 ἀκαίρως
1525 5561 1696 5633 αὐτὴν
1734 5562 1883 5635 [277]
1956 5581 2123 5634 μετα-

550 5644 914 5713 χειριζόντων,
942 5647 1120 5714 ἔδοξεν
1165 5649 1252 5715 ἂν,
1285 5650 1361 5715 ὡς
1408 5651 1856 5726 ἀπεστερημένος
1895 5658 1995 5728 τῆς
2023 5656 2116 5711 τοῦ

561 5728 891 5802 Ἰουδαϊσμοῦ
930 5735 1228 5805 εὐγενείας,
1271 5744 1626 5815 κατατρέχειν
1669 5745 1855 5819 αὐτῆς,
1898 5749 1974 5812 ὡς
2024 5749 2124 5804 οὐκ

1235 370 1294 423 S.
1334 364 1626 422 JOANNIS
1660 358 2154 419 CllRYSOSTOMl
2190 357 2513 414 ARCIIIEP.
2555 355 3111 413 CONSTANTINOP.

2199 475 2355 540 εἰδὼς
2385 474 2457 528 τὰ
2490 472 2669 544 σεμνά
2688 512 2702 536 ,
2731 472 2853 526 οὐδὲ
2884 467 3237 540 μετεσχηκὼς
3276 467 3453 523 αὐτῶν
3480 485 3493 499 ⁶
3534 469 3631 525 νῦν
3653 471 3712 528 δέ
3740 475 3770 525 ό

2200 565 2487 636 μετασχὼν
2538 564 2634 617 καὶ
2664 559 3019 631 κατηγορῶν,
3047 559 3109 611 ού
3136 557 3224 611 διὰ
3261 557 3418 611 τοῦτο
3456 563 3772 631 κατηγορεῖ,

2209 655 2286 718 ὡς
2317 655 2379 707 οὐ
2423 654 2732 726 μετασχὼν,
2786 652 2900 705 ἀλλ’
2948 651 3025 714 ὡς
3077 649 3458 719 κατεγνωκὼς,
3491 651 3551 703 ού
3582 651 3649 703 δι’
3671 651 3773 718 ἀγ-

2199 762 2363 813 νοιαν,
2402 746 2538 799 ἀλλὰ
2592 745 2660 799 δι’
2722 744 3020 811 ἐπίγνωσιν
3082 741 3335 813 μάλιστα.
3374 742 3518 812 Ὅρα
3573 737 3667 797 οὖν
3721 742 3775 794 τί

2198 854 2333 908 φησι
2350 812 2448 890 καὶ
2471 837 2528 889 ἐν
2551 838 2620 907 τῇ
2656 835 2791 906 πρὸς
2814 833 3059 897 Γαλάτας
3131 832 3387 904 ἐμπεσὼν
3417 834 3498 895 είς
3527 812 3805 903 ἀνάγκην

2198 927 2293 980 τοῦ
2345 926 2558 998 μεγάλα
2614 927 2745 997 περὶ
2777 925 2973 979 ἐαυτοῦ
3008 926 3206 991 εἰπεῖν,
3246 924 3367 988 πῶς
3396 924 3493 979 καὶ
3512 922 3655 977 οὕτω
3682 925 3778 979 καὶ

2201 1017 2705 1090 ταπεινοφροσύνην
2788 1017 3118 1071 ἐνδείκνυται
3143 1031 3159 1045 ⁸
3229 1016 3553 1072 Ἠκούσατε
3624 1016 3735 1086 γὰρ
3757 1055 3783 1080 ,

2201 1110 2358 1180 φησὶ,
2394 1109 2509 1175 τὴν
2540 1108 2694 1179 ἐμὴν
2724 1105 3122 1177 ἀναστροφήν
3151 1120 3297 1161 ποτε
3330 1107 3401 1160 ἐν
3420 1106 3502 1170 τῷ
3532 1105 3776 1162 Ἰουδαϊ-

2198 1198 2333 1271 σμῷ
2360 1216 2374 1229 '
2412 1201 2504 1254 καὶ
2529 1200 2691 1255 πάλιν
2719 1199 2975 1267 ἐνταῦθα,
3004 1197 3079 1254 Et
3109 1216 3200 1263 τις
3240 1197 3409 1252 δοκεῖ
3441 1194 3632 1263 ἄλλος
3674 1212 3776 1250 πε-

2201 1289 2474 1347 ποιθέναι
2502 1291 2573 1344 ἐν
2611 1290 2815 1357 σαρκὶ,
2837 1288 2953 1359 ἐγὼ
2974 1287 3220 1358 μᾶλλον
3250 1303 3265 1319 ·
3306 1288 3403 1342 καὶ
3450 1286 3651 1351 εὐθέως
3678 1287 3777 1339 ἐπ-

2200 1383 2406 1454 ήγαγεν
2435 1396 2450 1411 ’
2492 1381 2761 1450 Ἐϐραῖος
2817 1380 2887 1445 ἐξ
2928 1379 3232 1450 Ἐϐραίων.
3276 1379 3391 1433 Οὐκ
3446 1371 3570 1432 εἷπε
3618 1377 3778 1433 τοῦτο

2201 1476 2662 1549 προηγουμένως,
2690 1473 2828 1529 ἀλλά
2856 1473 2994 1546 μετά
3020 1473 3083 1527 τὸ
3106 1473 3302 1539 εἰπεῖν,
3336 1471 3412 1526 El
3450 1488 3539 1537 τις
3564 1470 3776 1536 ἄλλος,

2200 1569 2417 1632 δεικνὺς
2444 1568 2544 1639 τὴν
2571 1566 2838 1637 ἀνάγκην,
2869 1565 3084 1629 δεικνὺς
3107 1566 3190 1619 ὅτι
3211 1564 3278 1617 δι’
3299 1562 3542 1627 ἐκείνους
3564 1561 3773 1630 ἔλεγεν.

2200 1662 2265 1714 Et
2291 1658 2614 1724 πεποίθατε,
2646 1656 2803 1729 φησι,
2836 1655 2997 1726 καγὼ
3010 1655 3273 1726 μᾶλλον.
3303 1652 3473 1707 Τοῦτο
3488 1651 3583 1705 νῦν
3610 1651 3775 1720 λέγω,

2203 1753 2328 1806 ἐπεὶ
2355 1752 2630 1806 ἐσιώπων.
2664 1752 2775 1805 Καὶ
2803 1750 2905 1820 δρα
2934 1749 2995 1802 τὸ
3020 1745 3327 1816 ἀνεπαχθὲς
3352 1744 3462 1799 τῶν
3485 1743 3724 1814 ἐλέγχων
3757 1757 3775 1772 ·

2201 1846 2263 1900 τὸ
2315 1846 2427 1916 γάρ
2483 1844 2558 1915 μὴ
2590 1842 2851 1913 ὀνομαστὶ⁵
2888 1839 3048 1895 τοῦτο
3071 1841 3267 1903 ποιεῖν,
3300 1835 3578 1898 κάκείνοις
3606 1833 3780 1888 ἐδίδου

2202 1915 2774 2011 χώραθάναδραμεῖν.
2820 1933 2895 1989 El
2933 1950 3024 1999 τις
3053 1930 3222 1986 δοκεῖ
3267 1929 3636 1983 πεποιθέναι.
3666 1925 3780 1979 Καὶ

2204 2026 2387 2090 καλῶς
2416 2021 2558 2089 εἷπε,
2594 2022 2783 2089 Δοκεῖ,
2813 2023 2847 2094 ἢ
2879 2023 2954 2085 ὡς
2984 2021 3086 2075 οὐκ
3113 2020 3349 2091 ἐχόντων
3380 2015 3651 2086 τοσαύτην
3677 2031 3776 2068 πε-

2207 2117 2482 2190 ποίθησιν,
2508 2116 2543 2187 ἢ
2571 2115 2646 2179 ὡς
2697 2115 2799 2184 τῆς
2834 2110 3215 2183 πεποιθήσεως
3243 2108 3460 2180 ἐκείνης
3480 2108 3583 2161 οὐκ
3607 2105 3777 2169 ὅντως

2207 2209 2583 2280 πεποιθήσεως
2620 2205 2786 2277 ούσης
2809 2221 2825 2237 ο
2872 2204 3050 2259 πάντα
3108 2203 3218 2273 γὰρ
3273 2201 3521 2271 ἀνάγκης
3583 2194 3672 2270 ἦν,
3714 2198 3774 2251 ού

2211 2295 2605 2368 προαιρέσεως.
2653 2291 2946 2363 Περιτομὴ
2980 2291 3368 2359 ὀκταήμερος.
3404 2291 3515 2344 Καὶ
3565 2287 3785 2358 πρῶτον

2204 2388 2418 2460 τίθησιν
2455 2387 2483 2441 ὃ
2518 2386 2755 2457 μάλιστα
2776 2383 2999 2456 ηὔχουν,
3039 2382 3102 2436 τὸ
3138 2382 3238 2453 τῆς
3259 2379 3563 2453 περιτομῆς
3589 2396 3602 2408 ·
3631 2375 3780 2440 εἶτα,

2219 2480 2320 2533 Ἐκ
2351 2478 2567 2547 γένους
2606 2476 2868 2544 Ἰσραήλ.
2900 2473 2984 2527 Τά
3003 2471 3289 2543 ἀμφότερα
3332 2469 3531 2534 ἐδειξεν
3551 2508 3566 2534 ,
3599 2470 3682 2523 ὅτι
3720 2469 3782 2522 οὗ

2206 2568 2566 2640 προσήλυτος,
2596 2565 2723 2619 οὔτε
2745 2567 2809 2618 ἐκ
2845 2562 3222 2636 προσηλύτων.
3260 2561 3394 2615 Ἀπὸ
3418 2561 3518 2630 μὲν
3545 2560 3653 2630 γὰρ
3689 2558 3783 2612 τοῦ

2206 2662 2552 2731 ὀκταήμερος
2589 2655 3038 2729 περιτμηθῆναι,
3073 2653 3196 2724 οὐχὶ
3247 2651 3583 2724 προσήλυτος
3615 2665 3628 2679 ·
3674 2650 3787 2703 ἀπὸ

2206 2752 2263 2804 δέ
2290 2750 2410 2818 τοῦ,
2456 2753 2552 2804 Ἐκ
2602 2748 2819 2818 γένους
2875 2745 3145 2816 Ἰσραὴλ,
3170 2744 3293 2798 ούδέ
3318 2741 3670 2815 προσηλύτων
3692 2758 3790 2810 γο-

2207 2843 2365 2897 νέων.
2393 2840 2535 2897 Ἀλλ’
2562 2840 2648 2893 ἵνα
2672 2837 2748 2908 μὴ
2764 2837 3015 2908 νομίσῃς,
3030 2837 3135 2901 ὅτι,
3163 2837 3258 2889 Ἐκ
3284 2833 3500 2906 γένους
3522 2830 3785 2900 Ἰσραὴλ,

2211 2934 2277 2986 ἐκ
2305 2930 2419 2985 τῶν
2442 2930 2576 2984 δέκα
2622 2929 2826 2999 φυλῶν,
2865 2929 3019 2999 φησὶ,
3051 2925 3259 2996 Φυλῆς
3283 2925 3569 2994 Βενιαμίν
3593 2940 3606 2954 ·
3641 2922 3785 2977 ὥστε

2208 3023 2301 3078 τού
2329 3022 2700 3093 δοκιμωτέρου
2735 3022 2934 3094 μέρους
2968 3036 2983 3050 ο
3026 3020 3099 3075 τὰ
3126 3020 3234 3091 γὰρ
3261 3018 3372 3072 τῶν
3397 3017 3591 3090 ἱερέων,
3614 3017 3673 3070 ἐν
3698 3015 3787 3085 τῷ

2208 3114 2399 3185 κλήρῳ
2432 3113 2635 3184 ταύτης
2654 3109 2724 3185 ἦν
2753 3116 2855 3184 τῆς
2884 3109 3361 3183 φυλῆς,Ἔϐραῖος
3380 3110 3450 3174 ἐξ
3478 3107 3783 3177 Ἑϐραίων.

2223 3207 2500 3262 Ἐντεῦθεν
2559 3207 2851 3274 δείκνυσιν,
2910 3206 2994 3260 ὅτι
3043 3205 3165 3275 ούχὶ
3228 3204 3609 3278 προσήλυτος,
3665 3202 3787 3257 ἀλλ’

2209 3299 2418 3355 ἀνωθεν
2468 3298 2583 3353 τῶν
2627 3299 2930 3370 εὐδοκίμων
2967 3296 3254 3353 Ἰουδαίων.
3339 3294 3498 3367 Ἐνῆν
3554 3294 3653 3365 μὲν
3678 3292 3790 3365 γὰρ

2209 3388 2351 3447 εἶναι
2375 3392 2469 3447 τού
2519 3391 2758 3464 Ἰσραὴλ,
2803 3391 2920 3447 ἀλλ’
2953 3391 3056 3445 οὐκ
3094 3389 3346 3460 Ἐσραῖον
3404 3388 3465 3452 ἐξ
3497 3386 3787 3459 Ἐϐραίων.

2210 3482 2407 3537 Πολλοὶ
2434 3481 2543 3553 γὰρ
2573 3482 2668 3536 καὶ
2690 3480 3001 3553 διέφθειρον
3033 3480 3135 3552 ἤδη
3164 3478 3225 3533 τὸ
3258 3479 3494 3548 πρᾶγμα
3516 3517 3533 3540 ,
3567 3477 3660 3531 καὶ
3688 3476 3788 3545 τῆς

2211 3572 2464 3645 γλώσσης
2498 3569 2640 3645 ἦσαν
2674 3573 2939 3645 ἀμύητοι,
2975 3571 3182 3643 ἐτέροις
3206 3569 3528 3642 μιγνύμενοι
3554 3566 3782 3621 ἔθνεσιν.

2215 3666 2288 3718 Ἢ
2333 3663 2494 3717 τοῦτο
2540 3659 2657 3727 οὖν,
2701 3664 2733 3734 ἦ
2797 3664 2897 3734 τὴν
2952 3663 3152 3733 πολλὴν
3185 3660 3466 3730 εὐγένειαν
3518 3658 3792 3712 δείκνυσιν

2198 3755 2485 3827 ἐντεῦθεν.
2520 3756 2685 3810 Κατὰ
2716 3757 2905 3826 νόμον
2931 3754 3278 3825 Φαρισαῖος.
3310 3755 3569 3824 Ἔρχεται
3602 3750 3788 3805 λοιπὸν

2215 3849 2296 3911 εἰς
2348 3847 2416 3902 τὰ
2457 3849 2556 3919 τῆς
2603 3845 2768 3901 αὐτοῦ
2798 3846 3171 3918 προαιρέσεως
3200 3861 3216 3879 ο
3245 3846 3432 3899 ἐκεῖνα
3459 3842 3568 3914 γὰρ
3607 3843 3787 3895 πάντα

2214 3938 2573 4010 ἀπροαίρετα.
2624 3939 2737 3992 Kal
2789 3936 2898 4009 γὰρ
2928 3937 2988 3991 τὸ
3029 3934 3436 4007 περιτμηθῆναι
3467 3933 3566 3988 ούκ
3596 3929 3784 3995 αὑτοῦ,

2215 4030 2310 4083 καὶ
2334 4029 2418 4092 τὸ,
2446 4028 2541 4083 Ἐκ
2568 4027 2782 4099 γένους
2810 4026 3069 4098 Ἰσραὴλ,
3099 4030 3191 4083 καὶ
3223 4025 3302 4091 τὸ,
3337 4025 3434 4078 Ἐκ
3461 4023 3666 4093 φυλῆς
3686 4024 3791 4075 Bs.

2214 4120 2451 4190 νιαμίν·
2486 4119 2628 4173 ὥστε
2672 4120 2767 4174 καὶ
2787 4121 2850 4173 ἐκ
2884 4117 3091 4172 τούτων
3140 4114 3340 4187 μᾶλλον
3367 4112 3709 4176 πλεονεκτεῖ,
3740 4111 3791 4165 εί

2216 4211 2312 4266 καὶ
2332 4211 2399 4264 τά
2428 4210 2665 4281 μάλιστα
2691 4210 3012 4264 ἐκοινώνουν
3039 4206 3188 4278 αύτῷ
3221 4206 3425 4261 πολλοί.
3451 4203 3560 4259 1Ιοῦ
3585 4199 3678 4258 οὖν
3705 4203 3788 4267 τὸ,

2215 4303 2513 4369 Μᾶλλον;
2545 4302 2798 4358 Μάλιστα
2832 4302 2930 4372 μὲν
2957 4302 3050 4354 καὶ
3083 4301 3141 4353 ἐν
3169 4299 3344 4371 τούτῳ
3385 4299 3465 4369 τῷ
3518 4295 3591 4367 μὴ
3622 4311 3791 4366 προσ-

2218 4393 2413 4465 ήλυτον
2446 4388 2606 4455 εῖναι,
2627 4391 2723 4444 καὶ
2749 4389 2827 4461 τῷ
2855 4392 2920 4443 ἐκ
2939 4390 3039 4460 τῆς
3069 4388 3450 4459 δοκιμωτάτης
3481 4385 3675 4456 φυλῆς,
3702 4383 3795 4437 καὶ

2216 4482 2296 4554 τῷ
2320 4484 2525 4538 ἀνωθεν
2544 4486 2610 4536 ἐκ
2639 4482 2941 4553 προγόνων,
2965 4482 3110 4552 ἆπερ
3139 4481 3201 4534 ού
3218 4479 3404 4533 πολλοὶ
3429 4473 3573 4548 εἶχον
3597 4494 3610 4507 ·
3649 4474 3790 4539 ἀλλ’,

2219 4575 2406 4645 ἐπειδὴ
2436 4575 2614 4629 πάντα
2640 4572 3009 4643 ἀπροαίρετα,
3027 4570 3251 4641 ἔρχεται
3275 4571 3355 4633 είς
3376 4568 3447 4622 τὰ
3468 4568 3566 4639 τῆς
3597 4582 3794 4636 προαι-

2224 4667 2446 4739 ρέσεως,
2468 4667 2601 4719 ὅπου
2626 4665 2704 4729 τὸ,
2741 4663 3016 4730 Μᾶλλον,
3053 4662 3187 4717 ἐστί.
3221 4662 3384 4717 Κατὰ
3412 4660 3601 4729 νόμον
3620 4660 3795 4725 Φαρι-

2220 4759 2416 4825 σαῖος,
2442 4758 2596 4813 κατὰ
2622 4755 2807 4827 ζῆλον
2829 4755 3057 4810 διώκων
3093 4755 3208 4823 τὴν
3229 4752 3383 4827 [278]
3404 4752 3792 4819 Ἐκκλησίαν.

2221 4847 2556 4917 Τοῦτόφησι,
2575 4846 2708 4900 διότι
2736 4845 2835 4899 ούκ
2859 4845 3019 4916 ἀρκεῖ
3033 4843 3200 4910 δεῖξαι
3223 4844 3306 4910 τδ,
3331 4842 3606 4905 Μᾶλλον,
3632 4840 3797 4911 μόνον

2221 4939 2399 4992 ἐκεῖνο
2421 4953 2435 4968 ο
2464 4938 2580 4991 ἐστι
2604 4937 2712 5009 γὰρ
2733 4937 2829 4991 καὶ
2852 4938 3140 5009 Φαρισαῖον
3163 4932 3327 5000 εἶναι,
3354 4935 3450 4988 καὶ
3478 4933 3556 5004 μὴ
3593 4931 3798 5003 σφόδρα

2223 5027 2495 5099 ζηλωτήν.
2530 5028 2696 5083 Κατὰ
2724 5027 3149 5095 δικαιοσύνην.
3198 5026 3419 5097 Ἐπειδὴ
3451 5024 3529 5078 ἔνι
3557 5024 3800 5096 ριψοκίνυ

2220 5122 2377 5176 δυνον
2401 5115 2544 5175 εἶναι
2568 5163 2584 5189 ,
2624 5120 2656 5192 ἦ
2710 5120 3001 5193 φιλαρχίας
3033 5121 3218 5175 ἕνεκεν
3255 5119 3412 5174 τοῦτο
3440 5119 3648 5183 ποιεῖν,
3682 5115 3799 5171 ἀλλ’

2221 5213 2282 5267 ού
2328 5212 2407 5282 τῷ
2444 5212 2596 5283 νόμῳ
2639 5211 2930 5284 ζηλοῦντα,
2975 5213 3114 5283 ὅπερ
3173 5211 3393 5265 ἐποίουν
3422 5209 3472 5265 οι
3494 5211 3799 5281 ἀρχιερεῖς.

2236 5304 2375 5358 Ἀλλ’
2405 5305 2567 5367 αὐτὸς
2590 5305 2651 5357 ού
2686 5303 2928 5368 τοιοῦτος
2960 5320 2974 5335 ·
3017 5302 3174 5369 ἀλλὰ,
3207 5301 3377 5357 Κατὰ·
3392 5301 3799 5368 δικαιοσύνην

2224 5397 2339 5465 τὴν
2367 5396 2437 5451 ἐν
2460 5397 2625 5466 νόμῳ
2646 5397 2970 5466 γενόμενος
2991 5395 3319 5466 ἄμεμπτος.
3361 5394 3428 5449 Εἰ
3473 5394 3652 5448 τοίνυν
3703 5392 3805 5446 καὶ

2225 5486 2505 5556 εὐγενείας
2534 5485 2742 5551 ἕνεκεν,
2774 5488 2871 5541 καὶ
2915 5487 3253 5560 προθυμίας,
3277 5488 3373 5542 καὶ
3424 5488 3651 5558 τρόπου,
3703 5482 3801 5538 καὶ

2227 5576 2341 5647 βίου
2404 5577 2620 5631 πάντων
2671 5575 2974 5647 ἐκράτουν,
3046 5577 3197 5642 τίνος
3262 5577 3449 5632 ἐνεκεν
3501 5578 3571 5631 τὰ
3624 5572 3803 5645 σεμνά

2226 5669 2409 5722 ἐκεῖνα
2440 5667 2620 5729 εἴασα,
2643 5668 2830 5737 φησὶν,
2858 5666 2971 5721 ἀλλ’
2999 5668 3032 5739 ἢ
3069 5667 3159 5720 διὰ
3185 5668 3246 5722 τὸ
3277 5668 3501 5739 μείζονα
3539 5666 3719 5737 εὑρεῖν
3734 5664 3808 5717 τὰ

2230 5758 2321 5813 τοῦ
2383 5756 2643 5829 Χριστοῦ,
2671 5759 2766 5813 καὶ
2824 5757 3003 5830 πολλῷ
3053 5758 3315 5830 μείζονας
3349 5758 3440 5813 Διὸ
3472 5759 3755 5829 ἐπήγαγεν
3787 5766 3808 5787 '
