4184 6516
400 425 506 480 257

402 544 587 601 tieret,
621 530 931 591 solvebatur
957 522 1240 579 sabbatum
1268 535 1281 569 :
1308 524 1601 581 numquam
1627 519 1754 560 vero
1783 510 1839 555 ut
1870 496 1993 553 sab-

404 632 587 684 batum
614 633 940 684 servaretur,
961 613 1271 671 solvebatur
1292 602 1653 661 circumcisio.
1680 600 1853 664 Atque
1872 606 2000 645 con-

403 721 582 777 sidera
628 716 758 772 mihi
799 711 892 767 Dei
923 703 1379 777 dispensationem
1410 715 1420 749 :
1452 696 1568 749 huic
1594 706 1711 760 qua:
1741 685 1999 755 majorem

402 828 566 883 quam
594 809 879 867 sabbatum
908 801 1139 856 habebat
1162 790 1560 848 venerationem
1590 780 1860 839 invenitur
1884 773 2003 845 qui—

407 903 637 959 busdam
686 894 1017 965 temporibus
1054 889 1274 941 omissa.
1314 882 1448 937 Cum
1490 878 1648 947 igitur
1682 873 1795 941 ipsa
1830 868 2003 922 soluta

405 998 496 1060 sit,
527 992 698 1051 multo
725 986 895 1056 magis
918 981 1224 1038 sabbatum.
1256 975 1379 1029 Ideo
1403 970 1597 1025 Paulus
1621 965 1785 1035 ipsius
1808 971 2005 1013 nomen

410 1094 623 1145 resecat
647 1127 661 1152 ,
694 1091 749 1138 et
785 1078 992 1148 inquit,
1033 1072 1207 1127 Videte
1234 1067 1586 1122 concisionem.
1620 1059 1802 1126 Neque
1830 1052 2003 1116 dixit,

407 1183 615 1241 Malum
640 1185 726 1233 est
754 1169 1122 1230 circumcisio,
1154 1164 1493 1233 Supervacua
1524 1163 1606 1210 est
1631 1146 1970 1206 circumcisio
1988 1185 2003 1209 ,

416 1292 484 1332 ne
509 1275 655 1328 viros
682 1270 815 1323 istos
840 1268 1129 1335 pangeret,
1155 1256 1251 1311 sed
1278 1251 1571 1323 sapientius
1598 1246 1737 1300 idem
1762 1240 2006 1301 molitur,

416 1385 447 1423 a
475 1382 535 1422 re
562 1361 779 1435 quidem
826 1358 939 1427 ipsa
981 1351 1252 1406 abducens
1279 1388 1292 1412 ,
1324 1355 1520 1398 nomen
1548 1345 1725 1391 autem
1758 1331 1864 1386 illis
1892 1344 2011 1398 gra—

411 1457 687 1519 tiﬁeatus;
732 1450 815 1505 vel
865 1445 1038 1518 potius
1079 1456 1196 1496 rem
1236 1448 1449 1507 quoque
1485 1431 1655 1500 ipsam
1698 1421 2009 1478 studiosius.

426 1554 620 1607 \‘erum
662 1561 767 1601 non
809 1543 881 1597 ita
914 1552 1039 1607 erga
1068 1533 1287 1591 Galatas
1312 1571 1326 1593 ,
1359 1524 1452 1582 sed
1486 1524 1641 1591 longe
1671 1529 1844 1573 secus.
1878 1511 2013 1568 Nam

422 1645 671 1717 quoniam
717 1639 789 1695 ibi
835 1648 1059 1703 magnus
1101 1636 1216 1684 erat
1252 1622 1469 1679 morbus
1494 1660 1510 1685 ,
1542 1613 1794 1670 audacter
1823 1620 2014 1675 magna

421 1757 544 1797 cum
575 1733 895 1793 auctoritate
926 1733 1072 1782 secat
1098 1740 1111 1776 :
1133 1720 1223 1775 hic
1248 1730 1397 1782 vero,
1426 1710 1679 1782 quoniam
1710 1702 1839 1759 nihil
1869 1700 2013 1768 ejus-

425 1832 570 1889 modi
599 1827 969 1885 admiserant,
1014 1815 1143 1886 ipsis
1181 1824 1299 1866 eam
1336 1821 1455 1876 quae
1486 1818 1550 1857 ex
1582 1795 1840 1853 vocabulo
1867 1790 2018 1843 volu-

425 1932 626 1994 ptatem
665 1914 997 1989 gratil‘rcatur
1021 1948 1034 1972 ,
1070 1905 1168 1959 hos
1200 1903 1403 1956 interea
1435 1904 1489 1950 et
1516 1892 1646 1947 illos
1675 1887 1893 1955 abigens
1917 1922 1933 1947 ,
1964 1887 2020 1934 et

432 1974 458 1994 r
527 1974 538 1977 τ
552 1974 567 1977 ψ
666 1974 696 1989 υ

432 2016 626 2088 inquit,
651 2010 827 2065 Videte
847 2002 1205 2060 concisionem.
1227 1993 1364 2048 Nam
1383 2006 1474 2043 nos
1494 2000 1668 2040 sumus
1683 1974 2011 2034 circumcisio.

432 2101 748 2177 Quomodo?
792 2098 891 2164 Qui
928 2093 1110 2166 spiritu
1140 2087 1250 2141 Deo
1278 2083 1518 2138 servimus
1541 2118 1556 2144 ,
1584 2084 1631 2130 et
1662 2090 1761 2127 non
1790 2072 1842 2124 in
1871 2082 2022 2121 carne

388 2236 389 2239 η
435 2198 673 2270 ﬁduciam
704 2191 962 2245 habentes.
993 2182 1109 2239 Non
1138 2178 1307 2241 dixit,
1334 2170 1714 2229 Examincmus
1736 2158 2021 2218 circumci-

433 2294 639 2347 sionem
668 2284 813 2340 illam
837 2292 892 2336 et
914 2278 1075 2339 hanc,
1101 2282 1215 2326 utra
1243 2270 1311 2322 sit
1336 2265 1559 2327 melior;
1582 2259 1676 2315 sed
1705 2272 1771 2311 ne
1793 2251 2025 2309 nominis

435 2343 650 2455 quidem
682 2375 828 2432 illam
858 2368 1176 2442 participat,
1205 2360 1298 2417 sed
1332 2357 1458 2429 quid
1500 2351 1709 2424 inquit?
1734 2343 2028 2404 Circumci-

435 2478 517 2531 sio
548 2473 636 2527 illa
662 2463 899 2523 concisio
922 2470 1024 2517 est.
1060 2453 1274 2526 Quare?
1296 2450 1436 2506 Nihil
1457 2446 1599 2503 enim
1629 2440 1774 2497 aliud
1803 2437 2024 2502 faciunt,

436 2579 596 2635 quam
620 2557 761 2630 quod
791 2567 1009 2611 carnem
1035 2546 1340 2605 concidunt.
1370 2537 1596 2609 Quando
1619 2536 1760 2589 enim
1781 2528 1922 2601 quod
1947 2526 2025 2593 ﬁt,

436 2621 735 2725 legitimum
764 2663 872 2704 non
900 2652 1004 2709 est,
1036 2639 1168 2696 nihil
1194 2633 1338 2691 aliud
1369 2645 1528 2701 quam
1556 2625 1735 2682 carnis
1760 2621 1929 2678 sectio
1949 2625 2033 2673 est

438 2713 790 2802 etvconcisio.
833 2736 929 2792 Vel
959 2733 1117 2803 igitur
1146 2728 1216 2782 ob
1247 2727 1385 2779 hanc
1411 2732 1628 2774 causam
1660 2717 1731 2769 ita
1766 2713 1909 2767 illam
1936 2723 2032 2778 ap-

441 2837 658 2909 pellavit
673 2832 788 2900 ;vel
810 2827 953 2900 quod
975 2820 1271 2880 Ecclesiam
1288 2814 1572 2872 concidere
1590 2806 2028 2880 aggrederentur.

445 2935 577 2988 Nam
607 2937 662 2984 et
684 2941 783 2982 nos
812 2919 1135 2979 concisionis
1161 2913 1379 2970 nomine
1410 2907 1611 2961 utimur
1640 2904 1690 2957 in
1722 2902 1806 2965 iis,
1834 2897 1927 2968 qui
1953 2906 2033 2950 te-

444 3038 595 3080 mere
638 3028 692 3075 et
734 3018 852 3071 sine
893 3021 1007 3066 arte
1051 3008 1154 3062 hoc
1200 3003 1420 3059 faciunt.
1461 2996 1593 3052 Nam
1623 2994 1665 3048 si
1697 2986 2036 3046 circumcisio

446 3111 739 3187 quaerenda
768 3116 851 3163 est
871 3148 884 3170 ,
914 3101 1081 3173 inquit
1106 3140 1121 3165 ,
1151 3095 1291 3167 apud
1323 3108 1419 3147 nos
1445 3104 1564 3145 eam
1596 3082 1901 3140 invenietis.
1935 3078 2038 3146 Qui

448 3171 632 3277 spiritu
663 3202 773 3257 Deo
804 3171 1046 3253 seioimus
1072 3233 1086 3258 ,
1115 3190 1169 3245 id
1196 3196 1279 3243 est
1301 3228 1318 3254 ,
1350 3183 1440 3255 qui
1481 3178 1830 3251 spiritualiter
1864 3171 2038 3229 servi-

450 3316 589 3355 lllllS.

520 3390 575 3444 2.
613 3389 708 3443 Dic
728 3383 871 3440 enim
895 3377 1047 3443 mihi,
1074 3383 1252 3429 utrum
1274 3368 1487 3433 melius,
1512 3361 1688 3419 anima
1715 3375 1783 3414 an
1804 3354 2043 3426 corpus?

455 3482 746 3538 lividenter
775 3474 971 3527 anima.
1005 3467 1170 3535 Igitur
1196 3458 1534 3517 circumcisio
1562 3455 1650 3509 illa
1685 3466 1790 3506 non
1820 3457 1903 3503 est
1926 3460 2043 3501 me-

457 3579 585 3639 lior;
641 3570 883 3640 quiuimo
936 3564 1053 3617 huic
1103 3559 1215 3612 sola
1270 3548 1612 3609 circumcisio
1668 3553 1771 3601 est.
1832 3539 2045 3595 Etenim

457 3664 712 3740 quamdiu
739 3658 951 3731 quidem
977 3665 1135 3725 typus
1156 3646 1425 3710 manebat,
1447 3642 1641 3696 merito
1661 3628 2048 3703 comparationi

459 3765 611 3817 locus
640 3762 784 3819 erat;
820 3750 887 3808 Ut
915 3742 1326 3803 circumsidetur,
1360 3735 1563 3805 inquit,
1597 3727 1903 3803 prtcputium
1932 3737 2049 3775 cor-

461 3856 541 3908 dis
567 3849 716 3905 vestri
744 3817 879 3915 (tier.
905 3841 957 3895 4.
996 3839 1072 3907 4).
1104 3835 1175 3888 Ita
1204 3840 1260 3887 et
1301 3830 1353 3883 iu
1396 3824 1631 3896 Epistula
1674 3819 1740 3873 ad
1780 3817 2054 3871 Romanos

463 3951 635 4017 ipsam
666 3906 805 3995 tollit
831 3934 918 3987 his
943 3906 1162 3985 verbis:
1200 3922 1321 3977 Non
1366 3920 1499 3973 enim
1544 3915 1629 3985 qui
1670 3914 1723 3965 in
1762 3906 2053 3975 manifesto,

466 3996 577 4017 ,τη

463 4038 682 4093 Judwus
702 4040 794 4094 est,
823 4040 979 4096 neque
1006 4035 1118 4091 quis
1139 4019 1192 4071 in
1218 4013 1485 4080 manifesto
1509 4009 1561 4061 in
1588 4019 1760 4066 carne,
1785 3996 2056 4053 circumci-

465 4135 561 4195 sio,
598 4126 685 4182 sed
709 4125 793 4195 qui
821 4121 873 4174 in
895 4112 1189 4171 abscondito
1215 4107 1447 4166 Iudaeus,
1476 4111 1521 4154 et
1546 4093 1864 4152 circumcisio
1892 4087 2060 4142 cordis

468 4229 521 4279 in
547 4191 768 4292 spiritu,
799 4230 899 4267 non
940 4210 1085 4262 litera
1116 4202 1291 4273 (Rom.
1317 4198 1372 4251 2.
1394 4195 1509 4265 28).
1541 4191 1690 4246 Nunc
1718 4200 1847 4240 vero
1886 4192 1941 4236 et
1969 4196 2063 4235 ιο-

472 4273 622 4373 mine
663 4310 772 4380 jam
823 4304 968 4359 illam
1018 4297 1226 4368 privat,
1280 4294 1544 4357 negatque
1596 4273 2066 4335 circumcisionem

472 4422 615 4463 esse.
646 4401 777 4457 Nam
804 4407 966 4467 typus
991 4365 1204 4460 quidem
1229 4423 1243 4448 ,
1271 4380 1445 4435 donec
1470 4383 1695 4429 ventura
1718 4377 1805 4423 est
1831 4365 2028 4419 veritas
2049 4403 2064 4426 ,

475 4512 620 4555 verae
658 4493 737 4549 rei
787 4486 1007 4544 nomine
1050 4486 1303 4540 vocatur;
1352 4478 1631 4542 postquam
1676 4474 1809 4515 vero
1854 4455 2070 4511 advenit

754 4597 862 4637 non
896 4573 1148 4645 amplius.
1180 4565 1369 4623 Simile
1398 4558 1651 4633 quiddam
1682 4551 1864 4609 evenit
1887 4549 1941 4603 in
1971 4546 2069 4601 de-

479 4686 675 4739 lineata
699 4641 915 4747 pictura
943 4686 957 4722 :
987 4641 1280 4721 delineawit
1317 4654 1582 4726 quispiam
1625 4660 1808 4716 regem
1840 4660 1857 4696 :
1901 4641 2071 4695 linea-

480 4783 662 4833 menta
684 4734 781 4825 -i‘lla
810 4761 1145 4820 adumbrata,
1174 4749 1430 4823 quaindiu
1464 4746 1859 4816 pigmentorum
1889 4734 1989 4789 llos
2016 4746 2077 4786 se

481 4872 534 4925 in
564 4868 857 4933 conspectu
896 4870 1005 4911 non
1045 4851 1159 4907 dat.
1215 4859 1395 4914 regem
1428 4855 1533 4894 non
1571 4846 1861 4893 vocamus;
1895 4837 1949 4880 at
1988 4823 2077 4878 ubi

485 4962 588 5015 iste
612 4929 766 5011 color
784 4944 1020 5004 accessit
1039 4984 1053 5004 ,
1087 4938 1403 4994 obscuratur
1431 4929 1658 4983 veritate
1688 4933 1877 4992 typus,
1908 4929 2082 4984 neque

485 5055 710 5122 apparet
758 5062 771 5099 :
834 5049 1069 5107 tuncque
1121 5030 1383 5088 dicimus,
1437 5022 1577 5077 Ecce
1624 5030 1768 5071 nunc
1821 5020 1903 5067 est
1954 5023 2079 5064 rex.

1428 5114 1439 5122 ‘
1635 5108 1647 5120 ⁸
1683 5108 1693 5119 ⁸
1804 5120 1817 5122 -
1841 5121 1848 5122 κ
1870 5103 1890 5122 J
1981 5098 2079 5122 λγ--

486 5098 555 5121 --ιν
589 5098 706 5107 rw
762 5098 765 5099 ν
981 5098 998 5107 -

486 5098 599 5200 Nec
625 5137 785 5198 dicit,
825 5132 883 5188 ln
923 5126 1079 5184 nobis
1106 5122 1250 5179 enim
1283 5128 1366 5173 est
1395 5108 1766 5168 circumcisio,
1799 5103 1925 5169 sed,
1972 5098 2085 5153 Nos

489 5246 703 5295 stultus;
733 5242 797 5283 ac
827 5222 1019 5281 merito
1044 5214 1281 5287 quidem.
1317 5208 1429 5263 Hoc
1454 5204 1595 5259 enim
1637 5208 1722 5255 est
1762 5197 1945 5260 homo,
1977 5193 2086 5247 cir-

492 5322 750 5380 cumcisio
778 5313 962 5373 virtuti
1007 5316 1347 5377 congruens;
1379 5299 1482 5356 hoc
1519 5304 1604 5350 est
1639 5306 1765 5361 vere
1805 5288 1989 5343 homo.
2032 5285 2089 5338 In

496 5418 603 5471 illis
647 5422 825 5467 autem
870 5420 976 5460 non
1006 5400 1141 5456 dixit
1168 5395 1278 5460 sic,
1311 5392 1405 5447 sed
1429 5431 1444 5456 ,
1503 5385 1675 5441 Videte
1704 5380 2040 5437 concirionem
2074 5391 2091 5429 :

497 5510 598 5581 ipsi
619 5507 761 5563 enim
786 5499 1009 5573 posthac
1024 5498 1306 5548 versantur
1326 5486 1377 5541 in
1401 5481 1615 5539 interitu
1638 5493 1702 5533 ac
1718 5476 1866 5531 vitio.
1892 5473 2094 5528 Deinde

498 5598 792 5657 ostendens
824 5608 929 5649 non
956 5587 1187 5657 amplius
1228 5583 1281 5637 in
1327 5590 1554 5648 corpore
1582 5573 1700 5627 ﬁeri
1733 5566 2096 5625 circumcisio-

500 5708 649 5756 nem,
678 5688 772 5745 sed
807 5692 859 5741 in
887 5681 1052 5738 corde
1071 5720 1086 5745 ,
1116 5674 1291 5745 inquit
1316 5690 1328 5723 :
1362 5669 1429 5724 Et
1458 5684 1559 5722 non
1594 5666 1648 5719 in
1675 5677 1827 5716 came
1856 5657 2097 5729 ﬁduciam

509 5785 786 5844 habentes;
817 5778 869 5832 4.
894 5783 1196 5845 quamquam
1223 5773 1270 5819 et
1308 5778 1398 5833 ego
1423 5761 1633 5814 habeant
1656 5751 2015 5822 conﬁdentiam
2045 5749 2097 5800 in

503 5890 673 5934 carne.
697 5870 835 5944 Quid
858 5841 984 5927 dicit
1005 5841 1107 5922 hoc
1128 5862 1269 5926 loco,
1293 5851 1685 5923 Canﬁdeatiam.
1714 5856 1788 5912 et,
1814 5843 1878 5898 In
1902 5841 2095 5896 carne?

1299 398 1364 453 IN
1402 394 1615 452 liPlST.
1660 389 1749 446 Al)
1790 381 2077 442 l’lllLlI’l’.
2118 378 2269 434 CAP.
2318 376 2405 432 111.
2451 374 2683 432 1101111).
2728 373 2796 428 Χ.

3593 372 3627 424 2
3638 374 3699 427 'i8

2106 492 2311 562 Nempe
2353 491 2763 561 gloriatinnem,
2815 489 3028 558 plenam
3074 486 3344 555 fidenti-.e,
3389 493 3443 541 et
3483 501 3703 556 gravem

2108 586 2451 639 orationem:
2496 600 2559 637 ac
2606 582 2739 636 scite
2785 581 2927 635 istud
2978 579 3204 634 addidit.
3257 577 3389 632 Nam
3430 578 3474 632 si
3514 575 3702 635 fuisset

2108 674 2355 729 ethnicus
2404 683 2456 728 et
2498 682 2778 728 accusaret
2821 670 3323 734 circumcisionem,
3376 684 3550 737 neque
3594 668 3705 722 Cir-

2110 765 2493 820 cumcisiouem
2525 765 2734 829 solum,
2766 762 2862 817 sed
2893 777 2985 817 eos
3010 762 3098 831 qui
3129 761 3504 829 intempestive
3535 761 3704 832 ipsam

2111 858 2450 927 reciperent;
2482 856 2754 910 videretur
2777 869 2907 909 sane
2929 854 3049 907 ideo
3071 854 3122 907 in
3144 853 3286 906 illam
3310 851 3538 919 irruere,
3564 853 3709 921 quod

2114 950 2431 1011 nobilitatis,
2460 965 2579 1017 qu:c
2609 946 2870 1002 Judaismi
2900 955 3015 999 erat
3045 945 3279 1013 prepria,
3312 958 3507 1015 expers
3532 952 3707 1008 esset,

2113 1042 2255 1112 quod
2288 1041 2542 1111 prmclara
2573 1040 2661 1093 illa
2692 1047 2746 1093 et
2778 1038 3074 1106 tnajeslatis
3104 1037 3256 1104 plena
3291 1038 3580 1106 ignoraret,
3615 1050 3713 1089 ne-

2114 1151 2217 1205 que
2259 1135 2496 1203 ipsorum
2538 1139 2682 1186 esset
2715 1130 2978 1199 particeps
3012 1146 3026 1182 :
3069 1142 3209 1181 nunc
3249 1142 3376 1180 vero
3415 1127 3504 1195 qui
3548 1127 3715 1196 parti-

2116 1240 2243 1295 ccps
2271 1234 2373 1288 est,
2406 1234 2459 1278 et
2490 1221 2869 1292 reprehendit,
2904 1230 3052 1273 certe
3085 1233 3189 1271 non
3225 1218 3295 1271 ita
3324 1216 3711 1286 reprehendit,

2117 1326 2387 1386 tamquam
2420 1316 2464 1371 is
2490 1314 2579 1383 qui
2613 1328 2718 1367 non
2750 1314 2820 1367 sit
2868 1310 3164 1380 particeps,
3194 1308 3287 1363 sed
3318 1316 3588 1376 tamquam
3623 1308 3715 1377 qui

2118 1408 2562 1465 condemnaverit
2584 1450 2597 1473 ,
2647 1421 2755 1460 non
2783 1421 2848 1460 cx
2877 1403 3208 1473 ignorantia,
3252 1400 3349 1455 scd
3385 1401 3621 1455 maxime
3650 1414 3717 1454 ex

2119 1504 2447 1573 cognitione.
2479 1500 2613 1555 Vide
2646 1500 2827 1569 igitur,
2859 1497 2981 1567 quid
3013 1496 3154 1550 dicat
3180 1496 3232 1549 in
3260 1493 3495 1563 Epistola
3521 1492 3590 1548 ad
3613 1491 3720 1550 Ga-

2122 1594 2289 1657 latas,
2336 1607 2455 1646 cum
2489 1590 2767 1643 incidisset
2806 1589 2859 1642 in
2905 1587 3279 1641 necessitatem
3311 1600 3503 1655 magna
3548 1584 3616 1639 de
3659 1600 3722 1640 se

2123 1684 2241 1753 ipso
2271 1681 2507 1746 dicendi,
2540 1679 2811 1751 quomodo
2842 1688 2895 1733 et
2922 1678 3274 1731 humilitatem
3305 1693 3413 1745 prae
3447 1691 3506 1731 se
3536 1676 3673 1731 ferat
3703 1693 3717 1730 :

2121 1777 2397 1831 Audivistis
2418 1776 2571 1840 enim,
2600 1775 2790 1844 inquit,
2814 1771 3239 1827 conversationem
3263 1786 3423 1824 meum
3445 1771 3722 1839 aliquando

2098 1871 2175 1933 ‘in
2201 1870 2473 1923 Judaismo
2497 1867 2641 1936 (Gal.
2676 1869 2727 1922 1.
2760 1868 2882 1937 15);
2912 1876 2966 1921 et
2992 1880 3178 1920 rursus
3211 1864 3318 1929 hic,
3353 1865 3414 1919 Si
3443 1865 3555 1935 quis
3588 1865 3723 1919 alius

2124 1965 2319 2017 videtur
2350 1962 2606 2030 conﬁdere
2642 1962 2694 2014 in
2722 1976 2910 2023 carne,
2961 1975 3051 2030 ego
3084 1959 3282 2030 magis;
3310 1974 3374 2014 ac
3413 1960 3593 2014 statim
3619 1957 3722 2014 ad-

2123 2055 2337 2125 junxit,
2386 2052 2634 2106 Ilebrwus
2681 2067 2745 2106 ex
2776 2050 3025 2106 Hebrwis.
3063 2049 3178 2104 Non
3214 2050 3314 2104 hoc
3358 2058 3625 2119 tamquam
3669 2048 3724 2104 id

2127 2146 2269 2218 quod
2314 2146 2413 2200 sibi
2462 2161 2556 2214 per
2599 2159 2657 2199 se
2684 2142 3019 2214 propositum
3058 2150 3222 2209 esset,
3255 2140 3406 2195 initio
3434 2140 3589 2204 dixit,
3627 2139 3726 2196 sed

2130 2246 2415 2309 postquam
2443 2234 2684 2301 dixerat,
2723 2233 2784 2289 Si
2827 2236 2939 2303 quis
2970 2231 3135 2299 alius,
3164 2231 3455 2285 ostendens
3485 2229 3724 2286 necessi-

2132 2342 2321 2397 tatem,
2350 2330 2676 2399 illorumque
2705 2343 2866 2382 causa
2897 2327 3013 2380 hmc
3040 2341 3070 2380 a
3101 2340 3162 2380 se
3191 2324 3315 2378 dici.
3340 2323 3395 2380 Si
3424 2323 3720 2389 conﬁditis,

2132 2424 2326 2495 inquit,
2360 2421 2472 2492 Ego
2499 2422 2681 2492 magis.
2717 2419 2829 2473 Hoc
2859 2433 3001 2472 nunc
3026 2415 3331 2471 necessario
3362 2414 3503 2477 dico,
3531 2413 3728 2486 alioqui

2134 2516 2444 2572 tacuissem.
2478 2512 2711 2567 Attende
2739 2527 2868 2564 vero
2911 2508 3185 2579 quomodo
3216 2508 3268 2561 in
3299 2504 3575 2575 arguendo
3603 2506 3734 2561 vitet

2133 2613 2340 2677 odium,
2372 2608 2499 2663 dum
2531 2622 2635 2661 non
2663 2603 2980 2660 nominatim
3014 2603 3222 2670 arguit,
3253 2608 3307 2654 et
3332 2600 3435 2652 illis
3465 2599 3641 2653 locum
3674 2611 3734 2654 se

2134 2700 2428 2772 recipiendi
2452 2699 2564 2754 dat.
2593 2698 2653 2752 Si
2673 2697 2784 2766 quis
2804 2696 2999 2748 videtur
3021 2692 3298 2761 conﬁdere.
3323 2690 3389 2745 Et
3411 2699 3554 2744 recte
3575 2689 3733 2754 dixit,

2145 2797 2379 2861 Videtur,
2410 2793 2497 2848 vel
2529 2790 2669 2858 quod
2700 2798 2904 2844 tantum
2942 2786 3171 2839 fidentia:
3200 2800 3305 2839 non
3338 2783 3627 2847 haberent;
3650 2781 3735 2836 vel

2139 2889 2281 2961 quod
2310 2903 2435 2942 vera
2485 2883 2702 2939 ﬁdentia
2735 2896 2842 2935 non
2885 2887 3029 2934 esset
3061 2896 3073 2931 :
3108 2891 3271 2931 omne
3318 2876 3459 2929 enim
3492 2874 3596 2930 hoc
3639 2888 3737 2928 ne-

2141 2978 2409 3036 cessitatis
2437 2985 2553 3031 erat
2576 3017 2590 3041 ,
2622 2989 2729 3028 non
2767 2971 3073 3027 electionis.
3114 2970 3167 3024 5.
3199 2966 3540 3022 Circumcisus
3565 2974 3740 3020 actutm

2144 3075 2244 3128 die.
2301 3072 2539 3126 Primum
2586 3067 2737 3136 ponit
2780 3062 2921 3134 quod
2962 3062 3196 3116 maxime
3237 3059 3525 3129 Optabant,
3569 3057 3620 3113 id
3660 3065 3745 3112 est

2145 3164 2653 3225 circumcisionem;
2714 3156 2911 3211 deinde
2965 3153 3133 3219 illud,
3188 3151 3272 3205 Ex
3324 3166 3504 3221 genere
3550 3148 3741 3205 Israel.

2148 3259 2391 3327 Utraque
2419 3257 2533 3309 lucc
2558 3250 2815 3315 ostendit,
2841 3262 3016 3319 neque
3043 3246 3371 3316 proselytum
3400 3257 3459 3297 se
3480 3255 3620 3305 esse,
3650 3255 3748 3295 ne-

2148 3367 2255 3424 que
2282 3368 2347 3407 ex
2379 3348 2665 3419 proselytis
2687 3343 2994 3399 oriundum.
3023 3341 3154 3395 Nam
3179 3353 3244 3393 ex
3271 3352 3357 3402 eo,
3384 3334 3525 3404 quod
3556 3343 3748 3387 octavo

2151 3445 2239 3500 die
2265 3441 2617 3497 circumcisus
2648 3437 2737 3501 sit,
2772 3432 3079 3489 ostenditur
3105 3445 3209 3483 non
3238 3442 3359 3482 esse
3386 3423 3746 3496 proselytum;

2151 3550 2214 3591 ex
2245 3549 2310 3590 eo
2338 3544 2538 3594 autem,
2563 3528 2704 3599 quod
2728 3542 2795 3581 ex
2821 3538 3019 3596 genere
3048 3519 3234 3586 Israel,
3258 3517 3558 3572 ostenditur
3579 3529 3752 3583 neque

2153 3644 2224 3684 ex
2256 3623 2567 3697 parentibus
2601 3618 2888 3689 prosclytis
2919 3630 3039 3670 esse
3065 3622 3266 3667 ortum.
3313 3607 3516 3663 Deinde
3546 3622 3611 3660 ne
3649 3621 3753 3676 pti-

2156 3729 2238 3775 tes
2259 3762 2273 3786 ,
2311 3717 2391 3771 Ea:
2414 3731 2593 3786 genere
2627 3711 2826 3776 Israel,
2859 3709 2960 3762 hoc
2989 3705 3293 3778 significare
3325 3717 3445 3756 esse
3473 3701 3646 3770 ipsum
3686 3712 3755 3753 ex

2159 3811 2345 3865 decem
2389 3803 2663 3868 tribubus,
2694 3799 2865 3871 inquit
2892 3839 2906 3863 ,
2935 3798 3011 3851 De
3044 3794 3175 3849 tribu
3202 3791 3506 3863 Benjamin;
3537 3788 3758 3859 perinde

2161 3916 2224 3957 ac
2253 3901 2298 3955 si
2327 3899 2565 3959 diceret,
2614 3896 2690 3948 Ex
2720 3891 3027 3962 prohatiore
3057 3896 3210 3957 parte
3236 3903 3248 3939 :
3285 3899 3405 3939 nam
3434 3899 3554 3953 qua:
3582 3896 3760 3937 sacer-

2163 3996 2347 4049 dotum
2377 3997 2551 4054 erant,
2582 3987 2632 4041 in
2662 3993 2808 4039 sorte
2834 3992 2986 4037 erant
3014 3979 3173 4049 hujus
3197 3978 3386 4032 tribus.
3424 3974 3669 4029 chrwus
3699 3988 3762 4027 ex

2166 4085 2418 4141 Hebraeis.
2450 4081 2584 4135 llinc
2612 4075 2848 4132 ostendit
2874 4089 2932 4128 se
2964 4088 3069 4127 non
3098 4085 3219 4125 esse
3264 4066 3594 4138 proselytum
3618 4105 3634 4131 ,
3668 4064 3763 4117 sed

2167 4177 2461 4247 antiquitus
2477 4188 2541 4227 ex
2560 4168 2721 4225 claris
2738 4166 2972 4223 Judzeis:
2999 4169 3209 4233 poterat
3226 4161 3370 4215 enim
3390 4159 3506 4228 quis
3522 4156 3765 4231 Israelita

2168 4226 2427 4247 “""‘I“""
2448 4226 2453 4227 ’
2490 4226 2493 4227 '
3001 4226 3016 4233 -

2168 4284 2318 4333 esse,
2366 4278 2465 4319 nec
2510 4271 2688 4315 tamen
2724 4258 2979 4311 llebrmus
3009 4269 3073 4308 ex
3106 4250 3349 4307 Hebraeis
3381 4267 3393 4300 :
3438 4247 3591 4301 multi
3622 4226 3766 4300 enim

2168 4360 2276 4428 jam
2307 4367 2359 4411 et
2387 4369 2501 4409 rem
2526 4354 2695 4422 ipsam
2727 4353 3103 4416 corruperant,
3132 4352 3188 4397 et
3215 4342 3448 4411 linguam
3478 4354 3583 4391 non
3615 4336 3769 4391 tene-

2174 4450 2325 4515 bant,
2359 4447 2480 4500 aliis
2507 4441 2735 4497 admisti
2768 4438 3040 4509 gentibus.
3075 4434 3175 4490 Vel
3208 4431 3311 4487 hoc
3340 4431 3522 4503 igitur,
3547 4429 3629 4484 vel
3653 4442 3773 4483 ma-

2175 4556 2334 4613 gnam
2361 4536 2693 4593 nobilitatem
2737 4532 2864 4586 hinc
2896 4529 3251 4584 demonstrat.
3281 4522 3577 4579 Secundum
3615 4520 3775 4591 legem

2184 4612 2402 4687 l’lzarisa
2418 4644 2499 4682 us.
2530 4623 2754 4681 Accedit
2781 4620 2977 4678 deinde
3007 4618 3073 4673 ad
3099 4633 3161 4673 ea
3182 4656 3200 4685 ,
3230 4631 3350 4687 qua-
3378 4613 3445 4670 ad
3473 4612 3775 4668 institutum

2180 4741 2337 4783 suum
2368 4719 2747 4793 pertinebant:
2779 4715 3059 4786 superiora
3086 4712 3231 4766 enim
3261 4710 3442 4764 omnia
3480 4722 3586 4762 non
3624 4714 3784 4760 erant

2182 4816 2393 4875 consilii
2419 4814 2502 4871 vel
2532 4810 2832 4868 electionis.
2867 4808 3052 4878 Neque
3078 4805 3220 4859 enim
3251 4816 3407 4857 suum
3448 4812 3586 4869 opus
3623 4805 3740 4852 erat
3763 4836 3779 4862 ,

2183 4909 2560 4967 circumcisum
2584 4919 2727 4968 esse,
2758 4909 2852 4957 aut
2881 4916 2948 4955 ex
2979 4911 3177 4969 genere
3206 4891 3371 4948 Israel
3392 4932 3407 4959 ,
3436 4898 3529 4944 aut
3548 4900 3613 4943 ex
3640 4887 3781 4941 tribu

2186 5004 2490 5075 Benjamin.
2516 5000 2598 5055 Ex
2626 4998 2709 5052 his
2735 5010 2865 5066 ergo
2897 4993 3066 5061 magis
3097 4985 3431 5049 excellebat,
3462 4982 3563 5038 etsi
3604 4980 3657 5035 in
3684 4979 3786 5033 hac

2190 5113 2250 5153 re
2276 5069 2475 5151 multos
2500 5089 2734 5145 habebat
2758 5085 2953 5140 socios.
2982 5080 3121 5150 Quid
3141 5092 3272 5150 ergo
3295 5085 3379 5132 est
3399 5072 3552 5140 illud,
3576 5070 3747 5142 Magis
3763 5069 3790 5124 7

2191 5190 2352 5246 Certe
2380 5186 2433 5240 in
2466 5184 2567 5238 hoc
2596 5179 2936 5243 excellebat,
2970 5172 3113 5244 quod
3155 5186 3262 5225 non
3293 5177 3411 5224 erat
3449 5163 3788 5236 proselytus,

2194 5280 2335 5355 quod
2366 5287 2482 5334 erat
2508 5292 2571 5332 ex
2602 5272 2978 5344 probatissima
3012 5266 3151 5321 tribu
3170 5306 3183 5330 ,
3217 5260 3468 5333 quodque
3495 5254 3793 5326 antiquitus

2196 5376 2250 5433 id
2289 5373 2514 5429 haberet
2542 5384 2571 5422 a
2604 5364 2896 5436 majoribus
2916 5402 2932 5429 ,
2965 5375 3083 5429 quzc
3115 5355 3331 5428 quidem
3372 5366 3481 5406 non
3523 5347 3672 5402 nmlti
3703 5344 3796 5399 ha-

2200 5468 2420 5525 bebant.
2466 5463 2574 5520 Sed
2620 5458 2871 5530 quoniam
2920 5454 3035 5508 haec
3074 5450 3253 5505 omnia
3290 5445 3357 5501 ab
3396 5441 3664 5499 electione
3703 5452 3799 5493 sua

2202 5560 2423 5616 minime
2469 5552 2706 5627 profecta
2751 5550 2996 5611 fuerant,
3030 5540 3237 5597 accedit
3263 5538 3329 5593 ad
3374 5551 3435 5591 ea
3468 5548 3586 5605 qua:
3633 5528 3800 5601 ipsius

2204 5659 2365 5707 secta:
2393 5621 2551 5711 sunt,
2584 5643 2673 5697 ubi
2703 5641 2877 5694 elucet
2920 5632 3051 5690 illud
3073 5675 3087 5699 ,
3122 5630 3294 5702 Magis
3338 5624 3615 5682 secundant
3645 5621 3805 5691 legem

2207 5745 2533 5803 Pharisa’tts,
2568 5738 2619 5791 6.
2651 5729 2928 5787 secundum
2964 5724 3337 5781 wntulationem
3376 5729 3674 5791 persequens
3703 5710 3805 5765 Ec—

2208 5837 2434 5892 clesium.
2482 5830 2642 5887 Addit
2684 5827 2815 5883 hoc,
2856 5820 3109 5885 quoniam
3155 5810 3285 5871 illud
3320 5807 3494 5861 solum
3530 5819 3634 5857 non
3672 5797 3805 5851 satis
