4184 6566
456 398 561 451 9ἲέε)

447 521 565 566 erat
604 509 672 565 ad
711 507 1042 582 probandum
1089 506 1248 568 illud,
1284 504 1492 575 Magis:
1526 516 1645 556 nam
1674 501 1800 554 licet
1843 495 2030 552 Phari-

451 617 620 657 susum
663 611 823 655 etiam
856 615 1004 663 esse,
1050 613 1148 652 nec
1180 606 1353 651 tamen
1389 593 1689 648 vehementi
1737 591 1851 644 zelo
1879 587 2041 642 aftici.

454 691 748 746 Secundum
769 690 1046 759 justitiam.
1073 687 1214 741 Fieri
1233 687 1374 740 enim
1403 693 1579 754 potest
1597 693 1652 736 ut
1674 682 1791 752 quis
1814 677 2044 749 pericula

453 790 762 836 contemnat
789 795 856 833 ex
892 779 1224 848 principatus
1245 791 1451 836 amore,
1480 784 1540 828 ut
1567 773 1835 844 principes
1862 783 2046 824 sacer-

454 873 640 924 dotum
670 869 968 932 faciebant,
1002 885 1108 922 non
1138 877 1315 920 autent
1347 882 1410 920 ex
1441 866 1572 934 legis
1602 863 1798 918 studio.
1826 861 1920 915 ille
1951 876 2048 913 au-

458 977 565 1018 tem
594 979 698 1017 non
725 963 844 1016 talis
869 970 1016 1024 erat,
1057 960 1176 1026 sed,
1208 957 1501 1014 Secundum
1525 957 1810 1027 justitiam,
1846 953 2048 1020 inquit,

453 1069 566 1122 qua
599 1055 651 1106 in
681 1053 785 1123 lege
819 1063 924 1117 est,
957 1059 1278 1105 conversatus
1315 1049 1422 1102 sine
1446 1046 1672 1117 querela.
1703 1047 1884 1114 itaque
1914 1041 1957 1095 si
1999 1053 2053 1095 ct

457 1144 752 1198 nobilitatis
784 1157 912 1214 ergo
947 1151 1003 1197 et
1036 1142 1195 1196 studii
1226 1140 1625 1209 alacritatisque
1659 1149 1714 1192 et
1749 1150 1958 1189 tuarum
2001 1141 2055 1186 et

461 1238 581 1289 vita:
607 1250 798 1290 omnes
828 1234 1216 1288 antecelleham
1238 1273 1254 1297 ,
1295 1246 1392 1286 cur
1420 1231 1674 1298 praeclara
1715 1226 1803 1281 illa
1830 1224 2054 1279 dimise-

461 1326 561 1378 rim
583 1368 597 1390 ,
633 1324 833 1395 inquit,
868 1325 969 1378 nisi
999 1322 1141 1394 quod
1169 1338 1253 1387 ea,
1285 1338 1404 1391 qua:
1433 1319 1630 1375 Christi
1662 1325 1806 1381 sunt,
1833 1329 2056 1384 repere-

462 1417 561 1469 rim
603 1417 838 1482 majora,
881 1430 943 1468 ac
971 1415 1129 1484 longe
1172 1412 1385 1482 quidem
1428 1408 1670 1478 majora?
1700 1406 2056 1474 Quamobrem

465 1504 670 1559 addidit
696 1524 709 1558 :
741 1505 794 1559 7.
821 1503 928 1558 Sed
947 1520 1060 1574 qum
1087 1503 1211 1556 mihi
1232 1506 1437 1572 fuerunt
1465 1500 1630 1566 lucra,
1655 1498 1762 1552 lucc
1787 1497 2060 1550 arbitratus

466 1611 576 1648 sum
607 1605 816 1664 propter
837 1592 1092 1647 Christum
1123 1592 1441 1645 detrimenta.

535 1685 590 1738 5.
621 1683 776 1736 Amor
807 1683 1036 1753 pecuniae
1055 1682 1360 1753 exagitatur.
1383 1710 1453 1721 —
1469 1680 1663 1734 Paulus
1683 1677 1900 1749 quidem
1923 1677 2063 1732 hanc

465 1776 587 1829 vitze
633 1777 898 1830 rationem
941 1773 1078 1829 adeo
1119 1773 1436 1843 exquisitam
1475 1781 1528 1826 et
1567 1772 1634 1826 ab
1662 1772 1881 1825 ineunte
1907 1777 2066 1822 actate

465 1877 790 1938 susceptam,
821 1875 1022 1921 tantam
1050 1866 1404 1928 nobilitatem,
1436 1873 1578 1918 tanta
1610 1862 1867 1931 pericula,
1893 1870 2066 1914 tantas

475 1959 723 2022 insidias,
761 1959 976 2012 labores
995 1999 1010 2022 ,
1039 1956 1217 2011 studia
1249 1955 1475 2026 projccit
1503 1970 1566 2010 ac
1591 1955 1782 2009 damna
1824 1952 2064 2022 putavit,

471 2065 596 2103 cum
624 2058 779 2103 antea
809 2049 956 2102 lucra
979 2055 1182 2112 essent,
1218 2055 1276 2100 ut
1299 2045 1572 2101 Christum
1601 2045 1938 2107 lucraretur;
1971 2057 2070 2095 nos

477 2158 608 2198 vero
635 2157 809 2213 neque
836 2141 1114 2210 pecuniam
1137 2139 1553 2200 contemnimus,
1586 2146 1642 2190 ut
1671 2135 1943 2191 Christqu
1976 2134 2073 2187 lu—

477 2248 715 2300 crcmur,
745 2233 838 2287 sed
872 2232 1138 2286 malumus
1175 2229 1366 2284 futura:
1385 2230 1514 2282 vita:
1549 2227 1812 2296 jacturam
1855 2223 2029 2277 facere
2052 2263 2068 2288 ,

473 2340 633 2394 quam
663 2323 1006 2392 praesentium
1031 2336 1208 2375 rerum
1232 2337 1246 2375 :
1275 2333 1595 2389 quamquam
1622 2316 1740 2370 haec
1768 2314 1900 2369 nihil
1929 2312 2072 2368 aliud

475 2423 782 2483 suntquam
819 2411 1096 2465 damnum.
1130 2409 1276 2466 Cedo
1309 2411 1452 2464 enim
1492 2408 1763 2478 sigillatim
1806 2405 2073 2475 expenda-

479 2518 601 2558 mus
625 2518 710 2569 ea,
733 2518 850 2571 qum
882 2503 933 2556 in
976 2501 1177 2556 divitiis
1205 2503 1384 2555 insunt
1409 2519 1422 2550 τ
1456 2515 1636 2554 annon
1661 2499 1913 2552 damnum
1941 2511 2074 2552 cen-

479 2595 586 2650 seri
615 2593 743 2648 illud
772 2593 959 2657 debet,
991 2592 1133 2662 quod
1177 2593 1414 2647 laborem
1461 2591 1730 2661 ingentem
1762 2589 1958 2654 habet,
1991 2588 2076 2642 lu-

479 2699 628 2740 crum
653 2699 781 2739 vero
811 2683 1054 2736 nullum?
1082 2682 1217 2750 Quid
1245 2682 1408 2743 enim,
1443 2680 1530 2735 dic
1558 2680 1710 2745 mihi,
1742 2679 1985 2733 utilitatis
2005 2694 2074 2732 ex

483 2779 662 2833 multis
703 2792 764 2830 ac
805 2774 1055 2845 pretiosis
1093 2773 1371 2829 vestibus?
1397 2784 1558 2842 atque
1585 2773 1702 2826 istis
1741 2770 1910 2824 induti
1951 2769 2079 2840 quid

484 2871 617 2926 lucri
663 2867 922 2923 facimus?
965 2867 1106 2922 Nihil
1154 2867 1344 2936 plane,
1388 2865 1482 2919 sed
1521 2865 1772 2918 damnum
1804 2863 2082 2917 dumtaxat

483 2968 843 3031 reportamus.
893 2957 1213 3026 Quomodo?
1259 2957 1522 3024 Quoniam
1566 2966 1620 3010 et
1672 2971 1875 3026 pauper
1922 2954 2078 3006 vilem

487 3054 774 3122 tritumque
803 3063 1008 3105 vestem
1037 3049 1215 3105 ferens
1245 3049 1296 3102 in
1322 3048 1569 3102 maximis
1590 3048 1881 3113 caloribus,
1914 3044 2083 3100 nihilo

487 3146 724 3201 deterius
752 3145 854 3198 fert
880 3152 1068 3198 aestum
1101 3157 1260 3212 quam
1301 3149 1392 3201 tu;
1430 3139 1673 3209 qniuimo
1715 3138 1804 3192 ille
1832 3137 2078 3192 facilius:

491 3236 612 3289 trita
640 3233 781 3288 enim
810 3240 864 3286 et
888 3233 1040 3287 unica
1065 3232 1272 3286 facilius
1297 3230 1424 3283 sinit
1450 3227 1741 3298 respirare,
1768 3243 1830 3282 ac
1853 3227 2082 3282 recreari

487 3340 753 3394 corpora;
799 3338 919 3394 qua:
962 3332 1139 3376 autem
1172 3335 1360 3375 recens
1393 3319 1634 3374 confecta
1675 3328 1788 3383 est,
1833 3317 1996 3373 etiam
2039 3317 2084 3371 si

492 3433 807 3474 aranearum
837 3417 960 3470 telis
989 3416 1216 3477 tenuior,
1249 3429 1352 3466 nou
1385 3412 1534 3466 item.
1569 3412 1644 3466 Ac
1677 3419 1730 3464 tu
1753 3411 1965 3481 quidem
2001 3409 2084 3462 ni-

494 3511 602 3565 mio
634 3510 802 3564 elatus
847 3508 1025 3574 fastu,
1057 3516 1108 3560 et
1138 3507 1291 3560 binas
1327 3515 1616 3574 ternasque
1653 3505 1895 3570 tunicas,
1942 3518 2086 3573 sape

490 3615 621 3655 vero
643 3607 697 3654 et
719 3598 1004 3652 amiculum
1036 3607 1089 3650 et
1120 3611 1308 3650 zonam
1339 3603 1396 3650 et
1422 3594 1748 3665 subligacula
1775 3593 1940 3648 habes
1967 3611 1979 3647 :
2014 3593 2085 3647 illi

490 3709 622 3747 vero
653 3705 812 3746 nemo
835 3690 1046 3745 crimini
1088 3689 1208 3756 dat,
1251 3687 1393 3759 quod
1435 3689 1587 3742 unica
1631 3697 1840 3757 tegatur
1870 3687 2044 3741 tunica
2070 3727 2085 3751 ,

493 3783 727 3852 hirtoque
757 3780 965 3836 facilius
1009 3779 1116 3834 fert
1152 3790 1364 3834 aestum.
1393 3779 1461 3834 Et
1500 3779 1620 3832 idco
1649 3777 1842 3834 divites
1871 3775 2086 3846 quidem

490 3874 736 3927 videmus
777 3871 1053 3925 madentes
1095 3869 1325 3936 sudore,
1369 3884 1634 3939 pauperes
1673 3885 1806 3924 vero
1845 3869 2084 3924 minime.

493 3961 719 4032 Quando
761 3962 921 4031 igitur
959 3960 1164 4015 homini
1213 3960 1462 4015 eumdem
1499 3961 1580 4016 vel
1627 3962 1788 4015 etiam
1825 3961 2089 4030 potiorem

493 4069 648 4110 usum
677 4053 917 4122 prtebent
941 4053 1256 4106 vestimenta
1289 4052 1437 4116 vilia,
1467 4061 1522 4106 et
1548 4052 1696 4106 nullo
1726 4068 1890 4121 prope
1919 4053 2092 4122 pretio

497 4154 714 4215 empta;
747 4144 836 4198 illa
864 4159 993 4200 vero
1014 4184 1029 4208 ,
1063 4147 1116 4198 in
1146 4143 1339 4212 quibus
1370 4144 1677 4200 necessario
1705 4145 1928 4199 multum
1974 4146 2089 4200 auri

495 4237 878 4293 effundendum
908 4237 1026 4301 fuit,
1048 4237 1180 4292 nihil
1205 4237 1322 4306 plus
1343 4235 1615 4291 efliciunt:
1640 4252 1818 4293 nonne
1837 4236 2092 4294 damnum

499 4339 580 4383 est
603 4329 851 4382 nimirum
875 4327 1002 4382 illttd
1031 4342 1093 4382 ac
1120 4328 1617 4398 supervacaneum?
1644 4327 1785 4382 Nihil
1808 4329 1950 4385 enim
1977 4330 2095 4400 plus

500 4419 760 4480 afferunt.
793 4419 936 4488 quod
976 4419 1041 4472 ad
1070 4433 1224 4474 usum
1255 4430 1306 4474 et
1332 4421 1677 4475 commodum
1705 4421 1968 4491 pertinet;
1997 4422 2093 4477 sed
2166 4431 2169 4434 '

500 4511 622 4581 plus
643 4513 756 4565 auri
780 4511 1008 4565 effusum
1032 4511 1124 4566 tibi
1143 4520 1247 4576 est,
1271 4511 1518 4567 eumdem
1547 4529 1676 4568 vero
1697 4529 1852 4568 usum
1872 4523 1926 4568 et
1946 4530 2095 4570 com-

503 4602 815 4656 moditatem
845 4601 1002 4656 habet
1033 4620 1046 4656 :
1080 4611 1132 4654 ιιι
1160 4601 1377 4672 quidem
1405 4601 1556 4658 dives
1582 4613 1820 4669 centum,
1846 4613 1938 4660 aut
1957 4604 2094 4660 forte

500 4694 662 4747 etiam
686 4693 926 4762 pluribus
946 4691 1124 4746 aureis
1141 4694 1350 4759 emisti;
1383 4709 1584 4764 pauper
1606 4710 1733 4749 vero
1755 4696 1986 4766 pauculo
2002 4712 2092 4751 ar-

502 4795 685 4854 gento.
722 4784 880 4838 Vides
917 4784 1210 4838 damnum?
1238 4783 1343 4839 Sed
1393 4784 1562 4841 fastus
1591 4785 1777 4842 videre
1809 4803 1916 4841 non
1945 4789 2092 4843 sinit.

503 4875 669 4932 Visne
708 4877 821 4931 auri
859 4876 1054 4942 etiam,
1094 4875 1235 4946 quod
1277 4885 1330 4930 et
1359 4878 1511 4948 equis
1553 4885 1607 4930 et
1647 4878 1960 4933 mulieribus
1991 4879 2098 4934 cir-

503 4968 758 5022 cumdant
778 5008 792 5032 ,
829 4969 1086 5023 rationem
1117 4967 1520 5023 subducamus?
1551 4968 1632 5024 Ad
1657 4969 1757 5024 alia
1787 4972 1929 5026 enim
1958 4972 2096 5026 mala

507 5059 612 5114 hoc
633 5059 792 5113 etiam
821 5058 1048 5122 accedit,
1080 5058 1222 5128 quod
1247 5059 1451 5112 divitia:
1476 5071 1719 5115 amentes
1745 5060 1960 5116 faciant.
1991 5063 2096 5117 Eo-

507 5152 629 5205 dem
659 5150 800 5203 enim
849 5149 1053 5203 honore
1092 5158 1149 5204 et
1177 5150 1436 5204 mulieres
1480 5160 1536 5206 et
1572 5167 1741 5222 equos
1769 5151 2095 5223 dignantur:

507 5257 648 5297 unus
667 5249 752 5297 est
778 5251 1122 5312 utrorumque
1144 5251 1399 5309 ornatus;
1433 5253 1596 5314 atque
1621 5261 1686 5300 ex
1716 5244 1905 5302 iisdem
1936 5245 2099 5302 rebus

505 5332 692 5387 volunt
735 5330 987 5386 mulieres
1029 5331 1424 5399 Splendidiores
1465 5349 1758 5404 apparere,
1801 5352 1868 5392 ex
1905 5337 2101 5408 quibus

509 5434 562 5476 et
585 5422 826 5477 vehicula
845 5462 860 5487 ,
903 5437 970 5477 ex
999 5423 1196 5493 quibus
1221 5433 1275 5479 et
1303 5425 1471 5495 pelles
1501 5428 1826 5482 cortiuarum
1849 5469 1864 5494 ,
1899 5429 1949 5482 in
1981 5429 2101 5500 qui-

510 5515 606 5568 bus
634 5514 918 5568 velmntur.

577 5605 766 5659 Contra
792 5607 990 5661 luxum.
1034 5609 1255 5664 zEdium
1286 5622 1512 5667 ornatus.
1540 5643 1611 5653 —
1641 5615 1735 5669 Dic
1767 5615 1894 5670 mihi
1915 5658 1929 5683 ,
1969 5617 2094 5688 quid

512 5695 644 5750 iurri
674 5710 778 5765 est,
804 5699 1003 5754 mulum
1026 5704 1106 5758 vel
1131 5718 1324 5773 equum
1353 5719 1484 5760 auro
1504 5708 1738 5762 ornare?
1758 5710 1950 5764 mulier
1975 5727 2102 5766 vero

517 5796 657 5842 tanta
685 5790 803 5844 auri
826 5788 1166 5864 lapidumque
1188 5796 1330 5852 mole
1351 5798 1699 5866 circumdata,
1720 5801 1844 5871 quid
1870 5807 2100 5873 amplius

1171 393 1226 448 S.
1269 389 1544 446 JOANNIS
1581 381 2055 442 CllliYSOSTOMl
2098 378 2413 436 ARCIIIEP.
2456 379 2990 439 CONSTANTINOP.

3643 397 3756 449 (ὶϋῆ

2157 495 2362 551 habet?
2391 497 2464 552 At
2489 499 2632 552 enim
2680 512 2870 562 aurea,
2917 495 3128 566 inquit,
3178 512 3285 552 non
3330 512 3754 563 consumuntur.

2151 580 2403 647 Quinimo
2430 591 2484 637 et
2514 581 2615 634 hoc
2645 582 2751 636 illis
2779 580 3023 635 accidere
3064 580 3356 646 affirmant,
3385 584 3475 652 qui
3501 584 3599 638 ista
3631 588 3744 640 cal-

2153 672 2264 727 lent
2287 715 2302 741 ,
2331 673 2476 744 quod
2505 673 2556 727 in
2586 673 2791 727 balneis
2831 682 2885 727 et
2909 673 3035 726 alibi
3066 687 3210 742 δτι-βε
3235 683 3289 727 et
3319 674 3526 742 lapides
3564 686 3620 730 et
3647 693 3745 730 au-

2154 782 2246 820 rea
2291 766 2513 820 multum
2545 766 2612 820 de
2642 765 2816 836 pretio
2850 763 3116 833 perdunt:
3152 779 3337 818 verum
3373 767 3443 820 sit
3471 766 3541 820 ita
3569 782 3699 822 sane
3725 807 3742 836 ,

2157 866 2212 910 ut
2242 857 2320 910 vis
2342 896 2357 920 ,
2389 856 2631 925 nihilque
2672 855 2972 919 lmdantur;
3000 853 3134 909 cedo
3178 855 3305 924 quid
3335 855 3468 909 lucri
3494 856 3518 908 ?
3561 858 3697 923 Quid
3724 860 3747 910 ?

2157 962 2280 1001 cum
2325 947 2624 1001 exciderint
2671 962 2735 1002 ac
2783 947 3074 1015 perierint,
3108 962 3286 1001 annon
3332 947 3586 1002 damnum
3617 955 3751 1004 est?

2157 1037 2294 1104 Quid
2327 1052 2454 1092 vero
2473 1079 2488 1104 ,
2517 1053 2640 1092 cum
2669 1037 2923 1092 invidiam
2947 1048 3108 1107 atque
3139 1037 3360 1092 insidias
3392 1040 3443 1092 in
3472 1054 3534 1094 se
3560 1042 3748 1096 conci-

2162 1132 2360 1196 tarint,
2394 1145 2573 1184 nonne
2617 1130 2916 1184 damnum?
2963 1129 3095 1184 Nam
3143 1131 3574 1201 quandoquidem
3618 1133 3752 1188 nihil

2161 1231 2388 1292 prosunt
2437 1223 2781 1277 circumdata:
2819 1222 3063 1287 mulieri,
3097 1221 3432 1276 inflammant
3464 1239 3590 1278 vero
3619 1224 3755 1277 invi-

2162 1313 2353 1368 dorum
2401 1313 2587 1368 oculos
2628 1321 2683 1367 et
2725 1313 2960 1367 latrones
3009 1313 3179 1383 magis
3231 1313 3466 1367 excitant
3514 1328 3528 1368 :
3574 1327 3756 1370 nonne

2163 1406 2416 1460 damnum
2463 1403 2734 1458 afferunt?
2772 1404 2912 1472 Quid
2938 1419 3072 1459 vero
3098 1446 3113 1470 ,
3147 1405 3232 1459 dic
3272 1405 3441 1471 mihi,
3475 1420 3596 1460 cum
3627 1406 3756 1460 licev

2167 1507 2251 1552 ret
2281 1498 2396 1551 viro
2419 1495 2503 1550 his
2533 1496 2606 1550 uti
2639 1495 2704 1549 ad
2736 1496 3006 1566 negotium
3031 1510 3225 1566 magno
3248 1512 3369 1550 cum
3392 1497 3758 1552 emolumento

2166 1591 2462 1660 gerendum
2485 1633 2500 1655 ,
2531 1605 2631 1645 nec
2662 1599 2839 1644 tamen
2866 1598 3042 1660 potest
3073 1591 3143 1644 ob
3165 1598 3492 1658 sumptuosa:
3517 1589 3758 1645 mulieris

2169 1683 2352 1738 luxum
2378 1723 2394 1750 ,
2425 1683 2743 1753 cogiturque
2782 1682 2896 1752 ipse
2917 1697 3039 1736 cum
3072 1680 3211 1736 fame
3236 1680 3536 1735 conflictari
3559 1722 3574 1746 ,
3608 1688 3664 1734 et
3702 1681 3758 1735 in

2169 1790 2409 1849 Summas
2451 1774 2644 1830 adduci
2670 1774 2947 1844 angustias
2970 1814 2985 1838 ,
3020 1773 3164 1827 illam
3193 1787 3322 1827 vero
3352 1783 3599 1842 spectare
3625 1787 3761 1826 auro

2170 1877 2455 1923 onustam:
2490 1881 2672 1921 nonne
2711 1865 2812 1920 hoc
2850 1865 3104 1920 damnum
3134 1864 3250 1919 est?
3287 1864 3575 1935 Propterea
3615 1864 3760 1920 enim

2174 1959 2414 2028 pecunia:
2441 1958 2598 2013 dicta:
2628 1966 2754 2012 sunt
2779 1969 3028 2028 χρήματα,
3057 1956 3109 2011 id
3139 1965 3221 2011 est
3243 1957 3394 2010 utilia
3419 1997 3434 2021 ,
3462 1973 3569 2011 non
3597 1967 3655 2010 ut
3683 1956 3763 2026 ip~

2176 2053 2250 2106 sis
2277 2051 2355 2105 sic
2378 2067 2475 2104 nos
2506 2059 2738 2116 utamur,
2767 2049 3218 2119 quemadmodum
3244 2058 3466 2115 utuntur
3484 2047 3764 2102 attrilicum

2179 2143 2445 2209 prothccac
2467 2182 2482 2206 ,
2512 2140 2606 2196 sed
2637 2149 2697 2195 ut
2720 2155 2787 2196 ex
2830 2141 2934 2195 illis
2964 2140 3174 2194 honesti
3204 2140 3478 2210 quidpiam
3521 2153 3764 2210 agamus.

2177 2234 2404 2301 Quando
2447 2234 2606 2302 igitur
2635 2233 2753 2286 auri
2804 2232 3070 2302 cupiditas
3118 2230 3170 2284 id
3219 2231 3440 2284 minimc
3468 2229 3766 2300 permittit,

2179 2342 2357 2380 annon
2397 2340 2485 2380 res
2512 2333 2621 2379 tota
2659 2324 2916 2379 damnum
2947 2323 3068 2378 est?
3113 2323 3244 2378 Nam
3274 2323 3365 2393 qui
3399 2324 3528 2392 ipsis
3555 2323 3629 2376 uti
3659 2338 3768 2377 non

2180 2419 2378 2484 audet,
2423 2418 2648 2489 perinde
2679 2432 2742 2472 ac
2785 2419 2832 2472 si
2860 2418 3033 2471 aliena
3061 2427 3279 2482 essent,
3311 2416 3381 2470 ita
3422 2432 3528 2469 non
3559 2417 3767 2482 utitur;

2182 2513 2394 2567 sublato
2446 2522 2625 2566 autem
2678 2525 2777 2564 usu
2823 2510 2936 2580 jam
2978 2525 3083 2564 non
3128 2516 3254 2564 sunt
3300 2521 3566 2578 χρήματα.
3597 2508 3649 2562 id
3688 2518 3772 2563 est

2185 2603 2358 2657 utilia.
2391 2602 2529 2670 Quid
2578 2617 2706 2657 vero
2732 2642 2746 2668 ,
2787 2617 2909 2656 cum
2948 2601 3092 2656 sedes
3133 2599 3442 2670 splendidas
3467 2609 3523 2654 et
3549 2615 3772 2670 magnas

2184 2695 2514 2751 a-dificamus
2538 2737 2552 2761 ,
2582 2697 2833 2765 ipsasque
2875 2705 2930 2750 et
2957 2695 3223 2749 columnis
3249 2704 3304 2749 et
3331 2693 3689 2748 marmoribus
3717 2702 3774 2748 et

2186 2788 2482 2859 porticibus
2547 2796 2602 2842 et
2653 2787 3132 2852 ambulationibus,
3197 2785 3476 2856 modisque
3527 2786 3778 2840 omnibus

2185 2894 2548 2945 exornamus,
2601 2879 2744 2932 idola
2803 2877 3002 2948 ubique
3056 2888 3111 2932 et
3155 2887 3360 2931 statuas
3409 2877 3776 2932 eollncantes?

2185 2969 2333 3025 Multi
2385 2969 2598 3039 quidem
2642 2984 2706 3023 ex
2754 2968 2838 3024 his
2885 2969 3045 3023 etiam
3093 2967 3368 3022 dzemonas
3420 2978 3643 3034 vocant;
3679 2969 3776 3023 sed

2189 3062 2501 3116 omittamus
2533 3075 2673 3114 nunc
2716 3059 2876 3114 istud.
2907 3059 3044 3126 Quid
3075 3058 3175 3114 sibi
3221 3059 3332 3112 vult
3355 3067 3410 3112 et
3451 3067 3650 3113 tectum
3678 3075 3744 3112 an
3765 3088 3779 3101 -

2189 3155 2382 3209 reum?
2431 3169 2612 3208 nonne
2658 3152 2890 3208 eundem
2923 3167 3074 3206 usum
3105 3167 3200 3205 sua
3229 3151 3304 3204 illi
3332 3151 3524 3206 domus
3553 3151 3776 3220 pra-bet,

2189 3246 2279 3316 qui
2302 3244 2401 3299 sibi
2434 3253 2612 3313 aptam
2642 3259 2704 3297 ac
2737 3244 3000 3298 modicam
3031 3243 3225 3297 habet?
3247 3244 3317 3297 At
3344 3244 3542 3308 habet,
3567 3244 3778 3314 inquit,

2190 3351 2435 3406 magnam
2457 3334 2890 3390 delectationem.
2913 3335 3054 3389 Sane
3073 3350 3234 3388 unum
3253 3342 3345 3388 ant
3363 3335 3591 3388 alterum
3615 3335 3778 3398 diem,

2192 3427 2394 3482 exinde
2423 3441 2552 3482 vero
2582 3428 2828 3481 minime.
2857 3424 2988 3480 Nam
3019 3426 3065 3480 si
3093 3427 3263 3480 solem
3294 3427 3469 3495 ipsum
3498 3441 3606 3481 non
3629 3426 3782 3480 valde

2191 3519 2525 3573 admiramur
2563 3558 2579 3584 ,
2637 3517 2778 3587 quod
2836 3519 2884 3573 ei
2939 3518 3167 3573 videndo
3214 3518 3582 3582 assuevimus,
3637 3527 3785 3572 certe

2193 3610 2364 3664 multo
2386 3611 2562 3664 minus
2593 3625 2757 3678 opera
2802 3609 2932 3664 artis
2959 3626 2973 3675 ;
3005 3608 3101 3664 sed
3144 3609 3311 3663 nihilo
3355 3609 3523 3679 magis
3548 3625 3706 3679 quam
3736 3610 3782 3664 si

2194 3701 2333 3756 lutea
2378 3711 2593 3766 essent,
2626 3701 2974 3756 attendimus.
3007 3700 3144 3768 Quid
3183 3701 3358 3766 enim,
3403 3700 3487 3755 dic
3516 3700 3648 3755 mihi
3671 3742 3686 3766 ,
3715 3701 3785 3755 ad

2193 3793 2567 3848 acditicationis
2590 3791 3025 3847 commoditatem
3055 3791 3341 3846 multitudo
3366 3792 3737 3846 columnarum
3765 3834 3782 3856 ,

2195 3894 2251 3940 et
2281 3884 2555 3954 signorum
2583 3883 2954 3954 pulchritudo,
2988 3891 3044 3938 et
3068 3899 3256 3938 aurum
3288 3884 3454 3937 muris
3485 3884 3783 3953 inspersum

2195 3975 2444 4030 ccmfert?
2496 3975 2639 4030 Nihil
2664 4017 2680 4042 ,
2709 3975 2804 4030 sed
2850 3976 3033 4030 omnia
3066 3975 3221 4029 luxus
3243 4015 3259 4040 ,
3290 3975 3599 4044 petulantiae
3623 4017 3639 4044 ,
3669 3976 3782 4030 ela-

2199 4065 2360 4120 tionis
2384 4066 2564 4121 nimiae
2586 4107 2601 4132 ,
2633 4082 2695 4122 ac
2716 4066 3002 4122 dementim
3027 4076 3168 4120 sunt.
3201 4065 3409 4137 Ubique
3449 4068 3592 4122 enim
3621 4067 3786 4123 rebus

2198 4157 2554 4223 necessariis,
2613 4157 2914 4228 quibusque
2961 4168 3207 4224 utamur,
3239 4157 3412 4213 danda
3453 4173 3617 4230 Opera
3665 4167 3783 4225 est,

2199 4265 2304 4303 nun
2355 4249 2651 4304 inutilibus.

2269 4341 2325 4396 4.
2368 4340 2530 4396 Vides
2575 4356 2690 4396 rem
2739 4341 2893 4396 istam
2926 4340 3181 4397 damnum
3209 4342 3373 4397 esse?
3403 4341 3552 4398 vides
3596 4357 3786 4413 supcr-

2199 4449 2486 4490 vacaneam
2509 4443 2561 4489 et
2582 4435 2822 4490 inutilem
2845 4435 2869 4485 ?
2892 4433 3024 4490 Nam
3048 4435 3092 4489 si
3117 4450 3290 4505 neque
3312 4435 3568 4505 majorem
3595 4451 3748 4491 usum
3765 4472 3787 4505 ,

2201 4539 2375 4595 neque
2422 4525 2834 4581 delectationem
2883 4525 3040 4581 affert
3091 4527 3438 4597 (procedente
3468 4528 3612 4582 enim
3647 4536 3784 4583 tem-

2203 4631 2331 4686 pore
2357 4619 2652 4671 satietatem
2681 4616 2839 4689 parit)
2864 4634 2878 4671 :
2908 4616 3037 4672 nihil
3060 4617 3203 4672 aliud
3229 4627 3311 4673 est
3331 4659 3346 4684 ,
3381 4619 3481 4673 nisi
3507 4619 3785 4674 damnum.

2201 4705 2307 4762 Sed
2338 4707 2557 4762 obstans
2594 4708 2764 4762 inanis
2789 4709 2975 4778 gloria:
3028 4709 3265 4764 studium
3296 4710 3456 4778 facit,
3490 4725 3558 4766 ne
3606 4711 3790 4766 videac

2201 4813 2340 4852 mus.
2375 4796 2448 4851 ita
2477 4797 2671 4853 Paulus
2701 4798 2917 4868 quidem
2939 4815 3058 4870 qua:
3086 4799 3233 4855 lucra
3261 4816 3381 4857 esse
3409 4801 3788 4867 arbitrabatur,

2203 4905 2266 4944 ea
2297 4891 2514 4960 reliquit
2542 4909 2557 4946 :
2592 4907 2690 4948 nos
2719 4908 2847 4947 vero
2876 4909 3052 4964 neque
3095 4910 3155 4950 ea
3179 4937 3192 4958 ,
3225 4910 3346 4965 qum
3399 4895 3592 4950 damna
3623 4905 3788 4960 sunt,

2204 4999 2302 5053 pro
2348 4984 2563 5039 Christo
2609 4986 3014 5056 relinquemus?
3043 4987 3330 5058 Quousque
3379 4989 3594 5044 tandem
3641 4987 3789 5044 humi

2203 5076 2364 5130 defixi
2400 5077 2765 5132 harrebimns?
2795 5095 3076 5150 quousque
3105 5080 3172 5134 ad
3204 5081 3398 5134 cazlum
3431 5095 3538 5135 non
3572 5090 3792 5151 specta-

2203 5167 2419 5223 bimus?
2449 5168 2564 5224 Non
2593 5169 2784 5224 videtis
2809 5186 2967 5226 senes
2991 5213 3008 5238 ,
3030 5187 3189 5241 quam
3212 5173 3415 5228 nullum
3439 5189 3622 5230 rerum
3647 5189 3792 5246 pra:-

2208 5261 2484 5316 teritarum
2527 5275 2744 5318 sensum
2775 5263 3015 5318 habent?
3061 5281 3165 5318 non
3212 5266 3404 5322 videtis
3451 5269 3746 5324 morientes
3772 5309 3788 5334 ,

2205 5366 2328 5407 cum
2375 5367 2565 5420 senes,
2611 5364 2720 5408 tum
2747 5354 3018 5424 juvenes?
3067 5373 3170 5410 non
3203 5358 3395 5414 videtis
3441 5376 3571 5428 eos,
3617 5361 3791 5432 quiin

2203 5445 2313 5500 vita
2335 5447 2452 5516 ipsa
2483 5447 2594 5502 suis
2623 5447 2789 5503 rebus
2810 5449 3020 5516 spoliati
3067 5452 3234 5506 sunt?
3261 5452 3371 5506 Cur
3416 5457 3576 5512 rebus
3622 5455 3792 5510 insta-

2206 5537 2402 5593 bilibus
2427 5537 2737 5592 inhiamus?
2759 5554 2858 5594 cur
2887 5541 3111 5596 infirmis
3159 5544 3489 5615 alligamur?
3514 5564 3794 5621 quousque

2208 5644 2314 5684 non
2350 5644 2734 5700 persequemur
2777 5645 3058 5708 manentes
3087 5651 3150 5692 ac
3189 5638 3456 5694 stabiles?
3501 5641 3638 5710 Quid
3685 5659 3791 5698 non

2207 5719 2401 5774 darent
2428 5736 2618 5786 senes,
2647 5739 2754 5792 quo
2781 5725 2968 5784 liceret
2993 5727 3265 5801 deponere
3309 5735 3685 5790 senectutem?
3728 5737 3794 5792 Et

2209 5821 2386 5868 tamen
2427 5827 2546 5884 qua:
2577 5812 2761 5870 isthmc
2806 5819 3071 5877 dementia
3112 5833 3192 5879 est
3238 5823 3303 5878 ad
3337 5825 3612 5886 pristinam
3660 5828 3793 5883 veli)
