  <div class='ocr_page' id='page_1' title='image "/cluster/home/n/w/nwhite01/storage/ocr_20150623/62:no.11/coo.31924054869627/266.png"; bbox 0 0 4184 6516; ppageno 0'>
   <div class='ocr_carea' id='block_1_1' title="bbox 401 393 503 448">
    <p class='ocr_par' dir='ltr' id='par_1_1' title="bbox 401 393 503 448">
     <span class='ocr_line' id='line_1_1' title="bbox 401 393 503 448; baseline -0.059 1"><span class='ocrx_word' id='word_1_1' title='bbox 401 393 503 448; x_wconf 66' lang='lat'>5239</span> 
     </span>
    </p>
   </div>
   <div class='ocr_carea' id='block_1_2' title="bbox 413 483 2000 570">
    <p class='ocr_par' dir='ltr' id='par_1_2' title="bbox 413 483 2000 570">
     <span class='ocr_line' id='line_1_2' title="bbox 413 483 2000 570; baseline -0.016 -9"><span class='ocrx_word' id='word_1_2' title='bbox 413 505 579 561; x_wconf 65' lang='grc' dir='ltr'>Ἀλλ’</span> <span class='ocrx_word' id='word_1_3' title='bbox 612 501 787 558; x_wconf 74' lang='grc' dir='ltr'>ἅτινα</span> <span class='ocrx_word' id='word_1_4' title='bbox 814 494 893 570; x_wconf 74' lang='grc' dir='ltr'>ἦν</span> <span class='ocrx_word' id='word_1_5' title='bbox 915 513 1015 568; x_wconf 80' lang='grc' dir='ltr'>μοι</span> <span class='ocrx_word' id='word_1_6' title='bbox 1055 495 1141 564; x_wconf 59' lang='grc' dir='ltr'>κέέ</span> <span class='ocrx_word' id='word_1_7' title='bbox 1161 493 1256 563; x_wconf 85' lang='grc' dir='ltr'>δη,</span> <span class='ocrx_word' id='word_1_8' title='bbox 1288 492 1476 547; x_wconf 78' lang='grc' dir='ltr'>ταῦτα</span> <span class='ocrx_word' id='word_1_9' title='bbox 1519 491 1744 562; x_wconf 74' lang='grc' dir='ltr'>ἥγημαι</span> <span class='ocrx_word' id='word_1_10' title='bbox 1773 486 1872 541; x_wconf 83' lang='grc' dir='ltr'>διὰ</span> <span class='ocrx_word' id='word_1_11' title='bbox 1893 483 2000 538; x_wconf 79' lang='grc' dir='ltr'>τὸν</span> 
     </span>
    </p>
   </div>
   <div class='ocr_carea' id='block_1_3' title="bbox 403 591 934 670">
    <p class='ocr_par' dir='ltr' id='par_1_3' title="bbox 403 591 934 670">
     <span class='ocr_line' id='line_1_3' title="bbox 403 591 934 670; baseline -0.023 -16"><span class='ocrx_word' id='word_1_12' title='bbox 403 595 668 670; x_wconf 76' lang='grc' dir='ltr'>Χριστὸν</span> <span class='ocrx_word' id='word_1_13' title='bbox 701 591 934 662; x_wconf 72' lang='grc' dir='ltr'>ζημίαν.</span> 
     </span>
    </p>
   </div>
   <div class='ocr_carea' id='block_1_4' title="bbox 474 783 2010 874">
    <p class='ocr_par' dir='ltr' id='par_1_4' title="bbox 474 783 2010 874">
     <span class='ocr_line' id='line_1_4' title="bbox 474 783 2010 874; baseline -0.012 -18"><span class='ocrx_word' id='word_1_14' title='bbox 474 800 768 874; x_wconf 68' lang='grc' dir='ltr'>γ’.Παῦλος</span> <span class='ocrx_word' id='word_1_15' title='bbox 787 798 885 868; x_wconf 78' lang='grc' dir='ltr'>μὲν</span> <span class='ocrx_word' id='word_1_16' title='bbox 899 795 1170 850; x_wconf 80' lang='grc' dir='ltr'>πολιτείαν</span> <span class='ocrx_word' id='word_1_17' title='bbox 1185 793 1357 857; x_wconf 76' lang='grc' dir='ltr'>οὕτως</span> <span class='ocrx_word' id='word_1_18' title='bbox 1374 790 1852 866; x_wconf 54' lang='grc' dir='ltr'>ἡκριὸωμένψρκ</span> <span class='ocrx_word' id='word_1_19' title='bbox 1866 783 2010 860; x_wconf 84' lang='grc' dir='ltr'>πρώ-</span> 
     </span>
    </p>
   </div>
   <div class='ocr_carea' id='block_1_5' title="bbox 404 881 2007 965">
    <p class='ocr_par' dir='ltr' id='par_1_5' title="bbox 404 881 2007 965">
     <span class='ocr_line' id='line_1_5' title="bbox 404 881 2007 965; baseline -0.009 -18"><span class='ocrx_word' id='word_1_20' title='bbox 404 911 506 965; x_wconf 83' lang='grc' dir='ltr'>της</span> <span class='ocrx_word' id='word_1_21' title='bbox 535 891 752 964; x_wconf 84' lang='grc' dir='ltr'>ἡλικίας</span> <span class='ocrx_word' id='word_1_22' title='bbox 774 889 1113 961; x_wconf 73' lang='grc' dir='ltr'>ἀρξαμένην,</span> <span class='ocrx_word' id='word_1_23' title='bbox 1149 886 1417 956; x_wconf 78' lang='grc' dir='ltr'>τοσαύτην</span> <span class='ocrx_word' id='word_1_24' title='bbox 1467 885 1770 953; x_wconf 87' lang='grc' dir='ltr'>εὐγένειαν,</span> <span class='ocrx_word' id='word_1_25' title='bbox 1816 881 2007 935; x_wconf 88' lang='grc' dir='ltr'>τοσού-</span> 
     </span>
    </p>
   </div>
   <div class='ocr_carea' id='block_1_6' title="bbox 407 970 2009 1047">
    <p class='ocr_par' dir='ltr' id='par_1_6' title="bbox 407 970 2009 1047">
     <span class='ocr_line' id='line_1_6' title="bbox 407 970 2009 1047; baseline -0.008 -11"><span class='ocrx_word' id='word_1_26' title='bbox 407 1002 533 1047; x_wconf 98' lang='grc' dir='ltr'>τους</span> <span class='ocrx_word' id='word_1_27' title='bbox 558 981 858 1045; x_wconf 79' lang='grc' dir='ltr'>κινδύνους,</span> <span class='ocrx_word' id='word_1_28' title='bbox 882 977 1154 1040; x_wconf 73' lang='grc' dir='ltr'>τοσαύτας</span> <span class='ocrx_word' id='word_1_29' title='bbox 1189 976 1508 1039; x_wconf 73' lang='grc' dir='ltr'>ἐπιϐουλὰς,</span> <span class='ocrx_word' id='word_1_30' title='bbox 1541 970 2009 1041; x_wconf 81' lang='grc' dir='ltr'>πόνους,σπουδὴν</span> 
     </span>
    </p>
   </div>
   <div class='ocr_carea' id='block_1_7' title="bbox 409 1061 2006 1149">
    <p class='ocr_par' dir='ltr' id='par_1_7' title="bbox 409 1061 2006 1149">
     <span class='ocr_line' id='line_1_7' title="bbox 409 1061 2006 1149; baseline -0.01 -20"><span class='ocrx_word' id='word_1_31' title='bbox 409 1075 622 1149; x_wconf 74' lang='grc' dir='ltr'>ἔρριψε,</span> <span class='ocrx_word' id='word_1_32' title='bbox 652 1073 750 1128; x_wconf 73' lang='grc' dir='ltr'>καὶ</span> <span class='ocrx_word' id='word_1_33' title='bbox 771 1070 978 1142; x_wconf 79' lang='grc' dir='ltr'>ζημίαν</span> <span class='ocrx_word' id='word_1_34' title='bbox 1037 1071 1305 1142; x_wconf 85' lang='grc' dir='ltr'>ἡγήσατο,</span> <span class='ocrx_word' id='word_1_35' title='bbox 1345 1067 1610 1139; x_wconf 89' lang='grc' dir='ltr'>πρότερον</span> <span class='ocrx_word' id='word_1_36' title='bbox 1640 1065 1772 1118; x_wconf 79' lang='grc' dir='ltr'>ὄντα</span> <span class='ocrx_word' id='word_1_37' title='bbox 1819 1061 2006 1132; x_wconf 87' lang='grc' dir='ltr'>κέρδη,</span> 
     </span>
    </p>
   </div>
   <div class='ocr_carea' id='block_1_8' title="bbox 409 1158 2011 1238">
    <p class='ocr_par' dir='ltr' id='par_1_8' title="bbox 409 1158 2011 1238">
     <span class='ocr_line' id='line_1_8' title="bbox 409 1158 2011 1238; baseline -0.01 -16"><span class='ocrx_word' id='word_1_38' title='bbox 409 1171 497 1222; x_wconf 80' lang='grc' dir='ltr'>ἵνα</span> <span class='ocrx_word' id='word_1_39' title='bbox 522 1166 755 1238; x_wconf 74' lang='grc' dir='ltr'>Χριστόν</span> <span class='ocrx_word' id='word_1_40' title='bbox 781 1161 1040 1234; x_wconf 83' lang='grc' dir='ltr'>κερδήσῃ·</span> <span class='ocrx_word' id='word_1_41' title='bbox 1082 1162 1240 1232; x_wconf 82' lang='grc' dir='ltr'>ἡμεῖς</span> <span class='ocrx_word' id='word_1_42' title='bbox 1273 1161 1328 1214; x_wconf 91' lang='lat'>65</span> <span class='ocrx_word' id='word_1_43' title='bbox 1351 1161 1471 1214; x_wconf 82' lang='grc' dir='ltr'>οὐδὲ</span> <span class='ocrx_word' id='word_1_44' title='bbox 1512 1158 1810 1229; x_wconf 87' lang='grc' dir='ltr'>χρημάτων</span> <span class='ocrx_word' id='word_1_45' title='bbox 1841 1170 2011 1209; x_wconf 86' lang='grc' dir='ltr'>κατα-</span> 
     </span>
    </p>
   </div>
   <div class='ocr_carea' id='block_1_9' title="bbox 411 1245 2010 1331">
    <p class='ocr_par' dir='ltr' id='par_1_9' title="bbox 411 1245 2010 1331">
     <span class='ocr_line' id='line_1_9' title="bbox 411 1245 2010 1331; baseline -0.019 -17"><span class='ocrx_word' id='word_1_46' title='bbox 411 1257 759 1331; x_wconf 80' lang='grc' dir='ltr'>φρονοῦμεν,</span> <span class='ocrx_word' id='word_1_47' title='bbox 815 1255 903 1308; x_wconf 83' lang='grc' dir='ltr'>ῖνα</span> <span class='ocrx_word' id='word_1_48' title='bbox 969 1251 1207 1324; x_wconf 73' lang='grc' dir='ltr'>Χριστὸν</span> <span class='ocrx_word' id='word_1_49' title='bbox 1243 1251 1621 1322; x_wconf 79' lang='grc' dir='ltr'>κερδήσωμεν,</span> <span class='ocrx_word' id='word_1_50' title='bbox 1673 1247 1787 1301; x_wconf 88' lang='grc' dir='ltr'>ἀλλ’</span> <span class='ocrx_word' id='word_1_51' title='bbox 1821 1245 2010 1316; x_wconf 63' lang='grc' dir='ltr'>αἱροῦ-</span> 
     </span>
    </p>
   </div>
   <div class='ocr_carea' id='block_1_10' title="bbox 416 1335 2013 1420">
    <p class='ocr_par' dir='ltr' id='par_1_10' title="bbox 416 1335 2013 1420">
     <span class='ocr_line' id='line_1_10' title="bbox 416 1335 2013 1420; baseline -0.009 -16"><span class='ocrx_word' id='word_1_52' title='bbox 416 1351 557 1420; x_wconf 90' lang='grc' dir='ltr'>μεθα</span> <span class='ocrx_word' id='word_1_53' title='bbox 600 1348 802 1420; x_wconf 80' lang='grc' dir='ltr'>μᾶλλον</span> <span class='ocrx_word' id='word_1_54' title='bbox 840 1347 1097 1401; x_wconf 80' lang='grc' dir='ltr'>ἐκπεσεῖν</span> <span class='ocrx_word' id='word_1_55' title='bbox 1145 1345 1244 1415; x_wconf 80' lang='grc' dir='ltr'>τῆς</span> <span class='ocrx_word' id='word_1_56' title='bbox 1285 1342 1585 1414; x_wconf 85' lang='grc' dir='ltr'>μελλούσης</span> <span class='ocrx_word' id='word_1_57' title='bbox 1630 1339 1798 1410; x_wconf 82' lang='grc' dir='ltr'>ζωῆς,</span> <span class='ocrx_word' id='word_1_58' title='bbox 1840 1339 1872 1410; x_wconf 78' lang='grc' dir='ltr'>ἢ</span> <span class='ocrx_word' id='word_1_59' title='bbox 1906 1335 2013 1391; x_wconf 86' lang='grc' dir='ltr'>τῶν</span> 
     </span>
    </p>
   </div>
   <div class='ocr_carea' id='block_1_11' title="bbox 413 1426 2016 1512">
    <p class='ocr_par' dir='ltr' id='par_1_11' title="bbox 413 1426 2016 1512">
     <span class='ocr_line' id='line_1_11' title="bbox 413 1426 2016 1512; baseline -0.009 -18"><span class='ocrx_word' id='word_1_60' title='bbox 413 1441 703 1512; x_wconf 78' lang='grc' dir='ltr'>παρόντων</span> <span class='ocrx_word' id='word_1_61' title='bbox 740 1437 1109 1508; x_wconf 84' lang='grc' dir='ltr'>πραγμάτων·</span> <span class='ocrx_word' id='word_1_62' title='bbox 1155 1435 1332 1490; x_wconf 89' lang='grc' dir='ltr'>καίτοι</span> <span class='ocrx_word' id='word_1_63' title='bbox 1389 1450 1453 1502; x_wconf 89' lang='grc' dir='ltr'>γε</span> <span class='ocrx_word' id='word_1_64' title='bbox 1480 1431 1634 1485; x_wconf 81' lang='grc' dir='ltr'>οὐδὲν</span> <span class='ocrx_word' id='word_1_65' title='bbox 1687 1431 1816 1485; x_wconf 84' lang='grc' dir='ltr'>ἄλλο</span> <span class='ocrx_word' id='word_1_66' title='bbox 1857 1426 2016 1482; x_wconf 84' lang='grc' dir='ltr'>τοῦτό</span> 
     </span>
    </p>
   </div>
   <div class='ocr_carea' id='block_1_12' title="bbox 414 1525 2014 1608">
    <p class='ocr_par' dir='ltr' id='par_1_12' title="bbox 414 1525 2014 1608">
     <span class='ocr_line' id='line_1_12' title="bbox 414 1525 2014 1608; baseline -0.007 -18"><span class='ocrx_word' id='word_1_67' title='bbox 414 1539 586 1602; x_wconf 91' lang='grc' dir='ltr'>ἐστιν,</span> <span class='ocrx_word' id='word_1_68' title='bbox 639 1535 673 1608; x_wconf 84' lang='grc' dir='ltr'>ἦ</span> <span class='ocrx_word' id='word_1_69' title='bbox 707 1533 901 1604; x_wconf 79' lang='grc' dir='ltr'>ζημία.</span> <span class='ocrx_word' id='word_1_70' title='bbox 937 1531 1076 1585; x_wconf 74' lang='grc' dir='ltr'><strong>Εἰπὲ</strong></span> <span class='ocrx_word' id='word_1_71' title='bbox 1105 1530 1215 1603; x_wconf 85' lang='grc' dir='ltr'>γάρ</span> <span class='ocrx_word' id='word_1_72' title='bbox 1250 1547 1364 1600; x_wconf 89' lang='grc' dir='ltr'>μοι,</span> <span class='ocrx_word' id='word_1_73' title='bbox 1413 1527 1537 1581; x_wconf 85' lang='grc' dir='ltr'>καθ’</span> <span class='ocrx_word' id='word_1_74' title='bbox 1570 1526 1801 1580; x_wconf 73' lang='grc' dir='ltr'>ἕκαστον</span> <span class='ocrx_word' id='word_1_75' title='bbox 1824 1525 2014 1590; x_wconf 61' lang='lat'>55516:-</span> 
     </span>
    </p>
   </div>
   <div class='ocr_carea' id='block_1_13' title="bbox 419 1618 2016 1701">
    <p class='ocr_par' dir='ltr' id='par_1_13' title="bbox 419 1618 2016 1701">
     <span class='ocr_line' id='line_1_13' title="bbox 419 1618 2016 1701; baseline -0.008 -18"><span class='ocrx_word' id='word_1_76' title='bbox 419 1646 602 1701; x_wconf 88' lang='grc' dir='ltr'>σωμεν</span> <span class='ocrx_word' id='word_1_77' title='bbox 635 1627 742 1680; x_wconf 83' lang='grc' dir='ltr'>τῶν</span> <span class='ocrx_word' id='word_1_78' title='bbox 764 1623 856 1680; x_wconf 91' lang='grc' dir='ltr'>τοῦ</span> <span class='ocrx_word' id='word_1_79' title='bbox 891 1623 1122 1679; x_wconf 87' lang='grc' dir='ltr'>πλούτου</span> <span class='ocrx_word' id='word_1_80' title='bbox 1154 1623 1517 1695; x_wconf 84' lang='grc' dir='ltr'>πραγμάτων,</span> <span class='ocrx_word' id='word_1_81' title='bbox 1545 1621 1594 1674; x_wconf 83' lang='grc' dir='ltr'>εί</span> <span class='ocrx_word' id='word_1_82' title='bbox 1627 1621 1703 1691; x_wconf 80' lang='grc' dir='ltr'>μὴ</span> <span class='ocrx_word' id='word_1_83' title='bbox 1733 1618 1905 1689; x_wconf 89' lang='grc' dir='ltr'>ζημία</span> <span class='ocrx_word' id='word_1_84' title='bbox 1932 1618 2016 1681; x_wconf 90' lang='grc' dir='ltr'>τίς</span> 
     </span>
    </p>
   </div>
   <div class='ocr_carea' id='block_1_14' title="bbox 419 1710 2017 1790">
    <p class='ocr_par' dir='ltr' id='par_1_14' title="bbox 419 1710 2017 1790">
     <span class='ocr_line' id='line_1_14' title="bbox 419 1710 2017 1790; baseline -0.007 -16"><span class='ocrx_word' id='word_1_85' title='bbox 419 1725 558 1786; x_wconf 84' lang='grc' dir='ltr'>ἐστι,</span> <span class='ocrx_word' id='word_1_86' title='bbox 590 1720 748 1774; x_wconf 80' lang='grc' dir='ltr'>πόνον</span> <span class='ocrx_word' id='word_1_87' title='bbox 792 1719 891 1790; x_wconf 85' lang='grc' dir='ltr'>μὲν</span> <span class='ocrx_word' id='word_1_88' title='bbox 913 1718 1120 1787; x_wconf 78' lang='grc' dir='ltr'>ἄφατον</span> <span class='ocrx_word' id='word_1_89' title='bbox 1160 1716 1380 1786; x_wconf 79' lang='grc' dir='ltr'>ἔχουσα,</span> <span class='ocrx_word' id='word_1_90' title='bbox 1428 1714 1618 1784; x_wconf 82' lang='grc' dir='ltr'>κέρδος</span> <span class='ocrx_word' id='word_1_91' title='bbox 1672 1712 1726 1765; x_wconf 85' lang='lat'>65</span> <span class='ocrx_word' id='word_1_92' title='bbox 1749 1711 1923 1765; x_wconf 90' lang='grc' dir='ltr'>οὐδέν.</span> <span class='ocrx_word' id='word_1_93' title='bbox 1951 1710 2017 1763; x_wconf 90' lang='grc' dir='ltr'>Τί</span> 
     </span>
    </p>
   </div>
   <div class='ocr_carea' id='block_1_15' title="bbox 419 1799 2017 1883">
    <p class='ocr_par' dir='ltr' id='par_1_15' title="bbox 419 1799 2017 1883">
     <span class='ocr_line' id='line_1_15' title="bbox 419 1799 2017 1883; baseline -0.008 -18"><span class='ocrx_word' id='word_1_94' title='bbox 419 1813 551 1883; x_wconf 78' lang='grc' dir='ltr'>γὰρ,</span> <span class='ocrx_word' id='word_1_95' title='bbox 579 1810 701 1865; x_wconf 86' lang='grc' dir='ltr'>είπέ</span> <span class='ocrx_word' id='word_1_96' title='bbox 732 1808 908 1881; x_wconf 84' lang='grc' dir='ltr'>μοι,τὺ</span> <span class='ocrx_word' id='word_1_97' title='bbox 933 1807 1122 1877; x_wconf 80' lang='grc' dir='ltr'>δφελος</span> <span class='ocrx_word' id='word_1_98' title='bbox 1146 1805 1254 1859; x_wconf 76' lang='grc' dir='ltr'>ἀπο</span> <span class='ocrx_word' id='word_1_99' title='bbox 1283 1804 1393 1858; x_wconf 84' lang='grc' dir='ltr'>τῶν</span> <span class='ocrx_word' id='word_1_100' title='bbox 1419 1801 1630 1856; x_wconf 78' lang='grc' dir='ltr'>πολλῶν</span> <span class='ocrx_word' id='word_1_101' title='bbox 1645 1802 1754 1854; x_wconf 84' lang='grc' dir='ltr'>τῶν</span> <span class='ocrx_word' id='word_1_102' title='bbox 1781 1799 2017 1869; x_wconf 77' lang='grc' dir='ltr'>ἱματίων</span> 
     </span>
    </p>
   </div>
   <div class='ocr_carea' id='block_1_16' title="bbox 419 1883 2020 1968">
    <p class='ocr_par' dir='ltr' id='par_1_16' title="bbox 419 1883 2020 1968">
     <span class='ocr_line' id='line_1_16' title="bbox 419 1883 2020 1968; baseline -0.01 -9"><span class='ocrx_word' id='word_1_103' title='bbox 419 1906 516 1960; x_wconf 74' lang='grc' dir='ltr'>καὶ</span> <span class='ocrx_word' id='word_1_104' title='bbox 551 1883 896 1966; x_wconf 69' lang='grc' dir='ltr'>πολυτελῖἶιν;</span> <span class='ocrx_word' id='word_1_105' title='bbox 923 1899 976 1953; x_wconf 86' lang='grc' dir='ltr'>τί</span> <span class='ocrx_word' id='word_1_106' title='bbox 1022 1895 1389 1968; x_wconf 85' lang='grc' dir='ltr'>καρπούμεθα</span> <span class='ocrx_word' id='word_1_107' title='bbox 1432 1894 1645 1966; x_wconf 80' lang='grc' dir='ltr'>κέρδος,</span> <span class='ocrx_word' id='word_1_108' title='bbox 1708 1892 1837 1945; x_wconf 80' lang='grc' dir='ltr'>ὅταν</span> <span class='ocrx_word' id='word_1_109' title='bbox 1879 1889 2020 1943; x_wconf 87' lang='grc' dir='ltr'>αὐτά</span> 
     </span>
    </p>
   </div>
   <div class='ocr_carea' id='block_1_17' title="bbox 420 1980 2021 2066">
    <p class='ocr_par' dir='ltr' id='par_1_17' title="bbox 420 1980 2021 2066">
     <span class='ocr_line' id='line_1_17' title="bbox 420 1980 2021 2066; baseline -0.012 -15"><span class='ocrx_word' id='word_1_110' title='bbox 420 1992 571 2066; x_wconf 75' lang='grc' dir='ltr'>ὦμεν</span> <span class='ocrx_word' id='word_1_111' title='bbox 605 1991 1022 2064; x_wconf 89' lang='grc' dir='ltr'>περικείμενοι;</span> <span class='ocrx_word' id='word_1_112' title='bbox 1084 1988 1272 2054; x_wconf 80' lang='grc' dir='ltr'>Οὐδὲν,</span> <span class='ocrx_word' id='word_1_113' title='bbox 1307 1986 1422 2041; x_wconf 86' lang='grc' dir='ltr'>ἀλλ’</span> <span class='ocrx_word' id='word_1_114' title='bbox 1453 1986 1486 2057; x_wconf 84' lang='grc' dir='ltr'><strong>ἦ</strong></span> <span class='ocrx_word' id='word_1_115' title='bbox 1542 1981 1889 2055; x_wconf 86' lang='grc' dir='ltr'>ζημιούμεθα</span> <span class='ocrx_word' id='word_1_116' title='bbox 1922 1980 2021 2052; x_wconf 89' lang='grc' dir='ltr'>μό-</span> 
     </span>
    </p>
   </div>
   <div class='ocr_carea' id='block_1_18' title="bbox 425 2071 2023 2152">
    <p class='ocr_par' dir='ltr' id='par_1_18' title="bbox 425 2071 2023 2152">
     <span class='ocr_line' id='line_1_18' title="bbox 425 2071 2023 2152; baseline -0.011 -11"><span class='ocrx_word' id='word_1_117' title='bbox 425 2105 533 2142; x_wconf 88' lang='grc' dir='ltr'>νον.</span> <span class='ocrx_word' id='word_1_118' title='bbox 562 2085 724 2152; x_wconf 83' lang='grc' dir='ltr'>Πῶς;</span> <span class='ocrx_word' id='word_1_119' title='bbox 761 2083 885 2138; x_wconf 83' lang='grc' dir='ltr'>Ὅτι</span> <span class='ocrx_word' id='word_1_120' title='bbox 906 2082 999 2135; x_wconf 76' lang='grc' dir='ltr'>καὶ</span> <span class='ocrx_word' id='word_1_121' title='bbox 1023 2083 1052 2135; x_wconf 87' lang='grc' dir='ltr'>ὁ</span> <span class='ocrx_word' id='word_1_122' title='bbox 1082 2080 1251 2150; x_wconf 81' lang='grc' dir='ltr'>πένης</span> <span class='ocrx_word' id='word_1_123' title='bbox 1282 2076 1496 2140; x_wconf 80' lang='grc' dir='ltr'>εὐτελὲς</span> <span class='ocrx_word' id='word_1_124' title='bbox 1530 2076 1626 2130; x_wconf 72' lang='grc' dir='ltr'>καὶ</span> <span class='ocrx_word' id='word_1_125' title='bbox 1658 2071 2023 2146; x_wconf 76' lang='grc' dir='ltr'>ἐκτετριμμέο</span> 
     </span>
    </p>
   </div>
   <div class='ocr_carea' id='block_1_19' title="bbox 425 2163 2024 2248">
    <p class='ocr_par' dir='ltr' id='par_1_19' title="bbox 425 2163 2024 2248">
     <span class='ocr_line' id='line_1_19' title="bbox 425 2163 2024 2248; baseline -0.012 -15"><span class='ocrx_word' id='word_1_126' title='bbox 425 2195 515 2234; x_wconf 89' lang='grc' dir='ltr'>νον</span> <span class='ocrx_word' id='word_1_127' title='bbox 541 2177 741 2248; x_wconf 84' lang='grc' dir='ltr'>φορῶν,</span> <span class='ocrx_word' id='word_1_128' title='bbox 773 2176 832 2228; x_wconf 91' lang='grc' dir='ltr'>ἐν</span> <span class='ocrx_word' id='word_1_129' title='bbox 873 2173 950 2244; x_wconf 83' lang='grc' dir='ltr'>τῷ</span> <span class='ocrx_word' id='word_1_130' title='bbox 976 2172 1171 2226; x_wconf 77' lang='grc' dir='ltr'>θάλπει</span> <span class='ocrx_word' id='word_1_131' title='bbox 1205 2168 1358 2223; x_wconf 76' lang='grc' dir='ltr'>οὐδὲν</span> <span class='ocrx_word' id='word_1_132' title='bbox 1405 2165 1500 2220; x_wconf 89' lang='grc' dir='ltr'>σοῦ</span> <span class='ocrx_word' id='word_1_133' title='bbox 1534 2169 1715 2238; x_wconf 83' lang='grc' dir='ltr'>χεῖρον</span> <span class='ocrx_word' id='word_1_134' title='bbox 1757 2165 1912 2236; x_wconf 89' lang='grc' dir='ltr'>φέρει</span> <span class='ocrx_word' id='word_1_135' title='bbox 1961 2163 2024 2215; x_wconf 85' lang='grc' dir='ltr'>τὸ</span> 
     </span>
    </p>
   </div>
   <div class='ocr_carea' id='block_1_20' title="bbox 424 2256 2021 2341">
    <p class='ocr_par' dir='ltr' id='par_1_20' title="bbox 424 2256 2021 2341">
     <span class='ocr_line' id='line_1_20' title="bbox 424 2256 2021 2341; baseline -0.013 -15"><span class='ocrx_word' id='word_1_136' title='bbox 424 2269 636 2341; x_wconf 77' lang='grc' dir='ltr'>καῦμα·</span> <span class='ocrx_word' id='word_1_137' title='bbox 675 2266 877 2339; x_wconf 80' lang='grc' dir='ltr'>μᾶλλον</span> <span class='ocrx_word' id='word_1_138' title='bbox 915 2265 972 2318; x_wconf 91' lang='lat'>65</span> <span class='ocrx_word' id='word_1_139' title='bbox 1023 2265 1230 2325; x_wconf 87' lang='grc' dir='ltr'>ἐκεῖνος</span> <span class='ocrx_word' id='word_1_140' title='bbox 1260 2259 1647 2329; x_wconf 79' lang='grc' dir='ltr'>εὐκολώτερον·</span> <span class='ocrx_word' id='word_1_141' title='bbox 1681 2257 1750 2311; x_wconf 78' lang='grc' dir='ltr'>τὰ</span> <span class='ocrx_word' id='word_1_142' title='bbox 1779 2257 1887 2328; x_wconf 81' lang='grc' dir='ltr'>γὰρ</span> <span class='ocrx_word' id='word_1_143' title='bbox 1929 2256 2021 2307; x_wconf 87' lang='grc' dir='ltr'>ἐκ-</span> 
     </span>
    </p>
   </div>
   <div class='ocr_carea' id='block_1_21' title="bbox 422 2345 2026 2432">
    <p class='ocr_par' dir='ltr' id='par_1_21' title="bbox 422 2345 2026 2432">
     <span class='ocr_line' id='line_1_21' title="bbox 422 2345 2026 2432; baseline -0.01 -18"><span class='ocrx_word' id='word_1_144' title='bbox 422 2359 764 2432; x_wconf 88' lang='grc' dir='ltr'>τετριμμένα</span> <span class='ocrx_word' id='word_1_145' title='bbox 798 2355 909 2410; x_wconf 86' lang='grc' dir='ltr'>τῶν</span> <span class='ocrx_word' id='word_1_146' title='bbox 935 2353 1166 2425; x_wconf 80' lang='grc' dir='ltr'>ἱματίων</span> <span class='ocrx_word' id='word_1_147' title='bbox 1204 2351 1300 2405; x_wconf 81' lang='grc' dir='ltr'>καὶ</span> <span class='ocrx_word' id='word_1_148' title='bbox 1324 2351 1463 2422; x_wconf 89' lang='grc' dir='ltr'>μόνα</span> <span class='ocrx_word' id='word_1_149' title='bbox 1483 2349 1863 2420; x_wconf 81' lang='grc' dir='ltr'>περικείμενα,</span> <span class='ocrx_word' id='word_1_150' title='bbox 1889 2345 2026 2416; x_wconf 79' lang='grc' dir='ltr'>μᾶλ-</span> 
     </span>
    </p>
   </div>
   <div class='ocr_carea' id='block_1_22' title="bbox 425 2433 2024 2518">
    <p class='ocr_par' dir='ltr' id='par_1_22' title="bbox 425 2433 2024 2518">
     <span class='ocr_line' id='line_1_22' title="bbox 425 2433 2024 2518; baseline -0.012 -13"><span class='ocrx_word' id='word_1_151' title='bbox 425 2452 517 2505; x_wconf 92' lang='grc' dir='ltr'>λον</span> <span class='ocrx_word' id='word_1_152' title='bbox 548 2449 731 2518; x_wconf 80' lang='grc' dir='ltr'>ἀνίησι</span> <span class='ocrx_word' id='word_1_153' title='bbox 776 2447 839 2500; x_wconf 91' lang='lat'>16</span> <span class='ocrx_word' id='word_1_154' title='bbox 892 2443 1071 2514; x_wconf 84' lang='grc' dir='ltr'>σῶμα·</span> <span class='ocrx_word' id='word_1_155' title='bbox 1114 2442 1182 2496; x_wconf 76' lang='grc' dir='ltr'>τΞι</span> <span class='ocrx_word' id='word_1_156' title='bbox 1234 2441 1292 2494; x_wconf 83' lang='lat'>65</span> <span class='ocrx_word' id='word_1_157' title='bbox 1342 2436 1874 2499; x_wconf 89' lang='grc' dir='ltr'>νεοκατασκεύαστα,</span> <span class='ocrx_word' id='word_1_158' title='bbox 1920 2433 2024 2488; x_wconf 74' lang='grc' dir='ltr'>κᾶν</span> 
     </span>
    </p>
   </div>
   <div class='ocr_carea' id='block_1_23' title="bbox 429 2526 2026 2612">
    <p class='ocr_par' dir='ltr' id='par_1_23' title="bbox 429 2526 2026 2612">
     <span class='ocr_line' id='line_1_23' title="bbox 429 2526 2026 2612; baseline -0.012 -16"><span class='ocrx_word' id='word_1_159' title='bbox 429 2537 676 2612; x_wconf 81' lang='grc' dir='ltr'>ἀράχνὴς</span> <span class='ocrx_word' id='word_1_160' title='bbox 697 2534 1068 2611; x_wconf 82' lang='grc' dir='ltr'>ᾗλεπτότερα,</span> <span class='ocrx_word' id='word_1_161' title='bbox 1094 2533 1194 2604; x_wconf 86' lang='grc' dir='ltr'>οὐχ</span> <span class='ocrx_word' id='word_1_162' title='bbox 1222 2531 1444 2602; x_wconf 85' lang='grc' dir='ltr'>ὁμοίως.</span> <span class='ocrx_word' id='word_1_163' title='bbox 1473 2531 1585 2584; x_wconf 78' lang='grc' dir='ltr'>Καὶ</span> <span class='ocrx_word' id='word_1_164' title='bbox 1611 2530 1674 2583; x_wconf 82' lang='grc' dir='ltr'>σὺ</span> <span class='ocrx_word' id='word_1_165' title='bbox 1701 2529 1800 2600; x_wconf 80' lang='grc' dir='ltr'>μὲν</span> <span class='ocrx_word' id='word_1_166' title='bbox 1824 2526 1914 2580; x_wconf 85' lang='grc' dir='ltr'>διὰ</span> <span class='ocrx_word' id='word_1_167' title='bbox 1935 2526 2026 2579; x_wconf 75' lang='grc' dir='ltr'>τὸν</span> 
     </span>
    </p>
   </div>
   <div class='ocr_carea' id='block_1_24' title="bbox 438 2617 2025 2702">
    <p class='ocr_par' dir='ltr' id='par_1_24' title="bbox 438 2617 2025 2702">
     <span class='ocr_line' id='line_1_24' title="bbox 438 2617 2025 2702; baseline -0.011 -17"><span class='ocrx_word' id='word_1_168' title='bbox 438 2634 610 2702; x_wconf 84' lang='grc' dir='ltr'>τῦφον</span> <span class='ocrx_word' id='word_1_169' title='bbox 652 2630 742 2683; x_wconf 84' lang='grc' dir='ltr'>τὸν</span> <span class='ocrx_word' id='word_1_170' title='bbox 768 2625 1025 2698; x_wconf 82' lang='grc' dir='ltr'>περιττὸν</span> <span class='ocrx_word' id='word_1_171' title='bbox 1051 2625 1146 2678; x_wconf 79' lang='grc' dir='ltr'>καὶ</span> <span class='ocrx_word' id='word_1_172' title='bbox 1183 2622 1538 2694; x_wconf 84' lang='grc' dir='ltr'>χιτωνίσκους</span> <span class='ocrx_word' id='word_1_173' title='bbox 1579 2620 1692 2686; x_wconf 84' lang='grc' dir='ltr'>δύο,</span> <span class='ocrx_word' id='word_1_174' title='bbox 1718 2619 1811 2672; x_wconf 70' lang='grc' dir='ltr'>καὶ</span> <span class='ocrx_word' id='word_1_175' title='bbox 1854 2617 2025 2690; x_wconf 85' lang='grc' dir='ltr'>τρεῖς,</span> 
     </span>
    </p>
   </div>
   <div class='ocr_carea' id='block_1_25' title="bbox 431 2708 2024 2788">
    <p class='ocr_par' dir='ltr' id='par_1_25' title="bbox 431 2708 2024 2788">
     <span class='ocr_line' id='line_1_25' title="bbox 431 2708 2024 2788; baseline -0.009 -14"><span class='ocrx_word' id='word_1_176' title='bbox 431 2721 692 2782; x_wconf 81' lang='grc' dir='ltr'>πολλάκις</span> <span class='ocrx_word' id='word_1_177' title='bbox 712 2719 806 2773; x_wconf 78' lang='grc' dir='ltr'>καὶ</span> <span class='ocrx_word' id='word_1_178' title='bbox 820 2716 1040 2788; x_wconf 79' lang='grc' dir='ltr'>χλανίδα</span> <span class='ocrx_word' id='word_1_179' title='bbox 1061 2715 1154 2768; x_wconf 77' lang='grc' dir='ltr'>καὶ</span> <span class='ocrx_word' id='word_1_180' title='bbox 1175 2712 1375 2779; x_wconf 90' lang='grc' dir='ltr'>ζώνην,</span> <span class='ocrx_word' id='word_1_181' title='bbox 1399 2713 1493 2781; x_wconf 59' lang='grc' dir='ltr'>καὶ⁵</span> <span class='ocrx_word' id='word_1_182' title='bbox 1516 2711 1841 2781; x_wconf 77' lang='grc' dir='ltr'>ἀναξυρίδας</span> <span class='ocrx_word' id='word_1_183' title='bbox 1863 2708 2024 2779; x_wconf 71' lang='grc' dir='ltr'>ἔχεις·</span> 
     </span>
    </p>
   </div>
   <div class='ocr_carea' id='block_1_26' title="bbox 430 2801 2030 2883">
    <p class='ocr_par' dir='ltr' id='par_1_26' title="bbox 430 2801 2030 2883">
     <span class='ocr_line' id='line_1_26' title="bbox 430 2801 2030 2883; baseline -0.01 -15"><span class='ocrx_word' id='word_1_184' title='bbox 430 2812 627 2883; x_wconf 83' lang='grc' dir='ltr'>ἐκείνῳ</span> <span class='ocrx_word' id='word_1_185' title='bbox 653 2811 710 2864; x_wconf 84' lang='grc' dir='ltr'>δὲ</span> <span class='ocrx_word' id='word_1_186' title='bbox 737 2809 913 2873; x_wconf 76' lang='grc' dir='ltr'>οὐδεὶς</span> <span class='ocrx_word' id='word_1_187' title='bbox 931 2806 1151 2876; x_wconf 79' lang='grc' dir='ltr'>ἐγκαλεῖ</span> <span class='ocrx_word' id='word_1_188' title='bbox 1183 2806 1279 2859; x_wconf 77' lang='grc' dir='ltr'>ἕνα</span> <span class='ocrx_word' id='word_1_189' title='bbox 1313 2804 1681 2875; x_wconf 84' lang='grc' dir='ltr'>περικειμένῳ</span> <span class='ocrx_word' id='word_1_190' title='bbox 1709 2801 2030 2873; x_wconf 84' lang='grc' dir='ltr'>χιτωνίσκον</span> 
     </span>
    </p>
   </div>
   <div class='ocr_carea' id='block_1_27' title="bbox 436 2891 2032 2976">
    <p class='ocr_par' dir='ltr' id='par_1_27' title="bbox 436 2891 2032 2976">
     <span class='ocr_line' id='line_1_27' title="bbox 436 2891 2032 2976; baseline -0.01 -17"><span class='ocrx_word' id='word_1_191' title='bbox 436 2905 619 2976; x_wconf 88' lang='grc' dir='ltr'>μόνον·</span> <span class='ocrx_word' id='word_1_192' title='bbox 651 2902 793 2955; x_wconf 82' lang='grc' dir='ltr'>ὥστε</span> <span class='ocrx_word' id='word_1_193' title='bbox 823 2897 1188 2968; x_wconf 78' lang='grc' dir='ltr'>εὐκολώτερον</span> <span class='ocrx_word' id='word_1_194' title='bbox 1220 2897 1375 2967; x_wconf 81' lang='grc' dir='ltr'>φέρει</span> <span class='ocrx_word' id='word_1_195' title='bbox 1404 2895 1464 2948; x_wconf 89' lang='lat'>16</span> <span class='ocrx_word' id='word_1_196' title='bbox 1493 2894 1702 2964; x_wconf 89' lang='grc' dir='ltr'>καῦμα.</span> <span class='ocrx_word' id='word_1_197' title='bbox 1746 2894 1878 2945; x_wconf 73' lang='grc' dir='ltr'>Ἀπὸ</span> <span class='ocrx_word' id='word_1_198' title='bbox 1906 2891 2032 2944; x_wconf 86' lang='grc' dir='ltr'>τού-</span> 
     </span>
    </p>
   </div>
   <div class='ocr_carea' id='block_1_28' title="bbox 431 2984 2032 3066">
    <p class='ocr_par' dir='ltr' id='par_1_28' title="bbox 431 2984 2032 3066">
     <span class='ocr_line' id='line_1_28' title="bbox 431 2984 2032 3066; baseline -0.01 -15"><span class='ocrx_word' id='word_1_199' title='bbox 431 3014 527 3051; x_wconf 89' lang='grc' dir='ltr'>του</span> <span class='ocrx_word' id='word_1_200' title='bbox 557 2995 685 3058; x_wconf 80' lang='grc' dir='ltr'>τοὺς</span> <span class='ocrx_word' id='word_1_201' title='bbox 734 2995 834 3066; x_wconf 82' lang='grc' dir='ltr'>μὲν</span> <span class='ocrx_word' id='word_1_202' title='bbox 865 2991 1232 3053; x_wconf 80' lang='grc' dir='ltr'>πλουτοῦντας</span> <span class='ocrx_word' id='word_1_203' title='bbox 1256 2989 1472 3060; x_wconf 86' lang='grc' dir='ltr'>ὁρῶμεν</span> <span class='ocrx_word' id='word_1_204' title='bbox 1505 2987 1805 3060; x_wconf 83' lang='grc' dir='ltr'>ἱδροῦντας,</span> <span class='ocrx_word' id='word_1_205' title='bbox 1829 2987 1954 3047; x_wconf 82' lang='grc' dir='ltr'>τοὺς</span> <span class='ocrx_word' id='word_1_206' title='bbox 1974 2984 2032 3036; x_wconf 83' lang='grc' dir='ltr'>δὲ</span> 
     </span>
    </p>
   </div>
   <div class='ocr_carea' id='block_1_29' title="bbox 433 3072 2033 3160">
    <p class='ocr_par' dir='ltr' id='par_1_29' title="bbox 433 3072 2033 3160">
     <span class='ocr_line' id='line_1_29' title="bbox 433 3072 2033 3160; baseline -0.009 -18"><span class='ocrx_word' id='word_1_207' title='bbox 433 3090 673 3160; x_wconf 80' lang='grc' dir='ltr'>πένητας</span> <span class='ocrx_word' id='word_1_208' title='bbox 713 3085 867 3139; x_wconf 80' lang='grc' dir='ltr'>οὐδὲν</span> <span class='ocrx_word' id='word_1_209' title='bbox 913 3083 1120 3138; x_wconf 88' lang='grc' dir='ltr'>τούτων</span> <span class='ocrx_word' id='word_1_210' title='bbox 1163 3082 1495 3152; x_wconf 88' lang='grc' dir='ltr'>πάσχοντας.</span> <span class='ocrx_word' id='word_1_211' title='bbox 1552 3080 1722 3132; x_wconf 87' lang='grc' dir='ltr'>Ὅταν</span> <span class='ocrx_word' id='word_1_212' title='bbox 1760 3072 1853 3130; x_wconf 83' lang='grc' dir='ltr'>οὖν</span> <span class='ocrx_word' id='word_1_213' title='bbox 1883 3074 2033 3146; x_wconf 84' lang='grc' dir='ltr'>αὐτῷ</span> 
     </span>
    </p>
   </div>
   <div class='ocr_carea' id='block_1_30' title="bbox 434 3169 2035 3253">
    <p class='ocr_par' dir='ltr' id='par_1_30' title="bbox 434 3169 2035 3253">
     <span class='ocr_line' id='line_1_30' title="bbox 434 3169 2035 3253; baseline -0.009 -17"><span class='ocrx_word' id='word_1_214' title='bbox 434 3185 532 3253; x_wconf 84' lang='grc' dir='ltr'>τὴν</span> <span class='ocrx_word' id='word_1_215' title='bbox 555 3181 746 3250; x_wconf 78' lang='grc' dir='ltr'>αὐτὴν,</span> <span class='ocrx_word' id='word_1_216' title='bbox 777 3179 810 3250; x_wconf 82' lang='grc' dir='ltr'>ἢ</span> <span class='ocrx_word' id='word_1_217' title='bbox 842 3179 939 3232; x_wconf 78' lang='grc' dir='ltr'>καὶ</span> <span class='ocrx_word' id='word_1_218' title='bbox 971 3176 1260 3246; x_wconf 88' lang='grc' dir='ltr'>κρείττονα</span> <span class='ocrx_word' id='word_1_219' title='bbox 1287 3175 1597 3246; x_wconf 85' lang='grc' dir='ltr'>παρέχηται</span> <span class='ocrx_word' id='word_1_220' title='bbox 1627 3170 1816 3244; x_wconf 88' lang='grc' dir='ltr'>χρείαν</span> <span class='ocrx_word' id='word_1_221' title='bbox 1836 3169 1905 3223; x_wconf 89' lang='grc' dir='ltr'>τά</span> <span class='ocrx_word' id='word_1_222' title='bbox 1945 3170 2035 3223; x_wconf 85' lang='grc' dir='ltr'>εὐ-</span> 
     </span>
    </p>
   </div>
   <div class='ocr_carea' id='block_1_31' title="bbox 435 3261 2035 3344">
    <p class='ocr_par' dir='ltr' id='par_1_31' title="bbox 435 3261 2035 3344">
     <span class='ocr_line' id='line_1_31' title="bbox 435 3261 2035 3344; baseline -0.009 -16"><span class='ocrx_word' id='word_1_223' title='bbox 435 3274 566 3344; x_wconf 78' lang='grc' dir='ltr'>τελῆ</span> <span class='ocrx_word' id='word_1_224' title='bbox 601 3274 794 3342; x_wconf 87' lang='grc' dir='ltr'>ἱμάτια</span> <span class='ocrx_word' id='word_1_225' title='bbox 825 3269 1036 3325; x_wconf 77' lang='grc' dir='ltr'>καὶτοῦ</span> <span class='ocrx_word' id='word_1_226' title='bbox 1086 3268 1316 3341; x_wconf 76' lang='grc' dir='ltr'>μηδενὸς</span> <span class='ocrx_word' id='word_1_227' title='bbox 1358 3264 1709 3336; x_wconf 86' lang='grc' dir='ltr'>πωλούμενα,</span> <span class='ocrx_word' id='word_1_228' title='bbox 1746 3265 1934 3318; x_wconf 87' lang='grc' dir='ltr'>ἐκεῖνα</span> <span class='ocrx_word' id='word_1_229' title='bbox 1979 3261 2035 3314; x_wconf 87' lang='lat'>65</span> 
     </span>
    </p>
   </div>
   <div class='ocr_carea' id='block_1_32' title="bbox 436 3351 2036 3426">
    <p class='ocr_par' dir='ltr' id='par_1_32' title="bbox 436 3351 2036 3426">
     <span class='ocr_line' id='line_1_32' title="bbox 436 3351 2036 3426; baseline -0.009 -8"><span class='ocrx_word' id='word_1_230' title='bbox 436 3363 510 3418; x_wconf 78' lang='grc' dir='ltr'>τὰ</span> <span class='ocrx_word' id='word_1_231' title='bbox 537 3363 671 3416; x_wconf 77' lang='grc' dir='ltr'>πολὺ</span> <span class='ocrx_word' id='word_1_232' title='bbox 707 3359 1068 3416; x_wconf 80' lang='grc' dir='ltr'>καταϐάλλειν</span> <span class='ocrx_word' id='word_1_233' title='bbox 1127 3355 1509 3425; x_wconf 80' lang='grc' dir='ltr'>ἀναγκάζοντα</span> <span class='ocrx_word' id='word_1_234' title='bbox 1537 3355 1760 3426; x_wconf 88' lang='grc' dir='ltr'>χρυσίον</span> <span class='ocrx_word' id='word_1_235' title='bbox 1789 3354 1851 3406; x_wconf 90' lang='lat'>16</span> <span class='ocrx_word' id='word_1_236' title='bbox 1905 3351 2036 3404; x_wconf 81' lang='grc' dir='ltr'>αὐτὸ</span> 
     </span>
    </p>
   </div>
   <div class='ocr_carea' id='block_1_33' title="bbox 440 3443 2034 3528">
    <p class='ocr_par' dir='ltr' id='par_1_33' title="bbox 440 3443 2034 3528">
     <span class='ocr_line' id='line_1_33' title="bbox 440 3443 2034 3528; baseline -0.008 -19"><span class='ocrx_word' id='word_1_237' title='bbox 440 3459 591 3528; x_wconf 77' lang='grc' dir='ltr'>ποιῇ,</span> <span class='ocrx_word' id='word_1_238' title='bbox 626 3456 748 3526; x_wconf 73' lang='grc' dir='ltr'>οὐχὶ</span> <span class='ocrx_word' id='word_1_239' title='bbox 782 3453 957 3524; x_wconf 81' lang='grc' dir='ltr'>ζημία</span> <span class='ocrx_word' id='word_1_240' title='bbox 982 3453 1043 3504; x_wconf 89' lang='grc' dir='ltr'>τὸ</span> <span class='ocrx_word' id='word_1_241' title='bbox 1072 3450 1208 3503; x_wconf 82' lang='grc' dir='ltr'>πολὺ</span> <span class='ocrx_word' id='word_1_242' title='bbox 1239 3449 1525 3520; x_wconf 85' lang='grc' dir='ltr'>περιττὸν;</span> <span class='ocrx_word' id='word_1_243' title='bbox 1561 3445 1726 3501; x_wconf 82' lang='grc' dir='ltr'>Οὐδὲν</span> <span class='ocrx_word' id='word_1_244' title='bbox 1751 3444 1859 3516; x_wconf 78' lang='grc' dir='ltr'>γὰρ</span> <span class='ocrx_word' id='word_1_245' title='bbox 1875 3443 2034 3496; x_wconf 86' lang='grc' dir='ltr'>πλέον</span> 
     </span>
    </p>
   </div>
   <div class='ocr_carea' id='block_1_34' title="bbox 440 3537 2038 3620">
    <p class='ocr_par' dir='ltr' id='par_1_34' title="bbox 440 3537 2038 3620">
     <span class='ocr_line' id='line_1_34' title="bbox 440 3537 2038 3620; baseline -0.008 -18"><span class='ocrx_word' id='word_1_246' title='bbox 440 3550 729 3620; x_wconf 75' lang='grc' dir='ltr'>εἰσήνεγκε</span> <span class='ocrx_word' id='word_1_247' title='bbox 753 3547 896 3600; x_wconf 85' lang='grc' dir='ltr'>κατὰ</span> <span class='ocrx_word' id='word_1_248' title='bbox 941 3545 1033 3598; x_wconf 79' lang='grc' dir='ltr'>τὸν</span> <span class='ocrx_word' id='word_1_249' title='bbox 1052 3544 1151 3616; x_wconf 81' lang='grc' dir='ltr'>τῆς</span> <span class='ocrx_word' id='word_1_250' title='bbox 1195 3543 1384 3615; x_wconf 87' lang='grc' dir='ltr'>χρείας</span> <span class='ocrx_word' id='word_1_251' title='bbox 1405 3541 1562 3610; x_wconf 88' lang='grc' dir='ltr'>λόγον</span> <span class='ocrx_word' id='word_1_252' title='bbox 1595 3540 1691 3594; x_wconf 74' lang='grc' dir='ltr'>καὶ</span> <span class='ocrx_word' id='word_1_253' title='bbox 1731 3538 1832 3608; x_wconf 81' lang='grc' dir='ltr'>τῆς</span> <span class='ocrx_word' id='word_1_254' title='bbox 1853 3537 2038 3590; x_wconf 81' lang='grc' dir='ltr'>διακο-</span> 
     </span>
    </p>
   </div>
   <div class='ocr_carea' id='block_1_35' title="bbox 441 3630 2040 3710">
    <p class='ocr_par' dir='ltr' id='par_1_35' title="bbox 441 3630 2040 3710">
     <span class='ocr_line' id='line_1_35' title="bbox 441 3630 2040 3710; baseline -0.008 -15"><span class='ocrx_word' id='word_1_255' title='bbox 441 3642 582 3707; x_wconf 88' lang='grc' dir='ltr'>νίας,</span> <span class='ocrx_word' id='word_1_256' title='bbox 617 3639 752 3694; x_wconf 81' lang='grc' dir='ltr'>ἀλλά</span> <span class='ocrx_word' id='word_1_257' title='bbox 783 3639 946 3693; x_wconf 82' lang='grc' dir='ltr'>πλέον</span> <span class='ocrx_word' id='word_1_258' title='bbox 977 3639 1076 3710; x_wconf 84' lang='grc' dir='ltr'>μὲν</span> <span class='ocrx_word' id='word_1_259' title='bbox 1104 3636 1327 3708; x_wconf 86' lang='grc' dir='ltr'>χρυσίον</span> <span class='ocrx_word' id='word_1_260' title='bbox 1349 3633 1648 3689; x_wconf 74' lang='grc' dir='ltr'>κεκένωται</span> <span class='ocrx_word' id='word_1_261' title='bbox 1684 3649 1787 3696; x_wconf 90' lang='grc' dir='ltr'>σοι,</span> <span class='ocrx_word' id='word_1_262' title='bbox 1821 3632 1919 3702; x_wconf 75' lang='grc' dir='ltr'>τὴν</span> <span class='ocrx_word' id='word_1_263' title='bbox 1942 3630 2040 3683; x_wconf 84' lang='grc' dir='ltr'>αὐ-</span> 
     </span>
    </p>
   </div>
   <div class='ocr_carea' id='block_1_36' title="bbox 442 3721 2040 3804">
    <p class='ocr_par' dir='ltr' id='par_1_36' title="bbox 442 3721 2040 3804">
     <span class='ocr_line' id='line_1_36' title="bbox 442 3721 2040 3804; baseline -0.007 -20"><span class='ocrx_word' id='word_1_264' title='bbox 442 3733 543 3804; x_wconf 77' lang='grc' dir='ltr'>τὴν</span> <span class='ocrx_word' id='word_1_265' title='bbox 576 3733 632 3786; x_wconf 82' lang='grc' dir='ltr'>δὲ</span> <span class='ocrx_word' id='word_1_266' title='bbox 663 3731 856 3804; x_wconf 84' lang='grc' dir='ltr'>χρείαν</span> <span class='ocrx_word' id='word_1_267' title='bbox 881 3729 980 3784; x_wconf 69' lang='grc' dir='ltr'>καλ.</span> <span class='ocrx_word' id='word_1_268' title='bbox 1011 3729 1317 3800; x_wconf 81' lang='grc' dir='ltr'>ὑπηρεσίαν</span> <span class='ocrx_word' id='word_1_269' title='bbox 1341 3726 1476 3796; x_wconf 79' lang='grc' dir='ltr'>ἔχει·</span> <span class='ocrx_word' id='word_1_270' title='bbox 1515 3725 1580 3779; x_wconf 80' lang='grc' dir='ltr'>σὺ</span> <span class='ocrx_word' id='word_1_271' title='bbox 1611 3725 1707 3795; x_wconf 91' lang='grc' dir='ltr'>μέν</span> <span class='ocrx_word' id='word_1_272' title='bbox 1734 3723 1763 3775; x_wconf 85' lang='grc' dir='ltr'>ὁ</span> <span class='ocrx_word' id='word_1_273' title='bbox 1793 3721 2040 3775; x_wconf 80' lang='grc' dir='ltr'>πλουτῶν</span> 
     </span>
    </p>
   </div>
   <div class='ocr_carea' id='block_1_37' title="bbox 445 3811 2042 3896">
    <p class='ocr_par' dir='ltr' id='par_1_37' title="bbox 445 3811 2042 3896">
     <span class='ocr_line' id='line_1_37' title="bbox 445 3811 2042 3896; baseline -0.009 -18"><span class='ocrx_word' id='word_1_274' title='bbox 445 3825 728 3896; x_wconf 70' lang='grc' dir='ltr'>ἠγόρασας</span> <span class='ocrx_word' id='word_1_275' title='bbox 760 3821 1000 3894; x_wconf 88' lang='grc' dir='ltr'>χρυσίων</span> <span class='ocrx_word' id='word_1_276' title='bbox 1047 3819 1240 3873; x_wconf 79' lang='grc' dir='ltr'>ἑκατὸν</span> <span class='ocrx_word' id='word_1_277' title='bbox 1277 3818 1457 3887; x_wconf 75' lang='grc' dir='ltr'>τυχὸν,</span> <span class='ocrx_word' id='word_1_278' title='bbox 1489 3815 1524 3886; x_wconf 80' lang='grc' dir='ltr'>ἢ</span> <span class='ocrx_word' id='word_1_279' title='bbox 1557 3815 1652 3868; x_wconf 73' lang='grc' dir='ltr'>καὶ</span> <span class='ocrx_word' id='word_1_280' title='bbox 1697 3812 1979 3876; x_wconf 87' lang='grc' dir='ltr'>πλειόνων,</span> <span class='ocrx_word' id='word_1_281' title='bbox 2013 3811 2042 3864; x_wconf 88' lang='lat'>6</span> 
     </span>
    </p>
   </div>
   <div class='ocr_carea' id='block_1_38' title="bbox 445 3904 2043 3987">
    <p class='ocr_par' dir='ltr' id='par_1_38' title="bbox 445 3904 2043 3987">
     <span class='ocr_line' id='line_1_38' title="bbox 445 3904 2043 3987; baseline -0.009 -15"><span class='ocrx_word' id='word_1_282' title='bbox 445 3918 504 3972; x_wconf 86' lang='lat'>65</span> <span class='ocrx_word' id='word_1_283' title='bbox 526 3917 694 3987; x_wconf 82' lang='grc' dir='ltr'>πένης</span> <span class='ocrx_word' id='word_1_284' title='bbox 725 3913 990 3987; x_wconf 86' lang='grc' dir='ltr'>ἀργυρίου</span> <span class='ocrx_word' id='word_1_285' title='bbox 1021 3910 1222 3980; x_wconf 82' lang='grc' dir='ltr'>ὀλίγου.</span> <span class='ocrx_word' id='word_1_286' title='bbox 1247 3905 1403 3974; x_wconf 75' lang='grc' dir='ltr'>Εἶδες</span> <span class='ocrx_word' id='word_1_287' title='bbox 1433 3908 1530 3979; x_wconf 78' lang='grc' dir='ltr'>τὴν</span> <span class='ocrx_word' id='word_1_288' title='bbox 1565 3906 1804 3979; x_wconf 74' lang='grc' dir='ltr'>ζημίανς</span> <span class='ocrx_word' id='word_1_289' title='bbox 1849 3904 1988 3958; x_wconf 83' lang='grc' dir='ltr'>Ἀλλ’</span> <span class='ocrx_word' id='word_1_290' title='bbox 2013 3905 2043 3958; x_wconf 87' lang='grc' dir='ltr'>ὁ</span> 
     </span>
    </p>
   </div>
   <div class='ocr_carea' id='block_1_39' title="bbox 447 3997 2042 4078">
    <p class='ocr_par' dir='ltr' id='par_1_39' title="bbox 447 3997 2042 4078">
     <span class='ocr_line' id='line_1_39' title="bbox 447 3997 2042 4078; baseline -0.008 -16"><span class='ocrx_word' id='word_1_291' title='bbox 447 4009 617 4078; x_wconf 75' lang='grc' dir='ltr'>τῦφος</span> <span class='ocrx_word' id='word_1_292' title='bbox 647 4008 750 4061; x_wconf 79' lang='grc' dir='ltr'>οὐκ</span> <span class='ocrx_word' id='word_1_293' title='bbox 765 4006 990 4077; x_wconf 84' lang='grc' dir='ltr'>ἀφίησιν</span> <span class='ocrx_word' id='word_1_294' title='bbox 1019 4003 1166 4058; x_wconf 82' lang='grc' dir='ltr'>ίδείν.</span> <span class='ocrx_word' id='word_1_295' title='bbox 1192 4001 1492 4055; x_wconf 72' lang='grc' dir='ltr'>Βούλεικαὶ</span> <span class='ocrx_word' id='word_1_296' title='bbox 1522 3999 1616 4052; x_wconf 71' lang='grc' dir='ltr'>ἐπὶ</span> <span class='ocrx_word' id='word_1_297' title='bbox 1641 3997 1748 4052; x_wconf 84' lang='grc' dir='ltr'>τῶν</span> <span class='ocrx_word' id='word_1_298' title='bbox 1778 3997 2042 4069; x_wconf 89' lang='grc' dir='ltr'>χρυσίων,</span> 
     </span>
    </p>
   </div>
   <div class='ocr_carea' id='block_1_40' title="bbox 449 4086 2048 4162">
    <p class='ocr_par' dir='ltr' id='par_1_40' title="bbox 449 4086 2048 4162">
     <span class='ocr_line' id='line_1_40' title="bbox 449 4086 2048 4162; baseline -0.009 -8"><span class='ocrx_word' id='word_1_299' title='bbox 449 4095 527 4154; x_wconf 80' lang='grc' dir='ltr'>ὧν</span> <span class='ocrx_word' id='word_1_300' title='bbox 550 4100 646 4154; x_wconf 72' lang='grc' dir='ltr'>καὶ</span> <span class='ocrx_word' id='word_1_301' title='bbox 673 4101 786 4162; x_wconf 90' lang='grc' dir='ltr'>τοῖς</span> <span class='ocrx_word' id='word_1_302' title='bbox 816 4097 1004 4159; x_wconf 85' lang='grc' dir='ltr'>ἵπποις</span> <span class='ocrx_word' id='word_1_303' title='bbox 1028 4096 1125 4148; x_wconf 75' lang='grc' dir='ltr'>καὶ</span> <span class='ocrx_word' id='word_1_304' title='bbox 1151 4095 1270 4156; x_wconf 78' lang='grc' dir='ltr'>ταῖς</span> <span class='ocrx_word' id='word_1_305' title='bbox 1290 4091 1508 4160; x_wconf 71' lang='grc' dir='ltr'>γυναιξὶ</span> <span class='ocrx_word' id='word_1_306' title='bbox 1536 4088 1902 4161; x_wconf 77' lang='grc' dir='ltr'>περιτιθέασι,</span> <span class='ocrx_word' id='word_1_307' title='bbox 1919 4086 2048 4141; x_wconf 89' lang='grc' dir='ltr'>τοῦ-</span> 
     </span>
    </p>
   </div>
   <div class='ocr_carea' id='block_1_41' title="bbox 451 4181 2050 4262">
    <p class='ocr_par' dir='ltr' id='par_1_41' title="bbox 451 4181 2050 4262">
     <span class='ocr_line' id='line_1_41' title="bbox 451 4181 2050 4262; baseline -0.008 -16"><span class='ocrx_word' id='word_1_308' title='bbox 451 4210 544 4246; x_wconf 87' lang='grc' dir='ltr'>τον</span> <span class='ocrx_word' id='word_1_309' title='bbox 567 4191 912 4262; x_wconf 73' lang='grc' dir='ltr'>ἐξετάσωμεν</span> <span class='ocrx_word' id='word_1_310' title='bbox 943 4189 1034 4244; x_wconf 84' lang='lat' dir='ltr'>16v</span> <span class='ocrx_word' id='word_1_311' title='bbox 1064 4187 1260 4256; x_wconf 80' lang='grc' dir='ltr'>λόγον;</span> <span class='ocrx_word' id='word_1_312' title='bbox 1287 4185 1442 4240; x_wconf 89' lang='grc' dir='ltr'>Μετά</span> <span class='ocrx_word' id='word_1_313' title='bbox 1471 4185 1582 4256; x_wconf 78' lang='grc' dir='ltr'>γὰρ</span> <span class='ocrx_word' id='word_1_314' title='bbox 1606 4182 1713 4237; x_wconf 84' lang='grc' dir='ltr'>τῶν</span> <span class='ocrx_word' id='word_1_315' title='bbox 1747 4182 1920 4236; x_wconf 78' lang='grc' dir='ltr'>ἄλλων</span> <span class='ocrx_word' id='word_1_316' title='bbox 1955 4181 2050 4234; x_wconf 76' lang='grc' dir='ltr'>καὶ</span> 
     </span>
    </p>
   </div>
   <div class='ocr_carea' id='block_1_42' title="bbox 453 4274 2052 4356">
    <p class='ocr_par' dir='ltr' id='par_1_42' title="bbox 453 4274 2052 4356">
     <span class='ocr_line' id='line_1_42' title="bbox 453 4274 2052 4356; baseline -0.008 -16"><span class='ocrx_word' id='word_1_317' title='bbox 453 4285 716 4356; x_wconf 82' lang='grc' dir='ltr'>ἀνοήτους</span> <span class='ocrx_word' id='word_1_318' title='bbox 736 4285 881 4336; x_wconf 87' lang='grc' dir='ltr'>ποιεῖ</span> <span class='ocrx_word' id='word_1_319' title='bbox 910 4281 970 4336; x_wconf 81' lang='lat'>16</span> <span class='ocrx_word' id='word_1_320' title='bbox 993 4280 1266 4335; x_wconf 85' lang='grc' dir='ltr'>πλουτεῖν.</span> <span class='ocrx_word' id='word_1_321' title='bbox 1301 4279 1413 4348; x_wconf 80' lang='grc' dir='ltr'>Τῆς</span> <span class='ocrx_word' id='word_1_322' title='bbox 1435 4278 1544 4348; x_wconf 84' lang='grc' dir='ltr'>γὰρ</span> <span class='ocrx_word' id='word_1_323' title='bbox 1577 4276 1749 4346; x_wconf 78' lang='grc' dir='ltr'>αὐτῆς</span> <span class='ocrx_word' id='word_1_324' title='bbox 1767 4275 1932 4346; x_wconf 85' lang='grc' dir='ltr'>τιμῆς</span> <span class='ocrx_word' id='word_1_325' title='bbox 1952 4274 2052 4338; x_wconf 89' lang='grc' dir='ltr'>τάς</span> 
     </span>
    </p>
   </div>
   <div class='ocr_carea' id='block_1_43' title="bbox 455 4362 2051 4447">
    <p class='ocr_par' dir='ltr' id='par_1_43' title="bbox 455 4362 2051 4447">
     <span class='ocr_line' id='line_1_43' title="bbox 455 4362 2051 4447; baseline -0.008 -16"><span class='ocrx_word' id='word_1_326' title='bbox 455 4395 518 4432; x_wconf 89' lang='lat'>15</span> <span class='ocrx_word' id='word_1_327' title='bbox 559 4379 824 4447; x_wconf 82' lang='grc' dir='ltr'>γυναῖκας</span> <span class='ocrx_word' id='word_1_328' title='bbox 850 4373 1061 4438; x_wconf 80' lang='grc' dir='ltr'>ἀξιοῦσι</span> <span class='ocrx_word' id='word_1_329' title='bbox 1089 4373 1182 4426; x_wconf 74' lang='grc' dir='ltr'>καὶ</span> <span class='ocrx_word' id='word_1_330' title='bbox 1217 4372 1342 4434; x_wconf 81' lang='grc' dir='ltr'>τούς</span> <span class='ocrx_word' id='word_1_331' title='bbox 1365 4371 1589 4432; x_wconf 84' lang='grc' dir='ltr'>ἵππους,</span> <span class='ocrx_word' id='word_1_332' title='bbox 1620 4369 1715 4422; x_wconf 76' lang='grc' dir='ltr'>καὶ</span> <span class='ocrx_word' id='word_1_333' title='bbox 1745 4362 1825 4429; x_wconf 79' lang='grc' dir='ltr'>εἷς</span> <span class='ocrx_word' id='word_1_334' title='bbox 1858 4370 1886 4421; x_wconf 85' lang='lat'>6</span> <span class='ocrx_word' id='word_1_335' title='bbox 1917 4365 2051 4421; x_wconf 85' lang='grc' dir='ltr'>καλ-</span> 
     </span>
    </p>
   </div>
   <div class='ocr_carea' id='block_1_44' title="bbox 457 4459 2051 4539">
    <p class='ocr_par' dir='ltr' id='par_1_44' title="bbox 457 4459 2051 4539">
     <span class='ocr_line' id='line_1_44' title="bbox 457 4459 2051 4539; baseline -0.005 -18"><span class='ocrx_word' id='word_1_336' title='bbox 457 4467 738 4539; x_wconf 78' lang='grc' dir='ltr'>λωπισμὸς</span> <span class='ocrx_word' id='word_1_337' title='bbox 762 4464 914 4538; x_wconf 74' lang='grc'>[279]</span> <span class='ocrx_word' id='word_1_338' title='bbox 947 4464 1294 4537; x_wconf 85' lang='grc' dir='ltr'>ἀμφοτέρων·</span> <span class='ocrx_word' id='word_1_339' title='bbox 1343 4463 1439 4516; x_wconf 60' lang='grc' dir='ltr'>καὶ⁵</span> <span class='ocrx_word' id='word_1_340' title='bbox 1468 4461 1576 4515; x_wconf 76' lang='grc' dir='ltr'>ἀπὸ</span> <span class='ocrx_word' id='word_1_341' title='bbox 1592 4459 1701 4514; x_wconf 85' lang='grc' dir='ltr'>τῶν</span> <span class='ocrx_word' id='word_1_342' title='bbox 1723 4462 1902 4515; x_wconf 85' lang='grc' dir='ltr'>αὐτῶν</span> <span class='ocrx_word' id='word_1_343' title='bbox 1929 4460 2051 4532; x_wconf 83' lang='grc' dir='ltr'>βού-</span> 
     </span>
    </p>
   </div>
   <div class='ocr_carea' id='block_1_45' title="bbox 459 4548 2053 4628">
    <p class='ocr_par' dir='ltr' id='par_1_45' title="bbox 459 4548 2053 4628">
     <span class='ocr_line' id='line_1_45' title="bbox 459 4548 2053 4628; baseline -0.004 -16"><span class='ocrx_word' id='word_1_344' title='bbox 459 4561 641 4613; x_wconf 86' lang='grc' dir='ltr'>λονται</span> <span class='ocrx_word' id='word_1_345' title='bbox 663 4557 948 4628; x_wconf 82' lang='grc' dir='ltr'>φαίνεσθαι</span> <span class='ocrx_word' id='word_1_346' title='bbox 971 4556 1371 4628; x_wconf 86' lang='grc' dir='ltr'>λαμπρότεραι,</span> <span class='ocrx_word' id='word_1_347' title='bbox 1401 4555 1493 4622; x_wconf 85' lang='grc' dir='ltr'>ἀφ’</span> <span class='ocrx_word' id='word_1_348' title='bbox 1534 4548 1609 4609; x_wconf 82' lang='grc' dir='ltr'>ὧν</span> <span class='ocrx_word' id='word_1_349' title='bbox 1643 4558 1738 4609; x_wconf 75' lang='grc' dir='ltr'>καὶ</span> <span class='ocrx_word' id='word_1_350' title='bbox 1763 4555 1832 4607; x_wconf 83' lang='grc' dir='ltr'>τὰ</span> <span class='ocrx_word' id='word_1_351' title='bbox 1861 4552 2053 4625; x_wconf 88' lang='grc' dir='ltr'>ζεύγη,</span> 
     </span>
    </p>
   </div>
   <div class='ocr_carea' id='block_1_46' title="bbox 461 4643 2058 4720">
    <p class='ocr_par' dir='ltr' id='par_1_46' title="bbox 461 4643 2058 4720">
     <span class='ocr_line' id='line_1_46' title="bbox 461 4643 2058 4720; baseline -0.004 -16"><span class='ocrx_word' id='word_1_352' title='bbox 461 4652 558 4719; x_wconf 73' lang='grc' dir='ltr'>ἀφ’</span> <span class='ocrx_word' id='word_1_353' title='bbox 596 4643 671 4703; x_wconf 83' lang='grc' dir='ltr'>ὧν</span> <span class='ocrx_word' id='word_1_354' title='bbox 701 4648 798 4703; x_wconf 72' lang='grc' dir='ltr'>καὶ</span> <span class='ocrx_word' id='word_1_355' title='bbox 825 4647 896 4702; x_wconf 86' lang='grc' dir='ltr'>τά</span> <span class='ocrx_word' id='word_1_356' title='bbox 939 4648 1186 4720; x_wconf 83' lang='grc' dir='ltr'>δέρματα</span> <span class='ocrx_word' id='word_1_357' title='bbox 1210 4646 1318 4700; x_wconf 80' lang='grc' dir='ltr'>τῶν</span> <span class='ocrx_word' id='word_1_358' title='bbox 1345 4645 1891 4718; x_wconf 80' lang='grc' dir='ltr'>παραπετασμάτων,</span> <span class='ocrx_word' id='word_1_359' title='bbox 1927 4644 2058 4699; x_wconf 78' lang='grc' dir='ltr'>ἔνθα</span> 
     </span>
    </p>
   </div>
   <div class='ocr_carea' id='block_1_47' title="bbox 463 4745 744 4814">
    <p class='ocr_par' dir='ltr' id='par_1_47' title="bbox 463 4745 744 4814">
     <span class='ocr_line' id='line_1_47' title="bbox 463 4745 744 4814; baseline 0 -18"><span class='ocrx_word' id='word_1_360' title='bbox 463 4745 744 4814; x_wconf 87' lang='grc' dir='ltr'>φέρονται.</span> 
     </span>
    </p>
   </div>
   <div class='ocr_carea' id='block_1_48' title="bbox 538 4969 2063 5048">
    <p class='ocr_par' dir='ltr' id='par_1_48' title="bbox 538 4969 2063 5048">
     <span class='ocr_line' id='line_1_48' title="bbox 538 4969 2063 5048; baseline -0.005 -17"><span class='ocrx_word' id='word_1_361' title='bbox 538 4975 712 5043; x_wconf 83' lang='grc' dir='ltr'>Εἰπὲ,</span> <span class='ocrx_word' id='word_1_362' title='bbox 743 4975 796 5030; x_wconf 87' lang='grc' dir='ltr'>τί</span> <span class='ocrx_word' id='word_1_363' title='bbox 843 4975 904 5030; x_wconf 90' lang='lat'>16</span> <span class='ocrx_word' id='word_1_364' title='bbox 940 4975 1152 5048; x_wconf 85' lang='grc' dir='ltr'>κέρδος,</span> <span class='ocrx_word' id='word_1_365' title='bbox 1218 4974 1441 5047; x_wconf 85' lang='grc' dir='ltr'>ἡμίονον</span> <span class='ocrx_word' id='word_1_366' title='bbox 1491 4974 1524 5045; x_wconf 81' lang='grc' dir='ltr'><strong>ἢ</strong></span> <span class='ocrx_word' id='word_1_367' title='bbox 1555 4973 1722 5027; x_wconf 83' lang='grc' dir='ltr'>ἵππον</span> <span class='ocrx_word' id='word_1_368' title='bbox 1758 4971 1837 5041; x_wconf 82' lang='grc' dir='ltr'>τῷ</span> <span class='ocrx_word' id='word_1_369' title='bbox 1876 4969 2063 5044; x_wconf 86' lang='grc' dir='ltr'>χρυσῷ</span> 
     </span>
    </p>
   </div>
   <div class='ocr_carea' id='block_1_49' title="bbox 469 5064 2062 5140">
    <p class='ocr_par' dir='ltr' id='par_1_49' title="bbox 469 5064 2062 5140">
     <span class='ocr_line' id='line_1_49' title="bbox 469 5064 2062 5140; baseline -0.004 -18"><span class='ocrx_word' id='word_1_370' title='bbox 469 5066 971 5140; x_wconf 86' lang='grc' dir='ltr'>κατακοσμεῖσθαι;</span> <span class='ocrx_word' id='word_1_371' title='bbox 1007 5069 1040 5139; x_wconf 89' lang='grc' dir='ltr'>ἡ</span> <span class='ocrx_word' id='word_1_372' title='bbox 1070 5067 1126 5120; x_wconf 89' lang='grc' dir='ltr'>δέ</span> <span class='ocrx_word' id='word_1_373' title='bbox 1169 5067 1309 5138; x_wconf 84' lang='grc' dir='ltr'>γυνὴ</span> <span class='ocrx_word' id='word_1_374' title='bbox 1339 5065 1594 5120; x_wconf 90' lang='grc' dir='ltr'>τοσοῦτον</span> <span class='ocrx_word' id='word_1_375' title='bbox 1619 5066 1784 5134; x_wconf 79' lang='grc' dir='ltr'>δγκον</span> <span class='ocrx_word' id='word_1_376' title='bbox 1833 5064 2062 5135; x_wconf 86' lang='grc' dir='ltr'>χρυσίου</span> 
     </span>
    </p>
   </div>
   <div class='ocr_carea' id='block_1_50' title="bbox 471 5157 2067 5234">
    <p class='ocr_par' dir='ltr' id='par_1_50' title="bbox 471 5157 2067 5234">
     <span class='ocr_line' id='line_1_50' title="bbox 471 5157 2067 5234; baseline -0.004 -17"><span class='ocrx_word' id='word_1_377' title='bbox 471 5162 833 5234; x_wconf 79' lang='grc' dir='ltr'>περικειμένη</span> <span class='ocrx_word' id='word_1_378' title='bbox 883 5161 976 5214; x_wconf 72' lang='grc' dir='ltr'>καὶ</span> <span class='ocrx_word' id='word_1_379' title='bbox 1005 5160 1191 5222; x_wconf 89' lang='grc' dir='ltr'>λίθων,</span> <span class='ocrx_word' id='word_1_380' title='bbox 1230 5161 1283 5213; x_wconf 90' lang='grc' dir='ltr'>τί</span> <span class='ocrx_word' id='word_1_381' title='bbox 1309 5160 1372 5213; x_wconf 78' lang='grc' dir='ltr'>τὺ</span> <span class='ocrx_word' id='word_1_382' title='bbox 1411 5159 1571 5212; x_wconf 88' lang='grc' dir='ltr'>πλέον</span> <span class='ocrx_word' id='word_1_383' title='bbox 1601 5157 1748 5229; x_wconf 75' lang='grc' dir='ltr'>ἔχει;</span> <span class='ocrx_word' id='word_1_384' title='bbox 1795 5157 1933 5210; x_wconf 83' lang='grc' dir='ltr'>Ἀλλ’</span> <span class='ocrx_word' id='word_1_385' title='bbox 1965 5158 2067 5211; x_wconf 86' lang='grc' dir='ltr'>οὐκ</span> 
     </span>
    </p>
   </div>
   <div class='ocr_carea' id='block_1_51' title="bbox 472 5248 2068 5326">
    <p class='ocr_par' dir='ltr' id='par_1_51' title="bbox 472 5248 2068 5326">
     <span class='ocr_line' id='line_1_51' title="bbox 472 5248 2068 5326; baseline -0.003 -19"><span class='ocrx_word' id='word_1_386' title='bbox 472 5254 785 5326; x_wconf 80' lang='grc' dir='ltr'>ἐκτρίὸεται</span> <span class='ocrx_word' id='word_1_387' title='bbox 809 5253 877 5306; x_wconf 80' lang='grc' dir='ltr'>τὰ</span> <span class='ocrx_word' id='word_1_388' title='bbox 917 5251 1140 5322; x_wconf 89' lang='grc' dir='ltr'>χρυσία,</span> <span class='ocrx_word' id='word_1_389' title='bbox 1167 5251 1319 5321; x_wconf 81' lang='grc' dir='ltr'>φησί,</span> <span class='ocrx_word' id='word_1_390' title='bbox 1349 5251 1603 5306; x_wconf 87' lang='grc' dir='ltr'>Μάλιστα</span> <span class='ocrx_word' id='word_1_391' title='bbox 1639 5248 1738 5321; x_wconf 85' lang='grc' dir='ltr'>μὲν</span> <span class='ocrx_word' id='word_1_392' title='bbox 1767 5248 1864 5302; x_wconf 80' lang='grc' dir='ltr'>καὶ</span> <span class='ocrx_word' id='word_1_393' title='bbox 1910 5248 2068 5302; x_wconf 90' lang='grc' dir='ltr'>τοῦτο</span> 
     </span>
    </p>
   </div>
   <div class='ocr_carea' id='block_1_52' title="bbox 473 5341 2068 5419">
    <p class='ocr_par' dir='ltr' id='par_1_52' title="bbox 473 5341 2068 5419">
     <span class='ocr_line' id='line_1_52' title="bbox 473 5341 2068 5419; baseline -0.005 -17"><span class='ocrx_word' id='word_1_394' title='bbox 473 5349 707 5419; x_wconf 86' lang='grc' dir='ltr'>πάσχειν</span> <span class='ocrx_word' id='word_1_395' title='bbox 740 5347 902 5415; x_wconf 75' lang='grc' dir='ltr'>φασὶν</span> <span class='ocrx_word' id='word_1_396' title='bbox 935 5346 1135 5417; x_wconf 73' lang='grc' dir='ltr'>οἱπερὶ</span> <span class='ocrx_word' id='word_1_397' title='bbox 1167 5343 1340 5397; x_wconf 86' lang='grc' dir='ltr'>ταῦτα</span> <span class='ocrx_word' id='word_1_398' title='bbox 1361 5343 1546 5411; x_wconf 82' lang='grc' dir='ltr'>δεινοὶ,</span> <span class='ocrx_word' id='word_1_399' title='bbox 1577 5343 1659 5398; x_wconf 84' lang='grc' dir='ltr'>ὅτι</span> <span class='ocrx_word' id='word_1_400' title='bbox 1681 5343 1739 5395; x_wconf 83' lang='grc' dir='ltr'>ἐν</span> <span class='ocrx_word' id='word_1_401' title='bbox 1767 5341 2068 5412; x_wconf 85' lang='grc' dir='ltr'>βαλανείοις</span> 
     </span>
    </p>
   </div>
   <div class='ocr_carea' id='block_1_53' title="bbox 473 5435 2070 5512">
    <p class='ocr_par' dir='ltr' id='par_1_53' title="bbox 473 5435 2070 5512">
     <span class='ocr_line' id='line_1_53' title="bbox 473 5435 2070 5512; baseline -0.005 -16"><span class='ocrx_word' id='word_1_402' title='bbox 473 5442 568 5496; x_wconf 69' lang='grc' dir='ltr'>καὶ</span> <span class='ocrx_word' id='word_1_403' title='bbox 617 5438 886 5512; x_wconf 87' lang='grc' dir='ltr'>πολλαχοῦ</span> <span class='ocrx_word' id='word_1_404' title='bbox 919 5437 1015 5492; x_wconf 71' lang='grc' dir='ltr'>καὶ</span> <span class='ocrx_word' id='word_1_405' title='bbox 1042 5437 1180 5492; x_wconf 86' lang='grc' dir='ltr'>λίθοι</span> <span class='ocrx_word' id='word_1_406' title='bbox 1211 5439 1306 5492; x_wconf 82' lang='grc' dir='ltr'>καὶ</span> <span class='ocrx_word' id='word_1_407' title='bbox 1335 5439 1535 5510; x_wconf 88' lang='grc' dir='ltr'>χρυσία</span> <span class='ocrx_word' id='word_1_408' title='bbox 1585 5436 1719 5492; x_wconf 85' lang='grc' dir='ltr'>πολὺ</span> <span class='ocrx_word' id='word_1_409' title='bbox 1765 5435 1868 5506; x_wconf 83' lang='grc' dir='ltr'>τῆς</span> <span class='ocrx_word' id='word_1_410' title='bbox 1903 5435 2070 5506; x_wconf 81' lang='grc' dir='ltr'>τιμῆς</span> 
     </span>
    </p>
   </div>
   <div class='ocr_carea' id='block_1_54' title="bbox 475 5527 2069 5602">
    <p class='ocr_par' dir='ltr' id='par_1_54' title="bbox 475 5527 2069 5602">
     <span class='ocr_line' id='line_1_54' title="bbox 475 5527 2069 5602; baseline -0.004 -14"><span class='ocrx_word' id='word_1_411' title='bbox 475 5534 789 5588; x_wconf 81' lang='grc' dir='ltr'>ἀποτίθεται</span> <span class='ocrx_word' id='word_1_412' title='bbox 854 5531 993 5602; x_wconf 81' lang='grc' dir='ltr'>πλὴν</span> <span class='ocrx_word' id='word_1_413' title='bbox 1039 5530 1155 5584; x_wconf 81' lang='grc' dir='ltr'>ἀλλ’</span> <span class='ocrx_word' id='word_1_414' title='bbox 1198 5530 1338 5585; x_wconf 75' lang='grc' dir='ltr'>ἔστω</span> <span class='ocrx_word' id='word_1_415' title='bbox 1367 5530 1546 5595; x_wconf 90' lang='grc' dir='ltr'>τοῦτο,</span> <span class='ocrx_word' id='word_1_416' title='bbox 1593 5528 1687 5584; x_wconf 69' lang='grc' dir='ltr'>καὶ</span> <span class='ocrx_word' id='word_1_417' title='bbox 1719 5528 1886 5601; x_wconf 79' lang='grc' dir='ltr'>μηδὲν</span> <span class='ocrx_word' id='word_1_418' title='bbox 1938 5527 2069 5598; x_wconf 84' lang='grc' dir='ltr'>βλα-</span> 
     </span>
    </p>
   </div>
   <div class='ocr_carea' id='block_1_55' title="bbox 475 5619 2072 5694">
    <p class='ocr_par' dir='ltr' id='par_1_55' title="bbox 475 5619 2072 5694">
     <span class='ocr_line' id='line_1_55' title="bbox 475 5619 2072 5694; baseline -0.004 -15"><span class='ocrx_word' id='word_1_419' title='bbox 475 5626 715 5679; x_wconf 82' lang='grc' dir='ltr'>πτέσθω·</span> <span class='ocrx_word' id='word_1_420' title='bbox 747 5624 801 5678; x_wconf 92' lang='grc' dir='ltr'>τί</span> <span class='ocrx_word' id='word_1_421' title='bbox 825 5624 888 5677; x_wconf 85' lang='grc' dir='ltr'>τὸ</span> <span class='ocrx_word' id='word_1_422' title='bbox 909 5622 1124 5694; x_wconf 81' lang='grc' dir='ltr'>κέρδος,</span> <span class='ocrx_word' id='word_1_423' title='bbox 1155 5621 1277 5675; x_wconf 79' lang='grc' dir='ltr'>εἰπέ</span> <span class='ocrx_word' id='word_1_424' title='bbox 1315 5640 1439 5692; x_wconf 88' lang='grc' dir='ltr'>μοι;</span> <span class='ocrx_word' id='word_1_425' title='bbox 1475 5621 1526 5674; x_wconf 92' lang='grc' dir='ltr'>τί</span> <span class='ocrx_word' id='word_1_426' title='bbox 1562 5621 1620 5674; x_wconf 92' lang='grc' dir='ltr'>δέ</span> <span class='ocrx_word' id='word_1_427' title='bbox 1647 5638 1663 5686; x_wconf 86' lang='lat'>;</span> <span class='ocrx_word' id='word_1_428' title='bbox 1711 5621 1840 5674; x_wconf 80' lang='grc' dir='ltr'>ὅταν</span> <span class='ocrx_word' id='word_1_429' title='bbox 1861 5619 2072 5692; x_wconf 80' lang='grc' dir='ltr'>ἐκπέσῃ</span> 
     </span>
    </p>
   </div>
   <div class='ocr_carea' id='block_1_56' title="bbox 477 5711 2072 5787">
    <p class='ocr_par' dir='ltr' id='par_1_56' title="bbox 477 5711 2072 5787">
     <span class='ocr_line' id='line_1_56' title="bbox 477 5711 2072 5787; baseline -0.004 -17"><span class='ocrx_word' id='word_1_430' title='bbox 477 5719 570 5770; x_wconf 73' lang='grc' dir='ltr'>καὶ</span> <span class='ocrx_word' id='word_1_431' title='bbox 613 5716 906 5786; x_wconf 78' lang='grc' dir='ltr'>ἀπόληται,</span> <span class='ocrx_word' id='word_1_432' title='bbox 945 5715 1068 5787; x_wconf 73' lang='grc' dir='ltr'>οὐχὶ</span> <span class='ocrx_word' id='word_1_433' title='bbox 1100 5715 1305 5784; x_wconf 78' lang='grc' dir='ltr'>ζημία;</span> <span class='ocrx_word' id='word_1_434' title='bbox 1348 5713 1400 5766; x_wconf 88' lang='grc' dir='ltr'>τί</span> <span class='ocrx_word' id='word_1_435' title='bbox 1425 5714 1480 5766; x_wconf 88' lang='grc' dir='ltr'>δέ</span> <span class='ocrx_word' id='word_1_436' title='bbox 1513 5730 1528 5779; x_wconf 92' lang='grc'><strong>;</strong></span> <span class='ocrx_word' id='word_1_437' title='bbox 1556 5713 1684 5767; x_wconf 82' lang='grc' dir='ltr'>ὅταν</span> <span class='ocrx_word' id='word_1_438' title='bbox 1712 5711 1908 5782; x_wconf 82' lang='grc' dir='ltr'>φθόνον</span> <span class='ocrx_word' id='word_1_439' title='bbox 1949 5713 2072 5764; x_wconf 86' lang='grc' dir='ltr'>ἐπι-</span> 
     </span>
    </p>
   </div>
   <div class='ocr_carea' id='block_1_57' title="bbox 478 5805 2071 5881">
    <p class='ocr_par' dir='ltr' id='par_1_57' title="bbox 478 5805 2071 5881">
     <span class='ocr_line' id='line_1_57' title="bbox 478 5805 2071 5881; baseline -0.006 -16"><span class='ocrx_word' id='word_1_440' title='bbox 478 5809 875 5881; x_wconf 73' lang='grc' dir='ltr'>οπάσηταικαὶ</span> <span class='ocrx_word' id='word_1_441' title='bbox 922 5807 1236 5877; x_wconf 72' lang='grc' dir='ltr'>ἐπιϐουλὴν,</span> <span class='ocrx_word' id='word_1_442' title='bbox 1285 5807 1407 5875; x_wconf 68' lang='grc' dir='ltr'>οὐχὶ</span> <span class='ocrx_word' id='word_1_443' title='bbox 1465 5805 1676 5877; x_wconf 45' lang='lat' dir='ltr'>milia;</span> <span class='ocrx_word' id='word_1_444' title='bbox 1739 5806 1909 5859; x_wconf 86' lang='grc' dir='ltr'>Ὅταν</span> <span class='ocrx_word' id='word_1_445' title='bbox 1963 5805 2071 5877; x_wconf 75' lang='grc' dir='ltr'>γὰρ</span> 
     </span>
    </p>
   </div>
   <div class='ocr_carea' id='block_1_58' title="bbox 1336 351 2822 427">
    <p class='ocr_par' dir='ltr' id='par_1_58' title="bbox 1336 351 2822 427">
     <span class='ocr_line' id='line_1_58' title="bbox 1336 351 2822 427; baseline -0.013 0"><span class='ocrx_word' id='word_1_446' title='bbox 1336 372 1402 427; x_wconf 80' lang='lat' dir='ltr'>IN</span> <span class='ocrx_word' id='word_1_447' title='bbox 1446 367 1663 424; x_wconf 81' lang='lat' dir='ltr'>EHST.</span> <span class='ocrx_word' id='word_1_448' title='bbox 1700 364 1788 420; x_wconf 82' lang='lat' dir='ltr'>AD</span> <span class='ocrx_word' id='word_1_449' title='bbox 1825 356 2116 420; x_wconf 75' lang='lat' dir='ltr'>PlllLlI‘P.</span> <span class='ocrx_word' id='word_1_450' title='bbox 2158 357 2309 413; x_wconf 64' lang='lat' dir='ltr'>CAP.</span> <span class='ocrx_word' id='word_1_451' title='bbox 2355 355 2440 411; x_wconf 85' lang='lat' dir='ltr'>Ill.</span> <span class='ocrx_word' id='word_1_452' title='bbox 2479 354 2718 412; x_wconf 74' lang='lat' dir='ltr'>IIOMIL.</span> <span class='ocrx_word' id='word_1_453' title='bbox 2753 351 2822 408; x_wconf 78' lang='grc' dir='ltr'>Χ.</span> 
     </span>
    </p>
   </div>
   <div class='ocr_carea' id='block_1_59' title="bbox 3585 346 3692 401">
    <p class='ocr_par' dir='ltr' id='par_1_59' title="bbox 3585 346 3692 401">
     <span class='ocr_line' id='line_1_59' title="bbox 3585 346 3692 401; baseline -0.028 0"><span class='ocrx_word' id='word_1_454' title='bbox 3585 346 3692 401; x_wconf 77' lang='lat'>260</span> 
     </span>
    </p>
   </div>
   <div class='ocr_carea' id='block_1_60' title="bbox 2109 465 3690 552">
    <p class='ocr_par' dir='ltr' id='par_1_60' title="bbox 2109 465 3690 552">
     <span class='ocr_line' id='line_1_60' title="bbox 2109 465 3690 552; baseline -0.008 -21"><span class='ocrx_word' id='word_1_455' title='bbox 2109 479 2290 552; x_wconf 79' lang='grc' dir='ltr'>ὠφελῇ</span> <span class='ocrx_word' id='word_1_456' title='bbox 2323 480 2420 550; x_wconf 82' lang='grc' dir='ltr'>μὲν</span> <span class='ocrx_word' id='word_1_457' title='bbox 2453 478 2621 550; x_wconf 81' lang='grc' dir='ltr'>μηδὲν</span> <span class='ocrx_word' id='word_1_458' title='bbox 2647 478 2746 550; x_wconf 78' lang='grc' dir='ltr'>τὴν</span> <span class='ocrx_word' id='word_1_459' title='bbox 2772 472 3187 548; x_wconf 87' lang='grc' dir='ltr'>περικειμένην,</span> <span class='ocrx_word' id='word_1_460' title='bbox 3229 467 3428 542; x_wconf 80' lang='grc' dir='ltr'>ἐκκαίῃ</span> <span class='ocrx_word' id='word_1_461' title='bbox 3474 465 3532 519; x_wconf 83' lang='grc' dir='ltr'>δὲ</span> <span class='ocrx_word' id='word_1_462' title='bbox 3565 466 3690 528; x_wconf 74' lang='grc' dir='ltr'>τούς</span> 
     </span>
    </p>
   </div>
   <div class='ocr_carea' id='block_1_61' title="bbox 2105 555 3690 644">
    <p class='ocr_par' dir='ltr' id='par_1_61' title="bbox 2105 555 3690 644">
     <span class='ocr_line' id='line_1_61' title="bbox 2105 555 3690 644; baseline -0.009 -18"><span class='ocrx_word' id='word_1_463' title='bbox 2105 573 2213 626; x_wconf 84' lang='grc' dir='ltr'>τῶν</span> <span class='ocrx_word' id='word_1_464' title='bbox 2249 573 2524 644; x_wconf 82' lang='grc' dir='ltr'>φθονερῶν</span> <span class='ocrx_word' id='word_1_465' title='bbox 2548 570 2884 641; x_wconf 79' lang='grc' dir='ltr'>ὀφθαλμοὺς,</span> <span class='ocrx_word' id='word_1_466' title='bbox 2923 568 3018 620; x_wconf 68' lang='grc' dir='ltr'>καὶ</span> <span class='ocrx_word' id='word_1_467' title='bbox 3054 565 3182 628; x_wconf 83' lang='grc' dir='ltr'>τοὺς</span> <span class='ocrx_word' id='word_1_468' title='bbox 3205 560 3410 636; x_wconf 77' lang='grc' dir='ltr'>λῃστὰς</span> <span class='ocrx_word' id='word_1_469' title='bbox 3447 555 3690 627; x_wconf 61' lang='grc' dir='ltr'>διεγείρει</span> 
     </span>
    </p>
   </div>
   <div class='ocr_carea' id='block_1_62' title="bbox 2111 648 3695 736">
    <p class='ocr_par' dir='ltr' id='par_1_62' title="bbox 2111 648 3695 736">
     <span class='ocr_line' id='line_1_62' title="bbox 2111 648 3695 736; baseline -0.015 -15"><span class='ocrx_word' id='word_1_470' title='bbox 2111 665 2333 736; x_wconf 79' lang='grc' dir='ltr'>μᾶλλον,</span> <span class='ocrx_word' id='word_1_471' title='bbox 2383 665 2503 734; x_wconf 70' lang='grc' dir='ltr'>οὐχὶ</span> <span class='ocrx_word' id='word_1_472' title='bbox 2531 664 2706 734; x_wconf 84' lang='grc' dir='ltr'>ζημία</span> <span class='ocrx_word' id='word_1_473' title='bbox 2731 662 2976 730; x_wconf 89' lang='grc' dir='ltr'>γίνεται;</span> <span class='ocrx_word' id='word_1_474' title='bbox 3036 658 3102 712; x_wconf 90' lang='grc' dir='ltr'>Τί</span> <span class='ocrx_word' id='word_1_475' title='bbox 3129 656 3207 722; x_wconf 91' lang='lat'>65,</span> <span class='ocrx_word' id='word_1_476' title='bbox 3247 654 3369 707; x_wconf 83' lang='grc' dir='ltr'>είπέ</span> <span class='ocrx_word' id='word_1_477' title='bbox 3403 667 3494 724; x_wconf 88' lang='grc' dir='ltr'>μοι</span> <span class='ocrx_word' id='word_1_478' title='bbox 3521 667 3536 716; x_wconf 91' lang='grc'><strong>;</strong></span> <span class='ocrx_word' id='word_1_479' title='bbox 3566 648 3695 700; x_wconf 86' lang='grc' dir='ltr'>ὅταν</span> 
     </span>
    </p>
   </div>
   <div class='ocr_carea' id='block_1_63' title="bbox 2108 738 3702 826">
    <p class='ocr_par' dir='ltr' id='par_1_63' title="bbox 2108 738 3702 826">
     <span class='ocr_line' id='line_1_63' title="bbox 2108 738 3702 826; baseline -0.006 -16"><span class='ocrx_word' id='word_1_480' title='bbox 2108 758 2228 822; x_wconf 71' lang='grc' dir='ltr'>ἐξὸν</span> <span class='ocrx_word' id='word_1_481' title='bbox 2250 756 2328 826; x_wconf 84' lang='grc' dir='ltr'>τῷ</span> <span class='ocrx_word' id='word_1_482' title='bbox 2348 756 2501 824; x_wconf 79' lang='grc' dir='ltr'>ἀνδρὶ</span> <span class='ocrx_word' id='word_1_483' title='bbox 2529 754 2841 826; x_wconf 85' lang='grc' dir='ltr'>χρήσασθαι</span> <span class='ocrx_word' id='word_1_484' title='bbox 2873 751 3084 813; x_wconf 89' lang='grc' dir='ltr'>τούτοις</span> <span class='ocrx_word' id='word_1_485' title='bbox 3128 749 3207 812; x_wconf 79' lang='grc' dir='ltr'>εἰς</span> <span class='ocrx_word' id='word_1_486' title='bbox 3239 747 3474 818; x_wconf 80' lang='grc' dir='ltr'>πρᾶγμα</span> <span class='ocrx_word' id='word_1_487' title='bbox 3507 738 3702 810; x_wconf 78' lang='grc' dir='ltr'>κέρδος</span> 
     </span>
    </p>
   </div>
   <div class='ocr_carea' id='block_1_64' title="bbox 2111 828 3705 918">
    <p class='ocr_par' dir='ltr' id='par_1_64' title="bbox 2111 828 3705 918">
     <span class='ocr_line' id='line_1_64' title="bbox 2111 828 3705 918; baseline -0.01 -19"><span class='ocrx_word' id='word_1_488' title='bbox 2111 847 2297 917; x_wconf 84' lang='grc' dir='ltr'>φέρον,</span> <span class='ocrx_word' id='word_1_489' title='bbox 2331 845 2405 916; x_wconf 88' lang='grc' dir='ltr'>μὴ</span> <span class='ocrx_word' id='word_1_490' title='bbox 2438 845 2662 918; x_wconf 88' lang='grc' dir='ltr'>δύνηται</span> <span class='ocrx_word' id='word_1_491' title='bbox 2698 844 2754 897; x_wconf 83' lang='grc' dir='ltr'>δέ</span> <span class='ocrx_word' id='word_1_492' title='bbox 2792 843 2878 896; x_wconf 76' lang='grc' dir='ltr'>διὰ</span> <span class='ocrx_word' id='word_1_493' title='bbox 2925 842 3023 912; x_wconf 82' lang='grc' dir='ltr'>τὴν</span> <span class='ocrx_word' id='word_1_494' title='bbox 3057 841 3155 910; x_wconf 87' lang='grc' dir='ltr'>τῆς</span> <span class='ocrx_word' id='word_1_495' title='bbox 3181 835 3441 907; x_wconf 73' lang='grc' dir='ltr'>γυναικὸς</span> <span class='ocrx_word' id='word_1_496' title='bbox 3474 828 3705 886; x_wconf 86' lang='grc' dir='ltr'>πολυτέ-</span> 
     </span>
    </p>
   </div>
   <div class='ocr_carea' id='block_1_65' title="bbox 2110 924 3704 1006">
    <p class='ocr_par' dir='ltr' id='par_1_65' title="bbox 2110 924 3704 1006">
     <span class='ocr_line' id='line_1_65' title="bbox 2110 924 3704 1006; baseline -0.009 -17"><span class='ocrx_word' id='word_1_497' title='bbox 2110 938 2280 1002; x_wconf 89' lang='grc' dir='ltr'>λειαν,</span> <span class='ocrx_word' id='word_1_498' title='bbox 2319 936 2433 990; x_wconf 84' lang='grc' dir='ltr'>ἀλλ’</span> <span class='ocrx_word' id='word_1_499' title='bbox 2473 935 2852 1006; x_wconf 85' lang='grc' dir='ltr'>ἀναγκάζηται</span> <span class='ocrx_word' id='word_1_500' title='bbox 2901 932 3196 1004; x_wconf 89' lang='grc' dir='ltr'>λιμώττειν</span> <span class='ocrx_word' id='word_1_501' title='bbox 3223 930 3314 984; x_wconf 72' lang='grc' dir='ltr'>καὶ</span> <span class='ocrx_word' id='word_1_502' title='bbox 3349 924 3704 996; x_wconf 85' lang='grc' dir='ltr'>στενοχωρεῖ-</span> 
     </span>
    </p>
   </div>
   <div class='ocr_carea' id='block_1_66' title="bbox 2113 1014 3706 1100">
    <p class='ocr_par' dir='ltr' id='par_1_66' title="bbox 2113 1014 3706 1100">
     <span class='ocr_line' id='line_1_66' title="bbox 2113 1014 3706 1100; baseline -0.009 -18"><span class='ocrx_word' id='word_1_503' title='bbox 2113 1029 2258 1092; x_wconf 84' lang='grc' dir='ltr'>σθαι,</span> <span class='ocrx_word' id='word_1_504' title='bbox 2297 1030 2557 1100; x_wconf 87' lang='grc' dir='ltr'>κάκείνην</span> <span class='ocrx_word' id='word_1_505' title='bbox 2597 1029 2731 1099; x_wconf 80' lang='grc' dir='ltr'>ὁρᾷν</span> <span class='ocrx_word' id='word_1_506' title='bbox 2757 1024 3224 1098; x_wconf 85' lang='grc' dir='ltr'>χρυσοφοροῦσαν,</span> <span class='ocrx_word' id='word_1_507' title='bbox 3252 1021 3373 1091; x_wconf 72' lang='grc' dir='ltr'>οὐχὶ</span> <span class='ocrx_word' id='word_1_508' title='bbox 3419 1018 3592 1090; x_wconf 88' lang='grc' dir='ltr'>ζημία</span> <span class='ocrx_word' id='word_1_509' title='bbox 3641 1014 3706 1067; x_wconf 82' lang='grc' dir='ltr'>τὸ</span> 
     </span>
    </p>
   </div>
   <div class='ocr_carea' id='block_1_67' title="bbox 2114 1109 3710 1192">
    <p class='ocr_par' dir='ltr' id='par_1_67' title="bbox 2114 1109 3710 1192">
     <span class='ocr_line' id='line_1_67' title="bbox 2114 1109 3710 1192; baseline -0.008 -17"><span class='ocrx_word' id='word_1_510' title='bbox 2114 1123 2381 1192; x_wconf 84' lang='grc' dir='ltr'>πρᾶγμα;</span> <span class='ocrx_word' id='word_1_511' title='bbox 2433 1122 2710 1192; x_wconf 83' lang='grc' dir='ltr'>Χρήματα</span> <span class='ocrx_word' id='word_1_512' title='bbox 2735 1119 2844 1190; x_wconf 86' lang='grc' dir='ltr'>γὰρ</span> <span class='ocrx_word' id='word_1_513' title='bbox 2869 1117 2958 1172; x_wconf 85' lang='grc' dir='ltr'>διά</span> <span class='ocrx_word' id='word_1_514' title='bbox 3005 1114 3166 1169; x_wconf 89' lang='grc' dir='ltr'>τοῦτο</span> <span class='ocrx_word' id='word_1_515' title='bbox 3199 1113 3438 1185; x_wconf 80' lang='grc' dir='ltr'>εἴρηται,</span> <span class='ocrx_word' id='word_1_516' title='bbox 3471 1112 3569 1182; x_wconf 88' lang='grc' dir='ltr'>οὐχ</span> <span class='ocrx_word' id='word_1_517' title='bbox 3619 1109 3710 1163; x_wconf 76' lang='grc' dir='ltr'>ἵνα</span> 
     </span>
    </p>
   </div>
   <div class='ocr_carea' id='block_1_68' title="bbox 2115 1203 3713 1285">
    <p class='ocr_par' dir='ltr' id='par_1_68' title="bbox 2115 1203 3713 1285">
     <span class='ocr_line' id='line_1_68' title="bbox 2115 1203 3713 1285; baseline -0.01 -17"><span class='ocrx_word' id='word_1_518' title='bbox 2115 1213 2260 1268; x_wconf 76' lang='grc' dir='ltr'>οὕτω</span> <span class='ocrx_word' id='word_1_519' title='bbox 2282 1213 2547 1285; x_wconf 80' lang='grc' dir='ltr'>χρώμεθα</span> <span class='ocrx_word' id='word_1_520' title='bbox 2569 1212 2775 1275; x_wconf 86' lang='grc' dir='ltr'>αὐτοῖς,</span> <span class='ocrx_word' id='word_1_521' title='bbox 2800 1209 3054 1278; x_wconf 83' lang='grc' dir='ltr'>καθάπερ</span> <span class='ocrx_word' id='word_1_522' title='bbox 3071 1207 3128 1261; x_wconf 80' lang='grc' dir='ltr'>αἱ</span> <span class='ocrx_word' id='word_1_523' title='bbox 3157 1204 3435 1276; x_wconf 83' lang='grc' dir='ltr'>προθῆκαι</span> <span class='ocrx_word' id='word_1_524' title='bbox 3460 1203 3568 1255; x_wconf 81' lang='grc' dir='ltr'>τῶν</span> <span class='ocrx_word' id='word_1_525' title='bbox 3586 1217 3713 1272; x_wconf 80' lang='grc' dir='ltr'>χρυ-</span> 
     </span>
    </p>
   </div>
   <div class='ocr_carea' id='block_1_69' title="bbox 2116 1295 3709 1377">
    <p class='ocr_par' dir='ltr' id='par_1_69' title="bbox 2116 1295 3709 1377">
     <span class='ocr_line' id='line_1_69' title="bbox 2116 1295 3709 1377; baseline -0.01 -17"><span class='ocrx_word' id='word_1_526' title='bbox 2116 1307 2338 1377; x_wconf 88' lang='grc' dir='ltr'>σοχὸων,</span> <span class='ocrx_word' id='word_1_527' title='bbox 2390 1305 2623 1360; x_wconf 84' lang='grc' dir='ltr'>ἀλλ’ἵνα</span> <span class='ocrx_word' id='word_1_528' title='bbox 2673 1301 3041 1376; x_wconf 84' lang='grc' dir='ltr'>ἐργαζώμεθά</span> <span class='ocrx_word' id='word_1_529' title='bbox 3074 1318 3126 1353; x_wconf 86' lang='grc' dir='ltr'>τι</span> <span class='ocrx_word' id='word_1_530' title='bbox 3180 1297 3345 1351; x_wconf 74' lang='grc' dir='ltr'>καλὸν</span> <span class='ocrx_word' id='word_1_531' title='bbox 3393 1298 3452 1349; x_wconf 89' lang='grc' dir='ltr'>ἐν</span> <span class='ocrx_word' id='word_1_532' title='bbox 3504 1295 3709 1355; x_wconf 84' lang='grc' dir='ltr'>αὐτοῖς.</span> 
     </span>
    </p>
   </div>
   <div class='ocr_carea' id='block_1_70' title="bbox 2116 1384 3715 1469">
    <p class='ocr_par' dir='ltr' id='par_1_70' title="bbox 2116 1384 3715 1469">
     <span class='ocr_line' id='line_1_70' title="bbox 2116 1384 3715 1469; baseline -0.01 -16"><span class='ocrx_word' id='word_1_533' title='bbox 2116 1401 2284 1454; x_wconf 81' lang='grc' dir='ltr'>Ὅταν</span> <span class='ocrx_word' id='word_1_534' title='bbox 2309 1397 2402 1454; x_wconf 75' lang='grc' dir='ltr'>οὖν</span> <span class='ocrx_word' id='word_1_535' title='bbox 2439 1401 2468 1452; x_wconf 89' lang='lat'>6</span> <span class='ocrx_word' id='word_1_536' title='bbox 2513 1397 2609 1452; x_wconf 89' lang='grc' dir='ltr'>τοῦ</span> <span class='ocrx_word' id='word_1_537' title='bbox 2639 1395 2840 1469; x_wconf 88' lang='grc' dir='ltr'>χρυσοῦ</span> <span class='ocrx_word' id='word_1_538' title='bbox 2872 1395 3038 1456; x_wconf 85' lang='grc' dir='ltr'>πόθος</span> <span class='ocrx_word' id='word_1_539' title='bbox 3086 1391 3160 1464; x_wconf 82' lang='grc' dir='ltr'>μὴ</span> <span class='ocrx_word' id='word_1_540' title='bbox 3191 1391 3328 1462; x_wconf 80' lang='grc' dir='ltr'>ἀφῇ,</span> <span class='ocrx_word' id='word_1_541' title='bbox 3365 1387 3488 1460; x_wconf 67' lang='grc' dir='ltr'>οὐχὶ</span> <span class='ocrx_word' id='word_1_542' title='bbox 3538 1384 3715 1457; x_wconf 84' lang='grc' dir='ltr'>ζημία</span> 
     </span>
    </p>
   </div>
   <div class='ocr_carea' id='block_1_71' title="bbox 2116 1476 3717 1561">
    <p class='ocr_par' dir='ltr' id='par_1_71' title="bbox 2116 1476 3717 1561">
     <span class='ocr_line' id='line_1_71' title="bbox 2116 1476 3717 1561; baseline -0.011 -14"><span class='ocrx_word' id='word_1_543' title='bbox 2116 1493 2233 1547; x_wconf 78' lang='grc' dir='ltr'>ἐστὶ</span> <span class='ocrx_word' id='word_1_544' title='bbox 2277 1492 2338 1545; x_wconf 92' lang='lat'>16</span> <span class='ocrx_word' id='word_1_545' title='bbox 2376 1494 2516 1559; x_wconf 85' lang='grc' dir='ltr'>πᾶν;</span> <span class='ocrx_word' id='word_1_546' title='bbox 2566 1491 2624 1545; x_wconf 86' lang='grc' dir='ltr'>Ὀ</span> <span class='ocrx_word' id='word_1_547' title='bbox 2654 1491 2763 1561; x_wconf 84' lang='grc' dir='ltr'>γὰρ</span> <span class='ocrx_word' id='word_1_548' title='bbox 2825 1487 2902 1560; x_wconf 81' lang='grc' dir='ltr'>μὴ</span> <span class='ocrx_word' id='word_1_549' title='bbox 2929 1485 3145 1557; x_wconf 86' lang='grc' dir='ltr'>τολμῶν</span> <span class='ocrx_word' id='word_1_550' title='bbox 3173 1485 3358 1546; x_wconf 82' lang='grc' dir='ltr'>αὐτοῖς</span> <span class='ocrx_word' id='word_1_551' title='bbox 3404 1476 3717 1553; x_wconf 80' lang='grc' dir='ltr'>χρήσασθαι</span> 
     </span>
    </p>
   </div>
   <div class='ocr_carea' id='block_1_72' title="bbox 2116 1569 3714 1654">
    <p class='ocr_par' dir='ltr' id='par_1_72' title="bbox 2116 1569 3714 1654">
     <span class='ocr_line' id='line_1_72' title="bbox 2116 1569 3714 1654; baseline -0.009 -15"><span class='ocrx_word' id='word_1_552' title='bbox 2116 1587 2306 1652; x_wconf 79' lang='grc' dir='ltr'>ὥσπερ</span> <span class='ocrx_word' id='word_1_553' title='bbox 2344 1582 2670 1654; x_wconf 86' lang='grc' dir='ltr'>ἀλλοτρίοις,</span> <span class='ocrx_word' id='word_1_554' title='bbox 2703 1581 2764 1634; x_wconf 85' lang='grc' dir='ltr'>οὐ</span> <span class='ocrx_word' id='word_1_555' title='bbox 2805 1579 3094 1651; x_wconf 88' lang='grc' dir='ltr'>κέχρηται,</span> <span class='ocrx_word' id='word_1_556' title='bbox 3153 1577 3248 1631; x_wconf 72' lang='grc' dir='ltr'>καὶ</span> <span class='ocrx_word' id='word_1_557' title='bbox 3299 1574 3401 1628; x_wconf 89' lang='grc' dir='ltr'>οὐκ</span> <span class='ocrx_word' id='word_1_558' title='bbox 3427 1573 3542 1627; x_wconf 73' lang='grc' dir='ltr'>ἐστι</span> <span class='ocrx_word' id='word_1_559' title='bbox 3575 1569 3714 1641; x_wconf 80' lang='grc' dir='ltr'>χρῆ·</span> 
     </span>
    </p>
   </div>
   <div class='ocr_carea' id='block_1_73' title="bbox 2119 1659 3717 1746">
    <p class='ocr_par' dir='ltr' id='par_1_73' title="bbox 2119 1659 3717 1746">
     <span class='ocr_line' id='line_1_73' title="bbox 2119 1659 3717 1746; baseline -0.01 -18"><span class='ocrx_word' id='word_1_560' title='bbox 2119 1692 2204 1738; x_wconf 83' lang='grc' dir='ltr'>σις</span> <span class='ocrx_word' id='word_1_561' title='bbox 2228 1673 2493 1746; x_wconf 83' lang='grc' dir='ltr'>οὐδαμοῦ.</span> <span class='ocrx_word' id='word_1_562' title='bbox 2511 1673 2578 1727; x_wconf 87' lang='grc' dir='ltr'>Τί</span> <span class='ocrx_word' id='word_1_563' title='bbox 2605 1672 2686 1734; x_wconf 83' lang='grc' dir='ltr'>δὲ,</span> <span class='ocrx_word' id='word_1_564' title='bbox 2714 1673 2842 1726; x_wconf 84' lang='grc' dir='ltr'>ὅταν</span> <span class='ocrx_word' id='word_1_565' title='bbox 2863 1670 3041 1734; x_wconf 74' lang='grc' dir='ltr'>οἰκίας</span> <span class='ocrx_word' id='word_1_566' title='bbox 3058 1665 3433 1738; x_wconf 80' lang='grc' dir='ltr'>οἱκοδομῶμεν</span> <span class='ocrx_word' id='word_1_567' title='bbox 3451 1659 3717 1734; x_wconf 82' lang='grc' dir='ltr'>λαμπρὰς</span> 
     </span>
    </p>
   </div>
   <div class='ocr_carea' id='block_1_74' title="bbox 2123 1754 3720 1838">
    <p class='ocr_par' dir='ltr' id='par_1_74' title="bbox 2123 1754 3720 1838">
     <span class='ocr_line' id='line_1_74' title="bbox 2123 1754 3720 1838; baseline -0.01 -17"><span class='ocrx_word' id='word_1_568' title='bbox 2123 1767 2216 1820; x_wconf 67' lang='grc' dir='ltr'>λαὶ</span> <span class='ocrx_word' id='word_1_569' title='bbox 2262 1765 2529 1838; x_wconf 85' lang='grc' dir='ltr'>μεγάλας,</span> <span class='ocrx_word' id='word_1_570' title='bbox 2567 1766 2663 1819; x_wconf 73' lang='grc' dir='ltr'>καὶ</span> <span class='ocrx_word' id='word_1_571' title='bbox 2710 1764 2856 1818; x_wconf 88' lang='grc' dir='ltr'>κίοσι</span> <span class='ocrx_word' id='word_1_572' title='bbox 2891 1761 2989 1816; x_wconf 66' lang='grc' dir='ltr'>καλ⁵</span> <span class='ocrx_word' id='word_1_573' title='bbox 3043 1759 3362 1832; x_wconf 83' lang='grc' dir='ltr'>μαρμάροις</span> <span class='ocrx_word' id='word_1_574' title='bbox 3399 1755 3493 1810; x_wconf 75' lang='grc' dir='ltr'>καὶ</span> <span class='ocrx_word' id='word_1_575' title='bbox 3534 1754 3720 1814; x_wconf 87' lang='grc' dir='ltr'>στοαῖς</span> 
     </span>
    </p>
   </div>
   <div class='ocr_carea' id='block_1_75' title="bbox 2122 1845 3722 1928">
    <p class='ocr_par' dir='ltr' id='par_1_75' title="bbox 2122 1845 3722 1928">
     <span class='ocr_line' id='line_1_75' title="bbox 2122 1845 3722 1928; baseline -0.009 -18"><span class='ocrx_word' id='word_1_576' title='bbox 2122 1857 2216 1911; x_wconf 66' lang='grc' dir='ltr'>καὶ</span> <span class='ocrx_word' id='word_1_577' title='bbox 2250 1855 2576 1928; x_wconf 84' lang='grc' dir='ltr'>περιπάτοις</span> <span class='ocrx_word' id='word_1_578' title='bbox 2601 1854 2807 1918; x_wconf 89' lang='grc' dir='ltr'>ταύτας</span> <span class='ocrx_word' id='word_1_579' title='bbox 2834 1849 3301 1923; x_wconf 82' lang='grc' dir='ltr'>κατακοσμῶμεν,</span> <span class='ocrx_word' id='word_1_580' title='bbox 3347 1845 3543 1901; x_wconf 77' lang='grc' dir='ltr'>εἴδωλα</span> <span class='ocrx_word' id='word_1_581' title='bbox 3581 1861 3722 1897; x_wconf 87' lang='grc' dir='ltr'>παν-</span> 
     </span>
    </p>
   </div>
   <div class='ocr_carea' id='block_1_76' title="bbox 2120 1931 3722 2018">
    <p class='ocr_par' dir='ltr' id='par_1_76' title="bbox 2120 1931 3722 2018">
     <span class='ocr_line' id='line_1_76' title="bbox 2120 1931 3722 2018; baseline -0.009 -18"><span class='ocrx_word' id='word_1_582' title='bbox 2120 1947 2286 2018; x_wconf 82' lang='grc' dir='ltr'>ταχοῦ</span> <span class='ocrx_word' id='word_1_583' title='bbox 2308 1947 2403 2001; x_wconf 75' lang='grc' dir='ltr'>καὶ</span> <span class='ocrx_word' id='word_1_584' title='bbox 2442 1943 2604 2011; x_wconf 83' lang='grc' dir='ltr'>ξόανα</span> <span class='ocrx_word' id='word_1_585' title='bbox 2640 1946 2927 2010; x_wconf 75' lang='grc' dir='ltr'>ίστῶντεςς</span> <span class='ocrx_word' id='word_1_586' title='bbox 2977 1941 3173 1996; x_wconf 70' lang='grc' dir='ltr'>Πολλοὶ</span> <span class='ocrx_word' id='word_1_587' title='bbox 3198 1939 3298 2012; x_wconf 86' lang='grc' dir='ltr'>μὲν</span> <span class='ocrx_word' id='word_1_588' title='bbox 3335 1935 3430 1992; x_wconf 82' lang='grc' dir='ltr'>οὖν</span> <span class='ocrx_word' id='word_1_589' title='bbox 3472 1931 3722 1990; x_wconf 75' lang='grc' dir='ltr'>ἀπὸτοῦ-</span> 
     </span>
    </p>
   </div>
   <div class='ocr_carea' id='block_1_77' title="bbox 2120 2025 3723 2110">
    <p class='ocr_par' dir='ltr' id='par_1_77' title="bbox 2120 2025 3723 2110">
     <span class='ocr_line' id='line_1_77' title="bbox 2120 2025 3723 2110; baseline -0.01 -15"><span class='ocrx_word' id='word_1_590' title='bbox 2120 2059 2230 2095; x_wconf 90' lang='grc' dir='ltr'>των</span> <span class='ocrx_word' id='word_1_591' title='bbox 2253 2042 2344 2094; x_wconf 76' lang='grc' dir='ltr'>καὶ</span> <span class='ocrx_word' id='word_1_592' title='bbox 2384 2040 2646 2110; x_wconf 88' lang='grc' dir='ltr'>δαίμονας</span> <span class='ocrx_word' id='word_1_593' title='bbox 2676 2037 2924 2092; x_wconf 88' lang='grc' dir='ltr'>καλοῦσι·</span> <span class='ocrx_word' id='word_1_594' title='bbox 2965 2036 3104 2106; x_wconf 81' lang='grc' dir='ltr'>πλὴν</span> <span class='ocrx_word' id='word_1_595' title='bbox 3135 2033 3274 2089; x_wconf 88' lang='grc' dir='ltr'>ἀλλά</span> <span class='ocrx_word' id='word_1_596' title='bbox 3307 2031 3381 2104; x_wconf 85' lang='grc' dir='ltr'>μὴ</span> <span class='ocrx_word' id='word_1_597' title='bbox 3413 2027 3588 2083; x_wconf 89' lang='grc' dir='ltr'>ταῦτα</span> <span class='ocrx_word' id='word_1_598' title='bbox 3633 2025 3723 2092; x_wconf 81' lang='grc' dir='ltr'>ἐξ-</span> 
     </span>
    </p>
   </div>
   <div class='ocr_carea' id='block_1_78' title="bbox 2125 2117 3724 2202">
    <p class='ocr_par' dir='ltr' id='par_1_78' title="bbox 2125 2117 3724 2202">
     <span class='ocr_line' id='line_1_78' title="bbox 2125 2117 3724 2202; baseline -0.011 -15"><span class='ocrx_word' id='word_1_599' title='bbox 2125 2134 2427 2202; x_wconf 79' lang='grc' dir='ltr'>ετάσωμεν.</span> <span class='ocrx_word' id='word_1_600' title='bbox 2469 2132 2534 2184; x_wconf 93' lang='grc' dir='ltr'>Τί</span> <span class='ocrx_word' id='word_1_601' title='bbox 2571 2130 2821 2201; x_wconf 84' lang='grc' dir='ltr'>βούλεται</span> <span class='ocrx_word' id='word_1_602' title='bbox 2873 2129 2967 2182; x_wconf 76' lang='grc' dir='ltr'>καὶ</span> <span class='ocrx_word' id='word_1_603' title='bbox 2997 2129 3024 2180; x_wconf 86' lang='grc' dir='ltr'><strong>ὁ</strong></span> <span class='ocrx_word' id='word_1_604' title='bbox 3058 2124 3297 2199; x_wconf 86' lang='grc' dir='ltr'>χρυσοῦς</span> <span class='ocrx_word' id='word_1_605' title='bbox 3328 2123 3553 2194; x_wconf 79' lang='grc' dir='ltr'>ὃροφος;</span> <span class='ocrx_word' id='word_1_606' title='bbox 3600 2117 3724 2188; x_wconf 79' lang='grc' dir='ltr'>οὐχὶ</span> 
     </span>
    </p>
   </div>
   <div class='ocr_carea' id='block_1_79' title="bbox 2123 2213 3728 2296">
    <p class='ocr_par' dir='ltr' id='par_1_79' title="bbox 2123 2213 3728 2296">
     <span class='ocr_line' id='line_1_79' title="bbox 2123 2213 3728 2296; baseline -0.011 -18"><span class='ocrx_word' id='word_1_607' title='bbox 2123 2224 2224 2296; x_wconf 80' lang='grc' dir='ltr'>τὴν</span> <span class='ocrx_word' id='word_1_608' title='bbox 2252 2223 2421 2294; x_wconf 84' lang='grc' dir='ltr'>αὐτὴν</span> <span class='ocrx_word' id='word_1_609' title='bbox 2471 2222 2551 2292; x_wconf 85' lang='grc' dir='ltr'>τῷ</span> <span class='ocrx_word' id='word_1_610' title='bbox 2589 2221 2728 2293; x_wconf 87' lang='grc' dir='ltr'>μετά</span> <span class='ocrx_word' id='word_1_611' title='bbox 2762 2220 3108 2292; x_wconf 82' lang='grc' dir='ltr'>συμμετρίας</span> <span class='ocrx_word' id='word_1_612' title='bbox 3141 2216 3321 2271; x_wconf 78' lang='grc' dir='ltr'>οὶκίαν</span> <span class='ocrx_word' id='word_1_613' title='bbox 3360 2213 3538 2284; x_wconf 71' lang='grc' dir='ltr'>ἔχοντι</span> <span class='ocrx_word' id='word_1_614' title='bbox 3581 2226 3728 2278; x_wconf 82' lang='grc' dir='ltr'>παρ·</span> 
     </span>
    </p>
   </div>
   <div class='ocr_carea' id='block_1_80' title="bbox 2127 2300 3723 2388">
    <p class='ocr_par' dir='ltr' id='par_1_80' title="bbox 2127 2300 3723 2388">
     <span class='ocr_line' id='line_1_80' title="bbox 2127 2300 3723 2388; baseline -0.012 -17"><span class='ocrx_word' id='word_1_615' title='bbox 2127 2319 2310 2388; x_wconf 87' lang='grc' dir='ltr'>ἐχεται</span> <span class='ocrx_word' id='word_1_616' title='bbox 2341 2314 2441 2386; x_wconf 78' lang='grc' dir='ltr'>τὴν</span> <span class='ocrx_word' id='word_1_617' title='bbox 2466 2313 2698 2385; x_wconf 79' lang='grc' dir='ltr'>χρῆσινς</span> <span class='ocrx_word' id='word_1_618' title='bbox 2739 2311 2880 2364; x_wconf 83' lang='grc' dir='ltr'>Ἀλλ’</span> <span class='ocrx_word' id='word_1_619' title='bbox 2911 2310 3046 2380; x_wconf 78' lang='grc' dir='ltr'>ἔχει,</span> <span class='ocrx_word' id='word_1_620' title='bbox 3078 2307 3236 2378; x_wconf 72' lang='grc' dir='ltr'>φησὶ,</span> <span class='ocrx_word' id='word_1_621' title='bbox 3264 2303 3452 2377; x_wconf 75' lang='grc' dir='ltr'>τέρψιν</span> <span class='ocrx_word' id='word_1_622' title='bbox 3500 2300 3723 2370; x_wconf 74' lang='grc' dir='ltr'>πολλήν.</span> 
     </span>
    </p>
   </div>
   <div class='ocr_carea' id='block_1_81' title="bbox 2140 2389 3729 2479">
    <p class='ocr_par' dir='ltr' id='par_1_81' title="bbox 2140 2389 3729 2479">
     <span class='ocr_line' id='line_1_81' title="bbox 2140 2389 3729 2479; baseline -0.012 -18"><span class='ocrx_word' id='word_1_623' title='bbox 2140 2408 2300 2462; x_wconf 81' lang='grc' dir='ltr'>’Λλλά</span> <span class='ocrx_word' id='word_1_624' title='bbox 2328 2406 2524 2479; x_wconf 81' lang='grc' dir='ltr'>μέχρις</span> <span class='ocrx_word' id='word_1_625' title='bbox 2576 2403 2794 2476; x_wconf 83' lang='grc' dir='ltr'>ἡμέρας</span> <span class='ocrx_word' id='word_1_626' title='bbox 2827 2402 2958 2472; x_wconf 83' lang='grc' dir='ltr'>μιᾶς</span> <span class='ocrx_word' id='word_1_627' title='bbox 2988 2401 3084 2454; x_wconf 76' lang='grc' dir='ltr'>καὶ</span> <span class='ocrx_word' id='word_1_628' title='bbox 3127 2396 3411 2467; x_wconf 86' lang='grc' dir='ltr'>δευτέρας,</span> <span class='ocrx_word' id='word_1_629' title='bbox 3435 2391 3621 2447; x_wconf 82' lang='grc' dir='ltr'>λοιπὸν</span> <span class='ocrx_word' id='word_1_630' title='bbox 3671 2389 3729 2442; x_wconf 84' lang='lat'>65</span> 
     </span>
    </p>
   </div>
   <div class='ocr_carea' id='block_1_82' title="bbox 2125 2481 3733 2567">
    <p class='ocr_par' dir='ltr' id='par_1_82' title="bbox 2125 2481 3733 2567">
     <span class='ocr_line' id='line_1_82' title="bbox 2125 2481 3733 2567; baseline -0.012 -15"><span class='ocrx_word' id='word_1_631' title='bbox 2125 2499 2331 2554; x_wconf 87' lang='grc' dir='ltr'>οὐκέτι.</span> <span class='ocrx_word' id='word_1_632' title='bbox 2366 2499 2427 2551; x_wconf 85' lang='grc' dir='ltr'><strong>Εἰ</strong></span> <span class='ocrx_word' id='word_1_633' title='bbox 2457 2496 2566 2567; x_wconf 90' lang='grc' dir='ltr'>γάρ</span> <span class='ocrx_word' id='word_1_634' title='bbox 2601 2497 2628 2548; x_wconf 88' lang='grc' dir='ltr'>ό</span> <span class='ocrx_word' id='word_1_635' title='bbox 2653 2495 2805 2564; x_wconf 78' lang='grc' dir='ltr'>ἥλιος</span> <span class='ocrx_word' id='word_1_636' title='bbox 2843 2493 2991 2563; x_wconf 83' lang='grc' dir='ltr'>ἡμᾶς</span> <span class='ocrx_word' id='word_1_637' title='bbox 3017 2493 3118 2544; x_wconf 77' lang='grc' dir='ltr'>οὐκ</span> <span class='ocrx_word' id='word_1_638' title='bbox 3151 2487 3445 2557; x_wconf 78' lang='grc' dir='ltr'>ἐκπλήττει</span> <span class='ocrx_word' id='word_1_639' title='bbox 3471 2483 3559 2537; x_wconf 84' lang='grc' dir='ltr'>διὰ</span> <span class='ocrx_word' id='word_1_640' title='bbox 3589 2481 3648 2534; x_wconf 86' lang='lat'>16</span> <span class='ocrx_word' id='word_1_641' title='bbox 3673 2482 3733 2532; x_wconf 81' lang='grc' dir='ltr'>ἐν</span> 
     </span>
    </p>
   </div>
   <div class='ocr_carea' id='block_1_83' title="bbox 2131 2572 3728 2659">
    <p class='ocr_par' dir='ltr' id='par_1_83' title="bbox 2131 2572 3728 2659">
     <span class='ocr_line' id='line_1_83' title="bbox 2131 2572 3728 2659; baseline -0.011 -18"><span class='ocrx_word' id='word_1_642' title='bbox 2131 2588 2390 2659; x_wconf 79' lang='grc' dir='ltr'>συνηθείᾳ</span> <span class='ocrx_word' id='word_1_643' title='bbox 2435 2582 2595 2650; x_wconf 73' lang='grc' dir='ltr'>εἶναι,</span> <span class='ocrx_word' id='word_1_644' title='bbox 2627 2581 2807 2653; x_wconf 86' lang='grc' dir='ltr'>πολλῷ</span> <span class='ocrx_word' id='word_1_645' title='bbox 2839 2581 3042 2652; x_wconf 83' lang='grc' dir='ltr'>μᾶλλον</span> <span class='ocrx_word' id='word_1_646' title='bbox 3066 2580 3136 2632; x_wconf 88' lang='grc' dir='ltr'>τά</span> <span class='ocrx_word' id='word_1_647' title='bbox 3191 2577 3328 2649; x_wconf 73' lang='grc' dir='ltr'>ἔργα</span> <span class='ocrx_word' id='word_1_648' title='bbox 3360 2575 3460 2644; x_wconf 79' lang='grc' dir='ltr'>τῆς</span> <span class='ocrx_word' id='word_1_649' title='bbox 3510 2572 3728 2641; x_wconf 83' lang='grc' dir='ltr'>τέχνης⁶</span> 
     </span>
    </p>
   </div>
   <div class='ocr_carea' id='block_1_84' title="bbox 2131 2660 3731 2749">
    <p class='ocr_par' dir='ltr' id='par_1_84' title="bbox 2131 2660 3731 2749">
     <span class='ocr_line' id='line_1_84' title="bbox 2131 2660 3731 2749; baseline -0.013 -16"><span class='ocrx_word' id='word_1_650' title='bbox 2131 2681 2244 2735; x_wconf 80' lang='grc' dir='ltr'>ἀλλ’</span> <span class='ocrx_word' id='word_1_651' title='bbox 2276 2679 2477 2749; x_wconf 83' lang='grc' dir='ltr'>ὁμοίως</span> <span class='ocrx_word' id='word_1_652' title='bbox 2520 2677 2634 2738; x_wconf 87' lang='grc' dir='ltr'>τοῖς</span> <span class='ocrx_word' id='word_1_653' title='bbox 2687 2674 2957 2746; x_wconf 83' lang='grc' dir='ltr'>πηλίνοις,</span> <span class='ocrx_word' id='word_1_654' title='bbox 3012 2673 3199 2734; x_wconf 80' lang='grc' dir='ltr'>αὐτοῖς</span> <span class='ocrx_word' id='word_1_655' title='bbox 3247 2667 3613 2738; x_wconf 88' lang='grc' dir='ltr'>προσέχομεν.</span> <span class='ocrx_word' id='word_1_656' title='bbox 3663 2660 3731 2749; x_wconf 74' lang='grc' dir='ltr'>Τί</span> 
     </span>
    </p>
   </div>
   <div class='ocr_carea' id='block_1_85' title="bbox 2130 2745 3733 2842">
    <p class='ocr_par' dir='ltr' id='par_1_85' title="bbox 2130 2745 3733 2842">
     <span class='ocr_line' id='line_1_85' title="bbox 2130 2745 3733 2842; baseline -0.013 -18"><span class='ocrx_word' id='word_1_657' title='bbox 2130 2773 2261 2842; x_wconf 82' lang='grc' dir='ltr'>γὰρ,</span> <span class='ocrx_word' id='word_1_658' title='bbox 2297 2745 2418 2822; x_wconf 80' lang='grc' dir='ltr'>είπέ</span> <span class='ocrx_word' id='word_1_659' title='bbox 2453 2783 2565 2838; x_wconf 85' lang='grc' dir='ltr'>μοι,</span> <span class='ocrx_word' id='word_1_660' title='bbox 2623 2767 2701 2828; x_wconf 85' lang='grc' dir='ltr'>είς</span> <span class='ocrx_word' id='word_1_661' title='bbox 2748 2745 2980 2834; x_wconf 89' lang='grc' dir='ltr'>ἀρίστην</span> <span class='ocrx_word' id='word_1_662' title='bbox 3019 2760 3233 2831; x_wconf 78' lang='grc' dir='ltr'>οἴκησιν</span> <span class='ocrx_word' id='word_1_663' title='bbox 3291 2755 3486 2811; x_wconf 84' lang='grc' dir='ltr'>κιόνων</span> <span class='ocrx_word' id='word_1_664' title='bbox 3526 2745 3733 2822; x_wconf 68' lang='grc' dir='ltr'>πλῆθος</span> 
     </span>
    </p>
   </div>
   <div class='ocr_carea' id='block_1_86' title="bbox 2131 2845 3734 2927">
    <p class='ocr_par' dir='ltr' id='par_1_86' title="bbox 2131 2845 3734 2927">
     <span class='ocr_line' id='line_1_86' title="bbox 2131 2845 3734 2927; baseline -0.012 -12"><span class='ocrx_word' id='word_1_665' title='bbox 2131 2863 2228 2915; x_wconf 72' lang='grc' dir='ltr'>καὶ</span> <span class='ocrx_word' id='word_1_666' title='bbox 2259 2860 2462 2927; x_wconf 77' lang='grc' dir='ltr'>ξοάνων</span> <span class='ocrx_word' id='word_1_667' title='bbox 2493 2854 2665 2926; x_wconf 88' lang='grc' dir='ltr'>κάλλη</span> <span class='ocrx_word' id='word_1_668' title='bbox 2700 2855 2801 2909; x_wconf 75' lang='grc' dir='ltr'>καὶ</span> <span class='ocrx_word' id='word_1_669' title='bbox 2838 2853 3042 2924; x_wconf 84' lang='grc' dir='ltr'>χρυσὸς</span> <span class='ocrx_word' id='word_1_670' title='bbox 3079 2853 3193 2914; x_wconf 88' lang='grc' dir='ltr'>τοῖς</span> <span class='ocrx_word' id='word_1_671' title='bbox 3233 2849 3438 2920; x_wconf 87' lang='grc' dir='ltr'>τοίχοις</span> <span class='ocrx_word' id='word_1_672' title='bbox 3471 2845 3734 2916; x_wconf 82' lang='grc' dir='ltr'>διεσπαρ-</span> 
     </span>
    </p>
   </div>
   <div class='ocr_carea' id='block_1_87' title="bbox 2138 2931 3735 3020">
    <p class='ocr_par' dir='ltr' id='par_1_87' title="bbox 2138 2931 3735 3020">
     <span class='ocr_line' id='line_1_87' title="bbox 2138 2931 3735 3020; baseline -0.011 -18"><span class='ocrx_word' id='word_1_673' title='bbox 2138 2950 2298 3020; x_wconf 88' lang='grc' dir='ltr'>μένος</span> <span class='ocrx_word' id='word_1_674' title='bbox 2358 2945 2729 3017; x_wconf 74' lang='grc' dir='ltr'>συμῧάλλεται</span> <span class='ocrx_word' id='word_1_675' title='bbox 2757 2956 2819 3009; x_wconf 75' lang='lat' dir='ltr'>a;</span> <span class='ocrx_word' id='word_1_676' title='bbox 2884 2942 3086 3004; x_wconf 85' lang='grc' dir='ltr'>Οὐδὲν,</span> <span class='ocrx_word' id='word_1_677' title='bbox 3138 2938 3276 2992; x_wconf 80' lang='grc' dir='ltr'>ἀλλὰ</span> <span class='ocrx_word' id='word_1_678' title='bbox 3325 2936 3583 3008; x_wconf 85' lang='grc' dir='ltr'>βλακείας</span> <span class='ocrx_word' id='word_1_679' title='bbox 3636 2931 3735 2985; x_wconf 75' lang='grc' dir='ltr'>καὶ</span> 
     </span>
    </p>
   </div>
   <div class='ocr_carea' id='block_1_88' title="bbox 2136 3028 3737 3112">
    <p class='ocr_par' dir='ltr' id='par_1_88' title="bbox 2136 3028 3737 3112">
     <span class='ocr_line' id='line_1_88' title="bbox 2136 3028 3737 3112; baseline -0.011 -18"><span class='ocrx_word' id='word_1_680' title='bbox 2136 3042 2348 3112; x_wconf 78' lang='grc' dir='ltr'>ΰὸρεως</span> <span class='ocrx_word' id='word_1_681' title='bbox 2387 3041 2483 3092; x_wconf 77' lang='grc' dir='ltr'>καὶ</span> <span class='ocrx_word' id='word_1_682' title='bbox 2509 3036 2679 3106; x_wconf 81' lang='grc' dir='ltr'>τύφου</span> <span class='ocrx_word' id='word_1_683' title='bbox 2709 3033 2968 3106; x_wconf 71' lang='grc' dir='ltr'>περιττοῦ</span> <span class='ocrx_word' id='word_1_684' title='bbox 2997 3032 3094 3086; x_wconf 68' lang='grc' dir='ltr'>καὶ</span> <span class='ocrx_word' id='word_1_685' title='bbox 3136 3031 3322 3094; x_wconf 87' lang='grc' dir='ltr'>ἀνοίας</span> <span class='ocrx_word' id='word_1_686' title='bbox 3347 3028 3485 3082; x_wconf 89' lang='grc' dir='ltr'>ἐστί.</span> <span class='ocrx_word' id='word_1_687' title='bbox 3522 3028 3737 3080; x_wconf 85' lang='grc' dir='ltr'>Παντα-</span> 
     </span>
    </p>
   </div>
   <div class='ocr_carea' id='block_1_89' title="bbox 2137 3118 3740 3204">
    <p class='ocr_par' dir='ltr' id='par_1_89' title="bbox 2137 3118 3740 3204">
     <span class='ocr_line' id='line_1_89' title="bbox 2137 3118 3740 3204; baseline -0.01 -17"><span class='ocrx_word' id='word_1_688' title='bbox 2137 3134 2236 3204; x_wconf 91' lang='grc' dir='ltr'>χοῦ</span> <span class='ocrx_word' id='word_1_689' title='bbox 2259 3131 2486 3201; x_wconf 84' lang='grc' dir='ltr'>δέἡμᾶς</span> <span class='ocrx_word' id='word_1_690' title='bbox 2515 3127 2627 3182; x_wconf 84' lang='grc' dir='ltr'>τῶν</span> <span class='ocrx_word' id='word_1_691' title='bbox 2654 3126 2972 3194; x_wconf 86' lang='grc' dir='ltr'>ἀναγκαίων</span> <span class='ocrx_word' id='word_1_692' title='bbox 3020 3121 3163 3178; x_wconf 80' lang='grc' dir='ltr'>εἶναι</span> <span class='ocrx_word' id='word_1_693' title='bbox 3217 3121 3325 3194; x_wconf 80' lang='grc' dir='ltr'>χρὴ</span> <span class='ocrx_word' id='word_1_694' title='bbox 3380 3121 3474 3174; x_wconf 76' lang='grc' dir='ltr'>καὶ</span> <span class='ocrx_word' id='word_1_695' title='bbox 3520 3118 3629 3174; x_wconf 83' lang='grc' dir='ltr'>τῶν</span> <span class='ocrx_word' id='word_1_696' title='bbox 3681 3119 3740 3171; x_wconf 92' lang='grc' dir='ltr'>ἐν</span> 
     </span>
    </p>
   </div>
   <div class='ocr_carea' id='block_1_90' title="bbox 2140 3219 2878 3299">
    <p class='ocr_par' dir='ltr' id='par_1_90' title="bbox 2140 3219 2878 3299">
     <span class='ocr_line' id='line_1_90' title="bbox 2140 3219 2878 3299; baseline -0.009 -20"><span class='ocrx_word' id='word_1_697' title='bbox 2140 3225 2318 3299; x_wconf 75' lang='grc' dir='ltr'>χρείᾳ,</span> <span class='ocrx_word' id='word_1_698' title='bbox 2347 3225 2408 3277; x_wconf 90' lang='grc' dir='ltr'>οὐ</span> <span class='ocrx_word' id='word_1_699' title='bbox 2437 3222 2550 3276; x_wconf 82' lang='grc' dir='ltr'>τῶν</span> <span class='ocrx_word' id='word_1_700' title='bbox 2584 3219 2878 3294; x_wconf 83' lang='grc' dir='ltr'>περιττῶν.</span> 
     </span>
    </p>
   </div>
   <div class='ocr_carea' id='block_1_91' title="bbox 2209 3410 3745 3495">
    <p class='ocr_par' dir='ltr' id='par_1_91' title="bbox 2209 3410 3745 3495">
     <span class='ocr_line' id='line_1_91' title="bbox 2209 3410 3745 3495; baseline -0.012 -14"><span class='ocrx_word' id='word_1_701' title='bbox 2209 3427 2272 3481; x_wconf 91' lang='grc' dir='ltr'>δ’.</span> <span class='ocrx_word' id='word_1_702' title='bbox 2291 3426 2454 3495; x_wconf 80' lang='grc' dir='ltr'>Ὁρᾷς</span> <span class='ocrx_word' id='word_1_703' title='bbox 2466 3425 2545 3478; x_wconf 72' lang='grc' dir='ltr'>ὅτι</span> <span class='ocrx_word' id='word_1_704' title='bbox 2558 3421 2732 3494; x_wconf 83' lang='grc' dir='ltr'>ζημία</span> <span class='ocrx_word' id='word_1_705' title='bbox 2753 3419 2813 3475; x_wconf 88' lang='lat'>16</span> <span class='ocrx_word' id='word_1_706' title='bbox 2839 3420 3095 3491; x_wconf 79' lang='grc' dir='ltr'>πρᾶγμα;</span> <span class='ocrx_word' id='word_1_707' title='bbox 3114 3415 3249 3490; x_wconf 78' lang='grc' dir='ltr'>ὁρᾷς</span> <span class='ocrx_word' id='word_1_708' title='bbox 3267 3415 3349 3469; x_wconf 77' lang='grc' dir='ltr'>ὅτι</span> <span class='ocrx_word' id='word_1_709' title='bbox 3370 3410 3627 3486; x_wconf 81' lang='grc' dir='ltr'>περιττὸν</span> <span class='ocrx_word' id='word_1_710' title='bbox 3648 3412 3745 3466; x_wconf 84' lang='grc' dir='ltr'>καὶ</span> 
     </span>
    </p>
   </div>
   <div class='ocr_carea' id='block_1_92' title="bbox 2140 3502 3744 3587">
    <p class='ocr_par' dir='ltr' id='par_1_92' title="bbox 2140 3502 3744 3587">
     <span class='ocr_line' id='line_1_92' title="bbox 2140 3502 3744 3587; baseline -0.012 -15"><span class='ocrx_word' id='word_1_711' title='bbox 2140 3517 2400 3587; x_wconf 83' lang='grc' dir='ltr'>ἀνόνητόν</span> <span class='ocrx_word' id='word_1_712' title='bbox 2429 3519 2576 3569; x_wconf 85' lang='grc' dir='ltr'>ἐστιν</span> <span class='ocrx_word' id='word_1_713' title='bbox 2597 3533 2612 3582; x_wconf 90' lang='grc'><strong>;</strong></span> <span class='ocrx_word' id='word_1_714' title='bbox 2651 3515 2715 3567; x_wconf 71' lang='lat' dir='ltr'>EE</span> <span class='ocrx_word' id='word_1_715' title='bbox 2737 3513 2846 3584; x_wconf 87' lang='grc' dir='ltr'>γάρ</span> <span class='ocrx_word' id='word_1_716' title='bbox 2867 3514 3004 3584; x_wconf 85' lang='grc' dir='ltr'>μήτε</span> <span class='ocrx_word' id='word_1_717' title='bbox 3027 3509 3220 3582; x_wconf 89' lang='grc' dir='ltr'>χρείαν</span> <span class='ocrx_word' id='word_1_718' title='bbox 3243 3505 3474 3577; x_wconf 86' lang='grc' dir='ltr'>παρέχει</span> <span class='ocrx_word' id='word_1_719' title='bbox 3497 3502 3744 3569; x_wconf 88' lang='grc' dir='ltr'>πλείονα,</span> 
     </span>
    </p>
   </div>
   <div class='ocr_carea' id='block_1_93' title="bbox 2146 3594 3748 3683">
    <p class='ocr_par' dir='ltr' id='par_1_93' title="bbox 2146 3594 3748 3683">
     <span class='ocr_line' id='line_1_93' title="bbox 2146 3594 3748 3683; baseline -0.011 -20"><span class='ocrx_word' id='word_1_720' title='bbox 2146 3612 2286 3683; x_wconf 83' lang='grc' dir='ltr'>μήτε</span> <span class='ocrx_word' id='word_1_721' title='bbox 2312 3607 2504 3679; x_wconf 74' lang='grc' dir='ltr'>τέρψιν</span> <span class='ocrx_word' id='word_1_722' title='bbox 2530 3604 2867 3679; x_wconf 76' lang='grc' dir='ltr'>(προσκορὴς</span> <span class='ocrx_word' id='word_1_723' title='bbox 2906 3605 3018 3675; x_wconf 80' lang='grc' dir='ltr'>γὰρ</span> <span class='ocrx_word' id='word_1_724' title='bbox 3042 3601 3121 3673; x_wconf 85' lang='grc' dir='ltr'>τῷ</span> <span class='ocrx_word' id='word_1_725' title='bbox 3144 3601 3324 3672; x_wconf 85' lang='grc' dir='ltr'>χρόνῳ</span> <span class='ocrx_word' id='word_1_726' title='bbox 3363 3595 3623 3667; x_wconf 87' lang='grc' dir='ltr'>γίνεται),</span> <span class='ocrx_word' id='word_1_727' title='bbox 3653 3594 3748 3647; x_wconf 75' lang='lat'>06-</span> 
     </span>
    </p>
   </div>
   <div class='ocr_carea' id='block_1_94' title="bbox 2141 3685 3748 3772">
    <p class='ocr_par' dir='ltr' id='par_1_94' title="bbox 2141 3685 3748 3772">
     <span class='ocr_line' id='line_1_94' title="bbox 2141 3685 3748 3772; baseline -0.012 -16"><span class='ocrx_word' id='word_1_728' title='bbox 2141 3702 2230 3756; x_wconf 87' lang='grc' dir='ltr'>δέν</span> <span class='ocrx_word' id='word_1_729' title='bbox 2287 3699 2472 3772; x_wconf 75' lang='grc' dir='ltr'>ἕτερόν</span> <span class='ocrx_word' id='word_1_730' title='bbox 2521 3700 2670 3751; x_wconf 89' lang='grc' dir='ltr'>ἐστιν</span> <span class='ocrx_word' id='word_1_731' title='bbox 2713 3696 2746 3768; x_wconf 84' lang='grc' dir='ltr'>ἢ</span> <span class='ocrx_word' id='word_1_732' title='bbox 2791 3695 2989 3766; x_wconf 83' lang='grc' dir='ltr'>ζημία.</span> <span class='ocrx_word' id='word_1_733' title='bbox 3034 3693 3175 3747; x_wconf 80' lang='grc' dir='ltr'>Ἀλλ’</span> <span class='ocrx_word' id='word_1_734' title='bbox 3219 3690 3320 3744; x_wconf 84' lang='grc' dir='ltr'>οὐκ</span> <span class='ocrx_word' id='word_1_735' title='bbox 3359 3688 3554 3760; x_wconf 79' lang='grc' dir='ltr'>ἀφίησι</span> <span class='ocrx_word' id='word_1_736' title='bbox 3587 3685 3748 3739; x_wconf 90' lang='grc' dir='ltr'>τοῦτο</span> 
     </span>
    </p>
   </div>
   <div class='ocr_carea' id='block_1_95' title="bbox 2143 3777 3749 3866">
    <p class='ocr_par' dir='ltr' id='par_1_95' title="bbox 2143 3777 3749 3866">
     <span class='ocr_line' id='line_1_95' title="bbox 2143 3777 3749 3866; baseline -0.011 -18"><span class='ocrx_word' id='word_1_737' title='bbox 2143 3795 2277 3866; x_wconf 83' lang='grc' dir='ltr'>ὀρᾷν</span> <span class='ocrx_word' id='word_1_738' title='bbox 2305 3794 2338 3862; x_wconf 85' lang='grc' dir='ltr'>ἡ</span> <span class='ocrx_word' id='word_1_739' title='bbox 2369 3789 2650 3854; x_wconf 83' lang='grc' dir='ltr'>κενοδοξία</span> <span class='ocrx_word' id='word_1_740' title='bbox 2682 3786 2996 3842; x_wconf 89' lang='grc' dir='ltr'>κωλύουσα.</span> <span class='ocrx_word' id='word_1_741' title='bbox 3017 3781 3150 3839; x_wconf 74' lang='grc' dir='ltr'>Εἶτα</span> <span class='ocrx_word' id='word_1_742' title='bbox 3178 3785 3207 3838; x_wconf 89' lang='lat'>6</span> <span class='ocrx_word' id='word_1_743' title='bbox 3237 3783 3338 3856; x_wconf 83' lang='grc' dir='ltr'>μὲν</span> <span class='ocrx_word' id='word_1_744' title='bbox 3366 3781 3577 3846; x_wconf 81' lang='grc' dir='ltr'>Παῦλος</span> <span class='ocrx_word' id='word_1_745' title='bbox 3602 3777 3749 3850; x_wconf 79' lang='grc' dir='ltr'>άπερ</span> 
     </span>
    </p>
   </div>
   <div class='ocr_carea' id='block_1_96' title="bbox 2146 3872 3750 3957">
    <p class='ocr_par' dir='ltr' id='par_1_96' title="bbox 2146 3872 3750 3957">
     <span class='ocr_line' id='line_1_96' title="bbox 2146 3872 3750 3957; baseline -0.009 -17"><span class='ocrx_word' id='word_1_746' title='bbox 2146 3884 2397 3957; x_wconf 83' lang='grc' dir='ltr'>ἐνόμιζεν</span> <span class='ocrx_word' id='word_1_747' title='bbox 2431 3883 2584 3957; x_wconf 70' lang='grc'>[280]</span> <span class='ocrx_word' id='word_1_748' title='bbox 2639 3879 2780 3936; x_wconf 76' lang='grc' dir='ltr'>εἶναι</span> <span class='ocrx_word' id='word_1_749' title='bbox 2808 3881 2998 3952; x_wconf 88' lang='grc' dir='ltr'>κέρδη,</span> <span class='ocrx_word' id='word_1_750' title='bbox 3031 3879 3203 3933; x_wconf 88' lang='grc' dir='ltr'>ταῦτα</span> <span class='ocrx_word' id='word_1_751' title='bbox 3259 3877 3463 3930; x_wconf 75' lang='grc' dir='ltr'>εἴασεν·</span> <span class='ocrx_word' id='word_1_752' title='bbox 3502 3875 3664 3946; x_wconf 85' lang='grc' dir='ltr'>ἡμεῖς</span> <span class='ocrx_word' id='word_1_753' title='bbox 3693 3872 3750 3926; x_wconf 85' lang='grc' dir='ltr'>δὲ</span> 
     </span>
    </p>
   </div>
   <div class='ocr_carea' id='block_1_97' title="bbox 2147 3965 3752 4046">
    <p class='ocr_par' dir='ltr' id='par_1_97' title="bbox 2147 3965 3752 4046">
     <span class='ocr_line' id='line_1_97' title="bbox 2147 3965 3752 4046; baseline -0.007 -17"><span class='ocrx_word' id='word_1_754' title='bbox 2147 3976 2269 4029; x_wconf 74' lang='grc' dir='ltr'>οὐδὲ</span> <span class='ocrx_word' id='word_1_755' title='bbox 2316 3975 2416 4046; x_wconf 85' lang='grc' dir='ltr'>τὴν</span> <span class='ocrx_word' id='word_1_756' title='bbox 2476 3973 2682 4045; x_wconf 88' lang='grc' dir='ltr'>ζημίαν</span> <span class='ocrx_word' id='word_1_757' title='bbox 2731 3971 2960 4042; x_wconf 76' lang='grc' dir='ltr'>ἀφῶμεν</span> <span class='ocrx_word' id='word_1_758' title='bbox 3010 3969 3102 4024; x_wconf 90' lang='grc' dir='ltr'>διά</span> <span class='ocrx_word' id='word_1_759' title='bbox 3138 3969 3231 4023; x_wconf 80' lang='grc' dir='ltr'>τὸν</span> <span class='ocrx_word' id='word_1_760' title='bbox 3258 3967 3528 4039; x_wconf 89' lang='grc' dir='ltr'>Χριστόν;</span> <span class='ocrx_word' id='word_1_761' title='bbox 3571 3965 3752 4035; x_wconf 80' lang='grc' dir='ltr'>Μέχρι</span> 
     </span>
    </p>
   </div>
   <div class='ocr_carea' id='block_1_98' title="bbox 2151 4055 3752 4139">
    <p class='ocr_par' dir='ltr' id='par_1_98' title="bbox 2151 4055 3752 4139">
     <span class='ocr_line' id='line_1_98' title="bbox 2151 4055 3752 4139; baseline -0.008 -18"><span class='ocrx_word' id='word_1_762' title='bbox 2151 4067 2282 4122; x_wconf 87' lang='grc' dir='ltr'>πότε</span> <span class='ocrx_word' id='word_1_763' title='bbox 2331 4069 2399 4139; x_wconf 83' lang='grc' dir='ltr'>τῇ</span> <span class='ocrx_word' id='word_1_764' title='bbox 2426 4069 2497 4138; x_wconf 73' lang='grc' dir='ltr'>γῇ</span> <span class='ocrx_word' id='word_1_765' title='bbox 2525 4063 2968 4137; x_wconf 82' lang='grc' dir='ltr'>προσηλώμεθα;</span> <span class='ocrx_word' id='word_1_766' title='bbox 3003 4061 3168 4132; x_wconf 78' lang='grc' dir='ltr'>μέχρι</span> <span class='ocrx_word' id='word_1_767' title='bbox 3204 4059 3354 4122; x_wconf 85' lang='grc' dir='ltr'>τίνος</span> <span class='ocrx_word' id='word_1_768' title='bbox 3383 4059 3485 4111; x_wconf 87' lang='grc' dir='ltr'>οὐκ</span> <span class='ocrx_word' id='word_1_769' title='bbox 3515 4055 3752 4111; x_wconf 73' lang='grc' dir='ltr'>ἀναϐλέ-</span> 
     </span>
    </p>
   </div>
   <div class='ocr_carea' id='block_1_99' title="bbox 2150 4147 3746 4232">
    <p class='ocr_par' dir='ltr' id='par_1_99' title="bbox 2150 4147 3746 4232">
     <span class='ocr_line' id='line_1_99' title="bbox 2150 4147 3746 4232; baseline -0.008 -18"><span class='ocrx_word' id='word_1_770' title='bbox 2150 4175 2326 4232; x_wconf 83' lang='grc' dir='ltr'>πομεν</span> <span class='ocrx_word' id='word_1_771' title='bbox 2347 4160 2426 4222; x_wconf 87' lang='grc' dir='ltr'>είς</span> <span class='ocrx_word' id='word_1_772' title='bbox 2452 4159 2543 4212; x_wconf 85' lang='lat' dir='ltr'>16v</span> <span class='ocrx_word' id='word_1_773' title='bbox 2567 4157 2831 4228; x_wconf 85' lang='grc' dir='ltr'>οὐρανόν;</span> <span class='ocrx_word' id='word_1_774' title='bbox 2865 4156 2977 4223; x_wconf 84' lang='grc' dir='ltr'>Οὐχ</span> <span class='ocrx_word' id='word_1_775' title='bbox 3005 4153 3170 4225; x_wconf 82' lang='grc' dir='ltr'>ὁρᾶτε</span> <span class='ocrx_word' id='word_1_776' title='bbox 3198 4150 3326 4212; x_wconf 78' lang='grc' dir='ltr'>τοὺς</span> <span class='ocrx_word' id='word_1_777' title='bbox 3345 4147 3746 4220; x_wconf 86' lang='grc' dir='ltr'>γεγηρακότας,</span> 
     </span>
    </p>
   </div>
   <div class='ocr_carea' id='block_1_100' title="bbox 2151 4238 3756 4320">
    <p class='ocr_par' dir='ltr' id='par_1_100' title="bbox 2151 4238 3756 4320">
     <span class='ocr_line' id='line_1_100' title="bbox 2151 4238 3756 4320; baseline -0.009 -15"><span class='ocrx_word' id='word_1_778' title='bbox 2151 4251 2270 4315; x_wconf 84' lang='grc' dir='ltr'>πῶς</span> <span class='ocrx_word' id='word_1_779' title='bbox 2291 4247 2546 4320; x_wconf 81' lang='grc' dir='ltr'>οὐδεμίαν</span> <span class='ocrx_word' id='word_1_780' title='bbox 2563 4247 2670 4302; x_wconf 83' lang='grc' dir='ltr'>τῶν</span> <span class='ocrx_word' id='word_1_781' title='bbox 2693 4244 3076 4317; x_wconf 82' lang='grc' dir='ltr'>παρελθόντων</span> <span class='ocrx_word' id='word_1_782' title='bbox 3101 4241 3316 4313; x_wconf 75' lang='grc' dir='ltr'>ἔχουσιν</span> <span class='ocrx_word' id='word_1_783' title='bbox 3339 4239 3630 4310; x_wconf 85' lang='grc' dir='ltr'>αίσθησιν;</span> <span class='ocrx_word' id='word_1_784' title='bbox 3655 4238 3756 4310; x_wconf 86' lang='grc' dir='ltr'>οὐχ</span> 
     </span>
    </p>
   </div>
   <div class='ocr_carea' id='block_1_101' title="bbox 2151 4329 3756 4414">
    <p class='ocr_par' dir='ltr' id='par_1_101' title="bbox 2151 4329 3756 4414">
     <span class='ocr_line' id='line_1_101' title="bbox 2151 4329 3756 4414; baseline -0.01 -16"><span class='ocrx_word' id='word_1_785' title='bbox 2151 4345 2318 4414; x_wconf 80' lang='grc' dir='ltr'>ὁρᾶτε</span> <span class='ocrx_word' id='word_1_786' title='bbox 2350 4343 2479 4402; x_wconf 81' lang='grc' dir='ltr'>τοὺς</span> <span class='ocrx_word' id='word_1_787' title='bbox 2509 4337 2899 4403; x_wconf 82' lang='grc' dir='ltr'>τελευτῶντας,</span> <span class='ocrx_word' id='word_1_788' title='bbox 2929 4336 3056 4398; x_wconf 79' lang='grc' dir='ltr'>τοὺς</span> <span class='ocrx_word' id='word_1_789' title='bbox 3098 4335 3158 4387; x_wconf 88' lang='grc' dir='ltr'>ἐν</span> <span class='ocrx_word' id='word_1_790' title='bbox 3200 4333 3369 4405; x_wconf 74' lang='grc' dir='ltr'>γήρᾳ,</span> <span class='ocrx_word' id='word_1_791' title='bbox 3401 4331 3529 4395; x_wconf 79' lang='grc' dir='ltr'>τοὺς</span> <span class='ocrx_word' id='word_1_792' title='bbox 3550 4331 3608 4384; x_wconf 84' lang='grc' dir='ltr'>ἐν</span> <span class='ocrx_word' id='word_1_793' title='bbox 3636 4329 3756 4383; x_wconf 72' lang='grc' dir='ltr'>νεόε-</span> 
     </span>
    </p>
   </div>
   <div class='ocr_carea' id='block_1_102' title="bbox 2154 4420 3755 4505">
    <p class='ocr_par' dir='ltr' id='par_1_102' title="bbox 2154 4420 3755 4505">
     <span class='ocr_line' id='line_1_102' title="bbox 2154 4420 3755 4505; baseline -0.007 -18"><span class='ocrx_word' id='word_1_794' title='bbox 2154 4451 2310 4505; x_wconf 88' lang='grc' dir='ltr'>τητι;</span> <span class='ocrx_word' id='word_1_795' title='bbox 2335 4432 2433 4502; x_wconf 81' lang='grc' dir='ltr'>οὐχ</span> <span class='ocrx_word' id='word_1_796' title='bbox 2465 4431 2629 4501; x_wconf 80' lang='grc' dir='ltr'>ὁρᾶτε</span> <span class='ocrx_word' id='word_1_797' title='bbox 2653 4430 2780 4492; x_wconf 80' lang='grc' dir='ltr'>τούς</span> <span class='ocrx_word' id='word_1_798' title='bbox 2809 4429 2868 4481; x_wconf 92' lang='grc' dir='ltr'>ἐν</span> <span class='ocrx_word' id='word_1_799' title='bbox 2904 4425 2982 4497; x_wconf 84' lang='grc' dir='ltr'>τῷ</span> <span class='ocrx_word' id='word_1_800' title='bbox 3011 4424 3112 4497; x_wconf 80' lang='grc' dir='ltr'>ζῇν</span> <span class='ocrx_word' id='word_1_801' title='bbox 3145 4420 3630 4496; x_wconf 84' lang='grc' dir='ltr'>ἀπεστερημένους</span> <span class='ocrx_word' id='word_1_802' title='bbox 3652 4421 3755 4475; x_wconf 85' lang='grc' dir='ltr'>αὐ-</span> 
     </span>
    </p>
   </div>
   <div class='ocr_carea' id='block_1_103' title="bbox 2157 4512 3760 4592">
    <p class='ocr_par' dir='ltr' id='par_1_103' title="bbox 2157 4512 3760 4592">
     <span class='ocr_line' id='line_1_103' title="bbox 2157 4512 3760 4592; baseline -0.008 -12"><span class='ocrx_word' id='word_1_803' title='bbox 2157 4526 2264 4580; x_wconf 86' lang='grc' dir='ltr'>τῶν</span> <span class='ocrx_word' id='word_1_804' title='bbox 2284 4544 2298 4592; x_wconf 88' lang='grc'>;</span> <span class='ocrx_word' id='word_1_805' title='bbox 2321 4525 2388 4578; x_wconf 87' lang='grc' dir='ltr'>Τί</span> <span class='ocrx_word' id='word_1_806' title='bbox 2413 4526 2524 4587; x_wconf 86' lang='grc' dir='ltr'>τοῖς</span> <span class='ocrx_word' id='word_1_807' title='bbox 2562 4520 2819 4586; x_wconf 88' lang='grc' dir='ltr'>ἀστάτοις</span> <span class='ocrx_word' id='word_1_808' title='bbox 2849 4518 3306 4591; x_wconf 84' lang='grc' dir='ltr'>προστετὴκαμεν</span> <span class='ocrx_word' id='word_1_809' title='bbox 3333 4534 3348 4583; x_wconf 91' lang='lat'>;</span> <span class='ocrx_word' id='word_1_810' title='bbox 3383 4515 3437 4570; x_wconf 92' lang='grc' dir='ltr'>τί</span> <span class='ocrx_word' id='word_1_811' title='bbox 3469 4512 3760 4588; x_wconf 87' lang='grc' dir='ltr'>προσδεδέ-</span> 
     </span>
    </p>
   </div>
   <div class='ocr_carea' id='block_1_104' title="bbox 2162 4607 3760 4688">
    <p class='ocr_par' dir='ltr' id='par_1_104' title="bbox 2162 4607 3760 4688">
     <span class='ocr_line' id='line_1_104' title="bbox 2162 4607 3760 4688; baseline -0.004 -18"><span class='ocrx_word' id='word_1_812' title='bbox 2162 4617 2304 4688; x_wconf 87' lang='grc' dir='ltr'>μεθα</span> <span class='ocrx_word' id='word_1_813' title='bbox 2328 4618 2439 4680; x_wconf 88' lang='grc' dir='ltr'>τοῖς</span> <span class='ocrx_word' id='word_1_814' title='bbox 2479 4613 2797 4678; x_wconf 84' lang='grc' dir='ltr'>ἀ6ε6αίοις;</span> <span class='ocrx_word' id='word_1_815' title='bbox 2855 4611 3018 4684; x_wconf 83' lang='grc' dir='ltr'>μέχρι</span> <span class='ocrx_word' id='word_1_816' title='bbox 3055 4609 3203 4675; x_wconf 88' lang='grc' dir='ltr'>τίνος</span> <span class='ocrx_word' id='word_1_817' title='bbox 3233 4609 3336 4664; x_wconf 86' lang='grc' dir='ltr'>οὐκ</span> <span class='ocrx_word' id='word_1_818' title='bbox 3364 4607 3760 4680; x_wconf 71' lang='grc' dir='ltr'>ἀπιλαμῦανόο</span> 
     </span>
    </p>
   </div>
   <div class='ocr_carea' id='block_1_105' title="bbox 2166 4703 3756 4782">
    <p class='ocr_par' dir='ltr' id='par_1_105' title="bbox 2166 4703 3756 4782">
     <span class='ocr_line' id='line_1_105' title="bbox 2166 4703 3756 4782; baseline -0.004 -19"><span class='ocrx_word' id='word_1_819' title='bbox 2166 4710 2303 4782; x_wconf 89' lang='grc' dir='ltr'>μεθα</span> <span class='ocrx_word' id='word_1_820' title='bbox 2332 4709 2442 4763; x_wconf 84' lang='grc' dir='ltr'>τῶν</span> <span class='ocrx_word' id='word_1_821' title='bbox 2478 4707 2784 4778; x_wconf 68' lang='grc' dir='ltr'>μενόντωνξ</span> <span class='ocrx_word' id='word_1_822' title='bbox 2823 4705 2892 4758; x_wconf 92' lang='grc' dir='ltr'>Τί</span> <span class='ocrx_word' id='word_1_823' title='bbox 2916 4705 3016 4759; x_wconf 86' lang='grc' dir='ltr'>οὐκ</span> <span class='ocrx_word' id='word_1_824' title='bbox 3044 4704 3110 4758; x_wconf 81' lang='grc' dir='ltr'>ἂν</span> <span class='ocrx_word' id='word_1_825' title='bbox 3143 4704 3350 4758; x_wconf 77' lang='grc' dir='ltr'>ἔδωκαν</span> <span class='ocrx_word' id='word_1_826' title='bbox 3380 4703 3430 4757; x_wconf 86' lang='grc' dir='ltr'>οί</span> <span class='ocrx_word' id='word_1_827' title='bbox 3479 4703 3756 4775; x_wconf 83' lang='grc' dir='ltr'>γέροντες,</span> 
     </span>
    </p>
   </div>
   <div class='ocr_carea' id='block_1_106' title="bbox 2162 4792 3759 4873">
    <p class='ocr_par' dir='ltr' id='par_1_106' title="bbox 2162 4792 3759 4873">
     <span class='ocr_line' id='line_1_106' title="bbox 2162 4792 3759 4873; baseline -0.004 -16"><span class='ocrx_word' id='word_1_828' title='bbox 2162 4805 2294 4872; x_wconf 81' lang='grc' dir='ltr'>εἴγε</span> <span class='ocrx_word' id='word_1_829' title='bbox 2315 4801 2440 4873; x_wconf 83' lang='grc' dir='ltr'>ἐνῆν</span> <span class='ocrx_word' id='word_1_830' title='bbox 2463 4799 2729 4865; x_wconf 78' lang='grc' dir='ltr'>ἀποξέσαι</span> <span class='ocrx_word' id='word_1_831' title='bbox 2754 4798 2815 4853; x_wconf 91' lang='lat'>16</span> <span class='ocrx_word' id='word_1_832' title='bbox 2838 4797 3050 4868; x_wconf 83' lang='grc' dir='ltr'>γῆρας;</span> <span class='ocrx_word' id='word_1_833' title='bbox 3091 4792 3225 4850; x_wconf 77' lang='grc' dir='ltr'>Εἶτα</span> <span class='ocrx_word' id='word_1_834' title='bbox 3258 4795 3432 4864; x_wconf 86' lang='grc' dir='ltr'>πόσης</span> <span class='ocrx_word' id='word_1_835' title='bbox 3474 4795 3574 4848; x_wconf 83' lang='grc' dir='ltr'>οὐκ</span> <span class='ocrx_word' id='word_1_836' title='bbox 3612 4793 3759 4850; x_wconf 76' lang='grc' dir='ltr'>ἔστιν</span> 
     </span>
    </p>
   </div>
   <div class='ocr_carea' id='block_1_107' title="bbox 2163 4886 3762 4966">
    <p class='ocr_par' dir='ltr' id='par_1_107' title="bbox 2163 4886 3762 4966">
     <span class='ocr_line' id='line_1_107' title="bbox 2163 4886 3762 4966; baseline -0.006 -15"><span class='ocrx_word' id='word_1_837' title='bbox 2163 4897 2409 4966; x_wconf 86' lang='grc' dir='ltr'>ἀλογίας,</span> <span class='ocrx_word' id='word_1_838' title='bbox 2435 4893 2720 4964; x_wconf 86' lang='grc' dir='ltr'>βούλεσθαι</span> <span class='ocrx_word' id='word_1_839' title='bbox 2748 4891 2848 4963; x_wconf 82' lang='grc' dir='ltr'>μὲν</span> <span class='ocrx_word' id='word_1_840' title='bbox 2869 4890 2963 4944; x_wconf 74' lang='grc' dir='ltr'>ἐπὶ</span> <span class='ocrx_word' id='word_1_841' title='bbox 2989 4889 3088 4960; x_wconf 80' lang='grc' dir='ltr'>τὴν</span> <span class='ocrx_word' id='word_1_842' title='bbox 3109 4889 3338 4959; x_wconf 87' lang='grc' dir='ltr'>νεότητα</span> <span class='ocrx_word' id='word_1_843' title='bbox 3362 4887 3461 4959; x_wconf 81' lang='grc' dir='ltr'>τὴν</span> <span class='ocrx_word' id='word_1_844' title='bbox 3487 4886 3762 4958; x_wconf 89' lang='grc' dir='ltr'>προτέραν</span> 
     </span>
    </p>
   </div>
   <div class='ocr_carea' id='block_1_108' title="bbox 2167 4977 3764 5052">
    <p class='ocr_par' dir='ltr' id='par_1_108' title="bbox 2167 4977 3764 5052">
     <span class='ocr_line' id='line_1_108' title="bbox 2167 4977 3764 5052; baseline -0.009 -7"><span class='ocrx_word' id='word_1_845' title='bbox 2167 4987 2506 5052; x_wconf 86' lang='grc' dir='ltr'>ἐπανελθεῖν,</span> <span class='ocrx_word' id='word_1_846' title='bbox 2535 4984 2631 5038; x_wconf 71' lang='grc' dir='ltr'>καὶ</span> <span class='ocrx_word' id='word_1_847' title='bbox 2681 4984 2861 5038; x_wconf 86' lang='grc' dir='ltr'>πάντα</span> <span class='ocrx_word' id='word_1_848' title='bbox 2891 4981 3130 5044; x_wconf 83' lang='grc' dir='ltr'>εὐκόλως</span> <span class='ocrx_word' id='word_1_849' title='bbox 3162 4979 3228 5034; x_wconf 83' lang='grc' dir='ltr'>ἂν</span> <span class='ocrx_word' id='word_1_850' title='bbox 3265 4979 3404 5050; x_wconf 83' lang='grc' dir='ltr'>ὑπὲρ</span> <span class='ocrx_word' id='word_1_851' title='bbox 3426 4978 3617 5032; x_wconf 89' lang='grc' dir='ltr'>τούτου</span> <span class='ocrx_word' id='word_1_852' title='bbox 3643 4977 3764 5032; x_wconf 87' lang='grc' dir='ltr'>δοῦ-</span> 
     </span>
    </p>
   </div>
   <div class='ocr_carea' id='block_1_109' title="bbox 2166 5068 3764 5145">
    <p class='ocr_par' dir='ltr' id='par_1_109' title="bbox 2166 5068 3764 5145">
     <span class='ocr_line' id='line_1_109' title="bbox 2166 5068 3764 5145; baseline -0.009 -11"><span class='ocrx_word' id='word_1_853' title='bbox 2166 5098 2277 5144; x_wconf 89' lang='grc' dir='ltr'>ναι,</span> <span class='ocrx_word' id='word_1_854' title='bbox 2300 5079 2443 5133; x_wconf 84' lang='grc' dir='ltr'>ὥστε</span> <span class='ocrx_word' id='word_1_855' title='bbox 2471 5075 2732 5145; x_wconf 88' lang='grc' dir='ltr'>γενέσθαι</span> <span class='ocrx_word' id='word_1_856' title='bbox 2779 5072 3066 5144; x_wconf 87' lang='grc' dir='ltr'>νεώτερον,</span> <span class='ocrx_word' id='word_1_857' title='bbox 3122 5070 3296 5142; x_wconf 79' lang='grc' dir='ltr'>παρὸν</span> <span class='ocrx_word' id='word_1_858' title='bbox 3331 5069 3386 5122; x_wconf 90' lang='lat'>65</span> <span class='ocrx_word' id='word_1_859' title='bbox 3417 5070 3643 5139; x_wconf 82' lang='grc' dir='ltr'>νεότητα</span> <span class='ocrx_word' id='word_1_860' title='bbox 3668 5068 3764 5121; x_wconf 81' lang='grc' dir='ltr'>λα-</span> 
     </span>
    </p>
   </div>
   <div class='ocr_carea' id='block_1_110' title="bbox 2169 5158 3766 5237">
    <p class='ocr_par' dir='ltr' id='par_1_110' title="bbox 2169 5158 3766 5237">
     <span class='ocr_line' id='line_1_110' title="bbox 2169 5158 3766 5237; baseline -0.008 -12"><span class='ocrx_word' id='word_1_861' title='bbox 2169 5173 2283 5227; x_wconf 76' lang='grc' dir='ltr'>ϐεῖν</span> <span class='ocrx_word' id='word_1_862' title='bbox 2309 5169 2564 5224; x_wconf 84' lang='grc' dir='ltr'>οὐδέποτε</span> <span class='ocrx_word' id='word_1_863' title='bbox 2597 5167 2774 5237; x_wconf 86' lang='grc' dir='ltr'>γῆρας</span> <span class='ocrx_word' id='word_1_864' title='bbox 2796 5165 3041 5235; x_wconf 72' lang='grc' dir='ltr'>ἔχουσαν</span> <span class='ocrx_word' id='word_1_865' title='bbox 3068 5162 3162 5217; x_wconf 73' lang='grc' dir='ltr'>καὶ</span> <span class='ocrx_word' id='word_1_866' title='bbox 3177 5163 3406 5233; x_wconf 87' lang='grc' dir='ltr'>νεότητα</span> <span class='ocrx_word' id='word_1_867' title='bbox 3440 5161 3578 5233; x_wconf 88' lang='grc' dir='ltr'>μετά</span> <span class='ocrx_word' id='word_1_868' title='bbox 3602 5158 3766 5214; x_wconf 90' lang='grc' dir='ltr'>πλού-</span> 
     </span>
    </p>
   </div>
   <div class='ocr_carea' id='block_1_111' title="bbox 2167 5250 3766 5326">
    <p class='ocr_par' dir='ltr' id='par_1_111' title="bbox 2167 5250 3766 5326">
     <span class='ocr_line' id='line_1_111' title="bbox 2167 5250 3766 5326; baseline -0.01 -7"><span class='ocrx_word' id='word_1_869' title='bbox 2167 5283 2261 5321; x_wconf 73' lang='grc' dir='ltr'>του</span> <span class='ocrx_word' id='word_1_870' title='bbox 2295 5258 2492 5316; x_wconf 80' lang='grc' dir='ltr'>πολλοῦ</span> <span class='ocrx_word' id='word_1_871' title='bbox 2516 5257 2652 5312; x_wconf 82' lang='grc' dir='ltr'>πολὺ</span> <span class='ocrx_word' id='word_1_872' title='bbox 2681 5255 3229 5326; x_wconf 88' lang='grc' dir='ltr'>πνευματικωτέραν,</span> <span class='ocrx_word' id='word_1_873' title='bbox 3253 5254 3387 5324; x_wconf 82' lang='grc' dir='ltr'>μηδέ</span> <span class='ocrx_word' id='word_1_874' title='bbox 3418 5251 3614 5324; x_wconf 75' lang='grc' dir='ltr'>μικρὸν</span> <span class='ocrx_word' id='word_1_875' title='bbox 3641 5250 3766 5323; x_wconf 72' lang='lat'>[$06-</span> 
     </span>
    </p>
   </div>
   <div class='ocr_carea' id='block_1_112' title="bbox 2170 5341 3768 5425">
    <p class='ocr_par' dir='ltr' id='par_1_112' title="bbox 2170 5341 3768 5425">
     <span class='ocr_line' id='line_1_112' title="bbox 2170 5341 3768 5425; baseline -0.01 -15"><span class='ocrx_word' id='word_1_876' title='bbox 2170 5355 2360 5410; x_wconf 85' lang='grc' dir='ltr'>λεσθαι</span> <span class='ocrx_word' id='word_1_877' title='bbox 2372 5349 2661 5425; x_wconf 87' lang='grc' dir='ltr'>προέσθαι,</span> <span class='ocrx_word' id='word_1_878' title='bbox 2684 5345 2823 5401; x_wconf 82' lang='grc' dir='ltr'>ἀλλὰ</span> <span class='ocrx_word' id='word_1_879' title='bbox 2848 5347 3103 5416; x_wconf 88' lang='grc' dir='ltr'>κατέχειν</span> <span class='ocrx_word' id='word_1_880' title='bbox 3120 5344 3191 5398; x_wconf 82' lang='grc' dir='ltr'>τὰ</span> <span class='ocrx_word' id='word_1_881' title='bbox 3218 5344 3382 5417; x_wconf 76' lang='grc' dir='ltr'>μηδὲν</span> <span class='ocrx_word' id='word_1_882' title='bbox 3399 5344 3479 5407; x_wconf 89' lang='grc' dir='ltr'>είς</span> <span class='ocrx_word' id='word_1_883' title='bbox 3509 5343 3569 5395; x_wconf 89' lang='lat'>16</span> <span class='ocrx_word' id='word_1_884' title='bbox 3592 5341 3768 5413; x_wconf 82' lang='grc' dir='ltr'>παρὸν</span> 
     </span>
    </p>
   </div>
   <div class='ocr_carea' id='block_1_113' title="bbox 2172 5433 3768 5517">
    <p class='ocr_par' dir='ltr' id='par_1_113' title="bbox 2172 5433 3768 5517">
     <span class='ocr_line' id='line_1_113' title="bbox 2172 5433 3768 5517; baseline -0.009 -15"><span class='ocrx_word' id='word_1_885' title='bbox 2172 5445 2522 5517; x_wconf 84' lang='grc' dir='ltr'>ώφελοῦντα;</span> <span class='ocrx_word' id='word_1_886' title='bbox 2553 5440 2799 5496; x_wconf 88' lang='grc' dir='ltr'>Θανάτου</span> <span class='ocrx_word' id='word_1_887' title='bbox 2835 5455 2893 5492; x_wconf 87' lang='grc' dir='ltr'>σε</span> <span class='ocrx_word' id='word_1_888' title='bbox 2923 5437 3202 5503; x_wconf 77' lang='grc' dir='ltr'>ἐξελέσθαι</span> <span class='ocrx_word' id='word_1_889' title='bbox 3249 5437 3308 5491; x_wconf 86' lang='grc' dir='ltr'>οὐ</span> <span class='ocrx_word' id='word_1_890' title='bbox 3337 5435 3582 5500; x_wconf 86' lang='grc' dir='ltr'>δύναται,</span> <span class='ocrx_word' id='word_1_891' title='bbox 3612 5433 3768 5490; x_wconf 76' lang='grc' dir='ltr'>νόσον</span> 
     </span>
    </p>
   </div>
   <div class='ocr_carea' id='block_1_114' title="bbox 2241 5804 3335 5870">
    <p class='ocr_par' dir='ltr' id='par_1_114' title="bbox 2241 5804 3335 5870">
     <span class='ocr_line' id='line_1_114' title="bbox 2241 5804 3335 5870; baseline -0.013 -8"><span class='ocrx_word' id='word_1_892' title='bbox 2241 5821 2264 5849; x_wconf 63' lang='lat' dir='ltr'><strong>ﬂ</strong></span> <span class='ocrx_word' id='word_1_893' title='bbox 2291 5805 2518 5870; x_wconf 81' lang='lat' dir='ltr'>C0islin.,</span> <span class='ocrx_word' id='word_1_894' title='bbox 2545 5807 2646 5856; x_wconf 81' lang='grc' dir='ltr'>εἰπέ</span> <span class='ocrx_word' id='word_1_895' title='bbox 2671 5823 2770 5870; x_wconf 84' lang='grc' dir='ltr'>μοι,</span> <span class='ocrx_word' id='word_1_896' title='bbox 2790 5804 2835 5854; x_wconf 88' lang='grc' dir='ltr'>τί</span> <span class='ocrx_word' id='word_1_897' title='bbox 2862 5804 3070 5855; x_wconf 73' lang='grc' dir='ltr'>συαϐάλ)</span> <span class='ocrx_word' id='word_1_898' title='bbox 3083 5815 3202 5864; x_wconf 82' lang='grc' dir='ltr'>εται;</span> <span class='ocrx_word' id='word_1_899' title='bbox 3228 5808 3335 5853; x_wconf 75' lang='grc' dir='ltr'>ριο.</span> 
     </span>
    </p>
   </div>
  </div>
