4184 6490
507 344 609 402 961

510 466 783 522 ἀπελάσαι
818 466 913 520 οὐκ
939 462 1136 536 ἰσχύει,
1168 463 1346 532 γῆρας
1371 472 1396 500 ι
1422 457 1684 520 κωλῦσαι,
1708 451 1868 506 οὐδὲν
1885 448 2088 503 τούτων

508 557 620 610 τῶν
641 554 955 623 ἀναγκαίων
982 553 1235 607 καὶκατὰ
1261 549 1351 603 τὸν
1371 551 1470 619 τῆς
1496 546 1709 616 φύσεως
1736 544 1898 611 νόμον
1921 556 2092 609 παρα-

513 648 832 716 γινομένων⁸
887 644 982 697 καὶ⁵
1005 642 1085 696 ἔτι
1117 640 1296 696 αὐτῶν
1323 637 1452 711 Em;
1505 636 1570 689 Τί
1603 634 1664 687 τὸ
1696 630 1904 701 κέρδος,
1970 627 2091 681 είπέ

516 753 649 808 μοι;
708 734 986 789 Ἐντεῦθεν
1020 732 1180 804 μέθη,
1215 728 1649 802 γαστριμαργία,
1673 722 1859 794 ἡδοναὶ
1901 722 2092 776 ἄτοποι

515 835 609 886 οιαὶ
660 828 1034 893 παντοδαπαὶ,
1097 825 1313 898 πικρῶν
1368 821 1644 879 δεσποτῶν
1694 815 1894 888 μᾶλλον
1945 814 2094 882 ἡμᾶς

513 918 952 976 κατατείνουσαι.
1003 916 1187 970 Ταῦτα
1225 915 1333 968 ἀπὸ
1379 913 1475 967 τοῦ
1512 910 1743 965 πλούτου
1790 906 2093 976 κερδαίνειν

515 1009 632 1062 ἐστι
667 1008 846 1079 μόνον,
881 1006 1071 1075 ἕτερον
1098 1006 1155 1058 δὲ
1195 1004 1369 1068 οὐδὲν,
1419 1001 1607 1070 ἐπειδὴ
1656 999 1718 1052 οὐ
1772 993 2088 1066 βουλόμεθα·

516 1099 638 1151 ἐπεὶ
653 1098 705 1151 εί
727 1114 791 1166 γε
818 1095 1104 1165 ἠθέλομεν,
1140 1095 1232 1147 τὸν
1269 1093 1497 1163 οὐρανὸν
1517 1090 1585 1145 ἂν
1611 1088 1774 1142 αὐτὸν
1803 1089 2092 1155 ἐκληρονο-

520 1188 774 1256 μὴσαμεν
807 1183 918 1238 ἀπὸ
968 1182 1221 1237 πλούτου.
1283 1180 1492 1235 Οὐκοῦν
1540 1178 1703 1232 καλὸν
1750 1178 1780 1230 6
1843 1174 2091 1240 πλοῦτος,

521 1272 703 1344 φησίν.
730 1274 843 1343 Οὐχ
865 1273 1138 1335 ὁπλοῦτος
1181 1272 1335 1326 τοῦτο
1354 1272 1515 1334 ποιεῖ,
1565 1268 1679 1323 ἀλλ’
1712 1265 1858 1339 ήτοῦ
1897 1283 2095 1336 κεκτη-

448 1362 453 1365 ’
523 1365 688 1435 μένου
713 1362 1052 1433 προαίρεσις·
1112 1364 1194 1415 ὃτι
1229 1361 1337 1432 γάρ
1382 1361 1699 1430 προαίρεσις
1737 1356 1893 1410 τοῦτο
1929 1359 2093 1420 ποιεῖ,

523 1454 714 1509 σκόπει
747 1451 1013 1507 ἐντεῦθενο
1040 1455 1215 1507 ἐνεστι
1243 1452 1339 1506 καὶ
1366 1448 1459 1504 τὸν
1510 1448 1715 1518 πένητα
1748 1449 2095 1519 κατακληρο-

519 1547 753 1617 νομῆσαι
783 1543 876 1597 τὸν
903 1542 1151 1614 οὐρανόν.
1186 1542 1366 1614 Ὅπερ
1391 1541 1500 1614 γὰρ
1534 1541 1792 1605 πολλάκις
1826 1535 1983 1593 εἶπον
2032 1541 2095 1594 οὐ

521 1634 597 1705 τῷ
628 1633 811 1706 μέτρῳ
840 1632 948 1686 τῶν
968 1631 1260 1703 διδομένων
1292 1634 1322 1686 6
1349 1633 1480 1697 Θεὸς
1518 1632 1796 1705 προσέχει,
1843 1629 1982 1684 ἀλλὰ
2027 1632 2095 1701 τῇ

522 1722 841 1795 προαιρέσει
870 1721 980 1775 τῶν
1030 1723 1399 1796 παρεχόντων.
1439 1723 1653 1776 Ἔνεστι
1706 1722 1800 1775 καὶ⁵
1850 1721 1908 1773 ἐν
1939 1719 2099 1790 πενίᾳ¹

520 1817 668 1880 ὅντα,
691 1814 788 1869 καὶ
809 1814 966 1882 ὀλίγα
989 1814 1166 1877 δόντα,
1194 1814 1256 1868 τὸ
1283 1815 1391 1868 πᾶν
1423 1813 1852 1882 ἀπενέγκασθαι.
1881 1814 1962 1867 Τὰ
1989 1811 2098 1884 γάρ

521 1905 665 1961 κατά
687 1904 917 1974 δύναμιν
944 1905 972 1956 ὁ
994 1903 1125 1967 Θεὸς
1150 1904 1392 1957 ἀπαιτεῖ⁸
1420 1902 1545 1958 οὐτε
1574 1902 1804 1966 πλοῦτος
1848 1900 2102 1973 προξενεῖ

519 1998 612 2052 τὸν
640 1994 890 2067 οὐρανὸν,
920 1991 1045 2048 οὔτε
1094 1995 1256 2049 πενία
1292 1995 1391 2065 τὴν
1418 1995 1664 2064 γέενναν,
1721 1992 1835 2047 ἀλλ’
1864 1992 2099 2062 ἑκάτερα

523 2086 844 2158 προαίρεσις
890 2083 1071 2155 ἀγαθὴ
1100 2086 1195 2139 καὶ
1238 2084 1511 2159 μοχθηρά.
1562 2083 1779 2154 Ταύτην
1815 2079 1909 2137 οὖν
1954 2082 2100 2153 διορ-

520 2174 807 2246 θώσωμεν,
867 2176 1073 2246 ταύτην
1126 2173 1600 2244 ἀνακτησώμεθα,
1655 2174 1860 2242 ταύτην
1901 2172 2100 2244 ῥυθμί-

524 2281 729 2336 σωμεν,
770 2265 867 2321 καὶ
913 2267 1093 2320 πάντα
1119 2268 1249 2336 ἡμῖν
1269 2265 1419 2320 ἔσται
1448 2265 1666 2319 εὔκολα.
1702 2263 1968 2336 Καθάπερ
1995 2266 2103 2337 γὰρ

521 2353 552 2405 6
578 2354 851 2424 τεχνίτης,
890 2353 956 2410 ἄν
983 2371 1043 2408 τε
1084 2355 1356 2426 σιδηροῦν,
1408 2354 1477 2409 άν
1496 2372 1555 2408 τε
1586 2355 1819 2426 χρυσοῦν
1858 2356 2102 2427 σκέπαρ-

523 2460 613 2497 νον
645 2444 766 2517 ἕχῃ,
800 2445 1002 2515 ὁμοίως
1044 2446 1338 2517 ἐργάζεται
1379 2445 1449 2500 τά
1497 2444 1652 2511 ξύλα,
1701 2446 1901 2517 μᾶλλον
1935 2446 1992 2500 δέ
2045 2447 2104 2498 ἐν

521 2534 602 2607 τῷ
641 2535 847 2608 σιδηρῷ
882 2536 1065 2591 πλέον·
1116 2535 1262 2591 οὕτω
1304 2538 1400 2592 καὶ
1435 2537 1688 2605 ἐνταῦθα,
1739 2537 2104 2607 εὐκολώτερον

524 2626 727 2697 μᾶλλον
775 2626 863 2680 διὰ
886 2628 984 2699 τῆς
1015 2627 1204 2691 πενίας
1230 2629 1265 2700 ὴ
1314 2628 1482 2699 ἀρετὴ
1540 2626 1921 2699 κατορθοῦται.
1969 2628 2105 2701 Περὶ

526 2717 627 2786 μέν
658 2716 767 2786 γάρ
795 2715 888 2770 τοῦ
931 2717 1162 2771 πλούτου
1192 2719 1355 2786 φησὶν
1387 2720 1415 2771 6
1465 2717 1722 2789 Χριστὸς,
1767 2717 2105 2772 Εὐκολώτε-

516 2821 631 2874 ρον
680 2803 957 2873 κάμηλον
982 2804 1077 2859 διὰ
1099 2806 1424 2875 τρυμαλιᾶς
1436 2805 1692 2874 ῥαφίδος
1723 2804 2037 2870 εἰσελθεῖν,
2062 2805 2102 2875 ἦ

426 2959 429 2963 ι
523 2896 826 2950 πλούσιον
863 2899 950 2962 εὶς
977 2896 1092 2963 τὴν
1127 2897 1457 2960 ,βασιλείαν
1489 2894 1607 2949 τῶν
1641 2895 1933 2965 οὐρανῶν.
1970 2898 2105 2969 Περὶ

524 2984 586 3041 δι
618 2988 718 3057 τῆς
746 2986 937 3050 πενίας
984 2988 1138 3040 οὐδὲν
1171 2988 1411 3042 τοιοῦτον
1444 2988 1786 3058 ἀπεφήνατο,
1836 2986 1972 3040 ἀλλά
2009 2988 2104 3042 καὶ

524 3077 836 3131 τούναντίον
859 3093 873 3108 ⁸
896 3079 1193 3145 Πώλησον
1212 3078 1283 3133 τὰ
1304 3078 1675 3150 ὑπάρχοντα,
1703 3078 1802 3131 καὶ
1825 3078 1931 3145 δὸς
1952 3094 2104 3133 πτω-

527 3168 679 3237 χοῖς,
711 3169 811 3224 καὶ
841 3169 1018 3237 δεῦρο
1043 3171 1358 3225 ἀκολούθει
1379 3188 1504 3240 μοι,
1530 3171 1605 3236 ὡς
1631 3173 1695 3225 ἐκ
1718 3171 1816 3242 τῆς
1842 3172 2101 3244 προαιρέ-

528 3277 668 3325 σεως
695 3263 796 3333 τῆς
828 3261 1236 3334 ἀκολουθήσεως
1264 3263 1450 3336 οὐσης.

512 3456 519 3467 ”
597 3469 661 3520 ε’.
676 3463 767 3536 Μὴ
789 3462 967 3518 τοίνυν
984 3462 1271 3537 φεύγωμεν
1290 3465 1389 3536 τὴν
1412 3466 1623 3534 πενίαν,
1640 3468 1716 3533 ὡς
1738 3470 1991 3541 πονηρόν·
2010 3470 2105 3542 βα-

529 3554 730 3619 σιλείας
757 3555 866 3628 γάρ
901 3557 1018 3610 ἐστι
1047 3552 1304 3628 πρόξενος
1326 3573 1339 3587 ⁸
1382 3560 1479 3613 καὶ
1514 3559 1674 3613 πάλιν
1713 3560 1790 3633 μὴ
1815 3561 2104 3633 διώκωμεν

526 3646 621 3702 τὸν
650 3647 898 3712 πλοῦτον,
940 3647 1017 3711 ὡς
1050 3647 1256 3718 ἀγαθόν
1276 3665 1289 3680 ⁸
1320 3648 1447 3713 τοὺς
1472 3649 1582 3720 γὰρ
1624 3651 1700 3722 μὴ
1738 3654 2104 3724 προσέχοντας

528 3737 826 3792 ἀπόλλυσιν
849 3755 862 3769 ⁸
902 3736 1037 3791 ἀλλὰ
1072 3737 1348 3809 πανταχοῦ
1380 3739 1442 3792 τὸ
1482 3739 1639 3811 ὄμμα
1670 3742 1804 3812 πρὸς
1846 3742 1936 3797 τὸν
1971 3743 2105 3798 Θεὸν

530 3828 919 3891 ἀνατείνοντες,
938 3826 1197 3899 χρώμεθα
1213 3831 1290 3893 εἰς
1310 3828 1427 3883 δέον
1442 3833 1555 3897 τοῖς
1576 3832 1951 3903 ὐπηργμένοις
1974 3836 2104 3904 ήμῖν

529 3913 682 3988 [Ξ81]
699 3916 827 3986 παρ’
849 3915 1036 3983 αὐτοῦ,
1057 3917 1151 3971 καὶ
1174 3918 1399 3989 δυνάμει
1417 3918 1688 3990 σώματος,
1710 3920 1803 3974 καὶ
1821 3924 2105 3993 περιουσίᾳ

531 4007 851 4080 χρημάτων,
883 4009 980 4062 καὶ
1010 4010 1122 4073 τοῖς
1142 4008 1319 4073 ἄλλοις
1349 4008 1572 4064 ἅπασιν.
1606 4012 1841 4065 ΙἌτοπον
1869 4014 1977 4084 γὰρ
2011 4015 2103 4067 ὑπ’

530 4098 698 4155 αὐτοῦ
733 4099 1085 4171 γενομένους,
1114 4099 1323 4170 ἑτέροις
1348 4099 1521 4155 ταῦτα
1548 4102 1807 4173 παρέχειν
1831 4106 2100 4176 χρήσιμα,

528 4186 667 4243 ἀλλά
697 4187 771 4260 μὴ
803 4187 881 4259 τῷ
918 4187 1240 4259 πεποιηκότι
1271 4189 1440 4259 ἡμᾶς.
1484 4189 1738 4261 Ἐποίησέ
1782 4208 1863 4246 σοι
1907 4193 2105 4262 ὀφθαλ-

530 4279 667 4352 μούς
689 4298 705 4314 ⁸
742 4281 965 4346 τούτους
992 4279 1141 4353 αὐτῷ
1182 4281 1388 4352 πάρεχε
1418 4281 1743 4353 χρησίμους,
1779 4284 1854 4355 μὴ
1883 4284 1961 4356 τῷ
1983 4286 2105 4340 δια..

527 4372 689 4444 ϐόλῳ.
730 4372 856 4436 Πῶς
887 4372 947 4425 δέ
984 4369 1134 4441 αὐτῷ
1163 4371 1455 4443 παρέξειςς
1501 4372 1582 4428 Τὰ
1626 4375 1901 4447 κτίσματα
1938 4378 2102 4432 αὐτοῦ

529 4462 789 4535 θεωρῶν,
820 4462 918 4517 καὶ
953 4462 1189 4529 δοξάζων
1222 4465 1415 4528 αὐτὸν,
1451 4466 1546 4520 καὶ
1584 4467 1815 4537 ἀπάγων
1857 4470 1955 4540 τῆς
1996 4469 2104 4523 τῶν

528 4553 803 4623 γυναικῶν
826 4553 1023 4624 ὅψεως.
1067 4553 1207 4609 Ἀλλ’
1237 4554 1461 4626 ἐποίησέ
1505 4573 1588 4610 σοι
1629 4560 1850 4630 χεῖρας;
1890 4557 2106 4622 Ταύτας

529 4645 680 4717 αὐτῷ
704 4644 972 4717 κέκτησο,
1010 4646 1084 4719 μὴ
1112 4645 1190 4718 τῷ
1216 4646 1469 4719 διαϐόλῳ,
1509 4649 1585 4720 μὴ
1610 4651 1689 4713 είς
1721 4649 1979 4719 ἁρπαγὰς
2011 4650 2106 4705 καὶ

530 4730 875 4799 πλεονεξίας,
918 4731 1038 4786 ἀλλ’
1072 4734 1152 4797 είς
1194 4732 1417 4799 ἐντολὰς
1451 4736 1545 4788 καὶ
1581 4735 1861 4802 εὐποιίας,
1894 4735 1989 4791 καὶ
2025 4738 2106 4799 είς

529 4824 698 4895 εὐχὰς
727 4825 967 4887 ἐκτενεῖς
1001 4812 1297 4880 ἀνατείνων
1322 4824 1513 4890 αὐτας,
1549 4827 1627 4889 εἰς
1653 4826 1714 4879 τὸ
1744 4829 1857 4891 τοῖς
1890 4844 2107 4881 πεπτω-

530 4913 684 4969 κόσιν
707 4914 923 4986 ὀρέγειν
949 4915 1128 4986 χεῖρα.
1173 4914 1428 4987 Ἐποίησέ
1455 4933 1537 4971 σοι
1566 4910 1714 4983 ὧτα;
1746 4916 1933 4981 Ταῦτα
1955 4917 2106 4989 αὐτῷ

530 5003 761 5076 πάρεχε,
788 5003 925 5059 ἀλλά
966 5004 1041 5076 μὴ
1073 5007 1187 5069 τοῖς
1216 5005 1699 5078 διακεκλασμένοις
1724 5008 1931 5078 μέλεσι,
1968 5009 2105 5081 μηδέ

528 5098 650 5159 ταῖς
686 5097 941 5166 αἰσχραῖς
984 5098 1182 5161 ἀκοαῖς
1205 5111 1220 5127 ⁸
1255 5095 1432 5164 Πᾶσα
1473 5100 1581 5169 γὰρ
1621 5098 1907 5169 διήγησίς
1951 5115 2102 5167 σου,

531 5186 725 5257 φησὶν,
758 5186 828 5240 ἐν
860 5187 1023 5256 νόμῳ
1061 5187 1357 5255 Ὑψίστου
1390 5188 1547 5244 ἔστω
1573 5205 1586 5219 ⁸
1630 5191 1727 5245 καὶ
1763 5190 1956 5257 πάλιν,
2010 5192 2107 5247 Ἐν

530 5274 769 5342 πλήθει,
800 5276 956 5347 φησὶ,
987 5277 1405 5345 πρεσϐυτέρων
1430 5277 1632 5348 στῆθι,
1672 5279 1770 5333 καὶ
1792 5281 1849 5333 εἴ
1871 5298 1962 5347 τις
2000 5297 2105 5336 σο-

533 5367 667 5433 φὸς,
714 5367 875 5434 αὐτῷ
925 5368 1438 5438 προσκολλήθητι.
1484 5371 1734 5442 Ἑποίησέ
1780 5388 1861 5425 σοι
1902 5373 2103 5443 στόμα;

533 5455 706 5511 Ὶοῦτο
758 5458 925 5529 μηδὲν
964 5459 1253 5532 πραττέτω
1300 5460 1405 5514 τῶν
1460 5462 1535 5533 μὴ
1577 5461 1879 5518 δοκούντων
1923 5464 2102 5536 αὐτῷ,

600 5718 616 5729 ’
653 5716 799 5766 Forte
821 5718 875 5765 οὐ
893 5725 1053 5782 γῆρας,

1281 344 1339 398 S.
1376 337 1662 398 JOANNIS
1698 328 2180 393 CHRYSOS'I‘OMI
2220 329 2536 387 ARCIIIEP.
2569 328 3120 388 CONSTANTINOP.

3656 324 3762 383 26!

2196 444 2332 499 ἀλλά
2356 446 2696 517 ψαλμῳδίας,
2734 446 2957 517 ὕμνους,
2992 444 3132 515 ᾠδὰς
3165 444 3537 514 πνευματικὰς
3559 444 3765 516 ᾀδέτωο

2199 536 2321 590 ἰνα
2352 536 2435 601 δῷ
2463 538 2676 607 χάριν,
2714 536 2876 607 φησὶ,
2909 536 3035 602 τοῖς
3066 535 3420 595 ἀκούουσιν,
3456 537 3536 598 εἰς
3567 536 3772 589 οἰκοδο-

2199 627 2339 698 μὴν,
2374 629 2470 681 καὶ
2502 630 2576 700 μὴ
2602 631 2680 693 εἰς
2701 627 3102 699 καταστροφὴν,
3136 628 3213 689 εἰς
3237 626 3534 696 εὐφημίαν,
3569 627 3663 679 καὶ
3695 626 3773 697 μὴ

2196 720 2276 780 είς
2309 719 2660 789 κατηγορίαν,
2715 719 2791 790 μὴ
2840 721 2920 782 είς
2960 717 3274 780 ἐπιϐουλὰς,
3310 715 3446 770 ἀλλὰ
3496 718 3606 769 πᾶν
3648 716 3773 769 τού-

2196 807 2427 860 ναντίον.
2473 808 2726 878 Ἐποίησέ
2756 826 2838 861 σοι
2872 808 3059 873 πόδας,
3082 808 3181 876 οὐχ
3211 807 3299 861 ἵνα
3326 806 3528 879 τρέχῃς
3556 808 3648 859 ἐπὶ
3673 824 3775 861 κα-

2197 897 2321 950 κίαν
2343 938 2358 962 ,
2389 897 2503 951 ἀλλ’
2538 900 2629 951 ἐπὶ
2662 898 2869 965 ἁγαθά⁸
2908 898 3129 969 ἐποίησέ
3165 915 3245 950 σοι
3270 897 3533 968 γαστέρα,
3557 897 3655 967 οὐχ
3684 897 3774 950 ἵνα

2196 988 2565 1060 διαρρηγνύῃς
2591 993 2789 1059 αὑτήν,
2818 990 2935 1043 ἀλλ’
2960 989 3050 1042 ἴνα
3077 987 3373 1060 φιλοσοφῇς
3393 1005 3407 1020 ⁸
3438 989 3633 1059 έθηκεν
3657 991 3775 1042 ἐπι-

2198 1078 2399 1149 θυμίαν
2432 1080 2569 1150 πρὸς
2612 1080 2985 1145 παιδοποιίαν,
3035 1080 3153 1133 ἀλλ’
3184 1080 3246 1132 οὐ
3298 1079 3434 1150 πρὸς
3471 1079 3732 1150 πορνείαν
3755 1119 3771 1145 ,

2198 1169 2291 1222 καὶ
2333 1171 2577 1240 μοιχείαν
2601 1186 2616 1199 ⁸
2654 1170 2823 1223 ἔδωκέ
2849 1186 2934 1223 σοι
2967 1169 3125 1236 νοῦν,
3157 1171 3256 1241 οὐχ
3290 1169 3379 1223 ἵνα
3411 1169 3573 1224 αὐτὸν
3612 1169 3775 1240 βλασ-

2201 1263 2409 1331 φημῇς,
2433 1262 2531 1332 οὐχ
2558 1261 2646 1315 ἵνα
2676 1260 2914 1333 λοίδορος
2933 1257 3018 1334 ᾗς,
3044 1260 3158 1314 ἀλλ’
3185 1260 3273 1315 ἵνα
3295 1261 3548 1331 εὐφημῇς
3566 1276 3582 1291 ⁸
3608 1259 3775 1313 ἔδωκε

2202 1352 2295 1404 καὶ
2324 1352 2605 1423 χρήματα,
2643 1353 2734 1405 ἵνα
2772 1353 2849 1415 είς
2875 1351 2992 1405 δέον
3023 1352 3206 1415 αὐτοῖς
3238 1349 3498 1422 χρώμεθα
3519 1366 3534 1382 ⁸
3571 1352 3664 1405 καὶ
3692 1352 3777 1404 ἱσ-

2201 1443 2323 1513 χὺν,
2373 1442 2462 1495 ἴνα
2520 1443 2615 1496 καὶ
2674 1442 2848 1516 ταύτῃ
2912 1444 2993 1505 είς
3051 1441 3169 1495 δέον
3220 1436 3372 1512 ὦμεν
3423 1440 3776 1512 κεχρημένοι.

2214 1535 2469 1605 Ἐποίησε
2504 1535 2734 1606 τέχνας,
2768 1535 2857 1590 ἵνα
2897 1535 3010 1606 βίος
3047 1534 3374 1605 συνεστήκῃ,
3414 1532 3513 1603 οὐχ
3550 1533 3637 1586 ῖνα
3670 1532 3779 1586 τῶν

2204 1621 2589 1693 πνευματικῶν
2617 1623 3057 1694 ἀποχωρίσωμεν
3110 1623 3361 1687 ἑαυτοὺς,
3410 1622 3510 1693 οὐχ
3547 1621 3633 1675 ἵνα
3657 1623 3781 1685 ταῖς

2206 1713 2494 1784 βαναύσοις
2511 1714 2866 1785 προσέχωμεν
2879 1714 3113 1785 τέχναις,
3138 1713 3277 1767 ἀλλά
3293 1716 3412 1777 ταῖς
3429 1714 3777 1783 ἀναγκαίαις·

2205 1804 2291 1857 ἵνα
2323 1804 2572 1876 ἀλλήλοις
2623 1804 3009 1876 ύπηρετῶμεν,
3037 1805 3135 1876 οὐχ
3162 1804 3249 1858 ῐνα
3277 1803 3525 1875 ἀλλήλοις
3558 1804 3781 1858 ἐπιϐου-

2216 1894 2483 1967 λεύωμεν.
2519 1895 2756 1949 Ἔδωκεν
2777 1894 2994 1966 ϐροφον,
3019 1894 3110 1947 ἵνα
3147 1895 3313 1964 στέγῃ
3345 1893 3435 1947 τὸν
3472 1893 3626 1947 ὐετύν
3658 1910 3781 1947 τοσ-

2206 1988 2363 2043 οῦτον
2414 1987 2608 2058 μόνον,
2654 1988 2753 2056 οὐχ
2785 1985 2876 2039 ἵνα
2922 1984 3333 2056 καλλωπίζηται
3372 1975 3529 2048 οὗτος
3573 1983 3675 2055 μὲν
3702 1980 3784 2055 τῷ

2207 2080 2428 2152 χρυσῷ,
2470 2082 2498 2133 6
2523 2080 2581 2134 δὲ
2625 2079 2795 2151 πένης
2827 2077 3205 2150 διαφθείρηται
3245 2075 3323 2148 τῷ
3367 2076 3545 2147 λιμῷ·
3578 2075 3784 2130 ῐδωκεν

2211 2170 2421 2241 ἱμάτια,
2451 2170 2539 2223 ἵνα
2610 2168 2975 2240 σκεπώμεθα,
3018 2169 3117 2240 οὐχ
3159 2168 3249 2221 ῖνα
3289 2166 3783 2238 ἐπιδεικνυώμεθα,

2209 2265 2308 2335 οὐχ
2331 2264 2421 2316 ἵνα
2444 2260 2618 2315 ταῦτα
2656 2261 2756 2333 μέν
2847 2261 2980 2316 πολύ
3008 2259 3200 2332 έχοντα
3236 2258 3459 2331 χρυσίον
3479 2302 3494 2326 ,
3520 2262 3549 2313 6
3574 2258 3631 2313 δέ
3650 2261 3786 2333 Χρι-

2212 2354 2338 2417 στὸς
2364 2353 2570 2424 γυμνὸς
2601 2352 2937 2424 ἀπολλύηται
2954 2367 2968 2381 ⁸
2996 2350 3164 2405 ἔδωκε
3196 2353 3415 2422 στέγην,
3441 2352 3540 2423 οὐχ
3565 2352 3653 2406 ἵνα
3687 2352 3786 2423 μό-

2210 2462 2299 2509 νος
2336 2445 2493 2517 έχῃς.
2528 2444 2643 2498 ἀλλ’
2672 2446 2757 2498 ἵνα
2792 2445 2887 2498 καὶ
2920 2442 3101 2507 ἄλλοις
3132 2443 3376 2515 παρέχῃς
3400 2460 3415 2475 ⁸
3448 2442 3614 2496 ἔδωκε
3644 2444 3783 2513 γῆν,

2210 2537 2307 2606 οὐχ
2328 2535 2416 2589 ἵνα
2446 2536 2509 2589 σύ
2534 2536 2596 2588 τὸ
2624 2535 2785 2589 πλέον
2814 2527 2981 2606 αὐτῆς
3009 2534 3443 2605 ὐποτεμνόμενος
3467 2536 3547 2601 είς
3578 2535 3783 2608 πόρνας

2211 2627 2305 2679 καὶ
2352 2625 2622 2696 ὀρχηστὰς
2668 2625 2765 2681 καὶ
2812 2625 3011 2696 μίμους
3054 2624 3148 2679 καὶ⁵
3183 2623 3423 2696 αὐλητὰς
3464 2626 3559 2679 καὶ
3594 2624 3787 2697 κιθαρο

2210 2719 2380 2789 ῳδούς
2409 2717 2705 2787 ἀναλίσκῃς
2737 2716 2805 2770 τὰ
2834 2716 2926 2769 τοῦ
2948 2715 3081 2769 Θεοῦ
3103 2716 3304 2785 ἀγαθὰ,
3321 2715 3435 2770 ἀλλ’
3453 2718 3528 2781 εις
3561 2715 3790 2771 πεινῶν-

2210 2826 2307 2872 τας
2333 2809 2427 2863 καὶ
2454 2809 2763 2879 δεομένους.
2809 2808 3017 2861 Ἔδωκὲ
3048 2826 3128 2861 σοι
3159 2808 3447 2873 θάλατταν,
3476 2808 3565 2863 ἵνα
3591 2807 3783 2880 πλέῃς,

2210 2898 2298 2952 ἵνα
2343 2901 2418 2972 μὴ
2459 2901 2676 2971 κὰμνῃς
2707 2899 3025 2981 ὁδοιπορῶν,
3063 2900 3161 2970 οὐχ
3203 2899 3289 2953 ἵνα
3318 2896 3658 2971 περιεργάζῃ
3687 2899 3787 2952 αὐ-

2209 2989 2309 3061 τῆς
2354 2990 2422 3044 τά
2464 2991 2625 3061 βάθη,
2672 2990 2767 3044 καὶ
2805 2989 2985 3053 λίθους
3029 2990 3122 3043 καὶ
3166 2991 3267 3043 ὅσα
3314 2988 3540 3043 τοιαῦτα
3575 2987 3787 3043 ἐκεῖθεν

2211 3083 2517 3155 ἀναφέρῃς,
2575 3082 2686 3135 οὐδ’
2727 3082 2815 3134 ἵνα
2859 3082 3017 3153 ἔργον
3060 3079 3220 3135 τοῦτο
3275 3085 3427 3153 ποιῇ.
3478 3080 3637 3145 Τίνος
3690 3074 3785 3134 οὖν

2210 3174 2426 3238 ἕνεκεν,
2483 3174 2680 3244 φησὶν,
2717 3173 2767 3226 οῖ
2808 3172 2979 3241 λίθοι;
3020 3172 3155 3227 Είπέ
3204 3172 3266 3244 δή
3304 3190 3395 3243 μοι
3435 3170 3636 3242 μᾶλλον
3685 3170 3785 3239 σὺ,

2208 3263 2353 3327 τίνος
2388 3263 2574 3317 ἐνεκεν
2619 3265 2669 3317 οί
2706 3263 2877 3330 λίθοι,
2923 3265 3017 3318 καὶ
3062 3263 3178 3327 πῶς
3207 3262 3379 3327 οὕτως
3418 3263 3557 3317 είσὶν
3589 3263 3787 3316 ἐκεῖνοι

2212 3356 2536 3430 βαρύτιμοις
2568 3351 2678 3429 ἆρα
2715 3361 2782 3429 τῇ
2821 3358 3077 3431 δυνάμει;
3125 3352 3234 3430 ἆρα
3268 3360 3335 3430 τῇ
3377 3359 3600 3430 χρήσεις
3635 3356 3788 3411 Μᾶλ-

2209 3447 2299 3503 λον
2325 3449 2421 3518 μέν
2450 3443 2544 3502 οὖν
2569 3449 2619 3502 οί
2656 3449 2730 3522 μὴ
2751 3447 2981 3504 τοιοῦτοι
3009 3450 3289 3522 χρήσιμοι.
3323 3451 3384 3503 Ol
3423 3450 3522 3520 μὲν
3546 3448 3655 3520 γάρ
3682 3447 3786 3502 κᾶν

2211 3537 2345 3608 πρὸς
2372 3536 2658 3608 οἰκοδομὴν
2690 3537 3106 3608 συμϐάλλονται,
3146 3538 3343 3592 ἐκεῖνοι
3366 3537 3423 3591 δέ
3445 3538 3583 3609 πρὸς
3609 3535 3781 3593 οὐδέν.

2207 3627 2321 3681 Καὶ
2346 3621 2492 3681 οὗτοι
2534 3628 2758 3682 ἐκείνων
2803 3629 3157 3700 ἰσχυρότεροι.
3197 3627 3337 3681 Ἀλλ’
3378 3628 3596 3694 ἐκεῖνοι,
3628 3627 3782 3699 φησὶ,

2210 3716 2405 3778 κάλλος
2433 3716 2776 3787 ἐργάζονται.
2823 3716 2977 3783 Πῶς;
3011 3714 3329 3787 ὐπολήψεώς
3370 3717 3486 3770 ἐστι
3527 3714 3682 3789 [282]
3718 3715 3782 3770 τὸ

2209 3807 2388 3878 ἔργον.
2432 3808 2757 3879 Δευκὸτεροί
2790 3808 2958 3875 εἰσιν;
3018 3805 3156 3860 Ἀλλ’
3194 3807 3293 3861 οὐκ
3338 3807 3444 3860 εἰσὶ
3488 3806 3782 3879 μαρμάρου

2208 3896 2304 3951 τοῦ
2339 3898 2547 3968 σφόδρα
2572 3898 2766 3952 λευκοῦ
2803 3898 3135 3970 λευκότεροι,
3166 3897 3281 3952 ἀλλ’
3310 3897 3432 3951 οὐδὲ
3470 3897 3595 3952 ῐσοι.
3642 3897 3766 3951 Ἀλλ

2212 3989 2590 4061 ίσχυρὸτεροις
2639 3989 2779 4042 Ἀλλ’
2834 3990 2953 4042 οὐδέ
3003 3987 3161 4043 τοῦτο
3209 3987 3322 4060 ἔχοι
3364 4004 3448 4051 τις
3485 3987 3551 4042 ἂν
3589 3989 3781 4043 εἰπεῖν.

2224 4080 2381 4133 Ἀλλά
2432 4078 2869 4153 χρησιμώτεροι;
2937 4080 3073 4135 ἀλλὰ
3133 4080 3391 4152 μείζους;
3458 4079 3598 4133 Ἀλλ’
3660 4078 3784 4133 οὐδέ

2207 4171 2387 4226 τοῦτο.
2416 4172 2587 4226 Πόθεν
2614 4168 2708 4226 οῦν
2734 4171 3188 4245 ἐθαυμάσθησαν;
3239 4171 3379 4227 Ἀλλ’
3406 4173 3506 4225 οὐκ
3539 4170 3781 4237 ἄλλοθεν,

2209 4262 2322 4316 ἀλλ’
2356 4262 2390 4333 ἢ
2431 4263 2538 4318 ἀπὸ
2578 4263 2919 4336 ὑπολήψεως.
2952 4264 3017 4318 Εἰ
3045 4262 3154 4335 γάρ
3192 4264 3326 4336 μήτε
3354 4262 3604 4325 καλλίους
3646 4263 3784 4315 εἰσὶν

2210 4348 2551 4422 (εὑρήσομεν
2583 4352 2692 4425 γάρ
2733 4352 2910 4407 αὐτῶν
2940 4352 3436 4424 περιφανεστέρους
3473 4352 3568 4406 καὶ
3594 4352 3786 4405 λευκο-

2209 4439 2462 4511 τέρους),
2510 4441 2647 4512 μήτε
2682 4442 2977 4513 χρήσιμοι,
3015 4443 3154 4513 μήτε
3205 4442 3574 4514 ἰσχυρότεροι,
3621 4440 3785 4495 πόθεν

2210 4530 2384 4596 οὕτως
2427 4532 2887 4605 ἐθαυμάσθησαν;
2919 4535 3039 4605 οὐχὶ
3069 4533 3177 4588 ἀπὸ
3216 4534 3535 4606 ὑπολήψεως
3580 4535 3782 4606 μόνηςς

2212 4624 2367 4688 Τίνος
2389 4617 2482 4678 οὖν
2513 4624 2701 4678 ἐνεκεν
2729 4623 2929 4679 ἔδωκεν
2955 4625 3188 4691 αὐτούς;
3226 4625 3341 4679 Οὐκ
3369 4626 3532 4690 αὐτὸς
3560 4624 3781 4692 ἔδωκεν,

2212 4713 2349 4767 ἀλλά
2391 4713 2456 4767 σύ
2490 4712 2746 4783 ἐνόμισας
2784 4715 2927 4785 μέγα
2955 4732 3009 4768 τι
3045 4711 3205 4769 εῖναι.
3245 4713 3311 4767 Τί
3341 4709 3455 4776 οὖν.
3486 4715 3669 4785 φηιῆν,
3701 4715 3785 4768 ὃτι

2211 4807 2306 4859 καὶ
2338 4806 2373 4876 ή
2417 4804 2611 4875 Γραφὴ
2638 4805 2860 4870 τούτους
2898 4805 3199 4877 θαυμάζει;
3228 4804 3372 4876 Πρὸς
3391 4804 3489 4875 τήν
3516 4803 3785 4875 ὑπόληψιν

2211 4895 2396 4951 λοιπὸν
2419 4896 2725 4965 διαλέγεται
2751 4897 2850 4965 τὴν
2874 4896 2994 4967 σήν.
3032 4896 3185 4949 Ἐπεὶ
3204 4894 3296 4950 καὶ
3324 4893 3638 4956 διδάσκαλος
3659 4908 3778 4947 παι-

2210 4990 2306 5062 δίῳ
2338 4988 2749 5060 διαλεγόμενος,
2781 4988 2851 5042 τὰ
2876 4987 3015 5041 αὐτὰ
3048 4986 3243 5057 ἐκείνῳ
3280 4983 3545 5055 πολλαχοῦ
3573 4983 3787 5054 θαυμά-

2212 5081 2333 5150 ζει,
2372 5082 2500 5135 ὅταν
2544 5079 2677 5134 αὐτὸ
2703 5079 2957 5150 βούληται
2995 5075 3401 5131 ἐπισπάσασθαι
3446 5076 3542 5131 καὶ
3572 5076 3787 5145 ὑπαγαο

2211 5173 2424 5243 γέσθαι.
2469 5171 2535 5225 Τί
2578 5171 2772 5235 κάλλος
2814 5168 3090 5239 ἐπιζητεῖς
3145 5168 3405 5239 ίματίων;
3456 5166 3679 5239 Ἱματίῳ
3725 5183 3786 5222 σε

2214 5262 2477 5334 περίϐαλε
2514 5261 2609 5317 καὶ
2639 5261 2982 5333 ὑποδήμασιν
3002 5276 3018 5291 ⁸
3049 5259 3260 5325 τούτοις
3298 5259 3527 5331 κοσμοῦ,
3555 5261 3613 5313 ἐν
3658 5257 3784 5314 τού-

2212 5371 2322 5419 τοις
2366 5352 2559 5423 ἀρκοῦ.
2623 5351 2985 5422 Ἐπιθυμητὰ
3027 5353 3056 5405 6
3110 5350 3275 5406 Δαυῒδ
3326 5354 3480 5420 ὑπὲρ
3528 5350 3787 5420 χρυσίον

2214 5445 2369 5517 φησὶ,
2389 5444 2485 5499 καὶ
2500 5444 2676 5497 λίθον
2690 5442 2883 5512 τίμιον
2901 5441 3103 5496 πολὺν
3120 5442 3194 5498 τὰ
3208 5443 3461 5512 κρίματα
3483 5440 3591 5494 τοῦ
3614 5438 3782 5495 Θεοῦ.

2214 5535 2401 5590 Ταῦτα
2435 5534 2491 5588 δέ
2518 5532 2622 5587 ποῦ
2660 5532 2817 5602 λόγον
2856 5532 2922 5588 ἂν
2956 5531 3103 5604 ἐχοι;
3131 5533 3247 5587 Οὐκ
3278 5532 3395 5587 ἔστι
3428 5530 3619 5596 ταῦτα,
3650 5531 3787 5602 ἀγα-

2216 5626 2410 5696 πητοὶ,
2441 5625 2685 5696 χρήσιμα
2707 5641 2720 5655 ·
2767 5624 2816 5677 εί
2848 5624 3094 5696 χρήσιμα
3129 5620 3220 5696 ἦν,
3264 5623 3365 5678 οὐκ
3397 5622 3461 5677 ἂν
3501 5622 3786 5676 ἐκέλευσεν

2218 5714 2396 5770 αὐτῶν
2429 5716 2789 5787 καταφρονεῖν
2814 5731 2827 5745 ⁸
2882 5714 3018 5770 ἀλλὰ
3065 5714 3201 5786 πρὸς
3236 5715 3333 5785 τὴν
3381 5713 3649 5783 ὑπόληψιν
3685 5704 3786 5776 τὴν
