4184 6542
469 568 574 608 non
621 547 866 620 iussisset
912 550 1260 598 Contemnere
1291 551 1304 590 :
1339 531 1431 589 sed
1463 530 1644 585 divina
1673 527 1950 620 scriptura
1979 524 2044 578 ad

465 619 914 704 ctistimatiouem
969 641 1203 690 nostram
1233 627 1486 698 loquitur.
1518 625 1694 692 Atque
1739 619 1842 674 hoc
1883 619 2044 672 etiam

469 736 663 791 divina:
686 725 1028 799 benignitatis
1057 719 1358 788 estQuam
1391 715 1551 786 igitur
1577 712 1648 766 ob
1678 723 1931 776 causam,
1956 707 2042 761 in-

463 831 574 899 quit
597 870 611 894 ,
648 835 931 893 purpuram
963 827 1016 872 ct
1060 824 1254 869 cazlera
1303 803 1669 899 huiusmodi?
1695 802 1905 878 Divina;
1931 814 2044 853 ma-

463 895 784 990 gniﬁcentia:
835 913 950 965 luce
998 915 1124 960 sunt
1167 919 1349 972 opera.
1403 898 1534 954 Nam
1583 895 1703 990 aliis
1733 907 1957 990 quoque.
1980 905 2045 945 ex

464 979 627 1064 iebus
653 1019 774 1060 suas
800 1000 970 1055 voluit
1001 995 1212 1052 divitias
1255 987 1558 1046 ostendere.
1609 985 1818 1038 Etenim
1850 991 1898 1036 et
1933 979 2044 1033 fru-

467 1107 704 1153 mentum
753 1095 867 1162 ipse
911 1088 1058 1144 dedit
1105 1085 1278 1140 solum
1301 1099 1328 1148 ;,
1351 1090 1406 1136 tu
1440 1094 1566 1134 vero
1614 1092 1679 1130 ex
1731 1075 1834 1128 hoc
1881 1073 2046 1127 multa

468 1205 654 1260 paras,
689 1188 965 1254 placentas
985 1223 998 1246 ,
1030 1177 1256 1234 bellaria
1286 1175 1434 1228 varia
1466 1185 1527 1226 ac
1557 1171 1722 1224 multa
1749 1209 1763 1233 ,
1799 1179 2046 1260 magnam

467 1256 743 1334 afferentia
775 1274 1128 1342 voluptatem.
1159 1265 1404 1335 Alioquin
1444 1270 1499 1316 et
1525 1261 1774 1329 voluptas
1799 1268 1851 1312 ct
1878 1256 2050 1310 inanis

467 1371 648 1438 plurim
697 1381 848 1422 amor
891 1365 1008 1418 haec
1047 1363 1224 1416 omnia
1276 1355 1510 1412 invexit:
1539 1352 1856 1407 videbantur
1902 1350 2046 1405 enim

469 1464 583 1514 haec
631 1459 724 1513 tibi
753 1455 1002 1511 omnibus
1032 1451 1195 1506 rebus
1225 1444 1574 1516 praeferenda.
1627 1441 1926 1510 Carteroqni
1953 1482 1967 1506 ,
2003 1441 2048 1495 si

469 1549 782 1620 peregrinus
810 1544 1072 1616 qIIiSpiam
1115 1549 1206 1593 aut
1245 1535 1476 1605 agricola
1525 1535 1710 1587 harum
1741 1547 1917 1586 rerum
1953 1531 2050 1584 im-

475 1639 677 1709 petitus
707 1648 758 1690 te
799 1635 1123 1700 interroget,
1165 1636 1322 1694 teque
1376 1625 1520 1678 illum
1555 1621 1930 1692 suspii-ientem
1974 1621 2048 1676 ri-

470 1773 625 1788 ..ι-

1193 424 1250 480 5.
1289 415 1566 478 JOANNIS
1588 407 2057 472 CIIRYSOSTOMI
2097 409 2410 465 ARCIIIEP.
2453 406 2978 463 (TONSTANTINUP.

3631 405 3736 460 2'“

2153 522 2317 585 dens,
2372 520 2550 576 dicat:
2601 520 2710 574 Cur
2761 521 2858 574 ista
2909 521 3135 588 suspicis
3188 529 3349 591 atque
3407 519 3740 577 admiraris?

2153 611 2280 680 quid
2330 608 2555 664 habebis
2583 609 2726 680 quod
2759 610 3130 680 respondeas?
3177 611 3400 681 pulchra
3431 628 3551 668 csse
3581 627 3739 683 aspe-

2151 699 2283 754 ctu?
2312 697 2419 754 Sed
2467 713 2572 753 non
2605 700 2674 754 ita
2704 711 2807 754 est.
2841 701 3187 770 Deponamus
3239 702 3398 772 igitur
3445 703 3583 757 hanc
3623 705 3741 773 opi-

2157 791 2404 858 nionem,
2453 792 2699 861 verisque
2753 807 2944 862 reapse
2995 793 3151 847 bonis
3201 794 3578 849 iulia-reamus.
3616 795 3740 853 [late

2152 881 2295 935 enim
2345 879 2567 936 minime
2613 890 2767 948 sunt,
2800 882 2896 937 sed
2945 892 3149 938 temere
3181 895 3461 940 transeunt
3489 897 3737 954 tantum,

2153 972 2320 1028 instar
2345 972 2578 1027 ﬂuminis
2605 974 2913 1030 dilabentia.
2940 975 3327 1044 Quamobrem,
3353 978 3581 1032 obsecro
3604 993 3700 1032 vos
3719 1019 3734 1041 ,

2153 1078 2480 1129 caveamus;
2511 1081 2668 1137 supra
2701 1076 2908 1136 petram
2958 1082 3057 1122 nos
3091 1068 3438 1135 collocemus,
3473 1086 3538 1124 ne
3589 1069 3744 1125 facile

2155 1158 2628 1226 circumferamur,
2659 1170 2718 1216 ut
2749 1161 2922 1217 futura
2951 1163 3111 1217 etiam
3153 1177 3547 1234 consequamur
3575 1164 3738 1231 bona,

2155 1253 2324 1320 gratia
2353 1261 2402 1305 et
2431 1254 2756 1323 benignitate
2787 1255 2999 1310 Domini
3029 1256 3197 1311 nostri
3226 1255 3353 1312 Jesu
3378 1257 3598 1322 Christi,
3621 1273 3743 1312 cum

2155 1356 2262 1410 quo
2291 1341 2430 1396 Patri
2455 1386 2468 1409 ,
2494 1344 2758 1416 simulque
2785 1355 2970 1402 sancto
2997 1345 3220 1417 Spiritui
3245 1347 3411 1419 gloria
3434 1390 3449 1414 ,
3485 1359 3747 1418 potestas,

2162 1430 2336 1486 honor
2368 1473 2382 1498 ,
2435 1449 2573 1488 mine
2603 1445 2656 1489 et
2686 1451 2899 1506 semper
2931 1479 2944 1506 ,
2977 1447 3029 1492 et
3063 1439 3112 1491 in
3159 1438 3354 1493 smcnla
3397 1438 3741 1494 saeculorum.

2159 1523 2352 1580 Amen.

641 1756 2341 1782 Μ

2345 1762 3707 1788 _____._________________________

1801 1846 2149 1908 HOMILIA
2193 1849 2308 1912 ΧΙ.

453 2016 589 2070 ’(1Α1ι.
624 2014 680 2067 5.
705 2027 756 2064 ν.
791 2011 849 2067 7.
877 2006 984 2061 Sed
1011 2019 1124 2074 qua:
1165 2002 1288 2054 mihi
1315 1999 1518 2070 [nerunt
1557 1995 1722 2055 lucra,
1771 1993 1877 2046 lucc
1907 1989 2046 2044 arbi-

541 2117 702 2160 tratus
723 2119 835 2157 sum
857 2107 1066 2171 propter
1085 2095 1340 2150 Christum
1359 2089 1727 2144 detrimentum.
1758 2085 1810 2140 8.
1847 2083 2055 2137 Verum-

542 2211 708 2252 tamen
741 2203 788 2248 et
825 2193 1055 2246 existimo
1096 2187 1265 2241 omnia
1308 2184 1666 2237 detrimentum
1705 2194 1812 2232 esse
1847 2186 2055 2247 propter

544 2294 842 2346 eminentem
873 2284 1134 2339 scientiam
1163 2277 1288 2332 Jisu
1317 2275 1504 2328 Christi
1545 2271 1754 2327 Domini
1793 2269 1910 2335 mei,
1941 2285 2058 2338 pro-

544 2396 653 2452 pter
697 2395 841 2451 quem
877 2378 1045 2430 omnia
1085 2373 1440 2425 detrimentum
1479 2365 1572 2436 feci
1603 2373 1649 2416 et
1677 2361 1896 2416 arbitror
1923 2360 2060 2452 quis-

543 2450 729 2544 quilias
768 2485 894 2534 esse,
938 2476 992 2520 ut
1031 2463 1282 2518 Christum
1312 2457 1649 2527 lucrifaciem,
1675 2453 1708 2508 9
1753 2467 1796 2505 ct
1835 2450 2060 2504 iureniar

545 2543 596 2620 in
627 2565 716 2617 illo
745 2579 846 2615 non
873 2559 1059 2612 habens
1102 2569 1262 2607 memu
1285 2549 1564 2620 justitiam,
1605 2561 1716 2613 qua:
1746 2560 1808 2596 ea;
1832 2543 1939 2612 lege
1964 2551 2056 2605 est,

544 2657 632 2708 sed
673 2651 839 2717 illum,
870 2663 984 2720 qua:
1021 2663 1085 2700 ex.
1113 2644 1215 2714 [ide
1240 2652 1312 2694 est
1337 2639 1461 2693 Jesu
1490 2636 1698 2695 Clii‘lall,
1729 2649 1840 2704 qtttt’
1863 2649 1924 2685 ex
1952 2629 2060 2684 Deo

544 2754 617 2801 cst
649 2744 855 2814 jnstitia
881 2743 934 2793 in
961 2739 1082 2809 fide,
1121 2735 1206 2790 10.
1251 2732 1318 2785 ad
1362 2729 1764 2801 cognoscendum
1803 2725 1970 2789 illum,
2015 2731 2061 2776 et

543 2839 777 2892 virtutem
806 2827 1184 2886 resurrectionis
1212 2825 1341 2896 ejus.

549 2933 594 2982 1.
628 2927 684 2980 ln
717 2921 1119 2978 certaminibus,
1150 2933 1267 2988 qmr
1294 2913 1552 2967 adversus
1575 2908 1864 2964 haereticos
1895 2905 2064 2961 susei-

477 3021 717 3092 piuntur,
761 3023 1000 3084 vegetam
1048 3009 1303 3062 adhibere
1351 3015 1586 3058 mentem
1633 3008 1862 3092 oportet,
1907 3009 2065 3092 atque

476 3089 689 3167 assidue
708 3107 759 3161 in
787 3122 846 3160 ea
874 3102 1196 3172 cogitatione
1219 3097 1467 3152 deﬁxam.
1498 3092 1572 3146 lla
1594 3093 1735 3146 enim
1757 3089 2058 3144 disturbare

478 3204 689 3258 illorum
720 3197 936 3251 ordines
961 3191 1279 3264 poterimus,
1309 3196 1361 3242 et
1390 3186 1756 3256 plenissimam
1786 3191 2062 3253 reportare

479 3295 788 3354 victoriam,
837 3288 1042 3342 nullum
1088 3284 1194 3338 illis
1240 3279 1535 3350 respirandi
1581 3277 1810 3348 spatium
1851 3275 2060 3330 dantes.

478 3387 766 3456 Propterea
795 3395 914 3435 cum
941 3377 1099 3432 velim
1127 3389 1223 3428 vos
1253 3389 1318 3427 ex
1344 3371 1636 3441 Scripturis
1657 3369 1720 3424 ad
1760 3367 2062 3438 lmjusmodi

476 3473 768 3533 certamina
796 3472 1085 3532 instruere,
1116 3473 1175 3518 ut
1203 3463 1326 3518 hinc
1353 3463 1514 3517 etiam
1547 3475 1642 3516 eos
1669 3460 1758 3530 qui
1791 3457 2064 3514 contradi—

479 3577 610 3622 cunt
650 3565 1024 3620 obmutescere
1055 3555 1262 3610 faciatis
1291 3571 1304 3608 :
1339 3553 1518 3623 hujus,
1553 3567 1672 3622 qua:
1709 3550 1924 3604 nuncin
1956 3565 2065 3602 ma-

481 3660 636 3714 nibus
662 3664 766 3720 est,
801 3647 1175 3722 diSputationis
1214 3646 1424 3702 initium
1469 3658 1675 3697 smnam
1713 3657 1742 3696 a
1781 3641 1884 3695 ﬁne
1910 3655 2066 3706 supe-

481 3753 522 3804 ιὶ
549 3750 656 3804 iris.
700 3747 834 3814 Quis
881 3752 1061 3798 autem
1101 3749 1218 3795 erat
1259 3739 1348 3793 ille
1380 3736 1550 3790 ﬁnis?
1593 3733 1726 3790 Cum
1765 3733 2068 3801 collegiSset

479 3840 699 3896 .lndaica
726 3835 907 3892 omnia
937 3849 1057 3903 qum
1085 3829 1347 3902 gloriandi
1367 3842 1583 3881 causam
1611 3825 1825 3889 dabant,
1860 3839 1921 3878 ea
1949 3838 2066 3891 qua:

481 3950 510 3986 a
545 3941 750 3992 natura,
800 3942 862 3982 ea
893 3940 1012 3996 qua:
1038 3939 1068 3977 a
1097 3922 1324 3978 consilio
1361 3927 1416 3974 ct
1449 3919 1710 3974 electione
1737 3915 2014 3970 addiderat
2052 3932 2066 3968 :

487 4023 596 4080 Sed
621 4035 734 4092 qute
761 4018 882 4072 mihi
910 4017 1112 4086 {uerunt
1141 4015 1306 4077 lucra,
1337 4010 1443 4066 hac
1469 4009 1697 4063 existimo
1719 4006 2069 4060 detrimentum

483 4130 590 4170 esse
618 4121 823 4184 propter
861 4109 1158 4163 eminentem
1185 4103 1446 4158 scientiam
1473 4099 1601 4153 Jesu
1641 4098 1828 4154 Christi
1861 4097 2072 4152 Domini

487 4208 602 4270 mei,
631 4214 833 4276 propter
861 4218 1008 4272 quem
1035 4198 1205 4253 omnia
1232 4195 1588 4249 detrimentum
1615 4193 1730 4261 feci,
1772 4202 1820 4246 et
1853 4193 2073 4247 arbitror

487 4297 783 4368 quisquilias
823 4310 950 4359 esse,
996 4301 1050 4346 ut
1094 4291 1354 4346 Christum
1410 4288 1750 4357 lucrifacium.
1815 4286 2075 4341 lnsultant

491 4391 593 4443 hoc
620 4389 738 4441 loco
761 4383 1022 4438 haeretici.
1054 4381 1184 4435 Nam
1214 4389 1266 4433 ct
1295 4378 1396 4432 hoc
1418 4377 1695 4446 sapientiae
1717 4388 1798 4431 est
1819 4377 2072 4448 Spiritus,

490 4493 616 4549 spes
645 4477 750 4531 illis
778 4473 1016 4530 victoria}
1044 4471 1382 4536 submittere,
1413 4479 1469 4524 ut
1509 4485 1738 4540 pugnam
1769 4479 2070 4539 capessant.

493 4569 704 4626 Etenim
731 4569 774 4622 si
800 4573 984 4634 aperte
1011 4563 1262 4632 loquutus
1290 4570 1454 4626 esset,
1488 4561 1739 4616 fecissent
1763 4568 1818 4616 et
1843 4559 1896 4614 in
1924 4559 2040 4615 istis
2059 4601 2076 4628 ,

495 4659 636 4730 quod
670 4659 724 4711 in
764 4655 884 4708 aliis
917 4654 1158 4710 fecerunt
1187 4669 1200 4705 :
1233 4652 1552 4707 deleverunt
1586 4650 1728 4706 enim
1763 4651 1964 4718 literas,
1995 4666 2080 4707 re-

499 4752 784 4824 pudiarunt
823 4747 1190 4819 Scripturam,
1231 4761 1352 4798 cum
1403 4745 1662 4799 adversos
1704 4744 1854 4822 illius
1900 4743 2082 4800 radios

498 4847 636 4898 ferre
668 4858 772 4895 non
806 4847 1044 4910 possent.
1075 4836 1180 4892 Sed
1211 4835 1355 4906 quod
1383 4837 1434 4890 in
1471 4835 1704 4903 piscibus
1737 4835 1812 4900 ﬁt,
1846 4845 1901 4889 ut
1930 4835 2080 4903 illud,

500 4937 641 4992 unde
680 4943 801 4988 sunt
851 4932 1118 5000 capiendi,
1159 4943 1262 4984 non
1304 4927 1588 4983 manifesto
1628 4928 1732 4982 illis
1777 4928 2082 4998 obiiciatur,

499 5027 594 5082 sed
648 5025 963 5086 occultetur,
1015 5031 1072 5076 ut
1121 5035 1403 5075 accurrere
1451 5035 1557 5074 non
1600 5021 2006 5086 vereantur;id
2033 5029 2089 5077 et

504 5119 606 5172 hoc
646 5117 763 5172 loeti
791 5113 1005 5178 accidit,
1031 5112 1118 5166 ubi
1147 5126 1176 5164 a
1205 5111 1372 5166 Paulo
1402 5112 1484 5166 lex
1523 5110 1775 5164 damnum
1803 5111 1944 5166 dicta
1981 5123 2086 5167 est.

504 5213 668 5276 Sane,
708 5207 847 5278 quod
894 5205 1091 5261 Paulus
1139 5204 1290 5264 dicit,
1325 5204 1625 5273 huiusmodi
1680 5213 1764 5258 est
1795 5222 1809 5257 :
1839 5204 2090 5275 Quisqui-

506 5304 636 5370 lias,
676 5314 730 5358 et
778 5301 1030 5355 damnum
1085 5299 1256 5369 legem
1310 5307 1506 5351 vocat:
1550 5314 1654 5352 non
1698 5297 1892 5352 licebat
1931 5297 2092 5352 Chri-

504 5403 644 5448 stum
693 5392 923 5455 lucrari,
978 5389 1080 5444 nisi
1135 5390 1272 5443 hanc
1328 5387 1590 5466 damnmq
1632 5397 1922 5456 putassem.
1968 5387 2094 5442 Haec

511 5483 688 5537 omnia
711 5481 954 5536 alliciunt
984 5479 1288 5544 haereticos,
1319 5486 1378 5532 ut
1407 5479 1580 5534 locum
1605 5479 1882 5548 recipiant,
1913 5481 2097 5536 existi-

513 5579 718 5627 mantes
748 5587 844 5640 pro
869 5586 928 5626 se
953 5570 1134 5628 facere
1163 5589 1177 5624 :
1207 5569 1422 5641 quando
1445 5585 1570 5624 vero
1603 5579 1946 5641 receperunt,
1973 5583 2098 5628 tunc

517 5663 638 5717 illos
691 5661 898 5718 retibus
947 5663 1183 5733 undique
1225 5662 1566 5734 constringit.
1619 5663 1757 5730 Quid
1804 5664 1964 5736 igitur
2011 5665 2097 5720 isti

514 5753 700 5808 dicunt
726 5752 1042 5808 insultantes
1069 5753 1144 5825 (α)
1171 5754 1196 5808 ‘i
1219 5755 1296 5809 lin
1323 5755 1404 5808 lex
1437 5764 1521 5810 est
1545 5754 1816 5823 damnum,
1849 5771 1914 5813 en
1957 5756 2105 5828 quis-

577 5842 651 5903 (ιι)
676 5839 967 5891 Manmtueos
982 5843 1256 5904 s‘gmt‘tearc
1280 5841 1489 5892 videtur.

2161 1995 2369 2062 quiliie;
2399 1997 2667 2066 quomodo
2689 2001 2847 2070 igitur
2870 2002 3035 2071 ipsam
3057 2003 3147 2058 Dei
3171 2019 3292 2061 esse
3311 2005 3529 2062 dicitis?
3555 2007 3750 2062 Verum

2164 2084 2279 2141 haec
2308 2089 2486 2141 omnia
2516 2105 2614 2160 pro
2645 2091 2760 2160 lege
2786 2102 2909 2146 sunt
2933 2109 2948 2158 ;
2979 2095 3244 2164 quomodo
3265 2105 3463 2162 autem,
3492 2098 3612 2152 hinc
3633 2113 3752 2168 pcr—

2163 2177 2403 2244 spicuum
2437 2178 2573 2233 ﬁet?
2603 2181 2953 2237 Attendamus
2977 2185 3280 2256 diligenter,
3312 2205 3430 2257 quae
3457 2189 3704 2243 dicuntur
3732 2207 3747 2244 :

2166 2283 2268 2320 non
2299 2267 2451 2335 dixit,
2478 2269 2588 2324 Lex
2617 2281 2697 2326 est
2721 2271 3126 2341 detrimentum,
3150 2278 3243 2331 sed
3273 2279 3439 2346 ipsam
3465 2279 3753 2334 Arbitratus

2163 2376 2274 2412 sum
2303 2359 2654 2437 detrimentum
2685 2380 2703 2417 :
2741 2373 2795 2419 et
2833 2365 2900 2421 de
2943 2367 3090 2422 lucro
3119 2369 3334 2440 quidem
3381 2372 3605 2440 loquens
3647 2386 3751 2425 non

2163 2448 2322 2516 dixit,
2345 2451 2651 2507 Arbitratus
2679 2471 2818 2520 sum,
2851 2457 2967 2524 sed,
3000 2457 3230 2513 Fuerunt
3251 2462 3395 2514 lucra
3427 2463 3534 2517 :de
3553 2463 3751 2517 damno

2165 2551 2340 2596 autem
2387 2543 2539 2611 dixit,
2585 2545 2871 2602 Arbitrafus
2909 2567 3017 2602 sum
3046 2567 3064 2604 :
3093 2553 3304 2605 lliCt‘llO.
3351 2552 3480 2608 Illud
3518 2555 3665 2608 enim
3703 2556 3753 2608 in

2169 2645 2353 2687 natura
2387 2649 2500 2689 erat
2535 2654 2546 2689 :
2581 2637 2679 2691 hoc
2726 2655 2852 2692 vero
2875 2640 2987 2712 jam
3027 2657 3090 2695 ex
3137 2642 3388 2712 opinione
3418 2653 3597 2700 nostra
3630 2660 3751 2715 pro-

2169 2723 2362 2778 fectum
2391 2735 2492 2780 est.
2523 2727 2658 2793 Quid
2690 2730 2845 2798 igitur
2875 2730 2897 2782 ?
2942 2748 3048 2786 non
3081 2742 3162 2787 est
3189 2776 3202 2794 ,
3248 2735 3456 2804 inquit,
3499 2735 3753 2792 danmum

2169 2815 2250 2868 lex
2283 2817 2306 2868 ἶ)
2345 2815 2439 2870 Est
2467 2829 2612 2872 certe
2639 2835 2653 2884 ;
2684 2820 2776 2874 sed
2809 2832 3026 2890 propter
3053 2823 3324 2877 Christum
3361 2843 3373 2878 :
3404 2835 3458 2880 at
3503 2842 3646 2882 nunc
3675 2829 3754 2881 lu-

2169 2924 2317 2963 crum
2351 2909 2484 2965 facta
2516 2919 2614 2964 est.
2656 2911 2772 2966 Non
2807 2915 3090 2980 putabatur
3128 2915 3340 2970 lucrum
3369 2958 3383 2982 ,
3419 2918 3587 2986 inquit
3614 2960 3627 2981 ,
3659 2921 3752 2974 sed

2170 3011 2283 3054 erat
2309 3021 2319 3054 :
2351 3017 2414 3058 ac
2437 3002 2482 3056 si
2518 3003 2720 3058 diceret
2747 3023 2758 3057 :
2789 3006 2970 3073 Cogita
3011 3018 3266 3076 quantum
3294 3007 3476 3074 fuerit,
3509 3007 3756 3065 homines

2169 3091 2420 3148 eﬁ'eratos
2454 3093 2562 3163 jam
2593 3105 2776 3148 natura
2807 3096 2871 3148 ad
2905 3097 3188 3150 humanam
3219 3099 3338 3151 vitae.
3366 3099 3629 3153 rationem
3661 3099 3754 3152 ad-

2168 3183 2409 3238 ducere:
2455 3184 2556 3238 nisi
2605 3186 2688 3240 lex
2738 3185 2963 3252 fuisset,
3015 3204 3187 3258 neque
3230 3191 3390 3244 etiam
3433 3192 3601 3260 gratia
3634 3191 3753 3245 data

2167 3283 2330 3329 esset.
2373 3275 2886 3344 QuareiQuoniam
2939 3280 3114 3348 pontis
3159 3280 3324 3334 instar
3369 3279 3488 3336 fuit.
3543 3281 3754 3335 Etenim

2169 3365 2418 3436 (pict‘tiam
2447 3367 2664 3421 minimc
2695 3367 2774 3423 fas
2799 3380 2913 3422 erat
2936 3371 3002 3424 de
3044 3369 3229 3424 inﬁmo
3265 3373 3381 3428 loco
3405 3376 3455 3426 in
3484 3373 3754 3428 excelsum

2169 3457 2485 3526 ascendere,
2516 3458 2650 3512 facta
2683 3467 2764 3514 est
2789 3459 2951 3513 scala.
3002 3461 3068 3516 Et
3095 3464 3337 3531 quamvis
3379 3478 3482 3516 non
3529 3463 3757 3532 ainpléus

2169 3549 2310 3602 scala
2342 3565 2477 3619 opus
2507 3551 2576 3604 sit
2611 3569 2625 3617 ;
2673 3567 2778 3606 non
2823 3563 3103 3622 propterea
3133 3565 3309 3608 tamen
3355 3554 3495 3609 illam
3531 3561 3753 3626 spernit,

2171 3639 2262 3694 sed
2289 3642 2462 3708 potius
2483 3642 2529 3696 ei
2557 3643 2754 3710 gratias
2782 3642 2960 3698 habet.
2993 3643 3110 3712 lp~a
3132 3646 3274 3698 cnim
3301 3646 3412 3703 fuit.
3444 3662 3562 3716 quae
3596 3646 3744 3700 illtun

2171 3747 2237 3786 co
2267 3731 2581 3799 adduxerit,
2616 3743 2676 3787 ut
2713 3733 2830 3803 ejus
2863 3735 3086 3804 p0sthae
3129 3753 3232 3789 non
3263 3747 3416 3807 egeat
3447 3756 3458 3791 :
3491 3753 3554 3791 ac
3580 3748 3756 3792 tamen

2183 3839 2279 3885 iro
2313 3825 2412 3876 hoc
2445 3825 2580 3894 ipso,
2613 3825 2752 3895 quod
2786 3825 2925 3879 illius
2954 3841 3057 3880 non
3085 3837 3226 3896 eget,
3256 3827 3570 3882 beneﬁcium
3603 3844 3658 3882 se
3682 3828 3756 3882 illi

2173 3915 2368 3970 debere
2418 3915 2608 3970 merito
2656 3917 2894 3972 fatetur:
2931 3918 3047 3972 sine
3095 3919 3180 3972 illa
3223 3920 3363 3974 enim
3417 3935 3524 3980 non
3571 3935 3759 3976 ascen-

2175 4007 2361 4062 disset.
2415 4006 2557 4062 Idem
2603 4007 2670 4062 de
2702 4008 2817 4078 lege
2863 4008 3148 4064 dicendum
3183 4021 3265 4065 est
3297 4027 3312 4062 :
3342 4012 3520 4066 evexit
3563 4027 3659 4065 nos
3708 4011 3760 4064 in

2177 4099 2446 4165 sublime;
2477 4113 2606 4169 ergo
2635 4099 2840 4154 lucrum
2868 4109 2985 4155 crat
3019 4119 3031 4156 :
3064 4101 3156 4157 sed
3179 4102 3288 4172 jam
3315 4103 3483 4174 ipsam
3517 4116 3762 4174 putamus

2177 4187 2452 4242 damumn.
2477 4189 2803 4257 Quomodo?
2839 4190 2953 4245 Non
2980 4193 3230 4262 quoniam
3255 4193 3505 4247 damnum
3536 4204 3637 4252 est.
3670 4193 3762 4248 sed

2179 4279 2428 4348 quo:.iam
2457 4281 2614 4350 longe
2641 4281 2815 4351 potior
2838 4293 2920 4337 est
2945 4283 3133 4352 gratia.
3161 4282 3290 4338 Nam
3316 4285 3764 4354 quemadmodum

2185 4372 2324 4426 fame
2373 4373 2624 4427 laborans
2662 4390 2885 4444 pauper,
2935 4376 3188 4446 quamdiu
3231 4378 3446 4447 quidem
3488 4388 3766 4449 argentum

2183 4461 2364 4530 habet,
2395 4479 2458 4518 eo
2484 4471 2635 4518 arcet
2665 4465 2854 4520 famem
2887 4482 2902 4530 ;
2927 4477 3204 4538 postquam
3248 4484 3376 4524 vero
3403 4485 3590 4525 aurum
3618 4471 3768 4527 inve-

2187 4555 2344 4622 nerit,
2373 4555 2417 4610 si
2443 4563 2726 4626 utrumque
2746 4556 2978 4612 retinere
3001 4575 3104 4613 non
3131 4559 3306 4626 liceat,
3339 4560 3592 4618 damnum
3623 4572 3774 4634 putat

2189 4647 2428 4701 retinere
2462 4657 2742 4716 argentum
2765 4687 2778 4711 ,
2811 4658 2970 4719 atque
2999 4649 3089 4704 illo
3115 4650 3338 4708 dimissi»
3363 4668 3549 4707 aurum
3586 4654 3724 4724 cepit
3757 4671 3770 4708 :

2186 4736 2408 4792 dimittit
2438 4747 2635 4804 autem,
2669 4757 2774 4795 non
2795 4743 2936 4811 quod
2959 4743 3210 4798 damnum
3239 4747 3307 4800 sit
3334 4759 3632 4816 argentum,
3667 4763 3772 4802 non

2189 4833 2331 4886 enim
2363 4841 2468 4897 est,
2517 4833 2611 4887 sed
2643 4835 2896 4904 quoniam
2929 4846 3213 4908 utrumque
3239 4839 3395 4893 simul
3436 4839 3634 4895 habere
3669 4856 3773 4894 non

2191 4924 2338 4980 licet.
2370 4925 2462 4979 sed
2494 4927 2801 4981 necessario
2837 4928 3064 4983 alterum
3094 4938 3176 4984 θοι
3207 4930 3614 5001 relinquendum
3651 4950 3661 4983 :
3705 4933 3776 4986 ita

2192 5026 2244 5066 et
2275 5015 2382 5068 hic.
2425 5014 2537 5069 Non
2570 5017 2728 5086 igitur
2756 5017 2840 5070 lex
2883 5027 2964 5072 est
3001 5019 3404 5088 detrimentum,
3437 5022 3532 5076 sed
3566 5023 3666 5093 legi
3699 5021 3780 5076 in-

2197 5107 2490 5164 hit-rentem
2538 5109 2771 5165 deﬁcere
2801 5125 2828 5163 a
2867 5110 3106 5168 Christo.
3139 5113 3503 5180 Quamobrem
3533 5130 3654 5170 cum
3683 5129 3782 5170 nos

2196 5198 2410 5254 abducit
2441 5215 2468 5254 a
2497 5199 2734 5267 Christo,
2768 5211 2894 5256 tunc
2923 5201 3174 5258 damnum
3204 5213 3288 5260 est
3316 5223 3328 5259 :
3358 5207 3498 5277 quod
3535 5207 3579 5262 si
3611 5207 3783 5262 addu-

2197 5299 2320 5354 cat,
2365 5306 2469 5344 non
2503 5291 2650 5346 item.
2698 5293 2986 5362 Propterea
3027 5295 3228 5366 inquit,
3267 5297 3485 5370 Drapter
3527 5297 3784 5354 Christum

2200 5380 2575 5436 detrimentum.
2607 5382 2661 5438 Si
2697 5394 2912 5452 propter
2951 5383 3222 5442 Christum
3243 5429 3258 5453 ,
3291 5403 3418 5459 ergo
3447 5401 3632 5445 natura
3676 5407 3786 5446 non

2202 5481 2284 5527 est
2312 5472 2715 5526 detrimentum.
2745 5475 2854 5528 Cur
2894 5485 3072 5530 autem
3106 5492 3210 5532 non
3240 5478 3368 5533 sinit
3412 5479 3496 5534 lex
3533 5482 3598 5535 ad
3627 5480 3788 5536 Chri-

2205 5577 2342 5619 stum
2372 5566 2630 5622 accedere
2657 5566 2680 5618 ?
2706 5570 2779 5622 .\c
2804 5583 2935 5623 sane
2961 5569 3027 5623 ad
3055 5569 3176 5636 hoc,
3212 5572 3402 5642 inquit,
3431 5572 3550 5626 data
3583 5573 3788 5629 fuerat:

2208 5657 2484 5728 plenitudo
2511 5659 2654 5712 enim
2683 5658 2816 5729 legis
2842 5660 3109 5726 Christus,
3139 5675 3193 5717 et
3221 5661 3370 5718 Finis
3411 5665 3534 5736 legis
3565 5663 3792 5720 Christus

2210 5747 2386 5816 (Rom.
2422 5750 2509 5804 10.
2545 5751 2620 5820 Δ).
2651 5751 2808 5816 Sinit,
2842 5751 2886 5807 si
2915 5748 3059 5809 dicto
3083 5755 3365 5811 audientes
3395 5771 3516 5812 esse
3545 5757 3794 5811 VCilt'llllS.

2209 5838 2308 5904 Qui
2338 5853 2464 5907 ergo
2493 5839 2590 5908 legi
2625 5840 2826 5905 obcdit,
2861 5842 3028 5913 ipsam
3058 5843 3228 5915 legem
3259 5845 3562 5912 relinquit?
3606 5847 3788 5902 Italia-
