4184 6482
454 380 558 436 265

448 495 588 565 quit,
614 494 659 547 si
681 491 1023 546 attendamus
1049 505 1061 541 :
1091 486 1232 559 quod
1256 487 1299 541 si
1323 486 1544 541 minime
1560 484 1921 549 attendamus,
1942 500 2049 538 non

448 587 599 642 sinit.
640 583 997 638 Verumtamen
1020 589 1066 636 et
1085 580 1319 636 existimo
1343 579 1517 634 omnia
1541 580 1894 665 detrimentoum
1920 594 2045 631 esse.

449 679 591 747 Quid
634 677 776 744 hoc,
821 677 1028 745 inquit,
1070 674 1139 730 de
1166 674 1285 742 lege
1323 672 1487 728 dico?
1526 688 1703 726 nonne
1743 673 1939 726 bonum
1969 680 2051 724 est

449 771 682 828 mundus
710 771 734 824 ἲ
761 785 941 825 nonne
969 768 1170 822 bonum
1203 774 1285 822 est
1315 780 1550 837 prmsens
1581 765 1688 819 vita
1717 764 1740 816 ?
1767 762 2050 818 Verumta-

449 880 573 920 men
602 864 648 920 si
678 862 951 917 abducant
978 876 1011 916 a
1042 860 1275 923 Christo,
1306 874 1405 929 pro
1434 859 1633 913 damno
1678 858 1871 911 habeo.
1902 856 2051 912 Cur?

450 958 675 1027 Propter
704 956 1004 1009 eminentem
1031 954 1293 1007 scientiam
1319 951 1446 1005 Jesu
1475 950 1663 1007 Christi
1694 949 1901 1004 Domini
1928 949 2044 1002 mei.

450 1050 549 1106 Ubi
587 1049 732 1104 enim
773 1049 853 1102 sol
896 1048 1104 1111 illuxit,
1135 1047 1329 1118 lychno
1358 1046 1623 1100 inhaerere
1649 1044 1902 1099 damnum
1942 1051 2043 1098 est.

450 1143 630 1212 Itaque
651 1157 717 1196 cx
739 1140 1031 1195 collatione
1058 1138 1313 1193 damnum
1345 1138 1422 1200 ﬁt,
1448 1138 1702 1191 nimirum
1730 1137 1799 1189 ob
1825 1134 2046 1190 alterius

450 1232 837 1304 praestantiam.
872 1231 1040 1287 Vides
1084 1230 1310 1285 Paulum
1350 1230 1812 1299 comparationem
1846 1226 2043 1281 facere.

450 1326 673 1395 Propter
699 1325 1020 1387 eminentem,
1049 1323 1240 1393 inquit,
1268 1337 1377 1376 non
1396 1321 1537 1392 quod
1556 1321 1785 1375 alterum
1812 1319 2045 1373 alienum

445 1419 517 1474 sit
546 1435 559 1471 :
585 1432 709 1470 nam
741 1414 883 1485 quod
915 1415 1118 1469 eminet
1141 1424 1194 1468 et
1222 1413 1459 1477 excellit,
1495 1413 1545 1466 in
1576 1429 1635 1467 re
1656 1428 1776 1482 quae
1803 1411 2045 1482 ejusdem

444 1510 517 1565 sit
547 1508 764 1580 generis
799 1505 1036 1561 excellit.
1075 1504 1225 1561 Unde
1259 1506 1419 1574 igitur
1465 1520 1560 1574 per
1587 1505 2046 1571 comparationem

446 1600 816 1674 praestantiam
862 1598 1086 1653 alterius
1119 1598 1420 1659 constituit,
1465 1585 1588 1650 inde
1629 1595 1849 1650 alterius
1884 1594 2044 1650 etiam

443 1695 821 1765 cognationem
844 1698 899 1744 et
919 1689 1321 1744 similitmliuem
1344 1688 1664 1759 cognitionis
1687 1689 2043 1743 demonstrat.

446 1787 669 1856 PrOpter
695 1801 841 1855 quem
869 1785 1039 1837 omnia
1066 1782 1423 1836 detrimentum
1444 1782 1560 1851 feci,
1591 1791 1636 1836 et
1663 1782 1884 1835 arbitror
1909 1781 2048 1851 quis-

445 1881 631 1952 quilias
659 1894 787 1946 esse,
821 1887 875 1932 ut
898 1876 1153 1931 Christum
1178 1874 1519 1946 lucrifaciam.
1551 1874 1798 1929 Nondum
1827 1875 2042 1942 quidem

448 1971 790 2028 manifestum
824 1977 908 2025 est
947 1968 1359 2039 quisquiliarum
1403 1983 1600 2022 nomen
1634 1968 1701 2022 de
1736 1968 1854 2038 lege
1890 1968 1993 2022 dici
2027 1986 2039 2020 :

451 2064 744 2121 verisimile
771 2063 915 2117 enim
950 2072 1032 2116 est
1062 2061 1284 2114 Paulum
1317 2059 1385 2115 de
1426 2060 1715 2114 mundanis
1763 2061 1925 2115 rebus
1958 2060 2042 2113 di-

449 2172 594 2213 cere.
622 2155 756 2209 Nam
780 2170 902 2209 cum
927 2152 1171 2215 dixisset,
1202 2152 1331 2217 Qua:
1352 2153 1477 2206 mihi
1505 2156 1714 2223 [uerunt
1743 2153 1908 2219 lucra,
1939 2152 2045 2206 laet:

445 2248 723 2302 arbitratus
751 2261 868 2299 sum
903 2254 1110 2315 propter
1139 2241 1399 2298 Christum
1429 2244 1823 2310 detrimentum,
1854 2243 2041 2309 addit,

456 2339 812 2394 Verumtamen
837 2348 885 2391 et
912 2337 1144 2391 existimo
1174 2336 1344 2389 omnia
1368 2335 1724 2390 detrimentum
1754 2353 1880 2391 esse.
1909 2336 2041 2390 Dum

441 2431 599 2497 dicit,
650 2428 859 2496 Omnia,
915 2429 1178 2500 significat
1218 2437 1273 2482 et
1320 2430 1589 2496 praeterita
1640 2438 1693 2483 et
1733 2431 2039 2498 praesentia.

441 2524 597 2592 Quod
624 2524 670 2579 si
694 2524 826 2579 velis
842 2523 1015 2594 legem
1043 2521 1356 2592 signiﬁcari,
1375 2538 1549 2592 neque
1575 2522 1695 2577 ideo
1717 2531 1893 2576 tamen
1916 2538 2045 2577 cono

442 2617 663 2675 tumelia
689 2614 944 2671 afﬁcitur.
975 2614 1295 2684 Quisquilim
1328 2614 1473 2669 enim
1501 2630 1565 2668 ex
1600 2613 1870 2668 frumento
1900 2614 2043 2669 exsi-

440 2721 621 2777 stunt,
649 2715 707 2764 et
743 2710 890 2779 quod
933 2707 985 2761 itt
1034 2706 1304 2762 frumento
1346 2706 1498 2777 quasi
1546 2706 1817 2761 robusﬁus
1862 2717 1963 2771 est,
1990 2706 2041 2761 id

441 2810 525 2859 est
571 2800 891 2873 quisquilia,
937 2799 1143 2869 paleam
1188 2797 1330 2855 dico.
1360 2798 1543 2869 Itaque
1589 2807 1875 2868 antequam
1927 2797 2039 2853 fru-

440 2903 684 2950 mentum
714 2892 1042 2956 exsisteret,
1084 2891 1230 2945 utilis
1259 2898 1378 2946 erat
1418 2890 1507 2945 illa
1538 2891 1811 2961 palearum
1844 2905 2001 2961 seges
2023 2932 2038 2958 ,

442 2996 494 3040 et
525 3001 626 3039 una
665 2999 786 3039 cum
819 2981 1088 3037 frumento
1120 2983 1287 3052 ipsam
1318 2983 1625 3054 colligimus
1654 3002 1666 3037 :
1695 2983 1836 3052 quod
1879 2982 1923 3037 si
1953 2983 2041 3039 illa

442 3094 549 3131 non
579 3076 787 3142 luisset,
822 3089 998 3144 neque
1027 3073 1131 3129 hoc
1166 3085 1413 3130 exortum
1442 3085 1606 3131 esset.
1632 3075 1705 3130 Ita
1734 3086 1787 3130 et
1816 3078 1867 3130 in
1902 3076 2037 3148 lege.

513 3168 571 3222 2.
614 3167 776 3223 Vides
822 3168 1017 3239 ubique
1061 3183 1168 3221 non
1203 3184 1315 3222 rem
1347 3168 1519 3239 ipsam
1553 3170 1729 3224 vocari
1760 3169 2039 3237 damnum,

440 3261 536 3316 sed
568 3268 789 3331 propter
814 3260 1130 3315 Christum?
1163 3258 1521 3314 Verumtamen
1543 3272 1588 3315 et
1619 3262 1789 3315 omnia
1811 3263 2042 3317 existimo

439 3355 798 3409 detrimentum
827 3369 952 3408 esse.
982 3353 1153 3421 Quam
1204 3353 1274 3408 ob
1316 3369 1533 3410 Causam
1567 3354 1590 3408 ?
1618 3354 1825 3411 Rursus
1850 3397 1865 3420 ,
1900 3356 2039 3410 Pro-

439 3457 552 3518 pter
588 3449 888 3503 eminentem
928 3447 1209 3511 scientiam,
1256 3455 1465 3515 propter
1501 3463 1644 3516 quem
1684 3447 1854 3500 omnia
1883 3447 2042 3501 detri-

440 3550 665 3595 mentum
695 3541 812 3610 [αἱ.
860 3538 1063 3595 Deinde
1093 3539 1357 3610 adjungit,
1399 3538 1587 3594 Omnia
1615 3540 1852 3593 existimo
1880 3539 2040 3593 detri-

439 3643 660 3688 mentum
693 3650 829 3699 esse,
877 3642 931 3686 ut
972 3632 1227 3688 Christum
1271 3632 1613 3705 lucrifaeiam.
1648 3633 1809 3688 Vides
1839 3634 2036 3702 ubique

439 3726 795 3781 inhaerentem
850 3726 1186 3783 ﬁrmamento
1222 3724 1464 3782 Christi?
1492 3741 1592 3781 nec
1635 3742 1860 3797 usquam
1909 3727 2044 3797 pati-

441 3831 528 3874 tur
572 3819 763 3874 nudari
815 3819 989 3890 legem
1024 3835 1085 3873 ac
1128 3820 1336 3890 plagam
1368 3820 1633 3889 accipere,
1676 3820 1770 3875 sed
1810 3819 2045 3889 undique

441 3914 611 3982 ipsam
644 3910 951 3967 munit?Et
998 3913 1228 3965 inveniar
1266 3912 1318 3965 in
1366 3912 1487 3976 illo,
1518 3928 1619 3965 non
1659 3911 1849 3966 habens
1883 3928 2041 3965 meam

434 4004 691 4075 justitiam
728 4019 847 4073 qua:
871 4019 934 4057 ea:
974 4005 1084 4074 tege
1111 4012 1201 4057 est.
1249 4002 1309 4058 Si
1339 4004 1404 4068 is,
1447 4003 1534 4071 qui
1562 4003 1825 4072 justitiam
1876 4004 2041 4059 habe-

444 4097 554 4161 bat,
584 4095 725 4166 quod
768 4111 830 4151 ea
879 4110 989 4166 pra:
1036 4095 1135 4149 hac
1158 4094 1362 4166 justitia
1410 4095 1544 4150 nihil
1589 4106 1755 4162 esset,
1797 4096 1860 4149 ad
1908 4095 2044 4152 hanc

443 4188 722 4253 accurrit;
771 4188 862 4258 qui
904 4188 1105 4242 nullam
1154 4187 1389 4254 habent,
1436 4187 1704 4257 quomodo
1738 4188 2043 4245 uoumulto

451 4284 621 4352 magis
649 4295 933 4335 accurrere
957 4280 1229 4345 debebunt
1256 4280 1278 4334 ?
1310 4281 1371 4335 Et
1412 4289 1558 4335 recte
1588 4280 1745 4347 dixit,
1784 4279 1906 4338 Non
1946 4281 2041 4332 tm-

408 4342 562 4457 ibens
591 4390 755 4429 meam
776 4374 1036 4444 justitiam
1059 4387 1079 4437 ,'
1124 4372 1174 4428 id
1217 4383 1301 4429 est
1341 4388 1448 4427 non
1492 4373 1679 4440 illam,
1722 4389 1881 4443 quam
1912 4374 2041 4427 mihi

414 4466 418 4475 '
443 4466 578 4520 meis
603 4464 876 4520 laboribus
898 4479 962 4519 ac
979 4464 1267 4519 sudoribus
1287 4480 1746 4535 comparaveram,
1767 4464 1859 4521 sed
1882 4481 2041 4536 quam

443 4573 508 4611 ex
553 4556 724 4628 gratia
771 4556 973 4612 inveni.
1014 4556 1070 4610 Si
1106 4557 1266 4628 igitur
1310 4557 1436 4620 ille,
1485 4558 1574 4627 qui
1621 4558 1834 4613 virtutis
1865 4559 2044 4613 ofﬁcia

445 4649 710 4717 obit-erat,
735 4665 799 4705 ex
828 4650 998 4721 gratia
1027 4650 1367 4705 salutemest
1400 4651 1649 4721 adeptus,
1678 4651 1846 4707 multo
1877 4653 2044 4724 magis

441 4758 560 4797 vos.
594 4742 858 4811 Quoniam
887 4742 1030 4798 enim
1065 4743 1356 4797 verisimile
1396 4753 1512 4799 erat
1543 4744 1663 4799 illos
1692 4744 1892 4809 dicere,
1926 4761 2039 4799 ma-

437 4834 617 4905 jorem
645 4849 767 4890 esse
786 4835 1048 4905 justitiam
1072 4851 1190 4904 qua:
1224 4835 1615 4901 ex..laborihus,
1642 4837 1876 4890 ostendit
1905 4836 2044 4901 hanc

444 4941 559 4996 prm
587 4926 677 4980 illa
707 4928 914 4995 paleam
938 4942 1059 4981 esse
1087 4946 1097 4978 :
1132 4928 1333 4996 alioqui
1363 4927 1506 4981 enim
1534 4943 1640 4981 non
1664 4967 1679 4992 ,
1709 4944 1831 4982 cum
1864 4929 1929 4983 ad
1966 4930 2044 4998 ip-

441 5035 559 5075 sam
594 5020 959 5088 pervenisscm
982 5060 996 5083 ,
1040 5036 1101 5074 ea
1133 5018 1374 5089 projecta
1416 5019 1481 5072 ad
1526 5019 1662 5074 hanc
1692 5020 1915 5074 alteram
1955 5036 2045 5093 ae-

440 5111 757 5164 currissem.
792 5110 1202 5176 Qua-namvero
1225 5110 1343 5165 haec
1371 5120 1454 5165 est
1484 5110 1506 5164 ?
1536 5110 1663 5178 Quae
1685 5127 1748 5166 ea:
1778 5111 1880 5178 fide
1907 5111 2044 5176 Dei;

440 5204 495 5258 id
526 5212 609 5258 est
630 5243 643 5264 .
685 5204 803 5258 haec
833 5204 946 5275 ipsa
976 5204 1139 5259 etiam
1167 5219 1196 5258 a
1243 5203 1355 5259 Deo
1384 5204 1508 5259 data
1532 5213 1655 5260 est:
1685 5204 1785 5263 Dei
1816 5213 1899 5260 est
1929 5205 2053 5261 luco.

440 5297 555 5364 ipsa
577 5294 783 5365 justitia
808 5311 823 5359 ;
845 5298 1046 5349 donum
1070 5295 1283 5366 penitus
1314 5296 1407 5350 Dei
1435 5305 1554 5351 est..:
1587 5296 1679 5351 Dei
1702 5306 1880 5353 autem
1903 5296 2043 5351 dona

450 5390 613 5458 longo
641 5387 925 5443 intervallo
955 5387 1283 5445 antecedunt
1312 5388 1591 5443 utilitatem
1622 5388 1885 5443 bonorum
1915 5404 2045 5458 0pc-

444 5497 584 5543 rum,
610 5497 729 5550 qua:
754 5496 822 5535 ex
848 5489 1033 5535 nostro
1060 5480 1238 5537 studio
1265 5480 1503 5551 profecta
1534 5491 1678 5537 sunt.
1704 5481 1841 5548 Quid
1863 5489 2042 5535 autem

441 5583 528 5629 est
574 5574 712 5629 ﬁdes
739 5576 761 5628 ’ἰ
791 5573 860 5629 In
907 5575 1011 5644 ﬁde
1030 5616 1042 5639 ,
1069 5574 1275 5646 inquit,
1309 5577 1378 5630 ad
1418 5576 1818 5647 cognoscendum
1846 5576 1991 5630 illam
2019 5578 2044 5630 ?

447 5667 585 5737 Ergo
616 5681 713 5736 per
751 5666 910 5721 ﬁdem
947 5667 1180 5736 cognitio
1210 5683 1226 5731 ;
1256 5683 1355 5724 nec
1382 5669 1496 5723 sine
1526 5669 1629 5723 ﬁde
1660 5669 1807 5722 illum
1838 5683 2044 5739 cogno-

439 5774 594 5813 scere
613 5756 688 5812 ias
715 5767 816 5813 est.
836 5758 1155 5826 Quomodo?
1182 5759 1283 5813 Per
1314 5761 1479 5829 ipsam
1508 5762 1649 5815 enim
1673 5760 2043 5831 cognoscenda

442 5861 527 5907 est
560 5852 724 5908 virtus
767 5852 1182 5913 resurrectionis
1216 5852 1350 5923 ejus.
1392 5853 1602 5910 Etenim
1635 5871 1751 5925 qum
1789 5870 2038 5923 umquam

1339 371 1666 429 IN'EPIST.
1710 372 1805 428 AD
1848 371 2134 428 l’lllLll‘P.
2176 373 2329 426 CAP.
2377 373 2460 429 ιη.
2509 373 2736 430 llOMlL.
2781 375 2871 431 XI.

3650 379 3755 435 266

2162 484 2496 541 ratiocinatio
2509 490 2956 542 resurrectionem
2979 490 3132 543 nobis
3149 489 3754 558 tletttottstrabit?Nulla,

2159 573 2251 627 sed
2281 576 2394 630 sola
2428 575 2581 632 ﬁdes.
2602 579 2754 644 Quod
2784 581 2826 633 si
2856 579 3057 634 Christi
3087 582 3381 635 secundum
3412 598 3630 637 carnem
3664 600 3753 639 re-

2158 667 2423 720 sorrectio
2465 667 2569 723 fide
2615 672 2977 739 cognoscitur,
3029 674 3301 742 quomodo
3340 675 3618 743 generatio
3664 678 3753 731 llei

2161 754 2321 812 Verbi
2374 761 2862 831 comprehendetur
2916 768 3469 823 ratiocinationilnts?
3522 785 3750 840 genera-

2159 846 2305 902 tione
2349 850 2492 903 enim
2540 853 2715 907 minor
2751 863 2835 909 est
2886 860 3231 912 resurrectio.
3285 858 3443 913 Cur?
3487 861 3786 927 Quoniam.

2159 937 2301 993 illius
2326 941 2544 1009 quidem
2579 945 2745 999 multa
2773 948 3017 1017 exempla
3047 951 3369 1005 exstiterunt
3396 993 3408 1014 ,
3443 955 3751 1020 generatio-
3778 933 3784 957 ⁵

2157 1032 2237 1085 nis
2268 1035 2469 1089 nullum
2506 1054 2518 1091 :
2553 1040 2749 1092 mortui
2788 1039 2930 1094 enim
2974 1041 3122 1095 multi
3166 1055 3582 1099 resurrexerunt
3625 1054 3753 1101 ante

2154 1124 2723 1200 Cltristunt,.quamvis
2764 1142 2883 1202 post
2924 1136 3379 1191 resurrectionem
3411 1154 3598 1195 rursus
3635 1142 3753 1196 obi-

2154 1220 2330 1274 verint
2360 1238 2373 1285 ;
2405 1238 2563 1277 nemo
2593 1236 2770 1279 autem
2804 1242 3055 1297 umquam
3089 1227 3205 1292 fuit,
3235 1245 3392 1300 quem
3423 1231 3574 1303 virgo
3599 1250 3753 1302 paro-

2155 1319 2256 1366 rct.
2283 1312 2421 1383 Ergo
2449 1313 2495 1369 si
2528 1315 2656 1369 illud
2679 1316 2865 1382 etiam,
2893 1318 3036 1389 quod
3060 1329 3180 1373 ortu
3213 1320 3508 1376 secundum
3535 1340 3749 1378 carnem

2155 1404 2310 1458 vilius
2355 1414 2471 1470 est,
2509 1407 2611 1462 ﬁde
2652 1411 3218 1478 comprehendendum
3248 1422 3370 1479 est;
3411 1415 3554 1484 quod
3584 1410 3769 1470 multo

2161 1488 2334 1565 majus
2350 1508 2453 1565 est,
2475 1510 2528 1553 et
2546 1500 2753 1556 inﬁnite
2783 1505 2954 1571 majus
2976 1518 3038 1558 ac
3060 1519 3127 1559 ne
3149 1506 3516 1576 comparabile
3531 1508 3749 1577 quidem

2151 1599 2234 1644 est
2258 1630 2272 1654 ,
2317 1590 2421 1647 hoc
2450 1594 2723 1662 quomodo
2748 1596 3155 1654 ratiocinatione
3180 1602 3702 1669 compreltendemus
3728 1604 3754 1657 τ

2155 1683 2278 1738 llaec
2327 1685 2526 1741 faciunt
2568 1686 2851 1756 justitiam.
2891 1690 3004 1746 Hoc
3043 1692 3186 1747 enim
3239 1704 3453 1763 oportet
3487 1697 3746 1763 credere,

2151 1775 2265 1830 ﬁeri
2299 1777 2537 1846 potuisse
2566 1796 2580 1846 ;
2615 1782 2887 1851 quomodo
2918 1799 3046 1839 vero
3076 1788 3336 1855 potuerit,
3365 1804 3473 1843 non
3496 1789 3605 1860 jam
3650 1807 3748 1860 po-

2151 1876 2255 1922 test
2283 1869 2491 1924 ostendi
2520 1888 2534 1925 :
2566 1886 2637 1927 ex
2681 1873 2783 1928 ﬁde
2819 1875 2962 1930 enim
2996 1877 3054 1931 ﬁt
3095 1886 3154 1932 ut
3183 1894 3359 1933 rerum
3400 1881 3746 1936 melestarum

2148 1962 2296 2018 coire
2322 1965 2634 2022 societatem
2663 1968 2909 2023 velimus.
2945 1970 3265 2038 Quomodo?
3303 1974 3413 2030 Nisi
3457 1976 3600 2031 enim
3629 1993 3749 2031 ere-

2148 2053 2368 2120 damus,
2424 2073 2597 2128 neque
2651 2061 2809 2115 etiam
2865 2063 3003 2117 mala
3056 2067 3360 2134 patiemur;
3403 2069 3507 2123 nisi
3554 2070 3745 2125 creda-

2150 2159 2268 2200 mus
2308 2146 2422 2203 fore
2449 2159 2505 2203 ut
2537 2166 2636 2204 una
2663 2154 2951 2221 patientes,
2984 2156 3145 2211 simul
3176 2158 3337 2213 etiam
3369 2160 3740 2231 regnabimus,

2149 2239 2296 2292 nullo
2345 2251 2498 2308 pacto
2550 2243 2615 2296 ad
2672 2244 2946 2300 subeunda
3003 2250 3342 2305 incommoda
3389 2252 3741 2309 adducemur.

2150 2331 2287 2400 Ergo
2326 2331 2429 2388 fide
2469 2346 2523 2389 et
2550 2339 2825 2406 generatio
2866 2350 2916 2393 et
2968 2345 3295 2397 resurrectio
3325 2345 3746 2415 comprehendi-

2149 2430 2254 2477 tur.
2283 2422 2446 2479 Vides
2476 2442 2580 2480 non
2611 2428 2804 2482 nudam
2839 2432 3034 2501 requiri
3066 2433 3256 2497 fidem,
3288 2436 3384 2491 sed
3412 2452 3532 2493 cum
3562 2441 3749 2509 Operi:

2147 2514 2246 2570 hos
2278 2518 2667 2587 conjunctatn?
2708 2522 2753 2576 ls
2791 2525 2934 2578 enim
2970 2526 3308 2595 potissimum
3356 2530 3528 2585 credit
3560 2547 3742 2586 resur-

2147 2608 2353 2662 rexisse
2380 2610 2655 2666 Christum
2676 2654 2690 2679 ,
2724 2616 2812 2684 qui
2846 2617 3101 2673 similiter
3127 2634 3185 2674 se
3213 2623 3468 2691 periculis
3497 2626 3739 2694 exponit,

2147 2699 2237 2768 qui
2294 2701 2341 2755 ei
2388 2718 2446 2756 se
2493 2702 2545 2757 in
2601 2707 3043 2776 perpessionihus
3104 2715 3309 2766 socium
3365 2716 3570 2783 pra'bet
3621 2737 3632 2770 ε
3688 2720 3741 2772 lit

2144 2791 2286 2846 enim
2317 2795 2499 2851 socius
2525 2798 2572 2852 ei
2600 2800 2689 2869 qui
2720 2802 3051 2869 resurrexit,
3084 2803 3133 2857 ei
3158 2806 3245 2875 qui
3275 2807 3424 2860 vivit.
3451 2807 3740 2878 Propterea

2143 2885 2356 2942 dicebat
2376 2932 2389 2956 ,
2419 2890 2474 2946 9.
2506 2891 2571 2945 Et
2599 2894 2826 2948 inveniar
2846 2897 2898 2950 in
2926 2894 3039 2965 illo,
3064 2914 3167 2952 non
3194 2898 3383 2953 habens
3408 2917 3568 2954 nteant
3582 2903 3744 2973 justi-

2145 2980 2407 3051 tianrqttm
2426 3000 2488 3037 ea:
2507 2985 2616 3057 lege
2635 2997 2728 3052 est,
2761 2989 2853 3042 sed
2881 2989 3025 3044 illam
3049 3006 3163 3061 quin
3186 3008 3249 3046 ea:
3283 2994 3386 3062 ﬁde
3413 3004 3487 3048 est
3517 2994 3708 3049 Christi
3728 3038 3741 3058 ,

2143 3090 2255 3142 qtae
2285 3092 2347 3130 ea:
2375 3076 2481 3131 Deo
2513 3090 2603 3144 est,
2629 3082 2885 3151 justitiam
2906 3084 2958 3136 in
2982 3084 3102 3149 ﬁde,
3138 3085 3225 3140 l0.
3248 3087 3319 3140 ad
3338 3090 3742 3159 cognoscendam

2144 3167 2321 3234 illum,
2352 3180 2403 3224 et
2430 3172 2661 3227 virtutem
2691 3178 3101 3246 resurrectionis,
3140 3189 3187 3233 et
3224 3181 3513 3236 societatem
3542 3187 3743 3254 passio-

2143 3276 2263 3313 num
2294 3262 2454 3327 illius,
2485 3267 2834 3337 conﬁgurutus
2856 3271 3006 3324 morti
3030 3273 3159 3342 ejus,
3188 3274 3274 3328 ll.
3303 3277 3346 3328 si
3365 3291 3464 3346 quo
3485 3279 3636 3333 modo
3658 3298 3743 3334 oc-

2143 3369 2344 3408 curram
2360 3356 2428 3409 ad
2457 3363 2871 3415 resurrectionem
2896 3380 3011 3434 quae
3038 3376 3112 3419 est
3139 3384 3204 3421 ex
3230 3371 3459 3425 mortuis.
3495 3372 3742 3445 Con/igu-

2142 3456 2316 3513 ralus,
2362 3448 2562 3520 inquit,
2608 3456 2762 3508 morti
2802 3457 2946 3526 ejus;
2986 3459 3034 3513 id
3082 3464 3493 3535 est,p:trticeps.
3530 3467 3741 3524 Etenim

2144 3538 2597 3606 quemadmodum
2628 3545 2716 3601 ille
2739 3546 2806 3601 ab
2830 3546 3135 3605 hominibus
3163 3553 3301 3608 male
3331 3567 3584 3625 acceptus
3613 3571 3695 3614 est
3720 3598 3733 3623 ,

2146 3631 2215 3685 ita
2239 3642 2290 3685 et
2314 3648 2414 3703 ego
2439 3652 2452 3688 :
2479 3647 2758 3707 pr0pterea
2781 3639 2938 3707 dixit,
2960 3641 3321 3716 Conﬁguratus
3335 3664 3354 3711 ;
3373 3659 3421 3703 et
3443 3666 3628 3708 rursus
3656 3657 3745 3709 ali-

2142 3722 2217 3785 bi,
2236 3721 2304 3777 Et
2326 3725 2580 3796 ndimpleo
2597 3745 2655 3783 ea
2675 3746 2788 3801 qua:
2803 3732 2981 3788 desunt
2999 3736 3292 3805 passionum
3314 3736 3502 3797 Christi
3518 3744 3571 3797 in
3592 3761 3746 3802 carne

2145 3833 2257 3870 mea
2288 3817 2508 3887 (Coloss.
2541 3823 2591 3876 l.
2623 3822 2737 3895 2t).
2770 3824 2823 3879 ld
2855 3834 2958 3892 est,
2987 3831 3300 3885 vexationes
3327 3843 3377 3887 et
3410 3834 3745 3894 calamitates

2148 3907 2450 3978 hujosmodi
2477 3912 2706 3968 reddunt
2734 3917 3015 3988 imaginem
3043 3921 3327 3991 quamdam
3360 3924 3504 3983 illius
3530 3931 3741 3987 mortis.

2144 3999 2260 4055 Non
2282 4004 2425 4058 enim
2457 4007 2597 4075 quod
2620 4023 2775 4063 suum
2811 4020 2892 4066 est
2930 4016 3225 4083 qumrebat,
3247 4017 3351 4073 sed
3380 4021 3522 4091 quod
3560 4027 3746 4081 multis

2147 4094 2450 4163 prodesset.
2485 4097 2843 4167 Quamobrem
2879 4114 2931 4158 et
2969 4107 3282 4162 vexationes
3311 4119 3365 4163 et
3404 4111 3743 4173 incommoda

2146 4194 2201 4239 et
2222 4188 2480 4258 angustias
2509 4198 2712 4246 tantum
2743 4194 2894 4248 abest
2925 4204 2981 4249 ιιι
3009 4212 3105 4251 nos
3137 4201 3453 4268 perturbare
3479 4205 3741 4274 debeant,

2147 4287 2204 4332 ut
2228 4280 2403 4348 potius
2426 4281 2550 4337 inde
2579 4285 2867 4340 laetandum
2891 4288 2979 4353 sit,
3017 4290 3158 4360 quod
3183 4307 3279 4362 per
3300 4293 3414 4349 hate
3438 4298 3744 4358 conformes

2144 4370 2421 4426 reddimur
2447 4374 2605 4428 morti
2629 4375 2746 4444 ejus
2778 4396 2786 4426 :
2826 4380 3043 4447 periodo
3072 4397 3131 4435 ac
3156 4384 3203 4437 si
3229 4383 3455 4455 diceret,
3491 4390 3569 4444 Ad
3602 4391 3746 4448 illius

2146 4463 2551 4520 similitudinem
2602 4468 2895 4538 liugiutur:
2944 4473 3088 4541 quod
3140 4485 3195 4529 et
3241 4476 3367 4532 alibi
3416 4480 3622 4552 inquit,
3675 4486 3746 4541 ita

2148 4557 2412 4624 scribens,
2446 4557 2893 4629 Morti/irationem
2924 4562 3135 4620 Domini
3161 4567 3287 4623 Jesu
3322 4571 3373 4625 in
3402 4589 3615 4644 corpore
3644 4579 3741 4631 (ir.

2146 4655 2479 4720 cutnferentes
2525 4653 2611 4723 (2.
2644 4652 2764 4709 Cor.
2800 4657 2853 4711 4.
2892 4658 3002 4727 10).
3036 4659 3089 4714 ld
3128 4677 3256 4718 vero
3303 4679 3367 4720 ex
3412 4684 3601 4739 magna
3647 4674 3747 4729 ﬁde

2148 4745 2224 4797 ﬁt.
2255 4742 2366 4799 Non
2391 4745 2533 4799 enim
2558 4748 2732 4802 solum
2757 4752 3119 4809 resurrexisse
3145 4755 3437 4822 credimus,
3463 4762 3556 4816 sed
3585 4765 3746 4820 etiam

2149 4845 2268 4905 post
2297 4840 2749 4894 rosuri-eetiouem
2779 4841 2974 4897 habere
3002 4861 3247 4914 magnam
3278 4854 3589 4915 potentium.
3619 4856 3722 4911 Pro

2148 4938 2329 4997 pterea
2357 4930 2545 4984 eadem
2579 4932 2657 4984 via
2690 4931 2791 4987 iter
2821 4933 3044 4989 facimus
3064 4978 3077 5000 ,
3109 4953 3212 5007 qua
3242 4939 3333 4996 ille
3363 4960 3377 4992 :
3412 4944 3463 4998 id
3495 4954 3614 5013 est,
3648 4948 3748 5007 hac.

2148 5019 2309 5074 etiam
2338 5036 2403 5075 ex
2437 5031 2588 5090 parte
2618 5022 2811 5077 fratres
2841 5024 3319 5086 illiuchﬁciutur:
3350 5036 3575 5103 perinde
3603 5055 3667 5096 ac
3694 5043 3737 5095 si

2149 5112 2376 5179 diceret,
2407 5114 2483 5168 Ex
2533 5113 2633 5169 hac
2672 5131 2729 5170 re
2762 5116 3029 5173 efﬁcimur
3055 5119 3243 5176 christi
3275 5125 3513 5194 quidam.
3547 5130 3742 5203 Papre!

2147 5215 2342 5275 quanta
2366 5218 2448 5261 est
2469 5222 2830 5263 mrumnarum
2855 5209 3116 5281 dignitas!
3141 5213 3420 5271 Credimus
3442 5223 3747 5284 conformcs

2148 5313 2247 5353 nos
2265 5298 2378 5353 ﬁeri
2400 5299 2553 5353 morti
2583 5300 2700 5369 ejus
2714 5318 2817 5369 per
2837 5319 3124 5361 aerumnas.
3142 5306 3274 5363 Nam
3297 5315 3748 5381 quemadmodum

2149 5390 2200 5444 in
2226 5389 2825 5464 baptismo,Cousepulti
2846 5412 3024 5453 sumus
3043 5399 3367 5457 similitudini
3394 5409 3569 5463 mortis
3597 5412 3705 5481 eius
3731 5427 3750 5467 :

2150 5485 2220 5539 ita
2250 5485 2336 5541 hie
2363 5486 2539 5541 eidem
2582 5489 2742 5542 morti
2771 5489 3079 5547 eonformes
3118 5494 3414 5552 reddimur.
3450 5500 3524 5556 lbi
3557 5506 3751 5562 merito

2150 5577 2319 5641 dixit,
2351 5578 2696 5632 Similitudini
2727 5582 2902 5635 mortis
2930 5585 3079 5653 ejus;
3108 5601 3213 5640 non
3236 5587 3378 5642 enim
3406 5600 3570 5648 lotam
3601 5611 3749 5651 mor-

2153 5679 2265 5724 tem
2292 5670 2593 5735 obivimus;
2628 5686 2735 5726 non
2759 5674 2901 5727 enim
2929 5688 3158 5743 corpore
3184 5687 3238 5732 et
3264 5694 3425 5737 carne
3452 5689 3648 5741 mortui
3672 5705 3754 5742 su-

2152 5779 2293 5830 mus,
2324 5764 2416 5819 sed
2448 5773 2685 5833 peccato.
2721 5765 2982 5832 Quoniam
3013 5769 3174 5839 igitur
3200 5787 3345 5827 mors
3371 5778 3652 5848 utrobique
3677 5781 3751 5839 di-

2151 5854 2312 5922 citur,
2339 5853 2434 5910 sed
2457 5854 2546 5910 ille
2566 5855 2784 5925 quidem
2808 5869 3035 5927 corpore
3057 5871 3302 5920 mortuus
3324 5877 3423 5931 est,
3451 5883 3550 5925 nos
3572 5875 3748 5920 autem
