4184 6510
443 381 541 431 ﬁt?

462 417 504 431 ,.

462 417 504 431 ρει

445 506 697 565 peccato;
731 503 784 550 ct
816 494 921 549 illic
948 491 1111 547 homo
1141 498 1386 544 mortuus
1418 496 1534 550 est,
1577 498 1737 555 quem
1786 482 1899 551 ipse
1944 493 2034 533 as-

447 594 774 656 sutnpserat,
797 585 886 655 qui
912 584 963 637 in
985 596 1215 651 corpore
1237 589 1422 634 nostro
1450 577 1581 641 fuit;
1614 576 1699 629 hic
1723 587 1851 628 vero
1875 570 2036 625 homo

445 677 698 750 precati:
745 681 1027 745 propterea
1076 672 1147 725 ibi
1185 669 1401 741 quidem
1448 667 1649 738 inquit,
1697 660 2035 720 Similitudini

447 769 623 822 mortis
648 768 791 837 ejus;
824 764 912 819 hic
932 777 1060 819 vero
1081 776 1184 817 non
1204 760 1315 831 jam
1343 755 1676 814 similitudini
1704 752 1911 818 mortis,
1941 750 2034 805 sed

447 861 662 930 ipsimet
691 858 869 913 morti.

522 953 576 1007 5.
621 950 814 1005 Paulus
849 948 992 1004 enim
1036 948 1088 1002 in
1119 943 1494 1001 vexationibus
1534 958 1640 998 non
1674 942 1783 1012 jam
1817 945 2038 1009 peccato

451 1055 691 1099 niortuus
720 1054 824 1107 eat,
856 1041 953 1096 sed
983 1041 1099 1110 ipse
1119 1052 1347 1109 corpore
1374 1053 1390 1093 :
1419 1036 1766 1107 quamobrem
1794 1030 2037 1086 eamdem

450 1137 616 1193 subiit
646 1144 894 1189 mortem.
927 1133 987 1189 Si
1014 1149 1114 1203 quo
1144 1131 1294 1185 modo
1324 1144 1609 1192 occurram,
1644 1124 1831 1194 inquit,
1862 1121 1931 1174 ad
1955 1135 2036 1173 re—

448 1230 832 1291 surrectionem,
860 1242 973 1296 qua:
1018 1234 1090 1279 est
1129 1240 1193 1278 ex
1238 1221 1467 1281 mortuis.
1512 1217 1649 1284 Quid
1691 1215 1811 1271 ais?
1853 1226 2040 1268 omnes

448 1321 597 1379 enim
628 1320 694 1375 ad
724 1320 882 1376 istam
912 1316 1230 1386 perveniunt
1263 1331 1275 1367 :
1309 1327 1454 1377 nam,
1490 1309 1611 1363 Non
1645 1323 1817 1361 omnes
1837 1303 2039 1374 quidem

449 1414 780 1475 dorutientus,
813 1408 1004 1479 inquit,
1043 1406 1133 1461 sed
1174 1420 1347 1459 omnes
1387 1400 1766 1456 immutabimur
1807 1394 1881 1467 (ἱ.
1917 1392 2037 1449 Cor.

450 1506 539 1561 15.
576 1504 702 1574 51);
734 1516 906 1572 neque
942 1496 1356 1555 resurrectionis
1383 1494 1558 1549 solum
1595 1504 1786 1545 omnes
1822 1487 2040 1560 partici-

450 1611 549 1666 pes
574 1594 798 1657 erimus,
832 1591 926 1647 sed
960 1591 1121 1646 etiam
1164 1586 1604 1652 immortalitatis,
1642 1584 1694 1639 hi
1723 1583 1937 1654 quidem
1973 1580 2041 1635 ad
2080 1657 2085 1662 .

451 1689 733 1748 honorem,
786 1684 837 1739 hi
882 1699 1010 1739 vero
1043 1680 1108 1737 ad
1139 1680 1473 1736 occasionem
1511 1677 1775 1749 supplicii.
1820 1676 1961 1745 Ergo
1997 1673 2040 1728 si

452 1793 643 1833 omnes
701 1776 768 1831 ad
826 1772 1277 1837 resurrectionem
1336 1770 1687 1841 perveniunt,
1746 1781 1919 1837 neque
1975 1764 2042 1819 ad

450 1867 903 1926 resurrectionem
958 1866 1130 1922 solum
1160 1908 1175 1932 ,
1229 1863 1324 1921 sed
1378 1863 1539 1918 etiam
1605 1860 1673 1915 ad
1724 1857 2044 1914 immortali-

456 1970 657 2026 tatem,
711 1958 983 2030 quomodo
1041 1967 1309 2026 tamquam
1364 1954 1454 2025 qui
1508 1952 1834 2023 prmcipuum
1887 1948 2044 2020 quid-

454 2053 597 2124 piam
627 2050 920 2121 adepturus
953 2062 1124 2114 esses,
1169 2046 1410 2121 dicebas,
1450 2044 1511 2100 Si
1536 2060 1635 2113 quo
1684 2043 1834 2097 modo
1871 2056 2049 2095 occur-

455 2145 611 2200 ram?
650 2144 964 2215 Propterea,
1006 2141 1198 2211 inquit.
1254 2141 1370 2193 huic
1420 2136 1609 2198 subeo.
1640 2134 1702 2190 Si
1754 2149 1853 2203 quo
1897 2130 2047 2186 modo

455 2250 718 2299 occurram
742 2233 810 2288 ad
838 2231 1276 2290 resurrectionem.
1305 2243 1418 2298 quae
1447 2236 1518 2281 est
1559 2242 1621 2280 ea:
1650 2224 1863 2278 mortuis
1896 2238 1915 2278 .'
1945 2222 2045 2276 nisi

455 2328 600 2383 enim
630 2333 873 2381 mortuus
904 2321 1090 2385 fueris,
1123 2336 1229 2375 non
1265 2333 1537 2388 resurges.
1569 2315 1705 2384 Quid
1749 2315 1909 2385 igitur
1946 2313 2050 2367 hoc

458 2418 585 2495 est?
633 2416 853 2473 Videtur
896 2429 1148 2485 maguum
1191 2411 1446 2482 quiddam
1494 2409 1596 2463 hoc
1643 2410 1764 2463 loco
1805 2404 2048 2461 subindi-

461 2526 586 2567 care
617 2526 630 2562 :
664 2507 798 2562 adeo
824 2507 968 2561 enim
1001 2518 1252 2575 magnum
1281 2514 1414 2567 erat,
1456 2510 1511 2555 ut
1541 2515 1715 2570 neque
1742 2511 2052 2553 asseverare

459 2614 623 2656 ausus
659 2598 841 2665 fuerit,
875 2596 970 2652 sed
1002 2604 1209 2650 tantum
1248 2594 1457 2662 inquit:
1492 2591 1551 2645 Si
1591 2608 1689 2662 quo
1718 2590 1885 2643 modo.
1922 2588 2052 2643 Cre-

459 2691 569 2747 didi
624 2691 675 2745 in
722 2690 918 2759 ipsum,
949 2695 1001 2742 et
1051 2685 1220 2755 ipsius
1266 2683 1755 2747 resurrectionem;
1796 2688 2053 2751 prmterea

460 2791 683 2854 propter
734 2781 905 2851 ipsum
961 2778 1182 2849 patior:
1217 2790 1318 2830 nec
1376 2784 1554 2829 tamen
1608 2773 1783 2828 adhuc
1835 2786 2052 2842 possum

463 2876 685 2932 omnino
730 2871 1005 2937 confidere
1054 2870 1188 2934 fore,
1236 2880 1293 2924 ut
1342 2880 1705 2937 rrsurgamus.
1740 2866 1907 2931 Quam
1954 2863 2056 2918 hoc

462 2967 583 3023 loco
611 2934 1066 3021 resurrectionem
1097 2962 1266 3017 dicit?
1310 2961 1464 3026 Eam,
1492 2934 1612 3030 qua:
1654 2957 1720 3012 ad
1757 2959 1930 3027 ipsum
1958 2954 2057 3009 du-

464 3057 539 3116 cit
562 3055 856 3113 Cbrismm.
902 3054 1069 3120 Dixit,
1106 3051 1322 3108 Credidi
1362 3052 1414 3105 in
1462 3065 1586 3105 eum
1640 3058 1694 3104 et
1742 3046 1927 3101 virtuti
1970 3060 2058 3100 re-

465 3149 816 3206 surrectionis
872 3147 1009 3217 ejus,
1060 3154 1115 3202 et
1168 3145 1373 3201 socium
1428 3158 1516 3198 me
1568 3156 1690 3198 esse
1747 3140 2058 3211 passionum

471 3254 730 3307 suarum,
773 3239 1275 3310 conﬁguratumque
1315 3250 1402 3291 me
1438 3249 1559 3290 esse
1591 3233 1747 3289 morti
1782 3233 1930 3303 ejus;
1964 3246 2055 3286 ve-

469 3343 774 3391 rumtamen
821 3341 942 3403 post
988 3329 1104 3384 ha-c
1148 3328 1326 3382 omnia
1380 3326 1614 3382 nondum
1664 3324 1876 3395 penitus
1924 3337 2059 3378 con-

470 3426 579 3489 fido
609 3444 623 3480 :
654 3424 800 3497 quod
828 3424 956 3479 alibi
1002 3422 1153 3487 dixit,
1204 3421 1304 3489 Qui
1334 3436 1386 3474 se
1416 3420 1669 3474 existimat
1710 3426 1862 3483 stare,
1895 3416 2062 3471 videat

470 3534 535 3572 ne
554 3516 705 3572 cadat
740 3515 814 3588 (ι.
844 3512 964 3569 Cor.
1004 3511 1089 3568 10.
1123 3511 1251 3581 12);
1282 3519 1336 3566 et
1365 3522 1572 3572 rursus,
1604 3505 1779 3562 Timeo
1818 3522 1881 3561 ne
1906 3508 2059 3576 forte,

470 3626 585 3665 cum
618 3608 735 3663 aliis
781 3604 1185 3677 pra’dicauerim,
1217 3604 1327 3672 ipse
1353 3600 1596 3670 reprobus
1624 3599 1810 3669 eﬂiciar
1836 3597 1911 3669 (i.
1939 3594 2059 3651 Cor.

402 3741 411 3749 -
470 3704 527 3759 9.
551 3701 669 3772 27).
692 3699 778 3755 12.
815 3696 941 3751 Non
955 3696 1088 3767 quod
1106 3697 1221 3766 jam
1248 3695 1547 3764 acceperim,
1574 3701 1660 3745 aut
1676 3691 1791 3761 jam
1816 3688 2065 3759 perfectus

470 3794 568 3851 sim
597 3808 616 3846 :
643 3806 826 3859 sequor
858 3798 1049 3853 autem,
1085 3787 1129 3841 si
1172 3803 1271 3855 quo
1314 3785 1463 3839 modo
1507 3780 1969 3846 comprehendam,
2012 3779 2065 3833 in

472 3903 573 3959 quo
618 3892 662 3940 et
702 3882 1093 3953 comprehensus
1129 3896 1241 3934 sum
1278 3895 1309 3932 tt
1350 3877 1551 3932 Christo
1585 3874 1733 3930 Jesu.
1770 3871 1891 3927 Non
1928 3871 2066 3943 quod

468 3981 586 4051 jam
624 3976 925 4046 acceperim.
959 3972 1095 4040 Quid
1129 3980 1231 4037 est,
1272 3969 1396 4025 lam
1439 3966 1762 4035 acceperim?
1792 3964 2063 4030 Bravium,

479 4070 675 4140 inquit.
713 4066 888 4135 Quod,
928 4065 973 4121 si
1004 4064 1095 4134 qui
1128 4071 1272 4119 tanta
1306 4074 1592 4132 perpessus
1628 4058 1822 4126 fuerat,
1851 4058 1941 4128 qui
1970 4071 2064 4112 ve-

477 4161 726 4228 xabatur,
764 4158 854 4229 qui
903 4154 1373 4212 mortiﬁcationem
1416 4150 1668 4217 habebat,
1711 4149 1948 4206 nondum
2000 4148 2069 4204 de

477 4250 874 4309 resurrecuone
914 4248 1008 4302 ilia
1058 4245 1282 4309 fidenti,
1330 4251 1386 4298 et
1431 4255 1627 4299 securo
1680 4241 1860 4296 animo
1906 4247 2066 4295 erat:

478 4342 607 4414 quid
637 4340 850 4396 tandem
888 4337 1129 4394 dicemus
1162 4335 1293 4391 nos?
1332 4333 1467 4403 Quid
1504 4341 1609 4401 est,
1645 4331 1708 4388 Si
1742 4332 2071 4404 comprehen-

481 4436 601 4499 «tam
620 4434 653 4487 ?-
671 4431 823 4500 Quod
863 4438 1017 4484 antea
1058 4427 1290 4492 dixerat,
1343 4425 1405 4481 Si
1442 4441 1706 4480 occurram
1743 4425 1796 4479 in
1842 4439 2068 4479 resurre-

482 4526 723 4589 ctionem,
752 4539 865 4591 qua:
893 4530 965 4576 est
1002 4536 1065 4575 ea:
1102 4519 1331 4574 mortuis.
1370 4517 1427 4574 Si
1463 4515 1938 4588 comprehendam,
1984 4515 2070 4570 in-

479 4618 615 4688 quit,
666 4630 729 4671 ac
770 4623 978 4669 teneam
1035 4610 1204 4682 ipsius
1248 4609 1731 4671 resurrectionem;
1777 4607 1829 4663 id
1876 4616 1980 4675 est,
2025 4609 2071 4662 si

482 4716 631 4764 tanta
674 4705 813 4777 pati,
843 4704 887 4761 si
930 4707 1100 4775 ipsum
1155 4701 1351 4756 imitari
1404 4709 1646 4770 potuero,
1695 4698 1740 4754 si
1779 4697 2074 4753 conformis

481 4800 584 4872 ipsi
626 4799 739 4856 ﬁeri
788 4816 800 4851 :
843 4794 1294 4869 quemadmodum
1339 4793 1505 4848 multa
1548 4804 1739 4862 passus
1778 4799 1862 4845 est
1910 4789 2070 4846 Chri-

479 4873 617 4959 stus,
647 4891 819 4962 sputis
848 4889 1078 4951 [sedatus
1121 4896 1224 4953 est,
1265 4886 1436 4957 alapis
1479 4894 1532 4940 et
1572 4883 1736 4955 virgis
1774 4897 1969 4947 etesus,
2009 4895 2074 4936 ac

484 4985 703 5041 demum
743 4991 973 5041 mortem
1005 4980 1187 5035 subiit.
1226 4978 1351 5034 Hoc
1395 4975 1625 5032 stadium
1673 4981 1793 5029 est:
1824 4989 1922 5044 per
1958 4973 2075 5028 huic

484 5076 673 5137 omnia
701 5089 836 5145 opus
885 5082 969 5128 est
1012 5072 1080 5126 ad
1125 5071 1267 5126 illius
1306 5068 1763 5125 resurrectionem
1805 5080 1903 5122 vos
1944 5081 2072 5137 per-

482 5169 675 5225 venire
708 5165 893 5222 omnia
918 5164 1211 5219 certamina
1250 5160 1606 5231 perferentes.
1647 5159 1741 5215 Vel
1785 5160 1946 5231 igitur
1971 5157 2077 5215 hoc

483 5258 585 5314 sibi
628 5256 761 5323 vult,
802 5255 885 5310 vel
926 5253 1112 5311 istud:
1145 5252 1202 5307 Si
1252 5251 1446 5322 dignus
1475 5250 1650 5314 fuero,
1687 5250 1778 5321 qui
1814 5263 2076 5319 assequar

485 5350 764 5418 probatam
800 5348 952 5402 illam
975 5343 1427 5401 resurrectionem
1467 5357 1532 5398 ac
1571 5341 1807 5397 ﬁdentiaa
1836 5340 2071 5411 plenam,

489 5438 556 5494 ad
607 5439 775 5508 ipsius
817 5436 1273 5493 resurrectionem
1313 5433 1646 5505 perveniam.
1688 5432 1818 5486 Nam
1873 5431 1918 5485 si
1959 5446 2083 5489 eer-.

490 5530 713 5595 tamina,
769 5531 814 5584 si
865 5530 1078 5586 labores
1116 5541 1305 5584 omnes
1354 5525 1591 5597 perferre
1634 5533 1882 5594 potuero,
1932 5523 2076 5587 illius

490 5633 703 5689 quoque
738 5620 1185 5674 resurrectionem
1223 5616 1436 5687 assequi
1475 5624 1685 5687 potero,
1718 5625 1770 5671 et
1802 5630 1923 5671 cum
1965 5614 2084 5686 glo-.

439 5767 443 5770 ,
488 5708 569 5764 ria
613 5721 915 5776 resurgere.
961 5707 1208 5764 Nondum
1251 5706 1413 5773 enim,
1454 5706 1648 5777 inquit,
1695 5705 1889 5776 dignus
1931 5720 2071 5771 sum,

487 5798 690 5869 Sequor
736 5805 922 5863 autem,
964 5799 1007 5851 si
1052 5813 1146 5870 quo
1190 5795 1340 5852 modo
1382 5795 1828 5875 comprehendam.
1880 5794 2067 5855 Adhuc

1280 369 1336 425 S.
1365 365 1643 425 JOANNIS
1683 358 2154 417 CHRYSOSTOMI
2193 358 2506 415 ARCIIIEP.
2547 359 3077 418 CONSTANTINOP.

3626 365 3731 425 268

2144 476 2274 533 mihi
2324 476 2429 532 vita
2486 480 2538 533 in
2591 479 2889 534 certamine
2943 490 3210 545 versatur,
3266 479 3442 536 adhuc
3500 498 3528 536 a
3587 498 3729 541 meta

2144 571 2301 640 longe
2335 571 2544 636 absum,
2592 571 2771 626 adhuc
2805 586 2835 624 a
2876 571 3075 626 braviis
3113 572 3276 637 diSiO,
3324 573 3501 629 adhuc
3544 589 3728 645 curro,

2142 663 2318 718 adhuc
2355 678 2570 733 sequor.
2622 664 2687 717 Et
2735 679 2842 717 non
2883 663 3040 730 dixit,
3092 662 3282 729 Curro,
3323 665 3438 728 sed,
3484 665 3730 736 Sequor:

2145 768 2208 808 ac
2261 755 2471 808 merito.
2522 754 2653 808 Nam
2702 754 2791 824 qui
2848 755 3204 825 persequitur,
3259 756 3429 809 nostis
3476 767 3729 827 quantum

2144 845 2546 900 contentionem
2593 847 2644 898 in
2692 846 2950 899 sectando
2995 845 3290 900 adhibeat:
3325 848 3595 902 nemiuem
3647 848 3731 903 in-

2147 944 2346 1002 tuetur,
2380 951 2569 991 onmes
2612 937 2700 1005 qui
2740 951 2954 991 cursum
2987 936 3128 989 illius
3169 938 3586 1007 interrumpunt,
3621 955 3735 994 ma-

2145 1042 2250 1099 gno
2288 1027 2489 1097 impetu
2521 1029 2798 1098 propellit;
2842 1036 2897 1083 et
2931 1036 3164 1082 mentem
3195 1038 3250 1083 et
3278 1030 3467 1084 oeulos
3499 1043 3552 1084 et
3583 1032 3729 1087 vires

2145 1126 2202 1172 et
2255 1118 2488 1172 animam
2547 1131 2603 1173 ct
2654 1133 2851 1188 corpus
2902 1119 3204 1183 contrahit,
3259 1121 3434 1175 solum
3491 1123 3734 1179 hruvium

2148 1219 2420 1279 spectans.
2455 1210 2606 1277 Quod
2646 1211 2689 1263 si
2734 1211 2931 1265 Paulus
2974 1220 3153 1266 tantus
3196 1221 3433 1267 sectator
3476 1228 3538 1266 ac
3589 1222 3734 1269 tanta

2148 1317 2358 1372 passus,
2392 1302 2565 1356 adhuc
2600 1304 2792 1373 inquit,
2843 1304 2903 1359 Si
2946 1321 3043 1374 quo
3092 1306 3243 1358 modo
3284 1307 3732 1376 comprehendam,

2147 1392 2272 1463 quid
2315 1393 2558 1450 dicemus
2600 1411 2696 1449 nos
2748 1398 2835 1464 qui
2882 1396 3249 1451 concidimus?
3297 1397 3501 1453 Deinde
3549 1410 3735 1453 osten-

2148 1487 2282 1543 dens
2334 1490 2573 1544 debitum
2622 1490 2723 1545 hoc
2766 1507 2908 1555 esse,
2959 1492 3149 1560 inquit,
3195 1492 3258 1544 In
3293 1508 3392 1561 quo
3434 1504 3477 1546 et
3515 1510 3738 1563 compre—

2150 1582 2336 1636 [tensus
2379 1599 2491 1636 sum
2521 1599 2552 1635 a
2581 1581 2703 1636 Jcsu
2733 1582 2955 1638 Christo.
3008 1584 3189 1647 liram,
3225 1584 3413 1654 inquit,
3450 1600 3514 1639 ex
3562 1586 3740 1655 perdi-

2151 1681 2325 1727 torum
2359 1688 2606 1739 numero;
2638 1674 2965 1735 suffiit-altar,
3001 1674 3331 1742 pereundum
3360 1675 3491 1729 mihi
3521 1678 3740 1730 ninnino

2150 1774 2301 1831 erat;
2352 1765 2763 1835 comprehendit
2823 1781 2907 1820 me
2961 1766 3101 1819 Deus
3145 1783 3156 1818 :
3202 1782 3322 1819 nam
3373 1776 3428 1822 et
3478 1768 3592 1836 ipse
3644 1774 3741 1822 nos

2152 1867 2389 1916 sectatus
2436 1870 2517 1915 est
2576 1859 2837 1929 fugientes
2898 1861 3073 1928 ipsum
3128 1874 3321 1929 magno
3373 1874 3493 1914 cum
3541 1861 3736 1915 studio.

2154 1951 2258 2008 Per
2292 1952 2395 2007 hoc
2428 1951 2606 2006 omnia
2640 1950 2757 2006 lucc
2785 1950 2984 2004 indicat
3017 1968 3028 2003 :
3062 1949 3147 2005 his
3178 1950 3321 2005 enim
3362 1950 3560 2016 verbis,
3590 1953 3742 2005 (.‘om-

2155 2044 2432 2115 prehcnsus
2474 2059 2607 2108 sum,
2656 2052 2711 2097 et
2765 2041 3002 2097 studium
3053 2043 3147 2097 Dei
3197 2042 3589 2097 demonstravit
3647 2060 3744 2099 nos

2154 2133 2616 2204 comprehendere
2667 2134 2927 2194 vtilentis.
2987 2143 3042 2187 et
3096 2141 3338 2188 no~trum
3394 2133 3743 2205 long'nqtnnn

2158 2240 2430 2281 recessum
2463 2235 2625 2296 atque
2665 2225 3016 2290 errationem,
3054 2241 3261 2296 nosque
3300 2227 3518 2280 omnino
3548 2227 3614 2281 ab
3657 2228 3747 2281 illo

2156 2317 2415 2387 refugisse
2458 2316 2715 2373 ostendit.

2230 2409 2283 2463 5.
2326 2407 2686 2476 Quamobrem
2731 2423 2853 2463 cum
2900 2408 3031 2463 illud
3084 2410 3338 2480 lacrymis
3382 2408 3599 2479 dignum
3631 2418 3745 2473 est,

2157 2516 2346 2557 omnes
2387 2501 2453 2556 ad
2500 2501 2787 2572 pristinum
2829 2511 3026 2556 statum
3074 2503 3276 2568 relabi;
3322 2512 3432 2557 tum
3477 2518 3608 2557 vero
3647 2503 3751 2558 hoc

2158 2593 2342 2658 etiam,
2371 2608 2493 2648 cum
2534 2606 2729 2661 magno
2771 2591 2939 2646 simus
2975 2592 3158 2647 debito
3201 2592 3443 2656 obnoxii,
3479 2594 3749 2648 neminem

2162 2694 2337 2740 tamen
2392 2685 2595 2755 lugere,
2646 2685 2914 2740 neminem
2962 2686 3267 2757 lacrymari,
3325 2687 3599 2741 neminem
3658 2703 3751 2741 su-

2159 2777 2388 2848 spirare.
2428 2778 2508 2831 Ac
2538 2793 2607 2832 ne
2638 2788 2792 2847 putes
2823 2778 3025 2832 ironice
3053 2778 3241 2831 isthmc
3277 2792 3305 2830 a
3339 2793 3425 2831 me
3460 2777 3585 2832 dici.
3621 2778 3752 2832 Nam

2159 2868 2609 2941 quemadmodum
2643 2878 2766 2925 ante
2793 2868 2988 2923 Christi
3031 2867 3319 2923 adventum
3361 2883 3390 2922 a
3435 2869 3545 2924 Deo
3585 2869 3751 2939 fugie-

2164 2962 2379 3029 bamus,
2411 2963 2483 3018 ita
2532 2977 2677 3018 nunc
2723 2962 2791 3017 ab
2835 2962 2952 3032 ipso
2990 2961 3245 3031 fugimus.
3289 2961 3583 3017 Possumus
3611 2964 3752 3017 enim

2165 3054 2353 3126 fugere
2400 3070 2429 3108 a
2478 3055 2610 3121 Deo,
2663 3070 2770 3110 non
2801 3054 3015 3125 quidem
3060 3054 3201 3119 loco,
3255 3068 3378 3108 nam
3412 3055 3610 3126 ubique
3650 3065 3754 3122 est,

2165 3147 2259 3202 sed
2301 3146 2577 3217 operibus.
2618 3146 2685 3201 Et
2712 3145 2855 3216 quod
2900 3145 2967 3200 ab
3006 3161 3070 3201 eo
3108 3144 3290 3216 fugere
3321 3161 3428 3201 non
3467 3148 3755 3217 possimus,

2165 3239 2289 3295 audi
2322 3241 2639 3311 prephetam
2680 3240 2969 3305 dicentem,
3007 3237 3120 3304 Quo
3162 3238 3244 3293 ibo
3277 3255 3308 3292 a
3337 3240 3522 3308 spiritu
3553 3248 3639 3293 tuo
3660 3241 3686 3293 ?
3713 3250 3758 3293 et

2164 3349 2265 3401 quo
2317 3349 2347 3386 a
2397 3332 2528 3402 facie
2576 3341 2664 3385 tua
2718 3332 2913 3403 fugiam
2957 3329 3129 3401 (Psaf.
3175 3331 3297 3386 158.
3350 3330 3447 3397 7)?
3478 3330 3758 3399 Quomodo

2167 3424 2326 3495 igitur
2373 3438 2659 3494 possumus
2701 3439 2733 3477 a
2785 3423 2893 3479 Deo
2939 3422 3166 3493 fugere?
3209 3423 3410 3480 Eodem
3442 3423 3624 3491 modo,
3653 3441 3761 3497 quo

2169 3528 2454 3585 possumus
2487 3514 2670 3584 procul
2701 3529 2731 3567 a
2762 3513 2874 3569 Deo
2906 3513 3195 3583 proﬁcisci,
3243 3529 3304 3567 ac
3349 3514 3507 3585 longe
3547 3516 3758 3571 abesse.

2171 3605 2271 3671 Qui
2307 3621 2361 3659 se
2392 3604 2651 3676 clangunt,
2683 3606 2872 3675 inquit,
2904 3621 2934 3657 a
2964 3611 3031 3667 te,
3061 3604 3295 3675 peribunt
3321 3604 3494 3673 (Psal.
3525 3606 3612 3660 72.
3644 3607 3755 3675 27):

2168 3706 2226 3752 et
2264 3712 2475 3763 rursus,
2533 3695 2723 3750 Nonne
2765 3697 3055 3767 iniquitates
3093 3704 3270 3750 vestra:
3314 3696 3590 3751 diviserunt
3633 3699 3766 3751 inter

2170 3805 2248 3843 me
2292 3800 2337 3843 ct
2386 3805 2474 3844 vos
2522 3787 2677 3861 (lsai.
2729 3788 2818 3845 59.
2874 3787 2975 3859 2)?
3020 3788 3299 3855 Quomodo
3350 3790 3509 3861 igitur
3552 3789 3612 3844 ﬁt
3662 3792 3763 3846 iste

2171 3880 2493 3951 longinquus
2530 3879 2827 3935 discessus?
2865 3890 2922 3935 et
2964 3880 3236 3951 quomodo
3276 3881 3559 3937 intercedit
3599 3883 3767 3938 inter-

2170 3972 2409 4027 vallum?
2437 3971 2737 4038 Electione,
2769 3981 2824 4027 et
2866 3973 3047 4026 animo
3075 3989 3088 4024 :
3117 3974 3238 4027 loco
3267 3973 3409 4028 enim
3439 3988 3546 4028 non
3577 3988 3765 4043 possu-

2175 4080 2294 4120 mus
2324 4081 2338 4118 :
2370 4062 2641 4133 quomodo
2666 4063 2809 4119 enim
2857 4063 2977 4133 quis
3006 4063 3073 4118 ab
3100 4079 3186 4127 eo,
3216 4066 3308 4133 qui
3339 4064 3533 4135 ubique
3571 4064 3760 4130 adest,

2175 4155 2368 4228 fugiat?
2390 4156 2649 4211 Peccator
2670 4155 2831 4227 igitur
2858 4153 3011 4226 fugit.
3045 4155 3157 4209 lloc
3187 4164 3292 4222 est,
3319 4155 3460 4225 quod
3488 4156 3765 4226 Scriptura

2177 4250 2369 4320 inquit,
2418 4247 2574 4320 Fugit
2614 4249 2802 4318 impius
2841 4250 3037 4302 nomine
3086 4259 3409 4319 persequente
3448 4248 3628 4318 (Prov.
3670 4250 3764 4304 εκ.

2178 4341 2254 4412 1).
2290 4339 2457 4396 Valde
2485 4341 2718 4412 fugimus
2745 4342 2909 4395 Deum
2936 4357 2950 4405 ;
2981 4340 3193 4395 tametsi
3220 4342 3440 4410 semper
3470 4340 3560 4395 ille
3587 4351 3766 4396 secta-

2178 4441 2265 4487 tur
2301 4447 2419 4486 nos.
2459 4431 2753 4502 Apostolus
2783 4445 2998 4487 cursum
3040 4446 3199 4486 suum
3238 4447 3304 4487 eo
3339 4432 3682 4497 intendebat,
3714 4446 3767 4489 ut

2179 4537 2346 4594 prope
2372 4521 2436 4577 ad
2460 4521 2607 4577 illum
2638 4521 2918 4578 accederet
2941 4539 2954 4576 :
2979 4536 3077 4577 nos
3098 4503 3163 4576 eo
3194 4522 3538 4590 intendimus,
3563 4532 3621 4578 ut
3650 4542 3772 4593 pro-

2178 4614 2265 4670 cul
2291 4613 2633 4669 discedamus
2662 4630 2676 4667 :
2708 4628 2836 4685 ergo
2869 4630 2974 4668 non
3006 4613 3120 4668 haec
3155 4614 3315 4684 digna
3341 4615 3626 4671 lamentis?
3654 4620 3773 4682 Quo

2180 4711 2349 4782 fugis,
2378 4709 2560 4767 infelix
2601 4720 2657 4766 et
2696 4710 2903 4766 miser?
2946 4724 3052 4781 quo
3094 4708 3232 4780 fugis
3270 4725 3299 4763 a
3348 4711 3453 4765 vita
3498 4719 3554 4766 et
3597 4711 3772 4766 Salute

2181 4804 2310 4860 tua?
2344 4802 2401 4860 Si
2436 4818 2466 4858 a
2507 4803 2618 4859 Deo
2646 4802 2836 4873 fugias,
2866 4801 2933 4857 ad
2971 4818 3130 4872 quem
3162 4802 3476 4873 confugies?
3505 4803 3551 4858 si
3582 4818 3611 4857 a
3653 4803 3769 4858 luce

2180 4894 2374 4967 fugias,
2407 4909 2516 4965 quo
2550 4893 2853 4965 respicies?
2880 4895 2925 4949 si
2954 4909 2984 4948 a
3016 4894 3118 4947 vita
3153 4892 3348 4963 fugias,
3375 4894 3517 4950 unde
3550 4894 3771 4964 posthac

2180 4987 2367 5043 vives?
2395 4985 2681 5058 Fugiamus
2713 4988 2922 5043 hostem
2953 4985 3142 5041 salutis
3172 4996 3391 5040 nosme.
3416 4987 3547 5041 Cum
3577 5000 3769 5056 pecea-

2182 5094 2324 5148 mus,
2356 5095 2388 5134 a
2417 5079 2528 5135 Deo
2556 5078 2811 5150 fugimus,
2845 5078 3188 5149 fugitivorum
3218 5091 3369 5132 more
3407 5092 3673 5145 erramus,
3708 5074 3779 5129 ad

2181 5170 2412 5226 alienam
2443 5169 2783 5226 abscedimus
2812 5179 3011 5224 terram
3039 5186 3055 5220 :
3083 5166 3534 5239 quemadmodum
3566 5169 3656 5224 ille
3683 5167 3773 5237 Qui

2180 5263 2491 5319 comederat
2532 5272 2755 5333 paterna
2784 5262 2944 5328 bona,
2978 5268 3034 5316 et
3064 5260 3267 5316 abierat
3311 5261 3362 5314 in
3394 5260 3624 5315 alienam
3664 5268 3773 5314 ter-

2182 5370 2320 5424 ram,
2348 5356 2437 5426 qui
2464 5362 2634 5410 totum
2667 5354 3042 5425 patrimonium
3074 5361 3503 5423 consumpserat,
3532 5363 3693 5424 atque
3719 5354 3771 5406 in

2183 5451 2323 5503 fame
2349 5448 2564 5504 vivebat
2594 5446 2743 5521 (Luc.
2781 5445 2896 5515 15).
2932 5445 3203 5500 Habemus
3231 5460 3364 5501 vero
3390 5444 3776 5515 patrimonium

2182 5550 2237 5598 et
2276 5555 2394 5596 nos.
2434 5537 2747 5609 Cuiusmodi
2781 5553 2911 5593 vero
2954 5537 3095 5593 hoc?
3123 5536 3401 5593 Liberavit
3441 5551 3539 5593 nos
3579 5553 3607 5591 a
3646 5553 3772 5605 pec—

2182 5634 2336 5698 catis,
2361 5628 2580 5687 donavit
2610 5630 2764 5686 nobis
2793 5630 2933 5685 vires
2955 5629 3021 5684 ad
3052 5629 3264 5685 virtutis
3288 5629 3460 5685 ofﬁcia
3503 5630 3772 5692 obeunda,

2182 5723 2403 5780 donavit
2432 5722 2586 5778 nobis
2621 5721 2984 5787 alacritatem,
3016 5720 3361 5790 patientiam;
3412 5720 3463 5773 in
3507 5720 3777 5789 baptismo

2185 5816 2407 5878 donavit
2436 5814 2587 5870 nobis
2609 5812 2862 5883 Spiritum
2886 5821 3164 5870 sanctum:
3195 5812 3239 5867 si
3263 5811 3377 5867 haec
3405 5810 3772 5884 absumpseri-
