4184 6488
412 328 521 385 267

411 439 530 493 ἐκεῖ
577 439 605 491 6
636 435 927 509 ἄνθρωπος
977 434 1269 504 ἀπέθανεν,
1296 437 1355 493 ὃν
1384 439 1647 494 ἀνέλαϐεν
1675 441 1860 507 αὐτὸς,
1890 441 1917 494 6
1950 442 2007 493 ἐν

410 528 628 601 σώματι
665 528 847 602 ἡμῶν,
892 522 994 584 ὦδε
1021 531 1048 584 6
1081 530 1367 602 ἄνθρωπος
1413 532 1514 601 τῆς
1563 534 1868 606 ἁμαρτίαςο
1922 534 2009 588 διὰ

405 622 570 677 τοῦτο
601 624 720 675 ἐκεῖ
762 621 861 693 μέν
910 639 1063 694 φησι,
1102 623 1185 688 Τῷ
1226 623 1547 694 ὁμοιώματι
1594 627 1700 681 τοῦ
1744 627 2007 682 θανάτου

407 713 620 778 αὐτοῦ,
651 713 887 767 ἐνταῦθα
916 714 972 767 δὲ
999 714 1182 768 οὐκέτι
1230 717 1537 789 ὁμοιώματι
1577 716 1831 782 θανάτου,
1865 718 2003 787 ἀλλ’,

411 805 562 877 αὑτῷ
596 805 675 876 τῷ
707 805 947 876 θανάτῳ.

484 917 640 992 [287]
680 916 751 986 γ’.
780 917 996 981 Παῦλος
1031 918 1140 988 γάρ
1164 918 1349 972 οὐκέτι
1378 920 1625 992 ἁμαρτίᾳ
1660 919 1927 974 ἀπέθανεν
1948 921 2005 973 ἐν

403 1017 521 1077 τοῖς
548 1013 831 1083 διωγμοῖς,
857 1012 974 1066 ἀλλ’
997 1013 1146 1084 αὐτῷ
1175 1013 1253 1085 τῷ
1283 1012 1499 1085 σώματι
1524 1030 1535 1042 ’
1558 1013 1698 1067 ὥστε
1725 1013 1816 1066 τὸν
1842 1013 2004 1067 αὑτὸν

405 1105 670 1176 ὑπέμεινε
716 1103 965 1158 θάνατον.
1000 1104 1075 1159 Εἴ
1106 1120 1232 1172 πως
1272 1103 1650 1172 καταντήσω,
1683 1106 1869 1175 φησὶν,
1915 1108 2004 1172 είς

405 1194 523 1264 τὴν
549 1193 966 1259 ἐξανάστασιν
998 1195 1114 1262 τὴν
1156 1196 1227 1250 ἐκ
1278 1195 1531 1265 νεκρῶν.
1569 1196 1634 1251 Τί
1654 1197 1875 1266 λέγεις
1908 1198 2002 1251 καὶ

410 1289 518 1360 μὴν
549 1289 754 1349 πάντες
777 1286 952 1357 αὐτῆς
983 1287 1343 1358 τυγχάνουσι·
1373 1288 1605 1354 Πάντες
1649 1286 1768 1359 μὲν
1795 1287 1905 1360 γάρ
1927 1290 1999 1342 οὐ

403 1380 913 1449 κοιμηθησόμεθα,
941 1380 1096 1448 φησὶ,
1125 1378 1350 1446 πάντες
1384 1379 1453 1433 δὲ
1487 1380 1957 1449 ἀλλαγησόμεθα
1979 1396 1993 1410 ·

402 1474 498 1527 καὶ
544 1472 646 1526 οὐκ
692 1473 1043 1535 ἀναστάσεως
1102 1472 1306 1543 μόνης,
1357 1471 1494 1526 ἀλλά
1542 1471 1636 1526 καὶ
1688 1470 1996 1542 ἀφθαρσίας

401 1563 627 1628 πάντες,
659 1563 707 1615 οἱ
739 1562 839 1633 μὲν
865 1561 947 1625 είς
975 1561 1164 1633 τιμὴν,
1195 1562 1244 1614 οἱ
1269 1560 1326 1614 δὲ
1356 1561 1437 1623 είς
1461 1559 1669 1629 ἐφόδιον
1696 1559 1991 1621 κολάσεως.

398 1655 465 1709 El
502 1654 682 1709 τοίνυν
716 1654 914 1717 πάντες
968 1654 1070 1720 τῆς
1118 1654 1469 1723 ἀναστάσεως
1511 1652 1861 1723 τυγχάνουσι,
1900 1653 1993 1706 καὶ

396 1746 461 1800 οὐ
488 1747 586 1817 τῆς
620 1744 976 1807 ἀναστάσεως
1007 1744 1196 1815 μόνης,
1228 1743 1363 1798 ἀλλά
1392 1744 1487 1797 καὶ
1518 1742 1851 1813 ἀφθαρσίας,
1877 1742 1993 1805 πῶς

397 1836 474 1899 ὡς
504 1835 713 1904 μέλλων
738 1834 1017 1903 ἐξαιρέτου
1043 1835 1187 1899 τινὸς
1217 1834 1508 1905 τυγχάνειν
1538 1834 1741 1902 ἔλεγες,
1765 1835 1835 1887 ΕΖ
1866 1849 1992 1900 πως

396 1927 793 1994 καταντήσω;
840 1927 940 1980 Διά
990 1926 1151 1980 τοῦτο
1198 1925 1371 1980 ταῦτα
1416 1927 1632 1996 πάσχω,
1676 1926 1863 1996 φησὶν,
1920 1926 1993 1978 ΕΖ

397 2032 526 2085 πως
548 2016 906 2082 καταντήσω
945 2018 1036 2082 είς
1061 2016 1179 2085 τὴν
1206 2017 1622 2081 ἐξανάστασιν
1651 2014 1768 2085 τὴν
1798 2015 1867 2069 ἐκ
1892 2033 1989 2070 νε-

395 2102 598 2173 κρῶν·
633 2107 681 2158 εί
730 2105 839 2177 γάρ
892 2104 967 2177 μὴ
1018 2105 1314 2168 ἀπέθανες,
1346 2106 1446 2157 οὐκ
1489 2104 1769 2162 ἀνίστασο.
1803 2105 1868 2157 Τί
1896 2102 1990 2161 οὖν

393 2197 552 2261 ἐστι;
587 2200 745 2251 Δοκεῖ
779 2198 923 2269 μέγα
962 2216 1015 2251 τι
1042 2196 1281 2251 ἐνταῦθα
1310 2198 1644 2276 αἰνίττεσθαι
1667 2214 1681 2229 ’
1714 2198 1858 2252 οῦτω
1880 2198 1989 2268 γὰρ

395 2290 539 2361 μέγα
557 2285 649 2362 ἦν,
675 2291 758 2344 ὃτι
792 2290 913 2344 οὐδὲ
944 2290 1254 2362 ἐθάρρησεν
1284 2290 1689 2361 ἀποφήνασθαι,
1716 2290 1853 2346 ἀλλά
1885 2310 1987 2362 φη.

392 2400 478 2436 σιν
514 2382 725 2447 ἁπλῶς,
755 2382 829 2435 El
861 2396 1008 2449 πως.
1028 2382 1357 2435 Ἐπίστευσα
1408 2384 1487 2445 εἰς
1531 2381 1696 2436 αὐτὸν
1748 2383 1843 2436 καὶ
1888 2384 1986 2453 τὴν

389 2474 558 2530 αὐτοῦ
600 2474 929 2537 ἀνάστασιν,
967 2472 1105 2527 ἀλλά
1150 2473 1245 2526 καὶ
1293 2473 1489 2544 πάσχω
1530 2473 1596 2527 δι’
1626 2473 1809 2538 αὐτὸν,
1861 2475 1987 2528 ἀλλ’

388 2566 544 2622 οὔπω
572 2567 810 2637 δύναμαι
833 2565 1104 2638 θαρρῆσαι
1135 2565 1266 2636 περὶ
1290 2566 1386 2635 τῆς
1416 2566 1789 2631 ἀναστάσεως.
1818 2568 1984 2623 Ποίαν

388 2658 626 2714 ἐνταῦθα
674 2657 972 2712 ἀνάστασιν
1005 2668 1172 2728 φησι;
1202 2656 1314 2725 Τὴν
1362 2654 1499 2726 πρὸς
1543 2655 1708 2709 αὑτὸν
1741 2655 1983 2724 ἄγουσαν

382 2753 481 2808 τὸν
521 2751 779 2823 Χριστόν.
821 2747 990 2804 Εἶπον
1020 2750 1100 2803 ὅτι
1145 2748 1442 2801 ἐπίστευσα
1482 2747 1632 2817 αὐτῷ
1664 2749 1757 2802 καὶ
1784 2752 1847 2820 τῇ
1882 2750 1984 2820 τῆς

382 2840 743 2903 ἀναστάσεως
789 2837 954 2893 αὑτοῦ
1011 2838 1264 2907 δυνάμει,
1303 2837 1521 2891 καὶνότι
1574 2839 1826 2902 κοινωνός
1866 2842 1981 2910 είμι

383 2932 497 2985 τῶν
538 2929 883 3001 παθημάτων
931 2928 1117 2992 αὑτοῦ,
1149 2929 1244 2982 καὶ
1294 2930 1376 2982 ὅτι
1428 2930 1861 3002 συμμορφοῦμαι
1902 2931 1981 3003 τῷ

386 3024 607 3096 θανάτῳ
644 3020 841 3077 αὐτοῦ·
878 3021 994 3076 ἀλλ’
1025 3022 1175 3092 ὅμως
1227 3020 1365 3092 μετά
1414 3020 1587 3075 ταῦτα
1624 3022 1802 3076 πάντα
1830 3023 1981 3078 οὔπω

385 3116 615 3188 θαρρῶ-
673 3115 811 3187 ὅπερ
861 3112 1097 3184 ἀλλαχοῦ
1149 3110 1321 3179 λέγει,
1361 3111 1422 3165 '0
1469 3111 1668 3167 δοκῶν
1707 3113 1977 3179 ἑστάναι,

376 3207 662 3274 ,ϐλεπέτω
697 3206 783 3276 μὴ
833 3205 992 3274 πέσῃ
1016 3221 1027 3237 ·
1062 3205 1159 3259 καὶ
1206 3205 1389 3268 πάλιν,
1414 3206 1710 3275 Φοϐοῦμαι
1733 3207 1821 3277 μή
1853 3221 1979 3278 πως

384 3300 601 3368 ἄλλοις
646 3300 937 3368 κηρύξας,
983 3297 1167 3365 αὐτὸς
1205 3297 1492 3367 ἀδόκιμος
1538 3298 1816 3369 γένωμαι.
1853 3304 1977 3371 Οὐχ

382 3392 476 3447 ὅτι
516 3393 634 3460 ἤδη
679 3391 922 3454 ἔλαϐον,
957 3389 995 3458 ἣ
1026 3388 1144 3458 ἤδη
1181 3390 1576 3458 τετελείωμαι,
1601 3388 1789 3444 διώκω
1828 3391 1897 3445 δὲ
1924 3395 1975 3447 εὶ

383 3483 487 3540 καὶ
508 3483 846 3542 καταλάϐω.
864 3482 956 3551 ἐφ’
972 3476 1021 3550 ᾧ
1042 3481 1141 3536 καὶ
1164 3482 1551 3550 κατελήφθην
1574 3483 1688 3536 ὑπὸ
1717 3486 1976 3552 Χριστοῦ

394 3576 626 3645 Ἰησοῦ.
646 3605 717 3615 -
742 3578 865 3645 Οὐχ
893 3575 983 3629 ὅτι
1004 3574 1120 3643 ἤδη
1138 3574 1380 3629 ἔλαϐον.
1400 3573 1467 3625 Τί
1487 3575 1814 3644 ἐστιν,’Ήδη
1832 3576 1972 3631 ἕλα-

381 3669 530 3734 σον;
576 3667 649 3721 Τὸ
678 3667 932 3739 βραϐεῖον
959 3682 1145 3737 φησιν.
1179 3664 1245 3722 Et
1267 3665 1325 3719 δὲ
1353 3667 1382 3720 6
1414 3665 1651 3721 τοσαῦτα
1680 3667 1889 3733 παθὼν,
1926 3669 1973 3722 εί

380 3763 444 3818 δέ
486 3764 515 3816 6
551 3761 907 3830 διωκόμενος,
929 3762 977 3814 εί
1027 3759 1084 3813 δέ
1115 3760 1143 3812 6
1174 3759 1269 3831 τὴν
1314 3759 1582 3831 νέκρωσιν
1632 3758 1793 3829 ἔχων,
1819 3759 1975 3816 οὔπω

382 3856 607 3929 ἐθάρρει
633 3854 761 3927 περὶ
788 3854 886 3925 τῆς
911 3853 1262 3915 ἀναστάσεως
1289 3851 1526 3923 ἐκείνης,
1553 3852 1607 3905 τί
1632 3851 1697 3905 ἂν
1722 3854 1972 3924 εἴποιμεν

381 3949 575 4019 ἡμεῖς
607 3945 674 3998 Τί
706 3947 873 4006 ἐστιν,
898 3947 968 3998 El
989 3942 1336 4008 καταλὰ6ω;
1366 3942 1544 4014 Ὅπερ
1572 3944 1833 4014 πρότερον
1857 3946 1972 3998 ἕλε-

381 4055 499 4109 γον,
532 4040 604 4093 Εἰ
637 4037 998 4106 καταντήσω
1033 4038 1122 4102 είς
1163 4035 1279 4105 τὴν
1307 4034 1722 4101 ἐξανάστασιν
1758 4037 1869 4107 τὴν
1900 4039 1970 4094 ἐκ

379 4130 633 4202 νεκρῶν.
666 4130 777 4202 Τὴν
814 4130 1001 4195 αὐτοῦ,
1036 4129 1221 4200 φησὶν,
1248 4127 1547 4183 ἀνάστασιν
1579 4132 1626 4182 εἰ
1653 4131 1965 4187 καταλάϐω.

378 4224 694 4289 Τουτέστιν,
726 4221 855 4277 Ἐάν
882 4220 1097 4291 δυνηθῶ
1125 4221 1363 4276 τοσαῦτα
1392 4222 1607 4287 παθεῖν,
1631 4220 1732 4278 ἐὰν
1756 4222 1968 4295 δυνηθῶ

314 4302 344 4329 Ii
378 4315 732 4389 μιμήσασθαι
783 4315 968 4381 αὐτὸν,
999 4313 1071 4368 ἂν
1094 4313 1309 4386 δυνηθῶ
1339 4314 1660 4387 σύμμορφος
1689 4315 1840 4388 αύτῷ
1873 4333 1966 4385 γε·

375 4404 586 4460 νέσθαι.
624 4398 772 4470 υἷον,
803 4403 973 4457 πολλὰ
1007 4402 1208 4458 ἔπαθεν
1255 4405 1284 4458 6
1328 4404 1584 4475 Χριστὸς,
1636 4406 1963 4479 ἐνεπτύσθη,

375 4496 687 4569 ὲρῤαπίσθη
713 4536 729 4562 ,
777 4495 1171 4567 ἐμαστιγώθη,
1216 4494 1441 4568 ὕστερον
1492 4496 1751 4553 ἀπέθανε.
1796 4497 1967 4554 Τοῦτο

372 4586 601 4640 στάδιόν
638 4588 756 4640 ἐστι
776 4602 789 4616 ·
821 4585 911 4641 διὰ
941 4587 1159 4641 πάντων
1182 4586 1388 4642 τούτων
1416 4587 1497 4641 δεῖ
1527 4589 1661 4660 πρὸς
1699 4588 1796 4662 τὴν
1835 4591 1966 4646 ἀνά-

375 4695 568 4732 στασιν
583 4676 746 4732 αὑτοῦ
772 4677 998 4747 φθάσαι,
1021 4677 1229 4742 πάντας
1255 4679 1381 4743 τοὺς
1401 4678 1597 4743 ἄθλους
1619 4681 1960 4750 ἐνεγκόντας.

376 4772 450 4825 Ἥ
465 4771 644 4824 τοίνυν
666 4769 826 4825 τοῦτὸ
853 4787 1039 4840 φησιν,
1057 4769 1091 4843 ἦ
1111 4771 1195 4825 ὅτι
1219 4770 1348 4825 Ἐάν
1375 4771 1697 4838 καταξιωθῶ
1717 4774 1815 4843 τῆς
1835 4777 1965 4829 ἀνα-

374 4864 622 4925 στάσεως
655 4864 835 4934 τυχεῖν
868 4862 1178 4934 εὐδοκίμου,
1224 4861 1537 4935 παρρησίαν
1584 4863 1836 4936 ἐχούσης,
1882 4866 1963 4930 είς

370 4953 473 5025 τὴν
519 4953 879 5019 ἐξανάστασιν
927 4952 1115 5024 φθάνω
1147 4953 1246 5025 τὴν
1283 4952 1577 5007 αὐτοῦ.“Αν
1604 4954 1715 5024 γάρ
1750 4954 1962 5025 δυνηθῶ

370 5044 499 5108 τοὺς
556 5045 775 5113 ἀγῶνας
826 5046 1035 5107 πάντας
1079 5046 1345 5113 ἐνεγκεῖν,
1374 5045 1470 5100 καὶ
1512 5046 1612 5114 τὴν
1665 5046 1962 5102 ἀνάστασιν

370 5137 540 5192 αὖτοῦ
586 5137 888 5209 δυνήσομαι
936 5139 1108 5210 σχεῖν,
1135 5137 1229 5191 καὶ
1279 5136 1415 5207 μετά
1450 5136 1607 5208 δόξης
1638 5138 1957 5209 ἀναστῆναι.

369 5228 599 5283 Οὐδέπω
639 5230 769 5301 γὰρ,
807 5230 994 5301 φησὶν,
1028 5228 1178 5296 ἄξιός
1210 5230 1360 5300 εἰμι’
1404 5228 1599 5283 Διώκω
1643 5228 1730 5295 δὲ,
1761 5232 1812 5284 εὶ
1860 5232 1959 5287 καὶ

368 5322 838 5377 καταλάϐω.Ἐτι
863 5320 1155 5390 ἐναγώνιος
1188 5339 1279 5394 μοι
1311 5323 1339 5375 6
1368 5321 1514 5392 βίος,
1545 5322 1625 5376 ἔτι
1653 5322 1746 5377 τοῦ
1773 5323 1961 5389 τέλους

367 5415 488 5487 εἰμὶ
521 5414 733 5486 πόρρω,
762 5413 843 5468 ἔτι
872 5414 982 5468 τῶν
1017 5413 1287 5486 βραϐείων
1313 5414 1618 5486 ἀφέστηκα,
1653 5414 1733 5469 ἔτι
1758 5415 1958 5488 τρέχω,

366 5504 449 5560 ἔτι
475 5505 676 5560 διώκω.
702 5506 811 5561 Καὶ
831 5507 931 5560 ούκ
951 5502 1070 5560 εἷπε
1089 5547 1104 5566 .
1123 5507 1336 5581 Τρέχω,
1367 5506 1525 5571 ἀλλὰ,
1552 5506 1749 5561 Διώκω
1773 5521 1787 5536 ⁸
1814 5508 1954 5561 εικό-

365 5617 494 5664 τως.
513 5600 571 5653 ’0
589 5599 696 5671 γάρ
721 5598 874 5673 [288]
889 5599 1122 5666 διώκων,
1143 5600 1256 5655 ίστε
1290 5601 1409 5673 μεθ’
1427 5602 1552 5654 ὅσου
1573 5601 1725 5655 τόνου
1744 5600 1950 5655 διῶκει’
1995 5654 1999 5658 .

363 5691 559 5746 οὐδένα
592 5694 716 5765 ὁρᾷ,
760 5695 965 5757 πάντας
1022 5693 1161 5764 μετά
1214 5692 1416 5764 πολλῆς
1465 5693 1563 5764 τῆς
1623 5690 1803 5765 ῥύμης
1832 5693 1959 5757 τοὺς

362 5782 760 5848 διακόπτοντας
787 5783 1111 5852 ἀπωθεῖται,
1147 5783 1242 5838 καὶ
1271 5784 1510 5840 διάνοιαν
1538 5784 1630 5839 καὶ
1670 5784 1823 5856 ὄμμα
1859 5785 1954 5840 καὶ

1349 325 1412 380 ΙΝ
1454 324 1677 382 EPIST.
1709 324 1801 379 AD
1838 322 2130 381 PHILIPP.
2163 324 2317 381 CAP.
2359 325 2447 384 Ill.
2485 327 2721 386 HOMIL.
2759 329 2856 386 XI.

3599 340 3707 396 28-8

2120 440 2274 511 ἰσχὺν
2324 442 2417 495 καὶ
2461 443 2638 516 ψυχὴν
2683 447 2776 501 καὶ
2817 446 2977 520 σῶμα
3011 450 3323 522 συστρέφει,
3354 454 3489 526 πρὸς
3520 457 3706 526 ἕτερον

2116 534 2213 603 μὲν
2250 536 2403 588 οὐδὲν
2432 537 2590 608 ὁρῶν,
2624 538 2760 612 πρὸς
2785 541 2841 594 δέ
2889 540 2950 595 τὸ
2995 541 3246 613 βραϐεῖον
3277 545 3454 615 μόνον.
3490 550 3549 601 Et
3582 552 3638 602 δὲ
3669 553 3698 602 6

2110 626 2322 682 διώκων
2356 630 2584 696 Παῦλος,
2613 633 2641 685 6
2670 632 2908 686 τοσαῦτα
2946 634 3155 699 παθὼν,
3190 636 3270 690 ἐτι
3310 639 3498 711 φησὶν,
3521 644 3703 697 Είκαι

2111 718 2445 774 καταλάϐωο
2477 722 2625 804 «ci-6v
2652 724 2901 795 εἴποιμεν
2935 728 3096 796 ἡμεῖς
3127 729 3176 782 οί
3204 730 3661 799 ἀναπεπτωκότες
3687 753 3701 800 ;

2111 807 2243 865 Εἶτα
2289 814 2523 881 δεικνὺς,
2549 815 2630 870 ὅτι
2675 817 2899 889 ὁφειλῆς
2947 819 3005 872 τὸ
3056 823 3289 893 πρᾶγμά
3340 826 3477 889 ἐστι,
3513 831 3697 898 φησὶν,

2121 902 2240 973 Ἐφ’
2265 898 2314 972 ᾧ
2341 906 2440 959 καὶ
2474 906 2859 977 κατελήφθην
2886 908 3004 964 ὑπὸ
3039 911 3241 980 Ἰησοῦ
3270 917 3547 983 Χριστοῦ.
3577 920 3700 975 Τῶν

2106 995 2313 1049 ἀπολλυ
2323 998 2495 1068 μένωι.
2522 1001 2691 1070 ἤμην,
2723 1001 2910 1072 φησὶν,
2936 1003 3258 1077 ἐπνιγόμην,
3287 1007 3510 1078 ἔμελλον
3534 1013 3709 1066 ἀπόλ-

2105 1084 2299 1141 λυσθαι
2324 1105 2336 1117 '
2378 1090 2646 1144 κατέλαϐέ
2679 1109 2747 1161 με
2783 1093 2811 1144 6
2838 1092 3003 1156 Θεός·
3050 1097 3144 1148 καὶ
3179 1098 3291 1169 γὰρ
3339 1102 3502 1166 αὐτὸς
3550 1106 3698 1175 ἡμᾶς

2105 1176 2293 1231 ἐδίωκε
2332 1180 2636 1249 φεύγοντας
2685 1182 2849 1235 αὑτὸν
2887 1184 3025 1252 μετά
3062 1186 3262 1258 πολλῆς
3307 1190 3408 1260 τῆς
3438 1197 3697 1265 σπουδῆς,

2103 1267 2202 1322 Διά
2233 1270 2422 1323 τούτου
2462 1272 2635 1326 ταῦτα
2671 1274 2847 1327 πάντα
2882 1274 3180 1347 παρίστησι
3203 1293 3218 1307 ⁸
3253 1280 3331 1349 τῷ
3356 1282 3464 1353 γάρ
3496 1286 3693 1349 εἰπεῖν,

2100 1360 2180 1413 ὅτι
2206 1364 2629 1433 Κατελήφθην,
2663 1365 2832 1430 ἔδειξε
2862 1368 2955 1419 καὶ
2974 1367 3066 1421 τοῦ
3095 1368 3421 1442 βουλομένου
3452 1378 3695 1430 καταλα-

2100 1451 2215 1506 ϐεῖν
2259 1455 2358 1523 τὴν
2400 1456 2655 1528 σπουδὴν,
2689 1459 2783 1511 καὶ
2831 1459 2991 1530 ἡμῶν
3041 1460 3141 1533 τὴν
3189 1463 3545 1539 ἀποστροφὴν
3595 1470 3694 1538 τὴν

2101 1546 2302 1619 πολλὴν
2336 1549 2428 1602 καὶ
2460 1549 2558 1622 τὴν
2595 1551 2826 1624 πλάνην,
2857 1557 2950 1606 καὶ
2985 1554 3065 1607 ὅτι
3096 1555 3257 1610 αὐτὸν
3287 1559 3617 1630 ἐφεύγομεν.
3722 1560 3728 1566 ’

2167 1641 2228 1694 δ’.
2256 1642 2347 1695 Διὸ
2374 1645 2468 1696 καὶ
2493 1643 2753 1716 δακρύειν
2775 1644 2943 1710 ἄξιον,
2963 1648 3042 1701 ὅτι
3072 1648 3291 1704 πάντων
3318 1653 3398 1715 είς
3425 1654 3525 1723 τὴν
3556 1672 3692 1726 προ-

2094 1730 2257 1803 τέραν
2303 1733 2638 1788 κατάστασιν
2693 1734 2856 1791 πάλιν
2906 1735 3193 1802 ἐλθόντων,
3225 1742 3318 1793 καὶ
3358 1742 3441 1795 ὄτι
3489 1745 3691 1816 πολλῆς

2093 1824 2319 1895 όφειλῆς
2341 1826 2509 1881 ὄντων
2540 1827 2697 1898 ἡμῶν
2725 1829 3065 1895 ὑπευθύνων,
3082 1832 3257 1896 οὐδεὶς
3285 1835 3492 1902 πενθεῖ,
3516 1839 3690 1904 οὐδεὶς

2091 1917 2340 1988 δακρύει,
2380 1918 2557 1983 οὐδεὶς
2605 1920 2872 1985 στενάζει.
2902 1923 3015 1977 Καὶ
3069 1925 3145 1997 μὴ
3197 1928 3488 1999 καταγνῷς
3527 1933 3689 2003 εἰρω-

2093 2009 2241 2062 νείαν
2273 2008 2366 2062 τοῦ
2396 2009 2555 2079 λόγου
2576 2027 2589 2041 °
2621 2010 2811 2084 ῶσπερ
2840 2013 2948 2087 γάρ
2984 2016 3090 2086 πρὸ
3120 2017 3219 2087 τῆς
3259 2021 3563 2091 παρουσίας
3592 2025 3687 2078 τοῦ

2091 2099 2329 2169 Χριστοῦ
2373 2101 2464 2154 τὸν
2512 2102 2644 2156 Θεὸν
2691 2104 3016 2176 ἐφεύγομεν,
3050 2106 3194 2162 οὔτω
3223 2110 3494 2183 φεύγομεν
3524 2116 3689 2170 αὑτὸν

2092 2191 2187 2244 καὶ
2215 2191 2339 2244 νῦν·
2375 2191 2601 2261 φεύγειν
2631 2193 2739 2265 γάρ
2782 2194 2898 2248 ἔστι
2929 2195 3020 2248 τὸν
3051 2196 3207 2261 Θεὸν,
3240 2200 3302 2252 οὐ
3330 2201 3481 2272 τόπῳ
3519 2204 3686 2275 (παν-

2090 2281 2258 2353 ταχοῦ
2289 2283 2401 2354 γάρ
2426 2284 2589 2354 ἐστι),
2626 2284 2762 2338 ἀλλά
2803 2287 2916 2351 τοῖς
2950 2285 3153 2359 ἔργοις.
3182 2288 3294 2344 Καὶ
3324 2291 3404 2344 ὅτι
3444 2294 3542 2346 οὐκ
3569 2293 3688 2349 ἐστι

2091 2375 2338 2446 φεύγειν,
2355 2376 2518 2431 άκουε
2544 2376 2638 2431 τοῦ
2662 2380 2947 2449 προφήτου
2970 2378 3245 2448 λέγοντος,
3269 2382 3392 2437 Ποῦ
3414 2386 3687 2453 πορευθῶ

2088 2466 2207 2522 ἀπὸ
2237 2467 2344 2522 τοῦ
2377 2468 2720 2536 πνεύματός
2745 2485 2882 2535 σου,
2911 2469 3012 2525 καὶ
3048 2472 3168 2527 ἀπὸ
3215 2474 3322 2528 τοῦ
3356 2475 3684 2543 προσώπου

2087 2573 2206 2614 σου
2241 2560 2360 2615 ποῦ
2387 2561 2591 2630 satira);
2623 2559 2748 2624 Πῶς
2778 2557 2872 2615 οὖν
2902 2560 3015 2615 ἔστι
3052 2566 3244 2632 φυγεῖν
3272 2565 3363 2619 τὸν
3390 2566 3555 2634 Θεόνς
3595 2570 3685 2633 Ὠς

2087 2650 2202 2705 ἔστι
2243 2655 2432 2724 πόρρω
2459 2652 2717 2723 γενέσθαι
2746 2654 2838 2707 τοῦ
2868 2653 3025 2719 Θεοῦ,
3045 2656 3120 2719 ὡς
3142 2656 3255 2710 ἔστι
3280 2660 3680 2730 μακρυνθῆναιο

2090 2745 2156 2797 Ol
2204 2743 2315 2813 γὰρ
2365 2745 2781 2813 μακρύνοντες
2823 2744 3101 2811 ἑαυτοὺς,
3141 2749 3327 2819 φησὶν,
3368 2750 3488 2805 ἀπὸ
3538 2751 3676 2821 σοῦ,

2085 2834 2489 2888 ἀπολοῦνταιο
2542 2836 2635 2889 καὶ
2687 2835 2886 2901 πάλιν,
2948 2838 3092 2906 Οὐχὶ
3150 2841 3223 2893 τὰ
3288 2842 3680 2913 ἁμαρτήματα

2084 2927 2253 2997 ὑμῶν
2295 2927 2612 2983 διιστῶσιν
2659 2930 2777 2985 ἀνὰ
2801 2932 2996 3000 μέσον
3024 2933 3173 3002 ἐμοῦ
3200 2934 3299 2987 καὶ
3320 2934 3525 3005 ὐμῶν;
3554 2936 3681 3005 Πῶς

2084 3014 2177 3073 οῦν
2211 3019 2421 3089 γίνεται
2445 3022 2505 3074 τὸ
2536 3022 2945 3093 μακρυνθῆναις
2975 3021 3094 3087 πῶς
3120 3024 3329 3093 γίνεται
3359 3025 3673 3098 διάστασις;

2083 3111 2413 3183 Προαιρέσει
2464 3113 2557 3168 καὶ
2602 3113 2781 3185 ψυχῇο
2820 3114 2969 3185 τόπῳ
3004 3115 3112 3186 γάρ
3138 3118 3237 3170 οὐκ
3270 3117 3346 3172 ἔνι
3374 3135 3388 3148 ο
3420 3121 3536 3185 πῶς
3567 3122 3675 3195 γάρ

2082 3202 2147 3256 ἄν
2195 3220 2278 3268 τις
2329 3204 2419 3258 τὸν
2468 3204 2746 3275 πανταχοῦ
2798 3206 3041 3278 παρόντα
3095 3208 3319 3277 φεύγοι;
3388 3211 3448 3265 Ὀ
3496 3215 3675 3269 τοίνυν

2084 3298 2407 3370 ἁμαρτωλὸς
2454 3298 2666 3367 φεύγει.
2706 3298 2878 3351 Τοῦτό
2920 3300 3067 3352 ἐστιν
3115 3300 3142 3354 ὅ
3192 3318 3355 3371 φησιν
3394 3305 3671 3380 ήΓρςιφὴ,

2080 3392 2289 3463 Φεύγει
2321 3395 2354 3447 ὀ
2376 3392 2624 3460 ἀσεϐὴς,
2648 3391 2912 3463 μηδενὸς
2937 3390 3277 3461 διώκοντος.
3308 3396 3520 3468 Σφόδρα
3545 3399 3675 3467 φεύ·-

2078 3501 2249 3556 γομεν
2290 3484 2383 3538 τὸν
2431 3485 2585 3548 Θεὸν,
2612 3484 2792 3539 καίτοι
2826 3482 2913 3537 ἀεὶ
2941 3482 3209 3540 διώκοντα
3237 3488 3383 3559 ἡμᾶς
3411 3490 3593 3545 αὐτόν.
3612 3491 3673 3545 ὐ

2080 3575 2403 3641 Ἀπόστολος
2432 3577 2676 3640 ἐδίωκεν,
2709 3577 2796 3630 ἵνα
2831 3578 3000 3647 ἐγγὺς
3019 3578 3183 3633 αὑτοῦ
3210 3579 3470 3652 γένηται·
3504 3584 3670 3654 ἡμεῖς

2076 3668 2367 3738 διώκομεν,
2399 3668 2487 3722 ῖνα
2516 3669 2705 3740 πόρρω
2733 3667 3022 3740 γενώμεθα
3041 3684 3053 3698 ·
3083 3665 3193 3741 ἆρα
3222 3671 3322 3725 οὐκ
3352 3671 3475 3737 ἀξια
3499 3673 3669 3726 ταῦτα

2078 3760 2324 3833 θρήνωνς
2364 3755 2477 3831 ἆρα
2501 3760 2602 3813 οὐκ
2628 3758 2753 3827 ἀξια
2777 3760 3063 3831 δακρύων;
3095 3762 3204 3815 Ποῦ
3235 3763 3480 3833 φεύγεις,
3516 3766 3667 3819 ἄθλιε

2075 3855 2171 3909 καλ⁵
2200 3853 2546 3927 ταλαίπωρε;
2578 3850 2682 3906 ποῦ
2716 3852 2937 3923 φεύγεις
2982 3853 3081 3925 τὴν
3125 3854 3268 3927 ζωὴν
3300 3857 3394 3910 καὶ
3427 3858 3527 3931 τὴν
3559 3876 3664 3913 σω-

2073 3946 2272 4017 τηρίαν
2298 3946 2395 4017 τὴν
2432 3946 2532 4015 σήν
2558 3962 2572 4012 ;
2607 3945 2704 3999 Ἂν
2743 3945 2832 3998 τὸν
2859 3944 2991 3998 Θεὸν
3022 3946 3222 4019 φύγῃς,
3257 3948 3395 4018 πρὸς
3423 3949 3542 4002 τίνα
3569 3969 3668 4004 κα-

2071 4038 2350 4111 ταφεύξης
2387 4038 2454 4092 ἂν
2481 4037 2542 4091 τὸ
2573 4035 2690 4107 φῶς
2722 4036 2922 4111 φύγῃς,
2958 4037 3060 4091 ποῦ
3087 4039 3427 4112 διαϐλέψεις
3464 4044 3530 4098 ἂν
3566 4047 3665 4117 τὴν

2073 4130 2220 4201 ζωὴν
2246 4129 2446 4202 φύγῃς,
2471 4128 2634 4182 πόθεν
2660 4128 2799 4201 ζήσῃ
2825 4129 3041 4198 λοιπόν;
3068 4130 3335 4201 Φύγωμεν
3358 4135 3447 4188 τὸν
3469 4137 3664 4208 ἐχθρὸν

2069 4222 2168 4293 τῆς
2220 4222 2495 4292 σωτηρίας
2544 4221 2645 4291 τῆς
2690 4220 2987 4292 ἡμετέρας.
3017 4222 3183 4277 Ὅταν
3229 4224 3657 4297 ἀμαρτάνωμεν,

2072 4316 2349 4386 φεύγομεν
2373 4314 2481 4368 ἀπὸ
2503 4313 2595 4368 τοῦ
2624 4314 2781 4379 Θεοῦ,
2806 4315 3231 4386 δραπετεύομεν,
3263 4319 3343 4382 είς
3372 4319 3660 4391 ἀλλοτρίαν

2068 4405 2425 4479 ἀπερχόμεθα
2469 4406 2594 4475 γῆν,
2624 4406 2874 4477 καθάπερ
2903 4409 3112 4473 ἐκεῖνος
3150 4411 3179 4463 6
3222 4412 3562 4482 καταφαγὼν
3591 4415 3661 4470 τά

2071 4498 2383 4570 ὑπάρχοντα
2425 4497 2496 4551 τὰ
2538 4497 2787 4569 πατρῷα,
2822 4501 2918 4553 καὶ
2966 4501 3219 4555 ἀπελθὼν
3257 4507 3338 4569 είς
3371 4505 3660 4579 ἀλλοτρίαν

2067 4592 2192 4660 γῆν,
2219 4592 2248 4644 6
2273 4588 2663 4653 καταναλώσας
2688 4591 2868 4645 πᾶσαν
2898 4591 2996 4665 τὴν
3028 4595 3301 4666 πατρικὴν
3329 4598 3540 4665 οὐσίαν,
3566 4601 3660 4655 καὶ

2067 4685 2125 4737 ἐν
2147 4683 2291 4753 λιμῷ
2317 4681 2697 4752 ζῶν.Ἔχομεν
2724 4676 2816 4737 οῦν
2846 4685 3121 4756 πατρικὴν
3140 4687 3328 4741 οὐσίαν
3357 4691 3450 4742 καὶ
3470 4692 3653 4760 ἡμεῖς.

2067 4776 2235 4830 Ποίαν
2263 4775 2328 4847 δὴ
2365 4774 2609 4846 ταύτην;
2657 4775 2992 4849 Ἀπήλλαξεν
3019 4779 3168 4850 ἡμᾶς
3199 4780 3309 4833 τῶν
3333 4781 3659 4854 ἁμαρτημά-

2065 4887 2193 4933 των,
2243 4867 2536 4938 ἐχαρίσατο
2569 4869 2701 4939 ἡμῖν
2748 4868 2977 4939 δύναμιν
3000 4910 3015 4935 ,
3054 4870 3207 4941 ἰσχὺν
3253 4872 3390 4942 πρὸς
3423 4874 3522 4943 τὴν
3556 4874 3656 4946 τῆς

2065 4960 2267 5031 ἀρετῆς
2316 4958 2598 5031 ἐργασίαν,
2633 4958 2928 5030 ἐχαρίσατο
2977 4961 3111 5030 ἡμῖν
3163 4960 3492 5032 προθυμίαν,
3525 4965 3656 5019 ὐπο-

2067 5053 2257 5124 μονὴν,
2290 5054 2347 5107 ἐν
2392 5050 2471 5122 τῷ
2519 5050 2858 5122 βαπτίσματι
2901 5043 3195 5123 ἐχῦιρίσατο
3246 5055 3389 5125 ἡμῖν
3428 5057 3658 5129 Πνεῦμα

2063 5143 2217 5211 ἅγιον
2238 5159 2251 5172 ·
2281 5142 2348 5194 ἂν
2376 5139 2552 5194 ταῦτα
2587 5138 2737 5214 [289]
2766 5140 3258 5213 καταναλώοωμεν,
3290 5143 3349 5196 ἐν
3374 5143 3518 5216 λιμῷ
3540 5144 3655 5199 λοι-

2064 5234 2165 5288 πὸν
2214 5230 2467 5304 ἐσόμεθα.
2496 5231 2764 5303 Καθάπερ
2811 5231 2921 5305 γάρ
2970 5234 3020 5287 οί
3065 5234 3369 5303 νοσοῦντες,
3409 5237 3513 5301 ἕως
3555 5238 3655 5307 μὲν

2063 5324 2131 5379 ἂν
2175 5326 2430 5396 πυρετοῖς
2482 5323 2811 5395 ἐνοχλῶνται
2850 5324 2945 5378 καὶ
2977 5324 3167 5395 χυμῶν
3199 5327 3388 5398 κακίᾳ,
3417 5328 3540 5381 οὐδὲ
3572 5327 3653 5382 δι-

2062 5421 2382 5488 αναστῆναι,
2414 5416 2533 5471 οὐδὲ
2578 5416 2939 5489 ἐργάσασθαι,
2969 5417 3090 5470 ούδέ
3136 5418 3338 5489 πρᾶξαί
3375 5435 3426 5489 τι
3457 5419 3652 5472 δύναν-

2060 5526 2151 5564 ται
2172 5525 2186 5537 ·
2224 5508 2291 5563 ἂν
2318 5509 2375 5563 δέ
2401 5526 2485 5573 τις
2511 5510 2710 5572 αὐτοὺς
2733 5507 3015 5581 ἀπαλλάξῃ
3047 5510 3144 5563 καὶ
3180 5512 3259 5573 εἰς
3291 5510 3480 5577 ὑγείαν
3510 5509 3651 5577 ἀγά-
3704 5527 3712 5549 τ

2061 5618 2155 5673 γῃ,
2183 5596 2301 5656 εἶτα
2351 5602 2428 5674 μὴ
2470 5603 2831 5676 ἐργάζωνται,
2869 5604 3020 5675 παρά
3070 5603 3169 5672 τὴν
3213 5603 3422 5657 οἰκείαν
3471 5603 3652 5658 αὐτῶν

2060 5689 2223 5745 τοῦτο
2244 5691 2457 5758 γίνεται
2494 5691 2769 5764 ῥαθυμίαν
2788 5710 2802 5723 ·
2830 5691 2974 5748 οὕτω
3000 5691 3063 5764 δὴ
3094 5693 3188 5747 καὶ
3215 5693 3300 5762 ἐφ’
3324 5692 3502 5764 ἡμῶν.
3523 5694 3651 5748 Ἐπ-

2065 5782 2241 5838 έκειτο
2269 5784 2402 5854 ἡμῖν
2443 5782 2597 5848 νόσος
2630 5785 2840 5855 χαλεπὴ
2876 5784 2965 5839 καὶ
2996 5785 3228 5856 πυρετὸς
3255 5785 3481 5857 σφοδρός
3505 5801 3519 5816 ο
3558 5787 3651 5840 καὶ
