4184 6494
508 369 615 427 269

511 485 769 558 ἐκείμεθα
793 484 893 538 οὐκ
930 482 1023 536 ἐπὶ
1051 481 1260 550 κλίνης,
1292 479 1405 532 ἀλλ’
1429 479 1522 531 ἐπὶ
1549 478 1649 549 τῆς
1673 475 1874 538 κακίας
1897 472 2091 544 αὐτῆς,

510 580 767 649 καθάπερ
800 578 857 631 ἐν
887 573 1112 644 κοπρίᾳ,
1138 574 1205 643 τῇ
1253 570 1492 641 πονηρία
1521 567 1866 641 ἐρριμμένοι,
1915 566 2097 637 ἡλκω-

514 670 688 742 μένοι,
718 665 978 727 δυσωδίας
1011 660 1289 732 ἀνάπλεῳ,
1317 659 1654 729 αὐχμῶντες,
1688 655 2099 727 κατατρυχόμε-

512 778 613 825 νοι,
648 758 840 815 εἴδωλα
872 755 1073 828 μᾶλλον
1117 754 1289 819 ὄντες,
1322 751 1355 822 ἢ
1386 749 1680 823 ἄνθρωποι.
1714 746 2099 818 Περιειστήκε-

513 870 609 908 σαν
656 853 805 923 ἡμᾶς
851 849 1104 920 δαίμονες
1154 846 1422 919 πονηροὶ,
1459 847 1487 898 ὁ
1524 845 1709 923 ἀρχων
1744 841 1840 895 τοῦ
1890 840 2095 910 κόσμου

509 919 710 1001 τούτου-
741 942 938 1013 γελῶν,
970 919 1549 1013 ἐπεμϐαίνων.⁷Ηλθεν
1585 938 1614 990 ὁ
1643 934 1737 990 τοῦ
1765 932 1899 987 Θεοῦ
1927 933 2097 986 Μονο-

509 1037 693 1108 γενὴς,
721 1035 905 1104 ἀφῆκε
949 1032 1050 1096 τάς
1076 1033 1302 1093 ἀκτῖνας
1332 1033 1430 1101 τῆς
1460 1028 1761 1099 παρουσίας
1782 1023 1969 1083 αὐτοῦ,
2006 1021 2099 1076 καὶ

510 1127 601 1181 τὸν
632 1126 794 1194 ζόφον
822 1124 1025 1187 εὐθέως
1052 1121 1358 1193 ἀπήλασεν·
1389 1116 1519 1190 ἦλθε
1555 1116 1689 1188 πρὸς
1714 1116 1863 1187 ἡμᾶς
1891 1114 1919 1167 ὁ
1948 1112 2099 1183 βασι-

511 1218 640 1281 λεὺς
673 1218 702 1270 ὁ
741 1214 816 1269 ὣν
865 1215 923 1269 ἐν
973 1213 1052 1284 τῷ
1101 1212 1278 1283 θρόνῳ
1307 1208 1580 1280 πατρικῷ,
1608 1208 1698 1261 τὸν
1725 1205 1914 1277 θρόνον
1938 1202 2099 1273 ἀφεὶς

512 1309 605 1363 τὸν
635 1306 899 1380 πατρικὸν
931 1307 1079 1378 (ὅταν
1101 1306 1179 1370 δὲ,
1207 1305 1386 1373 ἀφεὶς,
1417 1304 1556 1355 εῖπω
1578 1342 1589 1364 ,
1629 1300 1703 1371 μὴ
1742 1298 1901 1351 πάλιν
1931 1296 2099 1367 μετά-

517 1417 709 1455 στασιν
741 1398 999 1472 νομίσῃς·
1039 1397 1131 1450 τὸν
1157 1397 1265 1466 γάρ
1293 1393 1522 1465 οὐρανὸν
1553 1392 1647 1445 καὶ
1675 1390 1773 1461 τὴν
1805 1390 1907 1458 γῆν
1940 1386 2100 1451 αὐτὸς

515 1493 752 1567 πληροῖ·
784 1489 922 1545 ἀλλά
945 1488 1037 1543 διὰ
1063 1488 1161 1560 τὴν
1195 1486 1509 1557 οἰκονομίαν
1534 1483 1694 1539 τοῦτό
1727 1499 1869 1553 φημι
1892 1482 1938 1551 )·
1967 1475 2099 1551 ἦλθε

518 1585 657 1656 πρὸς
702 1581 895 1654 ἐχθρὸν
925 1580 1015 1634 τὸν
1048 1579 1310 1650 μισοῦντα
1339 1576 1525 1640 αὐτὸν,
1552 1576 1643 1628 τὸν
1684 1571 2101 1643 ἀποστρεφόμεο

514 1693 623 1741 νον,
641 1675 731 1728 τὸν
757 1672 878 1727 οὐδὲ
908 1672 1036 1726 ίδεῖν
1055 1671 1217 1724 αὐτὸν
1242 1669 1587 1741 ἀνεχόμενον,
1605 1665 1698 1719 τὸν
1718 1665 1839 1719 καθ’
1862 1664 2100 1733 ἑκάστην

515 1766 678 1820 αὐτὸν
735 1762 1159 1835 βλασφημοῦντα
1204 1762 1302 1833 τὴν
1349 1761 1582 1832 ἡμέραν.
1618 1754 1771 1812 Εἷδεν
1804 1758 1861 1809 ἐν
1898 1756 2102 1831 κοπρίᾳ

516 1858 791 1930 κείμενον,
822 1854 1090 1925 σκώληξιν
1116 1853 1452 1926 ἡλκωμένον,
1484 1854 1757 1923 πυρετοῖς,
1788 1850 1935 1922 λιμῷ
1970 1867 2103 1904 κατ-

515 1950 799 2021 εχόμενον,
832 1950 940 2003 πᾶν
968 1941 1108 2010 εἶδος
1152 1946 1347 2017 έχοντα
1373 1945 1553 2003 νόσου.
1584 1945 1695 1999 Καὶ
1730 1942 1840 2013 γὰρ
1875 1943 1969 1996 καὶ
1998 1959 2104 1995 πυ·-

520 2044 672 2106 0510;
725 2039 977 2112 ἠνώχλει,
1028 2038 1185 2093 τοῦτο
1241 2036 1350 2109 γὰρ
1402 2035 1664 2107 ἐπιθυμία
1714 2035 1957 2107 πονηρὰ,
2010 2033 2107 2088 καὶ

517 2135 823 2209 φλεγμοναὶ
866 2132 1173 2193 ἐπέκειντο,
1202 2129 1359 2183 τοῦτο
1409 2130 1518 2199 γὰρ
1568 2131 1601 2199 ἡ
1651 2128 1901 2191 ἀπόνοια,
1936 2127 2031 2179 καὶ
2072 2127 2103 2196 ή

521 2226 777 2297 βουλιμία
803 2242 887 2288 τις
916 2226 949 2295 ἡ
984 2222 1252 2293 λεγομένη
1283 2224 1526 2291 κατεῖχε,
1549 2220 1706 2274 τοῦτο
1729 2219 1836 2291 γὰρ
1860 2220 1892 2290 ὴ
1916 2218 2107 2271 πλεον-

518 2317 662 2384 εξία,
690 2318 788 2374 καὶ
822 2315 1116 2387 σηπεδόνες
1147 2312 1432 2379 πάντοθεν,
1465 2312 1620 2366 τοῦτο
1650 2312 1757 2382 γὰρ
1790 2313 1823 2381 ἡ
1855 2309 2103 2381 πορνεία,

520 2409 617 2465 καὶ
658 2410 908 2481 πήρωσις
951 2404 1268 2476 ὀφθαλμῶν,
1307 2404 1466 2457 τοῦτο
1515 2403 1622 2475 γὰρ
1669 2402 2103 2472 είδωλολατρεία,

520 2503 616 2556 καὶ
641 2499 897 2570 κώφωσις
932 2499 1025 2552 καὶ
1072 2495 1449 2567 παραπληξία,
1480 2494 1637 2549 τοῦτο
1682 2494 1791 2565 γὰρ
1835 2493 1897 2545 τὸ
1936 2507 2107 2563 προσ-

518 2595 705 2646 κυνεῖν
728 2590 893 2654 λίθοις
917 2589 1013 2644 καὶ
1041 2587 1219 2655 ξύλοις
1241 2589 1333 2648 καὶ
1354 2586 1582 2649 ἐκείνοις
1604 2582 2104 2657 προσφθέγγεσθαι,

519 2685 617 2738 καὶ
648 2681 916 2737 δυσείδεια
951 2677 1146 2750 πολλὴ,
1177 2677 1338 2732 τοῦτο
1363 2676 1472 2747 γάρ
1499 2677 1697 2730 κακία·
1725 2674 1890 2748 ἀηδές
1915 2693 1989 2737 τι,
2016 2674 2108 2728 καὶ

521 2774 674 2838 νόσος
692 2771 1073 2845 χαλεπωτάτη.
1095 2766 1217 2824 Εῖδε
1243 2772 1427 2841 χεῖρον
1450 2768 1612 2823 πάλιν
1635 2767 1742 2821 τῶν
1766 2768 2108 2838 μαινομένων

522 2865 929 2936 φθεγγομένους
976 2863 1142 2934 ἡμᾶς,
1179 2862 1274 2916 καὶ
1318 2861 1379 2914 τὸ
1425 2860 1581 2925 ξύλον
1618 2858 1739 2913 θεὸν
1783 2857 2105 2920 καλοῦντας,

525 2957 619 3010 καὶ
661 2938 754 3011 τὸν
797 2956 943 3009 λίθον
984 2955 1220 3026 ὁμοίως·
1267 2950 1405 3006 εἶδεν
1433 2954 1491 3006 ἐν
1523 2950 1759 3025 τοσαύτῃ
1782 2950 1972 3021 κακίᾳ,
2015 2949 2110 3002 καὶ

522 3051 626 3104 οὐκ
664 3048 1006 3113 ὲϐδελύξατο,
1038 3047 1138 3101 οὐκ
1188 3045 1572 3116 ἐδυσχέρανεν,
1603 3042 1706 3096 οὐκ
1757 3039 2109 3111 ἀπεστράφη,

523 3143 627 3198 οὐκ
659 3141 890 3213 ἐμίσησε
912 3159 925 3172 ·
958 3139 1237 3208 Δεσπότης
1274 3137 1382 3209 γὰρ
1408 3132 1499 3207 ἦν,
1530 3136 1624 3188 καὶ
1645 3134 1706 3187 τὸ
1726 3133 1857 3187 ἴδιον
1888 3131 2114 3201 πλάσμα

524 3232 626 3286 οὐκ
674 3231 741 3285 ἂν
788 3230 1071 3302 ἐμίσησεν.
1089 3226 1252 3280 Ἀλλὰ
1280 3227 1332 3278 τί
1362 3226 1539 3290 ποιεῖς
1586 3223 1856 3292 Καθάπερ
1895 3220 2113 3291 ἄριστος

529 3323 714 3401 ἰατρὸς
772 3317 1171 3381 κατασκευάζει
1221 3317 1488 3389 φάρμακα
1541 3312 1737 3368 πολλοῦ
1795 3311 1920 3376 ἀξια
1950 3352 1964 3381 ,
2020 3310 2117 3364 καὶ

528 3417 743 3489 πρῶτος
795 3414 975 3475 αὐτῶν
1029 3411 1391 3482 ἀπογεύεται·
1441 3409 1539 3484 τὴν
1586 3408 1692 3477 γάρ
1725 3405 1925 3478 ἀρετὴν
1953 3403 2116 3466 αὐτὸς

529 3509 747 3583 πρῶτος
781 3507 1035 3580 μετῆλθε,
1055 3505 1151 3561 καὶ
1178 3503 1350 3567 οὕτως
1380 3504 1511 3574 ἡμῖν
1545 3500 1733 3555 ἔδωκε.
1754 3500 1864 3551 Kal
1899 3496 2115 3568 πρῶτον

529 3600 783 3671 καθάπερ
825 3597 1097 3653 ἀντίδοτόν
1127 3613 1181 3649 τι
1211 3595 1500 3665 φάρμακον
1551 3590 1719 3644 ἔδωκε
1767 3588 1825 3640 τὸ
1869 3585 2113 3663 λουτρὸν,

531 3692 627 3759 καὶ
650 3691 793 3745 οὕτω
819 3692 998 3745 πᾶσαν
1027 3688 1316 3763 ὴμέσαμεν
1340 3683 1558 3747 κακίαν,
1584 3681 1680 3735 καὶ
1707 3679 1884 3733 πάντα
1911 3679 2116 3746 ἐφυγαέ

530 3783 697 3854 δεύθη
724 3781 942 3853 ἀθρόον,
975 3779 1069 3834 καὶ
1092 3780 1125 3848 ή
1150 3776 1428 3848 φλεγμονὴ
1454 3771 1753 3837 ἐπαύσατο,
1780 3770 1873 3824 καὶ
1894 3770 1923 3822 ό
1944 3785 2114 3839 πυρε-

533 3877 625 3942 τὸς
644 3873 900 3945 ἐσϐέσθη,
922 3873 1018 3927 καὶ
1045 3873 1099 3924 αί
1126 3868 1417 3941 σηπεδόνες
1440 3865 1772 3936 ἐκαύθησαν.
1793 3862 1980 3915 Πάντα
2006 3860 2117 3938 γὰρ

536 3950 631 4032 καί
673 3964 742 4018 τὰ
777 3963 886 4017 ἀπὸ
916 3959 1252 4026 πλεονεξίας,
1284 3956 1377 4010 καὶ
1421 3955 1487 4009 τά
1522 3954 1630 4008 ἀπὸ
1675 3951 1874 4023 θυμοῦ,
1904 3950 1997 4003 καὶ
2047 3949 2117 4003 τὰ

539 4056 673 4111 1ιίλλα
705 4053 854 4115 κακά
880 4050 1122 4120 ὲκενώθη
1146 4048 1232 4104 διὰ
1258 4046 1352 4101 τοῦ
1390 4044 1700 4116 πνεύματος
1726 4060 1739 4074 ·
1768 4039 2117 4112 ἀνεῴχθησαν

1230 344 1615 418 ε’]οΑΝΝιε
1654 324 2151 414 cnmsos'roui
2190 349 2511 407 ARCHIEP.
2547 348 3102 407 CONSTANTINOP.

3671 352 3779 410 270

2199 469 2247 523 οι
2274 469 2567 539 ὀφθαλμοὶ,
2600 468 2813 539 ἀνεῴγη
2843 469 2911 522 τὰ
2936 463 3071 532 ὦτα,
3104 467 3365 539 ἐλάλησεν
3393 468 3640 540 εὔφημον
3667 488 3780 538 φω-

2198 560 2296 631 νὴν
2326 561 2360 631 ἡ
2400 558 2641 628 γλῶσσα,
2678 559 2866 614 ἐλαϐεν
2900 560 3051 628 ἰσχὺν
3095 561 3128 629 ἠ
3176 557 3343 629 ψυχὴ,
3377 558 3537 611 ἔλαϐε
3583 559 3783 624 κάλλος

2199 650 2294 703 καὶ
2326 647 2486 713 ἄνθος
2511 649 2573 702 τὸ
2614 649 2775 721 σῶμα
2825 650 3086 715 τοιοῦτον,
3114 644 3227 703 οἷον
3258 650 3405 714 εἰκὸς
3454 650 3583 704 Υἱδν
3633 649 3774 704 Θεοῦ

2198 740 2459 827 τεχθέντα
2493 740 2689 806 κάλλος
2719 742 2864 812 ἔχειν
2887 744 2995 796 ἀπὸ
3021 746 3122 814 τῆς
3146 743 3240 795 τοῦ
3271 743 3590 812 Πνεύματος
3626 743 3786 815 χάρι-

2196 851 2310 897 τος,
2329 834 2447 887 οἵαν
2478 835 2624 898 εἰκὸς
2656 833 2812 899 δόξαν
2865 835 3009 906 ἔχειν
3045 835 3159 888 υἱὸν
3183 835 3307 905 άρτι
3342 833 3491 907 [290]
3522 835 3786 906 τεχθέντα

2201 922 2428 993 βασιλεῖ,
2454 924 2548 978 καὶ
2594 926 2651 978 ἐν
2691 925 2966 995 ἁλουργίδι
3007 925 3361 995 τρεφόμενον.
3399 927 3580 994 Οίμοι,
3610 925 3785 995 πόσην

2199 1016 2477 1085 εὐγένειαν
2510 1018 2642 1088 ἡμῖν
2675 1016 2997 1088 ἐχαρίσατοί
3048 1018 3210 1088 ἡμεῖς
3234 1015 3291 1069 δέ
3322 1017 3450 1086 περὶ
3492 1016 3583 1071 τὸν
3612 1015 3785 1079 οὕτως

2199 1106 2349 1177 ἡμᾶς
2412 1105 2714 1176 φιλήσαντα
2774 1105 3058 1176 ἀχάριστοι
3120 1107 3376 1176 μένομεν.
3432 1105 3783 1176 Ἐτέχθημεν,

2201 1196 2544 1266 ἐτράφημεν,
2578 1196 3022 1267 εὐεργετήθημεν
3048 1211 3061 1224 ’
3093 1196 3146 1248 τί
3185 1196 3348 1248 πάλιν
3378 1195 3654 1265 φεύγομεν
3694 1195 3786 1248 τὸν

2202 1285 2533 1357 εὐεργέτην;
2579 1286 2639 1339 '0
2687 1284 2866 1339 τοίνυν
2913 1285 3086 1339 ταῦτα
3136 1285 3315 1339 πάντα
3366 1287 3637 1357 ποιήσας,
3689 1286 3786 1339 καὶ

2205 1377 2357 1448 ίσχύν
2403 1377 2649 1431 δίδωσιν·
2680 1377 2741 1429 οὐ
2772 1375 2881 1447 γὰρ
2924 1376 3051 1447 ἐνῆν
3105 1376 3505 1447 κατεχομένους
3529 1376 3604 1447 τῷ
3628 1376 3786 1447 νοσή-

2205 1487 2334 1540 ματι
2379 1470 2644 1538 ἐνεγκεῖν,
2673 1471 2721 1522 εί
2772 1471 2846 1541 μὴ
2895 1470 3055 1533 αὐτὸς
3104 1471 3238 1540 ἡμῖν
3284 1469 3450 1523 ἔδωκε
3478 1468 3576 1540 τὴν
3609 1469 3782 1539 ίσχύν.

2206 1560 2414 1614 Ἔδωκε
2468 1561 2576 1613 τῶν
2627 1561 3040 1632 ἁμαρτημάτων
3066 1561 3165 1631 τὴν
3191 1562 3406 1630 ἄφεσιν,
3444 1560 3786 1630 ἠθετήσαμεν

2201 1652 2300 1723 τὴν
2348 1652 2595 1721 δωρεάν·
2643 1651 2842 1705 ἔδωκεν
2890 1654 3023 1723 ἡμῖν
3068 1652 3334 1715 πλοῦτον,
3381 1652 3787 1723 ἐσκορπίσαμεν

2206 1743 2369 1796 αὐτὸν
2395 1782 2411 1805 ,
2461 1741 2844 1811 κατεφάγομεν
2893 1740 3141 1795 ἅπαντα·
3188 1740 3388 1794 ἔδωκεν
3431 1741 3560 1809 ἡμῖν
3611 1739 3786 1808 ἰσχὺν,

2205 1832 2564 1904 ἀνηλώσαμεν
2593 1832 2762 1903 αὐτήν
2783 1848 2795 1862 ·
2822 1832 3021 1885 ἔδωκεν
3045 1834 3178 1902 ἡμῖν
3200 1832 3465 1902 χάρισμα,
3485 1829 3790 1898 ἐσϐέσαμεν

2206 1924 2355 1981 αὐτό.
2388 1924 2542 1990 Πῶς;
2573 1922 2953 1995 ’Δνηλώσαμεν
2984 1924 3063 1987 είς
3091 1922 3242 1975 οὐδὲν
3271 1921 3410 1983 δέον,
3435 1919 3791 1991 ἐχρησάμεθα

2205 2019 2262 2071 ἐν
2309 2016 2482 2073 οὐδενὶ
2526 2017 2805 2088 χρησίμῳ.
2846 2015 3035 2069 Ταῦτα
3084 2016 3232 2085 ἡμᾶς
3284 2012 3557 2074 ἀπώλεσε,
3586 2011 3682 2064 καὶ
3729 2009 3793 2062 τὸ

2205 2110 2425 2164 πάντων
2448 2109 2768 2179 δεινότερον,
2792 2108 2873 2161 ὅτι
2895 2108 2951 2159 ἐν
2978 2106 3232 2179 ἀλλοτρίᾳ
3257 2105 3428 2169 ὄντες,
3450 2103 3545 2157 καὶ
3566 2102 3796 2172 κεράτια

2206 2200 2499 2265 ἐσθίοντες,
2514 2200 2574 2253 οὐ
2587 2198 2840 2267 λέγομεν·
2856 2198 3045 2250 Ἐπιστ
3053 2194 3308 2267 ρέψωμεν
3325 2193 3458 2265 πρὸς
3473 2192 3566 2246 τὸν
3578 2190 3796 2261 Πατέρα

2212 2294 2307 2347 καὶ
2332 2294 2577 2363 εἴπωμεν
2601 2309 2614 2322 ·
2648 2292 2998 2361 Ἦμάρτομεν
3020 2291 3097 2352 είς
3112 2287 3204 2341 τὸν
3226 2286 3456 2359 οὐρανὸν
3484 2284 3580 2338 καὶ
3606 2285 3684 2347 είς
3712 2282 3795 2349 σε,

2214 2388 2308 2440 καὶ
2353 2386 2572 2456 Πατέρα
2616 2384 2789 2447 οὕτως
2820 2383 3036 2454 ἔχοντες
3063 2381 3434 2452 φιλόστοργον,
3464 2377 3670 2448 σφόδρα
3701 2390 3799 2429 πο-

2210 2478 2408 2531 θοῦντα
2438 2477 2595 2547 ἡμῶν
2628 2476 2727 2546 τὴν
2756 2474 3040 2529 ἐπάνοδον·
3068 2472 3143 2535 ὡς
3179 2471 3245 2525 ἂν
3287 2470 3447 2540 μόνον
3470 2464 3799 2534 ἀποστῶμεν

2207 2569 2307 2639 τῆς
2335 2566 2552 2631 κακίας,
2588 2565 2655 2618 ἂν
2689 2565 2824 2635 πρὸς
2863 2563 3025 2618 αὐτὸν
3051 2560 3438 2629 ἐπανέλθωμεν
3471 2556 3649 2628 μόνον,
3677 2552 3800 2606 οὐδέ

2210 2657 2505 2727 ἐγκαλέσαι
2524 2655 2710 2709 λοιπὸν
2732 2654 2874 2725 ὑπὲρ
2894 2654 3003 2707 τῶν
3026 2652 3309 2724 προτέρων
3330 2650 3616 2719 ἀνέχεται·
3640 2645 3800 2715 μόνον

2210 2748 2566 2818 ἀπυστῶμεν·
2601 2746 2761 2817 ἱκανὴ
2804 2745 2914 2817 γὰρ
2961 2744 3224 2812 ἀπολογία
3271 2742 3333 2795 τὸ
3370 2739 3709 2795 ἐπανελθεῖν.
3737 2738 3801 2789 Τί

2210 2843 2373 2910 λέγω,
2411 2838 2706 2908 ἐγκαλέσαι
2739 2838 2839 2891 οὐκ
2873 2836 3157 2907 ἀνέχεται;
3200 2835 3260 2887 οὐ
3311 2833 3471 2905 μόνον
3505 2830 3668 2893 αὐτὸς
3700 2829 3801 2884 οὐκ

2215 2932 2459 3003 ἐγκαλεῖ,
2495 2930 2654 2995 ἀλλὰ,
2703 2929 2804 2983 κᾶν
2854 2928 3041 2999 ἔτερος
3093 2925 3320 2997 ἐγκαλῇ,
3372 2920 3801 2992 ἐπιστομίζεται,

2215 3024 2320 3079 κᾶν
2348 3019 2723 3092 εὐδοκιμηκὼς
2794 3021 2821 3071 ό
2842 3018 3110 3088 ἐγκαλῶν.
3142 3016 3355 3071 Οὐκοῦν
3384 3011 3799 3083 ἐπανέλθωμεν·

2220 3116 2381 3187 μέχρι
2410 3113 2556 3176 τίνος
2585 3109 2966 3182 ἀφιστάμεθα;
2994 3108 3250 3180 λάϐωμεν
3282 3106 3535 3178 αἴσθησιν
3564 3104 3661 3175 τῆς
3684 3105 3804 3158 ἀτι-

2222 3208 2371 3277 μίας,
2402 3202 2656 3273 λάϐωμεν
2691 3200 2943 3272 αἴσθησιν
2969 3200 3069 3270 τῆς
3098 3199 3403 3261 εὐτελείας·
3440 3200 3473 3267 ἡ
3503 3195 3669 3249 κακία
3688 3194 3805 3265 χοί-

2223 3313 2348 3368 ρους
2400 3291 2538 3348 εἶναι
2588 3294 2815 3363 ποιεῖ,ή
2865 3292 3033 3346 κακία
3075 3291 3276 3360 λιμὺνι
3311 3288 3469 3360 φέρει
3516 3288 3580 3356 τῇ
3629 3284 3798 3356 ψυχῇ.

2234 3385 2696 3459 Ἀνακτησώμεθα
2722 3385 2947 3449 ἑαυτοὺς
2968 3384 3061 3438 καὶ
3093 3381 3477 3453 ἀναλήψωμεν,
3512 3378 3606 3432 καὶ
3636 3379 3806 3430 ἔπαν-

2222 3478 2463 3548 έλθωμεν
2512 3477 2603 3529 ἐπὶ
2650 3475 2749 3545 τὴν
2796 3472 3065 3545 προτέραν
3104 3470 3405 3539 εὐγένειαν,
3438 3469 3525 3521 ἵνα
3557 3465 3807 3536 τύχωμεν

2223 3571 2328 3624 τῶν
2364 3569 2666 3641 μελλόντων
2688 3564 2929 3636 ἀγαθῶν,
2961 3565 3143 3636 χάριτι
3179 3562 3273 3617 καὶ
3302 3560 3492 3631 φιλανθ
3504 3559 3682 3631 ρωπίᾳ
3709 3555 3807 3611 τοῦ

2222 3661 2426 3732 Κυρίου
2457 3658 2613 3731 ήμῶν
2647 3655 2821 3729 Ἰησοῦ
2853 3656 3088 3729 Χριστοῦ
3109 3696 3123 3722 ,
3157 3653 3273 3727 μεθ’
3294 3646 3355 3708 οὗ
3380 3652 3461 3723 τῷ
3489 3649 3666 3721 Πατρὶ
3689 3649 3807 3719 ἅμα

2222 3755 2299 3826 τῷ
2325 3753 2463 3824 ἁγιῳ
2493 3750 2773 3821 Πνεύματι
2803 3746 2952 3814 δόξα,
2985 3747 3205 3817 κράτος,
3235 3746 3391 3818 τιμὴ,
3421 3743 3518 3799 νῦν
3555 3742 3651 3798 καὶ
3693 3739 3808 3805 ἀεὶ,

2223 3846 2319 3902 καὶ
2346 3848 2427 3910 είς
2452 3844 2579 3908 τοὺς
2608 3843 2810 3907 αἰῶνας
2835 3842 2943 3896 τῶν
2973 3840 3204 3896 αἰώνων.
3223 3839 3418 3912 Ἀμήν.

2294 4047 2318 4075 ³
2347 4045 2635 4108 Legendum
2663 4042 2861 4093 videtur
2895 4043 3082 4106 λοιμόν.

1973 4408 2219 4494 οΜιᾹιΑ
2268 4438 2366 4492 lB'.

565 4588 843 4658 Αδελςροὶ,
1018 4584 1393 4658 »ἐμαυτρνᾼού
1426 4583 1735 4658 ,λογίζομαι
1766 4580 2122 4658 κατειληφέ-

610 4649 743 4717 ἰο-αιζ
770 4649 841 4713 ἓν
860 4649 947 4723 δὲ’,
970 4656 1041 4711 τὰ
1064 4649 1180 4725 ὶιὲν
1204 4655 1396 4709 ὀπίσω
1413 4649 1981 4725 ἐπιλανθανόμενος,
1998 4649 2125 4725 τοῖς

611 4731 683 4786 δὲ
733 4719 1080 4799 ἔμπροσθεν
1118 4725 1605 4799 έπεκζεινόμενος
1627 4762 1642 4784 ,
1692 4719 1841 4799 «af?!
1888 4719 2126 4799 σκοπὸς

612 4788 801 4864 διώκω
838 4788 939 4851 ἐπὶ
984 4795 1053 4851 τὸ
1090 4794 1376 4864 βραϐεῖον
1417 4788 1527 4864 τῆς
1556 4788 1679 4847 ἄνω
1716 4793 1990 4860 κλήσεως
2016 4788 2125 4844 τοῦ

618 4869 766 4934 Θεοῦ
794 4869 864 4924 ἐν
892 4863 1140 4941 Χριστῷ
1160 4863 1382 4934 Ἰησοῦ.

616 5052 685 5097 α’.
703 5042 868 5097 Οὐδέν
892 5039 1039 5094 οὕτω
1051 5039 1199 5092 κενοῖ
1213 5036 1613 5108 κατορθώματα
1636 5038 1731 5091 καὶ
1760 5038 2036 5106 ἁποφυσᾷ,
2051 5036 2126 5097 ὡς

550 5137 738 5210 μνήμη
757 5133 866 5188 τῶν
886 5130 1262 5204 εἰργασμένων
1287 5130 1420 5203 ἡμῖν
1438 5128 1681 5197 ἀγαθῶν.
1704 5127 1808 5181 Δύο
1827 5128 1936 5199 γὰρ
1954 5126 2129 5179 τίκτει

550 5228 697 5283 κακά
718 5267 732 5293 ,
765 5222 1170 5297 ρᾳθυμοτέρους
1195 5237 1255 5273 τε
1290 5218 1604 5290 ἐργάζεται,
1641 5220 1736 5273 καὶ
1764 5222 1844 5283 εἰς
1869 5218 2129 5272 ἀπόνοιαν

551 5319 718 5390 αἴρει.
740 5317 938 5386 Διόπερ
957 5314 986 5366 ὁ
1008 5312 1241 5376 Παῦλος,
1267 5311 1454 5382 ἐπειδὴ
1478 5306 1615 5364 οἶδεν
1641 5311 1940 5383 ὀξύρροπον
1963 5305 2130 5364 οὖσαν

550 5412 652 5483 τὴν
696 5409 973 5481 ἡμετέραν
1027 5405 1188 5475 φύσιν
1240 5402 1374 5474 πρὸς
1427 5401 1719 5473 ρᾳθυμίαν,
1758 5402 1853 5455 καὶ
1882 5400 2132 5454 πολλὰδὲ

553 5504 680 5567 τοὺς
722 5486 1117 5569 Φιλιππησίους
1145 5496 1407 5567 ἐπῄνεσεν
1426 5533 1441 5558 ,
1476 5495 1576 5565 ὅρα
1611 5493 1730 5558 πῶς
1757 5493 1939 5546 αὐτῶν
1968 5509 2135 5547 κατα-

558 5594 764 5647 στέλλει
811 5593 873 5647 τδ
917 5590 1203 5662 φρόνημα,
1246 5587 1334 5641 διὰ
1382 5585 1592 5639 πολλῶν
1644 5587 1742 5657 μὲν
1788 5585 1884 5639 καὶ
1933 5584 2135 5654 ἐτέρων

558 5685 835 5754 ἀνωτέρω,
870 5682 1103 5753 μάλιστα
1153 5681 1211 5733 δὲ
1254 5679 1341 5732 διά
1390 5677 1483 5731 τοῦ
1511 5677 1797 5749 παρόντος.
1826 5676 1892 5728 Τί
1919 5675 2132 5743 λέγων;

571 5752 879 5844 Ἀδελφοί,
912 5770 1071 5851 [2911.
1098 5768 1213 5841 ἐγὼ
1235 5768 1494 5843 ἐμαυτὸν
1517 5769 1588 5823 οὺ
1616 5766 1919 5841 λογίζομαι
1948 5782 2138 5821 κατει-
2168 5752 2173 5755 “

2226 4575 2506 4644 ληφέναι.
2541 4575 2604 4627 Εἰ
2632 4572 2689 4625 δέ
2721 4569 2930 4635 Παῦλος
2952 4570 3161 4623 οὐδέπω
3191 4569 3508 4638 κατέλαϐεν,
3534 4571 3654 4626 οὐδὲ
3679 4571 3815 4649 θαρ-

2229 4667 2313 4737 ρεῖ
2335 4663 2465 4735 περὶ
2488 4662 2590 4734 τῆς
2621 4660 2990 4724 ἀναστάσεως,
3025 4658 3146 4713 οὐδέ
3173 4660 3301 4731 περὶ
3332 4658 3441 4713 τῶν
3477 4661 3808 4730 μελλόντων·

2229 4754 2392 4826 σχολῇ
2436 4752 2568 4823 γοῦν
2612 4753 2810 4805 ἐκεῖνοι
2861 4750 2994 4821 μηδέ
3024 4748 3086 4802 τὸ
3121 4749 3405 4802 πολλοστὸν
3436 4750 3602 4803 αὐτοῦ
3649 4752 3813 4822 μέρος

2227 4844 2653 4917 κατωρθωκότες
2677 4842 2836 4897 τοῦτο
2864 4843 2929 4896 ἂν
2978 4840 3242 4912 ἔπραξαν.
3276 4843 3340 4896 Ὃ
3373 4842 3431 4896 δέ
3458 4842 3624 4912 λέγει,
3657 4844 3815 4899 τοῦτό

2229 4940 2410 4992 ἐστιν·
2464 4937 2689 4991 Οὐδέπω
2733 4937 3120 5008 κατειληφέναι
3183 4935 3282 5005 τὴν
3331 4935 3532 5007 ἀρετὴν
3595 4937 3815 4992 ἃπασαν

2228 5028 2470 5100 ἡγοῦμαι
2489 5046 2504 5059 ·
2531 5025 2705 5091 οὕτως
2732 5026 2923 5094 εἰπὼν,
2948 5027 3023 5090 ὡς
3051 5025 3117 5079 ἂν
3145 5026 3192 5078 εἰ
3236 5024 3363 5096 περὶ
3391 5026 3637 5097 δρομέως
3669 5028 3816 5082 εἴποι

2230 5139 2333 5186 τις,
2367 5118 2537 5174 υύπω
2567 5117 2891 5173 κατέλαϐεν.
2924 5117 3149 5171 Οὐδέπω
3173 5117 3233 5169 τὸ
3266 5118 3372 5171 πᾶν
3406 5117 3599 5187 ἤνυσα,
3631 5120 3815 5190 φησίν.

2233 5211 2299 5266 Et
2329 5212 2386 5265 δὲ
2416 5212 2563 5279 λέγει
2590 5210 2845 5280 ἀλλαχοῦ,
2878 5207 2995 5262 Τὸν
3018 5207 3219 5278 ἀγῶνα
3259 5210 3367 5263 τὸν
3392 5209 3584 5263 καλὸν
3605 5210 3816 5280 ἠγώνι-

2236 5319 2400 5372 σμαι,
2433 5302 2525 5355 καὶ
2559 5300 2814 5364 ἐνταῦθα,
2847 5296 3092 5351 Οὐδέπω
3131 5296 3435 5367 λογίζομαι
3472 5298 3819 5367 κατειληφέ-

2235 5409 2353 5453 ναι,
2385 5389 2653 5457 ἀναγνούς
2696 5405 2780 5451 τις
2813 5387 3119 5456 ἀμφότερα,
3152 5387 3358 5442 εἴσεται
3396 5388 3577 5452 καλῶς
3601 5390 3702 5461 τὴν
3733 5391 3819 5442 αἰ-

2234 5484 2356 5538 τίαν
2386 5482 2479 5536 καὶ
2506 5480 2731 5534 ἐκείνων
2772 5480 2866 5532 καὶ
2897 5479 3101 5532 τούτων
3141 5479 3247 5532 τῶν
3288 5481 3568 5551 ῥημάτων.
3599 5483 3672 5534 Οὐ
3708 5482 3818 5553 γὰρ

2234 5577 2317 5629 δεῖ
2351 5572 2589 5644 συνεχῶς
2615 5571 2684 5624 τά
2715 5571 2855 5624 αὐτά
2884 5570 3154 5641 στρέφειν,
3190 5572 3285 5623 καὶ
3317 5573 3466 5642 ἡμᾶς
3517 5572 3696 5625 πάντα
3741 5572 3821 5625 δι-

2236 5668 2477 5730 δάσκειν,
2512 5665 2604 5718 καὶ
2630 5664 2713 5716 ὅτι
2744 5662 2915 5716 ταῦτα
2937 5662 3070 5716 πολύ
3103 5662 3371 5732 πρότερον
3402 5664 3607 5732 ἔλεγεν,
3635 5665 3822 5718 ἐκεῖνα

2238 5760 2293 5813 δὲ
2331 5760 2467 5833 πρὸς
2492 5758 2571 5831 τῷ
2597 5759 2760 5815 τέλει.
2806 5758 2981 5813 Οὔπω
3028 5755 3325 5829 λογίζομαι
3372 5758 3827 5827 κατειληφέναι,
