4184 6510
515 415 626 478 26.9

513 550 657 600 ntus,
705 532 847 588 fame
889 530 1111 602 posthac
1151 527 1534 584 laborabimus.
1579 525 1714 583 Nam
1756 524 2110 596 quemadmo-

514 629 644 684 dum
686 624 898 696 mgroti,
927 621 1179 693 quamdiu
1221 619 1436 692 quidem
1487 618 1725 674 febribus
1766 618 2036 686 agitantur
2062 622 2116 670 et

515 732 803 775 succorum
839 715 1136 769 vitiositate
1166 712 1431 778 laborant,
1465 726 1638 780 neque
1668 724 1979 778 exsurgere,
2016 723 2112 760 ne-

512 825 619 882 que
664 809 777 863 suis
822 806 1137 861 muneribus
1182 804 1347 874 fungi,
1399 819 1573 873 neque
1621 817 1780 871 agere
1821 799 2112 871 quidquam

514 908 743 972 possunt
773 917 786 953 :
817 896 960 968 quod
988 897 1032 950 si
1063 897 1185 966 quis
1215 910 1308 950 eos
1335 911 1362 948 a
1397 895 1586 948 morbo
1620 894 1816 948 liberet
1845 901 1899 946 et
1929 890 1994 945 ad
2023 905 2111 944 sa-

514 995 741 1050 nitatem
775 990 1031 1057 adducat,
1064 1005 1163 1044 nec
1194 998 1372 1044 tamen
1405 989 1582 1043 adhuc
1608 987 1897 1058 quidquam
1930 995 2110 1055 agant,

510 1087 620 1156 jam
650 1084 702 1138 id
734 1099 800 1138 ex
830 1081 1046 1153 propria
1077 1081 1324 1135 socordia
1353 1080 1410 1134 fit
1445 1098 1458 1134 :
1492 1084 1563 1134 ita
1595 1094 1726 1134 sane
1761 1089 1813 1133 et
1846 1079 1896 1131 in
1935 1077 2112 1131 nobis.

513 1176 759 1233 Vexabat
803 1191 903 1229 nos
955 1175 1176 1229 morbus
1212 1173 1411 1244 gravis,
1457 1187 1520 1227 ac
1567 1172 1733 1226 febris
1784 1170 2111 1234 vehemens;

513 1267 1082 1337 decumbebamusque
1106 1283 1211 1321 non
1245 1267 1298 1320 in
1332 1266 1492 1332 lecto,
1523 1265 1616 1319 sed
1654 1265 1704 1318 in
1739 1263 1965 1334 ipsamet
1997 1279 2108 1316 11111-

514 1364 660 1427 litia;
699 1360 921 1431 perinde
957 1371 1118 1429 atque
1147 1360 1197 1414 in
1227 1370 1468 1413 stercore
1501 1357 1552 1411 in
1587 1357 1930 1426 improbitate
1959 1356 2113 1410 volu-

516 1458 782 1522 tabantur,
831 1465 1102 1510 scatentes
1168 1455 1454 1518 ulceribus,
1506 1452 1750 1508 faetorem
1800 1453 2064 1521 spirantes
2094 1492 2110 1516 ,

513 1552 769 1622 squalidi,
817 1550 1049 1616 incnrvi,
1092 1549 1230 1603 idola
1264 1549 1441 1618 potius
1484 1563 1641 1617 quam
1675 1545 1923 1600 homines
1959 1563 1969 1598 :
2004 1546 2114 1599 cir-

511 1644 857 1699 cumstabant
886 1658 985 1696 nos
1021 1642 1250 1710 improbi
1295 1644 1604 1704 daemones,
1639 1639 1886 1708 princeps
1930 1636 2113 1691 mundi

517 1735 676 1806 hujus
705 1735 910 1799 ridens,
941 1734 1225 1787 insultans.
1261 1733 1416 1786 Venit
1444 1730 1538 1785 Dei
1565 1728 1903 1800 Unigenitus,
1937 1728 2116 1782 emisit

514 1828 696 1882 radios
723 1827 1021 1896 praesenti-.1.-
1060 1841 1191 1891 suar,
1225 1835 1280 1879 et
1309 1823 1592 1893 caliginem
1625 1822 1910 1876 confestim
1942 1820 2114 1889 depu-

509 1923 576 1979 lit
609 1941 622 1976 :
655 1923 801 1975 venit
841 1919 906 1973 ad
943 1935 1040 1973 nos
1079 1919 1194 1988 ipse
1231 1919 1341 1972 Rex
1363 1961 1375 1982 ,
1409 1917 1498 1987 qui
1543 1925 1662 1970 erat
1697 1916 1747 1968 in
1782 1914 1978 1968 throno
2007 1928 2117 1982 pa-

517 2025 694 2080 terno,
725 2014 979 2068 thronum
1010 2013 1322 2082 relinquens
1352 2021 1636 2079 paternum
1670 2007 1908 2078 (quando
1935 2015 2114 2060 autem

517 2107 802 2176 reliquisse
831 2105 974 2170 dico,
1015 2120 1082 2158 ne
1113 2103 1165 2157 id
1196 2102 1499 2173 significare
1530 2115 1716 2154 rursus
1753 2108 1906 2170 putes
1937 2107 2116 2153 muta-

518 2200 722 2254 tionem
767 2213 829 2252 ac
877 2198 1200 2258 transitum;
1247 2194 1435 2249 caalum
1475 2192 1618 2245 enim
1654 2202 1962 2259 terramque
2002 2191 2117 2258 ipse

512 2291 735 2361 implet;
769 2289 866 2344 sed
909 2289 978 2344 ob
1009 2286 1365 2343 (nconomiam
1401 2285 1451 2338 id
1490 2284 1634 2353 dico)
1671 2301 1684 2338 :
1737 2284 1881 2336 venit
1913 2282 1976 2335 ad
2013 2281 2116 2334 ho-

513 2397 672 2452 stem,
707 2385 799 2454 qui
843 2385 1016 2452 ipsmu
1059 2383 1183 2437 odio
1227 2380 1687 2451 prosequebatur,
1731 2380 2115 2444 averSalmtur,

516 2495 693 2550 neque
723 2489 780 2534 111
814 2478 879 2532 1111
907 2493 1030 2532 011111
1067 2477 1255 2531 oculos
1285 2484 1628 2530 converteret
1658 2473 1848 2527 adduci
1885 2483 2114 2542 poterat,

513 2571 866 2644 blasphemiis
891 2571 1132 2642 quotidie
1169 2571 1472 2639 appetebat.
1513 2569 1655 2623 Vidit
1685 2569 1736 2621 in
1765 2578 2005 2621 stercore
2029 2567 2118 2634 ja-

513 2674 750 2732 ccntcm,
793 2679 823 2720 a
879 2662 1152 2718 vermibus
1193 2664 1580 2725 exulceratum,
1622 2676 1648 2712 a
1698 2660 1830 2713 febri
1880 2669 1933 2712 et
1975 2657 2117 2714 fante

517 2774 875 2831 oppressum,
938 2758 1086 2810 nullo
1139 2772 1244 2810 non
1294 2753 1465 2809 morbi
1506 2768 1707 2822 genere
1763 2751 2115 2804 laborantem.

514 2853 646 2908 Nam
679 2851 844 2906 febris
882 2851 1147 2915 vexabat;
1182 2851 1284 2904 hoc
1328 2850 1473 2904 enim
1512 2858 1594 2904 est
1641 2846 1883 2913 improha
1916 2845 2122 2914 cupidi-

516 2956 635 3010 tas;
665 2954 718 2999 et
750 2943 1202 2997 inflammationes
1237 2943 1531 3011 urgebant;
1567 2940 1668 2994 hoc
1695 2938 1836 2990 enim
1867 2951 2122 3006 arrogan-

517 3037 625 3102 tia;
669 3044 724 3091 et
769 3035 1014 3105 quaedam
1048 3034 1367 3088 insatiabilis
1417 3032 1586 3086 fames
1633 3028 1967 3099 Coettpabat;
2018 3028 2121 3082 hoc

514 3130 656 3184 enim
689 3129 947 3193 avaritia;
983 3135 1036 3182 et
1077 3127 1256 3180 sanies
1288 3125 1560 3193 undique;
1596 3124 1696 3177 hoc
1727 3122 1870 3175 enim
1913 3128 2120 3172 scorta-

517 3223 630 3284 tio;
671 3230 727 3275 et
767 3219 983 3273 caecitas
1011 3218 1328 3278 oculorum;
1375 3217 1474 3269 hoc
1517 3215 1660 3268 enim
1695 3211 2034 3276 idololatria;
2068 3217 2122 3261 et

516 3313 751 3369 surditas
789 3321 842 3366 et
875 3321 1100 3380 stupor;
1144 3310 1245 3362 hoc
1287 3309 1428 3363 enim
1471 3315 1587 3361 erat
1634 3305 1839 3374 lapides
1881 3312 1936 3356 et
1980 3303 2118 3371 ligna

518 3404 765 3471 adorare,
800 3413 1002 3459 etcum
1037 3403 1140 3456 illis
1167 3401 1439 3465 colloqui;
1474 3407 1526 3451 ct
1559 3396 1728 3450 multa
1757 3393 2116 3457 deformitas;

516 3498 618 3552 hoc
644 3498 786 3552 enim
810 3496 1093 3556 vitiositas,
1127 3495 1276 3548 triste
1310 3491 1562 3545 nimirum
1590 3487 1868 3558 quiddam,
1896 3495 1947 3540 et
1975 3500 2118 3537 mor-

516 3590 618 3644 bus
648 3588 1024 3659 gravissimus.
1063 3585 1208 3640 Vidit
1240 3582 1551 3643 absurdius,
1582 3593 1741 3649 quam
1789 3575 2120 3630 insanientes

517 3682 752 3747 soleant,
796 3680 1106 3748 loquentes,
1140 3686 1193 3730 et
1235 3675 1439 3746 lignum
1480 3683 1534 3727 et
1571 3671 1802 3740 lapidem
1834 3667 1994 3722 deum
2025 3682 2119 3720 vo-

518 3782 703 3827 cantes
737 3790 750 3825 :
779 3771 914 3825 vidit
944 3771 996 3824 in
1028 3779 1171 3823 tanta
1204 3766 1479 3837 nequitia;
1509 3778 1608 3818 nec
1637 3772 1814 3815 tamen
1842 3759 2120 3813 abomina-

519 3879 603 3923 tus
630 3876 732 3934 est,
767 3882 872 3920 non
906 3865 1143 3918 amarior
1174 3863 1368 3925 factus,
1416 3875 1520 3913 non
1549 3867 1830 3912 aversatus
1860 3863 1964 3915 est,
2012 3868 2117 3905 non

516 3964 641 4019 odio
669 3970 1030 4034 prosequutus
1055 3976 1068 4012 :
1095 3957 1351 4012 Dominus
1382 3953 1525 4009 enim
1554 3959 1690 4016 erat,
1720 3958 1774 4004 et
1800 3961 1936 4017 opus
1961 3960 2117 4000 suum

518 4071 628 4111 non
657 4055 865 4110 oderat.
896 4051 1001 4107 Sed
1032 4049 1156 4122 quid
1191 4049 1349 4104 facit?
1375 4045 1574 4116 Optimi
1619 4041 1814 4098 medici
1846 4055 1995 4093 more
2025 4052 2118 4107 pa-

518 4159 595 4204 rat
628 4148 858 4218 pretiosa
901 4147 1207 4216 pharmaca,
1243 4155 1413 4209 eaque
1454 4137 1658 4208 primus
1692 4141 1867 4203 gustat
1898 4148 1910 4183 :
1945 4129 2110 4183 virtu-

519 4253 627 4298 tem
654 4243 798 4298 enim
833 4241 947 4310 ipse
981 4237 1185 4308 primus
1227 4233 1413 4296 obivit,
1442 4245 1505 4284 ac
1533 4230 1786 4296 deinceps
1823 4223 1976 4279 nobis
2011 4230 2114 4275 tra-

520 4337 680 4393 didit.
742 4337 819 4391 Ac
876 4335 1110 4404 primum
1173 4330 1547 4400 pharmacum,
1608 4321 1758 4392 quasi
1818 4315 2119 4372 antidotum

519 4427 815 4501 quoddam,
855 4427 1128 4482 lavacrum
1171 4421 1353 4486 dedit;
1405 4418 1477 4472 ita
1519 4429 1738 4470 onmem
1783 4407 2120 4466 evomuimus

1346 410 1412 466 111
1450 408 1670 467 110151.
1715 407 1808 465 AD
1849 407 2139 464 rntLtpP.
2181 409 2336 464 car.
2381 411 2461 464 111.
2508 390 2739 468 uouit.
2786 410 2901 470 xu.

3716 419 3822 476 2

2227 525 2548 594 nequitiam,
2591 529 2661 583 ita
2693 529 2874 584 omnia
2905 529 3062 585 simul
3096 530 3147 585 in
3195 531 3370 602 fugam
3417 550 3472 588 se
3510 533 3774 589 dederunt
3805 555 3818 589 :

2226 616 2574 674 inflammatio
2605 623 2790 684 cessit,
2823 620 2988 677 febris
3019 625 3282 678 exstincta
3313 633 3415 691 est,
3450 635 3502 679 ct
3527 628 3702 681 sanies
3732 644 3824 682 cx-

2223 709 2441 765 siccata.
2485 711 2676 768 Omnia
2718 715 2861 770 enim
2901 727 2954 770 et
2995 733 3113 787 qtne
3154 719 3220 772 ab
3251 721 3470 774 avaritia
3511 734 3563 774 et
3602 740 3720 791 qua:
3756 725 3823 778 ab

2224 807 2323 866 ira,
2349 811 2398 854 et
2428 812 2621 857 cartera
2655 807 2834 858 omnia
2868 808 3004 859 mala
3039 823 3132 875 per
3161 810 3406 877 Spil'iltlm
3439 822 3774 867 evanuerunt
3805 829 3821 868 :

2221 895 2392 963 aperti
2424 904 2547 949 sunt
2575 899 2738 964 oeuli,
2767 905 2969 967 aperta:
3000 916 3180 969 aures,
3213 904 3349 970 piam
3382 920 3567 959 vocem
3602 906 3819 976 loquuta

2228 998 2309 1039 est
2334 986 2512 1056 lingua
2543 1005 2556 1040 :
2591 989 2732 1044 vires
2761 991 3041 1060 acquisivit
3075 994 3274 1058 anima,
3309 998 3598 1066 acquisivit
3625 1015 3822 1069 corpus

2227 1077 2701 1147 pulchritudinem,
2724 1094 2776 1134 et
2803 1081 2988 1137 orem
3020 1083 3346 1151 huiusmodi,
3380 1089 3589 1156 qualem
3621 1108 3714 1160 par
3741 1102 3824 1146 est

2227 1170 2424 1225 habere
2456 1173 2928 1241 pulchritudinem,
2962 1177 3050 1231 Dei
3087 1178 3250 1231 filimn
3284 1195 3348 1233 ex
3381 1181 3612 1249 Spiritus
3651 1186 3818 1253 gratia

2226 1275 2601 1332 procreatum;
2637 1267 2848 1335 qualem
2890 1285 2983 1337 par
3028 1278 3111 1323 est
3155 1269 3354 1325 habere
3398 1273 3621 1341 gloriam
3656 1277 3821 1331 lilium

2223 1371 2395 1423 nuper
2417 1356 2546 1426 Regi
2582 1367 2793 1423 natum,
2819 1369 2869 1413 et
2896 1361 2943 1413 in
2969 1377 3203 1430 purpura
3234 1363 3507 1417 eductum.
3542 1365 3634 1418 1101
3670 1368 3820 1430 mihi,

2224 1457 2478 1516 quantam
2522 1451 2678 1504 nobis
2719 1451 2937 1504 donavit
2984 1455 3350 1510 nobilitatem!
3387 1472 3486 1511 nos
3524 1473 3651 1512 vero
3699 1475 3820 1529 erga

2224 1555 2370 1608 eum,
2404 1543 2491 1610 qui
2537 1543 2673 1597 adeo
2716 1560 2813 1597 nos
2860 1546 3078 1611 amavit,
3124 1548 3311 1616 ingrati
3351 1563 3474 1602 esse
3511 1566 3824 1618 persevera-

2224 1650 2366 1689 mus.
2410 1635 2627 1704 Peperit
2668 1652 2800 1704 nos,
2835 1639 3084 1703 nutrivit,
3128 1639 3400 1695 beneficiis
3445 1642 3619 1696 affecit
3654 1662 3666 1698 :
3697 1646 3822 1714 qnirl

2225 1746 2414 1783 rursus
2462 1729 2695 1800 fugimus
2743 1734 2809 1787 ab
2853 1749 2939 1800 eo,
2983 1737 3072 1805 qui
3124 1745 3267 1790 tanta
3307 1738 3491 1792 tribuit
3529 1740 3826 1796 beneficia?

2224 1823 2364 1892 Ergo
2391 1825 2478 1894 qtti
2505 1825 2617 1878 haec
2643 1827 2820 1879 omnia
2846 1826 2988 1889 fecit,
3017 1828 3178 1882 robur
3204 1829 3364 1883 etiam
3395 1830 3486 1884 dat
3513 1849 3525 1884 :
3554 1848 3656 1885 non
3681 1833 3824 1887 enim

2225 1915 2352 1970 dttm
2404 1917 2625 1972 morbus
2675 1933 2773 1972 nos
2819 1920 3140 1989 occupabat.
3191 1922 3415 1976 ferendo
3465 1925 3615 1977 oneri
3668 1941 3827 1994 pares

2224 2024 2462 2074 eramus,
2502 2011 2605 2065 nisi
2649 2011 2762 2080 ipse
2804 2012 2944 2066 vires
2985 2013 3140 2067 nobis
3184 2014 3444 2069 dedisset.
3488 2015 3696 2070 Tribuit
3739 2035 3816 2072 re-

2225 2102 2539 2156 missionem
2565 2115 2931 2174 peecatorum;
2948 2106 3156 2160 irritum
3177 2106 3396 2161 fecimus
3418 2108 3618 2163 dolium
3640 2128 3654 2165 :
3678 2110 3826 2163 dedit

2226 2194 2381 2248 nobis
2403 2196 2632 2259 divitias;
2667 2212 2759 2250 eas
2789 2197 3218 2267 dilapidavirnus,
3254 2200 3430 2253 omnia
3457 2202 3824 2258 comedimus:

2226 2287 2373 2342 dedit
2397 2288 2548 2341 nobis
2577 2289 2737 2354 vires;
2757 2305 2848 2344 eas
2875 2291 3306 2360 consumpsimus
3331 2309 3344 2345 :
3367 2292 3510 2346 dedit
3537 2293 3689 2346 nobis
3719 2312 3830 2362 111-

2229 2382 2387 2444 tiam;
2419 2381 2586 2449 ipsam
2627 2383 3004 2436 exstinximus.
3035 2383 3357 2450 Quomodo?
3384 2383 3830 2452 Consumpsituns

2228 2473 2374 2526 nulla
2426 2473 2476 2525 iu
2524 2490 2580 2527 re
2613 2490 2732 2542 qua:
2785 2474 2940 2528 nobis
2991 2475 3294 2543 prodesset,
3341 2485 3502 2544 atquc
3547 2477 3828 2529 utilitatem

2228 2561 2465 2618 afferret.
2503 2564 2628 2616 1111
2660 2580 2756 2618 1105
2788 2565 3156 2634 perdiderunt,
3188 2577 3349 2637 atque
3380 2568 3508 2621 illud
3540 2578 3826 2636 praeterea,

2228 2656 2371 2726 quod
2402 2658 2640 2710 omnium
2673 2660 3052 2728 gravissimum
3095 2672 3202 2724 t'Sl,
3237 2662 3378 2729 quod
3426 2663 3478 2714 in
3525 2661 3698 2715 aliena
3732 2662 3822 2716 de.

2222 2760 2416 2820 gentes
2448 2760 2614 2819 terra,
2649 2761 2704 2806 et
2739 2752 3088 2806 comedentes
3115 2753 3357 2822 siliquas,
3396 2770 3503 2806 non
3539 2764 3716 2808 tamen
3745 2754 3830 2807 di-

2227 2845 2420 2907 cimus,
2456 2844 2765 2898 Redeamus
2799 2844 2864 2898 ad
2908 2846 3141 2910 Patrem,
3172 2857 3225 2899 et
3265 2847 3526 2912 dicamus,
3581 2848 3829 2902 Peccavi-

2229 2955 2348 2994 mus
2395 2941 2444 2993 in
2487 2941 2682 2994 malum
2735 2948 2789 2994 et
2832 2941 2881 2994 in
2922 2951 2971 2993 te
3008 2939 3158 3011 (Luc.
3212 2941 3296 2995 15.
3348 2941 3441 3008 18)
3476 2961 3488 2994 :
3519 2941 3678 3011 idque
3709 2958 3829 2995 cum

2231 3033 2442 3086 Patrem
2467 3034 2604 3087 adeo
2635 3045 2928 3099 amantem,
2961 3035 3239 3103 nostrique
3269 3034 3473 3088 reditus
3498 3035 3650 3087 valde
3681 3036 3828 3105 cupi-

2229 3125 2353 3178 dum
2389 3126 2701 3179 habeamus.
2741 3126 3042 3179 Dummodo
3069 3141 3098 3179 a
3131 3127 3260 3179 vitio
3295 3127 3634 3189 recedamus,
3670 3128 3831 3181 dunt-

2230 3217 2474 3271 modoad
2505 3219 2678 3287 ipSum
2711 3218 3016 3283 redeamus,
3047 3219 3185 3272 utde
3208 3220 3493 3289 pneteritis
3522 3235 3616 3273 nos
3646 3221 3830 3289 objur-

2227 3319 2338 3379 gct,
2367 3309 2558 3363 adduci
2592 3327 2695 3362 non
2729 3319 2938 3379 potest:
2961 3312 3132 3363 solum
3161 3312 3478 3365 recedamus
3499 3329 3510 3371 ;
3532 3316 3661 3366 satis
3686 3313 3832 3366 enim

2228 3402 2368 3474 apud
2405 3403 2552 3456 illum
2584 3404 2946 3457 excusationis
2978 3403 3344 3465 e.t,rediisse.
3373 3404 3575 3474 Ecquid
3605 3405 3746 3466 dico,
3777 3415 3834 3459 ut

2227 3495 2476 3566 obiurget
2502 3493 2692 3547 adduci
2723 3510 2830 3547 non
2862 3495 3076 3560 potest?
3113 3513 3158 3546 111
3187 3512 3216 3548 11
3246 3495 3417 3549 solum
3453 3495 3565 3563 ipse
3599 3511 3703 3549 non
3734 3496 3830 3549 eli--

2224 3587 2424 3658 jurgat,
2446 3601 2629 3640 verum
2664 3586 2822 3638 etiam
2845 3586 2887 3639 si
2907 3586 3045 3638 alius
3068 3586 3334 3656 objurgel,
3352 3587 3624 3641 silentium
3655 3588 3832 3655 impo-

2231 3681 2308 3734 nit
2339 3697 2350 3731 :
2380 3680 2590 3732 etiamsi
2624 3680 2712 3733 ille
2742 3679 2829 3749 qui
2863 3677 3130 3747 ohjnrgat,
3165 3680 3409 3747 apprime
3439 3679 3543 3734 sibi
3577 3689 3833 3748 acceptus

2231 3774 2320 3827 sit.
2367 3771 2672 3825 Redeamus
2710 3785 2838 3841 ergo
2871 3791 2883 3826 :
2916 3785 3198 3839 quousque
3239 3770 3585 3824 recedimus?
3627 3770 3832 3824 sentia-

2230 3882 2349 3920 mus
2401 3865 2662 3929 dedecus,
2717 3865 3014 3918 sentiamus
3066 3865 3375 3917 vilitatem:
3413 3863 3679 3918 vitiositas
3736 3880 3832 3917 nos

2231 3971 2424 4027 porcos
2452 3955 2598 4019 facit,
2634 3957 2901 4010 vitiositas
2933 3958 3128 4010 famem
3159 3956 3313 4010 affert
3340 3955 3559 4010 animae.
3590 3956 3834 4025 Recnpc-

2230 4064 2414 4103 remus
2445 4064 2542 4102 nos
2567 4049 2712 4118 ipsos
2743 4059 2795 4103 et
2833 4048 3236 4117 resipiscamus,
3265 4059 3319 4103 et
3352 4049 3403 4102 in
3438 4049 3718 4118 pristinam
3749 4065 3835 4102 re-

2229 4143 2454 4197 deamus
2495 4141 2855 4207 nobilitatem,
2894 4149 2947 4195 et
2983 4139 3164 4195 futura
3208 4155 3608 4209 001150111111111111
3657 4140 3831 4203 bona,

2230 4237 2400 4308 gratia
2425 4246 2480 4290 et
2504 4237 2835 4306 benignitate
2858 4235 3066 4288 Domini
3097 4232 3266 4287 nostri
3298 4232 3424 4286 .lesu
3457 4232 3682 4297 Clll'irii,
3709 4247 3830 4285 cum

2229 4347 2336 4400 quo
2358 4331 2500 4385 Patri
2520 4330 2788 4398 simulque
2810 4339 2994 4383 sancto
3016 4327 3237 4396 Spiritui
3260 4326 3448 4396 gloria,
3469 4334 3725 4394 potestas,
3749 4325 3837 4378 ho-

2230 4438 2349 4490 nor,
2380 4437 2523 4478 nunc
2546 4431 2601 4478 et
2626 4435 2870 4491 semper,
2899 4430 2946 4475 et
2965 4419 3019 4475 in
3041 4418 3238 4474 saecula
3265 4418 3607 4474 saeculorum.
3637 4420 3832 4472 Amen.

522 4582 2538 4632 ___________________________________.___.

1877 4692 2225 4764 HOMILIA
2277 4691 2424 4754 XII.

517 4895 644 4952 CAP.
678 4895 732 4948 5.
763 4909 817 4948 v.
848 4893 936 4948 15.
967 4889 1201 4954 Fratres,
1231 4902 1322 4959 ego
1351 4901 1430 4938 me
1471 4898 1574 4937 non
1621 4877 1868 4933 arbritror
1893 4883 2124 4940 compre

591 4987 825 5040 hendisse
850 5001 868 5039 :
894 4984 983 5040 M.
1013 4999 1172 5038 unum
1200 4989 1370 5034 autem
1396 5021 1410 5046 ,
1441 4991 1555 5047 quae
1582 4971 1787 5043 quidem
1818 4977 1951 5023 retro
1982 4972 2119 5030 sunt,

590 5079 909 5144 obliviscens,
941 5076 1010 5129 ad
1035 5091 1094 5129 ea
1123 5089 1240 5128 vero
1265 5085 1378 5142 qua:
1405 5076 1522 5123 sunt
1549 5068 1721 5138 priora
1749 5059 2021 5117 extendens
2045 5072 2125 5109 me

588 5175 604 5225 i
611 5188 778 5244 psunt,
799 5170 866 5222 ad
891 5169 1198 5222 destinatum
1228 5176 1517 5235 persequor,
1542 5157 1610 5212 ad
1638 5155 1863 5210 brevium
1887 5163 2124 5218 superna:

587 5266 868 5321 vocationis
896 5263 992 5318 Dei
1019 5264 1070 5316 in
1099 5261 1300 5316 Christo
1326 5257 1473 5312 Jesu.

590 5363 640 5415 1.
686 5358 828 5414 Nihil
859 5372 1012 5427 reque
1051 5353 1226 5410 inania
1267 5350 1443 5405 reddit
1480 5348 1619 5402 bona
1659 5358 1819 5414 opera
1842 5384 1856 5407 ,
1887 5339 2017 5395 nihil
2051 5341 2120 5391 ita

517 5453 687 5516 inat,
712 5461 772 5506 ut
795 5464 979 5504 eorum
1006 5463 1126 5519 qurc
1151 5459 1247 5500 nos
1272 5453 1418 5498 recte
1442 5439 1670 5494 fecimus
1692 5433 1971 5490 memoria.
2008 5431 2122 5484 Duo

516 5546 661 5600 enim
693 5544 830 5616 parit
857 5543 993 5596 mala
1017 5583 1031 5607 ,
1066 5537 1481 5610 negligentiorcs
1509 5533 1664 5595 facit,
1699 5539 1750 5583 et
1779 5529 1830 5583 in
1863 5539 2123 5594 arroganv

517 5638 645 5692 tiam
674 5636 830 5691 tollit.
860 5633 1219 5702 Quamobrem
1249 5628 1465 5694 Paulus,
1492 5624 1744 5695 quoniam
1774 5626 2000 5675 noverat
2027 5633 2121 5670 na-

517 5740 692 5786 turam
727 5737 965 5782 nostram
1009 5725 1076 5780 ad
1107 5723 1409 5780 socordiam
1452 5719 1610 5773 valde
1641 5731 1761 5773 esse
1792 5713 2081 5784 proclivem
2105 5755 2118 5776 ,

518 5823 704 5878 multis
743 5830 921 5875 autem
969 5818 1215 5873 laudibus
1260 5815 1631 5883 Philippenses
1672 5809 1928 5865 affecerat
1956 5826 1969 5862 :
2001 5806 2122 5860 vide

519 5913 796 5985 quomodo
833 5926 1018 5969 eorum
1051 5908 1269 5984 spiritus
1311 5903 1660 5978 comprimat,
1698 5901 1881 5958 mttltis
1907 5897 2121 5972 quidem

2235 4863 2355 4920 aliis
2403 4873 2560 4921 antea
2606 4867 2800 4932 modis,
2832 4867 3101 4938 praecipue
3143 4873 3323 4921 autem
3353 4863 3436 4918 his
3465 4876 3608 4921 nunc
3633 4860 3832 4915 verbis.

2233 4959 2373 5025 Quid
2399 4960 2541 5014 enim
2569 4959 2735 5015 dicit?
2766 4958 2998 5027 Fratres,
3019 4976 3111 5032 egu
3133 4976 3210 5014 me
3234 4975 3333 5012 non
3354 4956 3575 5010 arbitror
3598 4969 3832 5022 compre-

2235 5053 2485 5107 hendisse.
2533 5052 2686 5121 Quod
2733 5053 2777 5106 si
2821 5053 3018 5107 Paulus
3047 5051 3221 5106 adhuc
3253 5065 3357 5105 non
3386 5043 3796 5118 comprehendit
3820 5082 3837 5110 ,

2236 5161 2411 5216 neque
2438 5146 2621 5201 denti
2647 5147 2827 5201 animo
2854 5147 2921 5201 de
2947 5145 3348 5200 resurrectione
3373 5158 3437 5196 ac
3460 5139 3652 5196 futuris
3675 5138 3837 5192 rebus

2237 5250 2353 5307 est;
2386 5241 2554 5294 multo
2581 5241 2741 5309 igitur
2770 5242 2946 5295 minus
2977 5241 3104 5306 illis,
3134 5241 3223 5310 qtti
3259 5254 3357 5294 nec
3385 5236 3661 5292 tninimam
3693 5233 3835 5287 illius

2235 5335 2636 5389 benefactorum
2665 5343 2872 5404 partem
2900 5334 3173 5404 assequuti
3201 5333 3434 5394 fuerant,
3463 5331 3511 5384 id
3538 5327 3838 5385 faciendum

2235 5435 2367 5480 erat.
2409 5425 2562 5493 Quod
2592 5436 2768 5480 autem
2809 5425 2976 5494 inquit
3003 5467 3016 5488 ,
3053 5425 3157 5479 hoc
3189 5435 3271 5480 est
3348 5423 3596 5478 Nondum
3623 5435 3838 5476 onmem

2235 5534 2320 5573 me
2349 5518 2771 5590 apprehendisse
2812 5518 3064 5572 virtutem
3097 5525 3227 5586 puto
3261 5535 3274 5570 :
3307 5518 3374 5570 ita
3407 5518 3653 5586 loquens,
3689 5522 3745 5568 ut
3775 5513 3840 5568 de

2234 5627 2457 5668 cursore
2486 5612 2589 5666 dici
2621 5611 2792 5678 solet,
2828 5609 3074 5664 Nondum
3126 5607 3504 5677 apprehendit.
3552 5607 3797 5662 Nondum
3821 5645 3836 5670 ,

2237 5707 2405 5777 inquit
2449 5706 2672 5771 Paulus,
2709 5712 2876 5757 totum
2927 5700 3156 5756 confeci.
3203 5699 3357 5768 Quod
3403 5700 3448 5754 si
3490 5699 3617 5753 alibi
3657 5697 3836 5760 dicat,

2236 5798 2432 5852 Bonum
2473 5809 2725 5853 certamen
2762 5796 2946 5849 certari
2973 5793 3066 5864 (2.
3117 5791 3248 5846 Tim.
3295 5793 3348 5846 4.
3403 5790 3514 5862 7);
3552 5790 3638 5844 1110
3668 5803 3796 5843 vero
3820 5827 3835 5848 ,

2237 5893 2484 5949 Nondum
2530 5891 2747 5946 arbitror
2789 5907 2865 5944 me
2908 5887 3390 5960 comprehemlissc:
3420 5886 3509 5958 qui
3551 5893 3834 5950 utrumque
