4184 6554
437 398 499 451 τι
1107 380 1165 436 s.
1206 380 1485 440 JOANNIS
1521 372 1989 434 cuuvsosrout
2033 370 2346 427 Al‘tClllEP.
2387 371 2923 434 consummes.

400 510 574 564 locum
598 514 843 562 accurate
865 504 1023 574 leget,
1045 500 1209 569 probe
1228 511 1439 552 causam
1464 495 1696 555 illorum,
1717 498 1771 543 et
1792 489 1979 542 horum

400 601 685 653 verborum
726 601 1030 665 cognoscet.
1057 589 1174 644 Non
1212 589 1355 643 enim
1397 583 1607 639 assidue
1652 587 1863 649 Oportet
1891 592 1984 631 ea-

402 693 525 748 dem
570 705 822 755 versare;
856 700 1059 755 nosque
1104 680 1281 737 omnia
1327 680 1557 740 docere,
1589 675 1987 738 admonereque

407 785 518 837 luce
542 783 707 845 multo
736 788 889 831 antea
919 777 1057 831 dicta
1088 790 1207 828 esse
1232 813 1245 836 ,
1279 772 1363 825 illa
1397 783 1526 823 vero
1557 778 1742 819 versus
1775 763 1930 815 finem
1971 777 1983 812 :

407 874 653 929 Nondum
682 872 902 924 arbitror
923 911 937 937 ,
970 868 1160 937 inquit,
1194 881 1271 918 me
1299 858 1776 931 comprehendisse;
1805 851 1897 906 sed
1929 851 1981 903 in

406 968 505 1022 hoc
535 980 638 1019 uno
661 973 802 1017 totus
825 977 964 1022 sum,
991 970 1045 1013 ιιι
1066 958 1131 1011 ad
1156 955 1419 1011 anteriora
1447 968 1530 1005 me
1552 947 1854 1004 extendam.
1878 943 1990 997 lloc

406 1061 544 1114 enim
577 1057 674 1111 sibi
708 1058 814 1107 vult
838 1096 853 1115 ,
883 1055 1007 1108 dum
1051 1052 1216 1122 inquit
1245 1069 1256 1105 :
1292 1047 1460 1103 Unum
1507 1055 1673 1097 autem
1699 1058 1715 1094 :
1741 1055 1854 1109 quia
1881 1036 1993 1107 qui-

406 1153 515 1204 dem
539 1161 671 1203 retro
692 1157 805 1201 sunt
833 1146 1150 1208 obliviscaris,
1183 1143 1248 1194 ad
1280 1158 1335 1194 ea
1364 1155 1474 1192 uero
1507 1151 1619 1208 qua:
1652 1134 1822 1203 priora
1850 1135 1985 1191 sunt,

403 1244 677 1301 extendens
708 1258 784 1293 me
814 1241 1004 1308 ipsum,
1027 1236 1092 1289 ad
1122 1235 1423 1288 destinatum
1453 1242 1720 1299 persequor
1743 1264 1758 1288 ,
1782 1222 1849 1273 ad
1879 1221 1994 1271 bra-

407 1339 537 1390 vium
585 1349 818 1404 superna:
859 1331 1134 1385 uocationis
1182 1326 1279 1379 Dei
1322 1328 1372 1377 iu
1421 1322 1619 1375 Christo
1661 1318 1807 1370 Jcsu.
1852 1310 1988 1364 Vide

407 1431 675 1499 quomodo
726 1430 806 1482 his
852 1425 1029 1482 verbis
1069 1421 1320 1483 ostendit,
1363 1418 1488 1487 qttid
1535 1413 1662 1468 illud
1709 1413 1813 1477 sit,
1843 1408 1986 1480 quod

410 1526 580 1593 ipsmn
626 1520 849 1574 faciebat
877 1518 941 1571 ad
975 1517 1237 1570 anteriora
1270 1528 1327 1565 se
1359 1508 1668 1563 extendere.
1711 1503 1871 1558 Certe
1902 1500 1994 1569 qui

404 1616 512 1684 jam
544 1628 600 1667 se
629 1611 920 1682 perfecmm
953 1616 1100 1677 putat
1122 1648 1135 1669 ,
1172 1604 1409 1671 nihilque
1438 1601 1534 1654 sibi
1565 1599 1754 1652 deesse
1785 1595 1849 1646 ad
1882 1594 1989 1645 vir-

409 1705 535 1757 tutis
579 1701 995 1771 perfectionem,
1039 1697 1083 1751 is
1132 1712 1181 1768 a.
1202 1709 1359 1749 cursu
1407 1690 1672 1749 cessabit,
1708 1686 1854 1756 qua~i
1905 1684 1993 1754 qui

410 1805 575 1849 totum
596 1796 705 1862 jam
729 1799 909 1846 teneat
940 1808 952 1842 :
987 1800 1041 1843 at
1065 1788 1151 1858 qui
1175 1802 1234 1841 se
1255 1785 1430 1839 adhuc
1461 1798 1488 1834 a
1520 1790 1659 1834 meta
1687 1779 1873 1831 abesse
1900 1790 1992 1828 eo-

408 1888 560 1957 gitat,
592 1886 634 1938 is
666 1896 949 1951 numquam
977 1896 1006 1935 a
1037 1893 1194 1932 cursu
1224 1883 1416 1930 cessat.
1440 1872 1553 1927 [loc
1580 1871 1736 1940 igitur
1763 1881 1859 1921 nos
1885 1865 1998 1919 exi-

410 1956 630 2035 stimare
669 1990 882 2043 semper
906 1972 1187 2033 debemus,
1212 1967 1374 2021 etiam
1401 1965 1446 2021 si
1477 1969 1727 2017 sexcenta
1760 1956 1995 2012 obiveri-

412 2082 528 2119 tuus
558 2067 766 2117 virtutis
795 2062 990 2115 ofﬁcia.
1029 2059 1238 2114 Etenim
1271 2057 1314 2111 si
1348 2055 1543 2109 Paulus
1571 2061 1688 2123 post
1714 2055 1993 2104 sexcentos

411 2169 633 2220 mortes,
666 2167 782 2225 pust
811 2166 953 2209 tanta
977 2152 1211 2223 pericula
1236 2150 1336 2204 hoc
1356 2162 1539 2202 secum
1565 2142 1798 2214 putabat,
1830 2140 1997 2193 multo

410 2250 579 2319 magis
609 2262 726 2303 nos.
756 2244 869 2299 Non
897 2243 1076 2297 animo
1101 2238 1344 2303 concidi,
1375 2237 1573 2306 inquit,
1607 2232 1846 2304 quamvis
1879 2238 1996 2299 post

414 2350 617 2395 tantum
641 2352 854 2393 cursum
885 2334 1119 2389 nondum
1148 2329 1504 2401 pervenerim,
1532 2344 1636 2380 non
1671 2325 1789 2378 ideo
1821 2332 1996 2375 tamen

412 2428 713 2499 desperari,
746 2425 838 2481 sed
867 2424 1042 2478 adhuc
1071 2436 1251 2485 curro,
1278 2418 1454 2473 adhuc
1478 2424 1627 2472 certo
1657 2432 1671 2470 :
1701 2412 1803 2467 hoc
1833 2426 1994 2464 mmm

413 2532 619 2594 Specto,
643 2531 697 2574 ut
719 2519 931 2575 assidue
955 2516 1250 2587 proﬁciam.
1273 2513 1328 2567 Id
1349 2511 1501 2567 nobis
1516 2510 1675 2564 etiam
1697 2505 1995 2562 faciendum

412 2628 493 2671 est
515 2613 796 2670 :oblivioni
838 2608 1133 2665 mandanda
1157 2614 1281 2661 sunt
1302 2603 1599 2668 benefacta,
1631 2611 1686 2655 et
1704 2598 1997 2653 omittenda

412 2723 531 2775 quae
558 2716 704 2759 retro
731 2712 875 2757 sunt.
901 2701 1031 2756 Nam
1060 2708 1114 2753 et
1146 2712 1355 2761 cttrSor,
1382 2712 1486 2748 non
1519 2703 1647 2760 quot
1676 2691 1843 2761 spatia
1866 2705 1996 2743 con-

416 2796 597 2852 fecerit
632 2796 858 2863 cogit:t,
889 2791 981 2846 sed
1028 2799 1156 2857 quot
1196 2788 1370 2841 adlmc
1416 2793 1637 2840 restent.
1664 2784 1738 2837 lla
1775 2792 1827 2834 et
1863 2796 1958 2833 nos
1982 2822 1996 2846 ,

416 2902 519 2941 non
547 2894 800 2955 quantum
836 2883 883 2933 iu
919 2882 1112 2935 virtute
1144 2877 1409 2948 progressi
1451 2876 1641 2940 simus,
1677 2874 1997 2943 cogitemus,

415 2977 509 3033 sed
540 2984 794 3045 quantum
817 2973 990 3026 adhuc
1015 2969 1460 3040 progrediendum
1485 2975 1671 3021 restet.
1696 2965 1831 3032 Quid
1855 2962 1999 3017 enim

417 3068 571 3123 nobis
594 3065 850 3137 proderit,
872 3063 1009 3133 quod
1038 3062 1299 3132 progressi
1324 3076 1530 3124 smnus,
1554 3057 1652 3112 uisi
1676 3056 1835 3109 etiam
1859 3051 2000 3123 quod

415 3170 577 3215 restat
620 3157 1048 3213 ceufecerimus?
1082 3155 1263 3223 Neque
1294 3153 1460 3217 dixit,
1490 3151 1604 3206 Non
1636 3150 1844 3218 cogito,
1873 3154 1997 3213 aut,

376 3249 383 3255 ’
417 3251 532 3305 Non
553 3249 788 3315 memini,
815 3246 929 3312 sed,
956 3245 1286 3308 Oblivisceris,
1318 3245 1386 3296 ita
1421 3258 1518 3296 nos
1543 3240 1857 3294 attentiores
1880 3235 2000 3290 red-

417 3343 569 3396 dens.
617 3341 767 3395 Tune
820 3341 961 3393 enim
1013 3338 1165 3392 valde
1213 3336 1560 3391 vehementes
1614 3347 1832 3395 sumus,
1878 3345 1999 3383 cum

417 3449 630 3487 ontucnt
658 3432 820 3486 animi
845 3432 1099 3499 impetum
1132 3431 1180 3481 iu
1211 3429 1260 3482 td
1285 3427 1426 3498 quod
1454 3434 1618 3481 restat
1649 3425 1998 3492 coniecimus,

417 3542 536 3580 cum
568 3524 836 3597 prmterita
869 3521 1122 3576 oblivioni
1154 3520 1541 3574 mandavimus.
1592 3516 1960 3571 Extcndcntes
1984 3556 1999 3579 ,

414 3618 609 3687 inquit,
632 3631 748 3680 nos,
779 3626 1062 3685 antequam
1086 3612 1422 3675 accedamus,
1442 3626 1634 3679 capere
1661 3610 1927 3664 volumus.
1956 3606 2003 3661 Is

417 3708 558 3761 enim
587 3706 876 3762 extendere
903 3720 960 3760 se
987 3704 1202 3768 dicitur,
1225 3703 1313 3773 qui
1345 3702 1528 3772 pedes,
1552 3701 1676 3755 licet
1701 3709 2000 3764 currentes,

416 3799 624 3866 reliquo
673 3812 900 3866 corpore
945 3804 1283 3849 antevertere
1326 3794 1539 3857 studet,
1573 3804 1738 3860 seque
1784 3790 2004 3843 inclinat

419 3890 470 3943 in
506 3889 778 3953 interiora,
814 3900 1112 3955 manusque
1142 3882 1429 3953 protendit,
1460 3891 1515 3934 ut
1544 3880 1816 3949 aliquanto
1841 3879 2000 3934 etiam

420 3979 535 4049 plus
561 3980 716 4047 Spatti
750 3979 924 4032 faciat.
954 3975 1010 4030 ld
1050 3990 1177 4029 vero
1217 3988 1280 4029 ex
1323 3972 1490 4026 multo
1528 3970 1690 4024 animi
1725 3970 1921 4039 impetu
1949 3977 2005 4024 et

419 4088 611 4142 magno
630 4072 822 4127 ardore
841 4071 914 4123 fit.
940 4068 1037 4136 Qui
1060 4067 1246 4132 currit,
1270 4066 1369 4120 hoc
1389 4065 1548 4119 modo
1570 4071 1751 4118 currat
1767 4071 2000 4132 oportet,

419 4177 567 4222 tanto
593 4180 715 4220 cum
742 4164 921 4218 studio
945 4203 960 4226 ,
992 4171 1141 4215 tanto
1166 4174 1287 4213 cum
1322 4157 1542 4227 impetu,
1576 4173 1680 4211 non
1709 4166 1885 4210 autem
1914 4171 2002 4210 rc-

419 4260 601 4314 misse.
626 4257 892 4323 Quantum
919 4262 1096 4306 autem
1127 4250 1265 4304 inter
1288 4248 1429 4303 hunc
1456 4249 1542 4318 qui
1573 4248 1672 4302 hoc
1699 4248 1856 4302 modo
1883 4263 2006 4301 cur-

3561 374 3673 432 272

2105 486 2277 555 potior
2303 495 2383 540 est
2409 487 2582 557 palma
2608 528 2621 552 ,
2652 498 2706 543 et
2734 490 2882 542 multi
2932 499 3057 544 sunt
3102 490 3190 559 qui
3226 490 3521 559 impediunt
3553 510 3566 542 ε
3610 507 3676 546 ex

2097 575 2212 647 lege
2249 577 2366 632 vive
2400 595 2412 630 :
2439 578 2601 633 multa
2626 581 2769 635 enim
2796 591 2953 646 sunt,
2984 596 3100 651 qua:
3131 582 3294 635 robur
3319 581 3624 638 dissolvunt
3660 605 3673 639 :

2096 668 2294 723 bonum
2326 685 2451 724 crus
2492 670 2573 725 fac
2599 672 2722 743 pedi
2757 682 2883 739 tuo;
2920 684 3071 741 potes
3099 674 3242 727 enim
3278 696 3290 730 :
3325 691 3432 728 non
3471 686 3679 729 llﬂllll'il)

2097 776 2183 816 res
2207 771 2306 828 est,
2355 763 2449 818 sed
2479 765 2786 819 voluntatis.
2837 766 3030 820 Levcm
3076 766 3215 821 hanc
3253 766 3541 821 reddamus
3564 809 3577 824 .
3617 783 3682 821 ne

2096 858 2359 911 celeritati
2391 858 2583 927 pedum
2614 860 2877 930 reliquum
2905 860 3112 929 pondus
3141 860 3346 914 ofﬁciat
3372 879 3384 913 :
3417 859 3553 916 doce
3582 878 3675 929 pe-

2095 947 2190 1002 des
2214 964 2331 1003 esse
2353 950 2535 1005 firmos
2559 968 2573 1006 :
2597 952 2771 1005 solum
2796 952 2936 1006 enim
2969 951 3149 1005 multis
3175 952 3225 1005 in
3248 951 3382 1005 locis
3399 962 3481 1006 est
3506 952 3644 1005 luhri

2096 1055 2253 1105 cum;
2285 1056 2348 1097 ac
2387 1043 2429 1096 si
2462 1043 2622 1097 cadas
2646 1084 2663 1111 ,
2696 1045 2863 1099 multa
2894 1044 3190 1114 perdidisti.
3224 1046 3476 1099 Attamen
3499 1087 3511 1106 ,
3546 1056 3601 1099 et
3629 1046 3672 1096 si

2097 1131 2380 1199 cecideris,
2415 1148 2644 1204 exsurge
2676 1153 2688 1187 :
2726 1136 2849 1190 licet
2876 1138 3017 1191 enim
3047 1145 3101 1191 et
3129 1137 3231 1191 hoc
3256 1146 3411 1205 pacto
3442 1137 3678 1191 vincere.

2096 1220 2396 1293 Numquam
2419 1225 2637 1281 lubricis
2657 1226 2818 1281 rebus
2849 1237 2900 1282 te
2922 1229 3227 1282 eoutmittas
3247 1245 3261 1292 ;
3282 1239 3336 1281 et
3364 1243 3465 1281 non
3491 1228 3680 1282 cades:

2100 1328 2261 1382 super
2278 1315 2477 1370 solidas
2503 1325 2555 1371 et
2580 1319 2801 1373 stabiles
2828 1334 3018 1374 curre:
3045 1334 3257 1375 sursum
3279 1329 3442 1390 caput
3463 1319 3679 1382 habeas,

2099 1420 2310 1461 sursum
2333 1410 2537 1463 oculos.
2557 1409 2610 1464 ld
2629 1421 2684 1466 et
2703 1414 3046 1466 currentibus
3068 1414 3307 1483 magistri
3332 1411 3679 1483 pra-cipiunt:

2100 1496 2168 1551 ita
2191 1500 2590 1556 consolidautur
2613 1503 2773 1557 vires.
2791 1504 2882 1557 Sin
2915 1502 3167 1558 deorsum
3200 1520 3414 1558 versum
3444 1505 3680 1566 notabis,

2099 1591 2371 1659 coneides,
2401 1607 2461 1647 ac
2491 1592 2726 1649 fatisces.
2762 1596 2987 1651 Sursum
3018 1606 3222 1667 specta,
3244 1597 3334 1651 ubi
3364 1597 3536 1667 palma
3566 1606 3679 1650 est:

2101 1682 2186 1736 hic
2230 1684 2421 1751 palmte
2453 1696 2702 1757 aSpectus
2730 1699 2885 1759 auget
2933 1690 3166 1743 studium
3214 1692 3536 1757 voluntatis;
3565 1706 3687 1759 spes

2099 1771 2286 1827 adimit
2308 1775 2545 1830 laborum
2570 1788 2624 1832 et
2645 1780 3012 1834 molestiarmn
3038 1797 3252 1836 sensum
3279 1799 3293 1842 ;
3328 1782 3685 1852 longinquitas

2100 1862 2224 1919 facit
2250 1874 2308 1919 ut
2337 1866 2578 1922 bravium
2624 1882 2880 1940 appareat
2922 1872 3193 1942 exiguum.
3228 1873 3508 1941 Quodnam
3555 1874 3686 1930 illud

2102 1957 2221 2011 est?
2246 1958 2360 2012 Non
2389 1976 2569 2016 ramus
2597 1964 2788 2032 palma:
2814 1965 2942 2027 ;sed
2965 1966 3088 2035 quid
3108 1965 3387 2036 ?Regnum
3408 1969 3687 2034 caelorum,

2106 2049 2319 2118 requies
2345 2052 2689 2121 sempiterna,
2734 2055 2903 2124 gloria
2932 2071 3053 2109 cum
3085 2057 3302 2112 Christo
3324 2100 3338 2124 ,
3372 2058 3640 2114 hereditas
3671 2102 3687 2126 ,

2104 2137 2411 2197 fraternitas
2438 2185 2451 2207 ,
2484 2146 2894 2200 innumerabilia
2921 2146 3060 2203 bona
3088 2190 3103 2213 ,
3136 2165 3256 2217 quae
3288 2149 3463 2204 verbis
3490 2151 3684 2218 exponi

2102 2245 2206 2283 non
2236 2241 2476 2300 possunt.
2511 2234 2710 2290 Palma:
2743 2237 2884 2291 illius
2930 2237 3387 2305 pulchritudinem
3417 2241 3688 2311 explicare

2103 2338 2209 2375 non
2252 2338 2536 2393 posuimus
2566 2345 2578 2380 :
2609 2328 2761 2381 solus
2792 2329 2880 2383 ille
2909 2330 3054 2384 novit
3083 2331 3172 2401 qui
3218 2332 3446 2396 obtinet,
3499 2342 3551 2386 et
3597 2335 3688 2402 qui

2102 2426 2422 2484 accepturus
2452 2426 2554 2472 est.
2588 2419 2703 2473 Non
2723 2430 2806 2474 est
2832 2437 3018 2488 aurea,
3050 2439 3154 2477 non
3183 2439 3245 2479 ex
3268 2425 3535 2494 lapidibus
3561 2441 3690 2480 con-

2103 2514 2208 2558 stat
2234 2522 2248 2571 ;
2297 2507 2465 2561 nmlto
2496 2509 2610 2562 istis
2639 2520 2725 2564 est
2752 2512 3041 2581 pretiosior
3074 2531 3086 2563 :
3116 2529 3304 2567 aur-um
3339 2530 3450 2585 pra:
3478 2515 3567 2570 illa
3599 2518 3677 2570 lu-

2106 2603 2215 2649 tum
2259 2606 2376 2663 est;
2428 2598 2636 2668 lapides
2667 2602 2886 2670 pretiosi
2919 2618 3027 2671 prie
3058 2604 3147 2657 illa
3183 2605 3580 2673 pulchritudine
3612 2609 3694 2660 la-

2106 2695 2245 2740 teres
2273 2697 2415 2740 suut.
2450 2687 2505 2743 Si
2533 2705 2593 2743 ea
2626 2693 2826 2758 potitus
2857 2693 2907 2745 in
2937 2694 3126 2747 crelum
3158 2694 3336 2760 iveris,
3362 2712 3555 2768 magno
3583 2698 3693 2753 illic

2103 2794 2224 2833 cum
2258 2778 2462 2834 honore
2508 2783 2709 2851 poteris
2740 2784 2991 2839 incedere
3024 2802 3038 2838 :
3070 2787 3244 2856 angeli
3285 2797 3335 2842 te
3368 2789 3695 2845 reverebuu-

2108 2881 2192 2926 tur
2222 2872 2454 2940 palmam
2486 2874 2631 2928 illam
2680 2875 2940 2931 ferentem
2976 2898 2987 2932 :
3022 2877 3250 2933 ﬁdenter
3293 2879 3359 2933 ad
3386 2896 3574 2935 omnes
3599 2897 3692 2936 ac-

2105 2965 2286 3020 cedes.
2332 2965 2400 3019 ln
2444 2965 2644 3021 Christo
2689 2967 2834 3022 Jesu.
2888 2968 3020 3024 Vide
3065 2980 3274 3039 gratum
3320 2973 3559 3028 animum
3591 2990 3604 3026 :
3637 2974 3692 3029 Ιιι

2106 3056 2319 3110 Christo
2344 3055 2469 3111 Jesu
2498 3056 2621 3123 hoc,
2650 3059 2819 3142 inquit
2843 3101 2856 3120 ,
2889 3058 3043 3114 facio.
3071 3060 3186 3115 Non
3217 3062 3361 3115 enim
3406 3064 3523 3118 siue
3555 3064 3695 3118 illius

2106 3147 2339 3217 impulsu
2373 3158 2578 3202 tantum
2611 3152 2767 3220 Spatii
2795 3152 3067 3207 conﬁcere
3097 3152 3174 3206 fas
3206 3165 3291 3208 est
3325 3172 3336 3206 :
3366 3156 3533 3210 multo
3561 3171 3695 3225 opus

2106 3240 2429 3294 estauxilio.
2460 3241 2721 3295 Deersum
2755 3250 2805 3296 te
2833 3252 3042 3298 certare
3061 3243 3248 3307 voluit,
3280 3260 3491 3300 sursum
3535 3262 3697 3301 coro-

2108 3340 2199 3385 nat
2228 3349 2241 3386 :
2270 3348 2373 3387 non
2398 3342 2450 3387 ut
2484 3335 2589 3398 hic,
2609 3335 2699 3389 ubi
2724 3346 3023 3402 certamen,
3049 3347 3129 3391 est
3159 3339 3321 3393 etiam
3352 3354 3550 3394 corona
3582 3340 3693 3407 illa,

2108 3424 2199 3479 sed
2235 3425 2286 3479 in
2315 3425 2600 3495 splendido
2632 3427 2748 3482 loco
2776 3442 2977 3483 corona
3009 3429 3096 3484 illa
3124 3440 3226 3484 est.
3256 3430 3373 3486 Non
3399 3432 3590 3487 videtis
3612 3433 3698 3487 hic

2107 3515 2267 3569 etiam
2310 3530 2404 3572 eos
2432 3533 2497 3572 ex
2529 3517 2748 3573 athletis
2776 3529 2833 3574 et
2859 3521 3058 3590 aurigis
3082 3562 3096 3586 ,
3127 3537 3268 3589 quos
3312 3524 3547 3577 maximo
3574 3525 3685 3578 atﬁ-

2108 3611 2256 3664 ciunt
2302 3610 2526 3678 honore,
2581 3629 2688 3667 non
2738 3613 2991 3669 deorsom
3023 3616 3073 3667 iu
3104 3615 3323 3682 stadio,
3359 3617 3454 3673 sed
3485 3633 3694 3673 sursqu

2106 3711 2335 3758 vocante
2365 3701 2695 3773 lmperatore
2721 3706 2992 3760 coronari.
3029 3705 3102 3759 lta
3133 3707 3294 3759 etiam
3320 3715 3374 3761 et
3408 3716 3463 3761 tu
3493 3708 3618 3763 hinc
3645 3710 3696 3762 iu

2107 3795 2240 3849 Caelo
2276 3797 2457 3865 capies
2508 3797 2762 3865 palmam.
2820 3797 2907 3851 15.
2959 3797 3273 3869 Quicumque
3312 3815 3431 3870 ergo
3485 3803 3693 3871 ptrfecti

2109 3904 2303 3953 sumus,
2350 3888 2539 3957 inquit,
2568 3888 2662 3942 hoc
2690 3888 2963 3943 sentiamus
2991 3905 3009 3941 :
3040 3899 3087 3942 et
3113 3890 3289 3959 siquid
3314 3890 3462 3945 aliter
3488 3892 3691 3961 sapitis,

2109 3987 2158 4031 et
2204 3979 2298 4031 hoc
2333 3977 2468 4032 uobis
2504 3977 2636 4032 Deus
2681 3979 2940 4034 reuelabit.
2973 3980 3109 4047 Quid
3145 3980 3247 4036 hoc
3274 3982 3394 4035 est?
3423 3982 3687 4036 Nimirum

2109 4087 2227 4142 qum
2256 4080 2402 4159 retro
2432 4080 2557 4127 sunt
2582 4113 2599 4137 ,
2644 4071 3013 4127 obliviscenda
3047 4088 3169 4127 esse
3201 4090 3213 4124 :
3264 4074 3333 4126 ita
3366 4084 3421 4126 ut
3463 4074 3689 4142 perfecti

2111 4163 2345 4217 hominis
2372 4162 2464 4227 sit,
2494 4179 2597 4217 non
2627 4178 2687 4218 se
2704 4164 3015 4218 existimare
3045 4163 3342 4233 perfectum
3375 4181 3516 4220 esse.
3550 4166 3698 4233 Quo-

2110 4256 2273 4311 modo
2320 4256 2479 4326 igitur
2531 4256 2690 4321 dicis,
2751 4257 3068 4327 Quicumque
3110 4257 3364 4327 perfecti?
3412 4258 3501 4312 dic
3553 4260 3697 4313 enim

418 4354 503 4414 rit,
536 4363 585 4405 et
620 4351 760 4402 inter
784 4362 903 4400 eum
932 4345 1019 4415 qui
1042 4344 1185 4414 jacet
1210 4342 1433 4410 supinus
1455 4382 1468 4401 ,
1500 4342 1721 4396 interest
1746 4382 1760 4407 ,
1797 4350 2001 4393 tantum

419 4446 558 4498 inter
582 4442 797 4496 Paulum
830 4449 884 4492 et
913 4454 1029 4491 nos.
1055 4434 1302 4503 Quotidie
1334 4434 1424 4488 ille
1453 4434 1800 4499 moriebatur,
1829 4432 2003 4502 quoti-

416 4536 505 4587 die
534 4533 667 4586 bene
695 4529 1031 4590 merebatur;
1067 4525 1207 4579 nulla
1235 4535 1351 4579 erat
1374 4524 1606 4585 occasio,
1633 4523 1836 4577 nullum
1870 4532 2004 4577 tem-

424 4638 543 4695 pus,
576 4624 624 4675 iu
651 4636 758 4691 quo
785 4636 889 4673 ι.οιι
912 4620 1084 4685 aliqua
1115 4618 1186 4670 illi
1213 4616 1278 4670 ad
1304 4631 1519 4670 cursum
1550 4616 1788 4669 accessio
1820 4613 2000 4678 ﬁeret;

2111 4349 2241 4403 mihi
2265 4391 2279 4413 ,
2312 4348 2538 4404 hoccine
2586 4349 2664 4405 vis
2698 4350 2970 4417 sapiamus
2998 4350 3138 4419 quod
3175 4359 3226 4404 tu
3257 4351 3442 4419 sapis?
3470 4350 3602 4405 Nam
3649 4352 3695 4407 si

2112 4456 2216 4493 non
2244 4450 2565 4510 assequutus
2593 4456 2673 4504 es,
2698 4441 2741 4494 si
2774 4457 2878 4494 ron
2909 4458 2968 4497 es
2995 4441 3285 4511 perfectus,
3323 4443 3700 4513 quomodoju-
3732 4448 3735 4455 '

2113 4532 2208 4586 hes
2239 4532 2502 4600 perfectos
2531 4533 2632 4587 hoc
2661 4547 2875 4602 sapere,
2906 4534 3050 4602 quod
3080 4543 3135 4589 ct
3164 4544 3217 4588 tu
3246 4535 3413 4604 sapis,
3444 4536 3534 4605 qui
3560 4550 3699 4589 non-
3732 4524 3735 4527 ’

2113 4621 2236 4675 dtuu
2266 4638 2322 4676 es
2353 4624 2660 4691 perfectus?
2693 4624 2803 4677 lloc
2845 4625 3010 4690 enim,
3063 4625 3267 4695 inquit,
3304 4627 3564 4695 perfectio
3594 4635 3697 4681 est.

426 4732 530 4771 non
564 4715 774 4767 volebat
825 4726 1014 4781 capere
1039 4752 1052 4773 ,
1083 4709 1179 4764 sed
1221 4723 1410 4778 rapere
1442 4726 1455 4763 :
1486 4708 1555 4761 ita
1599 4707 1740 4761 enim
1794 4706 1871 4761 fas
1924 4715 2007 4761 est

420 4822 631 4875 capere.
657 4805 754 4873 Qui
782 4804 874 4859 dat
901 4804 1141 4857 bravium
1168 4815 1379 4857 sursum
1409 4808 1513 4865 est,
1538 4814 1748 4854 sursum
1776 4800 2004 4869 positum

418 4907 500 4957 est
539 4898 799 4953 bravium.

489 4991 543 5044 Ξ.
583 4989 711 5044 Vide
736 5000 990 5057 quantum
1028 4977 1186 5054 ἐπιθιῑί
1215 4986 1283 5040 sit
1321 4985 1649 5055 propositum
1677 4984 1742 5038 ad
1783 5001 2003 5056 percur-

422 5081 647 5136 rendum
675 5096 688 5145 ;
720 5079 840 5133 vide
868 5093 1028 5148 quam
1055 5078 1231 5132 celsus
1257 5077 1325 5130 sit
1354 5080 1520 5138 locus,
1564 5090 1672 5144 quo
1715 5074 2002 5128 velandum

424 5183 507 5229 est
546 5175 644 5228 alis
676 5173 941 5244 spiritus:
989 5170 1146 5225 aliter
1191 5170 1333 5225 enim
1385 5167 1611 5222 altitudo
1655 5166 1743 5222 illa
1774 5167 2004 5221 obtineri

422 5265 625 5333 nequit.
669 5262 802 5317 Cum
848 5275 1075 5331 corpore
1115 5259 1243 5314 illuc
1284 5258 1677 5329 properandum
1706 5265 1826 5323 est;
1877 5257 2007 5312 licet

421 5360 562 5413 enim
598 5380 610 5414 :
648 5358 840 5413 Nostra
868 5360 1011 5415 enim
1036 5399 1050 5423 ,
1082 5358 1290 5427 inquit,
1322 5358 1635 5412 conuersatio
1660 5357 1715 5412 in
1764 5356 1902 5411 cwlis
1928 5362 2001 5408 est

422 5450 698 5522 (Philipp.
730 5452 782 5507 3.
823 5450 929 5519 Q0)
963 5469 975 5503 :
1023 5451 1092 5504 ibi
1127 5450 1299 5520 palma
1327 5458 1429 5503 est.
1460 5449 1624 5504 Vides
1648 5464 1740 5504 eos
1762 5450 1849 5519 qui
1878 5464 2004 5502 cur-

422 5556 566 5610 runt,
600 5560 757 5614 quant
788 5560 855 5597 ex
882 5545 997 5614 lege
1025 5542 1252 5598 vivant?
1273 5559 1430 5613 quam
1459 5543 1589 5598 nihil
1617 5558 1806 5597 eorum
1833 5583 1848 5607 ,
1880 5557 2000 5611 qua:

423 5637 569 5692 vires
593 5647 871 5703 enervant,
918 5637 1221 5706 attingant?
1250 5652 1410 5707 quam
1439 5636 1681 5706 quotidie
1706 5643 1917 5691 certent
1944 5635 1997 5688 in

425 5730 671 5797 palaestra
700 5727 801 5781 sub
829 5729 1082 5799 magistro
1102 5738 1155 5784 et
1182 5728 1340 5797 lege?
1371 5728 1478 5783 llos
1521 5726 1602 5783 fac
1645 5728 1867 5782 imiteris
1894 5768 1908 5793 ,
1939 5741 2001 5783 ac

427 5826 600 5901 potius
641 5822 897 5891 majorem
925 5838 1109 5893 prome
1137 5824 1297 5877 animi
1330 5825 1584 5894 impetum
1619 5844 1630 5878 :
1665 5825 1822 5895 longe
1850 5822 1993 5877 enim

2117 4711 2182 4765 Et
2208 4713 2251 4767 si
2275 4713 2398 4782 quid
2417 4713 2565 4768 aliter
2587 4715 2785 4785 sapitis,
2815 4726 2860 4769 et
2887 4716 2981 4769 hoc
3020 4715 3157 4770 uobis
3188 4715 3324 4770 Deus
3354 4717 3609 4772 reuelabit.
3643 4718 3698 4772 ltl

2113 4814 2222 4872 est,
2252 4805 2294 4858 si
2323 4794 2443 4875 quis
2467 4814 2645 4861 autem
2667 4818 2819 4877 putat
2848 4823 2906 4863 se
2935 4818 3101 4863 totum
3134 4816 3280 4863 recte
3308 4825 3429 4865 esse
3444 4825 3702 4880 assequu-

2117 4907 2246 4951 ttttn.
2277 4895 2436 4952 Cavet
2465 4898 2714 4953 nimirum
2746 4900 2887 4965 illis;
2913 4909 2967 4954 at
2998 4917 3104 4955 non
3136 4902 3203 4956 ita
3232 4902 3383 4967 dixit,
3414 4902 3506 4957 sed
3540 4901 3698 4972 quid?

2117 4987 2180 5041 Et
2210 4989 2254 5042 si
2278 4990 2399 5061 quid
2418 4990 2563 5043 aliter
2583 4991 2783 5060 capitis,
2806 4991 2967 5045 ethoc
2994 4991 3130 5045 vobis
3155 4990 3291 5046 Deus
3322 4991 3581 5046 reuelabit.
3607 4991 3699 5046 Vi-

2115 5080 2231 5147 des,
2257 5098 2418 5151 quam
2448 5082 2774 5138 verecunde.
2806 5083 2919 5138 lloc
2943 5126 2956 5151 ,
2990 5084 3161 5153 inquit
3186 5125 3199 5150 ,
3236 5098 3332 5138 vos
3362 5083 3501 5138 Deus
3530 5082 3691 5137 doce-

2116 5174 2192 5228 bit
2238 5191 2249 5228 :
2296 5174 2345 5228 id
2383 5186 2484 5241 est,
2530 5175 2674 5230 Deus
2726 5176 2877 5229 vobis
2906 5176 3290 5245 persuadebit,
3344 5190 3449 5229 non
3494 5185 3699 5229 tantum

2116 5268 2329 5323 docebit
2368 5287 2380 5322 :
2413 5285 2536 5323 nam
2567 5268 2799 5324 docebat
2829 5268 3043 5337 quidem
3074 5268 3268 5322 Paulus
3295 5286 3308 5321 :
3356 5267 3493 5322 Deus
3521 5274 3702 5335 autem

2116 5359 2422 5414 inducebat.
2458 5359 2524 5413 lit
2557 5376 2661 5413 non
2695 5359 2846 5422 dixit,
2884 5358 3125 5423 Intlucet,
3158 5358 3273 5423 sed,
3316 5357 3573 5412 Reuelabit
3598 5375 3617 5423 ;
3647 5366 3702 5411 ut

2117 5466 2183 5506 ex
2213 5453 2509 5519 ignorantia
2553 5467 2642 5506 res
2675 5452 2945 5520 proﬁcisci
2992 5453 3257 5506 videatur.
3315 5450 3431 5507 Non
3479 5451 3595 5506 haec
3635 5451 3702 5506 de

2116 5544 2380 5615 dogmatis
2433 5545 2573 5599 dicta
2625 5553 2770 5609 sunt,
2827 5544 2919 5598 sed
2962 5545 3029 5597 de
3076 5543 3406 5613 perfectione
3456 5544 3597 5604 vita,
3650 5551 3704 5596 ut

2117 5652 2277 5691 nemo
2320 5653 2376 5690 sc
2417 5637 2531 5705 ipsc
2559 5637 2835 5691 existimet
2868 5634 3168 5705 perfectum
3197 5652 3341 5690 esse.
3375 5634 3581 5689 Etenim
3612 5632 3704 5702 qui

2118 5729 2295 5781 omnia
2326 5744 2386 5782 sc
2430 5736 2580 5796 putat
2622 5742 2787 5783 eousc
2810 5739 3052 5796 ptatum,
3089 5728 3223 5782 nihil
3254 5728 3432 5781 habet.
3474 5725 3561 5779 16.
3603 5723 3712 5777 γε-.

2124 5831 2398 5875 τυιιιιανιιση
2427 5820 2493 5873 ad
2516 5820 2648 5890 quod
2676 5822 3015 5891 peruenimus,
3040 5821 3088 5874 in
3116 5820 3712 5903 sadcmfermanenmus
