4184 6484
387 346 490 403 27!

383 461 575 530 φησὶν,
605 455 722 512 ἀλλ’
762 456 882 521 ἑνός
914 457 1028 526 είμι
1065 457 1251 526 μόνου,
1282 455 1376 509 106
1410 459 1520 520 τοῖς
1552 457 1864 528 ἔμπροσθεν
1891 457 1983 509 ἐπ-

383 547 747 604 εκτείνεσθαι.
785 547 956 602 Τοῦτο
1008 548 1114 619 γάρ
1165 549 1313 600 ἐστιν
1347 549 1374 600 6
1409 551 1730 618 φησιν,Ἒν,
1759 549 1828 603 τὰ
1865 549 1983 618 μὲν

385 642 581 697 ὀπίσω
623 640 1198 709 ἐπιλανθανόμενος,
1235 640 1359 706 τοῖς
1400 641 1468 693 δὲ
1510 642 1852 709 ἔμπροσθεν
1879 642 1972 692 ἐπ-

380 720 830 800 εκτεινόμενος,
870 733 1022 784 κατὰ
1066 730 1306 783 σκοπὸν
1348 730 1538 784 διώκω
1584 731 1681 784 ἐπὶ
1727 731 1792 784 τὸ
1828 732 1981 800 ,βρα-

382 826 546 880 ϐεῖον
570 822 681 892 τῆς
711 823 835 876 ἅνω
873 823 1151 892 κλήσεως
1182 824 1290 876 τοῦ
1326 824 1473 877 Θεοῦ
1504 826 1574 877 ἐν
1598 824 1830 892 Χριστῷ
1866 826 1980 891 ’1η-

383 1007 546 1063 αύτδν
579 1009 696 1070 τοῖς
726 1006 1041 1077 ἔμπροσθεν
1071 1007 1498 1062 ἐπεκτείνεσθαι.
1519 1009 1577 1062 Ὀ
1617 1009 1714 1080 μὲν
1744 1004 1838 1062 οὖν
1880 1010 1982 1080 ήδη

383 1099 768 1154 τετελειῶσθαι
805 1097 1063 1166 νομίζων,
1093 1097 1188 1152 καὶ
1225 1098 1392 1169 μηδὲν
1423 1098 1571 1168 αὐτῷ
1604 1098 1812 1152 λείπειν
1847 1100 1984 1170 πρὸς

386 1192 588 1262 ἀρετῆς
617 1191 984 1263 κατόρθωσιν,
1007 1191 1108 1246 κάν
1133 1192 1410 1245 ἐπαύσατο
1436 1192 1667 1262 τρέχων,
1691 1192 1765 1255 ὡς
1793 1193 1853 1246 τὸ
1876 1195 1983 1247 πᾶν

385 1284 740 1357 κατειληφώς
760 1302 773 1316 °
799 1287 826 1339 6
858 1285 916 1339 δὲ
951 1287 1249 1356 ἀφεστάναι
1288 1285 1382 1340 τοῦ
1411 1287 1681 1356 τέρματος
1715 1286 1794 1340 ἔτι
1829 1287 1984 1357 νομί-

387 1375 518 1442 ζων,
553 1378 811 1432 οὐδέποτε
843 1379 1110 1432 παύσεται
1142 1378 1370 1450 τρέχων.
1399 1378 1569 1433 Τοῦτο
1595 1376 1686 1435 οὖν
1721 1381 1868 1450 ἡμᾶς
1900 1381 1986 1433 ἀεὶ

387 1468 470 1522 δεῖ
493 1468 830 1537 λογίζεσθαι,
867 1469 972 1523 κάν
1019 1470 1188 1541 μυρία
1220 1471 1654 1542 κατορθώσωμεν
1682 1472 1883 1540 ἀγαθά.
1923 1473 1985 1525 Εἰ

388 1560 498 1632 γάρ
530 1561 742 1626 Παῦλος
770 1561 910 1631 μετά
945 1562 1173 1633 μυρίους
1213 1563 1496 1628 θανάτους,
1534 1565 1671 1634 μετά
1698 1564 1987 1627 τοσούτους

390 1653 670 1718 κινδύνους
714 1653 874 1707 10610
915 1654 1218 1724 ἐλογίζετο,
1251 1655 1430 1726 πολλῷ
1461 1657 1663 1727 μᾶλλον
1696 1659 1874 1728 ἡμεῖς.
1911 1657 1985 1711 Οὐ

394 1744 502 1815 μὴν
551 1744 836 1809 ἀνέπεσον,
882 1747 1067 1816 φησὶν,
1093 1748 1282 1818 ἐπειδὴ
1315 1748 1568 1802 τοσοῦτον
1615 1749 1841 1820 δραμὼν
1888 1751 1988 1804 ούκ

394 1833 612 1904 ίσχυσα,
648 1835 770 1888 ούδέ
814 1837 1089 1905 ἀπέγνων,
1121 1838 1236 1892 ἀλλ’
1265 1839 1346 1892 ἔτι
1387 1842 1582 1911 τρέχω,
1614 1842 1690 1896 ἔτι
1721 1844 1984 1910 ἀγωνίζο·

397 1942 525 1997 μαι·
555 1925 714 1981 10610
742 1928 903 1998 μόνον
932 1930 1140 1995 σκοπῶ,
1160 1931 1308 1996 ὅπως
1333 1933 1397 2000 δὴ
1428 1935 1988 2005 προκόπτοιμι.Οὕτω

395 2016 490 2070 καὶ
523 2018 671 2088 ἡμᾶς
710 2018 816 2090 χρὴ
851 2023 1044 2086 ποιεῖν,
1082 2024 1534 2078 ἐπιλανθάνεσθαι
1569 2026 1677 2078 τῶν
1709 2029 1987 2098 κατορθωο

400 2109 606 2178 μάτων,
640 2111 732 2164 καὶ
778 2112 996 2180 ἀφιέναι
1042 2114 1184 2168 αύτά
1228 2115 1422 2173 ὀπίσω.
1469 2118 1577 2171 Καὶ
1626 2119 1735 2190 γάρ
1790 2123 1818 2173 6
1868 2121 1990 2190 δροο

401 2198 534 2266 μεὺς
581 2199 678 2269 οὐχ
713 2201 871 2264 ὅσους
902 2202 1100 2272 ἤνυσεν
1133 2205 1516 2274 ἀναλογίζεται
1550 2208 1829 2276 διαύλους,
1863 2211 1990 2264 ἀλλ’

397 2290 555 2355 ὅσους
597 2291 867 2349 λείπεται.
890 2296 1000 2349 Καὶ
1051 2298 1215 2367 ἡμεῖς
1265 2298 1340 2370 μὴ
1386 2301 1510 2354 ὅσον
1560 2303 1840 2375 ἡνύσαμεν
1895 2306 1991 2374 τῆς

398 2381 598 2452 ἀρετῆς
627 2383 1096 2458 ἀναλογιζώμεθα,
1136 2389 1250 2442 ἀλλ’
1283 2392 1407 2444 ὅσον
1434 2394 1564 2464 ἡμῖν
1593 2375 1860 2451 λείπει.Τί
1883 2396 1992 2468 γὰρ

399 2474 547 2546 ἡμᾶς
590 2476 793 2545 ὠφελεῖ
843 2481 904 2532 16
946 2480 1201 2548 ἀνυσθὲν,
1261 2485 1389 2538 ὅταν
1439 2486 1500 2538 16
1550 2487 1868 2558 λειπόμενον
1917 2491 1990 2562 μὴ

401 2568 709 2639 προστεθῇ;
747 2571 858 2623 Καὶ
909 2572 1011 2624 οὐκ
1056 2568 1231 2639 εἶπεν,
1279 2576 1361 2628 ὅτι
1413 2579 1524 2630 Ούκ
1579 2579 1988 2651 ἀναλογίζομαι,

399 2659 519 2712 οὐδὲ
543 2661 854 2732 μέμνημαι,
879 2664 1016 2728 ἀλλ’,
1050 2668 1625 2737 Ἐκλανθανόμενος,
1649 2673 1799 2741 ἡμᾶς
1828 2689 1994 2743 προσ-

401 2754 800 2824 εκτικωτέρους
848 2756 1038 2809 ποιῶν.
1073 2758 1228 2812 Οὕτω
1276 2759 1385 2830 γὰρ
1439 2763 1659 2831 σφοδροὶ
1705 2763 1989 2834 γινόμεθα,

401 2839 530 2894 ὃταν
573 2844 757 2895 πᾶσαν
809 2844 1117 2914 προθυμίαν
1151 2848 1230 2909 είς
1278 2847 1338 2900 16
1386 2849 1574 2901 λεῖπον
1610 2849 1991 2920 ἀναλάϐωμεν,

399 2933 529 2988 ὅταν
552 2935 739 2989 ἐκεῖνα
777 2934 917 3007 λήθῃ
947 2937 1299 3008 παραδῶμεν.
1318 2940 1808 3010 Ἐπεκτεινόμενοι,
1838 2940 1994 3011 φησι,

402 3025 533 3096 πρὶν
583 3025 616 3097 ἦ
670 3028 1095 3096 παραγενέσθαι,
1137 3029 1322 3084 λαϐεῖν
1375 3031 1765 3103 σπουδάζομεν.
1783 3033 1842 3086 Ὀ
1889 3034 1997 3104 γὰρ

403 3116 854 3188 ἐπεκτεινόμενος
883 3112 1038 3182 οὗτός
1072 3121 1239 3185 ἐστιν,
1262 3123 1290 3174 6
1321 3123 1448 3186 τοὺς
1483 3123 1648 3187 πόδας
1679 3125 1856 3178 καίτοι
1876 3126 1996 3198 τρέ-

402 3225 598 3281 χοντας
626 3209 705 3280 τῷ
731 3211 904 3282 λοιπῷ
940 3212 1153 3283 σώματι
1183 3213 1475 3285 προλαϐεῖν
1528 3217 1867 3282 σπουδάζων,
1903 3218 1999 3270 ἐπ-

405 3302 663 3355 εκτείνων
712 3302 902 3358 έαυτδν
954 3305 1034 3368 εἰς
1079 3303 1140 3356 16
1191 3303 1523 3376 ἔμπροσθεν,
1557 3306 1652 3359 καὶ
1684 3307 1782 3370 τὰς
1812 3310 1998 3380 χεῖρας

405 3393 685 3456 ἐκτείνων,
721 3395 809 3449 ἵνα
857 3396 952 3449 καὶ
1000 3395 1093 3451 106
1140 3397 1342 3468 δρόμου
1395 3398 1559 3451 πλέον
1589 3417 1640 3452 τι
1673 3401 1995 3471 ἐργάσηται.

404 3485 575 3540 Τοῦτο
607 3487 664 3539 δέ
704 3489 812 3542 ἀπὸ
845 3489 1045 3559 πολλῆς
1078 3491 1385 3560 προθυμίας
1410 3492 1637 3560 γίνεται,
1668 3494 1775 3546 ἀπὸ
1798 3494 2000 3565 πολλῆς

407 3578 762 3650 θερμότητος.
801 3581 958 3635 Οὕτω
1008 3582 1090 3634 δεῖ
1135 3583 1352 3654 τρέχειν
1399 3583 1490 3637 τὸν
1539 3585 1832 3656 τρέχοντα,
1863 3585 2000 3655 μετά

404 3672 677 3744 τοσαύτης
731 3675 986 3746 σπουδῆς,
1021 3675 1159 3745 μετά
1209 3677 1478 3748 τοσαύτης
1532 3678 1856 3748 προθυμίας,
1903 3679 2003 3733 οὐκ

406 3766 1040 3823 ἀναπεπτωκότα.”οσον
1071 3769 1127 3822 δὲ
1159 3769 1253 3824 τοῦ
1294 3769 1436 3823 οὕτω
1465 3770 1750 3842 τρέχοντος
1780 3775 1873 3826 καὶ
1905 3772 2000 3826 106

407 3857 600 3912 ὑπτίου
629 3859 884 3929 κειμένου
910 3859 971 3912 τὸ
999 3859 1182 3930 μέσον,
1213 3859 1466 3914 τοσοῦτον
1490 3861 1642 3935 [292]
1669 3863 1764 3916 τοῦ
1789 3863 2000 3918 Παύλου

408 3949 505 4003 καὶ
553 3949 733 4020 ἡμῶν.
770 3949 912 4004 Καθ’
945 3951 1156 4021 ἡμέραν
1203 3951 1548 4022 ἀπέθνησκεν
1597 3955 1825 4018 ἐκεῖνος,
1868 3955 2005 4008 καθ’

410 4039 626 4112 ἡμέραν
654 4041 929 4112 εὐδοκίμει
950 4056 963 4070 ·
993 4044 1093 4096 οὐκ
1121 4038 1190 4113 ἦν
1216 4045 1428 4114 καιρὸς,
1458 4045 1558 4098 οὐκ
1584 4040 1650 4116 ἦν
1684 4047 1898 4116 χρόνος,
1947 4047 2004 4100 ἐν

411 4125 457 4199 ᾧ
486 4133 586 4187 οὐκ
632 4131 828 4204 ηὕξετο
873 4133 1020 4206 αὕτῷ
1053 4136 1082 4187 6
1109 4135 1310 4207 δρόμος
1334 4151 1348 4167 ο
1381 4137 1441 4189 οὐ
1487 4136 1672 4191 λαϐεῖν
1718 4138 2002 4209 ¹ήθέλησεν,

413 4225 530 4279 ἀλλ’
565 4226 807 4298 ἁρπάσαι
849 4226 909 4281 16
959 4227 1244 4300 βραϐεῖονο
1297 4229 1439 4284 οὕτω
1487 4231 1594 4302 γὰρ
1645 4231 1761 4285 ἐστι
1802 4232 2000 4287 λαϐεῖν.

417 4318 568 4372 Ἀνω
612 4321 642 4371 6
686 4318 746 4372 τὸ
794 4319 1049 4390 βραϐεῖον
1099 4322 1274 4386 διδοὺς
1306 4323 1558 4397 ἕστηκεν,
1592 4325 1704 4379 ἅνω
1734 4328 1911 4381 κεῖται
1945 4327 2005 4381 τὸ

418 4413 698 4484 βραϐεῖον.

491 4596 558 4666 β’.
585 4597 728 4667 Ὅρα
754 4596 920 4649 πόσον
948 4597 1009 4648 16
1033 4596 1308 4667 διάστημα
1354 4597 1512 4650 10610
1535 4597 1871 4670 διαδραμεῖν,
1903 4601 2006 4672 ὅρα

415 4691 584 4744 πόσον
614 4689 675 4742 τὸ
707 4689 842 4758 ὕψος
861 4705 873 4717 °
904 4689 1022 4742 ἐκεῖ
1040 4689 1121 4741 δεῖ
1150 4689 1484 4760 πετασθῆναι
1507 4693 1617 4754 τοῖς
1644 4690 1738 4744 τοῦ
1761 4692 2007 4764 πνεύμα-

415 4801 508 4846 τος
531 4783 751 4850 πτεροῖς
773 4798 784 4811 ·
809 4779 1012 4850 ἑτέρως
1029 4779 1139 4851 γὰρ
1159 4781 1258 4834 οὐκ
1279 4780 1356 4833 ἔνι
1377 4781 1439 4834 16
1465 4780 1598 4851 ὕψος
1617 4781 1776 4837 10610
1799 4788 2006 4856 τεμεῖν.

416 4872 573 4927 Μετὰ
621 4871 716 4924 106
767 4870 1020 4940 σώματος
1070 4873 1190 4924 ἐκεῖ
1236 4871 1318 4924 δεῖ
1361 4871 1606 4942 βαδίσαι·
1641 4874 1818 4940 ἔξεστι
1858 4877 1966 4950 γάρ
1993 4895 2007 4911 ·

427 4961 618 5029 Τιμῶν
643 4962 750 5032 γὰρ
777 4961 845 5015 τὸ
871 4963 1223 5030 πολίτευμα,
1267 4964 1454 5035 φησὶν,
1489 4966 1560 5018 ἐν
1587 4968 1820 5035 οὐρανῷ
1839 4985 1854 5000 ο
1898 4972 2014 5024 ἐκεῖ

419 5052 477 5103 τὸ
509 5051 761 5122 βραϐεῖόν
807 5053 1160 5124 ἐστιν.¹Ορᾷς
1203 5055 1331 5117 τοὺς
1373 5055 1669 5127 τρέχοντας
1716 5059 1832 5124 πῶς
1861 5063 2011 5131 νόμῳ

330 5188 339 5195 .
418 5141 556 5207 ζῶσι
577 5159 597 5209 ς,
624 5144 740 5206 πῶς
768 5144 921 5197 οὐδὲν
961 5145 1073 5199 τῶν.
1100 5145 1404 5201 ἐκλυὸντων
1444 5149 1542 5218 τὴν
1573 5151 1722 5221 ίσχὺν
1758 5153 2012 5224 προσίεν-

417 5253 546 5303 ται;
590 5236 709 5302 πῶς
752 5235 1113 5306 ἀγωνίζονται
1145 5239 1268 5293 καθ’
1295 5241 1534 5311 ἑκάστην
1571 5245 1789 5315 ἡμέραν
1816 5247 1875 5300 ὲν
1909 5264 2015 5301 πα-

419 5326 655 5409 λαίστρα
678 5327 785 5381 ὑπὸ
813 5328 1134 5400 παιδοτρίϐῃ
1174 5330 1272 5384 καὶ
1300 5331 1449 5403 νόμῳ
1469 5350 1489 5406 ;.
1517 5334 1770 5406 Μίμησαι
1790 5338 2015 5404 τούτους

422 5421 520 5475 καὶ⁸
545 5422 632 5483 σὺ,
670 5422 871 5493 μᾶλλον
897 5423 954 5477 δέ
983 5425 1078 5477 καὶ
1111 5424 1332 5479 πλείονα
1363 5427 1626 5494 ἐπίδειξαι
1655 5431 1967 5502 προθυμίαν
1995 5449 2011 5466 ο

423 5511 486 5565 οὕ
515 5510 624 5582 γὰρ
664 5512 778 5566 ῐσον
806 5512 867 5565 16
899 5513 1182 5584 βραϐεῖον·
1211 5515 1394 5568 πολλοὶ
1416 5519 1464 5570 οί
1489 5517 1793 5585 κωλύοντες
1813 5539 1826 5551 ·
1864 5525 2016 5594 νόμῳ

425 5602 584 5676 ζῆθιο
633 5605 804 5661 πολλά
850 5606 968 5660 ἐστι
1016 5607 1084 5660 τὰ
1136 5609 1399 5662 ἐκλύοντα
1427 5611 1527 5682 τὴν
1564 5612 1749 5682 ἰσχύν·
1781 5615 2014 5688 εὕσκελῆ

423 5695 654 5768 ποίησον
684 5697 854 5770 αὐτὴν
878 5698 956 5770 τῷ
988 5698 1110 5752 ποδί
1135 5700 1149 5727 ⁵
1185 5699 1360 5755 ἔνεστι
1389 5703 1496 5774 γάρ
1520 5718 1534 5733 ·
1579 5705 1639 5757 οὐ
1667 5704 1774 5776 γὰρ
1800 5705 2014 5776 φύσεώς

427 5788 595 5855 ἐστιν,
631 5788 770 5844 ἀλλά
819 5789 1214 5861 προαιρέσεως.
1273 5792 1501 5864 Κούφην
1553 5795 1723 5868 αὐτὴν
1769 5798 2013 5872 ἐργασὼ.

1270 339 1334 395 ΙΝ
1373 340 1591 396 EPIST.
1637 340 1728 395 AD
1767 337 2059 396 PHILIPP.
2104 342 2255 396 CAP.
2301 344 2388 399 Ill.
2433 339 2668 400 HOMIL.
2713 345 2830 400 XII.

3579 349 3689 405 272

2093 458 2252 526 μεθα,
2283 460 2368 514 ⁵ίνα
2425 461 2499 531 μὴ
2548 463 2613 531 τῇ
2658 460 2968 531 ταχύτητιει
3002 460 3111 514 τῶν
3162 460 3340 515 ποδῶν
3393 463 3452 516 16
3499 463 3690 520 λοιπδν

2090 548 2251 619 ἄχθος
2278 552 2540 622 ἐμποδίζῃ
2567 569 2577 580 ·
2607 552 2816 618 δίδαξον
2846 548 2984 606 εἶναι
3011 554 3136 616 τοὺς
3167 553 3336 616 πόδας
3379 555 3643 622 ἀσφαλεῖς
3672 575 3684 588 ·

2092 638 2274 691 πολλοὶ
2304 641 2412 710 γὰρ
2439 642 2486 692 οἱ
2516 640 2716 694 ὅλισθοι
2745 660 2757 672 ·
2789 642 2893 695 κᾶν
2913 642 3254 713 καταπέσῃς,
3281 644 3451 696 πολλὰ
3475 644 3688 698 ἀπώλε-

2093 747 2212 793 σας.
2241 731 2387 801 Πλὴν
2420 733 2524 786 κάν
2556 733 2894 804 καταπέσῃς,
2931 734 3278 805 διανάστηθιθ
3311 736 3386 789 ἔνι
3424 737 3516 789 καὶ
3547 735 3690 790 οὕτω

2091 823 2328 894 νικῆσαι.
2358 827 2642 896 Μηδέποτε
2686 829 2797 890 τοῖς
2830 828 3137 898 ὀλισθηροῖς
3172 830 3439 902 ἐπιχείρει
3497 831 3682 900 πράγ-

2094 933 2248 985 μασι,
2302 918 2396 971 καὶ
2445 918 2505 970 ού
2554 923 2876 988 καταπεσῇ·
2928 921 3018 971 ἐπὶ
3054 921 3120 971 τὰ
3171 921 3440 991 βεϐηκότα
3477 923 3638 991 τρέχε
3670 937 3683 950 .

2091 1005 2203 1059 ἄνω
2230 1005 2330 1076 τὴν
2360 1008 2625 1077 κεφαλὴν,
2656 1009 2769 1062 ἄνω
2818 1008 2874 1060 τὸ
2898 1009 3073 1078 ὄμμα.
3106 1010 3276 1063 Τοῦτο
3311 1013 3404 1064 καὶ
3434 1014 3546 1074 τοῖς
3575 1010 3688 1080 τρέ-

2093 1115 2278 1166 χουσιν
2309 1100 2355 1150 οί
2389 1098 2739 1169 παιδοτρίϐαι
2777 1100 3277 1168 παρακελεύονται·
3323 1101 3465 1154 οὕτω
3498 1103 3687 1154 διαϐα-

2094 1188 2349 1251 στάζεται
2405 1190 2683 1261 ίσχύς.“Αν
2715 1191 2767 1243 δὲ
2799 1191 2949 1244 κάτω
2979 1191 3194 1262 νεύσῃς,
3240 1194 3540 1256 κατέπεσες
3561 1235 3574 1256 ,
3605 1193 3691 1259 ἐξ-

2093 1279 2468 1351 ελύθης.“Ἀνω
2507 1281 2709 1351 βλέπε,
2754 1283 2888 1336 ὅπου
2928 1283 2987 1335 16
3029 1282 3279 1353 βραϐεῖὸν
3330 1287 3502 1336 ἐστιν·
3551 1284 3689 1353 αὑτὴ

2092 1371 2186 1425 106
2221 1371 2480 1443 βραϐείου
2516 1375 2548 1444 ἡ
2587 1373 2709 1442 ὄψις
2747 1373 2971 1443 μείζονα
3009 1375 3280 1445 ποιεῖτὴν
3328 1374 3647 1444 προαίρεσιν
3675 1389 3686 1401 ·

2092 1464 2191 1517 οὐκ
2221 1466 2447 1534 ἀφίησιν
2474 1465 2761 1518 αἰσθέσθαι
2794 1466 2900 1518 τῶν
2934 1466 3111 1519 πόνων
3146 1469 3177 1536 ἡ
3214 1467 3312 1536 τῆς
3345 1465 3578 1535 θλίψεως
3602 1465 3691 1517 ἐλ-

2095 1556 2205 1620 πὶς,
2239 1556 2298 1608 16
2351 1556 2526 1626 μῆκος
2581 1557 2779 1627 μικρὸν
2824 1560 2970 1609 ποιεῖ
3011 1558 3315 1625 φαίνεσθαι.
3352 1559 3417 1610 Τί
3467 1561 3582 1610 ἐστι
3631 1557 3694 1608 τὸ

2095 1646 2383 1718 βραϐεῖον;
2437 1649 2509 1700 0'3
2555 1647 2746 1711 κλάδος
2805 1649 3079 1715 φοίνικος,
3116 1647 3251 1700 ἀλλά
3299 1648 3385 1714 τί;
3437 1647 3694 1701 Βασιλεία.

2094 1739 2360 1809 οὐρανῶν,
2405 1739 2715 1802 ἀνάπαυσις
2771 1740 3011 1804 αἰώνιος,
3063 1739 3189 1803 δόξα
3239 1743 3378 1809 μετά
3429 1741 3687 1810 Χριστοῦ,

2096 1830 2455 1901 κληρονομία,
2492 1831 2812 1902 ἀδελφότης,
2853 1832 3025 1902 μυρία
3055 1831 3252 1896 ἀγαθά,
3289 1831 3324 1884 δι
3363 1833 3462 1883 οὐκ
3496 1831 3573 1883 ἔνι
3618 1833 3694 1883 εἱ-

2098 1926 2237 1976 πεῖν.
2273 1924 2388 1975 Οὐκ
2427 1922 2506 1974 ἔνι
2537 1923 2746 1978 ἐκείνου
2779 1923 2872 1976 τοῦ
2905 1924 3162 1994 βραϐείου
3192 1924 3252 1976 τὸ
3283 1924 3478 1987 κάλλος
3503 1924 3690 1994 διηγήρ

2099 2013 2330 2068 σασθαιο
2370 2014 2398 2065 6
2429 2013 2645 2084 κρατῶν
2695 2015 2827 2068 αὐτὸ
2881 2010 2987 2067 οἶδε
3044 2015 3226 2085 μόνος,
3259 2014 3351 2068 καὶ
3402 2017 3430 2066 6
3482 2013 3690 2083 μέλλων

2098 2106 2229 2159 αὐτὸ
2258 2105 2580 2175 λαμϐάνειν.
2605 2107 2717 2160 Οὐκ
2747 2106 2864 2158 ἔστι
2892 2107 3263 2178 χρυσοῦν,ούκ
3287 2107 3402 2159 ἔστι
3431 2106 3685 2160 διάλιθον·

2098 2198 2278 2268 πολλῷ
2307 2199 2512 2252 τούτων
2543 2199 2889 2270 τιμιώτερον.
2909 2201 2964 2253 Ὀ
2994 2200 3194 2270 χρυσὸς
3239 2201 3498 2270 βόρϐορος
3555 2199 3690 2269 πρὸς

2098 2294 2275 2345 ἐκεῖνο
2322 2292 2383 2344 τὸ
2422 2292 2675 2364 βραϐεῖόν
2707 2294 2854 2345 ἐστι’
2892 2292 3032 2344 λίθοι
3082 2293 3252 2361 τίμιοι
3307 2290 3523 2353 πλίνθος
3556 2290 3694 2358 πρὸς

2098 2383 2159 2435 τὸ
2185 2382 2381 2448 κάλλος
2415 2384 2626 2436 ἐκείνου
2659 2383 2753 2436 τοῦ
2787 2380 3172 2455 βραϐείου.Ἃν
3215 2384 3390 2435 ἐκεῖνο
3419 2381 3557 2450 ἔχων
3586 2381 3693 2433 ὰπ-

2101 2476 2263 2548 έλθῃς
2303 2477 2383 2540 είς
2428 2475 2520 2528 τὸν
2552 2476 2804 2547 οὐρανὸν,
2842 2475 2979 2546 μετά
3009 2474 3212 2544 πολλῆς
3239 2475 3339 2542 τῆς
3384 2473 3550 2542 τιμῆς
3580 2473 3698 2524 ἐκεῖ

2103 2566 2338 2638 βαδίζειν
2368 2568 2595 2638 δυνήσῃ,
2628 2568 2978 2636 καὶάγγελοί
3013 2585 3070 2619 σε
3105 2566 3518 2636 αἰδεσθήσονται
3540 2564 3697 2617 10610

2102 2659 2338 2730 φέροντα
2380 2658 2441 2712 16
2474 2659 2761 2730 βραϐεῖον
2815 2662 2948 2712 πᾶσι
2987 2660 3122 2730 μετὰ
3173 2659 3487 2730 παρρησίας
3521 2673 3695 2726 προσ-

2101 2751 2297 2823 ελεύσῃ
2328 2750 2549 2820 πολλῆς.
2570 2751 2665 2802 Ἐν
2695 2751 2928 2819 Χριστῷ
2962 2750 3337 2820 Ἰι-ισοῦ.”ορα
3375 2747 3466 2802 τὸν
3497 2749 3699 2816 εὐγνώ-

2106 2845 2370 2916 μονα.⁹Εν
2403 2843 2624 2916 Χριστῷ
2657 2843 2831 2913 Ἰησοῦ
2875 2842 3034 2896 10610
3063 2843 3222 2907 ποιῶ,
3261 2843 3446 2913 φησίν.
3485 2842 3557 2894 θύ
3589 2841 3699 2910 γὰρ

2105 2936 2182 2989 ἔνι
2220 2937 2386 3008 χωρὶς
2422 2937 2520 3008 τῆς
2553 2936 2764 2990 ἐκείνου
2797 2936 2970 3008 ῥοπῆς
3005 2935 3260 2988 τοσοῦτον
3309 2934 3538 2987 διελθεῖν
3580 2934 3700 2986 διά-

2107 3046 2291 3100 στημα
2313 3047 2325 3060 ·
2358 3029 2561 3097 πολλῆς
2591 3030 2672 3082 δεῖ
2702 3030 2798 3098 τῆς
2827 3027 3100 3098 βοηθείας,
3132 3027 3330 3096 πολλῆς
3352 3027 3448 3096 τῆς
3481 3044 3542 3079 συ
3553 3043 3702 3096 μμα-

2105 3123 2251 3194 χίας.
2290 3125 2457 3179 Κάτω
2505 3124 2604 3194 μέν
2637 3141 2696 3176 σε
2743 3121 3108 3191 ἀγωνίζεσθαι
3159 3121 3451 3192 ἐϐουλήθη,
3485 3123 3598 3175 ἀνω
3643 3121 3700 3174 δὲ

2110 3219 2370 3287 στεφανοῖ
2391 3234 2404 3248 ο
2442 3218 2539 3288 ούχ
2566 3217 2641 3281 ὡς
2687 3216 2946 3279 ἐνταῦθα,
2977 3216 3106 3269 ἔνθα
3132 3218 3158 3267 6
3189 3214 3360 3283 ἀγὼν,
3403 3215 3519 3266 ἐκεῖ
3549 3213 3642 3267 καὶ
3673 3215 3702 3265 6

2110 3311 2393 3378 στέφανος,
2423 3310 2538 3362 ἀλλ’
2568 3311 2625 3363 ἐν
2655 3309 2731 3379 τῷ
2759 3308 3000 3379 λαμπρῷ
3039 3308 3224 3378 χωρίῳ
3253 3310 3280 3360 6
3313 3306 3573 3374 στέφανος
3607 3298 3698 3356 0-6-

2106 3420 2219 3465 10;.
2252 3405 2363 3473 Ούχ
2393 3404 2556 3474 ὁρᾶτε
2586 3403 2682 3455 καὶ
2713 3401 2972 3464 ἐνταῦθα,
2997 3402 3078 3453 ὅτι
3105 3402 3230 3462 τοὺς
3266 3399 3502 3469 μάλιστα
3530 3415 3704 3468 τιμω-

2112 3495 2304 3564 μένους
2334 3497 2428 3549 καὶ
2456 3495 2566 3549 τῶν
2595 3494 2845 3564 ἀθλητῶν
2893 3493 2986 3546 κοιλ¹
3033 3493 3285 3562 ἡνιόχων,
3317 3492 3375 3544 οὐ
3407 3490 3703 3558 στεφανοῦ-

2111 3604 2195 3641 σιν
2245 3587 2394 3660 [295]
2446 3588 2504 3640 ἐν
2544 3587 2623 3658 τῷ
2669 3586 2870 3656 σταδίῳ
2898 3587 3070 3648 κάτω,
3099 3585 3214 3638 ἀλλ’
3246 3585 3358 3638 ἄνω
3407 3583 3644 3642 καλέσας
3677 3583 3705 3634 6

2112 3679 2365 3750 βασιλεὺς
2396 3683 2513 3733 ἐκεῖ
2543 3682 2830 3748 στεφανοῖς
2884 3677 3042 3730 Οὕτω
3082 3679 3176 3730 καὶ
3207 3674 3462 3739 ἐνταῦθα,
3493 3677 3572 3737 είς
3613 3674 3704 3727 τὸν

2109 3773 2338 3844 οὐρανὸν
2389 3773 2690 3844 λαμϐάνεις
2719 3773 2780 3824 16
2826 3769 3276 3841 βραϐεῖον.“οσοι
3316 3763 3433 3822 οὖν
3465 3766 3703 3828 τέλειοι,

2112 3868 2266 3938 φησὶ,
2291 3866 2467 3921 τοῦτο
2490 3865 2836 3935 φρονῶμεν
2869 3863 2969 3916 καὶ
2999 3862 3055 3916 εἴ
3088 3879 3140 3915 τι
3172 3860 3386 3930 ἑτέρως
3409 3859 3705 3928 φρονεῖτε,

2113 3960 2212 4014 καὶ
2241 3958 2416 4014 τοῦτο
2457 3962 2488 4013 ὀ
2519 3959 2664 4024 Θεὸς
2700 3956 2844 4027 ὑμῖν
2879 3955 3282 4023 ἀποκαλύψει.
3318 3954 3476 4006 Ποῖον
3509 3952 3705 4018 10610;

2113 4052 2208 4115 T6,
2237 4052 2319 4105 ὅτι
2369 4054 2452 4104 δεῖ
2499 4050 2608 4103 τῶν
2642 4048 2869 4102 ὄπισθεν
2916 4046 3406 4100 ἐπιλανθάνεσθαι·
3443 4044 3584 4097 ὥστε
3620 4061 3708 4096 15-

2113 4143 2257 4197 λείου
2287 4143 2348 4196 16
2379 4145 2454 4214 μὴ
2483 4143 2724 4213 νομίζειν
2747 4141 2938 4194 ἑαυτὸν
2967 4140 3170 4192 τέλειον
3197 4133 3356 4193 εἶναι.
3381 4135 3504 4198 Πῶς
3528 4135 3707 4188 τοίνυν

2120 4236 2501 4304 λέγεις,’Όσοι
2535 4234 2792 4299 τέυιειοι;
2832 4233 2951 4286 είπέ
2985 4233 3092 4301 γάρ
3131 4247 3240 4300 μοι,
3273 4229 3428 4281 τοῦτο
3476 4227 3707 4296 φρονοῦ-

2118 4346 2217 4400 μεν
2244 4329 2272 4381 ὃ
2304 4329 2367 4381 σὺ
2395 4329 2642 4398 φρονεῖς;
2676 4327 2733 4378 Εἰ
2775 4325 2883 4395 γὰρ
2913 4325 2986 4394 μὴ
3020 4323 3230 4386 ἔλαϐες,
3263 4321 3396 4392 μηδέ
3430 4319 3708 4372 τετελείω-

2118 4439 2229 4482 σαι,
2264 4420 2381 4484 πῶς
2401 4422 2527 4483 τοὺς
2554 4419 2797 4481 τελείους
2821 4417 2980 4470 τοῦτο
3012 4414 3255 4478 κελεύεις
3289 4417 3527 4483 φρονεῖν,
3552 4411 3580 4463 ὃ
3615 4413 3709 4465 καὶ

2115 4514 2278 4577 αὐτὸς
2309 4515 2527 4584 φρονεῖς
2574 4511 2786 4564 οὐδέπω
2833 4509 3038 4572 τέλειος
3085 4508 3192 4574 ῶν;
3228 4506 3396 4560 Τοῦτο
3429 4507 3539 4577 γάρ
3570 4507 3708 4569 ἐστι,

2117 4607 2273 4677 φησὶ,
2315 4604 2634 4673 τελειότης;
2669 4602 2777 4658 Καὶ
2825 4601 2881 4655 εἴ
2925 4619 2978 4654 τι
3017 4600 3232 4668 ἑτέρως
3265 4599 3574 4669 φρονεῖτε,
3612 4599 3708 4650 καὶ

2116 4698 2294 4752 τοῦτο
2320 4700 2352 4752 ὁ
2374 4695 2518 4763 Θεὸς
2542 4695 2685 4766 ὑμῖν
2703 4694 3107 4761 ἀποκαλύψει.
3128 4693 3441 4757 Τουτέστιν,
3468 4692 3529 4743 Εἰ
3546 4690 3601 4742 δέ
3628 4706 3714 4756 τις

2120 4791 2329 4863 νομίζει
2363 4791 2423 4843 τὸ
2452 4790 2562 4842 πᾶν
2594 4787 3042 4858 κατωρθωκέναι.
3062 4783 3446 4853 Ἀσφαλίζεται
3472 4782 3668 4844 αὐτούς
3692 4796 3710 4813 ·

2120 4885 2237 4938 ἀλλ’
2265 4887 2366 4938 οὐκ
2413 4879 2567 4936 εἶπεν
2613 4882 2809 4944 οὕτως,
2843 4879 2978 4933 ἀλλὰ
3026 4877 3117 4930 τί·
3156 4878 3266 4930 Καὶ
3309 4876 3365 4929 εἲ
3410 4892 3464 4928 τι
3496 4873 3714 4939 ἑτέρως

2119 4977 2411 5048 φρονεῖτε,
2442 4975 2542 5030 καὶ
2590 4973 2769 5028 τοῦτο
2818 4974 2850 5025 o'
2907 4970 3052 5036 θεὸς
3102 4969 3252 5037 ὑμῖν
3303 4968 3707 5034 ἀποκαλύψει.

2123 5073 2264 5142 Ὅρα
2290 5069 2407 5132 πῶς
2438 5065 2884 5135 συνεσταλμένως
2915 5062 3072 5116 τοῦτό
3103 5061 3366 5132 φησιν-Ὀ
3392 5060 3526 5124 Θεὸς
3567 5061 3710 5128 ὑμᾶς

2119 5166 2341 5230 διδάξει’
2369 5163 2668 5225 τουτέστιν,
2713 5161 2771 5212 Ὀ
2801 5158 2932 5220 Θεὸς
2963 5158 3108 5227 ὑμᾶς
3135 5155 3334 5218 πείσει,
3366 5155 3487 5221 οὐχὶ
3510 5152 3711 5215 διδάξει

2123 5258 2309 5322 ἁπλῶς
2331 5274 2345 5288 ’
2377 5256 2623 5310 ἐδίδασκε
2660 5253 2757 5324 μὲν
2792 5250 2902 5321 γὰρ
2937 5253 2964 5304 6
3007 5248 3238 5314 Παῦλος,
3267 5247 3382 5300 ἀλλ’
3413 5249 3442 5300 ὁ
3472 5247 3604 5306 Θεὸς
3630 5247 3710 5297 ἐν-

2120 5354 2242 5424 ῆγε.
2266 5352 2376 5406 Καὶ⁵
2403 5350 2504 5403 οὐκ
2535 5344 2710 5407 εἶπεν,
2729 5344 2963 5408 Ἐνάξει,
2992 5341 3128 5406 ἀλλ’,
3163 5341 3596 5408 Ἀποκαλύψει,
3626 5339 3714 5390 ἵνα

2121 5438 2248 5509 δόξῃ
2277 5435 2474 5508 μᾶλλον
2505 5431 2725 5502 ἀγνοίας
2757 5427 2894 5482 εἶναι
2927 5429 2986 5482 16
3017 5428 3266 5498 πρᾶγμα.
3303 5428 3375 5479 Ού
3424 5425 3552 5496 περὶ
3593 5425 3714 5492 δογ-

2127 5532 2312 5602 μάτων
2355 5527 2530 5582 ταῦτα
2568 5527 2803 5598 εἴρηται,
2838 5524 2972 5578 ἀλλά
3027 5524 3152 5593 περὶ
3194 5523 3309 5592 βίου
3357 5520 3712 5591 τελειότητος,

2125 5625 2217 5676 καὶ
2257 5621 2350 5676 106
2391 5621 2465 5693 μὴ
2495 5621 2737 5692 νομίζειν
2771 5621 3002 5682 ἑαυτοὺς
3029 5617 3266 5680 τελείους
3296 5612 3453 5670 εἶναι.
3474 5616 3562 5679 Ὠς
3587 5616 3616 5668 6
3650 5631 3715 5682 γε

2186 5742 2202 5764 ⁸
2223 5742 2304 5791 Sic
2321 5741 2545 5796 Οοὶεὲίυ..
2576 5748 2629 5804 et
2662 5744 2730 5791 ila
2756 5738 2886 5804 logi;
2931 5738 3196 5801 interpres,
3225 5743 3278 5788 ut
3325 5741 3487 5789 series
3530 5744 3704 5800 pustu-

2130 5807 2232 5855 lare
2264 5804 2473 5854 videtur.
2513 5803 2664 5864 Editi,
2689 5810 2746 5866 τῇ
2774 5802 3017 5868 βαρύτητι.
