4184 6486
512 295 635 364 ’275

522 423 758 492 νομίζων
785 426 843 479 τὸ
879 430 985 482 πᾶν
1025 432 1440 502 κατειληφέναι,
1471 437 1618 490 οὐδὲν
1645 439 1775 509 ἔχει.
1809 442 1983 510 Πλὴν
2009 445 2097 510 εἰς

1207 316 1264 372 S.
1300 316 1586 376 JOANNIS
1619 321 2108 380 CHRYSOSTOMI
2150 327 2472 388 ARCHIEP.
2515 335 3071 396 CONSTA-NTIAOP.

3674 353 3800 411 976‘

2208 446 2435 519 ἔλαμψε,
2464 451 2492 504 6
2523 452 2580 506 δέ
2611 453 2696 508 διὰ
2727 456 3054 526 χρημάτων·
3086 451 3198 512 οἷον
3221 461 3250 514 6
3288 461 3470 528 Ἠλίας
3507 465 3574 518 δι’
3605 467 3780 540 ἀκτη-

520 513 554 567 ὃ
581 514 950 628 ἐφθάσαμεν·ἶ
978 520 1058 586 τῷ
1298 528 1568 628 στοιχεῖν
1606 533 1835 600 κανόνι,
1861 535 1924 588 τὸ
1955 538 2100 590 αὐτὸ
2205 513 2461 610 μοσόνης,
2493 544 2523 596 6
2577 513 2952 615 Ἀὁράάμηδιά
3005 513 3779 628 χρημάτων-δῖαν

519 609 784 714 φροχεῖῖ.
836 611 1138 714 what-uc
1167 615 1198 668 6
1229 618 1598 714 ἐφθάσαμεν,
1651 624 1702 676 τί
1755 626 1906 692 ἑστι;
1950 627 2101 691 Τέως
2200 609 2534 702 κουφοτέραν
2591 609 2688 688 καί
2753 609 3290 710 είδεπιτηδέῖοτέραν,
3356 643 3563 714 ταύτην

519 715 590 789 φη
601 700 704 764 σὶν,
726 701 754 753 ὃ
780 703 1247 777 κατωρθώσαμεν,
1278 711 1619 782 κατέχωμεν,
1643 716 1704 768 τὸ
1729 718 1827 786 τῆς
1855 720 2096 789 ἀγάπης,

516 788 577 841 τὸ
623 794 721 860 τῆς
766 795 1039 863 ὁμονοίας,
1067 800 1130 852 τὸ
1163 801 1261 871 τῆς
1308 805 1566 875 εἰρήνης·
1617 807 1773 861 τοῦτο
1801 813 1930 880 ἡμῖν
1964 827 2097 864 κατ-

514 880 788 950 ώρθωται.
834 890 938 952 Εἰς
985 888 1017 942 ὃ
1073 891 1442 963 ἐφθάσαμεν,
1494 897 1574 962 τῷ
1627 900 1788 965 αὐτῷ
1829 903 2096 970 στοιχεῖν

513 974 745 1038 κανόνι,
777 977 840 1029 τὸ
869 981 1016 1034 αὐτὸ
1045 985 1310 1050 φρονεῖν.
1341 990 1442 1054 Εἰς
1468 988 1498 1042 ὃ
1531 991 1878 1062 ἐφθάσαμεν
1897 1012 1910 1025 ·
1943 1012 2094 1047 τουτ-

511 1063 835 1127 έστι,Τοῦτο
863 1071 995 1140 ἡμῖν
1024 1073 1124 1144 ἤδη
1154 1077 1533 1147 κατώρθωται.
1553 1083 1715 1153 Ὁρᾷς
1743 1085 1824 1136 ὅτι
1855 1087 2090 1138 κανόναι

511 1155 761 1225 βούλεται
810 1157 950 1217 εἷναι
993 1165 1062 1219 τὰ
1111 1171 1580 1242 παραγγέλματα;
1641 1176 1698 1227 ’0
1745 1178 1924 1229 κανὼν
1968 1178 2090 1231 οὔτε

511 1251 824 1338 πρόσθεσιν,
859 1257 980 1313 οὔτε
1014 1261 1307 1334 ἀφαίρεσιν
1357 1268 1591 1338 δέχεται,
1627 1271 1750 1324 ἐπεὶ
1800 1274 1859 1326 τὸ
1911 1275 2090 1328 κανὼν

506 1335 650 1395 εἶναι
697 1347 979 1407 ἀπόλλυσι.
1021 1353 1105 1420 Τῷ
1135 1357 1296 1422 αὐτῷ
1323 1363 1564 1412 κανόνι·
1595 1365 1838 1416 τουτέστι
1865 1368 1928 1435 τῇ
1954 1367 2089 1438 αὐτῇ

513 1435 717 1500 πίστει,
749 1441 827 1511 τῷ
853 1445 1000 1513 αὐτῷ
1028 1447 1154 1516 ὅρῳ.
1189 1453 1450 1517 Munna!
1469 1471 1588 1520 μου
1619 1456 1877 1522 γίνεσθε,
1912 1435 2088 1511 ἀδελζ

506 1527 628 1593 μοί,
657 1531 754 1583 καί
788 1537 1071 1590 σκοπεῖτε
1095 1540 1232 1605 τοὺς
1259 1543 1410 1594 οὕτω
1435 1548 1933 1614 περιπατοῦντας,
1953 1555 2090 1603 καθ-

505 1617 586 1683 ὼς
635 1620 804 1689 ἔχετε
855 1628 1046 1680 τύπον
1095 1632 1272 1699 ἡμᾶς.
1319 1629 1484 1688 Εἶπεν
1518 1639 1793 1709 ἀνωτέρω,
1827 1641 2088 1698 Βλέπετε

507 1710 647 1777 τοὺς
693 1716 900 1784 κύνας,
934 1719 1220 1790 ἀπήγαγεν
1268 1727 1466 1790 αὐτοὺς
1515 1729 1766 1784 ἐκείνων·
1821 1736 2085 1804 προσάγει

505 1801 738 1870 τούτοις,
771 1808 864 1873 οὓς
902 1811 983 1864 δεῖ
1010 1817 1330 1884 μιμεῖσθαι,
1366 1819 1568 1875 λοιπόν.
1604 1823 1670 1875 Et
1695 1841 1779 1887 τις
1813 1826 1960 1895 ἡμᾶς
1998 1845 2086 1896 μι-

506 1895 720 1986 μεῖσθαι
769 1900 1037 1970 βούλεται,
1072 1909 1254 1977 φησιν,
1293 1912 1455 1972 εἴτις
1497 1913 1598 1984 τὴν
1638 1915 1808 1985 αὐτὴν
1849 1895 2084 1986 βαδίζειν

501 1985 638 2078 666v,
671 1991 899 2057 ἐκείνοις
948 1999 1277 2069 προσέχετε·
1327 2003 1374 2054 εἰ
1424 2004 1517 2056 καὶ
1561 2003 1672 2073 ἐγὼ
1722 2007 1796 2076 μὴ
1828 1985 2080 2078 πάρειμι,

501 2077 614 2130 ἀλλ’
647 2081 761 2134 ῖστε
807 2084 906 2155 τῆς
957 2088 1099 2158 ἐμῆς
1146 2091 1410 2160 βαδίσεως
1441 2096 1530 2147 τὸν
1559 2096 1780 2165 τρόπον,
1810 2101 2080 2168 τουτέστι,

627 2172 972 2248 ἀναστροφῆς
1005 2181 1097 2233 τοῦ
1131 2183 1268 2252 βίου.
1289 2187 1361 2238 Οὐ
1387 2188 1494 2257 γὰρ
1521 2189 1609 2242 διά
1636 2191 1896 2261 ῥημάτων
1925 2193 2083 2264 μόνον

497 2261 793 2330 ἐδίδασκεν,
841 2269 978 2324 ἀλλά
1020 2275 1114 2326 καὶ
1160 2274 1248 2328 διὰ
1293 2281 1670 2349 πραγμάτων·
1724 2261 1975 2355 καθάπερ
2023 2288 2080 2338 ἐν

496 2357 642 2427 χορῷ
677 2361 769 2414 καὶ
798 2368 1146 2438 στρατοπέδῳ
1174 2371 1265 2423 τὸν
1293 2374 1526 2442 χορηγὸν
1551 2377 1645 2429 καὶ
1675 2379 1981 2448 στρατηγὸν
2002 2380 2082 2432 δεῖ

499 2452 787 2520 μιμεῖσθαι
807 2459 932 2522 τοὺς
953 2459 1194 2526 λοιποὺς,
1223 2465 1315 2517 καὶ
1347 2465 1488 2519 οὕτω
1515 2467 1752 2536 βαδίζειν
1778 2471 2074 2537 εὐτάκτοις·

494 2541 574 2595 ἔνι
609 2545 714 2616 γὰρ
739 2549 831 2602 καὶ
857 2550 964 2604 ἀπὸ
991 2554 1234 2619 στάσεως
1263 2557 1583 2629 διαλυθῆναι
1608 2563 1784 2627 τάξιν.

561 2643 631 2702 γ’.
657 2639 798 2708 Ἀρα
835 2643 1003 2707 τύπος
1029 2640 1168 2716 ἦσαν
1197 2649 1248 2700 οἰ
1281 2649 1594 2718 ἀπόστολοι,
1617 2655 1923 2725 ἀρχέτυπόν
1950 2674 2073 2710 τινα

491 2730 676 2785 εἰκόνα
696 2733 1067 2800 διασώζοντες.
1104 2739 1423 2813 Ἐννοήσατε
1458 2745 1572 2808 πῶς
1591 2747 1770 2808 αὐτοῖς
1791 2748 1818 2800 6
1840 2747 1953 2816 βίος
1973 2749 2074 2800 ἁπ-

490 2826 867 2894 ηκριϐωμένος
881 2824 970 2900 ἦν,
985 2829 1060 2893 ώς
1073 2832 1376 2901 ἀρχέτυπον
1398 2835 1594 2899 αὐτοὺς
1618 2838 1711 2890 καὶ
1729 2838 2075 2908 παράδειγμα

493 2913 642 2986 i294]
674 2918 886 2971 κεῖσθαι
935 2921 1030 2972 καὶ
1074 2923 1272 2992 νόμους
1323 2925 1622 2997 ἐμψύχους.
1669 2929 1847 2998 Ἀπερ
1871 2931 1979 2999 γὰρ
2005 2929 2074 2983 τά

490 3004 795 3074 γράμματα
842 3008 1014 3078 ἔλεγε,
1067 3014 1235 3066 ταῦτα
1288 3015 1376 3068 διά
1399 3017 1507 3070 τῶν
1535 3021 1875 3090 πραγμάτων
1908 3021 2073 3074 πᾶσιν

492 3095 715 3166 ἐδήλουν
755 3095 918 3154 οὗτοι.
964 3100 1135 3156 Τοῦτό
1161 3105 1278 3158 ἐστι
1315 3106 1637 3163 διδασκαλία
1661 3111 1857 3182 ἀρίστη
1883 3129 1895 3142 ·
1931 3113 2072 3166 οὕτω

489 3186 582 3240 τὸν
629 3188 877 3260 μαθητὴν
925 3193 1136 3261 ἐνάγειν
1172 3197 1200 3248 6
1237 3196 1506 3251 διδάσκων
1539 3199 1845 3270 δυνήσεται.
1884 3204 1981 3256 Ἂν
2014 3205 2070 3258 δὲ

491 3279 654 3341 αὐτὸς
682 3280 782 3350 μὲν
815 3281 947 3356 λέγῃ
969 3285 1059 3336 καὶ
1083 3285 1367 3358 φιλοσοφῇ,
1395 3293 1504 3353 τοῖς
1527 3291 1582 3343 δὲ
1605 3291 1785 3363 ἔργοις
1805 3294 2062 3347 τάναντία

492 3379 640 3444 ποιῇ,
680 3374 832 3429 οὔπω
865 3377 1202 3442 διδάσκαλος.
1263 3380 1432 3434 Τοῦτο
1473 3383 1581 3454 γὰρ
1611 3387 1706 3439 καὶ
1742 3387 1818 3456 τῷ
1855 3388 2067 3458 μαθητῇ

491 3467 710 3537 κοῦφον,
743 3471 800 3521 ἐν
835 3468 1014 3538 λόγοις
1044 3471 1355 3544 φιλοσοφεῖν
1381 3491 1394 3504 ·
1424 3475 1559 3532 ἀλλὰ
1599 3477 1680 3531 δεῖ
1713 3480 1808 3548 τῆς
1834 3480 1921 3532 διὰ
1962 3481 2070 3534 τῶν

489 3557 669 3626 ἔργων
713 3559 994 3626 νουθεσίας
1043 3565 1136 3616 καὶ
1183 3567 1281 3635 τῆς
1337 3568 1594 3638 ἀγωγῆς·
1639 3569 1776 3642 αὕτη
1826 3571 1932 3643 γὰρ
1977 3575 2070 3625 καὶ

489 3647 809 3704 διδάσκαλον
877 3654 1152 3724 αἰδέσιμον
1209 3661 1383 3722 ποιεῖ,
1443 3661 1538 3714 καὶ
1598 3663 1847 3736 μαθητὴν
1900 3665 2070 3718 είκειν

493 3743 922 3811 παρασκευάζει.
973 3747 1123 3813 Πῶς;
1165 3748 1333 3802 Ὅταν
1377 3750 1476 3820 μὲν
1523 3752 1632 3823 γάρ
1672 3756 1755 3827 ίδῃ
1793 3758 1850 3810 ἐν
1885 3757 2065 3825 λόγοις

493 3831 902 3901 φιλοσοφοῦντα,
950 3839 1094 3907 ἐρεῖ,
1137 3840 1218 3892 ὃτι
1264 3841 1500 3896 ἀδύνατα
1551 3845 1845 3910 ἐπέταξεν·
1891 3847 1973 3900 ὃτι
2011 3848 2068 3902 δὲ

490 3923 748 3988 ἀδύνατα,
796 3927 1012 3994 πρῶτος
1039 3929 1199 3992 αὐτὸς
1239 3931 1508 3986 δείκνυσιν
1553 3937 1581 3988 6
1631 3936 1948 4004 διδάσκαλος
1993 3941 2068 4012 μὴ

491 4015 763 4102 πράττων.
793 4019 892 4070 Ἂν
915 4019 971 4072 δὲ
995 4021 1078 4095 ῖδῃ
1105 4021 1190 4074 διά
1214 4023 1324 4076 τῶν
1351 4023 1526 4096 ἔργων
1560 4027 1658 4098 τὴν
1685 4029 1887 4102 ἀρετὴν
1918 4048 2066 4084 τετε-

489 4101 810 4177 λειωμένην,
841 4107 941 4161 οὐκ
971 4107 1036 4162 ἂν
1066 4109 1178 4179 ἔχοι
1201 4113 1371 4165 ταῦτα
1392 4113 1594 4182 λέγειν.
1631 4119 1780 4190 Πλὴν
1801 4101 1936 4172 ἀλλὰ
1965 4121 2068 4175 κᾶν

490 4194 828 4266 ἠμελημένοι·
871 4200 898 4251 ζ
931 4194 1024 4252 τοῦ
1064 4199 1381 4258 διδασκάλου
1415 4204 1529 4275 βίος
1558 4203 1622 4282 ᾖ,
1666 4211 1825 4279 ἡμεῖς
1855 4213 2068 4275 ἑαυτοῖς

490 4290 844 4357 προσέχωμεν
869 4327 884 4350 ,
908 4289 1002 4342 καὶ
1031 4291 1318 4362 ἀκούωμεν
1351 4299 1446 4352 τοῦ
1481 4299 1762 4369 προφήτου
1794 4299 1849 4352 λέ
1866 4319 2063 4369 τοντος,

487 4377 570 4430 ὅτι
593 4378 872 4432 Ἔσονται
895 4380 1120 4446 πάντες
1159 4383 1430 4439 διδακτοί
1481 4389 1629 4441 Θεοῦ
1653 4406 1664 4418 ·
1708 4393 1822 4454 καὶ,
1863 4396 1946 4448 Οὐ
1979 4395 2065 4464 μὴ

487 4466 813 4530 διδάξωσιν
833 4469 1090 4540 ἕκαστος
1111 4479 1214 4527 τὸν
1236 4476 1499 4546 ἀδελφὸν
1527 4481 1736 4548 αὐτοῦ,
1760 4483 2064 4554 λέγοντες,

487 4557 681 4614 Γνῶθι
713 4560 819 4614 τὸν
839 4565 1076 4630 Κύριον,
1112 4565 1202 4620 ὅτι
1239 4567 1455 4635 πάντες
1485 4570 1804 4638 είδήσουσί
1839 4593 1912 4644 με
1948 4577 2066 4631 ἀπὸ

481 4650 698 4741 μικροῦ
747 4652 858 4720 ἕως
886 4655 1148 4724 μεγάλου
1199 4659 1416 4713 αὐτῶν.
1471 4663 1586 4717 Οὐκ
1630 4665 1775 4736 ἔχεις
1813 4668 2066 4741 ἐνάρετον

485 4740 839 4812 διδάσκαλον;
885 4745 1002 4800 ἀλλ’
1040 4747 1184 4818 ἔχεις
1243 4751 1336 4804 τὸν
1395 4752 1564 4818 ὅντως
1621 4740 1957 4825 διδάσκαλον,
2007 4763 2065 4817 ὃν

369 4898 377 4907 ⁸
487 4833 582 4885 καὶ
654 4833 816 4904 μόνον
877 4835 1195 4892 διδάσκαλον
1245 4841 1352 4911 χρὴ
1413 4842 1634 4896 καλεῖν·
1700 4847 1795 4900 ἀπ’
1854 4851 2063 4904 ἐκείνου

489 4923 720 4993 μάθετε·
750 4928 957 4991 ἐκεῖνος
987 4928 1177 5000 ἔφησε,
1194 4932 1421 4988 Μάθετε
1442 4936 1543 4989 ἀπ’
1565 4937 1730 5006 ἐμοῦ,
1757 4941 1846 4994 ὅτι
1877 4943 2066 5011 πρᾶός

484 5017 618 5082 ειμι.
647 5016 740 5088 Μὴ
777 5017 842 5088 δὴ
880 5019 1114 5090 πρόσεχε
1148 5021 1226 5093 τῷ
1249 5023 1576 5097 διδασκάλῳ,
1607 5029 1722 5083 ἀλλ’
1745 5031 1939 5103 ἐκείνῳ
1970 5035 2064 5088 καὶ

484 5108 596 5168 τοῖς
640 5107 849 5162 ἐκείνου
899 5110 1249 5182 μαθήμασιν·
1311 5117 1518 5171 ἐκεῖθεν
1563 5120 1692 5175 λάϐε
1735 5123 1827 5176 τὸν
1855 5125 2061 5179 τύπον·

485 5195 631 5266 ἔχεις
655 5198 841 5254 εἰκόνα
867 5202 1097 5274 ἀρίστην
1125 5220 1140 5234 ·
1173 5205 1310 5277 πρὸς
1325 5209 1538 5280 ἐκείνην
1560 5211 1822 5284 ῥύθμισον
1845 5219 2060 5273 σαυτόν.

484 5289 694 5358 Μυρίαι
739 5293 879 5348 εἰσὶν
927 5298 984 5349 αἰ
1027 5298 1234 5362 εἰκόνες
1276 5301 1335 5352 ἐν
1366 5305 1484 5366 ταῖς
1532 5305 1776 5375 Γραφαῖς
1811 5310 2062 5380 κείμεναι

489 5381 619 5474 βίων
671 5387 971 5460 ἐναρέτων·
1011 5385 1142 5457 οἷον,
1174 5393 1270 5447 ἐὰν
1299 5394 1480 5469 θέλῃς,
1515 5400 1634 5454 ἐλθὲ
1661 5403 1752 5456 καὶ
1785 5407 1920 5474 μετὰ
1971 5409 2063 5462 τὸν

487 5471 803 5532 διδάσκαλον
830 5481 887 5534 ἐν
917 5484 1030 5546 τοῖς
1062 5485 1329 5557 μαθηταῖς
1355 5507 1365 5518 ο
1398 5490 1427 5542 6
1459 5491 1558 5561 μὲν
1586 5493 1651 5547 δι’
1675 5471 2062 5570 ἁκτημοσύνης

549 5689 581 5726 ⁸
604 5688 686 5740 Sic
703 5691 903 5745 Coislm.
932 5695 1060 5747 Edlu
1083 5702 1228 5762 maio,
1264 5705 1334 5754 ὅτι
1361 5709 1536 5758 κανόνι.

2199 723 2368 775 Πάλιν
2407 726 2436 777 6
2494 727 2594 795 μὲν
2641 726 2730 780 διά
2774 730 2975 798 γάμου,
3033 731 3062 782 6
3107 730 3164 783 δέ
3222 732 3312 786 διὰ
3369 735 3668 804 παρθενίας
3699 755 3715 770 ·
3754 741 3784 792 6

2209 808 2460 880 Ἀδραάμ
2502 811 2590 864 διά
2639 813 2852 882 γάμου,
2920 816 3127 879 ἐκεῖνος
3183 818 3272 871 διὰ
3326 820 3664 890 παρθενίας·
3717 825 3783 894 ἣν

2196 894 2398 962 θέλεις,
2470 898 2732 968 βάδισον·
2800 901 3036 971 ἑκατέρα
3114 903 3222 974 γὰρ
3279 905 3437 974 φέρει
3496 908 3636 976 πρὸς
3687 909 3783 960 τὸν

2193 987 2440 1054 οὐρανόν.
2480 988 2539 1041 Ὀ
2569 989 2668 1057 μὲν
2694 988 2783 1042 διά
2807 990 3082 1060 νηστείας,
3105 994 3133 1045 6
3166 993 3438 1064 Ἰωάννης,
3462 997 3490 1048 6
3519 996 3576 1048 δὲ
3609 997 3781 1067 χωρὶς

2192 1079 2476 1147 νηστειῶν,
2513 1081 2542 1133 6
2588 1080 2730 1138 Ἰώϐ.
2769 1082 2936 1135 Πάλιν
2999 1084 3159 1146 αὐτὸς
3195 1079 3347 1149 οὗτος
3383 1087 3476 1139 καὶ
3522 1090 3778 1155 γυναικὸς

2192 1167 2491 1238 φροντίζων
2513 1166 2619 1221 ’καὶ
2639 1169 2846 1223 παίδων
2865 1171 2960 1223 καὶ
2985 1171 3301 1242 θυγατέρων
3325 1174 3418 1226 καὶ
3447 1175 3646 1240 οἰκίας,
3679 1177 3778 1229 καὶ

2193 1261 2359 1312 πολὺν
2405 1259 2543 1329 ἔχων
2568 1260 2827 1314 πλοῦτον·
2875 1264 2903 1315 6
2933 1262 3091 1326 ἄλλος
3125 1264 3278 1318 οὐδὲν
3312 1266 3598 1336 ἐκέκτητο,
3631 1268 3772 1338 πλὴν

2190 1349 2282 1402 τοῦ
2339 1352 2555 1420 ἱματίου
2599 1352 2694 1405 τοῦ
2739 1355 3001 1422 τριχίνου.
3047 1355 3158 1408 Καὶ
3200 1357 3252 1408 τί
3281 1357 3428 1424 λέγω
3471 1358 3648 1412 οἰκίαν
3671 1359 3768 1412 καὶ

2191 1440 2417 1494 πλοῦτον
2447 1443 2542 1495 καὶ
2571 1446 2851 1514 χρήματα,
2882 1446 3016 1498 ὅπου
3043 1463 3107 1514 γε
3137 1445 3232 1499 καὶ
3279 1447 3337 1498 ἐν
3369 1446 3616 1520 βασιλείᾳ
3641 1450 3768 1502 ὄντα

2188 1529 2412 1582 δυνατὸν
2442 1531 2540 1600 τῆς
2577 1533 2776 1600 ἀρετῆς
2805 1531 3194 1598 ἐπιλαόέσθαι;
3227 1535 3415 1604 Ilion;
3450 1536 3560 1604 γάρ
3592 1537 3767 1601 οἰκίας

2193 1623 2467 1692 ἰδιωτικῆς
2498 1624 2564 1677 ἂν
2588 1624 2838 1695 εὑρεθείη
2861 1625 3476 1698 πολυπραγμονέστερος
3504 1629 3532 1679 6
3559 1623 3706 1692 οἶκος
3738 1633 3767 1683 6

2190 1711 2484 1782 βασιλικός.
2536 1715 2594 1766 '0
2622 1715 2799 1767 τοίνυν
2823 1713 2985 1767 Δαυτδ
3020 1713 3259 1785 ἔλαμψεν
3287 1716 3345 1768 ἐν
3371 1716 3638 1788 βασιλείᾳ,
3670 1719 3766 1771 καὶ

2188 1803 2338 1857 οὐδὲν
2371 1803 2532 1857 αὑτὸν
2565 1804 2811 1868 ἐξέλυσεν
2833 1807 2866 1874 ἡ
2888 1803 3144 1874 ἁλουργὶς
3167 1804 3261 1857 καὶ
3282 1805 3344 1858 τὺ
3370 1805 3604 1876 διάδημα
3622 1824 3637 1839 ·
3669 1807 3766 1861 άλ-

2185 1892 2272 1956 λος
2301 1894 2595 1966 ὁλοκλήρου
2617 1895 2679 1966 δή
2689 1911 2788 1965 μου
2822 1895 3157 1966 προστασίαν
3181 1896 3705 1966 ἐμπεπιστευμένος,
3735 1906 3764 1957 ὁ

2183 1985 2422 2055 Μωῦσῆς
2447 1984 2610 2051 λέγω,
2629 1985 2764 2055 ὅπερ
2793 1985 2886 2038 καὶ
2905 1983 3304 2056 δυσκολώτερον
3327 1986 3603 2056 τυγχάνει.
3645 1989 3763 2040 Ἐν-

2181 2073 2356 2127 ταῦθα
2398 2075 2507 2144 γάρ
2551 2073 2752 2142 μείζων
2789 2075 2822 2142 ἠ
2845 2074 3061 2140 ἐξουσία
3090 2070 3178 2145 ἦν,
3211 2075 3332 2128 ὅθεν
3374 2077 3467 2128 καὶ
3495 2075 3696 2128 πλείων
3725 2079 3758 2146 ή

2180 2166 2435 2219 δυσκολία
2472 2154 2700 2235 ἐγίνετο.
2737 2160 2888 2228 Εἶδες
2933 2167 2996 2218 ἐν
3042 2166 3259 2235 πλούτῳ
3302 2167 3756 2237 εὐδοκιμηκότας,

2180 2253 2315 2320 εἶδες
2339 2258 2433 2311 καὶ
2464 2259 2522 2310 ἐν
2557 2253 2716 2326 πενίᾳ
2735 2293 2750 2317 ,
2782 2251 2920 2318 εἶδες
2952 2257 3010 2308 ἐν
3049 2257 3230 2328 γάμῳ,
3254 2254 3391 2321 εἶδες
3422 2260 3510 2310 καὶ
3533 2259 3591 2310 ἐν
3619 2276 3758 2328 παρ-

2179 2347 2331 2421 θενίᾳ
2349 2364 2364 2378 ·
2392 2349 2489 2402 θέα
2509 2346 2818 2400 τούναντίον
2843 2346 3008 2400 πάλιν
3034 2349 3126 2401 καὶ
3147 2350 3203 2401 ἐν
3231 2349 3393 2418 γάμῳ
3421 2349 3516 2401 καὶ
3535 2350 3590 2401 ἐν
3621 2364 3758 2416 παρ-

2178 2439 2328 2509 θενίᾳ
2351 2439 2714 2502 ἀπολωλότας,
2747 2439 2839 2492 καὶ
2867 2440 2924 2490 ὲν
2953 2439 3165 2510 πλούτῳ
3197 2441 3291 2493 καὶ
3332 2442 3390 2494 ἐν
3417 2440 3577 2512 πενίᾳ
3595 2454 3609 2470 ·
3645 2435 3758 2492 οἷον

2176 2529 2233 2581 ἐν
2281 2529 2444 2598 γάμῳ
2485 2527 2584 2598 μὲν
2621 2528 2807 2580 πολλοὶ
2837 2528 2946 2580 τῶν
2976 2529 3278 2598 ἀνθρώπων
3300 2529 3600 2594 ἀπώλοντο,
3643 2523 3756 2583 οἷον

2177 2615 2414 2684 Σαμψὼν
2433 2655 2448 2680 ,
2485 2617 2598 2670 ⁴ὶλλ⁹
2627 2618 2728 2669 οὐκ
2750 2615 2858 2668 ἀπὸ
2881 2615 2972 2668 τοῦ
2999 2618 3198 2684 γάμου,
3226 2618 3339 2670 ἀλλ’
3369 2617 3478 2670 ἀπὸ
3498 2619 3595 2686 τῆς
3622 2617 3758 2680 ἰδίας

2176 2703 2328 2777 [295]
2371 2706 2738 2775 προαιρέσεως
2766 2722 2779 2736 ·
2812 2707 2870 2757 ἐν
2921 2705 3188 2777 παρθενίᾳ
3228 2707 3305 2770 δὲ,
3348 2703 3460 2758 οἷον
3496 2707 3553 2759 αἰ
3595 2706 3757 2758 πέντε

2175 2795 2466 2866 παρθένοι·
2513 2797 2572 2850 ἐν
2631 2796 2866 2866 πλούτῳ,
2925 2799 2952 2850 6
3007 2797 3260 2861 πλούσιος
3309 2800 3338 2851 6
3374 2798 3462 2850 τὸν
3509 2795 3755 2865 Λάζαρον

2174 2886 2460 2958 περιορῶν·
2477 2889 2535 2941 ἐν
2552 2887 2708 2957 πενίᾳ
2723 2888 2905 2957 μυρίοι
2923 2887 3002 2940 ἔτι
3023 2887 3118 2940 καὶ
3135 2887 3228 2940 νῦν
3246 2888 3477 2956 πένητες
3496 2885 3756 2939 ἀπόλλυν-

2171 2997 2280 3033 ται.
2329 2980 2416 3032 Ἐν
2451 2978 2696 3050 βασιλείᾳ
2737 2979 2985 3050 δείκνυμι
3019 2979 3246 3042 πολλοὺς
3283 2979 3648 3042 ἀπολωλότας,
3697 2977 3757 3030 ἐν

2169 3069 2516 3140 δημαγωγία.
2567 3069 2753 3133 Θέλεις
2778 3070 2833 3124 δὲ
2853 3071 2948 3124 καὶ
2980 3072 3036 3124 ἐν
3055 3074 3414 3141 στρατιωτικῇ
3445 3071 3596 3135 τάξει
3627 3069 3752 3124 ἰδεῖν

2173 3159 2540 3228 σωζομένους;
2595 3159 2698 3230 ὅρα
2742 3160 2833 3213 τὸν
2865 3159 3160 3232 Κορνήλιον
3186 3179 3200 3194 ·
3229 3162 3321 3213 καὶ
3359 3161 3417 3213 ἐν
3450 3161 3754 3232 προστασίᾳ

2169 3249 2376 3314 οἰκίας;
2408 3249 2572 3320 βλέπε
2613 3250 2705 3304 τὸν
2748 3250 3002 3322 εὐνοῦχον
3033 3252 3134 3321 τῆς
3177 3251 3752 3322 Αἰθιοπίσσης.,οὖτω

2170 3340 2434 3393 πάντοθεν
2488 3341 2582 3394 ἐὰν
2623 3343 2704 3404 εἰς
2732 3341 2850 3395 δέον
2889 3341 2968 3412 τῷ
3017 3341 3232 3412 πλούτῳ
3282 3341 3561 3412 χρώμεθα,
3601 3341 3753 3394 οὐδέν

2170 3433 2315 3502 ἡμᾶς
2343 3432 2569 3484 ἀπολεῖ·
2603 3431 2699 3486 ἐὰν
2721 3431 2778 3485 δὲ
2819 3433 2916 3504 μὴ,
2963 3433 3178 3487 ἅπαντα
3218 3433 3432 3497 ἀπολεῖ,
3482 3433 3575 3484 καὶ
3601 3432 3752 3501 βασι-

2167 3522 2306 3584 λεία,
2355 3524 2447 3575 καὶ
2479 3522 2656 3588 πενία,
2702 3522 2796 3576 καὶ
2826 3523 3074 3585 πλοῦτος.
3129 3524 3234 3576 Τὸν
3286 3525 3469 3593 μέντοι
3514 3526 3752 3593 νήφοντα

2166 3616 2317 3668 οὐδὲν
2350 3615 2549 3684 βλάψαι
2581 3615 2890 3686 δυνήσεται.
2945 3616 3080 3669 Εἰπέ
3108 3617 3217 3687 γάρ
3257 3634 3368 3686 μοι,
3402 3615 3751 3685 αἰχμαλωσία

2166 3707 2216 3760 τί
2247 3706 2514 3775 ἔϐλαψενς
2547 3705 2714 3760 Οὐδέν
2733 3723 2747 3738 ·
2780 3707 3072 3779 ἐννόειγάρ
3101 3725 3190 3776 μοι
3219 3707 3305 3759 τὸν
3348 3707 3545 3777 Ἰωσὴφ
3567 3705 3751 3759 δοῦλον

2165 3799 2474 3868 γενόμενον,
2508 3798 2602 3851 καὶ
2641 3799 2742 3868 τὴν
2783 3799 2987 3870 ἀρετὴν
3033 3798 3367 3864 διασώζοντα
3391 3818 3403 3829 ·
3457 3799 3626 3852 ἐννόει
3659 3815 3745 3868 μοι

2165 3891 2254 3945 τὸν
2283 3889 2500 3960 Δανιὴλ,
2534 3890 2776 3954 καὶτοὺς
2802 3893 2952 3960 τρεῖς
2983 3891 3175 3954 παῖδας
3195 3889 3570 3960 αἰχμαλώτους
3594 3906 3750 3957 γενο-

2169 3981 2382 4050 μένους,
2423 3981 2514 4034 καὶ
2557 3979 2673 4044 πῶς
2705 3980 2884 4050 πολλῷ
2917 3979 3116 4050 μᾶλλον
3144 3981 3414 4051 ἔλαμψαν.
3466 3978 3749 4050 Πανταχοῦ

2167 4069 2273 4141 γὰρ
2305 4073 2337 4140 ἡ
2371 4069 2543 4140 ἀρετὴ
2583 4070 2812 4140 λάμπει,
2863 4071 2956 4124 καὶ
3003 4069 3446 4139 ἁκαταγώνιστός
3486 4073 3622 4135 ἐστι,
3654 4070 3752 4123 καὶ

2165 4162 2316 4214 οὐδὲν
2340 4161 2541 4232 ταύτην
2567 4161 2855 4232 ἐμποδίσαι
2888 4162 3127 4215 δύναται.
3157 4161 3221 4214 Τί
3251 4161 3394 4230 λέγω
3433 4163 3621 4216 πενίαν
3655 4163 3750 4216 καὶ

2165 4252 2546 4324 αἰχμαλωσίαν
2573 4254 2666 4306 καὶ
2691 4252 2934 4307 δουλείαν
2957 4271 2972 4321 ;
3001 4254 3120 4309 οὐδέ
3142 4254 3319 4325 λιμὸς,
3351 4255 3472 4308 οὐδὲ
3495 4254 3746 4321 ἕλκωσις,

2165 4345 2287 4398 οὐδὲ
2340 4345 2492 4406 νόσος
2535 4343 2759 4398 δύναται
2816 4343 3050 4412 βλάψαι·
3106 4344 3348 4407 δουλείας
3416 4344 3523 4415 γάρ
3594 4345 3748 4408 νόσος

2165 4435 2566 4511 χαλεπώτερον.
2617 4434 2869 4497 Τοιοῦτος
2905 4430 2972 4504 ἦν
3005 4435 3034 4487 6
3063 4433 3331 4504 Λάζαρος,
3361 4433 3599 4498 τοιοῦτος
3627 4429 3695 4504 ἦν
3717 4436 3747 4487 6

2178 4528 2320 4592 Ἰὼϐ,
2346 4529 2586 4592 τοιοῦτος
2605 4523 2674 4599 ἦν
2705 4527 2794 4583 καὶ
2822 4529 2850 4581 6
2880 4527 3140 4597 Τιμόθεος
3173 4529 3402 4590 πυκναῖς
3439 4520 3746 4588 ἀσθενείαις

2168 4623 2546 4692 συνεχόμενος.
3697 4631 3704 4638 ’

2246 4713 2408 4782 Ὁρᾷς
2442 4713 2522 4764 ὅτι
2553 4711 2648 4782 τῆς
2669 4712 2868 4784 ἀρετῆς
2895 4711 3044 4765 οὐδὲν
3067 4711 3288 4766 δύναται
3328 4709 3742 4782 περιγενέσθαι;

2162 4804 2223 4857 οὐ
2256 4802 2504 4866 πλοῦτος,
2534 4803 2595 4856 οὐ
2637 4804 2814 4869 πενία,
2839 4803 2938 4857 οὐκ
2967 4801 3130 4873 ἀρχὴ,
3171 4802 3232 4856 οὐ
3277 4801 3338 4856 τὺ
3365 4801 3648 4874 ἄρχεσθαι,
3679 4803 3742 4854 οὐ

2161 4895 2222 4946 τὸ
2273 4893 2381 4947 τῶν
2439 4895 2780 4964 πραγμάτων
2847 4893 3226 4966 προΐστασθαι,
3284 4895 3344 4947 οὑ
3414 4894 3589 4956 νόσος,
3641 4893 3742 4947 οὐκ

2163 4985 2368 5050 ἀδοξία,
2401 4987 2463 5038 οὐ
2497 4986 2556 5039 τὸ
2583 4987 2920 5058 ἀπερρἰφθαι
2945 5005 2956 5017 ·
3011 4986 3148 5040 ἀλλά
3183 4985 3354 5041 ταῦτα
3387 4986 3563 5040 πάντα
3593 4986 3744 5039 κάτω

2163 5075 2258 5128 καὶ
2279 5075 2372 5128 ἐπὶ
2397 5075 2499 5145 γῆς
2531 5077 2750 5144 ἀφεῖσα,
2787 5076 2978 5144 φθάνει
3005 5075 3138 5147 πρὸς
3170 5076 3260 5130 τὸν
3290 5076 3519 5139 οὐρανόν
3540 5091 3554 5104 ·
3583 5073 3743 5146 μόνον

2163 5164 2303 5220 ἔστω
2333 5165 2555 5233 γενναία
2582 5165 2748 5236 ψυχὴ,
2774 5165 2867 5219 καὶ
2897 5165 2958 5220 τὸ
2979 5165 3186 5220 κωλῦον
3213 5165 3363 5218 οὐδὲν
3393 5161 3534 5218 εἶναι
3556 5163 3746 5234 ἐνάρε-

2161 5274 2272 5312 τον.
2304 5257 2472 5311 Ὀταν
2501 5255 2610 5328 γάρ
2642 5258 2672 5310 6
2701 5258 2940 5328 ἐργάτης
2957 5257 3217 5329 ἔρρωται,
3241 5256 3392 5311 οὐδὲν
3417 5257 3524 5310 τῶν
3547 5256 3745 5322 ἔξωθεν

2163 5347 2460 5418 ἐμποδίζει.
2519 5349 2630 5402 Καὶ
2669 5349 2781 5419 γάρ
2824 5348 2918 5402 καὶ
2953 5349 3048 5402 ἐπὶ
3087 5347 3198 5401 τῶν
3237 5348 3478 5419 τεχνῶν,
3534 5347 3662 5400 ὅταν
3714 5346 3746 5398 6

2161 5439 2412 5509 τεχνίτης
2438 5439 2702 5511 ἔμπειρος
2834 5441 2927 5492 καὶ
2959 5440 3284 5510 καρτερικὸς
3316 5441 3412 5493 καὶ
3435 5441 3614 5492 πᾶσαν
3645 5437 3741 5506 τὴν

2159 5529 2354 5599 τέχνην
2393 5529 2768 5598 ἐπιστάμενος,
2815 5528 2916 5582 κᾶν
2950 5529 3103 5593 νόσος
3125 5529 3358 5602 ἐπέλθῃ.
3411 5528 3522 5598 ἔχει
3548 5528 3740 5596 αὐτὴν,

2160 5621 2264 5673 κᾶν
2289 5619 2536 5690 πένηται,
2584 5619 2694 5688 ἔχει
2737 5619 2927 5692 αὐτὴν,
2961 5620 3064 5675 κᾶν
3107 5620 3202 5693 ἔχῃ
3251 5621 3310 5675 τὸ
3337 5620 3568 5690 ὄργανον
3601 5619 3742 5689 μετά

2161 5713 2368 5786 χεῖρας,
2393 5711 2496 5766 κᾶν
2519 5709 2593 5782 μὴ
2609 5710 2725 5782 ἔχῃ,
2748 5712 2849 5766 κᾶν
2865 5711 3180 5786 ἐργάζηται,
3203 5713 3303 5768 κᾶν
3327 5712 3402 5784 μὴ
3417 5709 3739 5785 ἐργάζηται,
