  <div class='ocr_page' id='page_1' title='image "/cluster/home/n/w/nwhite01/storage/ocr_20150623/62:no.11/coo.31924054869627/280.png"; bbox 0 0 4184 6530; ppageno 0'>
   <div class='ocr_carea' id='block_1_1' title="bbox 436 388 546 449">
    <p class='ocr_par' dir='ltr' id='par_1_1' title="bbox 436 388 546 449">
     <span class='ocr_line' id='line_1_1' title="bbox 436 388 546 449; baseline 0 0"><span class='ocrx_word' id='word_1_1' title='bbox 436 388 546 449; x_wconf 70' lang='lat'><strong>973</strong></span> 
     </span>
    </p>
   </div>
   <div class='ocr_carea' id='block_1_2' title="bbox 435 499 2039 578">
    <p class='ocr_par' dir='ltr' id='par_1_2' title="bbox 435 499 2039 578">
     <span class='ocr_line' id='line_1_2' title="bbox 435 499 2039 578; baseline -0.004 -16"><span class='ocrx_word' id='word_1_2' title='bbox 435 506 616 578; x_wconf 81' lang='lat' dir='ltr'><strong>regula</strong></span> <span class='ocrx_word' id='word_1_3' title='bbox 646 506 820 561; x_wconf 83' lang='lat' dir='ltr'><strong>:idem</strong></span> <span class='ocrx_word' id='word_1_4' title='bbox 844 506 1125 576; x_wconf 85' lang='lat' dir='ltr'><strong>sapiamus.</strong></span> <span class='ocrx_word' id='word_1_5' title='bbox 1178 500 1534 559; x_wconf 79' lang='lat' dir='ltr'><strong>Verumtamen</strong></span> <span class='ocrx_word' id='word_1_6' title='bbox 1556 505 1624 558; x_wconf 84' lang='lat' dir='ltr'><strong><em>ad</em></strong></span> <span class='ocrx_word' id='word_1_7' title='bbox 1643 504 1780 572; x_wconf 87' lang='lat' dir='ltr'><strong>quod</strong></span> <span class='ocrx_word' id='word_1_8' title='bbox 1810 499 2039 573; x_wconf 83' lang='lat' dir='ltr'><strong>perveni-</strong></span> 
     </span>
    </p>
   </div>
   <div class='ocr_carea' id='block_1_3' title="bbox 437 595 2038 667">
    <p class='ocr_par' dir='ltr' id='par_1_3' title="bbox 437 595 2038 667">
     <span class='ocr_line' id='line_1_3' title="bbox 437 595 2038 667; baseline -0.002 -15"><span class='ocrx_word' id='word_1_9' title='bbox 437 615 571 662; x_wconf 86' lang='lat' dir='ltr'><strong>mus,</strong></span> <span class='ocrx_word' id='word_1_10' title='bbox 601 597 731 667; x_wconf 85' lang='lat' dir='ltr'><strong>quid</strong></span> <span class='ocrx_word' id='word_1_11' title='bbox 762 597 865 650; x_wconf 82' lang='lat' dir='ltr'><strong>hoc</strong></span> <span class='ocrx_word' id='word_1_12' title='bbox 893 598 1014 650; x_wconf 82' lang='lat' dir='ltr'><strong>est?</strong></span> <span class='ocrx_word' id='word_1_13' title='bbox 1046 595 1275 663; x_wconf 83' lang='lat' dir='ltr'><strong>Interea,</strong></span> <span class='ocrx_word' id='word_1_14' title='bbox 1305 596 1498 666; x_wconf 92' lang='lat' dir='ltr'><strong>inquit,</strong></span> <span class='ocrx_word' id='word_1_15' title='bbox 1517 595 1659 666; x_wconf 89' lang='lat' dir='ltr'><strong>quod</strong></span> <span class='ocrx_word' id='word_1_16' title='bbox 1697 595 1821 649; x_wconf 89' lang='lat' dir='ltr'><strong>boni</strong></span> <span class='ocrx_word' id='word_1_17' title='bbox 1846 610 2038 650; x_wconf 85' lang='lat' dir='ltr'><strong>conse-</strong></span> 
     </span>
    </p>
   </div>
   <div class='ocr_carea' id='block_1_4' title="bbox 436 688 2033 759">
    <p class='ocr_par' dir='ltr' id='par_1_4' title="bbox 436 688 2033 759">
     <span class='ocr_line' id='line_1_4' title="bbox 436 688 2033 759; baseline -0.001 -16"><span class='ocrx_word' id='word_1_18' title='bbox 436 688 591 759; x_wconf 90' lang='lat' dir='ltr'><strong>qunti</strong></span> <span class='ocrx_word' id='word_1_19' title='bbox 612 704 822 755; x_wconf 90' lang='lat' dir='ltr'><strong>sumus,</strong></span> <span class='ocrx_word' id='word_1_20' title='bbox 852 699 1155 754; x_wconf 92' lang='lat' dir='ltr'><strong>teneamus,</strong></span> <span class='ocrx_word' id='word_1_21' title='bbox 1184 689 1468 743; x_wconf 87' lang='lat' dir='ltr'><strong>caritatem</strong></span> <span class='ocrx_word' id='word_1_22' title='bbox 1491 730 1506 753; x_wconf 94' lang='lat'><strong>,</strong></span> <span class='ocrx_word' id='word_1_23' title='bbox 1536 688 1905 753; x_wconf 82' lang='lat' dir='ltr'><strong>concordiam,</strong></span> <span class='ocrx_word' id='word_1_24' title='bbox 1938 703 2033 758; x_wconf 83' lang='lat' dir='ltr'><strong>pa-</strong></span> 
     </span>
    </p>
   </div>
   <div class='ocr_carea' id='block_1_5' title="bbox 437 782 2041 851">
    <p class='ocr_par' dir='ltr' id='par_1_5' title="bbox 437 782 2041 851">
     <span class='ocr_line' id='line_1_5' title="bbox 437 782 2041 851; baseline -0.002 -14"><span class='ocrx_word' id='word_1_25' title='bbox 437 799 556 837; x_wconf 88' lang='lat' dir='ltr'><strong>cem</strong></span> <span class='ocrx_word' id='word_1_26' title='bbox 589 801 603 836; x_wconf 90' lang='lat'><strong>:</strong></span> <span class='ocrx_word' id='word_1_27' title='bbox 632 783 737 837; x_wconf 89' lang='lat' dir='ltr'><strong>hoc</strong></span> <span class='ocrx_word' id='word_1_28' title='bbox 769 784 926 836; x_wconf 88' lang='lat' dir='ltr'><strong>nobis</strong></span> <span class='ocrx_word' id='word_1_29' title='bbox 951 790 1099 836; x_wconf 86' lang='lat' dir='ltr'><strong>recte</strong></span> <span class='ocrx_word' id='word_1_30' title='bbox 1127 782 1433 837; x_wconf 88' lang='lat' dir='ltr'><strong>confectum</strong></span> <span class='ocrx_word' id='word_1_31' title='bbox 1467 790 1569 838; x_wconf 84' lang='lat' dir='ltr'><strong>est.</strong></span> <span class='ocrx_word' id='word_1_32' title='bbox 1600 782 1681 836; x_wconf 80' lang='lat' dir='ltr'><strong>Ad</strong></span> <span class='ocrx_word' id='word_1_33' title='bbox 1705 782 1842 851; x_wconf 87' lang='lat' dir='ltr'><strong>quod</strong></span> <span class='ocrx_word' id='word_1_34' title='bbox 1869 797 2041 848; x_wconf 83' lang='lat' dir='ltr'><strong>perve-</strong></span> 
     </span>
    </p>
   </div>
   <div class='ocr_carea' id='block_1_6' title="bbox 437 874 2035 946">
    <p class='ocr_par' dir='ltr' id='par_1_6' title="bbox 437 874 2035 946">
     <span class='ocr_line' id='line_1_6' title="bbox 437 874 2035 946; baseline -0.003 -18"><span class='ocrx_word' id='word_1_35' title='bbox 437 876 630 940; x_wconf 84' lang='lat' dir='ltr'><strong>nimus,</strong></span> <span class='ocrx_word' id='word_1_36' title='bbox 659 877 715 929; x_wconf 86' lang='lat' dir='ltr'><strong>in</strong></span> <span class='ocrx_word' id='word_1_37' title='bbox 745 875 922 929; x_wconf 84' lang='lat' dir='ltr'><strong><em>eadem</em></strong></span> <span class='ocrx_word' id='word_1_38' title='bbox 955 891 1342 945; x_wconf 82' lang='lat' dir='ltr'><strong>permaneamus</strong></span> <span class='ocrx_word' id='word_1_39' title='bbox 1368 875 1564 946; x_wconf 82' lang='lat' dir='ltr'><strong>regula,</strong></span> <span class='ocrx_word' id='word_1_40' title='bbox 1592 874 1726 927; x_wconf 87' lang='lat' dir='ltr'><strong>idem</strong></span> <span class='ocrx_word' id='word_1_41' title='bbox 1754 874 2035 942; x_wconf 73' lang='lat' dir='ltr'><strong>sapiamus.</strong></span> 
     </span>
    </p>
   </div>
   <div class='ocr_carea' id='block_1_7' title="bbox 436 965 2040 1037">
    <p class='ocr_par' dir='ltr' id='par_1_7' title="bbox 436 965 2040 1037">
     <span class='ocr_line' id='line_1_7' title="bbox 436 965 2040 1037; baseline -0.001 -17"><span class='ocrx_word' id='word_1_42' title='bbox 436 967 516 1020; x_wconf 81' lang='lat' dir='ltr'><strong>Ad</strong></span> <span class='ocrx_word' id='word_1_43' title='bbox 564 968 702 1037; x_wconf 85' lang='lat' dir='ltr'><strong>quod</strong></span> <span class='ocrx_word' id='word_1_44' title='bbox 742 967 1103 1035; x_wconf 81' lang='lat' dir='ltr'><strong>pervenimus;</strong></span> <span class='ocrx_word' id='word_1_45' title='bbox 1151 965 1202 1020; x_wconf 88' lang='lat' dir='ltr'><strong>id</strong></span> <span class='ocrx_word' id='word_1_46' title='bbox 1247 975 1348 1034; x_wconf 84' lang='lat' dir='ltr'><strong>est,</strong></span> <span class='ocrx_word' id='word_1_47' title='bbox 1399 967 1501 1020; x_wconf 92' lang='lat' dir='ltr'><strong>hoc</strong></span> <span class='ocrx_word' id='word_1_48' title='bbox 1545 966 1700 1020; x_wconf 90' lang='lat' dir='ltr'><strong>nobis</strong></span> <span class='ocrx_word' id='word_1_49' title='bbox 1737 965 1847 1035; x_wconf 89' lang='lat' dir='ltr'><strong>jam</strong></span> <span class='ocrx_word' id='word_1_50' title='bbox 1895 973 2040 1019; x_wconf 89' lang='lat' dir='ltr'><strong>recte</strong></span> 
     </span>
    </p>
   </div>
   <div class='ocr_carea' id='block_1_8' title="bbox 433 1058 2035 1127">
    <p class='ocr_par' dir='ltr' id='par_1_8' title="bbox 433 1058 2035 1127">
     <span class='ocr_line' id='line_1_8' title="bbox 433 1058 2035 1127; baseline -0.002 -13"><span class='ocrx_word' id='word_1_51' title='bbox 433 1060 742 1114; x_wconf 85' lang='lat' dir='ltr'><strong>confectum</strong></span> <span class='ocrx_word' id='word_1_52' title='bbox 784 1067 889 1113; x_wconf 89' lang='lat' dir='ltr'><strong>est.</strong></span> <span class='ocrx_word' id='word_1_53' title='bbox 929 1058 1090 1112; x_wconf 85' lang='lat' dir='ltr'><strong>Vides</strong></span> <span class='ocrx_word' id='word_1_54' title='bbox 1120 1058 1343 1113; x_wconf 88' lang='lat' dir='ltr'><strong>Paulum</strong></span> <span class='ocrx_word' id='word_1_55' title='bbox 1392 1059 1495 1113; x_wconf 91' lang='lat' dir='ltr'><strong>hoc</strong></span> <span class='ocrx_word' id='word_1_56' title='bbox 1542 1058 1716 1123; x_wconf 88' lang='lat' dir='ltr'><strong>velle,</strong></span> <span class='ocrx_word' id='word_1_57' title='bbox 1767 1066 2035 1127; x_wconf 72' lang='lat' dir='ltr'><strong>praecepta</strong></span> 
     </span>
    </p>
   </div>
   <div class='ocr_carea' id='block_1_9' title="bbox 435 1149 2032 1223">
    <p class='ocr_par' dir='ltr' id='par_1_9' title="bbox 435 1149 2032 1223">
     <span class='ocr_line' id='line_1_9' title="bbox 435 1149 2032 1223; baseline -0.001 -17"><span class='ocrx_word' id='word_1_58' title='bbox 435 1166 556 1206; x_wconf 89' lang='lat' dir='ltr'><strong>esse</strong></span> <span class='ocrx_word' id='word_1_59' title='bbox 584 1152 867 1222; x_wconf 85' lang='lat' dir='ltr'><strong>regulam?</strong></span> <span class='ocrx_word' id='word_1_60' title='bbox 896 1150 1099 1221; x_wconf 81' lang='lat' dir='ltr'><strong>Regula</strong></span> <span class='ocrx_word' id='word_1_61' title='bbox 1141 1166 1315 1223; x_wconf 90' lang='lat' dir='ltr'><strong>neque</strong></span> <span class='ocrx_word' id='word_1_62' title='bbox 1366 1151 1696 1206; x_wconf 89' lang='lat' dir='ltr'><strong>additionem</strong></span> <span class='ocrx_word' id='word_1_63' title='bbox 1729 1166 1905 1221; x_wconf 91' lang='lat' dir='ltr'><strong>neque</strong></span> <span class='ocrx_word' id='word_1_64' title='bbox 1936 1149 2032 1205; x_wconf 83' lang='lat' dir='ltr'><strong>de-</strong></span> 
     </span>
    </p>
   </div>
   <div class='ocr_carea' id='block_1_10' title="bbox 439 1230 2027 1316">
    <p class='ocr_par' dir='ltr' id='par_1_10' title="bbox 439 1230 2027 1316">
     <span class='ocr_line' id='line_1_10' title="bbox 439 1230 2027 1316; baseline 0 -18"><span class='ocrx_word' id='word_1_65' title='bbox 439 1230 757 1299; x_wconf 83' lang='lat' dir='ltr'><strong>tractionem</strong></span> <span class='ocrx_word' id='word_1_66' title='bbox 790 1246 975 1314; x_wconf 87' lang='lat' dir='ltr'><strong>capit;</strong></span> <span class='ocrx_word' id='word_1_67' title='bbox 1002 1245 1203 1316; x_wconf 87' lang='lat' dir='ltr'><strong>alioqui</strong></span> <span class='ocrx_word' id='word_1_68' title='bbox 1230 1248 1342 1315; x_wconf 88' lang='lat' dir='ltr'><strong>jam</strong></span> <span class='ocrx_word' id='word_1_69' title='bbox 1376 1263 1480 1300; x_wconf 90' lang='lat' dir='ltr'><strong>non</strong></span> <span class='ocrx_word' id='word_1_70' title='bbox 1508 1255 1593 1300; x_wconf 88' lang='lat' dir='ltr'><strong>est</strong></span> <span class='ocrx_word' id='word_1_71' title='bbox 1621 1245 1825 1313; x_wconf 81' lang='lat' dir='ltr'><strong>regula.</strong></span> <span class='ocrx_word' id='word_1_72' title='bbox 1855 1242 1920 1298; x_wconf 84' lang='lat' dir='ltr'><strong>In</strong></span> <span class='ocrx_word' id='word_1_73' title='bbox 1945 1259 2027 1298; x_wconf 56' lang='lat' dir='ltr'><strong><em>ea.</em></strong></span> 
     </span>
    </p>
   </div>
   <div class='ocr_carea' id='block_1_11' title="bbox 436 1334 2039 1407">
    <p class='ocr_par' dir='ltr' id='par_1_11' title="bbox 436 1334 2039 1407">
     <span class='ocr_line' id='line_1_11' title="bbox 436 1334 2039 1407; baseline 0 -19"><span class='ocrx_word' id='word_1_74' title='bbox 436 1337 548 1390; x_wconf 86' lang='lat' dir='ltr'><strong>dem</strong></span> <span class='ocrx_word' id='word_1_75' title='bbox 564 1337 783 1407; x_wconf 83' lang='lat' dir='ltr'><strong>regula;</strong></span> <span class='ocrx_word' id='word_1_76' title='bbox 815 1336 864 1389; x_wconf 87' lang='lat' dir='ltr'><strong>id</strong></span> <span class='ocrx_word' id='word_1_77' title='bbox 892 1347 996 1400; x_wconf 87' lang='lat' dir='ltr'><strong>est,</strong></span> <span class='ocrx_word' id='word_1_78' title='bbox 1023 1338 1076 1391; x_wconf 91' lang='lat' dir='ltr'><strong>in</strong></span> <span class='ocrx_word' id='word_1_79' title='bbox 1106 1337 1295 1392; x_wconf 89' lang='lat' dir='ltr'><strong>eadem</strong></span> <span class='ocrx_word' id='word_1_80' title='bbox 1328 1336 1451 1397; x_wconf 81' lang='lat' dir='ltr'><strong>fide.</strong></span> <span class='ocrx_word' id='word_1_81' title='bbox 1482 1338 1535 1391; x_wconf 93' lang='lat' dir='ltr'><strong>in</strong></span> <span class='ocrx_word' id='word_1_82' title='bbox 1559 1336 1746 1391; x_wconf 89' lang='lat' dir='ltr'><strong>eadem</strong></span> <span class='ocrx_word' id='word_1_83' title='bbox 1774 1334 2039 1390; x_wconf 82' lang='lat' dir='ltr'><strong>constitu-</strong></span> 
     </span>
    </p>
   </div>
   <div class='ocr_carea' id='block_1_12' title="bbox 438 1428 2038 1498">
    <p class='ocr_par' dir='ltr' id='par_1_12' title="bbox 438 1428 2038 1498">
     <span class='ocr_line' id='line_1_12' title="bbox 438 1428 2038 1498; baseline -0.002 -16"><span class='ocrx_word' id='word_1_84' title='bbox 438 1431 605 1483; x_wconf 88' lang='lat' dir='ltr'><strong>tione.</strong></span> <span class='ocrx_word' id='word_1_85' title='bbox 643 1431 730 1483; x_wconf 87' lang='lat' dir='ltr'><strong>l7.</strong></span> <span class='ocrx_word' id='word_1_86' title='bbox 764 1428 1061 1483; x_wconf 85' lang='lat' dir='ltr'><strong>Imitatores</strong></span> <span class='ocrx_word' id='word_1_87' title='bbox 1087 1431 1186 1484; x_wconf 83' lang='lat' dir='ltr'><strong>mei</strong></span> <span class='ocrx_word' id='word_1_88' title='bbox 1212 1439 1369 1484; x_wconf 82' lang='lat' dir='ltr'><strong>estote</strong></span> <span class='ocrx_word' id='word_1_89' title='bbox 1397 1472 1410 1495; x_wconf 91' lang='lat'><strong>,</strong></span> <span class='ocrx_word' id='word_1_90' title='bbox 1438 1429 1623 1498; x_wconf 75' lang='lat' dir='ltr'><strong>fratres</strong></span> <span class='ocrx_word' id='word_1_91' title='bbox 1660 1443 1679 1482; x_wconf 89' lang='lat'><strong><em>:</em></strong></span> <span class='ocrx_word' id='word_1_92' title='bbox 1707 1438 1751 1482; x_wconf 91' lang='lat' dir='ltr'><strong>et</strong></span> <span class='ocrx_word' id='word_1_93' title='bbox 1782 1428 2038 1480; x_wconf 80' lang='lat' dir='ltr'><strong><em>observate</em></strong></span> 
     </span>
    </p>
   </div>
   <div class='ocr_carea' id='block_1_13' title="bbox 435 1520 2038 1593">
    <p class='ocr_par' dir='ltr' id='par_1_13' title="bbox 435 1520 2038 1593">
     <span class='ocr_line' id='line_1_13' title="bbox 435 1520 2038 1593; baseline -0.002 -17"><span class='ocrx_word' id='word_1_94' title='bbox 435 1538 539 1585; x_wconf 78' lang='lat' dir='ltr'><strong>eos,</strong></span> <span class='ocrx_word' id='word_1_95' title='bbox 572 1524 661 1591; x_wconf 86' lang='lat' dir='ltr'><strong>qui</strong></span> <span class='ocrx_word' id='word_1_96' title='bbox 690 1524 763 1576; x_wconf 84' lang='lat' dir='ltr'><strong>ita</strong></span> <span class='ocrx_word' id='word_1_97' title='bbox 789 1523 1075 1590; x_wconf 78' lang='lat' dir='ltr'><strong>ambulant,</strong></span> <span class='ocrx_word' id='word_1_98' title='bbox 1108 1525 1239 1577; x_wconf 88' lang='lat' dir='ltr'><strong>sicut</strong></span> <span class='ocrx_word' id='word_1_99' title='bbox 1275 1522 1468 1576; x_wconf 82' lang='lat' dir='ltr'><strong><em>habetis</em></strong></span> <span class='ocrx_word' id='word_1_100' title='bbox 1508 1538 1600 1576; x_wconf 83' lang='lat' dir='ltr'><strong>nos</strong></span> <span class='ocrx_word' id='word_1_101' title='bbox 1625 1524 1866 1593; x_wconf 74' lang='lat' dir='ltr'><strong>formam.</strong></span> <span class='ocrx_word' id='word_1_102' title='bbox 1894 1520 2038 1573; x_wconf 71' lang='lat' dir='ltr'><strong>Dixit</strong></span> 
     </span>
    </p>
   </div>
   <div class='ocr_carea' id='block_1_14' title="bbox 436 1613 2039 1687">
    <p class='ocr_par' dir='ltr' id='par_1_14' title="bbox 436 1613 2039 1687">
     <span class='ocr_line' id='line_1_14' title="bbox 436 1613 2039 1687; baseline -0.002 -17"><span class='ocrx_word' id='word_1_103' title='bbox 436 1616 711 1687; x_wconf 78' lang='lat' dir='ltr'><strong>superius,</strong></span> <span class='ocrx_word' id='word_1_104' title='bbox 750 1614 924 1670; x_wconf 86' lang='lat' dir='ltr'><strong><em>Videte</em></strong></span> <span class='ocrx_word' id='word_1_105' title='bbox 950 1632 1125 1682; x_wconf 87' lang='lat' dir='ltr'><strong>canes,</strong></span> <span class='ocrx_word' id='word_1_106' title='bbox 1153 1615 1253 1669; x_wconf 90' lang='lat' dir='ltr'><strong>bos</strong></span> <span class='ocrx_word' id='word_1_107' title='bbox 1275 1615 1344 1668; x_wconf 89' lang='lat' dir='ltr'><strong>ab</strong></span> <span class='ocrx_word' id='word_1_108' title='bbox 1370 1615 1476 1668; x_wconf 88' lang='lat' dir='ltr'><strong>illis</strong></span> <span class='ocrx_word' id='word_1_109' title='bbox 1502 1613 1777 1669; x_wconf 89' lang='lat' dir='ltr'><strong>abducens</strong></span> <span class='ocrx_word' id='word_1_110' title='bbox 1805 1632 1817 1667; x_wconf 91' lang='lat'><strong>:</strong></span> <span class='ocrx_word' id='word_1_111' title='bbox 1843 1627 2039 1683; x_wconf 86' lang='lat' dir='ltr'><strong>propo-</strong></span> 
     </span>
    </p>
   </div>
   <div class='ocr_carea' id='block_1_15' title="bbox 437 1706 2036 1778">
    <p class='ocr_par' dir='ltr' id='par_1_15' title="bbox 437 1706 2036 1778">
     <span class='ocr_line' id='line_1_15' title="bbox 437 1706 2036 1778; baseline -0.003 -15"><span class='ocrx_word' id='word_1_112' title='bbox 437 1710 517 1763; x_wconf 91' lang='lat' dir='ltr'><strong>nit</strong></span> <span class='ocrx_word' id='word_1_113' title='bbox 546 1723 689 1763; x_wconf 90' lang='lat' dir='ltr'><strong>nunc</strong></span> <span class='ocrx_word' id='word_1_114' title='bbox 722 1723 841 1774; x_wconf 88' lang='lat' dir='ltr'><strong>eos,</strong></span> <span class='ocrx_word' id='word_1_115' title='bbox 879 1709 969 1778; x_wconf 87' lang='lat' dir='ltr'><strong>qui</strong></span> <span class='ocrx_word' id='word_1_116' title='bbox 996 1716 1125 1763; x_wconf 90' lang='lat' dir='ltr'><strong>sunt</strong></span> <span class='ocrx_word' id='word_1_117' title='bbox 1152 1707 1423 1762; x_wconf 82' lang='lat' dir='ltr'><strong>imitandi.</strong></span> <span class='ocrx_word' id='word_1_118' title='bbox 1456 1707 1512 1762; x_wconf 91' lang='lat' dir='ltr'><strong>Si</strong></span> <span class='ocrx_word' id='word_1_119' title='bbox 1539 1708 1681 1776; x_wconf 83' lang='lat' dir='ltr'><strong>quis,</strong></span> <span class='ocrx_word' id='word_1_120' title='bbox 1714 1706 1906 1776; x_wconf 90' lang='lat' dir='ltr'><strong>inquit,</strong></span> <span class='ocrx_word' id='word_1_121' title='bbox 1939 1720 2036 1759; x_wconf 91' lang='lat' dir='ltr'><strong>nos</strong></span> 
     </span>
    </p>
   </div>
   <div class='ocr_carea' id='block_1_16' title="bbox 437 1796 2035 1870">
    <p class='ocr_par' dir='ltr' id='par_1_16' title="bbox 437 1796 2035 1870">
     <span class='ocr_line' id='line_1_16' title="bbox 437 1796 2035 1870; baseline -0.003 -16"><span class='ocrx_word' id='word_1_122' title='bbox 437 1800 637 1854; x_wconf 90' lang='lat' dir='ltr'><strong>imitari</strong></span> <span class='ocrx_word' id='word_1_123' title='bbox 681 1799 836 1864; x_wconf 87' lang='lat' dir='ltr'><strong>vult,</strong></span> <span class='ocrx_word' id='word_1_124' title='bbox 871 1800 915 1853; x_wconf 93' lang='lat' dir='ltr'><strong>si</strong></span> <span class='ocrx_word' id='word_1_125' title='bbox 963 1800 1084 1870; x_wconf 92' lang='lat' dir='ltr'><strong>quis</strong></span> <span class='ocrx_word' id='word_1_126' title='bbox 1127 1799 1376 1854; x_wconf 87' lang='lat' dir='ltr'><strong>eamdem</strong></span> <span class='ocrx_word' id='word_1_127' title='bbox 1423 1798 1675 1852; x_wconf 84' lang='lat' dir='ltr'><strong>insistere</strong></span> <span class='ocrx_word' id='word_1_128' title='bbox 1708 1798 1871 1863; x_wconf 88' lang='lat' dir='ltr'><strong>viam,</strong></span> <span class='ocrx_word' id='word_1_129' title='bbox 1908 1796 2035 1850; x_wconf 87' lang='lat' dir='ltr'><strong>huic</strong></span> 
     </span>
    </p>
   </div>
   <div class='ocr_carea' id='block_1_17' title="bbox 434 1891 2034 1963">
    <p class='ocr_par' dir='ltr' id='par_1_17' title="bbox 434 1891 2034 1963">
     <span class='ocr_line' id='line_1_17' title="bbox 434 1891 2034 1963; baseline -0.001 -17"><span class='ocrx_word' id='word_1_130' title='bbox 434 1907 657 1963; x_wconf 82' lang='lat' dir='ltr'><strong>operam</strong></span> <span class='ocrx_word' id='word_1_131' title='bbox 687 1891 813 1946; x_wconf 87' lang='lat' dir='ltr'><strong>date</strong></span> <span class='ocrx_word' id='word_1_132' title='bbox 846 1909 859 1946; x_wconf 88' lang='lat'><strong>:</strong></span> <span class='ocrx_word' id='word_1_133' title='bbox 892 1892 1136 1961; x_wconf 80' lang='lat' dir='ltr'><strong>quamvis</strong></span> <span class='ocrx_word' id='word_1_134' title='bbox 1166 1906 1268 1963; x_wconf 84' lang='lat' dir='ltr'><strong>ego</strong></span> <span class='ocrx_word' id='word_1_135' title='bbox 1296 1906 1403 1945; x_wconf 92' lang='lat' dir='ltr'><strong>non</strong></span> <span class='ocrx_word' id='word_1_136' title='bbox 1440 1891 1637 1954; x_wconf 87' lang='lat' dir='ltr'><strong>adsim,</strong></span> <span class='ocrx_word' id='word_1_137' title='bbox 1662 1891 1835 1945; x_wconf 85' lang='lat' dir='ltr'><strong>nostis</strong></span> <span class='ocrx_word' id='word_1_138' title='bbox 1855 1900 2034 1945; x_wconf 89' lang='lat' dir='ltr'><strong>tamen</strong></span> 
     </span>
    </p>
   </div>
   <div class='ocr_carea' id='block_1_18' title="bbox 437 1984 2035 2052">
    <p class='ocr_par' dir='ltr' id='par_1_18' title="bbox 437 1984 2035 2052">
     <span class='ocr_line' id='line_1_18' title="bbox 437 1984 2035 2052; baseline -0.001 -13"><span class='ocrx_word' id='word_1_139' title='bbox 437 1987 682 2041; x_wconf 87' lang='lat' dir='ltr'><strong>incessus</strong></span> <span class='ocrx_word' id='word_1_140' title='bbox 710 1986 820 2040; x_wconf 91' lang='lat' dir='ltr'><strong>mei</strong></span> <span class='ocrx_word' id='word_1_141' title='bbox 865 1986 1129 2040; x_wconf 86' lang='lat' dir='ltr'><strong>rationem</strong></span> <span class='ocrx_word' id='word_1_142' title='bbox 1159 1995 1214 2039; x_wconf 90' lang='lat' dir='ltr'><strong>et</strong></span> <span class='ocrx_word' id='word_1_143' title='bbox 1247 1984 1465 2039; x_wconf 91' lang='lat' dir='ltr'><strong>modum</strong></span> <span class='ocrx_word' id='word_1_144' title='bbox 1502 2026 1517 2052; x_wconf 95' lang='lat'><strong>,</strong></span> <span class='ocrx_word' id='word_1_145' title='bbox 1548 1984 1600 2039; x_wconf 91' lang='lat' dir='ltr'><strong>id</strong></span> <span class='ocrx_word' id='word_1_146' title='bbox 1633 1992 1735 2051; x_wconf 90' lang='lat' dir='ltr'><strong>est,</strong></span> <span class='ocrx_word' id='word_1_147' title='bbox 1769 1984 2035 2040; x_wconf 81' lang='lat' dir='ltr'><strong>rationem</strong></span> 
     </span>
    </p>
   </div>
   <div class='ocr_carea' id='block_1_19' title="bbox 437 2075 2034 2141">
    <p class='ocr_par' dir='ltr' id='par_1_19' title="bbox 437 2075 2034 2141">
     <span class='ocr_line' id='line_1_19' title="bbox 437 2075 2034 2141; baseline 0.001 -12"><span class='ocrx_word' id='word_1_148' title='bbox 437 2079 561 2132; x_wconf 71' lang='lat' dir='ltr'><strong>vitae</strong></span> <span class='ocrx_word' id='word_1_149' title='bbox 591 2088 898 2131; x_wconf 89' lang='lat' dir='ltr'><strong>etmorom.</strong></span> <span class='ocrx_word' id='word_1_150' title='bbox 918 2076 1036 2131; x_wconf 86' lang='lat' dir='ltr'><strong>Non</strong></span> <span class='ocrx_word' id='word_1_151' title='bbox 1057 2077 1203 2131; x_wconf 88' lang='lat' dir='ltr'><strong>enim</strong></span> <span class='ocrx_word' id='word_1_152' title='bbox 1235 2076 1419 2131; x_wconf 81' lang='lat' dir='ltr'><strong>verbis</strong></span> <span class='ocrx_word' id='word_1_153' title='bbox 1449 2076 1625 2130; x_wconf 87' lang='lat' dir='ltr'><strong>solum</strong></span> <span class='ocrx_word' id='word_1_154' title='bbox 1657 2075 1913 2141; x_wconf 92' lang='lat' dir='ltr'><strong>docebat,</strong></span> <span class='ocrx_word' id='word_1_155' title='bbox 1940 2075 2034 2130; x_wconf 87' lang='lat' dir='ltr'><strong>sed</strong></span> 
     </span>
    </p>
   </div>
   <div class='ocr_carea' id='block_1_20' title="bbox 434 2167 2034 2240">
    <p class='ocr_par' dir='ltr' id='par_1_20' title="bbox 434 2167 2034 2240">
     <span class='ocr_line' id='line_1_20' title="bbox 434 2167 2034 2240; baseline -0.001 -17"><span class='ocrx_word' id='word_1_156' title='bbox 434 2170 595 2224; x_wconf 81' lang='lat' dir='ltr'><strong>etiam</strong></span> <span class='ocrx_word' id='word_1_157' title='bbox 627 2168 784 2223; x_wconf 89' lang='lat' dir='ltr'><strong>factis</strong></span> <span class='ocrx_word' id='word_1_158' title='bbox 827 2168 1331 2240; x_wconf 90' lang='lat' dir='ltr'><strong>:quemadmodum</strong></span> <span class='ocrx_word' id='word_1_159' title='bbox 1368 2170 1420 2222; x_wconf 90' lang='lat' dir='ltr'><strong>in</strong></span> <span class='ocrx_word' id='word_1_160' title='bbox 1469 2167 1639 2222; x_wconf 87' lang='lat' dir='ltr'><strong>choro</strong></span> <span class='ocrx_word' id='word_1_161' title='bbox 1684 2177 1740 2223; x_wconf 88' lang='lat' dir='ltr'><strong>et</strong></span> <span class='ocrx_word' id='word_1_162' title='bbox 1793 2168 2034 2222; x_wconf 87' lang='lat' dir='ltr'><strong>exercitu</strong></span> 
     </span>
    </p>
   </div>
   <div class='ocr_carea' id='block_1_21' title="bbox 433 2260 2033 2331">
    <p class='ocr_par' dir='ltr' id='par_1_21' title="bbox 433 2260 2033 2331">
     <span class='ocr_line' id='line_1_21' title="bbox 433 2260 2033 2331; baseline -0.001 -16"><span class='ocrx_word' id='word_1_163' title='bbox 433 2262 726 2331; x_wconf 81' lang='lat' dir='ltr'><strong>choragum</strong></span> <span class='ocrx_word' id='word_1_164' title='bbox 751 2271 805 2316; x_wconf 89' lang='lat' dir='ltr'><strong>et</strong></span> <span class='ocrx_word' id='word_1_165' title='bbox 835 2261 1027 2315; x_wconf 85' lang='lat' dir='ltr'><strong>ducem</strong></span> <span class='ocrx_word' id='word_1_166' title='bbox 1060 2260 1253 2331; x_wconf 81' lang='lat' dir='ltr'><strong>reliqui</strong></span> <span class='ocrx_word' id='word_1_167' title='bbox 1284 2261 1562 2313; x_wconf 87' lang='lat' dir='ltr'><strong>imitentur</strong></span> <span class='ocrx_word' id='word_1_168' title='bbox 1594 2269 1807 2329; x_wconf 82' lang='lat' dir='ltr'><strong>oportet</strong></span> <span class='ocrx_word' id='word_1_169' title='bbox 1834 2301 1849 2325; x_wconf 90' lang='lat'><strong>,</strong></span> <span class='ocrx_word' id='word_1_170' title='bbox 1880 2271 1934 2312; x_wconf 90' lang='lat' dir='ltr'><strong>ttt</strong></span> <span class='ocrx_word' id='word_1_171' title='bbox 1964 2261 2033 2314; x_wconf 86' lang='lat' dir='ltr'><strong>ita</strong></span> 
     </span>
    </p>
   </div>
   <div class='ocr_carea' id='block_1_22' title="bbox 434 2354 2033 2425">
    <p class='ocr_par' dir='ltr' id='par_1_22' title="bbox 434 2354 2033 2425">
     <span class='ocr_line' id='line_1_22' title="bbox 434 2354 2033 2425; baseline 0.001 -18"><span class='ocrx_word' id='word_1_172' title='bbox 434 2357 683 2411; x_wconf 74' lang='lat' dir='ltr'><strong>ordinate</strong></span> <span class='ocrx_word' id='word_1_173' title='bbox 719 2355 973 2411; x_wconf 86' lang='lat' dir='ltr'><strong>incedant</strong></span> <span class='ocrx_word' id='word_1_174' title='bbox 1003 2373 1016 2408; x_wconf 90' lang='lat'>:</span> <span class='ocrx_word' id='word_1_175' title='bbox 1049 2371 1169 2409; x_wconf 90' lang='lat' dir='ltr'><strong>nam</strong></span> <span class='ocrx_word' id='word_1_176' title='bbox 1204 2354 1317 2409; x_wconf 84' lang='lat' dir='ltr'><strong>fieri</strong></span> <span class='ocrx_word' id='word_1_177' title='bbox 1348 2362 1544 2425; x_wconf 79' lang='lat' dir='ltr'><strong>potest,</strong></span> <span class='ocrx_word' id='word_1_178' title='bbox 1568 2364 1622 2408; x_wconf 91' lang='lat' dir='ltr'><strong>ut</strong></span> <span class='ocrx_word' id='word_1_179' title='bbox 1652 2369 1717 2408; x_wconf 75' lang='lat' dir='ltr'><strong>ex</strong></span> <span class='ocrx_word' id='word_1_180' title='bbox 1752 2354 1842 2407; x_wconf 90' lang='lat' dir='ltr'><strong>illo</strong></span> <span class='ocrx_word' id='word_1_181' title='bbox 1872 2355 2033 2408; x_wconf 90' lang='lat' dir='ltr'><strong>etiam</strong></span> 
     </span>
    </p>
   </div>
   <div class='ocr_carea' id='block_1_23' title="bbox 435 2447 1119 2502">
    <p class='ocr_par' dir='ltr' id='par_1_23' title="bbox 435 2447 1119 2502">
     <span class='ocr_line' id='line_1_23' title="bbox 435 2447 1119 2502; baseline 0 -1"><span class='ocrx_word' id='word_1_182' title='bbox 435 2456 576 2501; x_wconf 86' lang='lat' dir='ltr'><strong>statu</strong></span> <span class='ocrx_word' id='word_1_183' title='bbox 602 2447 744 2502; x_wconf 84' lang='lat' dir='ltr'><strong>ordo</strong></span> <span class='ocrx_word' id='word_1_184' title='bbox 773 2447 1119 2501; x_wconf 86' lang='lat' dir='ltr'><strong>dissolvatur.</strong></span> 
     </span>
    </p>
   </div>
   <div class='ocr_carea' id='block_1_24' title="bbox 519 2538 2021 2611">
    <p class='ocr_par' dir='ltr' id='par_1_24' title="bbox 519 2538 2021 2611">
     <span class='ocr_line' id='line_1_24' title="bbox 519 2538 2021 2611; baseline 0 -17"><span class='ocrx_word' id='word_1_185' title='bbox 519 2541 570 2594; x_wconf 82' lang='lat'><strong>&#39;5.</strong></span> <span class='ocrx_word' id='word_1_186' title='bbox 622 2538 853 2592; x_wconf 85' lang='lat' dir='ltr'><strong>Doctaris</strong></span> <span class='ocrx_word' id='word_1_187' title='bbox 890 2549 934 2593; x_wconf 88' lang='lat' dir='ltr'><strong><em>et</em></strong></span> <span class='ocrx_word' id='word_1_188' title='bbox 985 2539 1225 2608; x_wconf 78' lang='lat' dir='ltr'><strong>discipuli</strong></span> <span class='ocrx_word' id='word_1_189' title='bbox 1265 2539 1444 2609; x_wconf 76' lang='lat' dir='ltr'><strong>officia.</strong></span> <span class='ocrx_word' id='word_1_190' title='bbox 1491 2570 1562 2579; x_wconf 95' lang='lat'><strong>—</strong></span> <span class='ocrx_word' id='word_1_191' title='bbox 1604 2539 1744 2611; x_wconf 81' lang='lat' dir='ltr'><strong>Ergo</strong></span> <span class='ocrx_word' id='word_1_192' title='bbox 1795 2541 2021 2610; x_wconf 74' lang='lat' dir='ltr'><strong>apostoli</strong></span> 
     </span>
    </p>
   </div>
   <div class='ocr_carea' id='block_1_25' title="bbox 434 2631 2023 2704">
    <p class='ocr_par' dir='ltr' id='par_1_25' title="bbox 434 2631 2023 2704">
     <span class='ocr_line' id='line_1_25' title="bbox 434 2631 2023 2704; baseline 0 -17"><span class='ocrx_word' id='word_1_193' title='bbox 434 2641 589 2687; x_wconf 87' lang='lat' dir='ltr'><strong>erant</strong></span> <span class='ocrx_word' id='word_1_194' title='bbox 615 2631 787 2686; x_wconf 88' lang='lat' dir='ltr'><strong>forma</strong></span> <span class='ocrx_word' id='word_1_195' title='bbox 828 2643 883 2686; x_wconf 93' lang='lat' dir='ltr'><strong>et</strong></span> <span class='ocrx_word' id='word_1_196' title='bbox 914 2641 1071 2704; x_wconf 83' lang='lat' dir='ltr'><strong>typus</strong></span> <span class='ocrx_word' id='word_1_197' title='bbox 1096 2675 1110 2699; x_wconf 94' lang='lat'><strong>,</strong></span> <span class='ocrx_word' id='word_1_198' title='bbox 1143 2633 1378 2702; x_wconf 77' lang='lat' dir='ltr'><strong>Speciem</strong></span> <span class='ocrx_word' id='word_1_199' title='bbox 1408 2648 1525 2686; x_wconf 89' lang='lat' dir='ltr'><strong>eam</strong></span> <span class='ocrx_word' id='word_1_200' title='bbox 1558 2635 1873 2695; x_wconf 81' lang='lat' dir='ltr'><strong>retinentes,</strong></span> <span class='ocrx_word' id='word_1_201' title='bbox 1902 2649 2023 2702; x_wconf 71' lang='lat' dir='ltr'><strong>qua:</strong></span> 
     </span>
    </p>
   </div>
   <div class='ocr_carea' id='block_1_26' title="bbox 435 2722 2035 2793">
    <p class='ocr_par' dir='ltr' id='par_1_26' title="bbox 435 2722 2035 2793">
     <span class='ocr_line' id='line_1_26' title="bbox 435 2722 2035 2793; baseline -0.001 -17"><span class='ocrx_word' id='word_1_202' title='bbox 435 2722 711 2792; x_wconf 79' lang='lat' dir='ltr'><strong>archetypi</strong></span> <span class='ocrx_word' id='word_1_203' title='bbox 737 2732 791 2777; x_wconf 90' lang='lat' dir='ltr'><strong>et</strong></span> <span class='ocrx_word' id='word_1_204' title='bbox 821 2722 1062 2792; x_wconf 85' lang='lat' dir='ltr'><strong>primarii</strong></span> <span class='ocrx_word' id='word_1_205' title='bbox 1085 2722 1363 2793; x_wconf 83' lang='lat' dir='ltr'><strong>cujusdam</strong></span> <span class='ocrx_word' id='word_1_206' title='bbox 1392 2724 1718 2793; x_wconf 84' lang='lat' dir='ltr'><strong>exemplaris</strong></span> <span class='ocrx_word' id='word_1_207' title='bbox 1741 2723 1910 2777; x_wconf 66' lang='lat' dir='ltr'><strong>instar</strong></span> <span class='ocrx_word' id='word_1_208' title='bbox 1947 2740 2035 2777; x_wconf 84' lang='lat' dir='ltr'><strong>es-</strong></span> 
     </span>
    </p>
   </div>
   <div class='ocr_carea' id='block_1_27' title="bbox 434 2816 2035 2887">
    <p class='ocr_par' dir='ltr' id='par_1_27' title="bbox 434 2816 2035 2887">
     <span class='ocr_line' id='line_1_27' title="bbox 434 2816 2035 2887; baseline 0.001 -19"><span class='ocrx_word' id='word_1_209' title='bbox 434 2826 538 2871; x_wconf 86' lang='lat' dir='ltr'><strong>set.</strong></span> <span class='ocrx_word' id='word_1_210' title='bbox 565 2817 832 2887; x_wconf 81' lang='lat' dir='ltr'><strong>Cogitate,</strong></span> <span class='ocrx_word' id='word_1_211' title='bbox 858 2832 1017 2886; x_wconf 90' lang='lat' dir='ltr'><strong>quam</strong></span> <span class='ocrx_word' id='word_1_212' title='bbox 1046 2827 1300 2871; x_wconf 89' lang='lat' dir='ltr'><strong>accurata</strong></span> <span class='ocrx_word' id='word_1_213' title='bbox 1332 2825 1479 2870; x_wconf 87' lang='lat' dir='ltr'><strong>esset</strong></span> <span class='ocrx_word' id='word_1_214' title='bbox 1505 2816 1608 2870; x_wconf 75' lang='lat' dir='ltr'><strong>illis</strong></span> <span class='ocrx_word' id='word_1_215' title='bbox 1635 2816 1757 2870; x_wconf 78' lang='lat' dir='ltr'><strong>vita:</strong></span> <span class='ocrx_word' id='word_1_216' title='bbox 1784 2816 1943 2878; x_wconf 85' lang='lat' dir='ltr'><strong>ratio,</strong></span> <span class='ocrx_word' id='word_1_217' title='bbox 1979 2826 2035 2870; x_wconf 91' lang='lat' dir='ltr'><strong>ut</strong></span> 
     </span>
    </p>
   </div>
   <div class='ocr_carea' id='block_1_28' title="bbox 436 2907 2037 2979">
    <p class='ocr_par' dir='ltr' id='par_1_28' title="bbox 436 2907 2037 2979">
     <span class='ocr_line' id='line_1_28' title="bbox 436 2907 2037 2979; baseline 0.001 -19"><span class='ocrx_word' id='word_1_218' title='bbox 436 2907 535 2974; x_wconf 87' lang='lat' dir='ltr'><strong>ipsi</strong></span> <span class='ocrx_word' id='word_1_219' title='bbox 565 2908 826 2977; x_wconf 89' lang='lat' dir='ltr'><strong>propositi</strong></span> <span class='ocrx_word' id='word_1_220' title='bbox 871 2917 1056 2962; x_wconf 80' lang='lat' dir='ltr'><strong>essent</strong></span> <span class='ocrx_word' id='word_1_221' title='bbox 1083 2949 1099 2972; x_wconf 94' lang='lat'><strong>,</strong></span> <span class='ocrx_word' id='word_1_222' title='bbox 1142 2908 1293 2975; x_wconf 89' lang='lat' dir='ltr'><strong>quasi</strong></span> <span class='ocrx_word' id='word_1_223' title='bbox 1325 2907 1649 2979; x_wconf 83' lang='lat' dir='ltr'><strong>archetypos</strong></span> <span class='ocrx_word' id='word_1_224' title='bbox 1679 2918 1731 2961; x_wconf 88' lang='lat' dir='ltr'><strong>et</strong></span> <span class='ocrx_word' id='word_1_225' title='bbox 1760 2908 2037 2977; x_wconf 83' lang='lat' dir='ltr'><strong>exemplar</strong></span> 
     </span>
    </p>
   </div>
   <div class='ocr_carea' id='block_1_29' title="bbox 435 3001 2035 3071">
    <p class='ocr_par' dir='ltr' id='par_1_29' title="bbox 435 3001 2035 3071">
     <span class='ocr_line' id='line_1_29' title="bbox 435 3001 2035 3071; baseline 0.003 -19"><span class='ocrx_word' id='word_1_226' title='bbox 435 3008 490 3054; x_wconf 82' lang='lat' dir='ltr'><strong>et</strong></span> <span class='ocrx_word' id='word_1_227' title='bbox 532 3001 680 3071; x_wconf 80' lang='lat' dir='ltr'><strong>leges</strong></span> <span class='ocrx_word' id='word_1_228' title='bbox 709 3001 983 3055; x_wconf 69' lang='lat' dir='ltr'><strong>animatte.</strong></span> <span class='ocrx_word' id='word_1_229' title='bbox 1032 3002 1164 3068; x_wconf 76' lang='lat' dir='ltr'><strong>Qua:</strong></span> <span class='ocrx_word' id='word_1_230' title='bbox 1208 3002 1352 3055; x_wconf 89' lang='lat' dir='ltr'><strong>enim</strong></span> <span class='ocrx_word' id='word_1_231' title='bbox 1384 3001 1555 3055; x_wconf 70' lang='lat' dir='ltr'><strong>litera:</strong></span> <span class='ocrx_word' id='word_1_232' title='bbox 1596 3001 1884 3067; x_wconf 88' lang='lat' dir='ltr'><strong>dicebant,</strong></span> <span class='ocrx_word' id='word_1_233' title='bbox 1920 3002 2035 3056; x_wconf 76' lang='lat' dir='ltr'><strong>ha-c</strong></span> 
     </span>
    </p>
   </div>
   <div class='ocr_carea' id='block_1_30' title="bbox 441 3091 2033 3163">
    <p class='ocr_par' dir='ltr' id='par_1_30' title="bbox 441 3091 2033 3163">
     <span class='ocr_line' id='line_1_30' title="bbox 441 3091 2033 3163; baseline 0 -16"><span class='ocrx_word' id='word_1_234' title='bbox 441 3091 545 3161; x_wconf 83' lang='lat' dir='ltr'><strong>ipsi</strong></span> <span class='ocrx_word' id='word_1_235' title='bbox 578 3092 732 3147; x_wconf 82' lang='lat' dir='ltr'><strong>factis</strong></span> <span class='ocrx_word' id='word_1_236' title='bbox 760 3094 1043 3163; x_wconf 85' lang='lat' dir='ltr'><strong>perSpicua</strong></span> <span class='ocrx_word' id='word_1_237' title='bbox 1081 3094 1333 3148; x_wconf 90' lang='lat' dir='ltr'><strong>omnibus</strong></span> <span class='ocrx_word' id='word_1_238' title='bbox 1364 3093 1648 3148; x_wconf 89' lang='lat' dir='ltr'><strong>faciebant.</strong></span> <span class='ocrx_word' id='word_1_239' title='bbox 1679 3094 1807 3148; x_wconf 66' lang='lat' dir='ltr'><strong>llatae</strong></span> <span class='ocrx_word' id='word_1_240' title='bbox 1833 3094 2033 3163; x_wconf 89' lang='lat' dir='ltr'><strong>optima</strong></span> 
     </span>
    </p>
   </div>
   <div class='ocr_carea' id='block_1_31' title="bbox 433 3184 2038 3255">
    <p class='ocr_par' dir='ltr' id='par_1_31' title="bbox 433 3184 2038 3255">
     <span class='ocr_line' id='line_1_31' title="bbox 433 3184 2038 3255; baseline 0.001 -17"><span class='ocrx_word' id='word_1_241' title='bbox 433 3195 519 3239; x_wconf 87' lang='lat' dir='ltr'><strong>est</strong></span> <span class='ocrx_word' id='word_1_242' title='bbox 559 3184 790 3240; x_wconf 88' lang='lat' dir='ltr'><strong>docendi</strong></span> <span class='ocrx_word' id='word_1_243' title='bbox 822 3185 965 3240; x_wconf 88' lang='lat' dir='ltr'><strong>ratio</strong></span> <span class='ocrx_word' id='word_1_244' title='bbox 1011 3202 1022 3237; x_wconf 90' lang='lat'>:</span> <span class='ocrx_word' id='word_1_245' title='bbox 1058 3184 1129 3239; x_wconf 91' lang='lat' dir='ltr'><strong>ita</strong></span> <span class='ocrx_word' id='word_1_246' title='bbox 1164 3184 1491 3254; x_wconf 90' lang='lat' dir='ltr'><strong>discipulum</strong></span> <span class='ocrx_word' id='word_1_247' title='bbox 1524 3185 1802 3255; x_wconf 83' lang='lat' dir='ltr'><strong>impellere</strong></span> <span class='ocrx_word' id='word_1_248' title='bbox 1847 3184 2038 3239; x_wconf 89' lang='lat' dir='ltr'><strong>doctor</strong></span> 
     </span>
    </p>
   </div>
   <div class='ocr_carea' id='block_1_32' title="bbox 438 3277 2023 3347">
    <p class='ocr_par' dir='ltr' id='par_1_32' title="bbox 438 3277 2023 3347">
     <span class='ocr_line' id='line_1_32' title="bbox 438 3277 2023 3347; baseline 0 -16"><span class='ocrx_word' id='word_1_249' title='bbox 438 3277 654 3346; x_wconf 88' lang='lat' dir='ltr'><strong>poterit.</strong></span> <span class='ocrx_word' id='word_1_250' title='bbox 701 3277 796 3332; x_wconf 89' lang='lat' dir='ltr'><strong>Sin</strong></span> <span class='ocrx_word' id='word_1_251' title='bbox 826 3278 971 3331; x_wconf 84' lang='lat' dir='ltr'><strong>dicat</strong></span> <span class='ocrx_word' id='word_1_252' title='bbox 1005 3277 1219 3347; x_wconf 84' lang='lat' dir='ltr'><strong>quidem</strong></span> <span class='ocrx_word' id='word_1_253' title='bbox 1254 3292 1317 3332; x_wconf 89' lang='lat' dir='ltr'><strong>ac</strong></span> <span class='ocrx_word' id='word_1_254' title='bbox 1364 3277 1544 3331; x_wconf 89' lang='lat' dir='ltr'><strong>verbis</strong></span> <span class='ocrx_word' id='word_1_255' title='bbox 1578 3277 1988 3347; x_wconf 72' lang='lat' dir='ltr'><strong>philosophetur</strong></span> <span class='ocrx_word' id='word_1_256' title='bbox 2010 3321 2023 3344; x_wconf 91' lang='lat'><strong>,</strong></span> 
     </span>
    </p>
   </div>
   <div class='ocr_carea' id='block_1_33' title="bbox 435 3369 2033 3440">
    <p class='ocr_par' dir='ltr' id='par_1_33' title="bbox 435 3369 2033 3440">
     <span class='ocr_line' id='line_1_33' title="bbox 435 3369 2033 3440; baseline 0.001 -17"><span class='ocrx_word' id='word_1_257' title='bbox 435 3371 589 3424; x_wconf 86' lang='lat' dir='ltr'><strong>factis</strong></span> <span class='ocrx_word' id='word_1_258' title='bbox 603 3385 732 3425; x_wconf 89' lang='lat' dir='ltr'><strong>vero</strong></span> <span class='ocrx_word' id='word_1_259' title='bbox 755 3371 1023 3425; x_wconf 89' lang='lat' dir='ltr'><strong>contraria</strong></span> <span class='ocrx_word' id='word_1_260' title='bbox 1053 3378 1430 3440; x_wconf 64' lang='lat' dir='ltr'><strong>repraesentet,</strong></span> <span class='ocrx_word' id='word_1_261' title='bbox 1453 3370 1690 3425; x_wconf 91' lang='lat' dir='ltr'><strong>nondum</strong></span> <span class='ocrx_word' id='word_1_262' title='bbox 1715 3369 1908 3425; x_wconf 90' lang='lat' dir='ltr'><strong>doctor</strong></span> <span class='ocrx_word' id='word_1_263' title='bbox 1928 3379 2033 3425; x_wconf 90' lang='lat' dir='ltr'><strong>est.</strong></span> 
     </span>
    </p>
   </div>
   <div class='ocr_carea' id='block_1_34' title="bbox 434 3463 2036 3533">
    <p class='ocr_par' dir='ltr' id='par_1_34' title="bbox 434 3463 2036 3533">
     <span class='ocr_line' id='line_1_34' title="bbox 434 3463 2036 3533; baseline -0.001 -15"><span class='ocrx_word' id='word_1_264' title='bbox 434 3463 566 3518; x_wconf 87' lang='lat' dir='ltr'><strong>Nam</strong></span> <span class='ocrx_word' id='word_1_265' title='bbox 615 3463 701 3518; x_wconf 92' lang='lat' dir='ltr'><strong>vel</strong></span> <span class='ocrx_word' id='word_1_266' title='bbox 733 3463 1002 3533; x_wconf 91' lang='lat' dir='ltr'><strong>discipulo</strong></span> <span class='ocrx_word' id='word_1_267' title='bbox 1055 3466 1155 3519; x_wconf 91' lang='lat' dir='ltr'><strong>hoc</strong></span> <span class='ocrx_word' id='word_1_268' title='bbox 1200 3464 1359 3519; x_wconf 79' lang='lat' dir='ltr'><strong>facile</strong></span> <span class='ocrx_word' id='word_1_269' title='bbox 1404 3474 1485 3519; x_wconf 87' lang='lat' dir='ltr'><strong>est</strong></span> <span class='ocrx_word' id='word_1_270' title='bbox 1513 3505 1530 3530; x_wconf 94' lang='lat'><strong>,</strong></span> <span class='ocrx_word' id='word_1_271' title='bbox 1569 3464 1749 3519; x_wconf 88' lang='lat' dir='ltr'><strong>verbis</strong></span> <span class='ocrx_word' id='word_1_272' title='bbox 1796 3465 2036 3533; x_wconf 89' lang='lat' dir='ltr'><strong>philoso-</strong></span> 
     </span>
    </p>
   </div>
   <div class='ocr_carea' id='block_1_35' title="bbox 438 3556 2038 3626">
    <p class='ocr_par' dir='ltr' id='par_1_35' title="bbox 438 3556 2038 3626">
     <span class='ocr_line' id='line_1_35' title="bbox 438 3556 2038 3626; baseline 0.002 -18"><span class='ocrx_word' id='word_1_273' title='bbox 438 3558 625 3626; x_wconf 89' lang='lat' dir='ltr'><strong>phari;</strong></span> <span class='ocrx_word' id='word_1_274' title='bbox 659 3557 753 3611; x_wconf 85' lang='lat' dir='ltr'><strong>sed</strong></span> <span class='ocrx_word' id='word_1_275' title='bbox 780 3557 864 3612; x_wconf 88' lang='lat' dir='ltr'><strong>illa</strong></span> <span class='ocrx_word' id='word_1_276' title='bbox 896 3557 1198 3611; x_wconf 89' lang='lat' dir='ltr'><strong>admonitio</strong></span> <span class='ocrx_word' id='word_1_277' title='bbox 1222 3565 1279 3612; x_wconf 88' lang='lat' dir='ltr'><strong>et</strong></span> <span class='ocrx_word' id='word_1_278' title='bbox 1309 3557 1587 3626; x_wconf 78' lang='lat' dir='ltr'><strong>persuasio</strong></span> <span class='ocrx_word' id='word_1_279' title='bbox 1617 3556 1843 3612; x_wconf 87' lang='lat' dir='ltr'><strong>accedat</strong></span> <span class='ocrx_word' id='word_1_280' title='bbox 1873 3572 2038 3626; x_wconf 89' lang='lat' dir='ltr'><strong>opor—</strong></span> 
     </span>
    </p>
   </div>
   <div class='ocr_carea' id='block_1_36' title="bbox 438 3651 2038 3722">
    <p class='ocr_par' dir='ltr' id='par_1_36' title="bbox 438 3651 2038 3722">
     <span class='ocr_line' id='line_1_36' title="bbox 438 3651 2038 3722; baseline 0 -18"><span class='ocrx_word' id='word_1_281' title='bbox 438 3660 533 3713; x_wconf 83' lang='lat' dir='ltr'><strong>tet,</strong></span> <span class='ocrx_word' id='word_1_282' title='bbox 562 3666 682 3721; x_wconf 66' lang='lat' dir='ltr'><strong>quae</strong></span> <span class='ocrx_word' id='word_1_283' title='bbox 713 3666 810 3722; x_wconf 90' lang='lat' dir='ltr'><strong>per</strong></span> <span class='ocrx_word' id='word_1_284' title='bbox 834 3666 1001 3720; x_wconf 88' lang='lat' dir='ltr'><strong>opera</strong></span> <span class='ocrx_word' id='word_1_285' title='bbox 1033 3652 1090 3704; x_wconf 84' lang='lat' dir='ltr'><strong>lit</strong></span> <span class='ocrx_word' id='word_1_286' title='bbox 1118 3670 1130 3704; x_wconf 90' lang='lat'>:</span> <span class='ocrx_word' id='word_1_287' title='bbox 1159 3666 1286 3704; x_wconf 90' lang='lat' dir='ltr'><strong>nam</strong></span> <span class='ocrx_word' id='word_1_288' title='bbox 1318 3651 1430 3704; x_wconf 80' lang='lat' dir='ltr'><strong>haec</strong></span> <span class='ocrx_word' id='word_1_289' title='bbox 1459 3660 1513 3705; x_wconf 91' lang='lat' dir='ltr'><strong>et</strong></span> <span class='ocrx_word' id='word_1_290' title='bbox 1539 3651 1747 3705; x_wconf 87' lang='lat' dir='ltr'><strong>doctori</strong></span> <span class='ocrx_word' id='word_1_291' title='bbox 1783 3666 2038 3705; x_wconf 67' lang='lat' dir='ltr'><strong>revercu~</strong></span> 
     </span>
    </p>
   </div>
   <div class='ocr_carea' id='block_1_37' title="bbox 437 3740 2040 3811">
    <p class='ocr_par' dir='ltr' id='par_1_37' title="bbox 437 3740 2040 3811">
     <span class='ocr_line' id='line_1_37' title="bbox 437 3740 2040 3811; baseline 0 -18"><span class='ocrx_word' id='word_1_292' title='bbox 437 3742 564 3794; x_wconf 87' lang='lat' dir='ltr'><strong>tiam</strong></span> <span class='ocrx_word' id='word_1_293' title='bbox 615 3740 892 3805; x_wconf 87' lang='lat' dir='ltr'><strong>conciliat,</strong></span> <span class='ocrx_word' id='word_1_294' title='bbox 936 3752 991 3795; x_wconf 87' lang='lat' dir='ltr'><strong>et</strong></span> <span class='ocrx_word' id='word_1_295' title='bbox 1038 3740 1307 3810; x_wconf 89' lang='lat' dir='ltr'><strong>discipulo</strong></span> <span class='ocrx_word' id='word_1_296' title='bbox 1357 3742 1774 3811; x_wconf 86' lang='lat' dir='ltr'><strong>propensionem</strong></span> <span class='ocrx_word' id='word_1_297' title='bbox 1823 3742 1888 3795; x_wconf 92' lang='lat' dir='ltr'><strong>ad</strong></span> <span class='ocrx_word' id='word_1_298' title='bbox 1947 3758 2040 3811; x_wconf 87' lang='lat' dir='ltr'><strong>pa-</strong></span> 
     </span>
    </p>
   </div>
   <div class='ocr_carea' id='block_1_38' title="bbox 437 3833 2035 3903">
    <p class='ocr_par' dir='ltr' id='par_1_38' title="bbox 437 3833 2035 3903">
     <span class='ocr_line' id='line_1_38' title="bbox 437 3833 2035 3903; baseline -0.001 -16"><span class='ocrx_word' id='word_1_299' title='bbox 437 3834 687 3888; x_wconf 86' lang='lat' dir='ltr'><strong>rendum.</strong></span> <span class='ocrx_word' id='word_1_300' title='bbox 726 3833 1056 3902; x_wconf 84' lang='lat' dir='ltr'><strong>Quomodo?</strong></span> <span class='ocrx_word' id='word_1_301' title='bbox 1102 3835 1404 3899; x_wconf 84' lang='lat' dir='ltr'><strong>Quoniam,</strong></span> <span class='ocrx_word' id='word_1_302' title='bbox 1459 3835 1545 3889; x_wconf 90' lang='lat' dir='ltr'><strong>ubi</strong></span> <span class='ocrx_word' id='word_1_303' title='bbox 1601 3834 1787 3888; x_wconf 82' lang='lat' dir='ltr'><strong>verbis</strong></span> <span class='ocrx_word' id='word_1_304' title='bbox 1818 3834 2035 3903; x_wconf 86' lang='lat' dir='ltr'><strong>quidem</strong></span> 
     </span>
    </p>
   </div>
   <div class='ocr_carea' id='block_1_39' title="bbox 438 3926 2036 3997">
    <p class='ocr_par' dir='ltr' id='par_1_39' title="bbox 438 3926 2036 3997">
     <span class='ocr_line' id='line_1_39' title="bbox 438 3926 2036 3997; baseline 0 -17"><span class='ocrx_word' id='word_1_305' title='bbox 438 3927 638 3981; x_wconf 89' lang='lat' dir='ltr'><strong>viderit</strong></span> <span class='ocrx_word' id='word_1_306' title='bbox 679 3926 1158 3997; x_wconf 86' lang='lat' dir='ltr'><strong>philosophantem</strong></span> <span class='ocrx_word' id='word_1_307' title='bbox 1186 3967 1200 3991; x_wconf 92' lang='lat'><strong>,</strong></span> <span class='ocrx_word' id='word_1_308' title='bbox 1233 3942 1418 3981; x_wconf 80' lang='lat' dir='ltr'><strong>secum</strong></span> <span class='ocrx_word' id='word_1_309' title='bbox 1449 3927 1616 3992; x_wconf 88' lang='lat' dir='ltr'><strong>dicet,</strong></span> <span class='ocrx_word' id='word_1_310' title='bbox 1650 3927 1725 3981; x_wconf 86' lang='lat' dir='ltr'><strong>Ea</strong></span> <span class='ocrx_word' id='word_1_311' title='bbox 1759 3942 1878 3996; x_wconf 62' lang='lat' dir='ltr'><strong>quae</strong></span> <span class='ocrx_word' id='word_1_312' title='bbox 1921 3927 2036 3981; x_wconf 88' lang='lat' dir='ltr'><strong>lieri</strong></span> 
     </span>
    </p>
   </div>
   <div class='ocr_carea' id='block_1_40' title="bbox 440 4019 2037 4090">
    <p class='ocr_par' dir='ltr' id='par_1_40' title="bbox 440 4019 2037 4090">
     <span class='ocr_line' id='line_1_40' title="bbox 440 4019 2037 4090; baseline 0.001 -18"><span class='ocrx_word' id='word_1_313' title='bbox 440 4035 546 4072; x_wconf 83' lang='lat' dir='ltr'><strong>non</strong></span> <span class='ocrx_word' id='word_1_314' title='bbox 585 4029 810 4088; x_wconf 89' lang='lat' dir='ltr'><strong>possunt</strong></span> <span class='ocrx_word' id='word_1_315' title='bbox 836 4019 1093 4089; x_wconf 79' lang='lat' dir='ltr'><strong>magister</strong></span> <span class='ocrx_word' id='word_1_316' title='bbox 1120 4020 1220 4074; x_wconf 90' lang='lat' dir='ltr'><strong>iste</strong></span> <span class='ocrx_word' id='word_1_317' title='bbox 1254 4021 1509 4090; x_wconf 68' lang='lat' dir='ltr'><strong>praacepit</strong></span> <span class='ocrx_word' id='word_1_318' title='bbox 1534 4062 1548 4085; x_wconf 92' lang='lat'><strong>,</strong></span> <span class='ocrx_word' id='word_1_319' title='bbox 1583 4019 1746 4090; x_wconf 87' lang='lat' dir='ltr'><strong>idque</strong></span> <span class='ocrx_word' id='word_1_320' title='bbox 1780 4022 1893 4090; x_wconf 88' lang='lat' dir='ltr'><strong>ipse</strong></span> <span class='ocrx_word' id='word_1_321' title='bbox 1924 4021 2037 4090; x_wconf 86' lang='lat' dir='ltr'><strong>pri-</strong></span> 
     </span>
    </p>
   </div>
   <div class='ocr_carea' id='block_1_41' title="bbox 440 4112 2040 4182">
    <p class='ocr_par' dir='ltr' id='par_1_41' title="bbox 440 4112 2040 4182">
     <span class='ocr_line' id='line_1_41' title="bbox 440 4112 2040 4182; baseline 0.003 -18"><span class='ocrx_word' id='word_1_322' title='bbox 440 4126 562 4167; x_wconf 84' lang='lat' dir='ltr'><strong>mus</strong></span> <span class='ocrx_word' id='word_1_323' title='bbox 598 4112 880 4175; x_wconf 82' lang='lat' dir='ltr'><strong>ostendit,</strong></span> <span class='ocrx_word' id='word_1_324' title='bbox 930 4114 1019 4182; x_wconf 91' lang='lat' dir='ltr'><strong>qui</strong></span> <span class='ocrx_word' id='word_1_325' title='bbox 1044 4127 1107 4166; x_wconf 88' lang='lat' dir='ltr'><strong>ea</strong></span> <span class='ocrx_word' id='word_1_326' title='bbox 1138 4127 1245 4167; x_wconf 92' lang='lat' dir='ltr'><strong>non</strong></span> <span class='ocrx_word' id='word_1_327' title='bbox 1297 4112 1444 4167; x_wconf 81' lang='lat' dir='ltr'><strong>facit.</strong></span> <span class='ocrx_word' id='word_1_328' title='bbox 1478 4113 1570 4167; x_wconf 91' lang='lat' dir='ltr'><strong>Sin</strong></span> <span class='ocrx_word' id='word_1_329' title='bbox 1603 4122 1785 4168; x_wconf 89' lang='lat' dir='ltr'><strong>autem</strong></span> <span class='ocrx_word' id='word_1_330' title='bbox 1839 4115 2040 4169; x_wconf 88' lang='lat' dir='ltr'><strong>viderit</strong></span> 
     </span>
    </p>
   </div>
   <div class='ocr_carea' id='block_1_42' title="bbox 440 4206 2037 4277">
    <p class='ocr_par' dir='ltr' id='par_1_42' title="bbox 440 4206 2037 4277">
     <span class='ocr_line' id='line_1_42' title="bbox 440 4206 2037 4277; baseline -0.001 -16"><span class='ocrx_word' id='word_1_331' title='bbox 440 4208 694 4262; x_wconf 84' lang='lat' dir='ltr'><strong>virtutem</strong></span> <span class='ocrx_word' id='word_1_332' title='bbox 720 4206 872 4260; x_wconf 82' lang='lat' dir='ltr'><strong>factis</strong></span> <span class='ocrx_word' id='word_1_333' title='bbox 892 4206 1023 4277; x_wconf 87' lang='lat' dir='ltr'><strong>ipsis</strong></span> <span class='ocrx_word' id='word_1_334' title='bbox 1040 4221 1385 4277; x_wconf 85' lang='lat' dir='ltr'><strong>expressam,</strong></span> <span class='ocrx_word' id='word_1_335' title='bbox 1410 4222 1515 4260; x_wconf 90' lang='lat' dir='ltr'><strong>non</strong></span> <span class='ocrx_word' id='word_1_336' title='bbox 1546 4206 2037 4276; x_wconf 67' lang='lat' dir='ltr'><strong>habebitamplius,</strong></span> 
     </span>
    </p>
   </div>
   <div class='ocr_carea' id='block_1_43' title="bbox 439 4296 2033 4354">
    <p class='ocr_par' dir='ltr' id='par_1_43' title="bbox 439 4296 2033 4354">
     <span class='ocr_line' id='line_1_43' title="bbox 439 4296 2033 4354; baseline 0.002 -3"><span class='ocrx_word' id='word_1_337' title='bbox 439 4311 537 4352; x_wconf 85' lang='lat' dir='ltr'><strong>cur</strong></span> <span class='ocrx_word' id='word_1_338' title='bbox 572 4299 673 4353; x_wconf 90' lang='lat' dir='ltr'><strong>ista</strong></span> <span class='ocrx_word' id='word_1_339' title='bbox 723 4297 889 4352; x_wconf 82' lang='lat' dir='ltr'><strong>dicat.</strong></span> <span class='ocrx_word' id='word_1_340' title='bbox 928 4296 1311 4353; x_wconf 83' lang='lat' dir='ltr'><strong>Verumtamen</strong></span> <span class='ocrx_word' id='word_1_341' title='bbox 1340 4298 1502 4351; x_wconf 90' lang='lat' dir='ltr'><strong>etiam</strong></span> <span class='ocrx_word' id='word_1_342' title='bbox 1554 4300 1598 4352; x_wconf 90' lang='lat' dir='ltr'><strong>si</strong></span> <span class='ocrx_word' id='word_1_343' title='bbox 1640 4298 1879 4353; x_wconf 88' lang='lat' dir='ltr'><strong>doctoris</strong></span> <span class='ocrx_word' id='word_1_344' title='bbox 1928 4301 2033 4354; x_wconf 87' lang='lat' dir='ltr'><strong>vita</strong></span> 
     </span>
    </p>
   </div>
   <div class='ocr_carea' id='block_1_44' title="bbox 439 4389 2035 4460">
    <p class='ocr_par' dir='ltr' id='par_1_44' title="bbox 439 4389 2035 4460">
     <span class='ocr_line' id='line_1_44' title="bbox 439 4389 2035 4460; baseline -0.001 -15"><span class='ocrx_word' id='word_1_345' title='bbox 439 4390 707 4445; x_wconf 69' lang='lat' dir='ltr'><strong>socordiae</strong></span> <span class='ocrx_word' id='word_1_346' title='bbox 728 4391 884 4459; x_wconf 88' lang='lat' dir='ltr'><strong>plena</strong></span> <span class='ocrx_word' id='word_1_347' title='bbox 912 4390 1000 4456; x_wconf 89' lang='lat' dir='ltr'><strong>sit,</strong></span> <span class='ocrx_word' id='word_1_348' title='bbox 1028 4390 1186 4445; x_wconf 91' lang='lat' dir='ltr'><strong>nobis</strong></span> <span class='ocrx_word' id='word_1_349' title='bbox 1218 4390 1348 4460; x_wconf 87' lang='lat' dir='ltr'><strong>ipsis</strong></span> <span class='ocrx_word' id='word_1_350' title='bbox 1376 4389 1744 4458; x_wconf 84' lang='lat' dir='ltr'><strong>attendamus,</strong></span> <span class='ocrx_word' id='word_1_351' title='bbox 1768 4401 1822 4446; x_wconf 89' lang='lat' dir='ltr'><strong>et</strong></span> <span class='ocrx_word' id='word_1_352' title='bbox 1846 4392 2035 4446; x_wconf 86' lang='lat' dir='ltr'><strong>audia-</strong></span> 
     </span>
    </p>
   </div>
   <div class='ocr_carea' id='block_1_45' title="bbox 443 4481 2041 4551">
    <p class='ocr_par' dir='ltr' id='par_1_45' title="bbox 443 4481 2041 4551">
     <span class='ocr_line' id='line_1_45' title="bbox 443 4481 2041 4551; baseline 0.001 -15"><span class='ocrx_word' id='word_1_353' title='bbox 443 4497 566 4536; x_wconf 88' lang='lat' dir='ltr'><strong>mus</strong></span> <span class='ocrx_word' id='word_1_354' title='bbox 600 4482 918 4551; x_wconf 85' lang='lat' dir='ltr'><strong>propltetam</strong></span> <span class='ocrx_word' id='word_1_355' title='bbox 949 4481 1244 4546; x_wconf 85' lang='lat' dir='ltr'><strong>dicentem,</strong></span> <span class='ocrx_word' id='word_1_356' title='bbox 1281 4481 1448 4536; x_wconf 83' lang='lat' dir='ltr'><strong>Erunt</strong></span> <span class='ocrx_word' id='word_1_357' title='bbox 1475 4498 1649 4536; x_wconf 86' lang='lat' dir='ltr'><strong>omnes</strong></span> <span class='ocrx_word' id='word_1_358' title='bbox 1679 4484 1919 4538; x_wconf 77' lang='lat' dir='ltr'><strong>docibiles</strong></span> <span class='ocrx_word' id='word_1_359' title='bbox 1942 4483 2041 4538; x_wconf 79' lang='lat' dir='ltr'><strong>Dei</strong></span> 
     </span>
    </p>
   </div>
   <div class='ocr_carea' id='block_1_46' title="bbox 443 4558 2036 4646">
    <p class='ocr_par' dir='ltr' id='par_1_46' title="bbox 443 4558 2036 4646">
     <span class='ocr_line' id='line_1_46' title="bbox 443 4558 2036 4646; baseline 0.002 -18"><span class='ocrx_word' id='word_1_360' title='bbox 443 4558 625 4645; x_wconf 72' lang='lat' dir='ltr'><strong>(ludii.</strong></span> <span class='ocrx_word' id='word_1_361' title='bbox 648 4575 701 4631; x_wconf 83' lang='lat'><strong>6.</strong></span> <span class='ocrx_word' id='word_1_362' title='bbox 734 4576 828 4645; x_wconf 62' lang='grc'><strong>45)</strong></span> <span class='ocrx_word' id='word_1_363' title='bbox 856 4592 869 4639; x_wconf 89' lang='grc'><strong>;</strong></span> <span class='ocrx_word' id='word_1_364' title='bbox 899 4584 974 4641; x_wconf 87' lang='lat' dir='ltr'><strong>et,</strong></span> <span class='ocrx_word' id='word_1_365' title='bbox 1012 4573 1135 4629; x_wconf 86' lang='lat' dir='ltr'><strong>Non</strong></span> <span class='ocrx_word' id='word_1_366' title='bbox 1160 4576 1353 4629; x_wconf 81' lang='lat' dir='ltr'><strong>docebit</strong></span> <span class='ocrx_word' id='word_1_367' title='bbox 1384 4578 1519 4630; x_wconf 87' lang='lat' dir='ltr'><strong>ultra</strong></span> <span class='ocrx_word' id='word_1_368' title='bbox 1540 4578 1615 4630; x_wconf 78' lang='lat' dir='ltr'><strong>vir</strong></span> <span class='ocrx_word' id='word_1_369' title='bbox 1637 4577 2036 4646; x_wconf 75' lang='lat' dir='ltr'><strong>fratremsuum,</strong></span> 
     </span>
    </p>
   </div>
   <div class='ocr_carea' id='block_1_47' title="bbox 444 4667 2043 4741">
    <p class='ocr_par' dir='ltr' id='par_1_47' title="bbox 444 4667 2043 4741">
     <span class='ocr_line' id='line_1_47' title="bbox 444 4667 2043 4741; baseline 0.001 -21"><span class='ocrx_word' id='word_1_370' title='bbox 444 4669 614 4721; x_wconf 78' lang='lat' dir='ltr'><strong>dicens</strong></span> <span class='ocrx_word' id='word_1_371' title='bbox 650 4667 949 4739; x_wconf 71' lang='lat' dir='ltr'><strong>:Coguosce</strong></span> <span class='ocrx_word' id='word_1_372' title='bbox 990 4667 1305 4732; x_wconf 85' lang='lat' dir='ltr'><strong>Dominum;</strong></span> <span class='ocrx_word' id='word_1_373' title='bbox 1351 4684 1524 4722; x_wconf 86' lang='lat' dir='ltr'><strong>omnes</strong></span> <span class='ocrx_word' id='word_1_374' title='bbox 1567 4670 1701 4722; x_wconf 85' lang='lat' dir='ltr'><strong><em>enim</em></strong></span> <span class='ocrx_word' id='word_1_375' title='bbox 1741 4680 2043 4741; x_wconf 73' lang='lat' dir='ltr'><strong>cognoscent</strong></span> 
     </span>
    </p>
   </div>
   <div class='ocr_carea' id='block_1_48' title="bbox 452 4761 2040 4833">
    <p class='ocr_par' dir='ltr' id='par_1_48' title="bbox 452 4761 2040 4833">
     <span class='ocr_line' id='line_1_48' title="bbox 452 4761 2040 4833; baseline -0.001 -18"><span class='ocrx_word' id='word_1_376' title='bbox 452 4779 533 4816; x_wconf 87' lang='lat' dir='ltr'><strong><em>me</em></strong></span> <span class='ocrx_word' id='word_1_377' title='bbox 554 4778 587 4814; x_wconf 89' lang='lat' dir='ltr'><strong>a</strong></span> <span class='ocrx_word' id='word_1_378' title='bbox 616 4762 827 4815; x_wconf 83' lang='lat' dir='ltr'><strong>minimo</strong></span> <span class='ocrx_word' id='word_1_379' title='bbox 865 4778 1042 4815; x_wconf 79' lang='lat' dir='ltr'><strong>eorum</strong></span> <span class='ocrx_word' id='word_1_380' title='bbox 1080 4778 1239 4828; x_wconf 86' lang='lat' dir='ltr'><strong>usque</strong></span> <span class='ocrx_word' id='word_1_381' title='bbox 1264 4762 1330 4814; x_wconf 86' lang='lat' dir='ltr'><strong><em>ad</em></strong></span> <span class='ocrx_word' id='word_1_382' title='bbox 1359 4762 1639 4815; x_wconf 70' lang='lat' dir='ltr'><strong><em>maximum</em></strong></span> <span class='ocrx_word' id='word_1_383' title='bbox 1667 4761 1902 4833; x_wconf 88' lang='lat' dir='ltr'><strong>(Jerem.</strong></span> <span class='ocrx_word' id='word_1_384' title='bbox 1949 4763 2040 4815; x_wconf 74' lang='lat'><strong>3‘2.</strong></span> 
     </span>
    </p>
   </div>
   <div class='ocr_carea' id='block_1_49' title="bbox 445 4855 2043 4927">
    <p class='ocr_par' dir='ltr' id='par_1_49' title="bbox 445 4855 2043 4927">
     <span class='ocr_line' id='line_1_49' title="bbox 445 4855 2043 4927; baseline -0.001 -15"><span class='ocrx_word' id='word_1_385' title='bbox 445 4858 560 4927; x_wconf 64' lang='grc'><strong>54).</strong></span> <span class='ocrx_word' id='word_1_386' title='bbox 590 4857 706 4911; x_wconf 87' lang='lat' dir='ltr'><strong>Non</strong></span> <span class='ocrx_word' id='word_1_387' title='bbox 740 4857 904 4911; x_wconf 86' lang='lat' dir='ltr'><strong>habes</strong></span> <span class='ocrx_word' id='word_1_388' title='bbox 932 4857 1207 4910; x_wconf 87' lang='lat' dir='ltr'><strong>doctorem</strong></span> <span class='ocrx_word' id='word_1_389' title='bbox 1226 4858 1429 4910; x_wconf 89' lang='lat' dir='ltr'><strong>virtute</strong></span> <span class='ocrx_word' id='word_1_390' title='bbox 1462 4856 1783 4925; x_wconf 65' lang='lat' dir='ltr'><strong>praaditum?</strong></span> <span class='ocrx_word' id='word_1_391' title='bbox 1811 4856 1918 4912; x_wconf 87' lang='lat' dir='ltr'><strong>Sed</strong></span> <span class='ocrx_word' id='word_1_392' title='bbox 1946 4855 2043 4910; x_wconf 78' lang='lat' dir='ltr'><strong>ha-</strong></span> 
     </span>
    </p>
   </div>
   <div class='ocr_carea' id='block_1_50' title="bbox 444 4948 2042 5020">
    <p class='ocr_par' dir='ltr' id='par_1_50' title="bbox 444 4948 2042 5020">
     <span class='ocr_line' id='line_1_50' title="bbox 444 4948 2042 5020; baseline -0.002 -15"><span class='ocrx_word' id='word_1_393' title='bbox 444 4951 543 5005; x_wconf 89' lang='lat' dir='ltr'><strong>bes</strong></span> <span class='ocrx_word' id='word_1_394' title='bbox 588 4964 714 5005; x_wconf 91' lang='lat' dir='ltr'><strong>cum</strong></span> <span class='ocrx_word' id='word_1_395' title='bbox 746 4950 834 5020; x_wconf 91' lang='lat' dir='ltr'><strong>qui</strong></span> <span class='ocrx_word' id='word_1_396' title='bbox 880 4964 1007 5003; x_wconf 89' lang='lat' dir='ltr'><strong>vere</strong></span> <span class='ocrx_word' id='word_1_397' title='bbox 1065 4949 1253 5003; x_wconf 90' lang='lat' dir='ltr'><strong>doctor</strong></span> <span class='ocrx_word' id='word_1_398' title='bbox 1299 4957 1419 5010; x_wconf 87' lang='lat' dir='ltr'><strong>est,</strong></span> <span class='ocrx_word' id='word_1_399' title='bbox 1469 4964 1627 5017; x_wconf 86' lang='lat' dir='ltr'><strong>quem</strong></span> <span class='ocrx_word' id='word_1_400' title='bbox 1658 4948 1818 5001; x_wconf 89' lang='lat' dir='ltr'><strong>etiam</strong></span> <span class='ocrx_word' id='word_1_401' title='bbox 1869 4949 2042 5003; x_wconf 88' lang='lat' dir='ltr'><strong>solum</strong></span> 
     </span>
    </p>
   </div>
   <div class='ocr_carea' id='block_1_51' title="bbox 445 5039 2047 5111">
    <p class='ocr_par' dir='ltr' id='par_1_51' title="bbox 445 5039 2047 5111">
     <span class='ocr_line' id='line_1_51' title="bbox 445 5039 2047 5111; baseline -0.001 -15"><span class='ocrx_word' id='word_1_402' title='bbox 445 5042 725 5097; x_wconf 87' lang='lat' dir='ltr'><strong>doctorem</strong></span> <span class='ocrx_word' id='word_1_403' title='bbox 778 5043 1049 5111; x_wconf 90' lang='lat' dir='ltr'><strong>appellare</strong></span> <span class='ocrx_word' id='word_1_404' title='bbox 1095 5049 1309 5110; x_wconf 88' lang='lat' dir='ltr'><strong>oportet</strong></span> <span class='ocrx_word' id='word_1_405' title='bbox 1349 5059 1361 5095; x_wconf 91' lang='lat'>:</span> <span class='ocrx_word' id='word_1_406' title='bbox 1404 5041 1472 5094; x_wconf 92' lang='lat' dir='ltr'><strong>ab</strong></span> <span class='ocrx_word' id='word_1_407' title='bbox 1518 5039 1613 5093; x_wconf 91' lang='lat' dir='ltr'><strong>illo</strong></span> <span class='ocrx_word' id='word_1_408' title='bbox 1655 5039 1843 5094; x_wconf 88' lang='lat' dir='ltr'><strong>discite</strong></span> <span class='ocrx_word' id='word_1_409' title='bbox 1887 5056 1901 5091; x_wconf 91' lang='lat'><strong>:</strong></span> <span class='ocrx_word' id='word_1_410' title='bbox 1956 5040 2047 5094; x_wconf 87' lang='lat' dir='ltr'><strong>ille</strong></span> 
     </span>
    </p>
   </div>
   <div class='ocr_carea' id='block_1_52' title="bbox 447 5130 2044 5204">
    <p class='ocr_par' dir='ltr' id='par_1_52' title="bbox 447 5130 2044 5204">
     <span class='ocr_line' id='line_1_52' title="bbox 447 5130 2044 5204; baseline -0.004 -15"><span class='ocrx_word' id='word_1_411' title='bbox 447 5137 600 5201; x_wconf 85' lang='lat' dir='ltr'><strong>dixit,</strong></span> <span class='ocrx_word' id='word_1_412' title='bbox 643 5134 838 5189; x_wconf 86' lang='lat' dir='ltr'><strong>Discite</strong></span> <span class='ocrx_word' id='word_1_413' title='bbox 865 5153 898 5189; x_wconf 91' lang='lat' dir='ltr'><strong>a</strong></span> <span class='ocrx_word' id='word_1_414' title='bbox 929 5151 1040 5199; x_wconf 87' lang='lat' dir='ltr'><strong>me,</strong></span> <span class='ocrx_word' id='word_1_415' title='bbox 1072 5137 1191 5204; x_wconf 85' lang='lat' dir='ltr'><strong>quia</strong></span> <span class='ocrx_word' id='word_1_416' title='bbox 1218 5151 1333 5189; x_wconf 88' lang='lat' dir='ltr'><strong>sum</strong></span> <span class='ocrx_word' id='word_1_417' title='bbox 1361 5134 1496 5187; x_wconf 88' lang='lat' dir='ltr'><strong>mitis</strong></span> <span class='ocrx_word' id='word_1_418' title='bbox 1527 5132 1759 5203; x_wconf 73' lang='lat' dir='ltr'><strong>(Matth.</strong></span> <span class='ocrx_word' id='word_1_419' title='bbox 1803 5133 1893 5186; x_wconf 80' lang='grc' dir='ltr'><strong>Η.</strong></span> <span class='ocrx_word' id='word_1_420' title='bbox 1926 5130 2044 5202; x_wconf 78' lang='lat'><strong>‘29).</strong></span> 
     </span>
    </p>
   </div>
   <div class='ocr_carea' id='block_1_53' title="bbox 406 5220 2049 5298">
    <p class='ocr_par' dir='ltr' id='par_1_53' title="bbox 406 5220 2049 5298">
     <span class='ocr_line' id='line_1_53' title="bbox 406 5220 2049 5298; baseline -0.002 -15"><span class='ocrx_word' id='word_1_421' title='bbox 406 5255 409 5261; x_wconf 61' lang='grc' dir='ltr'><em>ν</em></span> <span class='ocrx_word' id='word_1_422' title='bbox 450 5229 565 5283; x_wconf 86' lang='lat' dir='ltr'><strong>Non</strong></span> <span class='ocrx_word' id='word_1_423' title='bbox 595 5229 856 5283; x_wconf 84' lang='lat' dir='ltr'><strong>observes</strong></span> <span class='ocrx_word' id='word_1_424' title='bbox 898 5228 1214 5298; x_wconf 87' lang='lat' dir='ltr'><strong>magistrum</strong></span> <span class='ocrx_word' id='word_1_425' title='bbox 1247 5226 1408 5280; x_wconf 88' lang='lat' dir='ltr'><strong>istum</strong></span> <span class='ocrx_word' id='word_1_426' title='bbox 1432 5268 1445 5289; x_wconf 93' lang='lat'><strong>,</strong></span> <span class='ocrx_word' id='word_1_427' title='bbox 1477 5220 1570 5280; x_wconf 84' lang='lat' dir='ltr'><strong>sed</strong></span> <span class='ocrx_word' id='word_1_428' title='bbox 1605 5226 1754 5279; x_wconf 90' lang='lat' dir='ltr'><strong>illum</strong></span> <span class='ocrx_word' id='word_1_429' title='bbox 1800 5225 2049 5295; x_wconf 84' lang='lat' dir='ltr'><strong>illiusque</strong></span> 
     </span>
    </p>
   </div>
   <div class='ocr_carea' id='block_1_54' title="bbox 448 5317 2051 5391">
    <p class='ocr_par' dir='ltr' id='par_1_54' title="bbox 448 5317 2051 5391">
     <span class='ocr_line' id='line_1_54' title="bbox 448 5317 2051 5391; baseline -0.003 -16"><span class='ocrx_word' id='word_1_430' title='bbox 448 5321 761 5391; x_wconf 86' lang='lat' dir='ltr'><strong>disciplinas</strong></span> <span class='ocrx_word' id='word_1_431' title='bbox 804 5338 816 5374; x_wconf 92' lang='lat'><strong>:</strong></span> <span class='ocrx_word' id='word_1_432' title='bbox 860 5321 986 5374; x_wconf 91' lang='lat' dir='ltr'><strong>inde</strong></span> <span class='ocrx_word' id='word_1_433' title='bbox 1019 5332 1204 5391; x_wconf 76' lang='lat' dir='ltr'><strong>typum</strong></span> <span class='ocrx_word' id='word_1_434' title='bbox 1241 5335 1375 5389; x_wconf 84' lang='lat' dir='ltr'><strong>cape</strong></span> <span class='ocrx_word' id='word_1_435' title='bbox 1405 5336 1418 5371; x_wconf 91' lang='lat'>:</span> <span class='ocrx_word' id='word_1_436' title='bbox 1452 5318 1617 5372; x_wconf 86' lang='lat' dir='ltr'><strong>babes</strong></span> <span class='ocrx_word' id='word_1_437' title='bbox 1647 5317 1878 5387; x_wconf 81' lang='lat' dir='ltr'><strong>efﬁgiem</strong></span> <span class='ocrx_word' id='word_1_438' title='bbox 1909 5318 2051 5388; x_wconf 72' lang='grc' dir='ltr'><strong>οι)ιί-</strong></span> 
     </span>
    </p>
   </div>
   <div class='ocr_carea' id='block_1_55' title="bbox 451 5410 2051 5483">
    <p class='ocr_par' dir='ltr' id='par_1_55' title="bbox 451 5410 2051 5483">
     <span class='ocr_line' id='line_1_55' title="bbox 451 5410 2051 5483; baseline -0.003 -15"><span class='ocrx_word' id='word_1_439' title='bbox 451 5429 630 5479; x_wconf 90' lang='lat' dir='ltr'><strong>mam,</strong></span> <span class='ocrx_word' id='word_1_440' title='bbox 674 5412 742 5468; x_wconf 88' lang='lat' dir='ltr'><strong>ad</strong></span> <span class='ocrx_word' id='word_1_441' title='bbox 784 5428 945 5483; x_wconf 88' lang='lat' dir='ltr'><strong>quam</strong></span> <span class='ocrx_word' id='word_1_442' title='bbox 978 5413 1209 5481; x_wconf 89' lang='lat' dir='ltr'><strong>teipsum</strong></span> <span class='ocrx_word' id='word_1_443' title='bbox 1241 5426 1555 5480; x_wconf 83' lang='lat' dir='ltr'><strong>componas.</strong></span> <span class='ocrx_word' id='word_1_444' title='bbox 1598 5410 1879 5465; x_wconf 76' lang='lat' dir='ltr'><strong>Sexcenta:</strong></span> <span class='ocrx_word' id='word_1_445' title='bbox 1927 5418 2051 5463; x_wconf 90' lang='lat' dir='ltr'><strong>sunt</strong></span> 
     </span>
    </p>
   </div>
   <div class='ocr_carea' id='block_1_56' title="bbox 451 5505 2051 5578">
    <p class='ocr_par' dir='ltr' id='par_1_56' title="bbox 451 5505 2051 5578">
     <span class='ocr_line' id='line_1_56' title="bbox 451 5505 2051 5578; baseline -0.003 -17"><span class='ocrx_word' id='word_1_446' title='bbox 451 5509 740 5578; x_wconf 65' lang='lat' dir='ltr'><strong>proposita:</strong></span> <span class='ocrx_word' id='word_1_447' title='bbox 782 5507 833 5561; x_wconf 90' lang='lat' dir='ltr'><strong>in</strong></span> <span class='ocrx_word' id='word_1_448' title='bbox 862 5506 1157 5575; x_wconf 86' lang='lat' dir='ltr'><strong>Scripturis</strong></span> <span class='ocrx_word' id='word_1_449' title='bbox 1186 5505 1413 5559; x_wconf 87' lang='lat' dir='ltr'><strong>vitarum</strong></span> <span class='ocrx_word' id='word_1_450' title='bbox 1441 5521 1561 5557; x_wconf 87' lang='lat' dir='ltr'><strong>cum</strong></span> <span class='ocrx_word' id='word_1_451' title='bbox 1589 5505 1786 5557; x_wconf 87' lang='lat' dir='ltr'><strong>virtute</strong></span> <span class='ocrx_word' id='word_1_452' title='bbox 1811 5510 2051 5557; x_wconf 86' lang='lat' dir='ltr'><strong>actarum</strong></span> 
     </span>
    </p>
   </div>
   <div class='ocr_carea' id='block_1_57' title="bbox 453 5595 2051 5671">
    <p class='ocr_par' dir='ltr' id='par_1_57' title="bbox 453 5595 2051 5671">
     <span class='ocr_line' id='line_1_57' title="bbox 453 5595 2051 5671; baseline -0.003 -18"><span class='ocrx_word' id='word_1_453' title='bbox 453 5600 716 5671; x_wconf 76' lang='lat' dir='ltr'><strong>imagines</strong></span> <span class='ocrx_word' id='word_1_454' title='bbox 747 5618 759 5653; x_wconf 91' lang='lat'><strong>:</strong></span> <span class='ocrx_word' id='word_1_455' title='bbox 789 5600 958 5663; x_wconf 89' lang='lat' dir='ltr'><strong>velut,</strong></span> <span class='ocrx_word' id='word_1_456' title='bbox 991 5598 1207 5663; x_wconf 89' lang='lat' dir='ltr'><strong>accede,</strong></span> <span class='ocrx_word' id='word_1_457' title='bbox 1244 5600 1287 5651; x_wconf 87' lang='lat' dir='ltr'><strong>si</strong></span> <span class='ocrx_word' id='word_1_458' title='bbox 1314 5598 1463 5659; x_wconf 87' lang='lat' dir='ltr'><strong>libet,</strong></span> <span class='ocrx_word' id='word_1_459' title='bbox 1497 5606 1617 5665; x_wconf 86' lang='lat' dir='ltr'><strong>post</strong></span> <span class='ocrx_word' id='word_1_460' title='bbox 1645 5595 1958 5666; x_wconf 87' lang='lat' dir='ltr'><strong>magistrum</strong></span> <span class='ocrx_word' id='word_1_461' title='bbox 1983 5595 2051 5649; x_wconf 91' lang='lat' dir='ltr'><strong>ad</strong></span> 
     </span>
    </p>
   </div>
   <div class='ocr_carea' id='block_1_58' title="bbox 450 5687 2053 5764">
    <p class='ocr_par' dir='ltr' id='par_1_58' title="bbox 450 5687 2053 5764">
     <span class='ocr_line' id='line_1_58' title="bbox 450 5687 2053 5764; baseline -0.003 -17"><span class='ocrx_word' id='word_1_462' title='bbox 450 5692 750 5764; x_wconf 87' lang='lat' dir='ltr'><strong>discipulos</strong></span> <span class='ocrx_word' id='word_1_463' title='bbox 776 5710 789 5748; x_wconf 91' lang='lat'>:</span> <span class='ocrx_word' id='word_1_464' title='bbox 819 5692 906 5746; x_wconf 89' lang='lat' dir='ltr'><strong>hic</strong></span> <span class='ocrx_word' id='word_1_465' title='bbox 934 5691 1151 5762; x_wconf 86' lang='lat' dir='ltr'><strong>quidem</strong></span> <span class='ocrx_word' id='word_1_466' title='bbox 1170 5706 1234 5745; x_wconf 85' lang='lat' dir='ltr'><strong>ex</strong></span> <span class='ocrx_word' id='word_1_467' title='bbox 1256 5698 1573 5760; x_wconf 90' lang='lat' dir='ltr'><strong>paupertate</strong></span> <span class='ocrx_word' id='word_1_468' title='bbox 1606 5688 1775 5753; x_wconf 83' lang='lat' dir='ltr'><strong>fulsit,</strong></span> <span class='ocrx_word' id='word_1_469' title='bbox 1805 5687 1896 5742; x_wconf 88' lang='lat' dir='ltr'><strong>ille</strong></span> <span class='ocrx_word' id='word_1_470' title='bbox 1922 5702 2053 5742; x_wconf 89' lang='lat' dir='ltr'><strong>vero</strong></span> 
     </span>
    </p>
   </div>
   <div class='ocr_carea' id='block_1_59' title="bbox 454 5781 2051 5853">
    <p class='ocr_par' dir='ltr' id='par_1_59' title="bbox 454 5781 2051 5853">
     <span class='ocr_line' id='line_1_59' title="bbox 454 5781 2051 5853; baseline -0.006 -12"><span class='ocrx_word' id='word_1_471' title='bbox 454 5800 521 5841; x_wconf 77' lang='lat' dir='ltr'><strong>ex</strong></span> <span class='ocrx_word' id='word_1_472' title='bbox 571 5784 775 5839; x_wconf 77' lang='lat' dir='ltr'><strong>divitiis</strong></span> <span class='ocrx_word' id='word_1_473' title='bbox 823 5801 836 5837; x_wconf 93' lang='lat'><strong>:</strong></span> <span class='ocrx_word' id='word_1_474' title='bbox 882 5784 1113 5853; x_wconf 77' lang='lat' dir='ltr'><strong>exempli</strong></span> <span class='ocrx_word' id='word_1_475' title='bbox 1158 5797 1345 5847; x_wconf 88' lang='lat' dir='ltr'><strong>causa,</strong></span> <span class='ocrx_word' id='word_1_476' title='bbox 1396 5781 1543 5836; x_wconf 89' lang='lat' dir='ltr'><strong>Elias</strong></span> <span class='ocrx_word' id='word_1_477' title='bbox 1593 5797 1657 5835; x_wconf 91' lang='lat' dir='ltr'><strong>ex</strong></span> <span class='ocrx_word' id='word_1_478' title='bbox 1716 5790 2051 5850; x_wconf 84' lang='lat' dir='ltr'><strong>paupertate,</strong></span> 
     </span>
    </p>
   </div>
   <div class='ocr_carea' id='block_1_60' title="bbox 457 5871 2054 5942">
    <p class='ocr_par' dir='ltr' id='par_1_60' title="bbox 457 5871 2054 5942">
     <span class='ocr_line' id='line_1_60' title="bbox 457 5871 2054 5942; baseline -0.006 -7"><span class='ocrx_word' id='word_1_479' title='bbox 457 5877 733 5935; x_wconf 81' lang='lat' dir='ltr'><strong>Abraham</strong></span> <span class='ocrx_word' id='word_1_480' title='bbox 762 5891 827 5931; x_wconf 87' lang='lat' dir='ltr'><strong>ex</strong></span> <span class='ocrx_word' id='word_1_481' title='bbox 857 5875 1061 5929; x_wconf 73' lang='lat' dir='ltr'><strong>divitiis</strong></span> <span class='ocrx_word' id='word_1_482' title='bbox 1092 5892 1105 5928; x_wconf 88' lang='lat'><strong>:</strong></span> <span class='ocrx_word' id='word_1_483' title='bbox 1138 5885 1309 5927; x_wconf 82' lang='lat' dir='ltr'><strong>utram</strong></span> <span class='ocrx_word' id='word_1_484' title='bbox 1352 5884 1507 5942; x_wconf 86' lang='lat' dir='ltr'><strong>putas</strong></span> <span class='ocrx_word' id='word_1_485' title='bbox 1540 5872 1819 5938; x_wconf 80' lang='lat' dir='ltr'><strong>leviorem,</strong></span> <span class='ocrx_word' id='word_1_486' title='bbox 1853 5871 2054 5941; x_wconf 84' lang='lat' dir='ltr'><strong>tibique</strong></span> 
     </span>
    </p>
   </div>
   <div class='ocr_carea' id='block_1_61' title="bbox 1328 383 2875 451">
    <p class='ocr_par' dir='ltr' id='par_1_61' title="bbox 1328 383 2875 451">
     <span class='ocr_line' id='line_1_61' title="bbox 1328 383 2875 451; baseline 0.004 -6"><span class='ocrx_word' id='word_1_487' title='bbox 1328 387 1395 445; x_wconf 83' lang='lat' dir='ltr'><strong>IN</strong></span> <span class='ocrx_word' id='word_1_488' title='bbox 1434 387 1651 446; x_wconf 86' lang='lat' dir='ltr'><strong>EPIST.</strong></span> <span class='ocrx_word' id='word_1_489' title='bbox 1685 388 1776 445; x_wconf 80' lang='lat' dir='ltr'><strong>AD</strong></span> <span class='ocrx_word' id='word_1_490' title='bbox 1814 384 2105 445; x_wconf 79' lang='lat' dir='ltr'><strong>PﬂlLlPP.</strong></span> <span class='ocrx_word' id='word_1_491' title='bbox 2149 383 2306 445; x_wconf 68' lang='lat' dir='ltr'><strong>CAP.</strong></span> <span class='ocrx_word' id='word_1_492' title='bbox 2349 388 2438 446; x_wconf 85' lang='lat' dir='ltr'><strong>Ill.</strong></span> <span class='ocrx_word' id='word_1_493' title='bbox 2480 391 2711 449; x_wconf 74' lang='lat' dir='ltr'><strong>HOMIL.</strong></span> <span class='ocrx_word' id='word_1_494' title='bbox 2756 393 2875 451; x_wconf 85' lang='lat' dir='ltr'><strong>XII.</strong></span> 
     </span>
    </p>
   </div>
   <div class='ocr_carea' id='block_1_62' title="bbox 3641 411 3748 467">
    <p class='ocr_par' dir='ltr' id='par_1_62' title="bbox 3641 411 3748 467">
     <span class='ocr_line' id='line_1_62' title="bbox 3641 411 3748 467; baseline 0 0"><span class='ocrx_word' id='word_1_495' title='bbox 3641 411 3748 467; x_wconf 64' lang='lat'><strong>274</strong></span> 
     </span>
    </p>
   </div>
   <div class='ocr_carea' id='block_1_63' title="bbox 2156 501 3747 587">
    <p class='ocr_par' dir='ltr' id='par_1_63' title="bbox 2156 501 3747 587">
     <span class='ocr_line' id='line_1_63' title="bbox 2156 501 3747 587; baseline 0.015 -33"><span class='ocrx_word' id='word_1_496' title='bbox 2156 501 2438 572; x_wconf 84' lang='lat' dir='ltr'><strong>aptiorem,</strong></span> <span class='ocrx_word' id='word_1_497' title='bbox 2470 505 2607 563; x_wconf 90' lang='lat' dir='ltr'><strong>hanc</strong></span> <span class='ocrx_word' id='word_1_498' title='bbox 2632 517 2774 564; x_wconf 89' lang='lat' dir='ltr'><strong>tene.</strong></span> <span class='ocrx_word' id='word_1_499' title='bbox 2802 510 3008 567; x_wconf 85' lang='lat' dir='ltr'><strong>Rursus</strong></span> <span class='ocrx_word' id='word_1_500' title='bbox 3032 513 3121 569; x_wconf 88' lang='lat' dir='ltr'><strong>hic</strong></span> <span class='ocrx_word' id='word_1_501' title='bbox 3141 516 3362 587; x_wconf 88' lang='lat' dir='ltr'><strong>quidem</strong></span> <span class='ocrx_word' id='word_1_502' title='bbox 3383 533 3447 574; x_wconf 83' lang='lat' dir='ltr'><strong>ex</strong></span> <span class='ocrx_word' id='word_1_503' title='bbox 3472 524 3747 578; x_wconf 88' lang='lat' dir='ltr'><strong>matrimo-</strong></span> 
     </span>
    </p>
   </div>
   <div class='ocr_carea' id='block_1_64' title="bbox 2151 593 3747 672">
    <p class='ocr_par' dir='ltr' id='par_1_64' title="bbox 2151 593 3747 672">
     <span class='ocr_line' id='line_1_64' title="bbox 2151 593 3747 672; baseline 0.015 -27"><span class='ocrx_word' id='word_1_504' title='bbox 2151 593 2263 661; x_wconf 91' lang='lat' dir='ltr'><strong>nio,</strong></span> <span class='ocrx_word' id='word_1_505' title='bbox 2296 596 2385 650; x_wconf 87' lang='lat' dir='ltr'><strong>ille</strong></span> <span class='ocrx_word' id='word_1_506' title='bbox 2419 613 2546 652; x_wconf 88' lang='lat' dir='ltr'><strong>vero</strong></span> <span class='ocrx_word' id='word_1_507' title='bbox 2578 615 2645 654; x_wconf 85' lang='lat' dir='ltr'><strong>ex</strong></span> <span class='ocrx_word' id='word_1_508' title='bbox 2673 602 2982 672; x_wconf 82' lang='lat' dir='ltr'><strong>virginitate</strong></span> <span class='ocrx_word' id='word_1_509' title='bbox 3016 624 3028 659; x_wconf 91' lang='lat'><strong>:</strong></span> <span class='ocrx_word' id='word_1_510' title='bbox 3064 608 3332 662; x_wconf 85' lang='lat' dir='ltr'><strong>Abraham</strong></span> <span class='ocrx_word' id='word_1_511' title='bbox 3364 626 3429 664; x_wconf 79' lang='lat' dir='ltr'><strong>et</strong></span> <span class='ocrx_word' id='word_1_512' title='bbox 3462 615 3747 668; x_wconf 88' lang='lat' dir='ltr'><strong>matrimo-</strong></span> 
     </span>
    </p>
   </div>
   <div class='ocr_carea' id='block_1_65' title="bbox 2149 685 3743 764">
    <p class='ocr_par' dir='ltr' id='par_1_65' title="bbox 2149 685 3743 764">
     <span class='ocr_line' id='line_1_65' title="bbox 2149 685 3743 764; baseline 0.014 -27"><span class='ocrx_word' id='word_1_513' title='bbox 2149 685 2259 752; x_wconf 92' lang='lat' dir='ltr'><strong>nio,</strong></span> <span class='ocrx_word' id='word_1_514' title='bbox 2294 688 2437 744; x_wconf 82' lang='lat' dir='ltr'><strong>Elias</strong></span> <span class='ocrx_word' id='word_1_515' title='bbox 2464 706 2527 745; x_wconf 81' lang='lat' dir='ltr'><strong>ex</strong></span> <span class='ocrx_word' id='word_1_516' title='bbox 2560 694 2864 764; x_wconf 82' lang='lat' dir='ltr'><strong>virginitate</strong></span> <span class='ocrx_word' id='word_1_517' title='bbox 2898 716 2910 750; x_wconf 91' lang='lat'><strong>:</strong></span> <span class='ocrx_word' id='word_1_518' title='bbox 2948 709 3119 753; x_wconf 89' lang='lat' dir='ltr'><strong>utram</strong></span> <span class='ocrx_word' id='word_1_519' title='bbox 3151 702 3282 755; x_wconf 90' lang='lat' dir='ltr'><strong>libet</strong></span> <span class='ocrx_word' id='word_1_520' title='bbox 3326 704 3463 757; x_wconf 87' lang='lat' dir='ltr'><strong>viam</strong></span> <span class='ocrx_word' id='word_1_521' title='bbox 3513 706 3699 761; x_wconf 81' lang='lat' dir='ltr'><strong>insiste</strong></span> <span class='ocrx_word' id='word_1_522' title='bbox 3730 724 3743 760; x_wconf 88' lang='lat'><strong>:</strong></span> 
     </span>
    </p>
   </div>
   <div class='ocr_carea' id='block_1_66' title="bbox 2150 784 3744 866">
    <p class='ocr_par' dir='ltr' id='par_1_66' title="bbox 2150 784 3744 866">
     <span class='ocr_line' id='line_1_66' title="bbox 2150 784 3744 866; baseline 0.014 -36"><span class='ocrx_word' id='word_1_523' title='bbox 2150 786 2375 849; x_wconf 85' lang='lat' dir='ltr'><strong>utraque</strong></span> <span class='ocrx_word' id='word_1_524' title='bbox 2420 784 2564 837; x_wconf 87' lang='lat' dir='ltr'><strong>enim</strong></span> <span class='ocrx_word' id='word_1_525' title='bbox 2614 786 2680 839; x_wconf 89' lang='lat' dir='ltr'><strong>ad</strong></span> <span class='ocrx_word' id='word_1_526' title='bbox 2728 789 2921 842; x_wconf 70' lang='lat' dir='ltr'><strong>etelum</strong></span> <span class='ocrx_word' id='word_1_527' title='bbox 2954 790 3122 845; x_wconf 86' lang='lat' dir='ltr'><strong>ducit.</strong></span> <span class='ocrx_word' id='word_1_528' title='bbox 3168 793 3235 847; x_wconf 88' lang='lat' dir='ltr'><strong>Et</strong></span> <span class='ocrx_word' id='word_1_529' title='bbox 3262 793 3499 850; x_wconf 83' lang='lat' dir='ltr'><strong>Joannes</strong></span> <span class='ocrx_word' id='word_1_530' title='bbox 3526 798 3744 866; x_wconf 87' lang='lat' dir='ltr'><strong>quidem</strong></span> 
     </span>
    </p>
   </div>
   <div class='ocr_carea' id='block_1_67' title="bbox 2147 871 3743 961">
    <p class='ocr_par' dir='ltr' id='par_1_67' title="bbox 2147 871 3743 961">
     <span class='ocr_line' id='line_1_67' title="bbox 2147 871 3743 961; baseline 0.014 -38"><span class='ocrx_word' id='word_1_531' title='bbox 2147 884 2243 938; x_wconf 84' lang='lat' dir='ltr'><strong>per</strong></span> <span class='ocrx_word' id='word_1_532' title='bbox 2262 871 2545 941; x_wconf 89' lang='lat' dir='ltr'><strong>jejunium,</strong></span> <span class='ocrx_word' id='word_1_533' title='bbox 2572 875 2674 932; x_wconf 89' lang='lat' dir='ltr'><strong>Job</strong></span> <span class='ocrx_word' id='word_1_534' title='bbox 2697 893 2828 933; x_wconf 87' lang='lat' dir='ltr'><strong>vero</strong></span> <span class='ocrx_word' id='word_1_535' title='bbox 2851 881 2968 936; x_wconf 88' lang='lat' dir='ltr'><strong>sine</strong></span> <span class='ocrx_word' id='word_1_536' title='bbox 2988 881 3228 952; x_wconf 91' lang='lat' dir='ltr'><strong>jejuniis.</strong></span> <span class='ocrx_word' id='word_1_537' title='bbox 3260 886 3461 941; x_wconf 84' lang='lat' dir='ltr'><strong>Rursus</strong></span> <span class='ocrx_word' id='word_1_538' title='bbox 3491 890 3578 944; x_wconf 91' lang='lat' dir='ltr'><strong>hic</strong></span> <span class='ocrx_word' id='word_1_539' title='bbox 3607 892 3743 961; x_wconf 84' lang='lat' dir='ltr'><strong>ipse,</strong></span> 
     </span>
    </p>
   </div>
   <div class='ocr_carea' id='block_1_68' title="bbox 2145 966 3744 1040">
    <p class='ocr_par' dir='ltr' id='par_1_68' title="bbox 2145 966 3744 1040">
     <span class='ocr_line' id='line_1_68' title="bbox 2145 966 3744 1040; baseline 0.014 -23"><span class='ocrx_word' id='word_1_540' title='bbox 2145 978 2267 1017; x_wconf 91' lang='lat' dir='ltr'><strong>cum</strong></span> <span class='ocrx_word' id='word_1_541' title='bbox 2300 966 2543 1033; x_wconf 84' lang='lat' dir='ltr'><strong>mulieris</strong></span> <span class='ocrx_word' id='word_1_542' title='bbox 2580 977 2634 1024; x_wconf 91' lang='lat' dir='ltr'><strong>et</strong></span> <span class='ocrx_word' id='word_1_543' title='bbox 2681 970 2916 1027; x_wconf 86' lang='lat' dir='ltr'><strong>ﬁliorum</strong></span> <span class='ocrx_word' id='word_1_544' title='bbox 2949 986 3003 1028; x_wconf 89' lang='lat' dir='ltr'><strong>et</strong></span> <span class='ocrx_word' id='word_1_545' title='bbox 3034 975 3266 1032; x_wconf 82' lang='lat' dir='ltr'><strong>ﬁliarum</strong></span> <span class='ocrx_word' id='word_1_546' title='bbox 3311 989 3365 1034; x_wconf 91' lang='lat' dir='ltr'><strong>et</strong></span> <span class='ocrx_word' id='word_1_547' title='bbox 3391 981 3584 1038; x_wconf 89' lang='lat' dir='ltr'><strong>domus</strong></span> <span class='ocrx_word' id='word_1_548' title='bbox 3615 974 3744 1040; x_wconf 85' lang='lat' dir='ltr'><strong>cura</strong></span> 
     </span>
    </p>
   </div>
   <div class='ocr_carea' id='block_1_69' title="bbox 2147 1056 3741 1138">
    <p class='ocr_par' dir='ltr' id='par_1_69' title="bbox 2147 1056 3741 1138">
     <span class='ocr_line' id='line_1_69' title="bbox 2147 1056 3741 1138; baseline 0.016 -29"><span class='ocrx_word' id='word_1_549' title='bbox 2147 1056 2245 1121; x_wconf 86' lang='lat' dir='ltr'><strong>ipsi</strong></span> <span class='ocrx_word' id='word_1_550' title='bbox 2298 1061 2532 1127; x_wconf 82' lang='lat' dir='ltr'><strong>gerenda</strong></span> <span class='ocrx_word' id='word_1_551' title='bbox 2581 1073 2744 1129; x_wconf 88' lang='lat' dir='ltr'><strong>esset,</strong></span> <span class='ocrx_word' id='word_1_552' title='bbox 2779 1066 3072 1138; x_wconf 89' lang='lat' dir='ltr'><strong>multisque</strong></span> <span class='ocrx_word' id='word_1_553' title='bbox 3122 1070 3421 1128; x_wconf 89' lang='lat' dir='ltr'><strong>abundaret</strong></span> <span class='ocrx_word' id='word_1_554' title='bbox 3477 1077 3676 1132; x_wconf 84' lang='lat' dir='ltr'><strong>divitiis</strong></span> <span class='ocrx_word' id='word_1_555' title='bbox 3727 1100 3741 1134; x_wconf 89' lang='lat'><strong>:</strong></span> 
     </span>
    </p>
   </div>
   <div class='ocr_carea' id='block_1_70' title="bbox 2144 1146 3739 1230">
    <p class='ocr_par' dir='ltr' id='par_1_70' title="bbox 2144 1146 3739 1230">
     <span class='ocr_line' id='line_1_70' title="bbox 2144 1146 3739 1230; baseline 0.014 -29"><span class='ocrx_word' id='word_1_556' title='bbox 2144 1146 2382 1203; x_wconf 85' lang='lat' dir='ltr'><strong>Joannes</strong></span> <span class='ocrx_word' id='word_1_557' title='bbox 2411 1167 2538 1205; x_wconf 84' lang='lat' dir='ltr'><strong>vero</strong></span> <span class='ocrx_word' id='word_1_558' title='bbox 2567 1154 2694 1208; x_wconf 89' lang='lat' dir='ltr'><strong>nihil</strong></span> <span class='ocrx_word' id='word_1_559' title='bbox 2725 1156 3037 1224; x_wconf 88' lang='lat' dir='ltr'><strong>possidebat</strong></span> <span class='ocrx_word' id='word_1_560' title='bbox 3058 1170 3256 1230; x_wconf 74' lang='lat' dir='ltr'><strong>praeter</strong></span> <span class='ocrx_word' id='word_1_561' title='bbox 3275 1167 3652 1223; x_wconf 88' lang='lat' dir='ltr'><strong>vestimentum</strong></span> <span class='ocrx_word' id='word_1_562' title='bbox 3676 1186 3739 1223; x_wconf 83' lang='lat' dir='ltr'><strong>ex</strong></span> 
     </span>
    </p>
   </div>
   <div class='ocr_carea' id='block_1_71' title="bbox 2146 1238 3743 1331">
    <p class='ocr_par' dir='ltr' id='par_1_71' title="bbox 2146 1238 3743 1331">
     <span class='ocr_line' id='line_1_71' title="bbox 2146 1238 3743 1331; baseline 0.013 -40"><span class='ocrx_word' id='word_1_563' title='bbox 2146 1238 2267 1331; x_wconf 73' lang='lat' dir='ltr'><strong>pilis</strong></span> <span class='ocrx_word' id='word_1_564' title='bbox 2296 1241 2622 1298; x_wconf 85' lang='lat' dir='ltr'><strong>confectum.</strong></span> <span class='ocrx_word' id='word_1_565' title='bbox 2678 1245 2744 1299; x_wconf 86' lang='lat' dir='ltr'><strong>Et</strong></span> <span class='ocrx_word' id='word_1_566' title='bbox 2791 1247 2919 1317; x_wconf 91' lang='lat' dir='ltr'><strong>quid</strong></span> <span class='ocrx_word' id='word_1_567' title='bbox 2949 1248 3072 1304; x_wconf 93' lang='lat' dir='ltr'><strong>dico</strong></span> <span class='ocrx_word' id='word_1_568' title='bbox 3100 1250 3319 1307; x_wconf 91' lang='lat' dir='ltr'><strong>domum</strong></span> <span class='ocrx_word' id='word_1_569' title='bbox 3366 1265 3419 1308; x_wconf 92' lang='lat' dir='ltr'><strong>et</strong></span> <span class='ocrx_word' id='word_1_570' title='bbox 3449 1255 3662 1311; x_wconf 86' lang='lat' dir='ltr'><strong>divitias</strong></span> <span class='ocrx_word' id='word_1_571' title='bbox 3690 1272 3743 1312; x_wconf 86' lang='lat' dir='ltr'><strong>et</strong></span> 
     </span>
    </p>
   </div>
   <div class='ocr_carea' id='block_1_72' title="bbox 2145 1337 3740 1417">
    <p class='ocr_par' dir='ltr' id='par_1_72' title="bbox 2145 1337 3740 1417">
     <span class='ocr_line' id='line_1_72' title="bbox 2145 1337 3740 1417; baseline 0.011 -31"><span class='ocrx_word' id='word_1_572' title='bbox 2145 1337 2399 1402; x_wconf 89' lang='lat' dir='ltr'><strong>pecunias</strong></span> <span class='ocrx_word' id='word_1_573' title='bbox 2430 1379 2444 1403; x_wconf 92' lang='lat'><strong>,</strong></span> <span class='ocrx_word' id='word_1_574' title='bbox 2478 1339 2693 1408; x_wconf 91' lang='lat' dir='ltr'><strong>quando</strong></span> <span class='ocrx_word' id='word_1_575' title='bbox 2722 1340 2805 1394; x_wconf 88' lang='lat' dir='ltr'><strong>vel</strong></span> <span class='ocrx_word' id='word_1_576' title='bbox 2840 1343 2882 1397; x_wconf 89' lang='lat' dir='ltr'><strong>is</strong></span> <span class='ocrx_word' id='word_1_577' title='bbox 2908 1344 2998 1414; x_wconf 90' lang='lat' dir='ltr'><strong>qui</strong></span> <span class='ocrx_word' id='word_1_578' title='bbox 3028 1360 3252 1415; x_wconf 81' lang='lat' dir='ltr'><strong>regnum</strong></span> <span class='ocrx_word' id='word_1_579' title='bbox 3295 1346 3536 1415; x_wconf 88' lang='lat' dir='ltr'><strong>obtinet,</strong></span> <span class='ocrx_word' id='word_1_580' title='bbox 3568 1359 3740 1417; x_wconf 64' lang='lat' dir='ltr'><strong>poles!</strong></span> 
     </span>
    </p>
   </div>
   <div class='ocr_carea' id='block_1_73' title="bbox 2143 1429 3743 1512">
    <p class='ocr_par' dir='ltr' id='par_1_73' title="bbox 2143 1429 3743 1512">
     <span class='ocr_line' id='line_1_73' title="bbox 2143 1429 3743 1512; baseline 0.011 -32"><span class='ocrx_word' id='word_1_581' title='bbox 2143 1429 2394 1485; x_wconf 84' lang='lat' dir='ltr'><strong>virtutem</strong></span> <span class='ocrx_word' id='word_1_582' title='bbox 2422 1434 2725 1503; x_wconf 82' lang='lat' dir='ltr'><strong>consequi?</strong></span> <span class='ocrx_word' id='word_1_583' title='bbox 2752 1434 2909 1490; x_wconf 92' lang='lat' dir='ltr'><strong>Omni</strong></span> <span class='ocrx_word' id='word_1_584' title='bbox 2959 1438 3104 1492; x_wconf 91' lang='lat' dir='ltr'><strong>enim</strong></span> <span class='ocrx_word' id='word_1_585' title='bbox 3139 1439 3345 1508; x_wconf 86' lang='lat' dir='ltr'><strong>privata</strong></span> <span class='ocrx_word' id='word_1_586' title='bbox 3378 1440 3541 1496; x_wconf 92' lang='lat' dir='ltr'><strong>domo</strong></span> <span class='ocrx_word' id='word_1_587' title='bbox 3586 1442 3743 1512; x_wconf 79' lang='lat' dir='ltr'><strong>longe</strong></span> 
     </span>
    </p>
   </div>
   <div class='ocr_carea' id='block_1_74' title="bbox 2144 1525 3745 1602">
    <p class='ocr_par' dir='ltr' id='par_1_74' title="bbox 2144 1525 3745 1602">
     <span class='ocr_line' id='line_1_74' title="bbox 2144 1525 3745 1602; baseline 0.01 -28"><span class='ocrx_word' id='word_1_588' title='bbox 2144 1525 2459 1593; x_wconf 88' lang='lat' dir='ltr'><strong>occupatior</strong></span> <span class='ocrx_word' id='word_1_589' title='bbox 2485 1529 2789 1596; x_wconf 89' lang='lat' dir='ltr'><strong>reperietur</strong></span> <span class='ocrx_word' id='word_1_590' title='bbox 2816 1529 2960 1600; x_wconf 88' lang='lat' dir='ltr'><strong>regia</strong></span> <span class='ocrx_word' id='word_1_591' title='bbox 3012 1548 3028 1583; x_wconf 88' lang='lat'><strong>:</strong></span> <span class='ocrx_word' id='word_1_592' title='bbox 3081 1540 3367 1602; x_wconf 77' lang='lat' dir='ltr'><strong>lumenque</strong></span> <span class='ocrx_word' id='word_1_593' title='bbox 3400 1533 3568 1588; x_wconf 86' lang='lat' dir='ltr'><strong>David</strong></span> <span class='ocrx_word' id='word_1_594' title='bbox 3602 1536 3745 1590; x_wconf 78' lang='lat' dir='ltr'><strong>fnls;t</strong></span> 
     </span>
    </p>
   </div>
   <div class='ocr_carea' id='block_1_75' title="bbox 2144 1613 3746 1691">
    <p class='ocr_par' dir='ltr' id='par_1_75' title="bbox 2144 1613 3746 1691">
     <span class='ocr_line' id='line_1_75' title="bbox 2144 1613 3746 1691; baseline 0.007 -24"><span class='ocrx_word' id='word_1_595' title='bbox 2144 1613 2196 1668; x_wconf 92' lang='lat' dir='ltr'><strong>in</strong></span> <span class='ocrx_word' id='word_1_596' title='bbox 2234 1630 2438 1685; x_wconf 84' lang='lat' dir='ltr'><strong>regno;</strong></span> <span class='ocrx_word' id='word_1_597' title='bbox 2491 1634 2667 1687; x_wconf 89' lang='lat' dir='ltr'><strong>neque</strong></span> <span class='ocrx_word' id='word_1_598' title='bbox 2707 1619 2858 1674; x_wconf 90' lang='lat' dir='ltr'><strong>illum</strong></span> <span class='ocrx_word' id='word_1_599' title='bbox 2901 1621 3149 1675; x_wconf 86' lang='lat' dir='ltr'><strong>dissolvit</strong></span> <span class='ocrx_word' id='word_1_600' title='bbox 3192 1637 3445 1691; x_wconf 89' lang='lat' dir='ltr'><strong>purpura,</strong></span> <span class='ocrx_word' id='word_1_601' title='bbox 3492 1636 3583 1678; x_wconf 90' lang='lat' dir='ltr'><strong>aut</strong></span> <span class='ocrx_word' id='word_1_602' title='bbox 3630 1625 3746 1679; x_wconf 88' lang='lat' dir='ltr'><strong>dia-</strong></span> 
     </span>
    </p>
   </div>
   <div class='ocr_carea' id='block_1_76' title="bbox 2142 1706 3741 1785">
    <p class='ocr_par' dir='ltr' id='par_1_76' title="bbox 2142 1706 3741 1785">
     <span class='ocr_line' id='line_1_76' title="bbox 2142 1706 3741 1785; baseline 0.006 -24"><span class='ocrx_word' id='word_1_603' title='bbox 2142 1706 2296 1761; x_wconf 89' lang='lat' dir='ltr'><strong>dema</strong></span> <span class='ocrx_word' id='word_1_604' title='bbox 2328 1727 2342 1762; x_wconf 90' lang='lat'><strong>:</strong></span> <span class='ocrx_word' id='word_1_605' title='bbox 2377 1709 2613 1780; x_wconf 90' lang='lat' dir='ltr'><strong>itemque</strong></span> <span class='ocrx_word' id='word_1_606' title='bbox 2635 1711 2793 1777; x_wconf 90' lang='lat' dir='ltr'><strong>alter,</strong></span> <span class='ocrx_word' id='word_1_607' title='bbox 2827 1713 2909 1766; x_wconf 91' lang='lat' dir='ltr'><strong>cui</strong></span> <span class='ocrx_word' id='word_1_608' title='bbox 2944 1712 3138 1783; x_wconf 89' lang='lat' dir='ltr'><strong>integri</strong></span> <span class='ocrx_word' id='word_1_609' title='bbox 3172 1715 3355 1784; x_wconf 92' lang='lat' dir='ltr'><strong>populi</strong></span> <span class='ocrx_word' id='word_1_610' title='bbox 3382 1715 3741 1785; x_wconf 83' lang='lat' dir='ltr'><strong>gubernacula</strong></span> 
     </span>
    </p>
   </div>
   <div class='ocr_carea' id='block_1_77' title="bbox 2141 1799 3745 1875">
    <p class='ocr_par' dir='ltr' id='par_1_77' title="bbox 2141 1799 3745 1875">
     <span class='ocr_line' id='line_1_77' title="bbox 2141 1799 3745 1875; baseline 0.006 -24"><span class='ocrx_word' id='word_1_611' title='bbox 2141 1799 2428 1853; x_wconf 89' lang='lat' dir='ltr'><strong>commissa</strong></span> <span class='ocrx_word' id='word_1_612' title='bbox 2459 1800 2691 1866; x_wconf 88' lang='lat' dir='ltr'><strong>fuerant,</strong></span> <span class='ocrx_word' id='word_1_613' title='bbox 2730 1802 2940 1874; x_wconf 79' lang='lat' dir='ltr'><strong>Moyses</strong></span> <span class='ocrx_word' id='word_1_614' title='bbox 2972 1845 2986 1870; x_wconf 90' lang='lat'><strong>,</strong></span> <span class='ocrx_word' id='word_1_615' title='bbox 3018 1804 3236 1874; x_wconf 88' lang='lat' dir='ltr'><strong>inquam</strong></span> <span class='ocrx_word' id='word_1_616' title='bbox 3270 1822 3284 1859; x_wconf 92' lang='lat'><strong>:</strong></span> <span class='ocrx_word' id='word_1_617' title='bbox 3317 1805 3458 1875; x_wconf 88' lang='lat' dir='ltr'><strong>quod</strong></span> <span class='ocrx_word' id='word_1_618' title='bbox 3490 1821 3621 1861; x_wconf 89' lang='lat' dir='ltr'><strong>sane</strong></span> <span class='ocrx_word' id='word_1_619' title='bbox 3643 1808 3745 1861; x_wconf 76' lang='lat' dir='ltr'><strong>dif-</strong></span> 
     </span>
    </p>
   </div>
   <div class='ocr_carea' id='block_1_78' title="bbox 2144 1887 3745 1963">
    <p class='ocr_par' dir='ltr' id='par_1_78' title="bbox 2144 1887 3745 1963">
     <span class='ocr_line' id='line_1_78' title="bbox 2144 1887 3745 1963; baseline 0.007 -21"><span class='ocrx_word' id='word_1_620' title='bbox 2144 1887 2335 1943; x_wconf 83' lang='lat' dir='ltr'><strong>ficilius</strong></span> <span class='ocrx_word' id='word_1_621' title='bbox 2364 1890 2526 1944; x_wconf 90' lang='lat' dir='ltr'><strong>etiam</strong></span> <span class='ocrx_word' id='word_1_622' title='bbox 2551 1900 2666 1945; x_wconf 90' lang='lat' dir='ltr'><strong>erat</strong></span> <span class='ocrx_word' id='word_1_623' title='bbox 2691 1911 2702 1945; x_wconf 89' lang='lat'><strong>:</strong></span> <span class='ocrx_word' id='word_1_624' title='bbox 2724 1891 2810 1946; x_wconf 88' lang='lat' dir='ltr'><strong>hic</strong></span> <span class='ocrx_word' id='word_1_625' title='bbox 2840 1894 2980 1947; x_wconf 88' lang='lat' dir='ltr'><strong>enim</strong></span> <span class='ocrx_word' id='word_1_626' title='bbox 3015 1893 3134 1963; x_wconf 90' lang='lat' dir='ltr'><strong>plus</strong></span> <span class='ocrx_word' id='word_1_627' title='bbox 3166 1895 3397 1949; x_wconf 78' lang='lat' dir='ltr'><strong>licentia:</strong></span> <span class='ocrx_word' id='word_1_628' title='bbox 3426 1905 3563 1961; x_wconf 90' lang='lat' dir='ltr'><strong>erat,</strong></span> <span class='ocrx_word' id='word_1_629' title='bbox 3598 1897 3745 1953; x_wconf 84' lang='lat' dir='ltr'><strong>ideo-</strong></span> 
     </span>
    </p>
   </div>
   <div class='ocr_carea' id='block_1_79' title="bbox 2143 1983 3744 2056">
    <p class='ocr_par' dir='ltr' id='par_1_79' title="bbox 2143 1983 3744 2056">
     <span class='ocr_line' id='line_1_79' title="bbox 2143 1983 3744 2056; baseline 0.003 -20"><span class='ocrx_word' id='word_1_630' title='bbox 2143 1998 2249 2052; x_wconf 89' lang='lat' dir='ltr'><strong>que</strong></span> <span class='ocrx_word' id='word_1_631' title='bbox 2280 1984 2397 2051; x_wconf 87' lang='lat' dir='ltr'><strong>plus</strong></span> <span class='ocrx_word' id='word_1_632' title='bbox 2426 1983 2761 2039; x_wconf 83' lang='lat' dir='ltr'><strong>difﬁcultatis</strong></span> <span class='ocrx_word' id='word_1_633' title='bbox 2790 1996 2844 2039; x_wconf 91' lang='lat' dir='ltr'><strong>et</strong></span> <span class='ocrx_word' id='word_1_634' title='bbox 2883 1986 3279 2041; x_wconf 83' lang='lat' dir='ltr'><strong>molestiarum.</strong></span> <span class='ocrx_word' id='word_1_635' title='bbox 3321 1986 3515 2042; x_wconf 75' lang='lat' dir='ltr'><strong>Vidisti</strong></span> <span class='ocrx_word' id='word_1_636' title='bbox 3551 1989 3744 2056; x_wconf 86' lang='lat' dir='ltr'><strong>proba-</strong></span> 
     </span>
    </p>
   </div>
   <div class='ocr_carea' id='block_1_80' title="bbox 2142 2073 3741 2148">
    <p class='ocr_par' dir='ltr' id='par_1_80' title="bbox 2142 2073 3741 2148">
     <span class='ocr_line' id='line_1_80' title="bbox 2142 2073 3741 2148; baseline 0.005 -22"><span class='ocrx_word' id='word_1_637' title='bbox 2142 2080 2228 2127; x_wconf 92' lang='lat' dir='ltr'><strong>tos</strong></span> <span class='ocrx_word' id='word_1_638' title='bbox 2278 2075 2329 2127; x_wconf 92' lang='lat' dir='ltr'><strong>in</strong></span> <span class='ocrx_word' id='word_1_639' title='bbox 2374 2073 2596 2140; x_wconf 92' lang='lat' dir='ltr'><strong>divitiis,</strong></span> <span class='ocrx_word' id='word_1_640' title='bbox 2639 2076 2817 2130; x_wconf 88' lang='lat' dir='ltr'><strong>vidisti</strong></span> <span class='ocrx_word' id='word_1_641' title='bbox 2862 2087 2917 2131; x_wconf 92' lang='lat' dir='ltr'><strong>et</strong></span> <span class='ocrx_word' id='word_1_642' title='bbox 2958 2076 3012 2131; x_wconf 92' lang='lat' dir='ltr'><strong>in</strong></span> <span class='ocrx_word' id='word_1_643' title='bbox 3068 2086 3426 2148; x_wconf 88' lang='lat' dir='ltr'><strong>paupertate;</strong></span> <span class='ocrx_word' id='word_1_644' title='bbox 3470 2080 3648 2134; x_wconf 73' lang='lat' dir='ltr'><strong>vidisti</strong></span> <span class='ocrx_word' id='word_1_645' title='bbox 3690 2081 3741 2134; x_wconf 93' lang='lat' dir='ltr'><strong>in</strong></span> 
     </span>
    </p>
   </div>
   <div class='ocr_carea' id='block_1_81' title="bbox 2144 2167 3745 2240">
    <p class='ocr_par' dir='ltr' id='par_1_81' title="bbox 2144 2167 3745 2240">
     <span class='ocr_line' id='line_1_81' title="bbox 2144 2167 3745 2240; baseline 0.005 -20"><span class='ocrx_word' id='word_1_646' title='bbox 2144 2167 2503 2230; x_wconf 87' lang='lat' dir='ltr'><strong>matrimonio,</strong></span> <span class='ocrx_word' id='word_1_647' title='bbox 2535 2168 2711 2223; x_wconf 88' lang='lat' dir='ltr'><strong>vidisti</strong></span> <span class='ocrx_word' id='word_1_648' title='bbox 2737 2179 2790 2223; x_wconf 93' lang='lat' dir='ltr'><strong>et</strong></span> <span class='ocrx_word' id='word_1_649' title='bbox 2813 2171 2865 2224; x_wconf 89' lang='lat' dir='ltr'><strong>in</strong></span> <span class='ocrx_word' id='word_1_650' title='bbox 2894 2171 3221 2240; x_wconf 84' lang='lat' dir='ltr'><strong>virginitate.</strong></span> <span class='ocrx_word' id='word_1_651' title='bbox 3246 2172 3446 2227; x_wconf 85' lang='lat' dir='ltr'><strong>Contra</strong></span> <span class='ocrx_word' id='word_1_652' title='bbox 3470 2187 3598 2228; x_wconf 90' lang='lat' dir='ltr'><strong>vero</strong></span> <span class='ocrx_word' id='word_1_653' title='bbox 3613 2189 3745 2227; x_wconf 86' lang='lat' dir='ltr'><strong>con-</strong></span> 
     </span>
    </p>
   </div>
   <div class='ocr_carea' id='block_1_82' title="bbox 2142 2259 3741 2334">
    <p class='ocr_par' dir='ltr' id='par_1_82' title="bbox 2142 2259 3741 2334">
     <span class='ocr_line' id='line_1_82' title="bbox 2142 2259 3741 2334; baseline 0.005 -22"><span class='ocrx_word' id='word_1_654' title='bbox 2142 2259 2341 2323; x_wconf 88' lang='lat' dir='ltr'><strong>sidera,</strong></span> <span class='ocrx_word' id='word_1_655' title='bbox 2375 2270 2428 2313; x_wconf 88' lang='lat' dir='ltr'><strong>et</strong></span> <span class='ocrx_word' id='word_1_656' title='bbox 2464 2260 2515 2313; x_wconf 92' lang='lat' dir='ltr'><strong>in</strong></span> <span class='ocrx_word' id='word_1_657' title='bbox 2562 2263 2931 2326; x_wconf 91' lang='lat' dir='ltr'><strong>matrimonio,</strong></span> <span class='ocrx_word' id='word_1_658' title='bbox 2988 2273 3042 2317; x_wconf 90' lang='lat' dir='ltr'><strong>et</strong></span> <span class='ocrx_word' id='word_1_659' title='bbox 3097 2264 3149 2318; x_wconf 93' lang='lat' dir='ltr'><strong>in</strong></span> <span class='ocrx_word' id='word_1_660' title='bbox 3198 2264 3530 2334; x_wconf 81' lang='lat' dir='ltr'><strong>virginitate,</strong></span> <span class='ocrx_word' id='word_1_661' title='bbox 3581 2275 3632 2319; x_wconf 90' lang='lat' dir='ltr'><strong>et</strong></span> <span class='ocrx_word' id='word_1_662' title='bbox 3689 2266 3741 2320; x_wconf 92' lang='lat' dir='ltr'><strong>in</strong></span> 
     </span>
    </p>
   </div>
   <div class='ocr_carea' id='block_1_83' title="bbox 2141 2351 3741 2425">
    <p class='ocr_par' dir='ltr' id='par_1_83' title="bbox 2141 2351 3741 2425">
     <span class='ocr_line' id='line_1_83' title="bbox 2141 2351 3741 2425; baseline 0.003 -20"><span class='ocrx_word' id='word_1_663' title='bbox 2141 2351 2340 2405; x_wconf 89' lang='lat' dir='ltr'><strong>divitiis</strong></span> <span class='ocrx_word' id='word_1_664' title='bbox 2362 2392 2378 2418; x_wconf 90' lang='lat'><strong>,</strong></span> <span class='ocrx_word' id='word_1_665' title='bbox 2412 2361 2466 2407; x_wconf 92' lang='lat' dir='ltr'><strong>et</strong></span> <span class='ocrx_word' id='word_1_666' title='bbox 2496 2353 2547 2405; x_wconf 93' lang='lat' dir='ltr'><strong>in</strong></span> <span class='ocrx_word' id='word_1_667' title='bbox 2581 2361 2895 2421; x_wconf 88' lang='lat' dir='ltr'><strong>paupertate</strong></span> <span class='ocrx_word' id='word_1_668' title='bbox 2932 2369 3039 2408; x_wconf 91' lang='lat' dir='ltr'><strong>non</strong></span> <span class='ocrx_word' id='word_1_669' title='bbox 3084 2353 3324 2409; x_wconf 87' lang='lat' dir='ltr'><strong>defuisse</strong></span> <span class='ocrx_word' id='word_1_670' title='bbox 3363 2354 3452 2425; x_wconf 89' lang='lat' dir='ltr'><strong>qui</strong></span> <span class='ocrx_word' id='word_1_671' title='bbox 3483 2357 3741 2424; x_wconf 88' lang='lat' dir='ltr'><strong>perirent.</strong></span> 
     </span>
    </p>
   </div>
   <div class='ocr_carea' id='block_1_84' title="bbox 2140 2442 3739 2518">
    <p class='ocr_par' dir='ltr' id='par_1_84' title="bbox 2140 2442 3739 2518">
     <span class='ocr_line' id='line_1_84' title="bbox 2140 2442 3739 2518; baseline 0.003 -21"><span class='ocrx_word' id='word_1_672' title='bbox 2140 2442 2274 2497; x_wconf 84' lang='lat' dir='ltr'><strong>Nam</strong></span> <span class='ocrx_word' id='word_1_673' title='bbox 2298 2443 2350 2497; x_wconf 91' lang='lat' dir='ltr'><strong>in</strong></span> <span class='ocrx_word' id='word_1_674' title='bbox 2380 2444 2725 2498; x_wconf 89' lang='lat' dir='ltr'><strong>matrimonio</strong></span> <span class='ocrx_word' id='word_1_675' title='bbox 2748 2446 2966 2515; x_wconf 91' lang='lat' dir='ltr'><strong>quidem</strong></span> <span class='ocrx_word' id='word_1_676' title='bbox 2991 2447 3144 2501; x_wconf 89' lang='lat' dir='ltr'><strong>multi</strong></span> <span class='ocrx_word' id='word_1_677' title='bbox 3169 2447 3418 2503; x_wconf 89' lang='lat' dir='ltr'><strong>homines</strong></span> <span class='ocrx_word' id='word_1_678' title='bbox 3446 2450 3739 2518; x_wconf 87' lang='lat' dir='ltr'><strong>perierunt,</strong></span> 
     </span>
    </p>
   </div>
   <div class='ocr_carea' id='block_1_85' title="bbox 2141 2535 3742 2609">
    <p class='ocr_par' dir='ltr' id='par_1_85' title="bbox 2141 2535 3742 2609">
     <span class='ocr_line' id='line_1_85' title="bbox 2141 2535 3742 2609; baseline 0.005 -20"><span class='ocrx_word' id='word_1_679' title='bbox 2141 2544 2202 2589; x_wconf 82' lang='lat' dir='ltr'><strong>tit</strong></span> <span class='ocrx_word' id='word_1_680' title='bbox 2246 2535 2495 2603; x_wconf 90' lang='lat' dir='ltr'><strong>Samson,</strong></span> <span class='ocrx_word' id='word_1_681' title='bbox 2529 2551 2632 2590; x_wconf 92' lang='lat' dir='ltr'><strong>non</strong></span> <span class='ocrx_word' id='word_1_682' title='bbox 2684 2547 2859 2592; x_wconf 89' lang='lat' dir='ltr'><strong>tamen</strong></span> <span class='ocrx_word' id='word_1_683' title='bbox 2889 2554 2953 2593; x_wconf 86' lang='lat' dir='ltr'><strong>ex</strong></span> <span class='ocrx_word' id='word_1_684' title='bbox 2988 2540 3105 2609; x_wconf 92' lang='lat' dir='ltr'><strong>ipso</strong></span> <span class='ocrx_word' id='word_1_685' title='bbox 3135 2541 3481 2595; x_wconf 90' lang='lat' dir='ltr'><strong>matrimonio</strong></span> <span class='ocrx_word' id='word_1_686' title='bbox 3506 2584 3520 2607; x_wconf 91' lang='lat'><strong>,</strong></span> <span class='ocrx_word' id='word_1_687' title='bbox 3554 2543 3646 2597; x_wconf 91' lang='lat' dir='ltr'><strong>sed</strong></span> <span class='ocrx_word' id='word_1_688' title='bbox 3678 2560 3742 2597; x_wconf 82' lang='lat' dir='ltr'><strong>ex</strong></span> 
     </span>
    </p>
   </div>
   <div class='ocr_carea' id='block_1_86' title="bbox 2140 2629 3745 2706">
    <p class='ocr_par' dir='ltr' id='par_1_86' title="bbox 2140 2629 3745 2706">
     <span class='ocr_line' id='line_1_86' title="bbox 2140 2629 3745 2706; baseline 0.006 -25"><span class='ocrx_word' id='word_1_689' title='bbox 2140 2629 2320 2682; x_wconf 87' lang='lat' dir='ltr'><strong>animo</strong></span> <span class='ocrx_word' id='word_1_690' title='bbox 2351 2630 2732 2698; x_wconf 82' lang='lat' dir='ltr'><strong>volnntateque</strong></span> <span class='ocrx_word' id='word_1_691' title='bbox 2760 2647 2876 2686; x_wconf 89' lang='lat' dir='ltr'><strong>sua.</strong></span> <span class='ocrx_word' id='word_1_692' title='bbox 2910 2633 2964 2686; x_wconf 85' lang='lat' dir='ltr'><strong>in</strong></span> <span class='ocrx_word' id='word_1_693' title='bbox 2990 2634 3297 2703; x_wconf 82' lang='lat' dir='ltr'><strong>virginitate</strong></span> <span class='ocrx_word' id='word_1_694' title='bbox 3328 2636 3476 2702; x_wconf 91' lang='lat' dir='ltr'><strong>item,</strong></span> <span class='ocrx_word' id='word_1_695' title='bbox 3501 2646 3558 2689; x_wconf 91' lang='lat' dir='ltr'><strong>ut</strong></span> <span class='ocrx_word' id='word_1_696' title='bbox 3588 2637 3745 2706; x_wconf 89' lang='lat' dir='ltr'><strong>quiu-</strong></span> 
     </span>
    </p>
   </div>
   <div class='ocr_carea' id='block_1_87' title="bbox 2141 2721 3746 2795">
    <p class='ocr_par' dir='ltr' id='par_1_87' title="bbox 2141 2721 3746 2795">
     <span class='ocr_line' id='line_1_87' title="bbox 2141 2721 3746 2795; baseline 0.006 -23"><span class='ocrx_word' id='word_1_697' title='bbox 2141 2735 2245 2790; x_wconf 91' lang='lat' dir='ltr'><strong>que</strong></span> <span class='ocrx_word' id='word_1_698' title='bbox 2280 2721 2516 2791; x_wconf 87' lang='lat' dir='ltr'><strong>virgines</strong></span> <span class='ocrx_word' id='word_1_699' title='bbox 2548 2739 2560 2774; x_wconf 89' lang='lat'><strong>:</strong></span> <span class='ocrx_word' id='word_1_700' title='bbox 2595 2723 2645 2775; x_wconf 93' lang='lat' dir='ltr'><strong>in</strong></span> <span class='ocrx_word' id='word_1_701' title='bbox 2675 2723 2899 2788; x_wconf 84' lang='lat' dir='ltr'><strong>divitiis,</strong></span> <span class='ocrx_word' id='word_1_702' title='bbox 2932 2724 3084 2778; x_wconf 83' lang='lat' dir='ltr'><strong>dives</strong></span> <span class='ocrx_word' id='word_1_703' title='bbox 3116 2725 3206 2779; x_wconf 90' lang='lat' dir='ltr'><strong>ille</strong></span> <span class='ocrx_word' id='word_1_704' title='bbox 3236 2726 3326 2795; x_wconf 92' lang='lat' dir='ltr'><strong>qui</strong></span> <span class='ocrx_word' id='word_1_705' title='bbox 3358 2725 3620 2779; x_wconf 83' lang='lat' dir='ltr'><strong>Lazarum</strong></span> <span class='ocrx_word' id='word_1_706' title='bbox 3649 2726 3746 2782; x_wconf 90' lang='lat' dir='ltr'><strong>dc-</strong></span> 
     </span>
    </p>
   </div>
   <div class='ocr_carea' id='block_1_88' title="bbox 2143 2814 3741 2887">
    <p class='ocr_par' dir='ltr' id='par_1_88' title="bbox 2143 2814 3741 2887">
     <span class='ocr_line' id='line_1_88' title="bbox 2143 2814 3741 2887; baseline 0.002 -19"><span class='ocrx_word' id='word_1_707' title='bbox 2143 2814 2403 2881; x_wconf 79' lang='lat' dir='ltr'><strong>Spiciebat</strong></span> <span class='ocrx_word' id='word_1_708' title='bbox 2437 2832 2448 2866; x_wconf 91' lang='lat'>:</span> <span class='ocrx_word' id='word_1_709' title='bbox 2488 2815 2539 2869; x_wconf 92' lang='lat' dir='ltr'><strong>in</strong></span> <span class='ocrx_word' id='word_1_710' title='bbox 2572 2825 2907 2886; x_wconf 82' lang='lat' dir='ltr'><strong>paupertate,</strong></span> <span class='ocrx_word' id='word_1_711' title='bbox 2940 2831 3082 2869; x_wconf 92' lang='lat' dir='ltr'><strong>nunc</strong></span> <span class='ocrx_word' id='word_1_712' title='bbox 3105 2831 3319 2886; x_wconf 90' lang='lat' dir='ltr'><strong>quoque</strong></span> <span class='ocrx_word' id='word_1_713' title='bbox 3344 2819 3587 2872; x_wconf 79' lang='lat' dir='ltr'><strong>sexcenti</strong></span> <span class='ocrx_word' id='word_1_714' title='bbox 3615 2833 3741 2887; x_wconf 88' lang='lat' dir='ltr'><strong>pau-</strong></span> 
     </span>
    </p>
   </div>
   <div class='ocr_carea' id='block_1_89' title="bbox 2144 2906 3744 2979">
    <p class='ocr_par' dir='ltr' id='par_1_89' title="bbox 2144 2906 3744 2979">
     <span class='ocr_line' id='line_1_89' title="bbox 2144 2906 3744 2979; baseline 0.003 -20"><span class='ocrx_word' id='word_1_715' title='bbox 2144 2920 2302 2975; x_wconf 89' lang='lat' dir='ltr'><strong>peres</strong></span> <span class='ocrx_word' id='word_1_716' title='bbox 2337 2916 2585 2977; x_wconf 89' lang='lat' dir='ltr'><strong>pereunt.</strong></span> <span class='ocrx_word' id='word_1_717' title='bbox 2617 2906 2670 2961; x_wconf 91' lang='lat' dir='ltr'><strong>In</strong></span> <span class='ocrx_word' id='word_1_718' title='bbox 2700 2923 2868 2977; x_wconf 82' lang='lat' dir='ltr'><strong>regno</strong></span> <span class='ocrx_word' id='word_1_719' title='bbox 2917 2919 2969 2961; x_wconf 88' lang='lat' dir='ltr'><strong>et</strong></span> <span class='ocrx_word' id='word_1_720' title='bbox 3022 2908 3073 2961; x_wconf 91' lang='lat' dir='ltr'><strong>in</strong></span> <span class='ocrx_word' id='word_1_721' title='bbox 3126 2910 3305 2978; x_wconf 87' lang='lat' dir='ltr'><strong>populi</strong></span> <span class='ocrx_word' id='word_1_722' title='bbox 3352 2911 3744 2979; x_wconf 87' lang='lat' dir='ltr'><strong>gubernatione</strong></span> 
     </span>
    </p>
   </div>
   <div class='ocr_carea' id='block_1_90' title="bbox 2144 2999 3745 3069">
    <p class='ocr_par' dir='ltr' id='par_1_90' title="bbox 2144 2999 3745 3069">
     <span class='ocr_line' id='line_1_90' title="bbox 2144 2999 3745 3069; baseline 0.003 -18"><span class='ocrx_word' id='word_1_723' title='bbox 2144 2999 2340 3052; x_wconf 91' lang='lat' dir='ltr'><strong>multos</strong></span> <span class='ocrx_word' id='word_1_724' title='bbox 2367 3013 2584 3069; x_wconf 89' lang='lat' dir='ltr'><strong>possum</strong></span> <span class='ocrx_word' id='word_1_725' title='bbox 2626 3000 2912 3054; x_wconf 78' lang='lat' dir='ltr'><strong>OStendere</strong></span> <span class='ocrx_word' id='word_1_726' title='bbox 2942 3001 3027 3069; x_wconf 84' lang='lat' dir='ltr'><strong>qui</strong></span> <span class='ocrx_word' id='word_1_727' title='bbox 3061 3001 3343 3069; x_wconf 88' lang='lat' dir='ltr'><strong>perierint.</strong></span> <span class='ocrx_word' id='word_1_728' title='bbox 3380 3001 3468 3055; x_wconf 82' lang='lat' dir='ltr'><strong>Vis</strong></span> <span class='ocrx_word' id='word_1_729' title='bbox 3490 3012 3667 3057; x_wconf 90' lang='lat' dir='ltr'><strong>autem</strong></span> <span class='ocrx_word' id='word_1_730' title='bbox 3690 3013 3745 3057; x_wconf 88' lang='lat' dir='ltr'><strong>et</strong></span> 
     </span>
    </p>
   </div>
   <div class='ocr_carea' id='block_1_91' title="bbox 2142 3090 3744 3165">
    <p class='ocr_par' dir='ltr' id='par_1_91' title="bbox 2142 3090 3744 3165">
     <span class='ocr_line' id='line_1_91' title="bbox 2142 3090 3744 3165; baseline 0.004 -22"><span class='ocrx_word' id='word_1_731' title='bbox 2142 3090 2194 3143; x_wconf 93' lang='lat' dir='ltr'><strong>in</strong></span> <span class='ocrx_word' id='word_1_732' title='bbox 2215 3091 2431 3143; x_wconf 88' lang='lat' dir='ltr'><strong>militari</strong></span> <span class='ocrx_word' id='word_1_733' title='bbox 2458 3091 2648 3145; x_wconf 89' lang='lat' dir='ltr'><strong>ordine</strong></span> <span class='ocrx_word' id='word_1_734' title='bbox 2676 3091 2859 3146; x_wconf 86' lang='lat' dir='ltr'><strong>videre</strong></span> <span class='ocrx_word' id='word_1_735' title='bbox 2888 3092 2976 3161; x_wconf 90' lang='lat' dir='ltr'><strong>qui</strong></span> <span class='ocrx_word' id='word_1_736' title='bbox 3002 3092 3231 3146; x_wconf 89' lang='lat' dir='ltr'><strong>salutem</strong></span> <span class='ocrx_word' id='word_1_737' title='bbox 3263 3094 3744 3165; x_wconf 85' lang='lat' dir='ltr'><strong>sintcouseqnuti?</strong></span> 
     </span>
    </p>
   </div>
   <div class='ocr_carea' id='block_1_92' title="bbox 2143 3181 3743 3242">
    <p class='ocr_par' dir='ltr' id='par_1_92' title="bbox 2143 3181 3743 3242">
     <span class='ocr_line' id='line_1_92' title="bbox 2143 3181 3743 3242; baseline 0.004 -7"><span class='ocrx_word' id='word_1_738' title='bbox 2143 3181 2354 3237; x_wconf 90' lang='lat' dir='ltr'><strong>intuere</strong></span> <span class='ocrx_word' id='word_1_739' title='bbox 2382 3182 2694 3238; x_wconf 91' lang='lat' dir='ltr'><strong>Cornelium</strong></span> <span class='ocrx_word' id='word_1_740' title='bbox 2746 3200 2758 3236; x_wconf 93' lang='lat'><strong>:</strong></span> <span class='ocrx_word' id='word_1_741' title='bbox 2795 3185 2874 3238; x_wconf 87' lang='lat' dir='ltr'><strong>vis</strong></span> <span class='ocrx_word' id='word_1_742' title='bbox 2905 3194 2957 3238; x_wconf 89' lang='lat' dir='ltr'><strong>et</strong></span> <span class='ocrx_word' id='word_1_743' title='bbox 2990 3184 3041 3238; x_wconf 92' lang='lat' dir='ltr'><strong>in</strong></span> <span class='ocrx_word' id='word_1_744' title='bbox 3073 3185 3152 3240; x_wconf 89' lang='lat' dir='ltr'><strong>rei</strong></span> <span class='ocrx_word' id='word_1_745' title='bbox 3200 3184 3480 3241; x_wconf 88' lang='lat' dir='ltr'><strong>familiaris</strong></span> <span class='ocrx_word' id='word_1_746' title='bbox 3509 3187 3743 3242; x_wconf 79' lang='lat' dir='ltr'><strong>admini-</strong></span> 
     </span>
    </p>
   </div>
   <div class='ocr_carea' id='block_1_93' title="bbox 2142 3277 3742 3348">
    <p class='ocr_par' dir='ltr' id='par_1_93' title="bbox 2142 3277 3742 3348">
     <span class='ocr_line' id='line_1_93' title="bbox 2142 3277 3742 3348; baseline 0.003 -19"><span class='ocrx_word' id='word_1_747' title='bbox 2142 3278 2402 3331; x_wconf 89' lang='lat' dir='ltr'><strong>stratione</strong></span> <span class='ocrx_word' id='word_1_748' title='bbox 2428 3277 2451 3329; x_wconf 87' lang='lat'><strong>?</strong></span> <span class='ocrx_word' id='word_1_749' title='bbox 2495 3277 2707 3331; x_wconf 90' lang='lat' dir='ltr'><strong>intuere</strong></span> <span class='ocrx_word' id='word_1_750' title='bbox 2736 3278 3043 3332; x_wconf 82' lang='lat' dir='ltr'><strong>eunuchum</strong></span> <span class='ocrx_word' id='word_1_751' title='bbox 3074 3277 3447 3348; x_wconf 68' lang='lat' dir='ltr'><strong>EthiOpissm.</strong></span> <span class='ocrx_word' id='word_1_752' title='bbox 3482 3280 3557 3334; x_wconf 90' lang='lat' dir='ltr'><strong>Ita</strong></span> <span class='ocrx_word' id='word_1_753' title='bbox 3582 3281 3742 3335; x_wconf 70' lang='lat' dir='ltr'><strong>undi~</strong></span> 
     </span>
    </p>
   </div>
   <div class='ocr_carea' id='block_1_94' title="bbox 2142 3370 3739 3441">
    <p class='ocr_par' dir='ltr' id='par_1_94' title="bbox 2142 3370 3739 3441">
     <span class='ocr_line' id='line_1_94' title="bbox 2142 3370 3739 3441; baseline 0.005 -22"><span class='ocrx_word' id='word_1_754' title='bbox 2142 3383 2248 3436; x_wconf 89' lang='lat' dir='ltr'><strong>que</strong></span> <span class='ocrx_word' id='word_1_755' title='bbox 2282 3370 2625 3437; x_wconf 82' lang='lat' dir='ltr'><strong>perSpicnum</strong></span> <span class='ocrx_word' id='word_1_756' title='bbox 2677 3373 2736 3424; x_wconf 91' lang='lat' dir='ltr'><strong>lit</strong></span> <span class='ocrx_word' id='word_1_757' title='bbox 2759 3412 2773 3436; x_wconf 95' lang='lat'><strong>,</strong></span> <span class='ocrx_word' id='word_1_758' title='bbox 2808 3371 2853 3424; x_wconf 78' lang='lat' dir='ltr'><strong>si</strong></span> <span class='ocrx_word' id='word_1_759' title='bbox 2897 3380 2951 3425; x_wconf 90' lang='lat' dir='ltr'><strong>ut</strong></span> <span class='ocrx_word' id='word_1_760' title='bbox 2981 3380 3196 3441; x_wconf 89' lang='lat' dir='ltr'><strong>oportet</strong></span> <span class='ocrx_word' id='word_1_761' title='bbox 3245 3372 3447 3427; x_wconf 90' lang='lat' dir='ltr'><strong>divitiis</strong></span> <span class='ocrx_word' id='word_1_762' title='bbox 3479 3380 3697 3427; x_wconf 87' lang='lat' dir='ltr'><strong>utamur</strong></span> <span class='ocrx_word' id='word_1_763' title='bbox 3723 3414 3739 3440; x_wconf 91' lang='lat'><strong>,</strong></span> 
     </span>
    </p>
   </div>
   <div class='ocr_carea' id='block_1_95' title="bbox 2145 3462 3738 3530">
    <p class='ocr_par' dir='ltr' id='par_1_95' title="bbox 2145 3462 3738 3530">
     <span class='ocr_line' id='line_1_95' title="bbox 2145 3462 3738 3530; baseline 0.003 -18"><span class='ocrx_word' id='word_1_764' title='bbox 2145 3462 2274 3513; x_wconf 87' lang='lat' dir='ltr'><strong>nihil</strong></span> <span class='ocrx_word' id='word_1_765' title='bbox 2332 3476 2453 3514; x_wconf 86' lang='lat' dir='ltr'><strong>esse</strong></span> <span class='ocrx_word' id='word_1_766' title='bbox 2476 3502 2490 3523; x_wconf 93' lang='lat'><strong>,</strong></span> <span class='ocrx_word' id='word_1_767' title='bbox 2525 3462 2667 3530; x_wconf 90' lang='lat' dir='ltr'><strong>quod</strong></span> <span class='ocrx_word' id='word_1_768' title='bbox 2705 3476 2804 3515; x_wconf 89' lang='lat' dir='ltr'><strong>nos</strong></span> <span class='ocrx_word' id='word_1_769' title='bbox 2851 3463 3038 3530; x_wconf 89' lang='lat' dir='ltr'><strong>perdat</strong></span> <span class='ocrx_word' id='word_1_770' title='bbox 3072 3480 3085 3516; x_wconf 88' lang='lat'><strong>:</strong></span> <span class='ocrx_word' id='word_1_771' title='bbox 3116 3464 3199 3518; x_wconf 85' lang='lat' dir='ltr'><strong>sin</strong></span> <span class='ocrx_word' id='word_1_772' title='bbox 3231 3464 3411 3517; x_wconf 90' lang='lat' dir='ltr'><strong>minus</strong></span> <span class='ocrx_word' id='word_1_773' title='bbox 3435 3504 3449 3528; x_wconf 92' lang='lat'><strong>,</strong></span> <span class='ocrx_word' id='word_1_774' title='bbox 3497 3463 3679 3517; x_wconf 88' lang='lat' dir='ltr'><strong>omnia</strong></span> <span class='ocrx_word' id='word_1_775' title='bbox 3726 3481 3738 3516; x_wconf 92' lang='lat'><strong>:</strong></span> 
     </span>
    </p>
   </div>
   <div class='ocr_carea' id='block_1_96' title="bbox 2147 3552 3745 3625">
    <p class='ocr_par' dir='ltr' id='par_1_96' title="bbox 2147 3552 3745 3625">
     <span class='ocr_line' id='line_1_96' title="bbox 2147 3552 3745 3625; baseline 0 -18"><span class='ocrx_word' id='word_1_776' title='bbox 2147 3552 2320 3620; x_wconf 61' lang='lat' dir='ltr'><strong>perdit</strong></span> <span class='ocrx_word' id='word_1_777' title='bbox 2350 3568 2449 3605; x_wconf 87' lang='lat' dir='ltr'><strong>nos</strong></span> <span class='ocrx_word' id='word_1_778' title='bbox 2478 3570 2697 3621; x_wconf 75' lang='lat' dir='ltr'><strong>regnum</strong></span> <span class='ocrx_word' id='word_1_779' title='bbox 2722 3594 2737 3618; x_wconf 95' lang='lat'><strong>,</strong></span> <span class='ocrx_word' id='word_1_780' title='bbox 2774 3555 2948 3622; x_wconf 90' lang='lat' dir='ltr'><strong>perdit</strong></span> <span class='ocrx_word' id='word_1_781' title='bbox 2979 3566 3267 3624; x_wconf 87' lang='lat' dir='ltr'><strong>paupertas</strong></span> <span class='ocrx_word' id='word_1_782' title='bbox 3291 3597 3306 3621; x_wconf 92' lang='lat'><strong>,</strong></span> <span class='ocrx_word' id='word_1_783' title='bbox 3358 3555 3586 3625; x_wconf 85' lang='lat' dir='ltr'><strong>perdunt</strong></span> <span class='ocrx_word' id='word_1_784' title='bbox 3612 3555 3745 3608; x_wconf 83' lang='lat' dir='ltr'><strong>divi-</strong></span> 
     </span>
    </p>
   </div>
   <div class='ocr_carea' id='block_1_97' title="bbox 2146 3647 3743 3719">
    <p class='ocr_par' dir='ltr' id='par_1_97' title="bbox 2146 3647 3743 3719">
     <span class='ocr_line' id='line_1_97' title="bbox 2146 3647 3743 3719; baseline 0.001 -19"><span class='ocrx_word' id='word_1_785' title='bbox 2146 3650 2252 3701; x_wconf 72' lang='lat' dir='ltr'><strong>tite.</strong></span> <span class='ocrx_word' id='word_1_786' title='bbox 2286 3651 2503 3701; x_wconf 76' lang='lat' dir='ltr'><strong>Atlentu</strong></span> <span class='ocrx_word' id='word_1_787' title='bbox 2532 3647 2747 3716; x_wconf 83' lang='lat' dir='ltr'><strong>quidem</strong></span> <span class='ocrx_word' id='word_1_788' title='bbox 2782 3648 2982 3701; x_wconf 85' lang='lat' dir='ltr'><strong>homini</strong></span> <span class='ocrx_word' id='word_1_789' title='bbox 3016 3648 3144 3701; x_wconf 85' lang='lat' dir='ltr'><strong>nihil</strong></span> <span class='ocrx_word' id='word_1_790' title='bbox 3178 3663 3375 3702; x_wconf 82' lang='lat' dir='ltr'><strong>nocere</strong></span> <span class='ocrx_word' id='word_1_791' title='bbox 3407 3648 3621 3719; x_wconf 73' lang='lat' dir='ltr'><strong>poterit.</strong></span> <span class='ocrx_word' id='word_1_792' title='bbox 3649 3648 3743 3702; x_wconf 89' lang='lat' dir='ltr'><strong>Dic</strong></span> 
     </span>
    </p>
   </div>
   <div class='ocr_carea' id='block_1_98' title="bbox 2144 3738 3742 3809">
    <p class='ocr_par' dir='ltr' id='par_1_98' title="bbox 2144 3738 3742 3809">
     <span class='ocr_line' id='line_1_98' title="bbox 2144 3738 3742 3809; baseline 0.002 -18"><span class='ocrx_word' id='word_1_793' title='bbox 2144 3739 2285 3791; x_wconf 89' lang='lat' dir='ltr'><strong>enim</strong></span> <span class='ocrx_word' id='word_1_794' title='bbox 2312 3738 2462 3804; x_wconf 84' lang='lat' dir='ltr'><strong>milii,</strong></span> <span class='ocrx_word' id='word_1_795' title='bbox 2485 3740 2766 3808; x_wconf 82' lang='lat' dir='ltr'><strong>captivitas</strong></span> <span class='ocrx_word' id='word_1_796' title='bbox 2789 3754 2856 3793; x_wconf 89' lang='lat' dir='ltr'><strong>an</strong></span> <span class='ocrx_word' id='word_1_797' title='bbox 2881 3740 3066 3793; x_wconf 65' lang='lat' dir='ltr'><strong>laedit?</strong></span> <span class='ocrx_word' id='word_1_798' title='bbox 3092 3740 3307 3795; x_wconf 83' lang='lat' dir='ltr'><strong>Minime</strong></span> <span class='ocrx_word' id='word_1_799' title='bbox 3334 3741 3538 3809; x_wconf 82' lang='lat' dir='ltr'><strong>:Cogita</strong></span> <span class='ocrx_word' id='word_1_800' title='bbox 3568 3742 3742 3808; x_wconf 84' lang='lat' dir='ltr'><strong>ipsum</strong></span> 
     </span>
    </p>
   </div>
   <div class='ocr_carea' id='block_1_99' title="bbox 2144 3831 3740 3901">
    <p class='ocr_par' dir='ltr' id='par_1_99' title="bbox 2144 3831 3740 3901">
     <span class='ocr_line' id='line_1_99' title="bbox 2144 3831 3740 3901; baseline -0.001 -14"><span class='ocrx_word' id='word_1_801' title='bbox 2144 3832 2343 3901; x_wconf 89' lang='lat' dir='ltr'><strong>Joseph</strong></span> <span class='ocrx_word' id='word_1_802' title='bbox 2373 3847 2588 3886; x_wconf 87' lang='lat' dir='ltr'><strong>servum</strong></span> <span class='ocrx_word' id='word_1_803' title='bbox 2616 3831 2831 3901; x_wconf 89' lang='lat' dir='ltr'><strong>quidem</strong></span> <span class='ocrx_word' id='word_1_804' title='bbox 2860 3831 3054 3885; x_wconf 85' lang='lat' dir='ltr'><strong>factum</strong></span> <span class='ocrx_word' id='word_1_805' title='bbox 3074 3875 3088 3896; x_wconf 95' lang='lat'><strong>,</strong></span> <span class='ocrx_word' id='word_1_806' title='bbox 3121 3833 3215 3887; x_wconf 89' lang='lat' dir='ltr'><strong>sed</strong></span> <span class='ocrx_word' id='word_1_807' title='bbox 3248 3832 3597 3887; x_wconf 88' lang='lat' dir='ltr'><strong>nihilominus</strong></span> <span class='ocrx_word' id='word_1_808' title='bbox 3628 3831 3740 3885; x_wconf 81' lang='lat' dir='ltr'><strong>vir-</strong></span> 
     </span>
    </p>
   </div>
   <div class='ocr_carea' id='block_1_100' title="bbox 2148 3923 3746 3993">
    <p class='ocr_par' dir='ltr' id='par_1_100' title="bbox 2148 3923 3746 3993">
     <span class='ocr_line' id='line_1_100' title="bbox 2148 3923 3746 3993; baseline -0.003 -14"><span class='ocrx_word' id='word_1_809' title='bbox 2148 3925 2245 3979; x_wconf 89' lang='lat' dir='ltr'><strong>tuti</strong></span> <span class='ocrx_word' id='word_1_810' title='bbox 2274 3923 2544 3978; x_wconf 85' lang='lat' dir='ltr'><strong>addictum</strong></span> <span class='ocrx_word' id='word_1_811' title='bbox 2577 3941 2591 3978; x_wconf 90' lang='lat'><strong>:</strong></span> <span class='ocrx_word' id='word_1_812' title='bbox 2623 3924 2795 3993; x_wconf 86' lang='lat' dir='ltr'><strong>cogita</strong></span> <span class='ocrx_word' id='word_1_813' title='bbox 2840 3924 2972 3978; x_wconf 89' lang='lat' dir='ltr'><strong>mihi</strong></span> <span class='ocrx_word' id='word_1_814' title='bbox 3007 3923 3281 3978; x_wconf 88' lang='lat' dir='ltr'><strong>Danielem</strong></span> <span class='ocrx_word' id='word_1_815' title='bbox 3319 3965 3334 3990; x_wconf 93' lang='lat'><strong>,</strong></span> <span class='ocrx_word' id='word_1_816' title='bbox 3366 3933 3421 3977; x_wconf 90' lang='lat' dir='ltr'><strong>et</strong></span> <span class='ocrx_word' id='word_1_817' title='bbox 3471 3932 3581 3977; x_wconf 87' lang='lat' dir='ltr'><strong>tres</strong></span> <span class='ocrx_word' id='word_1_818' title='bbox 3627 3923 3746 3977; x_wconf 82' lang='lat' dir='ltr'><strong>illus</strong></span> 
     </span>
    </p>
   </div>
   <div class='ocr_carea' id='block_1_101' title="bbox 2147 4005 3741 4087">
    <p class='ocr_par' dir='ltr' id='par_1_101' title="bbox 2147 4005 3741 4087">
     <span class='ocr_line' id='line_1_101' title="bbox 2147 4005 3741 4087; baseline 0.001 -17"><span class='ocrx_word' id='word_1_819' title='bbox 2147 4032 2362 4086; x_wconf 90' lang='lat' dir='ltr'><strong>pueros,</strong></span> <span class='ocrx_word' id='word_1_820' title='bbox 2401 4032 2523 4070; x_wconf 87' lang='lat' dir='ltr'><strong>cum</strong></span> <span class='ocrx_word' id='word_1_821' title='bbox 2574 4005 2769 4085; x_wconf 82' lang='lat' dir='ltr'><strong>captivi</strong></span> <span class='ocrx_word' id='word_1_822' title='bbox 2824 4026 3042 4079; x_wconf 89' lang='lat' dir='ltr'><strong>essent,</strong></span> <span class='ocrx_word' id='word_1_823' title='bbox 3075 4017 3245 4071; x_wconf 92' lang='lat' dir='ltr'><strong>multo</strong></span> <span class='ocrx_word' id='word_1_824' title='bbox 3291 4016 3463 4087; x_wconf 86' lang='lat' dir='ltr'><strong>magis</strong></span> <span class='ocrx_word' id='word_1_825' title='bbox 3509 4016 3741 4071; x_wconf 74' lang='lat' dir='ltr'><strong>fulsiSsc.</strong></span> 
     </span>
    </p>
   </div>
   <div class='ocr_carea' id='block_1_102' title="bbox 2146 4109 3745 4180">
    <p class='ocr_par' dir='ltr' id='par_1_102' title="bbox 2146 4109 3745 4180">
     <span class='ocr_line' id='line_1_102' title="bbox 2146 4109 3745 4180; baseline -0.001 -15"><span class='ocrx_word' id='word_1_826' title='bbox 2146 4109 2355 4180; x_wconf 87' lang='lat' dir='ltr'><strong>Ubique</strong></span> <span class='ocrx_word' id='word_1_827' title='bbox 2384 4110 2528 4164; x_wconf 91' lang='lat' dir='ltr'><strong>enim</strong></span> <span class='ocrx_word' id='word_1_828' title='bbox 2568 4109 2738 4164; x_wconf 90' lang='lat' dir='ltr'><strong>virtus</strong></span> <span class='ocrx_word' id='word_1_829' title='bbox 2792 4111 2931 4164; x_wconf 90' lang='lat' dir='ltr'><strong>lucet</strong></span> <span class='ocrx_word' id='word_1_830' title='bbox 2961 4151 2975 4174; x_wconf 93' lang='lat'><strong>,</strong></span> <span class='ocrx_word' id='word_1_831' title='bbox 3011 4125 3188 4179; x_wconf 87' lang='lat' dir='ltr'><strong>neque</strong></span> <span class='ocrx_word' id='word_1_832' title='bbox 3226 4110 3519 4180; x_wconf 88' lang='lat' dir='ltr'><strong>expugnari</strong></span> <span class='ocrx_word' id='word_1_833' title='bbox 3568 4125 3745 4178; x_wconf 86' lang='lat' dir='ltr'><strong>neque</strong></span> 
     </span>
    </p>
   </div>
   <div class='ocr_carea' id='block_1_103' title="bbox 2147 4201 3744 4274">
    <p class='ocr_par' dir='ltr' id='par_1_103' title="bbox 2147 4201 3744 4274">
     <span class='ocr_line' id='line_1_103' title="bbox 2147 4201 3744 4274; baseline -0.003 -18"><span class='ocrx_word' id='word_1_834' title='bbox 2147 4203 2392 4274; x_wconf 89' lang='lat' dir='ltr'><strong>impediri</strong></span> <span class='ocrx_word' id='word_1_835' title='bbox 2449 4201 2553 4257; x_wconf 71' lang='lat' dir='ltr'><strong>ulla</strong></span> <span class='ocrx_word' id='word_1_836' title='bbox 2596 4203 2805 4258; x_wconf 89' lang='lat' dir='ltr'><strong>ratione</strong></span> <span class='ocrx_word' id='word_1_837' title='bbox 2860 4211 3055 4272; x_wconf 90' lang='lat' dir='ltr'><strong>potest.</strong></span> <span class='ocrx_word' id='word_1_838' title='bbox 3085 4202 3221 4268; x_wconf 85' lang='lat' dir='ltr'><strong>Quid</strong></span> <span class='ocrx_word' id='word_1_839' title='bbox 3277 4202 3398 4256; x_wconf 88' lang='lat' dir='ltr'><strong>dico</strong></span> <span class='ocrx_word' id='word_1_840' title='bbox 3453 4212 3744 4271; x_wconf 86' lang='lat' dir='ltr'><strong>pauperta-</strong></span> 
     </span>
    </p>
   </div>
   <div class='ocr_carea' id='block_1_104' title="bbox 2150 4292 3743 4363">
    <p class='ocr_par' dir='ltr' id='par_1_104' title="bbox 2150 4292 3743 4363">
     <span class='ocr_line' id='line_1_104' title="bbox 2150 4292 3743 4363; baseline -0.003 -15"><span class='ocrx_word' id='word_1_841' title='bbox 2150 4303 2255 4349; x_wconf 89' lang='lat' dir='ltr'><strong>tem</strong></span> <span class='ocrx_word' id='word_1_842' title='bbox 2297 4303 2352 4350; x_wconf 89' lang='lat' dir='ltr'><strong>et</strong></span> <span class='ocrx_word' id='word_1_843' title='bbox 2397 4296 2754 4349; x_wconf 85' lang='lat' dir='ltr'><strong>servitutem?</strong></span> <span class='ocrx_word' id='word_1_844' title='bbox 2786 4311 2885 4348; x_wconf 86' lang='lat' dir='ltr'><strong>nec</strong></span> <span class='ocrx_word' id='word_1_845' title='bbox 2926 4294 3094 4348; x_wconf 84' lang='lat' dir='ltr'><strong>fames</strong></span> <span class='ocrx_word' id='word_1_846' title='bbox 3122 4292 3365 4363; x_wconf 90' lang='lat' dir='ltr'><strong>quidem,</strong></span> <span class='ocrx_word' id='word_1_847' title='bbox 3400 4308 3498 4347; x_wconf 89' lang='lat' dir='ltr'><strong>nec</strong></span> <span class='ocrx_word' id='word_1_848' title='bbox 3540 4293 3743 4357; x_wconf 87' lang='lat' dir='ltr'><strong>ulcera,</strong></span> 
     </span>
    </p>
   </div>
   <div class='ocr_carea' id='block_1_105' title="bbox 2150 4382 3747 4454">
    <p class='ocr_par' dir='ltr' id='par_1_105' title="bbox 2150 4382 3747 4454">
     <span class='ocr_line' id='line_1_105' title="bbox 2150 4382 3747 4454; baseline -0.003 -14"><span class='ocrx_word' id='word_1_849' title='bbox 2150 4401 2249 4440; x_wconf 87' lang='lat' dir='ltr'><strong>nec</strong></span> <span class='ocrx_word' id='word_1_850' title='bbox 2305 4386 2521 4439; x_wconf 73' lang='lat' dir='ltr'><strong>morbus</strong></span> <span class='ocrx_word' id='word_1_851' title='bbox 2565 4384 2907 4454; x_wconf 81' lang='lat' dir='ltr'><strong>quantumvis</strong></span> <span class='ocrx_word' id='word_1_852' title='bbox 2956 4399 3151 4438; x_wconf 86' lang='lat' dir='ltr'><strong>nocere</strong></span> <span class='ocrx_word' id='word_1_853' title='bbox 3200 4391 3425 4452; x_wconf 82' lang='lat' dir='ltr'><strong>possunt</strong></span> <span class='ocrx_word' id='word_1_854' title='bbox 3468 4399 3481 4438; x_wconf 90' lang='lat'>:</span> <span class='ocrx_word' id='word_1_855' title='bbox 3527 4382 3747 4436; x_wconf 87' lang='lat' dir='ltr'><strong>morbus</strong></span> 
     </span>
    </p>
   </div>
   <div class='ocr_carea' id='block_1_106' title="bbox 2149 4470 3747 4544">
    <p class='ocr_par' dir='ltr' id='par_1_106' title="bbox 2149 4470 3747 4544">
     <span class='ocr_line' id='line_1_106' title="bbox 2149 4470 3747 4544; baseline -0.004 -12"><span class='ocrx_word' id='word_1_856' title='bbox 2149 4477 2291 4532; x_wconf 88' lang='lat' dir='ltr'><strong>enim</strong></span> <span class='ocrx_word' id='word_1_857' title='bbox 2320 4478 2578 4531; x_wconf 85' lang='lat' dir='ltr'><strong>servitute</strong></span> <span class='ocrx_word' id='word_1_858' title='bbox 2605 4484 2689 4530; x_wconf 68' lang='grc' dir='ltr'><strong>θ›ι</strong></span> <span class='ocrx_word' id='word_1_859' title='bbox 2727 4470 2960 4544; x_wconf 82' lang='lat' dir='ltr'><strong>gravior.</strong></span> <span class='ocrx_word' id='word_1_860' title='bbox 2994 4474 3138 4529; x_wconf 85' lang='lat' dir='ltr'><strong>Talis</strong></span> <span class='ocrx_word' id='word_1_861' title='bbox 3164 4483 3282 4529; x_wconf 91' lang='lat' dir='ltr'><strong>erat</strong></span> <span class='ocrx_word' id='word_1_862' title='bbox 3327 4473 3582 4536; x_wconf 84' lang='lat' dir='ltr'><strong>Lazarus,</strong></span> <span class='ocrx_word' id='word_1_863' title='bbox 3625 4473 3747 4527; x_wconf 90' lang='lat' dir='ltr'><strong>talis</strong></span> 
     </span>
    </p>
   </div>
   <div class='ocr_carea' id='block_1_107' title="bbox 2147 4565 3742 4635">
    <p class='ocr_par' dir='ltr' id='par_1_107' title="bbox 2147 4565 3742 4635">
     <span class='ocr_line' id='line_1_107' title="bbox 2147 4565 3742 4635; baseline -0.004 -11"><span class='ocrx_word' id='word_1_864' title='bbox 2147 4569 2248 4624; x_wconf 85' lang='lat' dir='ltr'><strong>Job</strong></span> <span class='ocrx_word' id='word_1_865' title='bbox 2274 4610 2287 4634; x_wconf 93' lang='lat'><strong>,</strong></span> <span class='ocrx_word' id='word_1_866' title='bbox 2323 4570 2441 4623; x_wconf 91' lang='lat' dir='ltr'><strong>talis</strong></span> <span class='ocrx_word' id='word_1_867' title='bbox 2481 4580 2597 4623; x_wconf 86' lang='lat' dir='ltr'><strong>erat</strong></span> <span class='ocrx_word' id='word_1_868' title='bbox 2635 4576 2688 4623; x_wconf 90' lang='lat' dir='ltr'><strong>et</strong></span> <span class='ocrx_word' id='word_1_869' title='bbox 2726 4567 3041 4622; x_wconf 84' lang='lat' dir='ltr'><strong>Timotheus</strong></span> <span class='ocrx_word' id='word_1_870' title='bbox 3090 4566 3285 4621; x_wconf 88' lang='lat' dir='ltr'><strong>crebro</strong></span> <span class='ocrx_word' id='word_1_871' title='bbox 3327 4579 3545 4635; x_wconf 85' lang='lat' dir='ltr'><strong>pressus</strong></span> <span class='ocrx_word' id='word_1_872' title='bbox 3597 4565 3742 4618; x_wconf 65' lang='lat' dir='ltr'><strong>inlir«</strong></span> 
     </span>
    </p>
   </div>
   <div class='ocr_carea' id='block_1_108' title="bbox 2150 4665 2354 4718">
    <p class='ocr_par' dir='ltr' id='par_1_108' title="bbox 2150 4665 2354 4718">
     <span class='ocr_line' id='line_1_108' title="bbox 2150 4665 2354 4718; baseline -0.015 0"><span class='ocrx_word' id='word_1_873' title='bbox 2150 4665 2354 4718; x_wconf 88' lang='lat' dir='ltr'><strong>mitate.</strong></span> 
     </span>
    </p>
   </div>
   <div class='ocr_carea' id='block_1_109' title="bbox 2235 4749 3743 4825">
    <p class='ocr_par' dir='ltr' id='par_1_109' title="bbox 2235 4749 3743 4825">
     <span class='ocr_line' id='line_1_109' title="bbox 2235 4749 3743 4825; baseline -0.002 -17"><span class='ocrx_word' id='word_1_874' title='bbox 2235 4755 2404 4809; x_wconf 83' lang='lat' dir='ltr'><strong>Virtus</strong></span> <span class='ocrx_word' id='word_1_875' title='bbox 2431 4772 2463 4809; x_wconf 93' lang='lat' dir='ltr'><strong>a</strong></span> <span class='ocrx_word' id='word_1_876' title='bbox 2487 4754 2630 4808; x_wconf 82' lang='lat' dir='ltr'><strong>nulla</strong></span> <span class='ocrx_word' id='word_1_877' title='bbox 2657 4771 2711 4808; x_wconf 83' lang='lat' dir='ltr'><strong>re</strong></span> <span class='ocrx_word' id='word_1_878' title='bbox 2731 4753 2962 4825; x_wconf 84' lang='lat' dir='ltr'><strong>superari</strong></span> <span class='ocrx_word' id='word_1_879' title='bbox 2991 4752 3414 4823; x_wconf 77' lang='lat' dir='ltr'><strong>potest.—-\’ides</strong></span> <span class='ocrx_word' id='word_1_880' title='bbox 3437 4749 3570 4805; x_wconf 89' lang='lat' dir='ltr'><strong>nihil</strong></span> <span class='ocrx_word' id='word_1_881' title='bbox 3600 4763 3743 4805; x_wconf 87' lang='lat' dir='ltr'><strong>esse.</strong></span> 
     </span>
    </p>
   </div>
   <div class='ocr_carea' id='block_1_110' title="bbox 2152 4844 3744 4917">
    <p class='ocr_par' dir='ltr' id='par_1_110' title="bbox 2152 4844 3744 4917">
     <span class='ocr_line' id='line_1_110' title="bbox 2152 4844 3744 4917; baseline -0.006 -16"><span class='ocrx_word' id='word_1_882' title='bbox 2152 4864 2179 4901; x_wconf 92' lang='lat' dir='ltr'><strong>a</strong></span> <span class='ocrx_word' id='word_1_883' title='bbox 2212 4865 2318 4917; x_wconf 90' lang='lat' dir='ltr'><strong>quo</strong></span> <span class='ocrx_word' id='word_1_884' title='bbox 2348 4848 2590 4915; x_wconf 86' lang='lat' dir='ltr'><strong>superari</strong></span> <span class='ocrx_word' id='word_1_885' title='bbox 2618 4848 2786 4900; x_wconf 88' lang='lat' dir='ltr'><strong>virtus</strong></span> <span class='ocrx_word' id='word_1_886' title='bbox 2809 4850 3008 4915; x_wconf 83' lang='lat' dir='ltr'><strong>queat?</strong></span> <span class='ocrx_word' id='word_1_887' title='bbox 3062 4860 3167 4898; x_wconf 92' lang='lat' dir='ltr'><strong>non</strong></span> <span class='ocrx_word' id='word_1_888' title='bbox 3212 4844 3446 4909; x_wconf 81' lang='lat' dir='ltr'><strong>divitias,</strong></span> <span class='ocrx_word' id='word_1_889' title='bbox 3474 4856 3581 4894; x_wconf 92' lang='lat' dir='ltr'><strong>non</strong></span> <span class='ocrx_word' id='word_1_890' title='bbox 3614 4856 3744 4908; x_wconf 49' lang='lat' dir='ltr'><strong>pan:</strong></span> 
     </span>
    </p>
   </div>
   <div class='ocr_carea' id='block_1_111' title="bbox 2156 4936 3753 5010">
    <p class='ocr_par' dir='ltr' id='par_1_111' title="bbox 2156 4936 3753 5010">
     <span class='ocr_line' id='line_1_111' title="bbox 2156 4936 3753 5010; baseline -0.006 -14"><span class='ocrx_word' id='word_1_891' title='bbox 2156 4948 2439 5010; x_wconf 85' lang='lat' dir='ltr'><strong>pertaletn,</strong></span> <span class='ocrx_word' id='word_1_892' title='bbox 2481 4954 2584 4993; x_wconf 90' lang='lat' dir='ltr'><strong>nou</strong></span> <span class='ocrx_word' id='word_1_893' title='bbox 2625 4938 2933 5006; x_wconf 80' lang='lat' dir='ltr'><strong>imperium,</strong></span> <span class='ocrx_word' id='word_1_894' title='bbox 2988 4952 3095 4990; x_wconf 87' lang='lat' dir='ltr'><strong>non</strong></span> <span class='ocrx_word' id='word_1_895' title='bbox 3148 4936 3482 4997; x_wconf 87' lang='lat' dir='ltr'><strong>servitutem,</strong></span> <span class='ocrx_word' id='word_1_896' title='bbox 3517 4949 3624 4986; x_wconf 90' lang='lat' dir='ltr'><strong>non</strong></span> <span class='ocrx_word' id='word_1_897' title='bbox 3658 4946 3753 4986; x_wconf 85' lang='lat' dir='ltr'><strong>re-</strong></span> 
     </span>
    </p>
   </div>
   <div class='ocr_carea' id='block_1_112' title="bbox 2155 5026 3743 5096">
    <p class='ocr_par' dir='ltr' id='par_1_112' title="bbox 2155 5026 3743 5096">
     <span class='ocr_line' id='line_1_112' title="bbox 2155 5026 3743 5096; baseline -0.008 -6"><span class='ocrx_word' id='word_1_898' title='bbox 2155 5050 2274 5090; x_wconf 89' lang='lat' dir='ltr'><strong>rum</strong></span> <span class='ocrx_word' id='word_1_899' title='bbox 2317 5033 2866 5095; x_wconf 89' lang='lat' dir='ltr'><strong>administrationem,</strong></span> <span class='ocrx_word' id='word_1_900' title='bbox 2921 5048 3026 5083; x_wconf 90' lang='lat' dir='ltr'><strong>nou</strong></span> <span class='ocrx_word' id='word_1_901' title='bbox 3069 5029 3340 5095; x_wconf 87' lang='lat' dir='ltr'><strong>morbum,</strong></span> <span class='ocrx_word' id='word_1_902' title='bbox 3376 5044 3481 5083; x_wconf 78' lang='lat' dir='ltr'><strong>non</strong></span> <span class='ocrx_word' id='word_1_903' title='bbox 3514 5026 3743 5096; x_wconf 77' lang='lat' dir='ltr'><strong>ignomi-</strong></span> 
     </span>
    </p>
   </div>
   <div class='ocr_carea' id='block_1_113' title="bbox 2158 5121 3754 5191">
    <p class='ocr_par' dir='ltr' id='par_1_113' title="bbox 2158 5121 3754 5191">
     <span class='ocr_line' id='line_1_113' title="bbox 2158 5121 3754 5191; baseline -0.007 -8"><span class='ocrx_word' id='word_1_904' title='bbox 2158 5131 2321 5191; x_wconf 88' lang='lat' dir='ltr'><strong>niam,</strong></span> <span class='ocrx_word' id='word_1_905' title='bbox 2370 5141 2477 5181; x_wconf 88' lang='lat' dir='ltr'><strong>non</strong></span> <span class='ocrx_word' id='word_1_906' title='bbox 2505 5125 2785 5190; x_wconf 81' lang='lat' dir='ltr'><strong>exsilium;</strong></span> <span class='ocrx_word' id='word_1_907' title='bbox 2828 5123 2923 5178; x_wconf 90' lang='lat' dir='ltr'><strong>sed</strong></span> <span class='ocrx_word' id='word_1_908' title='bbox 2948 5123 3064 5177; x_wconf 58' lang='lat' dir='ltr'><strong>huic</strong></span> <span class='ocrx_word' id='word_1_909' title='bbox 3085 5123 3264 5176; x_wconf 89' lang='lat' dir='ltr'><strong>omnia</strong></span> <span class='ocrx_word' id='word_1_910' title='bbox 3297 5121 3574 5183; x_wconf 86' lang='lat' dir='ltr'><strong>deorsum,</strong></span> <span class='ocrx_word' id='word_1_911' title='bbox 3593 5130 3754 5187; x_wconf 83' lang='lat' dir='ltr'><strong>atque</strong></span> 
     </span>
    </p>
   </div>
   <div class='ocr_carea' id='block_1_114' title="bbox 2158 5211 3751 5287">
    <p class='ocr_par' dir='ltr' id='par_1_114' title="bbox 2158 5211 3751 5287">
     <span class='ocr_line' id='line_1_114' title="bbox 2158 5211 3751 5287; baseline -0.008 -13"><span class='ocrx_word' id='word_1_912' title='bbox 2158 5219 2309 5274; x_wconf 88' lang='lat' dir='ltr'><strong>humi</strong></span> <span class='ocrx_word' id='word_1_913' title='bbox 2354 5218 2666 5287; x_wconf 87' lang='lat' dir='ltr'><strong>relinquens</strong></span> <span class='ocrx_word' id='word_1_914' title='bbox 2696 5217 2870 5269; x_wconf 88' lang='lat' dir='ltr'><strong>virtus</strong></span> <span class='ocrx_word' id='word_1_915' title='bbox 2896 5214 2962 5269; x_wconf 89' lang='lat' dir='ltr'><strong>ad</strong></span> <span class='ocrx_word' id='word_1_916' title='bbox 2992 5214 3182 5267; x_wconf 76' lang='lat' dir='ltr'><strong>caelum</strong></span> <span class='ocrx_word' id='word_1_917' title='bbox 3217 5211 3459 5283; x_wconf 89' lang='lat' dir='ltr'><strong>pervenit</strong></span> <span class='ocrx_word' id='word_1_918' title='bbox 3494 5229 3507 5264; x_wconf 92' lang='lat'>:</span> <span class='ocrx_word' id='word_1_919' title='bbox 3546 5219 3751 5264; x_wconf 89' lang='lat' dir='ltr'><strong>tantum</strong></span> 
     </span>
    </p>
   </div>
   <div class='ocr_carea' id='block_1_115' title="bbox 2156 5303 3748 5382">
    <p class='ocr_par' dir='ltr' id='par_1_115' title="bbox 2156 5303 3748 5382">
     <span class='ocr_line' id='line_1_115' title="bbox 2156 5303 3748 5382; baseline -0.007 -16"><span class='ocrx_word' id='word_1_920' title='bbox 2156 5324 2417 5382; x_wconf 87' lang='lat' dir='ltr'><strong>generosa</strong></span> <span class='ocrx_word' id='word_1_921' title='bbox 2442 5309 2513 5363; x_wconf 91' lang='lat' dir='ltr'><strong>sit</strong></span> <span class='ocrx_word' id='word_1_922' title='bbox 2539 5308 2740 5373; x_wconf 86' lang='lat' dir='ltr'><strong>anima,</strong></span> <span class='ocrx_word' id='word_1_923' title='bbox 2762 5317 2890 5361; x_wconf 90' lang='lat' dir='ltr'><strong>tunc</strong></span> <span class='ocrx_word' id='word_1_924' title='bbox 2913 5306 3201 5376; x_wconf 89' lang='lat' dir='ltr'><strong>prohibere</strong></span> <span class='ocrx_word' id='word_1_925' title='bbox 3231 5304 3362 5358; x_wconf 90' lang='lat' dir='ltr'><strong>nihil</strong></span> <span class='ocrx_word' id='word_1_926' title='bbox 3393 5305 3593 5373; x_wconf 87' lang='lat' dir='ltr'><strong>poterit</strong></span> <span class='ocrx_word' id='word_1_927' title='bbox 3618 5303 3748 5371; x_wconf 89' lang='lat' dir='ltr'><strong>quin</strong></span> 
     </span>
    </p>
   </div>
   <div class='ocr_carea' id='block_1_116' title="bbox 2159 5395 3759 5471">
    <p class='ocr_par' dir='ltr' id='par_1_116' title="bbox 2159 5395 3759 5471">
     <span class='ocr_line' id='line_1_116' title="bbox 2159 5395 3759 5471; baseline -0.007 -14"><span class='ocrx_word' id='word_1_928' title='bbox 2159 5405 2373 5460; x_wconf 89' lang='lat' dir='ltr'><strong>virtutis</strong></span> <span class='ocrx_word' id='word_1_929' title='bbox 2415 5403 2486 5458; x_wconf 87' lang='lat' dir='ltr'><strong>sit</strong></span> <span class='ocrx_word' id='word_1_930' title='bbox 2527 5415 2770 5471; x_wconf 88' lang='lat' dir='ltr'><strong>compos.</strong></span> <span class='ocrx_word' id='word_1_931' title='bbox 2816 5399 2916 5456; x_wconf 88' lang='lat' dir='ltr'><strong>Ubi</strong></span> <span class='ocrx_word' id='word_1_932' title='bbox 2964 5401 3109 5454; x_wconf 84' lang='lat' dir='ltr'><strong>enim</strong></span> <span class='ocrx_word' id='word_1_933' title='bbox 3141 5397 3281 5452; x_wconf 83' lang='lat' dir='ltr'><strong>valet</strong></span> <span class='ocrx_word' id='word_1_934' title='bbox 3309 5398 3374 5462; x_wconf 89' lang='lat' dir='ltr'><strong>is,</strong></span> <span class='ocrx_word' id='word_1_935' title='bbox 3407 5410 3437 5449; x_wconf 89' lang='lat' dir='ltr'><strong>a</strong></span> <span class='ocrx_word' id='word_1_936' title='bbox 3483 5411 3590 5464; x_wconf 87' lang='lat' dir='ltr'><strong>qtto</strong></span> <span class='ocrx_word' id='word_1_937' title='bbox 3616 5395 3759 5449; x_wconf 89' lang='lat' dir='ltr'><strong>actio</strong></span> 
     </span>
    </p>
   </div>
   <div class='ocr_carea' id='block_1_117' title="bbox 2163 5485 3755 5569">
    <p class='ocr_par' dir='ltr' id='par_1_117' title="bbox 2163 5485 3755 5569">
     <span class='ocr_line' id='line_1_117' title="bbox 2163 5485 3755 5569; baseline -0.009 -16"><span class='ocrx_word' id='word_1_938' title='bbox 2163 5496 2454 5569; x_wconf 89' lang='lat' dir='ltr'><strong>promenda</strong></span> <span class='ocrx_word' id='word_1_939' title='bbox 2490 5502 2573 5550; x_wconf 88' lang='lat' dir='ltr'><strong>est</strong></span> <span class='ocrx_word' id='word_1_940' title='bbox 2597 5534 2612 5560; x_wconf 88' lang='lat'><strong>,</strong></span> <span class='ocrx_word' id='word_1_941' title='bbox 2648 5492 2854 5548; x_wconf 91' lang='lat' dir='ltr'><strong>nullum</strong></span> <span class='ocrx_word' id='word_1_942' title='bbox 2887 5500 3127 5546; x_wconf 69' lang='lat' dir='ltr'><strong>externa:</strong></span> <span class='ocrx_word' id='word_1_943' title='bbox 3177 5504 3265 5543; x_wconf 90' lang='lat' dir='ltr'><strong>res</strong></span> <span class='ocrx_word' id='word_1_944' title='bbox 3310 5485 3755 5557; x_wconf 89' lang='lat' dir='ltr'><strong>impedimentum</strong></span> 
     </span>
    </p>
   </div>
   <div class='ocr_carea' id='block_1_118' title="bbox 2164 5580 3758 5650">
    <p class='ocr_par' dir='ltr' id='par_1_118' title="bbox 2164 5580 3758 5650">
     <span class='ocr_line' id='line_1_118' title="bbox 2164 5580 3758 5650; baseline -0.009 -4"><span class='ocrx_word' id='word_1_945' title='bbox 2164 5591 2415 5646; x_wconf 73' lang='lat' dir='ltr'><strong>afferunt.</strong></span> <span class='ocrx_word' id='word_1_946' title='bbox 2451 5588 2583 5643; x_wconf 83' lang='lat' dir='ltr'><strong>Nam</strong></span> <span class='ocrx_word' id='word_1_947' title='bbox 2609 5596 2663 5641; x_wconf 88' lang='lat' dir='ltr'><strong>et</strong></span> <span class='ocrx_word' id='word_1_948' title='bbox 2691 5587 2743 5640; x_wconf 89' lang='lat' dir='ltr'><strong>in</strong></span> <span class='ocrx_word' id='word_1_949' title='bbox 2773 5585 2976 5640; x_wconf 86' lang='lat' dir='ltr'><strong>artibus</strong></span> <span class='ocrx_word' id='word_1_950' title='bbox 2995 5625 3011 5650; x_wconf 95' lang='lat'><strong>,</strong></span> <span class='ocrx_word' id='word_1_951' title='bbox 3046 5583 3136 5637; x_wconf 92' lang='lat' dir='ltr'><strong>ubi</strong></span> <span class='ocrx_word' id='word_1_952' title='bbox 3166 5583 3361 5637; x_wconf 88' lang='lat' dir='ltr'><strong>artifex</strong></span> <span class='ocrx_word' id='word_1_953' title='bbox 3386 5581 3525 5636; x_wconf 87' lang='lat' dir='ltr'><strong>bene</strong></span> <span class='ocrx_word' id='word_1_954' title='bbox 3553 5580 3758 5650; x_wconf 86' lang='lat' dir='ltr'><strong>peritus</strong></span> 
     </span>
    </p>
   </div>
   <div class='ocr_carea' id='block_1_119' title="bbox 2164 5673 3761 5749">
    <p class='ocr_par' dir='ltr' id='par_1_119' title="bbox 2164 5673 3761 5749">
     <span class='ocr_line' id='line_1_119' title="bbox 2164 5673 3761 5749; baseline -0.006 -14"><span class='ocrx_word' id='word_1_955' title='bbox 2164 5682 2345 5749; x_wconf 85' lang='lat' dir='ltr'><strong>fuerit,</strong></span> <span class='ocrx_word' id='word_1_956' title='bbox 2393 5692 2448 5735; x_wconf 92' lang='lat' dir='ltr'><strong>et</strong></span> <span class='ocrx_word' id='word_1_957' title='bbox 2496 5682 2752 5741; x_wconf 88' lang='lat' dir='ltr'><strong>tolerans,</strong></span> <span class='ocrx_word' id='word_1_958' title='bbox 2812 5679 3228 5746; x_wconf 89' lang='lat' dir='ltr'><strong>univcrsamque</strong></span> <span class='ocrx_word' id='word_1_959' title='bbox 3273 5685 3443 5730; x_wconf 87' lang='lat' dir='ltr'><strong>artem</strong></span> <span class='ocrx_word' id='word_1_960' title='bbox 3489 5673 3761 5734; x_wconf 87' lang='lat' dir='ltr'><strong>tenuerit.</strong></span> 
     </span>
    </p>
   </div>
   <div class='ocr_carea' id='block_1_120' title="bbox 2165 5766 3761 5839">
    <p class='ocr_par' dir='ltr' id='par_1_120' title="bbox 2165 5766 3761 5839">
     <span class='ocr_line' id='line_1_120' title="bbox 2165 5766 3761 5839; baseline -0.009 -7"><span class='ocrx_word' id='word_1_961' title='bbox 2165 5776 2374 5832; x_wconf 72' lang='lat' dir='ltr'><strong>etiamsi</strong></span> <span class='ocrx_word' id='word_1_962' title='bbox 2424 5775 2643 5829; x_wconf 89' lang='lat' dir='ltr'><strong>morbus</strong></span> <span class='ocrx_word' id='word_1_963' title='bbox 2687 5771 2963 5836; x_wconf 88' lang='lat' dir='ltr'><strong>adveniat,</strong></span> <span class='ocrx_word' id='word_1_964' title='bbox 3000 5772 3170 5839; x_wconf 88' lang='lat' dir='ltr'><strong>ipsam</strong></span> <span class='ocrx_word' id='word_1_965' title='bbox 3201 5770 3433 5833; x_wconf 81' lang='lat' dir='ltr'><strong>retinet;</strong></span> <span class='ocrx_word' id='word_1_966' title='bbox 3466 5766 3679 5822; x_wconf 81' lang='lat' dir='ltr'><strong>etiamsi</strong></span> <span class='ocrx_word' id='word_1_967' title='bbox 3712 5766 3761 5817; x_wconf 85' lang='lat' dir='ltr'><strong>in</strong></span> 
     </span>
    </p>
   </div>
   <div class='ocr_carea' id='block_1_121' title="bbox 2172 5861 3762 5940">
    <p class='ocr_par' dir='ltr' id='par_1_121' title="bbox 2172 5861 3762 5940">
     <span class='ocr_line' id='line_1_121' title="bbox 2172 5861 3762 5940; baseline -0.009 -19"><span class='ocrx_word' id='word_1_968' title='bbox 2172 5877 2543 5940; x_wconf 87' lang='lat' dir='ltr'><strong>paupertatem</strong></span> <span class='ocrx_word' id='word_1_969' title='bbox 2577 5863 2798 5931; x_wconf 89' lang='lat' dir='ltr'><strong>incidat,</strong></span> <span class='ocrx_word' id='word_1_970' title='bbox 2825 5864 2997 5933; x_wconf 86' lang='lat' dir='ltr'><strong>ipsam</strong></span> <span class='ocrx_word' id='word_1_971' title='bbox 3020 5861 3216 5916; x_wconf 88' lang='lat' dir='ltr'><strong>retinet</strong></span> <span class='ocrx_word' id='word_1_972' title='bbox 3251 5879 3262 5912; x_wconf 90' lang='lat'>:</span> <span class='ocrx_word' id='word_1_973' title='bbox 3294 5864 3408 5916; x_wconf 87' lang='lat' dir='ltr'><strong>sive</strong></span> <span class='ocrx_word' id='word_1_974' title='bbox 3438 5861 3762 5914; x_wconf 73' lang='lat' dir='ltr'><strong>instrumen-</strong></span> 
     </span>
    </p>
   </div>
  </div>
