4184 6502
463 309 570 366 275

454 452 563 494 tum
595 440 646 493 in
678 454 837 494 manu
864 438 1077 504 habeat,
1107 437 1220 492 sive
1245 450 1343 490 suo
1366 434 1615 504 fungatur
1639 446 1895 499 munere,
1926 429 2042 487 sive

454 546 558 584 non
609 528 880 599 fungatur,
928 527 1057 582 nihil
1101 529 1175 582 illi
1207 543 1272 581 ex
1311 536 1425 580 arte
1449 524 1747 581 detrahitur
1779 541 1793 579 :
1824 522 1880 578 in
1921 522 2040 593 ipso

454 623 601 678 enim
649 623 787 675 inest
830 620 1073 675 seientia.
1118 618 1192 672 Ita
1239 628 1293 674 et
1336 618 1425 688 qui
1456 618 1649 673 virtute
1678 615 1931 686 praeditus
1957 623 2041 669 est

455 724 616 784 atque
645 730 708 769 ex
744 714 853 768 Deo
879 712 1093 783 pendet,
1117 712 1231 767 sive
1260 712 1404 766 illum
1434 712 1485 765 in
1519 711 1731 765 divitias
1757 709 2037 779 conjicias,

454 807 691 860 ostendit
718 806 970 860 virtutem
1005 820 1190 871 suam;
1220 805 1331 858 sive
1354 805 1404 857 in
1435 815 1822 873 paupertatem,
1847 801 2042 857 nihilo-

457 902 668 963 minus;
695 901 808 954 sive
844 904 895 953 in
924 900 1192 964 morbum,
1240 899 1352 953 sive
1384 899 1435 952 in
1487 898 1772 952 sanitatem
1796 937 1811 958 .
1834 896 1947 951 sive
1988 895 2040 949 in

455 992 700 1061 gloriam,
731 992 844 1046 sive
873 992 923 1045 in
950 990 1248 1045 infamiam.

526 1084 561 1138 4
625 1087 817 1138 Annon
842 1101 936 1154 per
965 1084 1061 1138 ista
1090 1084 1268 1138 omnia
1299 1082 1622 1138 transierunt
1647 1079 1914 1151 apostoli?
1939 1077 2043 1133 Per

455 1176 695 1246 gloriam,
725 1176 914 1246 inquit,
948 1185 994 1229 et
1034 1175 1420 1246 ignobilitatem,
1456 1191 1546 1244 per
1566 1173 1830 1244 infamiam
1866 1180 1915 1225 et
1955 1171 2043 1224 bo-

458 1284 577 1321 nam
606 1272 799 1338 famam
851 1266 924 1336 (2.
961 1266 1079 1321 Cor.
1104 1269 1157 1322 6.
1186 1267 1265 1336 8).
1313 1266 1424 1320 lloe
1469 1274 1551 1319 est
1589 1264 1843 1319 athletam
1885 1264 2038 1328 δέξο,

458 1374 652 1430 nempe
703 1360 770 1414 ad
825 1361 1002 1414 omnia
1049 1375 1169 1416 esse
1210 1358 1669 1414 accommodatum
1704 1373 1719 1411 :
1752 1356 1871 1411 talis
1899 1355 2042 1411 enim

458 1459 540 1505 est
566 1452 772 1504 virtutis
801 1452 961 1506 etiam
995 1462 1202 1505 natura.
1227 1450 1377 1518 Quod
1406 1450 1450 1504 si
1480 1449 1647 1513 dicas,
1674 1448 1910 1502 Praeesse
1924 1447 2044 1503 aliis

462 1558 565 1594 non
595 1558 834 1610 possunt,
864 1543 1099 1596 solitaria
1133 1541 1261 1595 mihi
1287 1541 1392 1594 vita
1421 1539 1626 1610 agenda
1657 1548 1761 1602 est,
1794 1538 2043 1608 injuriam

460 1632 525 1686 l'et
547 1634 629 1685 isti
656 1633 834 1686 virtuti
863 1652 875 1687 :
907 1649 964 1685 ea
996 1632 1210 1700 quidem
1240 1631 1489 1686 omnibus
1520 1630 1594 1685 uti
1623 1639 1817 1699 potest,
1846 1638 1900 1683 et
1929 1629 2044 1683 ubi-

459 1738 563 1791 que
594 1722 860 1793 splendet,
891 1722 1182 1776 dunnnodo
1211 1720 1336 1776 insit
1358 1722 1409 1775 in
1429 1722 1628 1775 anima.
1652 1719 1842 1775 Fames
1860 1719 2053 1774 adest?.

460 1814 611 1868 adest
640 1830 866 1869 annonae
896 1814 1089 1883 copia?
1110 1813 1287 1869 Virtus
1313 1828 1467 1868 suum
1492 1828 1600 1883 prae
1626 1828 1684 1867 se
1709 1811 1815 1867 fert
1841 1812 2003 1866 robur
2029 1828 2041 1864 :

460 1905 911 1975 quemadmodum
960 1905 1153 1959 Paulus
1193 1904 1385 1974 inquit,
1433 1902 1554 1958 Scio
1599 1912 1645 1956 et
1684 1902 1965 1968 abundare,
1999 1910 2048 1955 et

461 1998 724 2065 penuriam
752 1998 858 2065 pati
880 1990 1137 2067 (Philipp.
1164 1996 1217 2050 4.
1245 1994 1357 2065 12).
1382 1994 1722 2064 Operandum
1750 1994 1909 2049 erat?
1939 2008 2048 2047 non

458 2092 831 2157 erubesecbat,
870 2092 962 2146 sed
990 2092 1126 2146 duos
1152 2106 1322 2145 annos
1349 2105 1568 2159 cperam
1600 2089 1699 2142 arti
1729 2104 1840 2143 suae
1875 2086 2044 2141 dedit.

461 2185 591 2239 Erat
628 2185 848 2239 ferenda
881 2184 1085 2239 fames?
1117 2199 1222 2238 non
1245 2182 1582 2247 concidebat,
1617 2197 1715 2236 nec
1737 2181 2042 2236 vacillabat.

461 2278 795 2332 Moriendum
838 2277 988 2331 erat?
1034 2292 1141 2330 non
1189 2276 1473 2346 dcjiciebat
1497 2275 1773 2329 animum:
1813 2274 2046 2342 undique

461 2384 782 2435 generosum
825 2368 975 2423 illum
1014 2367 1277 2433 animum,
1320 2376 1478 2436 atque
1507 2376 1676 2420 artem
1707 2363 2041 2419 ostendebat.

465 2462 618 2516 llunc
661 2462 818 2532 igitur
861 2462 1197 2522 a'tnnlemur,
1246 2475 1345 2515 nec
1383 2458 1670 2529 quidquam
1700 2474 1875 2512 causa:
1901 2457 2001 2511 erit
2029 2496 2044 2522 ,

462 2570 559 2609 eur
590 2569 938 2610 intereamus.
971 2553 1107 2620 Quid
1132 2553 1275 2607 enim
1298 2593 1313 2618 ,
1340 2550 1426 2605 dic
1455 2549 1605 2613 mihi,
1642 2548 1730 2602 tali
1765 2549 1881 2602 viro
1912 2562 2047 2602 mce-

465 2658 639 2697 rorcm
681 2642 875 2697 afferre
922 2641 1163 2712 poterit?
1202 2641 1340 2696 Nihil
1389 2654 1520 2695 sane
1556 2657 1567 2692 :
1605 2638 1859 2709 quamdiu
1914 2639 2051 2694 hanc

463 2735 614 2788 nobis
658 2750 817 2789 nemo
866 2735 1147 2804 eripuerit,
1199 2733 1447 2787 omnibus
1494 2732 1801 2785 hominibus
1851 2730 2053 2786 erimus

464 2825 755 2884 beatiores.
789 2835 845 2880 et
876 2826 961 2879 hic
992 2834 1047 2879 ct
1090 2842 1193 2878 non
1224 2825 1331 2878 illic
1361 2833 1584 2878 tantum.
1631 2822 1710 2878 Sit
1743 2823 1885 2877 enim
1930 2823 2051 2891 quis

463 2917 677 2971 virtutis
710 2932 931 2985 compos
960 2933 975 2981 ;
1021 2925 1147 2970 tunc
1193 2927 1247 2970 et
1287 2932 1505 2970 uxorem
1538 2915 1730 2969 habeat
1752 2924 1803 2969 et
1832 2914 1969 2967 lilios
1999 2923 2054 2968 et

464 3008 740 3077 pecunias,
775 3017 827 3061 ct
854 3008 1188 3061 circumfluat
1214 3007 1417 3077 gloria;
1448 3007 1498 3059 in
1531 3006 1611 3059 his
1632 3006 1877 3077 otnnihns
1905 3005 2054 3059 simi-

468 3097 590 3151 liter
641 3097 891 3151 virttttcm
938 3098 1189 3151 retinebit
1240 3114 1253 3151 :
1308 3098 1457 3150 aul'er
1503 3097 1646 3159 have;
1707 3096 2053 3151 nihilominus

469 3191 720 3244 virtutem
756 3191 1061 3254 exi‘rccbit,
1093 3206 1198 3244 non
1239 3189 1633 3243 calamitatibus
1673 3189 1917 3254 obrutus,
1948 3204 2051 3243 non

468 3297 533 3335 ex
581 3282 938 3350 prosperitate
990 3291 1335 3346 tumescens;
1387 3281 1480 3335 sed
1523 3280 1745 3352 perinde
1791 3297 1853 3336 ac
1899 3291 2051 3352 petra

464 3371 707 3440 qnzrdam
757 3374 1043 3439 maritima,
1078 3373 1189 3428 sive
1218 3382 1426 3443 tnrgeat
1454 3389 1622 3437 mare,
1672 3375 1783 3429 sive
1830 3376 2053 3433 malacia

465 3468 686 3521 exsistat
711 3508 724 3529 ,
771 3482 923 3535 aeque
955 3477 1136 3521 manet
1182 3467 1489 3531 immobilis,
1524 3482 1699 3537 neque
1743 3484 1771 3522 a
1806 3467 2054 3523 fluctibus

466 3558 657 3625 fracta,
693 3573 869 3625 neque
897 3574 924 3611 a
955 3558 1176 3612 malacia
1207 3559 1497 3628 quidquam
1527 3558 1707 3613 damni
1740 3574 1892 3627 passa
1931 3578 1942 3613 :
1983 3561 2055 3614 ita

466 3648 629 3703 etiam
660 3649 865 3704 solidus
907 3652 1118 3703 animus
1159 3665 1311 3719 a'qne
1338 3649 1542 3703 stabilis
1574 3638 1777 3719 perstat
1803 3652 1855 3705 in
1881 3650 2055 3705 ﬂucti—

468 3737 587 3803 bus,
616 3746 669 3791 et
700 3739 750 3791 in
783 3739 1026 3793 malacia.
1078 3738 1142 3793 Et
1174 3739 1625 3809 quemadmodum
1657 3740 1863 3808 pueruli
1900 3741 2057 3794 navi-

464 3828 553 3899 gio
593 3830 731 3884 vecti
772 3830 1071 3893 turbantur,
1116 3830 1445 3900 gubernator
1484 3839 1659 3885 autem
1692 3831 1841 3886 sedet
1873 3831 2054 3886 ridens

467 3929 523 3974 ct
564 3921 845 3984 immotus,
899 3929 953 3974 et
980 3937 1045 3975 ex
1088 3921 1301 3976 illorum
1336 3921 1692 3990 trepidatione
1719 3923 2053 3992 voluptatein

469 4012 614 4079 capit
648 4029 660 4065 :
704 4010 772 4064 ita
809 4012 1017 4065 animus
1046 4011 1465 4082 philosophieus,
1494 4012 1623 4068 dum
1660 4015 1839 4070 caeteri
1867 4030 2056 4072 omnes

465 4101 771 4169 turbantur,
815 4115 907 4158 ant
930 4104 1163 4160 vicissim
1189 4105 1365 4160 rident
1397 4105 1773 4173 intempestive
1797 4107 1848 4161 in
1870 4123 2050 4163 rerum

465 4194 891 4262 mutationibus,
934 4196 1045 4265 ipse
1083 4197 1233 4265 quasi
1276 4198 1342 4250 ad
1373 4196 1580 4251 clavum
1616 4198 1906 4268 quemdam
1936 4200 2052 4269 pie-

1207 323 1263 379 S.
1291 319 1567 379 .IOANNIS
1601 316 2077 376 CIIRYSOSTOMI
2115 316 2430 375 ARCHIEP.
2460 318 2990 375 CONSTANTINOP.

3632 327 3738 386 276

2155 432 2278 486 tatis
2308 431 2504 488 sedens
2546 442 2745 502 perstat
2783 434 3058 487 iunnotus.
3083 432 3220 499 Quid
3252 435 3416 503 enim,
3451 438 3537 494 dic
3565 441 3695 496 mihi
3717 485 3734 509 ,

2150 524 2385 579 animam
2441 525 2582 594 piam
2643 524 2959 593 perturbare
3005 527 3216 596 potest?
3272 520 3400 582 num
3450 532 3633 586 mors?
3681 544 3740 589 at

2152 613 2253 669 hoc
2298 614 2537 670 melioris
2587 615 2710 669 vitae
2764 616 2997 671 initium.
3047 620 3128 671 An
3173 620 3496 687 paupertas?
3540 631 3597 676 at
3635 623 3739 679 hoe

2150 709 2321 778 ipsam
2348 707 2592 776 provehit
2624 708 2674 762 in
2707 709 2919 764 virtutis
2950 710 3053 763 via.
3103 711 3185 764 An
3212 711 3477 767 morbus?
3500 713 3605 768 Sed
3640 732 3738 782 pro

2150 799 2319 855 nihilo
2345 799 2507 855 habet
2535 801 2672 856 hanc
2696 802 2879 857 vitam.
2924 802 2991 856 Et
3011 802 3139 872 quid
3166 803 3286 859 dico
3311 806 3557 861 morbum
3583 806 3605 859 τ’
3639 823 3737 878 pro

2151 891 2318 946 nihilo
2363 908 2517 962 :rque
2562 880 3161 949 habet‘deleetatiooes
3231 904 3393 966 atque
3422 913 3734 957 mrumnas:

2148 983 2459 1052 anticipavit
2482 984 2624 1038 enim
2650 1025 2665 1048 ,
2695 999 2757 1039 ac
2781 999 2841 1039 se
2870 985 2982 1056 ipsa
3009 986 3122 1055 jam
3150 985 3362 1042 afﬂixit.
3406 990 3484 1044 An
3527 991 3738 1061 ignobi-

2146 1073 2311 1131 litas?
2350 1074 2445 1130 sed
2492 1076 2721 1131 mundus
2766 1078 2865 1146 ipsi
2901 1080 3190 1133 crucifixus
3226 1089 3310 1135 est
3385 1083 3466 1136 An
3517 1084 3741 1138 amissio

2147 1166 2487 1222 liberorum?
2529 1166 2623 1221 sed
2654 1183 2758 1221 non
2784 1169 3011 1233 metuit;
3093 1168 3332 1223 futuram
3404 1171 3547 1227 enim
3634 1174 3739 1231 sibi

2151 1257 2415 1326 persuasit
2459 1259 2935 1314 resurrectionem.
2965 1259 3103 1327 Quid
3137 1270 3380 1317 evertere
3408 1264 3553 1317 illam
3585 1275 3739 1335 pote-

2153 1349 2260 1403 rit?
2304 1349 2529 1404 Prorsus
2581 1350 2734 1404 nihil.
2781 1351 2851 1404 At
2894 1350 3095 1407 divitia:
3123 1352 3423 1407 extollunt?
3469 1357 3733 1412 minime:

2153 1441 2305 1495 novit
2330 1444 2470 1495 enim
2504 1442 2759 1511 pecunias
2787 1441 2919 1496 nihil
2949 1457 3094 1499 esse.
3128 1445 3197 1498 At
3242 1446 3450 1514 gloria?
3487 1447 3583 1501 sed
3623 1447 3733 1517 jam

2155 1534 2209 1587 in
2263 1534 2362 1587 hac
2386 1534 2662 1603 disciplina
2684 1534 2925 1590 eruditus
2965 1545 3066 1601 est,
3100 1551 3315 1591 omnem
3352 1538 3583 1594 hominis
3609 1540 3733 1610 glo-

2154 1624 2285 1678 riam
2318 1638 2437 1678 esse
2477 1625 2641 1679 veluti
2673 1624 2859 1679 ﬂorem
2893 1624 3020 1682 fmni
3069 1624 3230 1698 (Isai.
3263 1628 3357 1683 40.
3387 1630 3420 1684 6
3442 1630 3483 1700 ).
3511 1632 3579 1684 At
3607 1630 3741 1685 deli-

2155 1716 2293 1772 cim?
2322 1714 2416 1771 sed
2446 1716 2651 1770 audivit
2684 1716 2909 1771 Paulum
2939 1717 3207 1772 dicentem
3228 1760 3242 1780 ,
3287 1719 3414 1784 Qua:
3453 1720 3506 1774 in
3547 1721 3741 1789 deticii;

2154 1815 2247 1869 est,
2279 1806 2446 1860 vivens
2476 1816 2674 1860 mortua
2703 1816 2775 1860 est
2803 1806 2851 1879 (l
2916 1806 3048 1860 Tim.
3067 1809 3123 1864 5.
3143 1806 3223 1880 6).
3250 1809 3392 1880 Ergo
3413 1826 3532 1866 cum
3562 1828 3741 1882 neque

2157 1905 2443 1967 tumescat,
2484 1914 2660 1969 neque
2699 1899 3055 1969 deprimatur,
3083 1902 3213 1973 quid
3245 1903 3373 1958 huic
3404 1907 3619 1961 sanitati
3643 1922 3743 1977 par

2158 1992 2387 2047 inveniri
2425 1994 2664 2062 poterit?
2697 1993 2890 2048 Verum
2918 2010 3024 2049 non
3066 1995 3200 2051 tales
3233 2005 3359 2052 sunt
3384 2006 3595 2054 extera:
3618 2001 3738 2056 atti-

2158 2101 2280 2149 mar,
2312 2086 2408 2141 sed
2456 2085 2697 2140 crebrius
2720 2101 2880 2156 quam
2906 2102 3054 2142 mare
3076 2095 3131 2141 et
3164 2088 3495 2144 chammleon
3527 2100 3741 2146 mutan-

2159 2186 2262 2230 tur.
2297 2176 2657 2245 Quamobrem
2691 2180 2842 2233 valde
2878 2180 3103 2235 ridicula
3129 2190 3213 2235 est
3237 2182 3446 2236 illarum
3467 2184 3738 2240 conditio:

2157 2286 2277 2325 cmn
2313 2273 2493 2327 vida-as
2542 2274 2789 2327 eumdem
2837 2278 2977 2329 nunc
3007 2275 3293 2341 ridentem,
3321 2294 3462 2333 nunc
3498 2278 3739 2347 ﬂentem,

2160 2379 2300 2417 nunc
2340 2365 2647 2428 sollicitum,
2706 2381 2846 2420 nunc
2892 2379 3085 2437 pra-ter
3127 2370 3338 2424 modum
3368 2371 3649 2426 remissum
3681 2387 3745 2428 ac

2161 2463 2481 2523 torpentem.
2539 2455 2829 2525 Propterea
2884 2457 3080 2511 Paulus
3132 2459 3339 2530 inquit,
3392 2461 3569 2517 Nolite
3623 2480 3745 2518 cou-

2159 2546 2372 2615 formari
2422 2546 2539 2599 lmic
2583 2548 2770 2601 stet-nlo
2817 2545 3017 2620 (Rom.
3053 2549 3139 2604 12.
3169 2550 3203 2604 2
3234 2549 3274 2622 ).
3326 2550 3383 2606 In
3428 2553 3562 2609 cado
3599 2554 3743 2608 enim

2159 2638 2437 2710 degimus,
2486 2648 2542 2694 et
2582 2641 2735 2711 quasi
2788 2642 2932 2697 cives
2979 2658 3275 2706 versamur,
3311 2645 3396 2699 ubi
3446 2646 3587 2700 nulla
3625 2664 3744 2702 mu-

2161 2732 2309 2786 tatio.
2369 2732 2639 2786 Promissa
2689 2741 2814 2787 sunt
2861 2733 3015 2789 nobis
3060 2736 3277 2805 praemia
3328 2736 3675 2792 immutabilia
3729 2755 3744 2770 ·

2159 2825 2320 2879 talem
2361 2834 2416 2878 et
2460 2839 2556 2878 nos
2586 2824 2707 2879 vitae
2739 2825 3001 2880 rationem
3048 2825 3430 2889 exhibeamus;
3485 2826 3612 2882 inde
3634 2827 3745 2898 jam

2158 2916 2433 2987 capiamus
2490 2917 2648 2972 bona.
2686 2917 2889 2988 Ecquid
2939 2919 3099 2988 igitur
3143 2934 3242 2973 nos
3285 2921 3383 2989 ipsi
3417 2921 3468 2974 in
3501 2922 3746 2989 euripum

2164 3009 2503 3078 projicimus,
2556 3017 2610 3063 et
2657 3009 2710 3063 in
2762 3008 2970 3063 medios
3000 3009 3195 3064 fluctus
3230 3020 3283 3066 et
3315 3011 3367 3068 in
3403 3014 3668 3081 procellas
3695 3023 3750 3069 et

2161 3099 2445 3154 turbines?
2472 3100 2878 3166 Amplectamur
2913 3102 3353 3171 tranquillitatem
3388 3121 3400 3157 :
3434 3119 3494 3159 ea
3526 3118 3635 3161 non
3676 3120 3748 3161 ex

2161 3192 2360 3246 divitiis
2407 3192 2627 3261 pendet.
2673 3209 2777 3247 non
2825 3209 2892 3249 ex
2941 3204 3416 3264 paupertate,non
3448 3212 3511 3255 ex
3539 3198 3746 3270 gloria,

2162 3301 2266 3339 non
2300 3301 2363 3339 ex
2399 3284 2750 3355 ignobilitate,
2778 3302 2886 3342 non
2915 3303 2981 3344 ex
3013 3289 3220 3353 morbo,
3257 3305 3360 3345 non
3393 3305 3461 3346 ex
3487 3292 3748 3359 sanitate,

2161 3393 2268 3432 non
2294 3392 2358 3432 ex
2390 3377 2721 3444 infirmitate,
2750 3378 2844 3433 sed
2875 3394 2938 3434 ex
2968 3391 3153 3459 nostro
3174 3381 3434 3452 cujusque
3460 3386 3662 3439 animo.
3692 3384 3749 3441 Si

2162 3472 2250 3527 hic
2279 3472 2483 3528 solidus
2513 3472 2696 3540 fuerit,
2725 3489 2789 3528 ac
2813 3483 2960 3529 recte
2989 3475 3039 3529 in
3076 3476 3286 3531 virtutis
3314 3477 3595 3547 disciplina
3625 3494 3747 3534 eru-
3802 3480 3808 3487 ’

2161 3564 2327 3630 ditus,
2377 3566 2555 3619 omnia
2596 3566 2672 3620 illi
2721 3564 2898 3622 facilia
2940 3576 3119 3621 erunt.
3165 3570 3339 3637 Atque
3368 3570 3491 3625 hinc
3516 3569 3627 3640 jam
3660 3586 3749 3627 re-

2162 3658 2341 3727 quiem
2371 3668 2578 3721 cernet,
2609 3668 2930 3729 portumque
2957 3659 3302 3730 tranquillum
3323 3702 3337 3723 .
3367 3669 3423 3717 et
3466 3662 3592 3720 illuc
3629 3679 3751 3733 pro-

2164 3747 2332 3803 fectus
2362 3743 2767 3805 innumerabilia
2798 3749 2936 3806 bona
2963 3761 3319 3821 consequetur
3349 3770 3363 3807 :
3402 3769 3522 3823 qua:
3544 3755 3747 3810 utinam

2164 3855 2264 3896 nos
2293 3856 2483 3896 omnes
2508 3856 2919 3911 consequamur,
2964 3844 3134 3913 gratia
3173 3852 3228 3899 et
3279 3844 3603 3914 benignitate
3646 3847 3751 3902 Do-

2164 3935 2293 3988 mini
2342 3934 2510 3989 nostri
2560 3934 2689 3989 Jesu
2742 3936 2975 4004 Christi,
3025 3952 3145 3991 cum
3177 3954 3285 4008 quo
3314 3938 3458 3994 Patri
3488 3940 3751 4009 simulque

2162 4036 2349 4083 saneto
2387 4027 2606 4099 Spiritui
2656 4029 2861 4099 gloria,
2913 4029 3225 4100 imperium,
3264 4032 3459 4101 honor,
3510 4048 3650 4089 nunc
3697 4041 3753 4087 et

2165 4132 2401 4189 semper,
2436 4129 2489 4175 et
2518 4120 2569 4174 in
2601 4120 2797 4175 saecula
2823 4120 3167 4177 smculorum.
3202 4125 3392 4180 Amen.

1879 4416 2222 4478 HOMILIA
2270 4415 2443 4485 XIII.

464 4566 593 4621 CAP.
628 4569 679 4622 '5.
718 4583 768 4619 ν.
804 4567 889 4621 13.
930 4566 1081 4620 Multi
1107 4568 1241 4620 enim
1268 4567 1551 4632 ambulant,
1594 4584 1720 4639 quos
1749 4583 1883 4637 swpe
1912 4568 2053 4621 dice-

534 4660 647 4713 bam
681 4659 836 4723 vobis,
868 4675 1001 4711 nunc
1029 4667 1194 4713 autem
1218 4670 1264 4713 et
1294 4660 1426 4730 flens
1447 4659 1558 4712 diro
1580 4701 1594 4724 ,
1628 4660 1858 4713 inimicos
1885 4659 2051 4711 crucis

534 4752 742 4816 Christi,
794 4751 880 4807 I9.
911 4768 1123 4821 quarunt
1172 4752 1289 4819 ﬁnis
1337 4752 1602 4814 interitus;
1651 4767 1869 4820 quorum
1908 4749 2051 4805 Deus

534 4854 700 4898 exntcr
731 4853 822 4907 est,
855 4854 900 4897 et
928 4844 1093 4914 gloria
1115 4844 1166 4896 in
1189 4845 1489 4915 confusione
1519 4849 1772 4910 ipsorum,
1822 4844 1909 4913 qui
1946 4853 2049 4897 ter-

533 4950 655 4989 rena
691 4936 917 5004 sapiunt.
945 4934 1036 4989 20.
1092 4934 1279 4988 Noslra
1322 4936 1455 4988 enim
1492 4935 1805 4987 conversatio
1834 4935 1884 4988 in
1912 4934 2051 4988 cwlis

534 5043 605 5082 ast
640 5044 657 5078 .”
692 5026 827 5079 unde
852 5027 1002 5080 etiam
1037 5026 1355 5080 Salvatorcm
1396 5034 1744 5095 exspectamus
1779 5023 2053 5078 Dominum

530 5117 709 5174 Jesnm
742 5117 1013 5181 Christum,
1039 5116 1129 5170 2i.
1160 5118 1249 5187 qui
1271 5116 1652 5186 transﬁgurabit
1682 5133 1863 5186 corpus
1891 5117 2054 5170 Immi-

536 5210 693 5265 litau's
723 5220 928 5271 nostrar,
953 5218 1008 5262 ut
1040 5212 1298 5280 conformo
1319 5209 1408 5275 ﬁat
1428 5211 1630 5280 corpori
1657 5210 1901 5262 claritatis
1919 5222 2045 5274 sum,

532 5301 807 5355 secundum
828 5300 1171 5365 operationem
1202 5299 1397 5353 virtutis
1420 5315 1547 5363 sine,
1571 5315 1670 5369 qua
1709 5301 1861 5353 etiam
1893 5299 2051 5368 possit

516 5390 777 5462 subjicere
800 5392 893 5445 sibi
921 5392 1111 5444 omnia.

535 5485 587 5536 l.
627 5482 771 5537 Nihil
820 5499 973 5553 aeque
1017 5482 1420 5537 dissentaneum
1469 5491 1572 5547 est,
1629 5481 1972 5549 alienumque
2022 5495 2051 5535 a

462 5568 790 5636 Christiano,
818 5588 880 5627 ac
901 5588 1141 5643 requiem
1171 5582 1225 5628 et
1245 5574 1409 5626 otium
1431 5586 1676 5641 quaerere
1704 5588 1715 5622 :
1745 5569 1873 5624 nihil
1898 5587 2052 5639 :thth

467 5677 495 5713 a
531 5662 866 5730 professione
911 5674 1091 5719 nostra
1116 5674 1171 5719 et
1202 5665 1410 5729 militia,
1443 5664 1526 5717 cui
1557 5678 1750 5716 nomen
1781 5662 2047 5727 dedimus,

468 5751 793 5821 alienum,ac
817 5757 1061 5822 praesenti
1084 5758 1206 5812 vitm
1235 5755 1471 5813 defixum
1494 5770 1631 5812 esse.
1658 5754 1912 5811 Dominus
1932 5763 2055 5809 tuus

2164 4567 2217 4621 in
2241 4581 2457 4620 crucem
2489 4575 2639 4619 actus
2662 4572 2760 4628 est,
2791 4571 2845 4618 et
2872 4574 2927 4618 tu
2959 4565 3199 4633 requiem
3231 4568 3466 4636 quan-is?
3499 4567 3754 4623 Druninus

2167 4665 2284 4710 tuus
2310 4656 2476 4710 clavis
2501 4655 2745 4710 confixus
2773 4663 2876 4721 est,
2896 4663 2949 4710 et
2981 4664 3036 4709 tu
3063 4655 3371 4714 deliciaris?
3401 4658 3634 4714 hreccine
3656 4661 3755 4712 mi-

2165 4750 2269 4804 litis
2295 4748 2586 4820 generosi?
2616 4749 2903 4817 Propterea
2936 4749 3096 4803 etiam
3121 4748 3316 4804 Paulus
3374 4750 3565 4821 inquit,
3598 4750 3752 4805 Multi

2164 4843 2587 4909 ambulant,quos
2603 4857 2740 4913 sa'pe
2768 4842 2994 4895 dicebam
3022 4841 3177 4907 vobis,
3197 4858 3333 4896 nunc
3359 4853 3528 4896 autem
3556 4855 3602 4898 et
3626 4844 3752 4914 ﬂens

2163 4933 2301 4993 dico,
2332 4933 2561 4986 inimicos
2588 4933 2750 4987 crucis
2776 4931 2986 4986 Christi.
3011 4931 3275 4998 Quoniam
3306 4942 3459 4988 erant
3488 4935 3751 5002 nonnulli,

2163 5025 2253 5093 qui
2282 5023 2749 5078 Christianismum
2768 5024 2983 5092 quidem
3008 5024 3353 5086 simulabant.
3374 5023 3470 5079 sed
3491 5025 3542 5079 itt
3560 5027 3673 5080 otio
3692 5042 3753 5082 ac

2162 5115 2368 5170 deliciis
2389 5116 2655 5179 vivebant,
2678 5116 2728 5169 id
2754 5131 2880 5171 vero
2909 5115 3223 5170 adversatur
3251 5118 3430 5184 cruci;
3456 5118 3655 5173 ideirco
3684 5121 3753 5175 ita

2163 5208 2396 5263 dicebat.
2426 5210 2563 5263 Crux
2584 5210 2724 5263 enim
2752 5210 2962 5277 pr0pria
2989 5210 3182 5263 anima:
3213 5219 3295 5265 est
3322 5212 3372 5264 in
3397 5212 3512 5267 acie
3539 5215 3749 5276 stantis,

2164 5300 2298 5355 mori
2327 5300 2591 5369 cupientis
2611 5341 2625 5365 ,
2668 5299 2868 5354 nullam
2899 5298 3001 5354 sibi
3030 5299 3441 5355 oblectationem
3467 5303 3745 5371 pestulan-

2166 5392 2234 5446 tis
2265 5409 2278 5445 :
2305 5391 2382 5446 illi
2410 5407 2537 5446 vero
2579 5389 2905 5446 contrariam
2956 5390 3079 5445 vita:
3124 5391 3388 5447 rationem
3436 5405 3750 5464 sequuntur.

2165 5482 2522 5548 Quamobrem
2572 5480 2780 5535 tametsi
2825 5479 3008 5534 dicunt
3038 5495 3096 5535 se
3123 5477 3319 5537 Christi
3355 5497 3496 5549 esse,
3549 5484 3749 5539 inimici

2168 5584 2341 5629 tamen
2374 5584 2497 5627 sunt
2524 5572 2700 5627 crucis
2729 5589 2741 5625 :
2774 5570 2994 5641 alioqui,
3044 5572 3086 5626 si
3131 5589 3344 5628 crucem
3375 5565 3673 5640 amarent,
3703 5574 3752 5631 id

2163 5682 2378 5736 quoque
2428 5664 2745 5729 studerent,
2794 5671 2852 5717 ut
2900 5664 3210 5719 erneillsam
3264 5664 3427 5718 vitam
3486 5665 3752 5720 viverent.

2163 5756 2351 5812 Nonne
2386 5756 2438 5811 in
2468 5769 2681 5810 crucem
2710 5764 2858 5810 actus
2892 5762 2973 5810 est
3009 5755 3263 5809 Dominus
3309 5757 3474 5812 tuus?
3524 5756 3575 5810 Si
3611 5757 3753 5814 illius
