4184 6502
488 350 592 406 277

490 469 595 541 σθη
629 483 724 522 σου
755 468 782 519 6
827 465 1144 535 Δεσπότης;
1197 464 1452 535 Μίμησαι
1499 464 1562 516 σὺ
1601 463 1774 526 ἄλλως
1808 460 1992 523 αὑτὸν,
2027 465 2074 512 ε.

497 561 574 633 μὴ
600 561 692 614 τὸν
722 558 932 613 ἐκείνου
966 556 1191 610 δύνασαι
1223 556 1427 627 τρόπον
1449 569 1463 584 ⁶
1517 555 1833 626 σταύρωσον
1861 555 2072 619 ἑαυτὸν,

492 651 597 707 κᾶν
627 651 812 722 μηδείς
845 665 904 702 σε
935 647 1252 718 σταυρώσῃ·
1295 645 1612 718 σταύρωσον
1655 645 1882 699 σεαυτὸν
1911 645 2072 713 λέγω,

492 743 590 810 οὐχ
619 740 707 794 ἵνα
729 739 955 792 σεαυτὸν
989 737 1189 808 ἀνέλῃς
1223 737 1322 807 (μὴ
1349 735 1582 804 γένοιτο,
1620 736 1778 789 τοῦτο
1809 735 1918 806 γὰρ
1945 736 2076 789 ἀσεο

495 832 632 896 θὲς),
660 830 773 884 ἀλλ’
800 829 876 893 ώς
899 828 1112 892 Παῦλος
1147 827 1350 894 ἔλεγεν·
1379 826 1542 895 Ἐμοὶ
1577 829 1706 898 γὰρ,
1738 825 1889 899 [298]
1917 825 2071 897 φησὶ,

492 938 718 990 κοσμος
746 922 1132 992 ἐσταύρωται,
1164 921 1325 990 κάγὼ
1355 919 1434 986 τῷ
1466 920 1689 988 κόσμῳ.

565 1027 625 1079 Εἰ
656 1024 830 1094 φιλεῖς
854 1026 945 1078 τὸν
971 1023 1251 1095 Δεσπότην
1288 1040 1405 1087 σου,
1441 1021 1532 1074 τὸν
1566 1020 1799 1074 θάνατον
1838 1017 2074 1072 ἀπόθανε

493 1117 583 1172 τὸν
615 1117 862 1172 ἐκείνου·
919 1118 1058 1189 μάθε
1092 1117 1232 1186 πόση
1264 1113 1356 1168 τοῦ
1392 1112 1624 1184 σταυροῦ
1659 1115 1692 1183 ἡ
1727 1113 1898 1183 ἰσχὺς,
1935 1110 2076 1162 πόσα

495 1209 845 1281 κατώρθωσε,
879 1209 1018 1264 πόσα
1055 1206 1328 1278 κατορθοῖ,
1362 1206 1478 1270 πῶς
1512 1208 1656 1258 ἐστιν
1689 1203 1961 1272 ἀσφάλεια
1980 1201 2076 1254 τοῦ

496 1301 634 1370 βίου.
667 1299 765 1352 Διά
787 1298 977 1352 τούτου
1010 1300 1184 1351 πάντα
1209 1296 1478 1349 τελεῖται·
1515 1294 1798 1366 βάπτισμα
1843 1291 1933 1344 διὰ
1979 1289 2074 1344 τοῦ

497 1393 734 1464 σταυροῦ
791 1393 892 1463 (δεῖ
924 1393 1034 1462 γὰρ
1087 1389 1374 1444 ἀναλαϐεῖν
1413 1387 1511 1458 τὴν
1549 1385 1860 1458 σφραγῖδα)’
1894 1402 2073 1457 χειρο-

494 1485 645 1537 τονία
676 1483 764 1537 διὰ
810 1481 903 1535 τοῦ
953 1481 1186 1552 σταυροῦ
1208 1499 1220 1510 υ
1257 1478 1360 1533 κᾶν
1390 1480 1446 1532 ὲν
1473 1479 1611 1541 ὁδοῖς
1647 1471 1817 1547 ὦμεν,
1862 1475 1966 1530 κᾶν
2017 1477 2076 1529 ἐν

495 1575 662 1644 οἰκίᾳ,
701 1573 805 1627 κᾶν
856 1575 990 1627 ὅπου
1021 1572 1087 1626 ἄν
1119 1588 1272 1637 ποτε,
1329 1569 1472 1640 μέγα
1506 1567 1709 1636 ἀγαθὸν
1741 1568 1769 1620 6
1822 1567 2073 1640 σταυρὸς,

498 1668 768 1738 σωτήριον
795 1666 980 1729 ὅπλον,
1007 1664 1176 1726 ἀσπὶς
1206 1663 1436 1734 ἄμαχος,
1483 1661 1561 1730 τῷ
1585 1661 1816 1730 διαϐόλῳ
1845 1659 2076 1714 ἀντίπα-

495 1753 604 1818 λος.
635 1753 824 1825 Τούτῳ
859 1749 952 1808 οῦν
991 1751 1291 1824 ὲχθραίνων
1342 1749 1630 1821 βαστάζεις
1679 1749 1769 1802 τὸν
1821 1749 2074 1821 σταυρὸν,

499 1847 574 1916 μὴ
599 1844 787 1907 ἁπλῶς
818 1844 1272 1916 σφραγιζόμενος,
1308 1842 1446 1896 ἀλλὰ
1477 1843 1545 1896 τά
1581 1840 1676 1894 τοῦ
1708 1840 1943 1912 σταυροῦ
1973 1841 2078 1894 πά-

497 1952 661 2006 σχων.
695 1930 817 1989 Οἵδε
873 1937 1101 2006 σταυρὸν
1127 1937 1154 1988 6
1181 1935 1416 2007 Χριστὸς
1443 1934 1512 1988 τὰ
1559 1934 1702 2004 πάθη
1750 1933 1949 2002 λέγειν,
1999 1931 2076 1998 ὡς

493 2026 622 2079 ὅταν
647 2027 780 2098 λέγῃ
801 2042 814 2055 ·
863 2026 1000 2079 Ἐὰν
1028 2026 1106 2094 μή
1155 2043 1244 2092 τις
1294 2025 1407 2094 ἄρῃ
1440 2026 1546 2080 τὸν
1571 2025 1836 2092 σταυρὸν
1866 2023 2074 2089 αὑτοῦ,

497 2115 592 2168 καὶ
624 2116 1016 2185 ἀκολουθήσῃ
1049 2135 1150 2186 μοι
1171 2132 1185 2146 ⁸
1225 2117 1522 2182 τουτέστιν,
1547 2117 1644 2170 ἐὰν
1667 2117 1741 2188 μή
1769 2111 1908 2191 τιςῇ
1938 2133 2076 2187 παρ-

495 2205 896 2275 εσκευασμένος
926 2206 1059 2276 πρὸς
1094 2205 1342 2261 θάνατον.
1372 2200 1534 2260 Οὗτοι
1579 2206 1634 2260 δὲ
1682 2209 1896 2276 ἀγενεῖς
1921 2207 2076 2270 ὄντες

496 2295 592 2347 καὶ
619 2295 870 2363 φιλόζωοι
906 2297 998 2349 καὶ
1042 2297 1428 2367 φιλοσώματοι,
1477 2297 1661 2370 ἐχθροὶ
1706 2297 1799 2352 τοῦ
1839 2297 2076 2368 σταυροῦ

494 2386 824 2456 τυγχάνουσι
851 2405 864 2418 ο
897 2388 992 2442 καὶ
1019 2391 1146 2453 πᾶς,
1179 2389 1238 2452 ὃς
1264 2389 1329 2442 ἂν
1419 2391 1518 2460 τῆς
1543 2390 1754 2460 τρυφῆς
1781 2389 1932 2459 φίλος
1983 2390 2077 2443 καὶ

495 2479 595 2549 τῆς
626 2479 860 2533 ἐνταῦθα
893 2480 1212 2549 ἀσφαλείας,
1249 2482 1438 2552 ἐχθρός
1465 2483 1581 2534 ἐστι
1607 2481 1699 2534 τοῦ
1731 2481 1986 2552 σταυροῦ,
2019 2482 2078 2534 ὲν

495 2565 540 2638 ᾧ
575 2571 786 2636 Παῦλος
815 2575 1085 2644 καυχᾶται
1111 2574 1206 2627 καὶ
1244 2573 1654 2645 περιπλέκεται,
1693 2567 1739 2642 ᾧ
1786 2573 2077 2638 σπουδάζει

500 2665 948 2734 συνουσιωθῆναι,
1006 2665 1082 2729 ὡς
1131 2667 1260 2719 ὅταν
1294 2665 1461 2738 λέγῃ·
1511 2665 1658 2735 Ἐγὼ
1701 2666 2076 2736 ἑσταύρωμαι

495 2754 576 2821 τῷ
607 2759 835 2825 κόσμῳ.
873 2757 972 2810 καί
1024 2761 1058 2811 ό
1111 2759 1339 2828 κόσμος
1374 2758 1522 2828 ἐμοί.
1551 2758 1664 2811 Νῦν
1695 2758 1750 2812 δέ
1785 2776 1939 2831 φησι,
1967 2758 2077 2813 Καὶ

495 2849 722 2901 κλαίων
758 2848 930 2918 λέγω.
960 2848 1058 2902 Διά
1089 2849 1176 2915 τί;
1211 2851 1333 2904 Ὅτι
1373 2851 1611 2904 ἐπέτεινε
1663 2851 1724 2904 τὸ
1769 2852 1955 2918 κακὸν,
1995 2855 2078 2908 ὅτι

498 2937 750 3009 δακρύων
783 2939 922 3004 ἄξιοι
953 2941 1002 2992 οἱ
1032 2939 1283 2994 τοιοῦτοι.
1327 2943 1536 3005 Ὄντως
1566 2941 1818 3013 δακρύων
1850 2942 1990 3008 ἄξιοι
2028 2945 2076 2997 οἱ

497 3029 831 3099 τρυφῶντες,
867 3032 929 3084 τὸ
963 3031 1062 3101 μὲν
1108 3032 1473 3101 περιὸόλαιον,
1519 3035 1786 3098 τουτέστι,
1820 3035 1881 3088 τὸ
1920 3035 2079 3104 σῶμα

497 3117 859 3185 λιπαίνοντες,
886 3121 984 3189 τῆς
1029 3120 1086 3174 δὲ
1123 3121 1424 3192 μελλούσης
1478 3123 1706 3184 εὐθύνας
1751 3123 1950 3177 διδόναι
1985 3125 2077 3176 ού-

497 3208 624 3262 δένα
655 3210 966 3280 ποιούμενοι
1015 3211 1191 3282 λόγον.
1237 3213 1368 3266 Ἰδοὺ
1410 3215 1641 3284 τρυφᾷς,
1675 3215 1782 3266 ἰδοὺ
1829 3215 2068 3284 μεθύεις,

501 3302 741 3371 σήμερον
792 3301 886 3354 καὶ
935 3299 1144 3372 αὔριον,
1182 3301 1275 3354 καὶ
1327 3301 1459 3354 δέκα
1487 3305 1580 3373 ἐτη
1634 3304 1727 3354 καὶ
1777 3303 1950 3356 εἴκοσι
1985 3305 2079 3358 καὶ

498 3391 791 3460 τριάκοντα
831 3393 923 3442 καὶ
955 3391 1293 3460 πεντήκοντα
1341 3391 1434 3442 καὶ
1469 3391 1684 3453 ἑκατὸν,
1720 3393 1853 3463 ὅπερ
1883 3393 2076 3446 ἀδύνα-

498 3499 624 3536 τονο
664 3482 805 3554 πλὴν
833 3482 968 3544 ἀλλ’,
1022 3483 1071 3534 εἰ
1121 3481 1321 3552 βούλει,
1358 3481 1574 3552 θῶμεν
1611 3481 1662 3536 τί
1700 3483 1760 3536 τὸ
1795 3485 1998 3555 πέρας;
2027 3485 2078 3537 τί

499 3573 562 3627 τὸ
599 3573 822 3644 κέρδος;
876 3574 1063 3626 Ούδέν.
1095 3573 1167 3626 Τὸ
1211 3569 1302 3628 οῦν
1348 3573 1586 3627 τοιοῦτον
1631 3573 1745 3644 βίον
1780 3573 1879 3646 ζῇν
1901 3577 1958 3628 ού
1988 3577 2079 3628 δα-

501 3665 685 3736 κρύων
707 3666 856 3732 ἄξιον
880 3666 974 3718 καὶ
1013 3665 1226 3737 θρήνων
1251 3684 1265 3730 ;
1295 3668 1540 3736 Ἤγαγεν
1574 3668 1722 3738 ἡμᾶς
1751 3669 1830 3730 είς
1859 3667 1919 3718 τὸ
1956 3668 2082 3721 στά-

501 3756 614 3809 διον
647 3756 799 3810 τοῦτο
827 3759 854 3810 6
883 3756 1035 3821 Θεὸς,
1079 3759 1164 3810 ἵνα
1193 3757 1535 3830 στεφανώσῃ,
1565 3761 1658 3812 καὶ
1689 3760 1850 3829 ἡμεῖς
1877 3761 2078 3828 ἄπιμεν

507 3847 675 3916 μηδὲν
703 3847 1068 3919 ἐργασάμενοι
1095 3851 1358 3916 γενναῖον.
1377 3849 1568 3903 Κλαίει
1597 3849 1776 3904 τοίνυν
1811 3853 1838 3902 6
1871 3851 2081 3914 Παῦλος

503 3939 588 4006 ἐφ’
617 3932 698 4000 οἷς
724 3938 900 4010 ἕτεροι
959 3939 1157 4008 γελῶσι
1203 3943 1295 3993 καὶ
1341 3941 1688 3995 σπαταλῶσιν
1709 3958 1722 3972 ·
1763 3941 1936 4006 οὕτως
1964 3943 2082 3997 ἐστὶ

506 4028 942 4098 συμπαθητικὸς,
991 4029 1135 4084 οῦτω
1175 4031 1454 4101 φροντίζει
1491 4033 1706 4086 πάντων
1753 4033 2078 4102 ἀνθρώπων.

505 4111 619 4172 Ὧν
657 4120 688 4172 6
727 4120 884 4186 θεὸς,
918 4121 1104 4191 φησὶν,
1151 4121 1191 4188 ὴ
1249 4123 1466 4175 κοιλία.
1498 4123 1596 4176 Διά
1627 4124 1786 4178 τοῦτό
1815 4127 1930 4179 ἐστι
1961 4127 2082 4190 θεὸς

505 4212 714 4276 αὐτοῖς·
752 4210 911 4264 τοῦτό
963 4214 1103 4274 ἐστι,
1151 4212 1436 4281 Φάγωμεν
1483 4214 1579 4268 καὶ
1629 4217 1875 4285 πίωμεν.
1916 4218 2082 4289 Ὀρᾷς

503 4300 627 4356 ὅσον
663 4301 697 4370 ἡ
719 4303 898 4372 τρυφὴ
923 4301 1126 4364 κακόνς
1185 4304 1297 4365 τοῖς
1331 4303 1428 4372 μὲν
1456 4302 1524 4356 τά
1546 4306 1831 4375 χρήματα,
1878 4307 1992 4370 τοῖς
2024 4307 2081 4359 δὲ

503 4397 538 4463 ἡ
573 4394 751 4448 κοιλία
787 4397 816 4446 6
859 4393 998 4456 θεός.
1053 4393 1190 4463 Οὐχὶ
1237 4393 1618 4466 εἰδωλολάτραι
1662 4397 1755 4450 καὶ
1785 4389 1950 4461 οῦτοι,
1989 4399 2085 4449 καὶ

507 4490 728 4542 ἐκείνων
745 4489 959 4560 χείρους
983 4507 996 4554 ;
1031 4491 1135 4543 Καὶ
1167 4492 1204 4558 ’ἡ
1229 4491 1398 4554 δόξα,
1433 4492 1614 4562 φησὶν,
1633 4492 1701 4545 ἐν
1721 4491 1795 4562 τῇ
1820 4493 2084 4562 αἰσχύνη

505 4581 723 4634 αὐτῶν.
755 4581 908 4643 Τινὲς
937 4579 1036 4651 τὴν
1065 4584 1362 4652 περιτομήν
1385 4599 1516 4652 φασι
1548 4583 1742 4654 δηλοῦν
1762 4583 1850 4637 διὰ
1869 4583 2082 4636 τούτου·

507 4671 617 4743 ἐγὼ
647 4672 702 4725 δὲ
737 4673 798 4724 οὐ
831 4671 990 4726 τοῦτό
1046 4689 1210 4742 φημι,
1250 4673 1385 4728 ἀλλὰ
1417 4674 1574 4728 τοῦτό
1629 4676 1776 4728 ἐστιν
1798 4692 1812 4706 ο
1848 4675 1968 4743 Ἐφ’
2002 4671 2085 4738 οἷς

507 4767 615 4820 ἔδει
649 4765 1109 4833 ἐγκαλύπτεσθαι,
1137 4767 1230 4820 ἐπὶ
1271 4767 1480 4831 τούτοις
1516 4765 1891 4838 σεμνύνονται.
1917 4767 2087 4822 Τοῦτό

506 4858 654 4910 ἐστιν
697 4859 733 4911 «δ
783 4875 948 4928 φησιν
996 4858 1230 4928 ἀλλαχοῦ
1255 4875 1268 4888 '
1317 4859 1456 4914 Τίνα
1489 4854 1604 4914 οὖν
1640 4860 1864 4929 μισθὸν
1892 4862 2086 4930 εἴχετε

503 4949 658 5008 τότε,
693 4949 785 5018 ἐφ’
815 4945 904 5016 οἷς
937 4949 1054 5003 νῦν
1091 4951 1570 5017 ἐπαισχύνεσθε;
1618 4952 1800 5004 Δεινὸν
1838 4952 1938 5020 μὲν
1978 4953 2086 5024 γὰρ

507 5041 567 5093 1:6
599 5041 802 5112 αἰσχρὰ
849 5043 1133 5111 πράττειν,
1172 5045 1231 5097 τὸ
1276 5044 1332 5098 δὲ
1364 5045 1669 5116 πράττοντα
1707 5043 2084 5114 αἰσχύνεσθαι,

507 5131 568 5198 ἐξ
600 5132 856 5200 ἡμισείας
890 5133 1008 5186 ἐστὶ
1029 5134 1234 5188 δεινόν’
1277 5137 1408 5188 ὅταν
1441 5136 1621 5206 μέντοι
1650 5152 1734 5198 τις
1767 5135 1862 5188 καὶ
1886 5136 2086 5204 ἐγκαλ-

507 5215 835 5288 λιιιπίζηται,
869 5221 1142 5293 ὑπερϐολὴ
1192 5224 1570 5294 ἀναισθησίας.
1602 5219 1750 5296 τΑρα
1779 5226 1906 5295 περὶ
1939 5225 2086 5279 ὲκεί-

509 5327 616 5362 νων
648 5311 807 5380 μόνον
839 5311 1010 5366 ταῦτα
1046 5312 1284 5384 εἴρηται,
1329 5316 1380 5368 οἱ
1423 5315 1480 5368 δὲ
1517 5315 1785 5386 παρόντες
1825 5319 1960 5386 ἡμῖν
2005 5319 2088 5370 ἐν·

509 5399 683 5454 ταῦθα
712 5402 972 5472 ἐξέφυγον
999 5403 1061 5456 τὸ
1087 5405 1372 5476 ἐγκλημα;
1409 5407 1502 5460 καὶ
1541 5408 1716 5470 οὐδείς
1742 5409 1888 5460 ἐστιν
1918 5408 2086 5461 ὑπεύ-

511 5489 671 5555 θυνος
701 5493 908 5565 τούτῳς
940 5499 1060 5551 οὐδὲ
1089 5498 1222 5551 Θεὸν
1249 5497 1363 5568 ἔχει
1395 5499 1494 5572 τὴν
1518 5499 1756 5565 κοιλίαν;
1818 5501 1937 5554 οὐδὲ
1990 5501 2088 5573 τὴν

511 5577 668 5643 δόξαν
712 5583 770 5636 ὲν
816 5587 882 5656 τῇ
936 5587 1198 5660 αίσχύνῃ;
1229 5589 1519 5658 Βούλομαι,
1563 5587 1712 5662 [299]
1745 5593 1838 5646 καὶ
1885 5593 2090 5666 σφόδρα

515 5671 774 5743 βούλομαι
803 5677 970 5746 μηδὲν
995 5681 1198 5734 τούτων
1227 5677 1366 5736 εἶναι
1401 5683 1538 5754 πρὸς
1567 5684 1738 5754 ἡμᾶς,
1777 5685 1910 5756 μηδὲ
1950 5685 2088 5738 είδέ-

515 5777 602 5814 ναι
630 5765 750 5818 τινὰ
775 5765 957 5836 ἔνοχον
984 5773 1096 5832 τοῖς
1117 5769 1430 5840 λεγομένοις
1451 5789 1462 5802 ·
1495 5772 1708 5826 δέδοικα
1737 5771 1795 5826 δὲ
1841 5773 1914 5844 μὴ
1955 5773 2091 5842 πρὸς

1209 346 1266 402 S.
1313 344 1600 402 JOANNIS
1641 337 2129 400 CHRYSOSTOHI
2193 341 2515 400 ARCHIEP.
2559 343 3113 402 CONSTANTINOP.

3643 344 3750 402 ἢ.ῖῦ

2181 461 2330 529 ἡμᾶς
2362 461 2583 531 μᾶλλον,
2609 462 2642 532 ἦ
2669 463 2794 526 τοὺς
2819 463 2936 515 τότε
2968 461 3213 530 λέγηται.
3246 459 3414 514 Ὅταν
3444 461 3550 532 γὰρ
3574 461 3758 516 πάντα

2178 551 2270 603 τὸν
2295 551 2425 621 βίον-
2440 553 2498 605 ὲν
2521 553 2706 615 πότοις
2749 551 2846 606 καὶ
2873 551 3084 623 κώμοις
3115 551 3384 624 ἀναλίσκῃ
3411 567 3517 616 τις,
3545 553 3642 606 καὶ
3669 555 3752 617 είς

2182 640 2281 708 μὲν
2310 639 2546 710 πένητας
2573 641 2732 708 ὀλίγα
2759 639 2882 694 τινὰ
2904 641 3139 711 δαπανᾷ,
3186 639 3249 692 τὸ
3275 639 3332 692 δὲ
3364 639 3528 692 πλέον
3569 639 3754 693 ἀναλί-

2181 746 2285 800 σκῃ
2315 732 2398 793 είς
2451 731 2550 801 τὴν
2601 731 2831 796 κοιλίαν,
2864 732 2963 785 οὐκ
3001 731 3225 795 εἰκότως
3277 731 3372 784 καὶ
3409 732 3540 802 περὶ
3583 730 3752 786 αὑτοῦ

2176 820 2498 892 λεχθήσεται
2519 838 2534 887 ;

2250 911 2496 982 β’.οὑδὲν
2531 911 3024 984 ὲντρεπτικώτερον
3054 915 3154 984 τῆς
3181 910 3400 976 λέξεως,
3435 912 3588 967 οὐδὲν
3617 912 3754 983 πλη-

2178 1003 2408 1058 κτικώτε
2419 1021 2528 1077 ρον,
2551 997 2666 1060 Ὠν
2688 1008 2720 1059 ὁ
2740 1004 2894 1070 θεὸς,
2919 1004 3102 1074 φησὶν,
3130 1004 3169 1071 ἡ
3190 1004 3408 1068 κοιλία,
3425 1005 3524 1058 καί
3545 1007 3582 1074 ἡ
3601 1004 3755 1070 δόξα

2176 1095 2248 1149 ἐν
2285 1093 2361 1164 τῇ
2397 1098 2662 1165 αισχύνῃ
2702 1095 2920 1152 αὐτῶν.
2951 1093 3107 1158 Τίνες
3135 1087 3283 1148 οὗτοί
3326 1094 3498 1162 είσιν;
3533 1097 3598 1147 Ol
3628 1094 3756 1149 ἐπί·-

2178 1204 2305 1258 τεια
2348 1188 2736 1257 φρονοῦντες,
2767 1189 2815 1240 οἱ
2849 1186 3128 1255 λέγοντες·
3169 1185 3628 1256 Οἱκοδομήσωμεν
3666 1187 3746 1240 ol-

2177 1279 2322 1342 κίας.
2357 1279 2502 1344 Ποῦ;
2555 1280 2642 1332 Ἐν
2666 1281 2732 1349 τῇ
2759 1281 2854 1350 γῇ,
2878 1279 3010 1350 φησί
3037 1297 3050 1311 ο
3083 1275 3416 1349 κτησώμεθα
3445 1277 3667 1346 ἀγροὺς,
3695 1277 3754 1329 ὲν

2176 1373 2245 1442 τῇ
2277 1373 2348 1442 γῇ
2379 1371 2542 1424 πάλιν
2567 1386 2580 1399 ·
2624 1370 2968 1441 ὲπιτύχωμεν
3017 1370 3214 1441 ἀρχῆς,
3244 1368 3408 1422 πάλιν
3433 1369 3491 1420 ὲν
3537 1369 3604 1438 τῇ
3646 1368 3716 1438 γῇ
3735 1382 3748 1396 ο

2178 1463 2430 1534 τύχωμεν
2462 1463 2642 1534 δόξης,
2701 1463 2865 1517 πάλιν
2915 1463 2973 1516 ἐν
3033 1465 3098 1532 τῇ
3155 1463 3260 1532 γῇο
3337 1459 3750 1530 πλουτήσωμεν,

2179 1558 2357 1611 πάντα
2386 1559 2442 1610 ἐν
2469 1560 2535 1628 τῇ
2571 1559 2664 1628 γῇ.
2719 1551 2879 1611 Οὗτοί
2912 1557 3050 1609 εἰσιν
3078 1548 3154 1608 ὧν
3177 1555 3204 1608 6
3230 1552 3350 1616 θεὸς
3379 1553 3413 1624 ἡ
3447 1549 3645 1604 κοιλία.
3688 1551 3750 1603 Ol

2178 1649 2286 1720 γὰρ
2316 1649 2482 1720 μηδὲν
2537 1648 2905 1719 πνευματικὸν
2956 1646 3300 1718 φρονοῦντες,
3347 1643 3463 1698 ἀλλ’
3519 1641 3752 1697 ἐνταῦθα

2179 1741 2358 1794 πάντα
2384 1739 2732 1810 κεκτημένοι,
2772 1739 2866 1792 καὶ
2913 1737 3086 1791 ταῦτα
3131 1735 3476 1807 φρονοῦντες,
3531 1733 3756 1796 εἰκότως

2179 1833 2276 1902 τὴν
2331 1830 2537 1885 κοιλίαν
2585 1830 2704 1882 θεὸν
2748 1829 2950 1898 ἔχουσι,
3005 1827 3279 1896 λέγοντες,
3335 1823 3618 1892 Φάγωμεν
3656 1821 3756 1876 καί

2179 1921 2438 1988 πίωμεν·
2489 1920 2702 1988 αὔριον
2728 1919 2836 1988 γὰρ
2868 1915 3357 1984 ἀποθνήσκομεν.
3390 1909 3523 1967 Εῐτα
3553 1911 3616 1965 σὺ
3659 1911 3757 1982 μὲν

2179 2010 2430 2082 περὶτοῦ
2482 2011 2734 2080 σώματος
2762 2009 2969 2077 ἀλγεῖς,
3023 2009 3104 2062 ὅτι
3161 2005 3347 2076 γήῐνόν
3389 2006 3528 2068 ἐστι,
3579 2001 3758 2056 καίτοι

2179 2101 2340 2155 τοῦτό
2367 2118 2425 2154 σε
2453 2101 2606 2154 οῦδὲν
2646 2099 3031 2170 παραϐλάπτει
3071 2098 3151 2161 είς
3191 2097 3391 2168 ἀρετῆς
3423 2093 3613 2162 λόγον·
3659 2091 3760 2162 τὴν

2179 2192 2238 2244 δὲ
2263 2191 2442 2262 ψυχὴν
2499 2193 2578 2253 εἰς
2633 2189 2736 2259 γῆν
2769 2187 3064 2242 κατασπῶν
3087 2189 3151 2257 τῇ
3184 2187 3386 2256 τρυφῇ,
3419 2184 3513 2237 καὶ
3553 2181 3757 2252 μηδένα

2179 2281 2336 2348 λόγον
2362 2280 2550 2334 τούτου
2577 2280 2767 2344 ποιῶν,
2789 2279 2970 2350 γελᾷς,
2994 2277 3116 2330 εἰπέ
3151 2293 3262 2346 μοι,
3290 2275 3382 2328 καὶ
3407 2273 3721 2342 διακέχυσαι
3734 2287 3752 2338 ;

2182 2373 2276 2426 καὶ
2308 2373 2466 2436 ποίας
2497 2369 2662 2442 τεύξῃ
2691 2369 3022 2440 συγγνώμης
3045 2367 3387 2436 διακείμενος
3413 2363 3753 2434 ἀναλγήτως,

2180 2465 2297 2518 δέον
2317 2465 2414 2518 καὶ
2445 2463 2507 2516 τὸ
2541 2463 2700 2533 σῶμα
2728 2461 2954 2530 ποιῆσαι
2982 2457 3386 2530 πνευματικόν;
3421 2456 3599 2520 ἔξεστι
3625 2453 3756 2524 γὰρ,

2179 2555 2245 2610 ἂν
2276 2556 2456 2628 θέλῃς.
2486 2554 2704 2608 Κοιλίαν
2738 2552 2948 2618 ἑλαδες,
2996 2551 3086 2604 ἵνα
3130 2549 3359 2622 τρέφῃς,
3388 2547 3487 2617 οὐχ
3522 2545 3611 2600 ἵνα
3641 2545 3759 2598 δια-

2183 2650 2323 2720 σπᾷς
2344 2665 2358 2679 ο
2404 2649 2492 2702 ’ίνα
2525 2649 2736 2720 κρατῇς
2790 2643 2981 2714 αὐτῆς,
3013 2643 3114 2712 οὐχ
3153 2641 3241 2694 ἵνα
3273 2639 3558 2692 δέσποιναν
3586 2637 3718 2710 ἔχῃς
3740 2651 3760 2668 ο

2181 2739 2269 2792 ἵνα
2307 2756 2390 2792 σοι
2413 2739 2663 2808 ύπηρετῇ
2696 2735 2832 2807 πρὸς
2862 2735 2961 2804 τὴν
2987 2733 3098 2786 τῶν
3145 2729 3350 2784 λοιπῶν
3401 2729 3604 2800 μορίων
3645 2727 3761 2780 δια-

2183 2831 2410 2903 τροφὴν,
2440 2832 2539 2901 ούχ
2597 2831 2686 2883 ἵνα
2736 2829 2801 2882 σὺ
2833 2827 2970 2897 αὐτῇ
3003 2826 3308 2896 ὑπηρετῇς,
3343 2823 3442 2892 οὐχ
3497 2821 3588 2874 ἵνα
3637 2820 3762 2882 τοὺς

2181 2925 2344 2996 ὄρους
2371 2923 2650 2995 ὲκϐαίνῃς.
2687 2921 2762 2973 Οὐ
2795 2917 3035 2972 τοσαῦτα
3061 2917 3206 2970 κακὰ
3245 2913 3541 2984 ἐργάζεται
3579 2911 3614 2980 ἡ
3666 2909 3764 2996 θάν-

2181 2995 2357 3068 λασσα
2405 3013 2533 3074 τοὺς
2575 3011 2734 3082 ὅρους
2776 3005 3199 3076 ὑπερϐαίνουσα,
3250 3003 3412 3072 ὅσαή
3457 2999 3671 3070 γαστὴρ
3703 2995 3764 3050 τὸ

2185 3105 2346 3175 σῶμα
2364 3105 2426 3156 τὸ
2456 3103 2726 3174 ἡμέτερον
2769 3098 2906 3171 μετὰ
2945 3099 3042 3168 τῆς
3069 3097 3281 3166 ψυχῆς·
3316 3095 3498 3147 πᾶσαν
3535 3087 3762 3144 ἐπικλύ-

2184 3194 2267 3258 ζει
2297 3193 2397 3264 τὴν
2441 3191 2766 3260 οἰκουμένην
2791 3188 2996 3257 εκείνη,
3029 3186 3122 3239 καὶ
3151 3183 3291 3252 αῦτη
3319 3183 3464 3236 ἆπαν
3492 3179 3554 3232 τὸ
3580 3179 3758 3248 σῶμα.

2183 3287 2284 3348 Θὲς
2312 3285 2450 3356 αὐτῇ
2483 3285 2608 3356 ὅρον
2641 3281 2736 3354 τὴν
2768 3280 3116 3350 αὐτάρκειαν,
3141 3277 3321 3338 καθὼς
3347 3273 3477 3336 Θεὸς
3507 3271 3658 3324 ἔθετο
3693 3271 3760 3339 τῇ

2185 3375 2428 3446 θαλάσσῃ
2481 3373 2579 3445 τὴν
2630 3374 2849 3445 ἄμμον·
2886 3372 2992 3426 κᾶν
3030 3369 3292 3440 κυμαίνῃ,
3344 3367 3447 3420 κᾶν
3483 3361 3762 3435 ἀγριαίνῃ,

2185 3469 2416 3537 ὲπιτίμα
2443 3469 2584 3538 αὐτῇ
2615 3469 2680 3538 τῇ
2711 3466 2939 3534 δυνάμει
2968 3465 3032 3534 τῇ
3065 3461 3198 3532 οὔσῃ
3224 3463 3280 3512 ὲν
3317 3459 3419 3512 σοί.
3458 3457 3601 3526 Ὅρα
3649 3453 3766 3513 πῶς

2183 3561 2328 3632 λόγῳ
2355 3578 2417 3614 σε
2457 3561 2720 3631 ἐτίμησεν
2745 3560 2772 3610 6
2801 3557 2953 3620 Θεὸς,
2993 3556 3081 3608 ἵνα
3114 3553 3274 3607 αὐτὸν
3314 3551 3454 3622 μιμῇ
3478 3565 3492 3578 ·
3524 3548 3589 3601 σὺ
3618 3545 3674 3598 δὲ
3703 3543 3766 3597 οὐ

2186 3652 2384 3716 θέλεις,
2412 3650 2525 3704 ἀλλ’
2555 3649 2697 3720 ὁρῶν
2741 3647 2911 3716 αὐτὴν
2949 3642 3418 3714 ὑπερϐλύζουσαν,
3453 3637 3548 3691 καὶ
3581 3637 3768 3688 πᾶσαν

2185 3742 2604 3813 διαφθείρουσαν
2636 3739 2736 3810 τὴν
2769 3737 2952 3806 φύσιν,
2989 3734 3086 3787 καὶ
3113 3729 3500 3798 λιμνάζουσαν,
3533 3727 3594 3779 οὑ
3643 3724 3766 3778 τολ-

2189 3837 2296 3905 μᾷς
2335 3833 2633 3901 κατασχεῖν
2662 3829 2782 3882 οὐδὲ
2811 3826 3164 3898 σωφρονίσαι.
3193 3820 3309 3878 Ὧν
3332 3825 3364 3875 ό
3392 3819 3546 3884 θεὸς,
3577 3818 3762 3888 φησὶν,

2186 3928 2224 3994 ἡ
2263 3926 2480 3979 κοιλία.
2505 3923 2736 3992 Ἷδωμεν
2775 3919 2890 3982 πῶς
2923 3917 3135 3980 Παῦλος
3169 3915 3449 3968 ἐδούλευσε
3483 3911 3560 3982 τῷ
3605 3909 3722 3979 Θεῷ
3746 3925 3761 3938 ⁸

2189 4021 2386 4089 ἴδωμεν
2443 4017 2558 4080 πῶς
2607 4017 2701 4068 καὶ
2747 4016 2794 4066 οἱ
2837 4011 3240 4082 γαστρίμαργοι
3287 4009 3354 4078 τῇ
3403 4002 3596 4074 κοιλίᾳ.
3633 4001 3766 4071 Οὐχὶ

2190 4111 2422 4182 μυρίους
2455 4107 2818 4177 ὑπομένουσιν
2845 4099 2986 4158 οῦτοι
3023 4101 3283 4162 θανάτους
3309 4115 3322 4163 ;
3353 4101 3471 4168 οὐχ,
3509 4098 3652 4166 ἆπερ
3700 4094 3768 4147 ἂν

2188 4201 2523 4274 προστάττῃ,
2556 4199 2826 4252 δεδοίκασι
2856 4193 3201 4266 παρακοῦσαι
3229 4209 3242 4256 ;
3283 4191 3402 4261 οὐχὶ
3430 4189 3498 4242 τὰ
3533 4187 3767 4241 ἀδύνατα

2187 4293 2557 4348 διακονοῦνται
2595 4291 2770 4360 αὐτῇς
2803 4289 2936 4358 Ούχὶ
2975 4284 3322 4355 ἀνδραπόδων
3345 4283 3558 4352 χείρους
3591 4277 3766 4338 εἰσίνς

2201 4385 2340 4439 Ἀλλ’
2372 4386 2470 4455 οὐχ
2497 4386 2525 4436 6
2548 4382 2758 4444 Παῦλος
2782 4380 3024 4441 τοιοῦτος
3048 4395 3060 4408 ο
3092 4377 3174 4429 διὸ
3207 4375 3300 4430 καὶ
3334 4374 3538 4442 ἔλεγεν,
3580 4369 3770 4440 Ἡμῶν·

2189 4475 2258 4530 δὲ
2287 4476 2352 4530 τὸ
2389 4475 2724 4542 πολίτευμα
2753 4471 2822 4524 ἐν
2849 4467 3084 4538 οὐρανῷ
3125 4466 3400 4536 ὑπάρχει.
3449 4466 3542 4534 Μὴ
3589 4463 3769 4516 τοίνυν

2194 4569 2328 4640 μηδὲ
2375 4569 2535 4638 ἡμεῖς
2566 4563 2802 4618 ἐνταῦθα
2829 4562 3080 4635 ζητῶμεν
3114 4561 3298 4616 ἄνεσιν
3321 4576 3335 4590 °
3382 4559 3499 4612 ἐκεῖ
3528 4555 3771 4624 θελήσω-

2195 4679 2293 4733 μεν
2322 4658 2575 4730 γενέσθαι
2627 4656 2891 4728 λαμπροὶ,
2921 4654 3049 4708 ἔνθα
3091 4655 3186 4706 καὶ
3220 4647 3634 4718 πολιτευόμεθα.
3676 4645 3770 4708 Ἐξ

2190 4748 2262 4808 οὗ
2320 4751 2418 4805 καί
2473 4747 2754 4816 Σωτῆρα,
2817 4747 3003 4816 φησὶν,
3057 4742 3506 4812 ἀπεκδεχόμεθα
3553 4740 3772 4806 Κύριοι·

2200 4844 2458 4913 Ἰησοῦν,
2493 4842 2560 4908 ὃς
2583 4840 3090 4912 μετασχηματίσει
3135 4835 3202 4890 τὸ
3232 4834 3402 4904 σῶμα
3433 4831 3544 4900 τῆς
3574 4845 3773 4882 ταπει-

2189 4939 2430 5002 νώσεως
2469 4933 2638 5004 ἡμῶν
2679 4935 2768 4998 είς
2796 4933 2862 4985 τὸ
2894 4929 3176 5001 γενέσθαι
3221 4925 3369 4981 αὐτὸ
3414 4926 3774 4994 σύμμορφον

2191 5030 2272 5096 τῷ
2301 5003 2526 5098 σώματι
2554 5027 2665 5094 τῆς
2711 5025 2899 5090 δόξης
2934 5021 3082 5095 [500]
3115 5003 3322 5074 affici}.
3384 5013 3544 5070 Κατά
3577 5010 3775 5084 μικρὸν

2193 5122 2466 5191 ἀνήγαγεν
2504 5121 2684 5189 ἡμᾶς’
2749 5117 2844 5170 ἀπ’
2882 5111 3138 5184 ούρανοῦ,
3191 5110 3375 5180 φησὶν,
3425 5109 3454 5160 6
3503 5104 3774 5174 ἡμέτερος

2192 5215 2343 5282 Σωτή
2354 5231 2384 5284 ρ
2407 5230 2419 5244 ·
2453 5213 2560 5266 ἀπὸ
2587 5210 2680 5264 τοῦ
2701 5210 2888 5273 τόπου,
2921 5207 3028 5261 ἀπὸ
3055 5205 3147 5258 τοῦ
3176 5201 3468 5274 προσώπου
3494 5199 3554 5252 τὸ
3579 5195 3775 5266 σεμνὸν

2190 5308 2403 5370 δεικνύς
2459 5309 2564 5372 Ὃς
2585 5301 3102 5374 μετασχηματίσει
3135 5299 3202 5352 τὸ
3235 5295 3427 5366 σῶμα,
3461 5291 3616 5365 φησὶ,
3662 5289 3775 5355 τῆς

2193 5398 2606 5462 ταπεινώσεως
2627 5393 2816 5464 ἡμῶν.
2853 5390 3030 5445 Πολλά
3059 5391 3256 5460 πάσχει
3284 5387 3380 5441 νῦν
3409 5387 3470 5439 τὸ
3495 5383 3768 5455 ἡμέτερον

2196 5494 2376 5564 σῶμα,
2405 5492 2702 5560 διομεῖται,
2743 5484 3084 5558 μαστίζεται,
3139 5481 3306 5552 μυρία
3341 5480 3538 5547 πάσχει
3586 5473 3766 5528 δεινόν

2195 5588 2329 5643 ἀλλὰ
2363 5587 2458 5639 καὶ
2493 5585 2552 5637 τὸ
2605 5582 2699 5634 τοῦ
2757 5577 2996 5650 Χριστοῦ
3045 5575 3282 5630 τοσαῦτα
3347 5571 3538 5625 ἔπαθε.
3601 5567 3784 5622 Τοῦτο·

2195 5679 2325 5748 γοῦν
2354 5678 2575 5750 ᾐνίξατο
2612 5671 2805 5735 εἰπὼν,
2868 5673 2974 5738 Εἰς
3023 5668 3092 5722 τὸ
3129 5665 3406 5736 γενέσθαι
3439 5660 3588 5717 αὐτὸ
3619 5659 3777 5727 σύμ-

2190 5787 2424 5840 μορφον
2480 5765 2560 5832 τῷ
2610 5763 2834 5836 σώματι
2891 5760 3001 5831 τῆς
3052 5759 3238 5826 δόξης
3289 5754 3496 5811 αὐτοῦ.
3539 5753 3682 5822 "Apol
3716 5752 3774 5806 τὸ
