4184 6542
395 403 497 456 2'77

395 518 618 576 modum
673 527 781 567 non
833 515 1023 578 potes,
1075 501 1288 558 imitare
1329 502 1432 556 alia
1473 501 1680 556 ratione
1710 499 1994 555 Dominum

395 622 548 667 tuum
582 624 594 658 :
627 606 744 674 ipse
772 611 824 655 te
854 596 1107 665 crucifige
1128 637 1142 659 ,
1172 593 1383 649 etiamsi
1417 608 1578 647 nemo
1607 604 1658 646 te
1687 591 1996 659 crucifigat;

390 698 647 768 crucifige.
679 704 750 754 te,
778 693 1019 760 inquam,
1043 701 1150 740 non
1181 693 1237 740 ut
1269 686 1382 754 ipse
1415 693 1468 738 te
1496 685 1799 747 interimas,
1833 681 1994 744 absit;

392 790 619 860 impium
668 783 812 838 enim
855 786 973 842 est;
1026 777 1118 832 sed
1171 785 1330 846 prout
1359 775 1552 829 Paulus
1584 774 1813 838 diccbat,
1865 772 1997 826 Mihi

354 869 360 876 ’
389 889 533 942 enim
554 929 566 948 ,
603 883 808 951 inquit,
857 879 1080 934 mundus
1120 877 1395 945 cruciﬁxus
1441 885 1514 929 est
1537 915 1551 940 ,
1583 885 1628 928 ct
1658 889 1750 944 ego
1777 871 1968 926 mundo

391 979 534 1051 (Gal.
561 978 614 1034 6.
650 975 759 1048 tt).

462 1075 642 1130 Crucis
688 1074 890 1144 signum
939 1071 990 1124 in
1045 1070 1295 1138 baptismo
1336 1079 1383 1124 et
1423 1069 1476 1122 in
1507 1084 1754 1122 manuum
1783 1065 1996 1136 imposi-

389 1169 544 1223 tione.
569 1197 639 1207 ——
669 1165 726 1220 Si
754 1165 1042 1219 Dominum
1076 1171 1224 1217 tuum
1256 1177 1428 1225 amas,
1473 1171 1649 1216 morte
1689 1160 1832 1214 illius
1874 1172 1992 1212 mo-

387 1277 507 1316 rere
540 1279 554 1315 :
586 1259 735 1314 disce
785 1265 986 1328 quanta
1033 1258 1105 1311 sit
1152 1257 1331 1311 crucis
1377 1255 1636 1325 potentia,
1688 1261 1819 1323 quot
1851 1253 1991 1307 bona

387 1355 513 1410 fecit
535 1396 549 1418 ,
579 1361 712 1424 quot
742 1353 900 1407 faciat
925 1393 939 1418 ,
972 1366 1134 1422 quam
1164 1350 1219 1404 in
1253 1358 1368 1405 tuto
1394 1349 1556 1404 vitam
1580 1348 1830 1403 collucet.
1888 1346 1992 1401 Per

389 1446 526 1500 hanc
580 1445 761 1500 omnia
812 1443 1172 1514 perficiuntur
1224 1457 1240 1498 :
1298 1442 1564 1512 baptisma
1617 1455 1714 1511 per
1772 1453 1988 1495 crucem

388 1540 625 1609 (oportet
651 1536 796 1590 enim
825 1535 1073 1604 accipere
1094 1532 1493 1604 signaculum);
1531 1547 1584 1585 m
1606 1545 1789 1584 tttllllm
1823 1529 1991 1600 impo-

386 1631 510 1685 sitio
534 1645 631 1700 per
651 1643 871 1683 crucem
902 1643 916 1677 :
947 1627 1298 1696 omninoque,
1327 1625 1446 1680 sive
1470 1624 1520 1678 in
1545 1624 1628 1678 via
1656 1623 1847 1687 simus,
1872 1621 1988 1676 sive

384 1723 553 1790 domi,
589 1724 702 1777 sive
725 1721 814 1776 ubi
844 1721 944 1787 vis,
975 1735 1228 1790 magnum
1259 1718 1460 1774 bonum
1489 1727 1572 1772 est
1596 1732 1750 1780 crux,
1782 1714 1984 1770 saluta-

383 1818 458 1870 ris
488 1823 760 1869 armatura
782 1854 797 1880 ,
831 1812 1052 1883 clypeus
1078 1808 1511 1880 inexpugnabilis
1540 1807 1836 1862 adversans
1866 1806 1984 1860 dia-

381 1907 528 1960 bolo.
577 1904 709 1960 Cum
746 1903 847 1957 hoc
889 1903 1049 1973 igitur
1088 1902 1133 1957 si
1178 1901 1375 1955 bellum
1418 1914 1597 1970 geras,
1637 1907 1763 1953 tunc
1805 1906 1985 1968 gestas

381 2012 623 2057 crucem,
673 2012 778 2049 non
830 2002 1036 2048 tantum
1079 2003 1302 2062 accepto
1345 1991 1650 2062 signaculo,
1696 1990 1791 2045 sed
1821 1990 1982 2044 etiam

380 2105 502 2159 qua:
534 2089 707 2142 erucis
737 2087 952 2158 propria
980 2095 1105 2141 sunt
1132 2085 1355 2139 subiens
1384 2099 1445 2138 ae
1475 2085 1711 2154 patiens.
1745 2084 1984 2138 Consue—

380 2181 458 2235 vit
483 2183 628 2236 enim
659 2179 907 2234 Christus
928 2179 1209 2249 passiones
1235 2177 1453 2232 nomine
1473 2177 1653 2231 crucis
1675 2175 1978 2246 appellare:

376 2283 437 2329 ut
464 2289 584 2329 cum
617 2273 810 2343 inquit,
847 2271 965 2326 Nisi
985 2272 1098 2342 quis
1129 2271 1275 2325 tollat
1297 2286 1497 2324 crucem
1529 2286 1698 2335 suam,
1731 2279 1775 2323 et
1797 2286 1980 2340 sequa-

346 2369 459 2420 ‘tur
483 2382 562 2418 me
588 2365 802 2435 (Matth.
829 2365 897 2418 lii
932 2363 1024 2435 24)
1048 2380 1063 2430 ;
1089 2363 1140 2417 id
1172 2372 1273 2430 est,
1299 2362 1400 2416 nisi
1429 2363 1547 2432 quis
1574 2370 1720 2417 recte
1747 2376 1806 2417 se
1833 2377 1981 2416 com-

375 2458 647 2529 paraverit
696 2457 763 2512 ad
816 2465 1067 2512 mortem.
1117 2455 1208 2510 lsti
1257 2471 1386 2510 vero
1428 2454 1749 2525 degeneres,
1781 2456 1903 2510 vitae
1927 2464 1981 2511 et

372 2551 620 2620 corporis
668 2558 934 2613 amantes,
976 2547 1220 2619 profecto
1261 2546 1440 2602 crucis
1483 2555 1609 2601 sunt
1641 2547 1840 2601 inimici
1881 2557 1980 2602 :et

375 2643 621 2714 quisquis
650 2642 966 2697 deliciarum
997 2640 1390 2711 mundanaeque
1414 2639 1822 2710 tranquillitatis
1840 2655 1981 2693 ama-

373 2744 459 2789 tor
487 2743 590 2800 cst,
621 2733 874 2788 inimicus
905 2741 986 2788 est
1013 2733 1212 2798 crucis,
1246 2732 1298 2786 in
1329 2747 1432 2802 qua
1471 2731 1670 2787 Paulus
1690 2731 1974 2801 gloriatur,

370 2843 532 2897 quam
563 2828 963 2898 complectitur,
989 2826 1076 2881 cui
1107 2826 1296 2880 nititur
1326 2825 1512 2890 inseri,
1538 2824 1683 2896 quod
1726 2825 1814 2879 illa
1845 2839 1974 2880 ver-

370 2924 436 2978 ba
489 2923 762 2989 indicant,
817 2921 927 2992 Ego
968 2921 1245 2990 cruciﬁxus
1285 2937 1396 2975 sum
1426 2921 1615 2974 mundo
1638 2960 1654 2986 ,
1683 2929 1729 2974 et
1755 2920 1977 2974 mundus

371 3018 517 3071 mihi.
548 3016 700 3071 Nunc
732 3031 861 3070 vero
891 3014 1002 3080 ait,
1048 3014 1203 3067 Nunc
1231 3022 1399 3067 autem
1426 3022 1472 3066 et
1498 3013 1626 3081 ﬂens
1660 3013 1794 3068 dico.
1825 3012 1979 3068 Cur?

371 3110 638 3179 Quoniam
673 3109 871 3163 malum
900 3108 1089 3170 crevit,
1139 3107 1394 3176 qunuiam
1427 3105 1560 3159 tales
1588 3106 1676 3175 qui
1707 3114 1866 3172 sunt,
1921 3105 1975 3160 hi

373 3202 630 3272 lacrymis
660 3201 804 3271 digni
837 3208 982 3254 sunt.
1039 3198 1178 3253 Vere
1223 3198 1475 3270 lacrymis
1521 3197 1671 3268 digni
1722 3208 1847 3254 sunt
1885 3199 1977 3269 qui

371 3294 426 3347 in
467 3293 676 3347 deliciis
719 3293 940 3362 degunt,
987 3300 1040 3346 et
1093 3291 1469 3346 indumentum
1524 3289 1762 3360 quidem,
1811 3290 1864 3346 id
1895 3300 1980 3346 est

371 3398 573 3454 corpus
597 3427 609 3449 ,
644 3383 1064 3454 pinguefaciunt,
1101 3383 1262 3437 futuri
1290 3398 1420 3438 vero
1446 3383 1586 3450 quod
1613 3383 1759 3452 ipsos
1787 3393 1974 3439 manet

370 3477 622 3546 supplicii
652 3477 850 3531 nullam
879 3476 1146 3531 rationem
1171 3474 1392 3531 habent.
1423 3475 1550 3530 Esto
1572 3475 1800 3531 delicate
1817 3475 1973 3544 vivis,

371 3579 494 3623 esto
534 3569 661 3621 vino
689 3567 910 3628 madcs;
948 3565 1129 3631 hodie,
1165 3580 1316 3633 cras,
1347 3565 1538 3621 decem
1579 3581 1768 3632 annos,
1804 3575 1860 3621 et
1893 3567 1976 3621 vi-

369 3660 505 3731 ginti
531 3668 586 3714 et
616 3660 830 3730 triginta
859 3668 912 3713 et
943 3658 1328 3728 quinquaginta
1355 3667 1409 3713 et
1435 3667 1674 3724 centum,
1705 3659 1845 3729 quod
1867 3659 1978 3730 qui-

372 3753 499 3807 dem
544 3752 660 3806 fieri
704 3751 928 3820 nequit;
962 3766 1183 3813 verum,
1231 3751 1274 3804 si
1323 3751 1439 3813 vis,
1484 3750 1678 3805 demus
1707 3751 1777 3806 ita
1805 3767 1972 3806 esse:

372 3844 496 3912 quis
542 3841 851 3897 terminus?
891 3857 1011 3912 qua:
1059 3842 1306 3897 utilitas?
1354 3841 1532 3897 Nulla.
1591 3843 1774 3898 Talem
1817 3844 1978 3913 igitur

374 3936 540 3988 vitam
599 3936 803 4000 vivere,
857 3949 1038 3989 nonne
1085 3935 1337 4005 lacrymis
1380 3943 1435 3989 et
1474 3935 1724 3991 lamentis
1753 3936 1976 4007 dignum

373 4027 497 4081 est?
529 4027 766 4082 Adduxit
789 4043 888 4082 nos
922 4027 1064 4082 Deus
1095 4027 1147 4082 in
1178 4027 1284 4083 hoc
1314 4027 1552 4082 stadium
1575 4071 1589 4094 ,
1622 4037 1680 4083 ut
1711 4039 1972 4096 coronet,

372 4131 429 4173 et
470 4135 570 4174 nos
605 4119 818 4176 abimus
851 4121 1001 4175 nullo
1030 4122 1293 4190 praeclaro
1332 4121 1479 4176 edito
1532 4122 1813 4178 facinore?
1858 4125 1978 4180 Flet

373 4213 540 4283 igitur
560 4214 778 4280 Paulus,
807 4214 1003 4284 quibus
1031 4214 1099 4270 de
1125 4216 1287 4270 rebus
1313 4215 1406 4270 alii
1433 4215 1609 4271 rident
1639 4232 1803 4288 seque
1829 4218 1979 4273 oblc-

375 4315 529 4361 ctant
561 4326 574 4360 :
607 4316 756 4361 tanto
787 4307 1086 4362 alienarum
1120 4307 1483 4362 calamitatum
1514 4323 1680 4364 sensu
1706 4311 1971 4380 tangitur;

372 4398 513 4453 adeo
563 4414 752 4453 omnes
796 4399 1044 4455 homines
1085 4407 1257 4454 curat.
1315 4399 1566 4466 Quorum,
1613 4401 1805 4471 inquit,
1853 4403 1978 4457 deus

372 4498 546 4543 venter
593 4499 684 4544 est.
720 4490 951 4560 Propter
982 4491 1082 4546 hoc
1107 4500 1190 4545 est
1216 4490 1350 4546 deus
1379 4491 1509 4561 ipsis
1542 4511 1554 4546 :
1587 4492 1687 4546 hoc
1716 4493 1843 4547 illud
1870 4504 1974 4563 est,

374 4579 715 4635 Comedamus
743 4591 790 4635 et
820 4581 1049 4636 bibamus
1082 4581 1158 4654 (Ι.
1192 4581 1312 4637 Cor.
1349 4583 1438 4638 15.
1465 4583 1582 4650 5⁸2).
1615 4585 1774 4640 Vides
1811 4603 1980 4656 quan-

379 4681 489 4726 tum
521 4673 721 4728 malum
747 4674 855 4728 sint
885 4674 1094 4731 delicia:
1118 4675 1141 4728 ?
1165 4675 1296 4732 Aliis
1327 4676 1544 4746 quidem
1576 4679 1822 4747 pecunia,
1861 4681 1980 4734 aliis

377 4780 510 4820 vero
533 4773 722 4821 venter
773 4767 908 4822 deus
948 4775 1048 4822 est.
1092 4767 1282 4823 Nonne
1312 4768 1364 4822 hi
1399 4769 1557 4822 etiam
1600 4780 1724 4825 sunt
1757 4770 1981 4826 idolola-

377 4865 497 4922 ινα»,
545 4867 599 4912 et
638 4858 741 4912 illis
764 4859 926 4913 etiam
963 4859 1264 4915 deteriores
1294 4875 1357 4914 ac
1388 4861 1724 4930 nequiores?
1771 4861 1835 4915 Et
1865 4863 1978 4932 glo-

375 4949 478 5015 ria,
510 4949 702 5019 inquit,
744 4950 796 5003 in
821 4953 1120 5021 confusione
1157 4953 1407 5021 ipsorum.
1437 4951 1664 5020 Quidam
1694 4954 1978 5009 circumci-

378 5041 587 5096 sionem
631 5041 714 5096 his
759 5042 938 5097 verbis
965 5043 1257 5113 significari
1287 5044 1473 5098 volunt
1507 5061 1520 5096 :
1554 5059 1655 5114 ego
1685 5054 1866 5102 autem
1901 5048 1976 5102 ita

379 5135 730 5204 interpretor,
759 5151 823 5190 ac
851 5133 897 5191 Si
936 5136 1137 5190 dictum
1173 5145 1316 5191 esset
1344 5175 1357 5197 .
1391 5137 1448 5192 ln
1475 5139 1668 5207 quibus
1697 5140 1982 5206 oportebat

379 5241 474 5282 eos
506 5227 708 5296 pudore
738 5227 970 5282 suffundi
1001 5243 1165 5297 seque
1195 5228 1486 5294 occultare,
1531 5229 1583 5283 in
1625 5229 1708 5283 his
1750 5245 1809 5286 se
1844 5231 1978 5287 ell'c-

381 5327 526 5372 runt.
559 5318 670 5372 [loc
703 5319 828 5373 illud
859 5329 958 5384 est,
991 5319 1135 5389 quod
1161 5319 1285 5373 alibi
1317 5320 1508 5389 inquit,
1543 5320 1702 5386 Quem
1731 5338 1850 5392 ergo
1872 5327 1982 5394 fru-

379 5420 517 5462 ctum
542 5408 790 5464 habuistis
815 5419 933 5464 tunc
959 5411 1009 5464 in
1038 5410 1161 5473 illis,
1207 5411 1261 5463 in
1283 5411 1463 5481 quibus
1509 5427 1643 5465 nunc
1687 5413 1980 5468 erubescitis

383 5500 563 5572 (ltum.
588 5501 641 5556 6.
669 5501 804 5572 2|)?
853 5501 1028 5557 Grave
1051 5503 1194 5556 enim
1219 5504 1416 5557 malum
1449 5511 1532 5558 est
1563 5504 1736 5574 turpia
1763 5505 1976 5570 facere;

381 5593 474 5648 sed
505 5595 548 5647 si
578 5605 650 5659 te,
679 5610 801 5648 cum
828 5594 1012 5659 facias,
1044 5595 1260 5664 pudeat,
1293 5595 1754 5665 quasi-dimidium
1782 5599 1979 5654 malum

384 5697 466 5740 est
497 5703 510 5741 τ
546 5687 626 5740 sin
654 5687 816 5742 etiam
846 5689 969 5743 inde
1001 5697 1052 5742 te
1072 5687 1290 5754 efferas,
1314 5689 1680 5760 summusjam
1705 5699 1789 5745 est
1816 5692 1982 5747 animi

382 5788 592 5839 Sltttml‘.
621 5780 762 5849 Ergo
793 5780 860 5836 de
887 5782 990 5835 illis
1021 5790 1223 5835 tantum
1260 5781 1373 5837 lucc
1403 5782 1540 5837 dicta
1572 5793 1716 5851 sunt,
1746 5795 1799 5840 et
1825 5801 1982 5842 nemo

384 5884 572 5926 eorum
603 5874 691 5946 qui
724 5871 809 5925 hic
838 5872 1074 5939 adsunt,
1117 5873 1475 5942 objurgatioui
1515 5876 1689 5933 locum
1721 5878 1976 5948 reliquit?

719 5977 988 6038 l’ATilOL.
1038 5977 1157 6035 (in.
1207 5975 1396 6036 [ΧΗ.

1262 385 1326 441 IN
1369 384 1586 442 EPIST.
1631 386 1725 441 AD
1767 383 2054 441 PHILIPP.
2096 383 2248 440 CAP.
2293 387 2380 444 Ill.
2425 388 2652 445 HOMIL.
2700 388 2838 443 Xlll.

3604 393 3706 450 278

2112 513 2272 553 nemo
2323 503 2394 556 illi
2422 505 2634 559 crimini
2681 515 2764 561 est
2802 506 3009 558 altiuis‘!
3067 521 3241 577 neque
3268 507 3428 562 deum
3462 520 3710 566 ventrem

2111 586 2304 642 habet?
2347 609 2521 662 neque
2549 595 2776 664 gloriam
2821 596 2873 651 in
2905 596 3260 652 confusione?
3300 599 3494 668 Cupio,
3527 610 3583 655 et
3615 585 3740 654 ve-'

2108 677 2388 736 hementer
2435 687 2592 755 cupio
2641 688 2774 742 nihil
2818 689 3080 758 ejusmodi
3120 691 3187 744 ad
3234 707 3334 747 nos
3382 693 3706 762 pertinere:
3776 715 3787 752 :

2105 773 2299 827 vellem
2349 779 2617 833 neminem
2658 797 2836 846 nosse,
2885 784 2968 836 cui
2999 800 3059 836 ea
3089 800 3206 854 qn:e
3246 785 3384 838 dicta
3418 797 3565 846 sunt.
3596 786 3708 840 cri-
3780 789 3786 818 ῖ

2105 864 2234 917 mini
2273 865 2384 920 dari
2433 880 2690 938 possent;
2740 873 2834 928 sed
2885 874 3041 929 valde
3084 884 3304 943 metuo,
3374 893 3443 933 ne
3498 879 3549 932 in
3603 893 3704 932 nos

2106 956 2299 1025 magis,
2330 974 2492 1028 quam
2526 962 2577 1015 in
2613 961 2729 1017 illos
2752 967 3095 1020 conveniant.
3131 967 3343 1023 Etenim
3371 969 3415 1024 si
3437 970 3557 1040 quis
3580 985 3702 1026 om-

2103 1064 2227 1103 nem
2268 1052 2430 1107 vitam
2460 1055 2512 1109 in
2550 1060 2911 1125 potationibus
2939 1068 2995 1114 et
3023 1065 3517 1117 comessationihtts
3555 1065 3701 1120 insu-

2102 1153 2232 1210 mat,
2262 1155 2317 1201 et
2346 1147 2399 1201 in
2429 1164 2694 1219 pauperes
2721 1153 2936 1222 quidem
2965 1170 3164 1225 paucos
3190 1156 3378 1212 obolos
3403 1158 3701 1227 impendat,

2100 1239 2362 1309 majorem
2404 1259 2534 1300 vero
2575 1261 2735 1315 opum
2784 1257 2989 1317 partem
3038 1250 3089 1304 in
3141 1263 3382 1306 ventrem
3418 1251 3655 1308 eﬂundat
3689 1271 3704 1319 ;

2102 1350 2280 1392 nonne
2299 1338 2422 1407 jure
2450 1341 2501 1395 in
2538 1344 2696 1398 istum
2726 1349 2886 1400 etiam
2915 1347 3198 1404 dicentur?

2173 1428 2227 1481 2.
2253 1430 2395 1487 Nihil
2423 1433 2504 1489 his
2535 1436 2712 1491 verbis
2743 1439 2806 1492 ad
2841 1440 3096 1508 pudorem
3129 1442 3452 1499 eliciendum
3484 1445 3661 1514 aptius
3686 1483 3704 1508 ,

2098 1519 2228 1575 nihil
2261 1523 2327 1576 ad
2359 1524 2746 1598 objurgandum
2775 1530 3150 1587 vehementius
3177 1551 3188 1586 :
3221 1535 3471 1602 Quorum,
3504 1537 3696 1606 inquit,

2095 1613 2219 1668 deus
2257 1627 2425 1670 venter
2463 1630 2535 1674 est
2561 1663 2575 1685 ,
2607 1632 2651 1674 et
2679 1624 2844 1693 gloria
2875 1625 2925 1678 in
2952 1626 3249 1694 confusione
3277 1629 3524 1698 ipsorum.
3562 1630 3694 1698 Qui-

2096 1723 2219 1763 nam
2251 1710 2333 1764 isti
2368 1713 2530 1766 sunt?
2564 1713 2664 1779 Qui
2689 1726 2888 1770 terrena
2916 1719 3142 1787 sapiunt,
3177 1721 3265 1790 qui
3298 1722 3503 1787 dicunt,
3536 1722 3694 1777 {Edi-

2096 1798 2316 1855 tieemus
2333 1801 2542 1858 domos.
2572 1803 2708 1862 Ubi?
2740 1806 2794 1860 ln
2821 1816 2983 1875 terra,
3010 1810 3180 1879 inquit
3204 1829 3216 1864 :
3243 1826 3483 1866 emamus
3505 1828 3692 1882 agros;

2094 1891 2146 1944 in
2191 1899 2330 1947 terra
2376 1910 2590 1951 rursum
2621 1914 2634 1950 :
2663 1898 3025 1967 adipiscamur
3066 1902 3347 1971 imperium
3370 1945 3383 1966 ,
3415 1920 3602 1959 rursus
3639 1907 3692 1960 in

2094 1991 2233 2039 terra
2262 2003 2274 2040 :
2305 2001 2657 2057 assequamur
2683 1992 2928 2061 gloriam,
2963 2010 3148 2050 rursus
3178 1997 3228 2050 in
3264 2007 3400 2052 terra
3432 2015 3446 2052 :
3479 1999 3694 2055 divitias

2090 2090 2495 2146 comparemus,
2523 2083 2702 2137 omnia
2732 2083 2965 2155 denique
2993 2086 3043 2141 in
3075 2097 3237 2142 terra.
3274 2089 3335 2142 lli
3364 2100 3524 2154 sunt,
3557 2107 3694 2162 quo-

2090 2186 2208 2225 rum
2250 2172 2381 2226 deus
2419 2184 2606 2230 venter
2642 2189 2745 2232 est.
2787 2178 2888 2244 Qui
2920 2180 3064 2234 enim
3097 2181 3227 2236 nihil
3259 2183 3536 2252 spirituale
3567 2200 3689 2240 cum

2089 2264 2270 2318 animo
2300 2279 2397 2318 suo
2419 2267 2679 2337 cogitant,
2705 2273 2799 2324 sed
2830 2273 3008 2326 omnia
3043 2287 3137 2327 sua
3171 2273 3257 2328 hic
3285 2276 3500 2342 habent,
3529 2285 3693 2346 atque

2091 2353 2206 2409 hinc
2227 2357 2340 2410 sola
2363 2371 2574 2426 curant,
2603 2377 2631 2412 ιι
2655 2362 2792 2417 erito
2813 2373 3052 2420 ventrem
3077 2364 3238 2420 deum
3267 2366 3485 2433 habent,
3509 2369 3693 2423 dicen-

2089 2454 2209 2501 tes:
2244 2447 2581 2506 Comedamus
2615 2461 2661 2506 et
2699 2454 2962 2520 bibamus;
2992 2473 3106 2511 cras
3136 2459 3268 2511 enim
3297 2461 3586 2515 moriemur.
3625 2462 3694 2517 Et

2087 2553 2286 2610 corpus
2313 2542 2528 2611 quidem
2555 2543 2706 2599 doles
2739 2546 2830 2600 tibi
2864 2556 3137 2603 terrenum
3174 2565 3316 2615 esse,
3346 2553 3590 2620 quamvis
3622 2553 3690 2605 il-

2086 2633 2176 2688 lud
2209 2633 2326 2700 tibi,
2350 2636 2490 2705 quod
2517 2636 2583 2690 ad
2610 2639 2856 2694 virtutem
2883 2640 3136 2709 pertinet,
3163 2642 3294 2697 nihil
3323 2653 3542 2708 noceat;
3574 2646 3691 2700 aui-

2087 2743 2230 2782 mam
2253 2743 2384 2784 vero
2410 2730 2461 2783 in
2493 2737 2690 2786 terram
2725 2733 2981 2801 deprinus
3011 2749 3108 2803 per
3132 2735 3370 2802 delicias,
3403 2747 3454 2791 et
3486 2739 3686 2792 nullam

2087 2817 2246 2888 hujus
2287 2821 2364 2875 rei
2406 2821 2669 2876 rationem
2716 2824 2943 2890 habens,
2983 2825 3150 2894 rides,
3198 2827 3285 2882 dic
3330 2829 3480 2895 mihi,
3526 2841 3688 2899 atque

2085 2912 2266 2966 animo
2311 2928 2368 2968 es
2413 2915 2676 2968 remisso?
2723 2926 2777 2969 et
2821 2918 3032 2986 qualem
3073 2920 3422 2988 consequeris
3450 2921 3684 2988 veniam,

2085 3019 2205 3059 cum
2237 3012 2386 3060 tanto
2417 3014 2468 3060 te
2498 3014 2716 3074 stupore
2746 3007 3023 3075 aflbceris;
3055 3025 3176 3064 cum
3207 3020 3482 3080 Oporterct
3512 3013 3686 3082 ipsum

2086 3111 2284 3168 corpus
2310 3098 2588 3167 spirituale
2613 3099 2880 3156 reddere?
2909 3102 3035 3158 licet
3061 3104 3204 3158 enim
3228 3146 3241 3166 ,
3274 3105 3320 3159 si
3347 3106 3502 3160 velis.
3540 3105 3686 3161 Ven-

2088 3199 2223 3247 trem
2268 3192 2520 3261 accepisti
2566 3200 2624 3246 ut
2672 3195 2898 3259 nutrias,
2940 3210 3046 3250 non
3091 3205 3149 3250 ut
3183 3197 3487 3262 disteudas;
3524 3208 3580 3251 ut
3609 3199 3686 3252 illi

2086 3282 2404 3350 domineris,
2431 3299 2536 3338 non
2565 3292 2625 3339 ut
2653 3285 2930 3342 dominum
2958 3288 3185 3354 habeas;
3216 3299 3270 3343 ut
3303 3290 3394 3344 tibi
3429 3290 3687 3347 inserviat

2061 3376 2152 3431 ~ad
2180 3385 2405 3432 cteteras
2447 3387 2626 3447 partes
2663 3379 2903 3444 alendas,
2947 3395 3053 3434 non
3095 3388 3152 3435 ut
3188 3389 3246 3435 tu
3289 3381 3359 3435 illi
3399 3381 3682 3446 inservias,

2086 3484 2192 3522 non
2234 3478 2292 3524 ut
2337 3468 2472 3524 ﬁnes
2511 3470 2802 3525 transilias.
2846 3472 2961 3526 Non
3007 3480 3088 3528 tot
3127 3474 3387 3528 malorum
3415 3489 3574 3529 causa
3602 3483 3687 3530 est

2085 3575 2234 3615 mare
2261 3560 2396 3615 fines
2416 3574 2844 3631 supergressum,
2865 3573 2994 3632 quot
3013 3574 3202 3619 venter
3226 3565 3438 3634 corpori
3465 3566 3687 3620 anima:-

2084 3669 2189 3724 que
2212 3663 2411 3710 nostrae
2437 3671 2450 3707 :
2475 3669 2689 3710 omnem
2714 3655 2841 3710 illud
2872 3664 3091 3723 terram,
3125 3660 3178 3714 in
3203 3674 3362 3729 quam
3390 3675 3451 3716 se
3481 3659 3686 3716 etl'ude-

2083 3745 2172 3808 rit,
2207 3745 2420 3810 obruit;
2449 3753 2640 3800 venter
2667 3762 2796 3801 vero
2828 3748 3137 3804 universum
3166 3764 3388 3820 corpus.
3435 3751 3582 3806 Pone
3610 3751 3686 3806 illi

2087 3839 2394 3903 terminum,
2441 3837 2586 3907 quod
2636 3849 2841 3895 natura:
2885 3842 3015 3895 satis
3063 3852 3181 3904 est;
3230 3845 3686 3911 quemadmodum

2085 3930 2219 3984 mari
2265 3929 2406 3985 Deus
2457 3931 2632 3999 posuit
2675 3946 2929 3986 arenam:
2960 3949 3024 3988 ac
3062 3935 3106 3988 si
3148 3938 3475 4001 a'stuaverit,
3527 3945 3686 4007 atque

2083 4022 2471 4090 excanduerit,
2512 4022 2728 4092 increpa
2772 4024 2922 4079 illum
2967 4034 3232 4094 potestate
3270 4043 3390 4097 qua:
3416 4029 3470 4082 in
3505 4039 3555 4083 te
3586 4030 3688 4085 sita

2084 4128 2186 4174 est.
2221 4118 2354 4173 Vide
2383 4127 2584 4189 quanto
2608 4119 2816 4174 honore
2845 4128 2896 4174 te
2924 4119 3164 4175 atl‘ecerit
3204 4121 3375 4186 Deus,
3415 4132 3471 4176 ut
3512 4123 3686 4192 ipsum

2087 4212 2313 4266 imiteris
2345 4229 2358 4266 :
2393 4219 2446 4265 tu
2476 4226 2605 4265 vero
2633 4211 2856 4266 minime
2885 4212 2987 4277 vis,
3019 4212 3115 4267 sed
3143 4211 3294 4267 vides
3324 4213 3470 4267 illum
3499 4229 3686 4268 erum-

2088 4319 2215 4374 pcre
2235 4346 2250 4369 ,
2282 4311 2554 4373 totamque
2589 4313 2833 4358 naturam
2864 4319 3210 4373 corrumpere
3238 4312 3400 4374 atque
3430 4305 3684 4372 obruere,

2087 4412 2185 4451 nec
2212 4405 2388 4450 tamen
2412 4396 2578 4450 audes
2601 4396 2856 4452 cohibere
2875 4411 2941 4451 ac
2963 4397 3254 4458 moderari,
3282 4399 3510 4464 Quorum
3537 4399 3684 4464 deus,

2087 4489 2279 4558 inquit,
2305 4498 2473 4543 venter
2492 4498 2584 4542 est.
2615 4487 2902 4543 Videamus
2924 4489 3196 4560 quomodo
3220 4489 3414 4544 Paulus
3440 4490 3690 4545 servierit

2090 4582 2199 4636 Deo
2233 4600 2245 4634 :
2277 4580 2553 4634 videamus
2577 4580 2848 4651 quomodo
2877 4590 2930 4636 et
2961 4583 3155 4637 edaces
3184 4582 3272 4636 isti
3300 4583 3537 4637 serviant
3557 4598 3688 4638 ven-

2087 4676 2175 4730 tri.
2224 4675 2413 4730 Nonne
2455 4675 2542 4729 isti
2584 4683 2869 4731 sexccntas
2900 4676 3176 4746 perferunt
3203 4677 3441 4732 mortes?
3483 4693 3690 4743 nonne,

2086 4783 2439 4839 qua-cumque
2462 4767 2806 4837 illejusserit,
2827 4768 3129 4823 detrectare
3155 4768 3481 4823 formidant?
3507 4785 3688 4825 annon

2087 4863 2247 4917 etiam
2278 4863 2328 4915 in
2359 4863 2442 4924 iis,
2465 4877 2583 4931 qua:
2609 4861 2826 4915 minime
2853 4862 2965 4915 fieri
2990 4870 3231 4930 possunt,
3257 4861 3510 4915 ohediunt
3533 4862 3690 4930 eique

2089 4953 2439 5008 ministrant?
2471 4968 2651 5008 nonne
2684 4953 3268 5020 mancipiisnctptiores
3290 4953 3456 5006 sunt?
3490 4954 3557 5006 At
3582 4967 3684 5009 non

2088 5045 2286 5100 Paulus
2316 5045 2438 5099 talis
2463 5064 2476 5098 :
2501 5046 2849 5115 quamobrem
2875 5045 3087 5100 diccbat
3109 5087 3122 5108 ,
3161 5044 3352 5098 Nostra
3377 5046 3690 5098 conversatio

2087 5139 2139 5191 in
2169 5137 2308 5190 ctelis
2330 5146 2419 5190 est.
2446 5136 2562 5192 Non
2587 5137 2748 5206 igitur
2770 5137 2855 5192 hic
2880 5151 3184 5206 qmeramus
3209 5137 3472 5207 requiem,
3496 5137 3588 5192 sed
3615 5137 3690 5191 ibi

2089 5229 2316 5280 velimus
2347 5227 2474 5281 clari
2507 5243 2649 5291 esse,
2685 5229 2772 5282 ubi
2801 5237 2854 5284 et
2882 5230 3043 5283 vitam
3071 5230 3318 5284 colimus.
3357 5227 3506 5284 Unde
3534 5229 3689 5284 etiam

2091 5318 2427 5380 Salvutorem,
2460 5320 2650 5388 inquit,
2681 5331 3032 5389 exspectamus
3061 5321 3340 5375 Dominum
3368 5319 3568 5385 Jesum,
3601 5320 3692 5389 qui

2088 5411 2473 5482 transﬁgurabit
2519 5427 2703 5482 corpus
2742 5413 3044 5467 humilitatis
3090 5423 3295 5477 nostrte,
3335 5421 3389 5466 ut
3428 5416 3690 5484 conforme

2089 5504 2180 5571 ﬁat
2221 5504 2423 5573 corpori
2459 5503 2710 5556 claritatis
2749 5521 2873 5558 suw.
2920 5505 3180 5560 Paulatim
3224 5519 3319 5560 nos
3356 5503 3577 5559 evexit:
3611 5504 3693 5561 De

2088 5597 2244 5661 cado,
2272 5597 2463 5667 inquit,
2497 5596 2744 5651 Salvator
2774 5607 2954 5651 noster
2987 5615 3000 5650 :
3029 5615 3056 5650 ιι
3088 5598 3228 5661 loco,
3260 5613 3289 5652 a
3323 5612 3552 5668 persona
3580 5612 3694 5651 ma.

2085 5688 2336 5758 jestatem
2366 5689 2762 5743 detuonstmns.
2797 5689 2896 5754 Qui
2921 5689 3323 5760 transﬁgurabit,
3359 5689 3546 5760 inquit,
3580 5706 3696 5744 cor-

2090 5800 2184 5852 pus
2225 5784 2530 5837 humilitatis
2572 5790 2780 5837 nostra}.
2811 5782 2990 5837 Multis
3017 5782 3189 5837 modis
3220 5798 3361 5838 nunc
3386 5783 3524 5837 male
3549 5783 3694 5837 acci-

2093 5877 2234 5947 pitur
2272 5891 2469 5948 corpus
2518 5867 2782 5947 nostrum,
2831 5875 3083 5945 vincitur,
3129 5875 3370 5945 vapulat,
3421 5873 3689 5932 sexcentis
