4184 6488
533 356 636 413 279

532 466 688 522 malis
727 466 986 531 aiﬁcitur;
1033 480 1218 520 verum
1258 474 1312 520 et
1340 463 1535 518 Christi
1565 477 1758 534 corpus
1786 461 1898 516 haec
1927 460 2114 515 eadem

531 574 751 629 passum
796 568 901 613 est.
950 558 1063 613 lloc
1112 573 1241 628 ergo
1278 557 1635 612 subindicavit
1661 556 1866 621 dicens,
1902 553 1970 609 Ut
1998 570 2119 608 con-

534 652 699 717 [οι-τηε
735 649 825 716 [int
854 648 1055 718 corpori
1084 648 1328 701 claritatis
1360 664 1486 702 sure.
1534 646 1679 717 Ergo
1719 646 1860 700 idem
1901 644 2116 716 quidem

533 754 728 807 corpus
757 748 855 802 est,
891 738 985 794 sed
1018 739 1257 793 induitur
1297 738 1716 792 immortalitate.
1753 736 2117 809 Trans/igura-

536 829 622 890 lit,
658 828 847 898 inquit.
894 829 1035 898 Ergo
1067 838 1120 883 et
1158 829 1325 899 ﬁgura
1364 830 1499 892 alia;
1545 838 1635 883 aut
1665 829 1736 881 ita
1768 825 2116 881 mutationem

533 920 711 972 minus
740 921 955 989 proprie
984 922 1212 976 vocavit.
1246 921 1388 976 Dixit
1410 930 1612 987 autem,
1637 918 1833 989 Corpus
1859 918 2118 971 humilita-

532 1010 597 1063 tis
622 1021 828 1076 nostris,
854 1013 1104 1080 quoniam
1129 1028 1268 1067 nunc
1285 1013 1429 1082 jacet
1453 1014 1502 1067 iu
1529 1012 1843 1075 humilitate,
1863 1011 2114 1081 quoniam

531 1101 769 1155 iuteritui
802 1118 865 1155 ac
889 1103 1061 1158 dolori
1094 1104 1384 1158 obnoxium
1416 1113 1521 1172 est,
1551 1103 1805 1174 quoniam
1834 1102 1937 1156 vile
1968 1100 2115 1154 vide-

538 1204 620 1247 tur
639 1206 759 1246 esse
782 1193 1018 1263 nihilque
1040 1196 1269 1264 amplius
1291 1197 1501 1251 caneris
1517 1194 1736 1251 habere.
1773 1193 1840 1249 Ut
1859 1194 2116 1263 conforme

532 1284 719 1353 ipsum,
745 1284 933 1355 inquit,
964 1287 1052 1353 ﬁat
1072 1289 1274 1357 corpori
1299 1289 1546 1341 claritatis
1569 1304 1693 1342 sate.
1719 1286 1911 1356 Papus!
1945 1284 2113 1350 illiue,

531 1376 672 1445 quod
699 1377 850 1432 sedet
877 1380 929 1432 in
952 1378 1168 1433 dextera
1200 1380 1408 1434 Patris?
1439 1380 1550 1435 lloc
1578 1381 1749 1449 ipsum
1772 1392 1969 1449 corpus
1988 1391 2108 1432 cou-

532 1465 702 1521 ferme
726 1469 797 1520 illi
828 1470 903 1532 lit,
936 1469 1075 1538 quod
1113 1470 1366 1524 ειιΙοτειιυΓ
1400 1472 1468 1526 ab
1502 1471 1727 1541 angelis,
1758 1469 1831 1523 illi
1859 1468 1942 1523 cui
1976 1466 2113 1521 assi-

530 1564 675 1610 stunt
711 1557 1042 1625 ineorporem
1072 1558 1392 1625 Potestates,
1418 1560 1491 1614 illi
1522 1560 1664 1630 quod
1692 1569 1773 1614 est
1801 1574 1963 1628 supra
1995 1573 2115 1613 om-

533 1661 655 1699 nem
687 1646 1046 1717 Principatum
1068 1660 1121 1704 et
1150 1650 1411 1705 Virtutem
1442 1661 1496 1706 et
1526 1651 1883 1716 Potestatem;
1916 1649 1992 1703 illi
2015 1648 2115 1718 ipsi

528 1735 807 1791 couforme
846 1737 924 1791 ﬁt.
966 1738 1022 1793 Si
1064 1741 1347 1796 universus
1371 1741 1540 1807 orbis,
1573 1741 1802 1810 sumptis
1832 1740 2110 1811 laerymis,

528 1843 621 1883 eos
648 1829 736 1897 qui
762 1828 829 1884 de
857 1829 957 1886 hac
977 1847 1072 1900 spe
1093 1832 1429 1899 deciderunt,
1456 1834 1607 1899 ﬁeat;
1641 1849 1736 1903 pro
1758 1834 1833 1888 rei
1855 1833 2114 1902 gravitate

526 1918 693 1982 ﬂebit,
740 1921 881 1989 quod
927 1923 1028 1978 hoc
1072 1926 1337 1992 promisso
1384 1926 1537 1980 nobis
1576 1927 1873 1995 preposito,
1906 1923 2020 1979 fore
2057 1934 2114 1980 ut

525 2025 720 2079 corpus
765 2024 1003 2069 nostrum
1053 2016 1126 2070 illi
1164 2017 1443 2072 conforme
1484 2016 1596 2083 ﬁat,
1626 2031 1745 2072 cum
1780 2017 2113 2071 darinonibus

524 2112 704 2157 tamen
747 2105 937 2160 abeat?
980 2106 1097 2161 Jam
1146 2110 1300 2164 mitto
1344 2109 1644 2179 gehennam
1684 2127 1697 2164 :
1737 2110 2112 2180 quodcumque

524 2194 665 2246 enini
699 2195 937 2263 dixeris,
981 2198 1112 2252 nihil
1139 2214 1259 2256 esse
1286 2202 1574 2268 existimo,
1604 2201 1647 2255 si
1676 2216 1796 2256 cum
1830 2202 1933 2256 hoc
1958 2201 2111 2271 lapsu

523 2299 884 2355 comparetur.
931 2288 1067 2360 Quid
1097 2292 1194 2355 ais,
1221 2291 1421 2347 Paule?
1454 2293 1528 2347 illi
1558 2294 1832 2349 conforme
1862 2293 1954 2347 ﬁt?
1979 2293 2070 2348 Na:
2090 2333 2106 2360 ,

523 2378 714 2448 inquit.
749 2380 952 2436 Deinde
972 2423 987 2446 ,
1018 2398 1084 2437 ne
1110 2382 1345 2447 difﬁdas,
1375 2394 1747 2455 argumentum
1772 2401 1982 2456 quoque
2009 2386 2109 2441 ad-

517 2467 737 2539 junxit:
770 2472 1062 2526 Secundum
1101 2476 1468 2544 operationem,
1515 2477 1706 2547 inquit,
1746 2478 1944 2531 virtutis
1977 2492 2104 2543 suae,

520 2578 620 2631 qua
657 2565 806 2617 etiam
837 2567 995 2635 possit
1024 2567 1272 2637 subjicere
1297 2568 1393 2621 sibi
1418 2571 1606 2623 omnia.
1641 2570 1990 2635 l’otestatem,
2023 2571 2108 2623 iu-

520 2655 654 2721 quit,
684 2653 843 2709 habet
870 2656 1045 2709 omnia
1075 2657 1176 2711 sibi
1209 2658 1525 2727 subjiciemli
1553 2678 1567 2712 :
1597 2674 1726 2730 ergo
1753 2669 1809 2714 et
1835 2661 2105 2715 interitum

519 2752 575 2797 et
606 2753 865 2799 mortem:
912 2747 1087 2814 potius
1125 2757 1302 2804 autem
1342 2766 1406 2805 ex
1439 2751 1624 2805 eadem
1666 2752 1776 2822 ipsa
1820 2761 2104 2822 potestate,

519 2833 624 2889 hoc
649 2836 808 2890 etiam
834 2837 975 2891 facit.
1002 2838 1154 2905 Quod
1179 2842 1344 2905 enim,
1365 2842 1451 2897 dic
1474 2844 1624 2909 mihi,
1654 2846 1908 2913 potentiae
1934 2846 2105 2914 majus

518 2940 657 2994 opus
683 2936 783 2988 est.
816 2930 1039 2998 angelos
1073 2940 1127 2987 et
1163 2932 1514 3003 archangclos
1542 2944 1596 2990 ct
1620 2935 1905 2990 Cherubim
1935 2946 1990 2991 et
2013 2936 2108 2991 Se-

520 3017 728 3087 raphiui
771 3021 1037 3089 subjicere
1064 3038 1126 3077 ac
1152 3024 1455 3087 da-monas,
1484 3042 1552 3081 an
1577 3043 1773 3098 corpus
1802 3027 1980 3084 facere
2007 3029 2106 3082 int-

518 3110 745 3165 mortale
790 3120 844 3164 et
886 3116 1204 3184 corruptela:
1248 3132 1360 3171 nou
1409 3118 1743 3171 obnoxium?
1790 3118 1925 3174 Illud
1975 3134 2105 3175 sane

519 3201 688 3257 multo
732 3205 923 3273 majus.
971 3204 1214 3263 Ostendit
1252 3209 1454 3278 majora
1484 3226 1648 3281 opera
1684 3212 1933 3281 potentia:
1968 3226 2101 3281 suae,

517 3301 577 3347 ut
603 3292 721 3348 lucc
745 3295 906 3350 etiam
933 3298 1144 3353 credas.
1169 3298 1532 3367 Quamobrem
1563 3307 1772 3358 tametsi
1801 3303 2104 3359 mundanos

515 3384 648 3439 istos
688 3384 931 3442 videritis
970 3388 1302 3446 exsultantes
1339 3391 1541 3455 laetitia,
1580 3404 1635 3448 et
1670 3394 1836 3463 gloria
1871 3396 2103 3450 circum-

511 3471 741 3531 ﬂuentes
766 3494 778 3529 :
799 3491 894 3532 vos
914 3478 1263 3536 nihilominus
1282 3492 1440 3548 state,
1461 3500 1565 3539 non
1592 3484 1658 3540 ab
1683 3486 1785 3540 illis
1809 3486 2100 3554 laedamini,

513 3580 615 3621 nec
645 3569 929 3624 turbemini
957 3588 970 3624 :
994 3587 1120 3642 spes
1148 3573 1450 3644 hujusmodi
1475 3592 1594 3647 quae
1615 3579 1776 3633 nobis
1797 3594 2103 3650 proponun-

515 3668 621 3726 tur,
669 3670 806 3731 apta:
854 3673 998 3739 sunt,
1049 3681 1169 3735 quze
1212 3667 1368 3723 valde
1412 3670 1574 3724 etiam
1617 3671 1901 3726 socordem
1939 3680 2101 3743 atque

507 3751 826 3806 oscitantem
858 3755 1093 3811 excitent
1119 3768 1279 3827 atque
1304 3760 1532 3830 erigant.
1557 3760 1707 3833 (Cap.
1727 3758 1870 3829 4.)1.
1893 3761 2097 3834 Itaque,

510 3842 700 3908 fratres
729 3843 846 3908 mei,
889 3843 1083 3915 inquit,
1123 3850 1370 3903 carissimi
1409 3862 1455 3905 et
1493 3853 1929 3922 desideratissimi,
1967 3872 2099 3926 gau-

444 3996 447 3999 ,
513 3933 655 3987 dium
679 3951 845 3989 meum
875 3946 921 3990 et
952 3954 1141 3994 corona
1166 3958 1294 4007 mea,
1332 3944 1406 3997 sic
1429 3953 1558 3998 state
1582 3945 1635 4000 in
1666 3945 1906 4014 Domino,
1934 3950 2097 4004 caris-

516 4024 655 4085 simi.
704 4025 828 4091 Sic,
871 4031 1180 4097 quomodo?
1222 4032 1680 4101 Quemadmodum
1731 4039 1955 4095 stetistis
1994 4040 2097 4095 im-

509 4117 665 4170 moti.
694 4117 827 4175 Vide
859 4130 978 4191 post
1004 4122 1420 4181 admonitionem
1450 4133 1692 4186 encomia
1719 4149 1732 4183 :
1768 4132 2024 4188 Gaudium
2049 4144 2096 4189 et

509 4221 697 4261 corona
720 4226 849 4266 mea.
876 4211 994 4267 Non
1023 4223 1226 4270 tantum
1258 4219 1506 4287 gaudium
1528 4262 1543 4288 ,
1573 4222 1667 4278 sed
1695 4224 1855 4280 etiam
1883 4226 2050 4295 gloria
2077 4244 2093 4294 ;

508 4311 616 4349 non
661 4308 865 4357 tantum
907 4303 1115 4373 gloria,
1160 4308 1253 4363 sed
1296 4310 1456 4367 etiam
1501 4327 1701 4370 corona
1736 4333 1749 4369 :
1779 4317 1863 4371 cui
1907 4318 2094 4389 gloria:

509 4387 642 4444 nihil
689 4407 783 4458 par
822 4394 1140 4462 inveniatur,
1179 4401 1375 4472 quippe
1415 4419 1537 4460 cum
1582 4407 1661 4462 illi
1705 4408 1851 4463 Pauli
1891 4387 2093 4466 corona

506 4479 634 4535 sint.
666 4481 758 4537 Sic
781 4494 909 4540 state
931 4488 983 4541 in
1005 4486 1245 4556 Domino,
1269 4496 1547 4564 carissimi;
1577 4498 1629 4554 id
1655 4510 1755 4567 est,
1779 4502 1832 4557 in
1854 4519 1951 4574 spe
1972 4505 2091 4562 Dei.

504 4568 562 4625 2.
596 4569 848 4628 Evodiam
871 4592 1015 4648 rogo,
1043 4589 1091 4632 et
1119 4580 1411 4653 Syntychen
1434 4603 1557 4658 rogo
1578 4589 1633 4642 id
1653 4590 1821 4659 ipsum
1844 4568 2023 4664 sapere
2041 4597 2094 4652 in

504 4661 747 4720 Domino.
780 4666 832 4723 5.
854 4667 1025 4724 Etiam
1050 4688 1172 4743 rogo
1194 4683 1238 4728 et
1265 4686 1333 4744 te,
1365 4694 1604 4748 germane
1638 4697 1869 4754 compar,
1899 4661 2093 4758 adjura

577 4851 635 4904 5.
665 4849 889 4916 Quidam
914 4853 1099 4910 dicunt
1122 4854 1340 4914 Paulum
1366 4861 1449 4916 his
1464 4864 1661 4931 verbis,
1683 4865 1933 4926 Germane
1949 4887 2089 4927 com-

497 4955 615 5008 par,
658 4954 880 4997 uxorem
913 4959 1065 5001 suam
1110 4964 1299 5019 rogare
1327 4951 1403 5024 (α)
1435 4971 1450 5009 :
1480 4955 1621 5024 quod
1652 4958 1873 5017 minime
1897 4977 2084 5018 verum

499 5038 616 5095 est;
646 5031 739 5086 sed
762 5036 1046 5104 quamdam
1072 5039 1230 5096 aliam
1263 5044 1579 5112 mulierem,
1607 5048 1691 5104 vel
1718 5054 1879 5106 etiam
1910 5053 2083 5109 virum

502 5117 727 5176 alterius
758 5122 980 5180 istarum
1017 5126 1120 5181 hoc
1146 5141 1302 5185 vocat
1329 5135 1568 5192 nomine.
1597 5137 1799 5211 Adjuva
1826 5143 1967 5210 illas,
1996 5146 2080 5199 in-

497 5208 651 5277 quit,
691 5227 804 5280 qum
845 5232 1038 5270 mecum
1079 5218 1431 5279 laboraverunt
1458 5227 1510 5282 in
1535 5208 1792 5303 eranpelio
1819 5250 1935 5289 cum
1953 5208 2081 5292 Cle-

498 5310 662 5354 mente
683 5312 730 5356 et
757 5306 953 5361 cwteris
976 5308 1294 5379 adjutoribus
1318 5316 1461 5383 meis,
1484 5334 1696 5386 quorum
1722 5326 1932 5380 nomina
1960 5338 2079 5383 sunt

497 5388 549 5443 in
577 5392 703 5447 libro
740 5395 872 5451 vitaz.
906 5399 1066 5457 Vides
1096 5416 1308 5473 quanta:
1337 5409 1549 5466 virtutis
1579 5410 1943 5474 testimonium
1973 5421 2077 5478 illis

495 5480 588 5533 dat
614 5481 803 5550 ?Quo-J
829 5491 1044 5560 quidem
1073 5498 1330 5566 apostolis
1353 5500 1562 5559 dicebat
1588 5504 1856 5576 Christus,
1883 5509 1953 5565 In
1983 5513 2078 5569 hoc

495 5575 654 5628 nolite
680 5581 933 5651 gaudere,
965 5589 1084 5655 quia
1120 5589 1372 5646 dwlnonia
1408 5596 1545 5651 vobis
1580 5597 1957 5672 subjiciuntur,
1991 5608 2083 5662 sed

545 5751 620 5821 (α)
659 5750 858 5805 Paulum
881 5772 1085 5814 uxorem
1120 5768 1346 5821 habuisse
1367 5774 1560 5835 quidam
1581 5781 1830 5841 putabant.

1268 353 1322 408 S.
1362 350 1638 408 JOANNIS
1675 346 2147 404 CllltYSOS’l'OMl
2190 347 2503 404 ARCllliﬁl‘.
2545 347 3072 406 CONSTANTINOP.

3710 355 3815 415 280

2224 461 2360 526 quod
2389 461 2593 515 nomina
2622 471 2786 517 vestra
2813 473 2932 518 sunt
2958 465 3146 536 scripta
3173 464 3223 519 in
3248 465 3375 520 libro
3396 468 3510 522 vitae
3540 467 3693 539 (Luc.
3725 472 3808 527 l0.

2222 548 2316 620 20)
2345 567 2360 615 ;
2415 551 2516 606 hoc
2555 552 2750 608 Paulus
2778 555 2940 609 etiam
2971 555 3041 611 de
3068 557 3185 612 istis
3217 559 3554 627 testiﬁcatur,
3589 561 3808 630 dicens,

2230 641 2461 708 Quorum
2488 645 2694 699 nomina
2725 656 2844 700 sunt
2880 648 2936 700 in
2969 648 3097 701 libro
3127 649 3264 703 vim.
3319 649 3581 706 Videntur
3627 663 3811 709 autem

2224 733 2354 787 mihi
2384 733 2466 789 ha:
2486 736 2741 792 mulieres
2761 749 2921 807 caput
2943 738 3108 795 fuisse
3135 740 3389 796 Ecclesia:
3417 758 3538 812 qua:
3565 744 3635 799 ibi
3662 757 3810 812 erat;

2224 838 2422 894 easque
2469 828 2810 883 commendat
2843 831 2958 885 viro
2999 830 3225 885 fortasse
3275 832 3598 901 admirabili,
3652 851 3810 906 quem

2222 931 2528 987 comparem
2577 921 2739 977 etiam
2788 932 2944 978 vocat
2983 940 2997 978 :
3030 924 3113 978 cui
3157 925 3386 980 fortasse
3429 928 3812 985 commendare

2223 1008 2413 1064 solitus
2440 1019 2592 1079 erat,
2622 1022 2678 1067 ut
2703 1014 2987 1068 auxiliario
3016 1024 3071 1069 et
3098 1015 3451 1071 commilitoni
3484 1031 3537 1073 et
3564 1019 3811 1090 participi

2223 1108 2278 1152 et
2305 1097 2476 1156 fratri.
2523 1101 2579 1157 Id
2609 1118 2740 1158 vero
2765 1112 2821 1158 et
2860 1104 2913 1158 iu
2950 1106 3185 1176 Epistola
3234 1107 3300 1161 ad
3344 1106 3614 1165 Romanos
3644 1109 3807 1165 facit:

2223 1188 2532 1247 Commendo
2555 1232 2570 1257 ,
2625 1194 2832 1264 inquit,
2880 1196 3017 1251 vobis
3046 1194 3270 1251 Phwben
3302 1215 3528 1253 serarent
3558 1213 3807 1270 nostram,

2221 1297 2336 1352 qua
2360 1292 2431 1336 est
2465 1286 2517 1338 in
2547 1286 2830 1342 ministerio
2867 1287 3144 1356 Ecclesiae,
3186 1305 3300 1360 qua
3343 1301 3417 1345 est
3451 1293 3505 1345 in
3542 1291 3811 1351 Cenchreis

2223 1374 2401 1444 (Rom.
2432 1377 2517 1431 16.
2550 1376 2623 1445 1).
2655 1376 2893 1449 Compar.
2929 1380 3020 1436 Vel
3047 1380 3263 1438 fratrem
3293 1383 3526 1455 aliquem
3561 1386 3805 1455 istarum,

2222 1467 2307 1522 vel
2333 1467 2493 1524 etiam
2522 1471 2695 1524 virum
2723 1472 2943 1526 alterius
2984 1474 3219 1543 ipsarum
3258 1476 3327 1530 ita
3357 1488 3513 1532 vocat
3541 1495 3553 1530 :
3586 1479 3808 1548 perinde

2223 1572 2286 1612 ac
2315 1560 2357 1614 si
2389 1560 2615 1629 diceret,
2649 1563 2799 1619 Nunc
2832 1566 2998 1620 frater
3028 1582 3086 1621 es
3114 1583 3421 1638 germanus,
3462 1586 3601 1625 nunc
3633 1571 3712 1625 vir
3732 1571 3811 1627 le-

2219 1651 2470 1722 gitimus;
2513 1654 2710 1724 quippe
2748 1657 2837 1726 qui
2871 1658 3170 1713 membrum
3198 1658 3370 1715 factus
3410 1676 3489 1716 es.
3542 1664 3670 1728 Quae
3698 1680 3806 1718 me-

2220 1757 2337 1797 cum
2378 1743 2733 1799 laboraverunt
2783 1747 2835 1800 in
2878 1749 3156 1817 evangelio.
3230 1749 3365 1805 ilinc
3410 1751 3714 1807 sollicitudo
3752 1760 3808 1809 et

2219 1849 2345 1889 cura
2376 1851 2500 1908 erga
2534 1836 2670 1904 illas,
2705 1854 2810 1893 non
2841 1841 2911 1895 ob
2940 1841 3253 1904 amicitiam,
3285 1842 3379 1897 sed
3407 1843 3476 1898 ob
3504 1844 3803 1899 benefacta.

2223 1925 2420 1981 Mecum
2450 1930 2820 1986 laboraverunt.
2845 1931 2983 1997 Quid
3009 1934 3121 1987 ais?
3166 1934 3431 1991 mulieres
3452 1945 3625 1991 tecum
3658 1937 3806 1991 labo-

2219 2021 2513 2075 raterunt?
2563 2023 2688 2089 Nae,
2733 2022 2923 2093 inquit.
2974 2023 3091 2077 Non
3129 2040 3313 2093 parum
3345 2037 3399 2081 et
3427 2027 3530 2081 illa:
3557 2030 3803 2085 contule-

2218 2118 2344 2163 runt
2376 2128 2389 2163 :
2419 2115 2663 2181 quamvis
2686 2115 2832 2169 enini
2864 2114 3015 2168 multi
3042 2125 3248 2181 essent,
3274 2117 3364 2187 qui
3390 2117 3554 2173 Paulo
3583 2121 3806 2175 auxilia-

2218 2204 2422 2263 rentur,
2478 2204 2653 2251 tamen
2705 2198 2846 2253 inter
2884 2198 3086 2255 multos
3128 2208 3182 2253 et
3209 2200 3325 2255 istae
3353 2216 3477 2256 suas
3521 2203 3803 2270 inagcndo

2219 2298 2399 2359 partes
2443 2291 2788 2360 praestabant.
2835 2292 2953 2348 Non
2986 2305 3175 2363 parum
3198 2293 3359 2363 igitur
3385 2304 3509 2350 tunc
3553 2297 3803 2353 Ecclesia:

2216 2382 2553 2453 augebantur
2581 2401 2593 2438 :
2626 2400 2748 2439 nam
2782 2400 2847 2440 ex
2872 2401 2971 2454 eo,
3024 2389 3166 2457 quod
3195 2385 3231 2443 ii
3278 2387 3369 2460 qui
3397 2378 3601 2459 probati
3625 2400 3799 2457 erant,

2215 2490 2337 2532 cum
2369 2475 2488 2541 viri,
2519 2484 2628 2531 tum
2658 2476 2932 2544 mulieres,
2966 2487 3118 2533 tanto
3148 2495 3179 2533 a
3218 2482 3428 2537 caeteris
3456 2478 3663 2537 hanore
3687 2481 3803 2536 afﬁ-

2215 2578 2486 2635 cerentur,
2532 2570 2699 2625 multa
2730 2571 3052 2627 eveniebant
3096 2572 3257 2629 bona.
3310 2574 3521 2631 Etenim
3569 2574 3801 2646 primum

2214 2657 2432 2729 quidem
2480 2661 2658 2715 caeteri
2708 2662 2774 2717 ad
2823 2678 3005 2733 parem
3041 2665 3216 2719 zelum
3239 2665 3679 2723 adducebantur:
3707 2670 3802 2724 de-

2215 2750 2340 2806 inde
2386 2753 2437 2806 in
2478 2768 2545 2808 eo
2574 2755 2762 2821 etiam,
2804 2756 2947 2825 quod
2989 2756 3250 2814 honorem
3281 2758 3615 2825 deferebant,
3648 2777 3800 2832 quae-

2214 2853 2354 2899 stum
2379 2844 2642 2901 faciebant
2672 2863 2686 2900 :
2720 2850 2878 2903 tertio
2905 2859 2959 2904 et
2985 2849 3105 2905 illos
3134 2850 3280 2919 ipsos
3320 2851 3612 2907 alacriores
3641 2863 3800 2924 atque

2214 2937 2550 2993 ardentiores
2611 2939 2896 2995 faciebant.
2955 2941 3246 3011 Propterea
3292 2943 3490 3013 ubique
3547 2944 3698 3000 vides
3745 2947 3797 3001 id

2211 3039 2486 3084 curantem
2515 3031 2736 3086 Paulum
2764 3047 2829 3087 ac
2854 3032 2987 3088 tales
3017 3032 3277 3089 homines
3293 3036 3756 3093 commendantem
3781 3056 3794 3090 :

2211 3121 2354 3191 quod
2393 3121 2555 3176 etiam
2607 3124 2658 3177 in
2710 3123 2949 3192 Epistula
2993 3125 3060 3179 ad
3106 3122 3417 3183 Corinthios
3466 3128 3666 3197 inquit,
3698 3128 3799 3196 Qui

2209 3223 2327 3267 sunt
2366 3214 2605 3284 primitiae
2648 3214 2858 3269 Achaia:
2910 3216 2986 3287 (1.
3016 3215 3136 3272 Cor.
3170 3218 3258 3274 16.
3289 3218 3400 3290 15).
3463 3220 3691 3286 Quidam
3715 3221 3798 3275 di-

2209 3314 2334 3360 cunt
2378 3322 2573 3363 nomen
2624 3308 2901 3379 proprium
2952 3310 3058 3365 illis
3106 3311 3291 3379 fuisse,
3348 3319 3570 3380 σύςυνος,
3617 3313 3670 3369 id
3714 3308 3798 3370 est

2209 3409 2480 3467 compar:
2525 3397 2621 3453 sed
2653 3416 2839 3469 parum
2889 3401 3137 3466 interest,
3182 3404 3297 3459 sive
3343 3402 3464 3469 hoc,
3514 3405 3628 3461 sive
3670 3406 3796 3463 illud

2209 3486 2277 3541 sit
2309 3504 2324 3540 :
2354 3503 2460 3543 non
2489 3490 2541 3544 id
2573 3492 2785 3546 curiose
2811 3493 3192 3563 inquirendum
3220 3502 3337 3561 est,
3368 3496 3463 3551 sed
3489 3496 3593 3553 hoc
3619 3499 3794 3554 admi-

2208 3576 2458 3643 randum,
2488 3595 2738 3649 magnum
2770 3582 2874 3637 illis
2900 3583 3097 3639 deferri
3126 3585 3387 3642 honorem
3420 3588 3667 3657 jussisse.

2279 3670 2333 3724 4.
2374 3671 2586 3741 Omnia,
2616 3673 2803 3744 inquit,
2830 3676 2985 3732 nobis
3016 3678 3067 3733 in
3098 3679 3246 3734 czelis
3272 3691 3419 3747 sunt,
3445 3691 3499 3737 et
3546 3683 3794 3740 Salvator

2207 3769 2262 3817 et
2281 3761 2491 3827 civitas,
2520 3766 2773 3837 quicquid
2812 3767 2954 3823 aliud
2986 3769 3104 3838 quis
3131 3770 3327 3828 dixerit
3357 3790 3369 3825 :
3402 3772 3569 3840 Unde,
3602 3777 3790 3848 inquit,

2206 3862 2252 3907 et
2282 3852 2601 3910 Salvatorem
2627 3868 2979 3927 exspectamus
3006 3860 3283 3917 Dominum
3305 3863 3482 3919 Iesum
3514 3866 3790 3924 Christum.

2204 3948 2379 4016 Atque
2408 3946 2511 4003 hoc
2538 3949 2699 4004 etiam
2723 3959 2806 4005 est
2831 3952 3174 4023 benignitatis
3195 3971 3329 4011 suae.
3360 3957 3481 4026 Ipse
3507 3976 3692 4015 rursus
3719 3960 3787 4015 ad

2204 4050 2303 4092 nos
2325 4038 2488 4104 venit,
2524 4055 2627 4094 non
2662 4041 2787 4098 illuc
2804 4057 2902 4099 nos
2928 4045 3112 4111 trahit,
3143 4055 3198 4102 et
3224 4062 3345 4103 cum
3368 4064 3469 4105 nos
3507 4052 3789 4121 receperit,

2204 4128 2465 4186 discedit:
2496 4139 2656 4202 atque
2695 4133 2746 4188 in
2777 4134 2879 4189 hoc
2903 4153 3115 4208 quoque
3143 4154 3335 4210 magno
3365 4156 3461 4197 nos
3486 4142 3688 4199 honore
3707 4143 3793 4200 af.

2205 4220 2330 4277 ﬁcit.
2356 4220 2487 4277 Nam
2507 4224 2549 4278 si
2574 4225 2639 4279 ad
2665 4241 2762 4282 nos
2782 4242 2900 4283 cum
2930 4230 3130 4286 inimici
3153 4247 3389 4301 eramus,
3417 4236 3593 4290 venit:
3623 4237 3793 4297 multo

2204 4313 2372 4384 magis
2409 4330 2552 4370 nunc
2573 4332 2694 4371 cum
2718 4320 2874 4374 amici
2904 4319 3030 4376 facti
3071 4337 3278 4379 sumus.
3310 4324 3424 4380 Non
3456 4326 3559 4382 hoc
3586 4329 3791 4399 angelis

2201 4406 2507 4472 committit,
2539 4421 2713 4478 neque
2744 4411 2937 4478 servis,
2985 4412 3080 4468 sed
3129 4415 3323 4484 ipsein
3375 4417 3605 4473 nubibus
3649 4419 3792 4475 venit

2201 4511 2400 4550 vocans
2428 4513 2529 4553 nos
2558 4499 2607 4552 in
2638 4502 2839 4569 regiam
2875 4518 3049 4558 suam.
3108 4506 3359 4563 Fortasse
3388 4519 3568 4565 autem
3594 4520 3648 4565 et
3696 4526 3790 4567 eos

2200 4587 2289 4655 qui
2322 4588 2492 4658 ipsum
2523 4587 2808 4657 coluerint,
2841 4594 2953 4663 ipse
3014 4594 3080 4649 ad
3130 4612 3189 4652 se
3232 4598 3286 4652 in
3338 4600 3566 4655 nubibus
3615 4602 3787 4657 tollet.

2198 4676 2331 4731 Nam
2358 4689 2407 4733 et
2455 4694 2574 4743 nos,
2619 4681 2810 4750 inquit,
2845 4683 2895 4737 in
2926 4684 3158 4740 nubibus
3199 4689 3471 4758 rapientur
3500 4691 3591 4761 qui
3639 4691 3788 4748 illum

2199 4770 2456 4835 colimus;
2489 4781 2543 4827 et
2566 4773 2645 4827 sic
2674 4788 2891 4843 semper
2919 4791 3041 4831 eum
3072 4779 3302 4835 Domino
3325 4781 3547 4837 erimus.
3592 4783 3787 4854 Ecquis

2198 4876 2327 4931 ergo
2348 4864 2598 4919 inventus
2617 4863 2775 4920 fuerit
2797 4866 2969 4923 ﬁdelis
2990 4884 3178 4925 servus
3203 4880 3258 4927 et
3277 4872 3512 4942 prudens
3526 4875 3553 4928 ἲ
3570 4877 3787 4945 quinam

2200 4951 2358 5023 igitur
2375 4955 2538 5010 tantis
2556 4955 2714 5012 bonis
2737 4957 3129 5028 dignabuntur?
3146 4977 3304 5032 quam
3321 4964 3678 5032 miserabiles,
3696 4967 3785 5037 qui

2199 5046 2323 5102 inde
2346 5047 2585 5103 cadunt?
2630 5048 2760 5104 Nam
2789 5052 2834 5106 si
2866 5065 2965 5121 per
2992 5068 3152 5108 omne
3182 5064 3396 5125 tempus
3426 5057 3548 5112 illos
3573 5059 3663 5129 qui
3696 5073 3786 5115 re-

2195 5154 2359 5210 gnum
2391 5144 2685 5198 amiserunt
2723 5145 3020 5214 lugeamus,
3061 5147 3186 5216 quid
3221 5162 3285 5203 ea
3314 5164 3374 5204 re
3404 5149 3620 5221 dignum
3646 5149 3785 5208 iece-

2198 5233 2402 5287 rimus?
2433 5233 2667 5299 Etenim,
2696 5237 2741 5289 si
2768 5246 3054 5292 sexcentas
3082 5239 3361 5309 gehenuas
3409 5242 3669 5309 attuleris,
3702 5245 3786 5300 ni-

2205 5323 2277 5379 hil
2312 5341 2406 5395 par
2429 5325 2624 5382 afferes
2671 5327 2847 5382 dolori
2898 5328 2996 5395 illi,
3043 5347 3151 5399 quo
3197 5340 3324 5388 tunc
3350 5334 3564 5406 angitur
3586 5336 3787 5403 anima,

2196 5430 2316 5471 cum
2359 5418 2640 5473 universus
2658 5420 2897 5489 quatitur
2922 5422 3106 5491 orbis,
3144 5426 3284 5481 tuba:
3337 5441 3552 5494 sonant,
3588 5431 3789 5501 primus

2195 5511 2428 5564 accurrit
2473 5513 2785 5581 angelorum
2827 5514 2981 5581 ordo,
3013 5516 3209 5575 deinde
3258 5522 3560 5588 secundus,
3597 5523 3795 5579 deinde

2197 5601 2403 5667 tertius,
2443 5601 2638 5657 deinde
2676 5607 2913 5660 sexcenti
2948 5606 3165 5664 ordines
3207 5610 3261 5665 iu
3304 5619 3505 5667 terram
3530 5628 3589 5668 se
3616 5613 3792 5669 effun-

2195 5690 2349 5755 dunt,
2378 5703 2487 5746 tum
2516 5694 2805 5750 Cherubim
2834 5697 2924 5768 qui
2969 5699 3387 5758 innumerabiles
3428 5715 3574 5772 sunt,
3608 5715 3663 5759 et
3687 5704 3789 5761 Se-

2195 5782 2436 5853 raphiiu;
2465 5795 2738 5856 postremo
2785 5788 3011 5861 ipsemet
3064 5791 3301 5863 advenit,
3349 5796 3519 5866 gloria
3566 5796 3653 5853 illa
3681 5798 3792 5854 cir-
