4184 6540
559 437 657 494 ἓ31

555 553 677 615 τιᾶς
704 551 805 621 τῆς
837 551 1105 623 οὐρανίου.
1137 551 1199 604 Εἰ
1226 552 1334 624 γὰρ
1357 553 1432 624 μὴ
1458 553 1653 624 γέεννα
1681 551 1768 628 ἦν,
1791 557 1853 610 τὸ
1877 558 2001 620 τοὺς
2032 553 2132 626 μὲν

555 642 838 712 τιμᾶσθαι,
873 643 1112 708 ἐκείνους
1165 643 1221 697 δὲ
1277 645 1663 716 ἀτιμάζεσθαι,
1720 647 1886 702 πόσον
1939 648 2126 714 ἐστίν;

569 733 864 803 ’Ᾱφόρητος
895 734 928 804 ἡ
951 734 1164 801 γέεννα,
1194 715 1459 802 ὁμολογῶ.
1487 715 1816 808 καΓσφόδρα
1836 737 2128 808 ἀφόρητος·

556 824 697 892 πλὴν
729 824 1106 895 ἀφορητοτέρα
1133 826 1322 896 αὐτῆς,
1348 827 1445 897 τῆς
1479 825 1754 895 βασιλείας
1774 828 1808 897 ἡ
1833 825 2129 888 ἔκπτωσις.

553 915 692 968 Εἰπὲ
724 915 832 987 γάρ
855 931 967 986 μοι·
999 917 1151 981 εἴτις
1182 916 1454 988 βασιλεὺς,
1474 919 1508 989 ἦ
1530 919 1644 982 υίὸς
1673 918 1943 989 βασιλέως
1963 916 2130 970 ἀπελ-

553 1006 686 1070 θὼν,
719 1007 814 1062 καὶ
846 1007 1118 1078 πολέμους
1141 1009 1492 1079 κατορθώσας
1523 1010 1770 1083 μυρίους,
1793 1011 1888 1064 καὶ
1917 1009 2128 1080 θαυμα-

555 1096 726 1165 σθεὶς,
767 1099 860 1152 καὶ
889 1097 1028 1168 ἔχων
1070 1101 1432 1172 στρατόπεδον
1479 1101 1805 1172 ὀλόκληρον,
1860 1100 2130 1154 ἐπιϐαίνοι

553 1187 762 1252 πόλεώς
783 1205 930 1252 τινος
955 1191 1092 1260 μετά
1121 1190 1214 1244 τοῦ
1239 1191 1486 1261 ζεύγους,
1519 1193 1655 1262 μετά
1674 1192 1970 1260 τροπαίων,
1992 1193 2131 1262 μετά

558 1278 766 1350 μυρίων
787 1280 1082 1350 ταγμάτων
1105 1282 1320 1335 πάντων
1337 1283 1840 1354 χρυσοφοροῦντων,
1861 1283 2002 1353 μετὰ
2021 1281 2130 1337 τῶν

553 1368 868 1442 δορυφόρων
895 1371 1004 1425 τῶν
1033 1391 1096 1425 πε
1106 1374 1162 1444 ρὶ
1183 1375 1345 1428 αὐτὸν
1369 1374 1625 1428 ἁπάντων
1645 1374 1877 1440 ἀσπίδας
1900 1375 2130 1446 ἐχόντων

553 1463 784 1533 χρυσᾶς,
817 1463 912 1514 καὶ
953 1464 1100 1516 πᾶσα
1139 1465 1171 1534 ή
1207 1463 1361 1528 πόλις
1406 1467 1826 1538 ἐστεφανωμένη
1883 1467 1990 1538 εῖη,
2038 1468 2130 1522 καὶ

554 1555 753 1616 πάντες
781 1555 829 1606 οἱ
851 1555 944 1626 τῆς
969 1557 1292 1626 οἰκουμένης
1312 1555 1571 1628 ἄρχοντες
1595 1559 1714 1626 μετ’
1733 1558 1918 1623 αὐτοῦ,
1945 1561 2130 1614 ἕποιτο

551 1641 608 1693 δὲ
639 1643 786 1712 αὐτῷ
820 1645 913 1703 καὶ
944 1646 1090 1698 πᾶσα
1143 1647 1348 1718 ἡλικία,
1397 1649 1572 1702 ὀπίσω
1611 1650 1916 1720 ἀλλογενῶν
1961 1651 2130 1706 ἐθνῶν

549 1731 865 1803 δεσμωτῶν,
902 1737 1184 1807 ὑπάρχων,
1208 1741 1524 1811 σατραπῶν,
1556 1742 1799 1808 ὑπάτων,
1825 1743 2126 1814 τυράννων,

551 1824 849 1895 ἀρχόντων·
870 1824 986 1881 εἶτα
1011 1831 1103 1884 ἐπὶ
1125 1831 1342 1902 ἀπάσης
1367 1833 1466 1904 τῆς
1481 1835 1870 1907 λαμπρότητος
1891 1837 2126 1909 ἐκείνης,

550 1920 677 1982 τούς
706 1919 1062 1984 ἀπαντῶντας
1105 1921 1213 1975 τῶν
1259 1923 1494 1977 πολιτῶν
1525 1925 1731 1994 δέχοιτο
1763 1925 1857 1979 καὶ
1895 1943 2130 1996 καταφι-

551 2010 690 2081 λοίη,
718 2012 811 2065 καὶ
849 2015 1006 2085 χεῖρα
1035 2014 1254 2084 ὀρέγοι,
1285 2017 1378 2070 καλ⁵
1409 2017 1590 2086 πάσης
1620 2017 1891 2087 μεταδιδοῖ
1916 2021 2130 2090 παρρη-

553 2104 708 2167 σίας.
747 2104 780 2175 ἢ
835 2105 927 2158 καὶ
977 2105 1192 2160 πάντων
1239 2105 1488 2160 ἑστώτων
1525 2107 1857 2177 διαλέγοιτο,
1889 2108 1964 2173 ὡς
1995 2109 2130 2180 πρὸς

553 2195 760 2263 φίλους,
801 2197 892 2250 καὶ
923 2195 1067 2265 λέγοι
1098 2199 1276 2250 πᾶσαν
1307 2197 1405 2268 τὴν
1435 2199 1554 2252 ὁδὸν
1580 2199 1794 2270 ἐκείνην
1833 2200 1900 2254 δι’
1933 2201 2130 2264 αὐτοὺς

555 2288 904 2358 πεποιῆσθαι,
936 2289 1177 2354 καὶτοὺς
1233 2288 1334 2359 μὲν
1380 2291 1459 2354 είς
1505 2291 1574 2344 τά
1625 2290 1872 2361 βασίλεια
1903 2291 2026 2360 ἄγοι
2063 2290 2132 2344 τὰ

555 2376 772 2442 ἑαυτοῦ,
795 2377 919 2441 τοὺς
941 2377 996 2430 δὲ
1019 2377 1439 2448 καταλιμπάνοι,
1469 2379 1642 2450 πόσης
1673 2379 1947 2444 κολάσεως
1973 2379 2131 2432 τοῦτο

554 2467 654 2519 οὐκ
677 2467 842 2532 ἄξιον,
867 2469 914 2520 εί
945 2468 1037 2521 καὶ
1067 2468 1141 2540 μὴ
1171 2467 1522 2535 κολάζονταις
1551 2472 1610 2524 Εἰ
1644 2471 1700 2524 δὲ
1732 2471 1818 2524 ἐπ’
1841 2470 2128 2544 ἀνθρώπου

553 2557 698 2613 οὕτω
723 2559 918 2630 πικρὸν
953 2560 1010 2612 τὸ
1041 2560 1141 2629 τῆς
1167 2559 1324 2629 δόξης
1361 2559 1562 2632 ταύτης
1591 2560 1906 2628 ἀποπεσεῖν,
1952 2563 2130 2636 πολλῷ

558 2650 757 2720 μᾶλλον
787 2652 878 2704 ἐπὶ
915 2651 1046 2704 Θεοῦ
1065 2691 1079 2714 ,
1113 2651 1240 2704 ὅταν
1278 2654 1333 2705 αί
1362 2652 1472 2706 ἅνω
1501 2653 1759 2724 δυνάμεις
1791 2657 1960 2709 πᾶσαι
1983 2674 2126 2728 παρ-

564 2742 665 2795 ῶσι
703 2741 840 2813 μετὰ
880 2743 974 2796 τοῦ
1005 2743 1298 2809 Βασιλέως,
1331 2743 1457 2796 ὅταν
1489 2745 1538 2798 οἱ
1569 2744 1824 2817 δαίμονες
1855 2747 2129 2818 δεδεμένοι

554 2832 650 2884 καὶ
679 2831 830 2886 κάτω
857 2830 1124 2896 νεύοντες,
1182 2833 1276 2885 καὶ
1314 2834 1342 2886 6
1385 2833 1630 2898 διάόολος
1686 2836 1850 2898 αὐτὸς
1905 2836 2128 2907 δέσμιος

553 2923 775 2992 ἄγηται,
809 2923 904 2977 καὶ
931 2925 1081 2978 πᾶσα
1115 2923 1264 2993 ἰσχὺς
1298 2925 1330 2994 ἡ
1365 2925 1740 2996 ἀντικειμένη,
1794 2927 1922 2981 ὅταν
1951 2931 2006 2982 αί
2037 2929 2129 2982 δυ-

552 3015 748 3083 νάμεις
771 3014 878 3068 τῶν
901 3016 1160 3086 οὐρανῶν.
1181 3015 1304 3070 ’όταν
1332 3017 1492 3080 αὐτὸς
1520 3017 1745 3088 ἔρχηται
1781 3021 1873 3074 ἐπὶ
1901 3019 2009 3073 τῶν
2045 3037 2129 3073 νεα

555 3106 751 3175 φελῶν.
785 3106 1118 3160 Πιστεύσατέ
1143 3125 1254 3176 μοι,
1274 3109 1379 3161 ὑπὸ
1405 3109 1505 3177 τῆς
1529 3110 1720 3182 ὀδύνης
1747 3111 1846 3180 τῆς
1874 3109 2128 3182 κατεχού-

557 3212 656 3266 σης
691 3213 792 3264 μου
825 3195 922 3266 τὴν
956 3195 1130 3267 ψυχὴν
1159 3198 1234 3267 τῷ
1258 3198 1562 3268 διηγήματι
1585 3199 1760 3270 τούτῳ
1791 3201 1912 3255 οὐδὲ
1942 3201 2125 3266 ἐξανύο

557 3303 646 3338 σαι
677 3287 766 3337 τὸν
799 3285 958 3343 λόγον
983 3286 1238 3356 δύναμαι.
1281 3288 1654 3358 Ἐννοήσωμεν
1688 3291 1861 3362 πόσης
1895 3293 2129 3345 ἀποστε-

558 3374 797 3446 ρούμεθα
819 3375 1124 3445 δόξης,ἐξὸι
1153 3375 1227 3446 μὴ
1250 3377 1707 3449 ἀποστερηθῆναι.
1727 3378 1799 3430 Τὸ
1823 3377 1930 3449 γὰρ
1959 3377 2130 3432 δει·.δν

556 3466 713 3519 τοῦτό
749 3468 917 3524 ἐστιν,
951 3467 1032 3519 ὅτι
1063 3467 1243 3538 κύριοι
1298 3467 1450 3532 ὄντες
1481 3468 1576 3522 τοῦ
1611 3471 1684 3540 μὴ
1713 3469 1888 3524 ταῦτα
1915 3469 2126 3534 παθεῖν,

557 3557 862 3624 πάσχομεν.
905 3556 1073 3608 Ὅταν
1131 3557 1239 3626 γὰρ
1273 3558 1398 3618 τούς
1445 3557 1546 3628 μὲν
1576 3557 1796 3628 δέχηται
1845 3558 1999 3632 [505]
2038 3559 2132 3613 καὶ

555 3643 743 3713 ἀπάγῃ
775 3642 910 3712 πρὲς
943 3643 1034 3694 τὸν
1068 3645 1281 3714 Πατέρα
1314 3646 1393 3710 εἰς
1449 3645 1576 3708 τούς
1607 3648 1892 3716 οὐρανοὺς,
1921 3647 2048 3712 τοὺς
2074 3647 2133 3704 δὲ

555 3737 714 3804 ἀφιῇ,
746 3737 840 3788 καὶ
865 3734 1120 3800 λαϐόντες
1153 3735 1376 3804 ἄγγελοί
1429 3754 1573 3800 τινες
1605 3738 1838 3792 ἕλκωσιν
1895 3739 2132 3805 ἄκοντας

556 3827 650 3879 καὶ
677 3825 1104 3896 δεδακρυμένους
1166 3829 1260 3882 καὶ
1295 3829 1444 3883 κάτω
1480 3828 1730 3895 νεύοντας
1793 3832 1886 3885 ἐπὶ
1935 3832 1994 3886 τὸ
2036 3834 2133 3904 τῆς

557 3915 782 3986 γεέννης
810 3916 940 3988 πῦρ,
991 3919 1206 3990 πρῶτον
1236 3920 1866 3991 παραδειγματισθέντας
1908 3923 2003 3978 ἐπὶ
2033 3925 2132 3994 τῆς

557 4008 875 4077 οἰκουμένης
897 4009 1131 4078 ἀπάσης.
1193 4012 1366 4080 πόσην
1403 4011 1504 4064 οἴει
1564 4012 1660 4083 τὴν
1705 4013 1896 4086 ὀδύνην
1950 4009 2128 4084 εἶναις

557 4097 884 4169 Σπεύδωμεν
909 4095 1001 4154 οὖν
1029 4101 1128 4164 ἕως
1151 4101 1268 4154 ἐστὶ
1292 4102 1504 4172 καιρδς,
1547 4104 1640 4156 καὶ
1668 4104 1868 4176 πολλὴν
1891 4105 1992 4177 τῆς
2014 4107 2136 4160 ἐαυ-

555 4187 663 4240 τῶν
693 4190 962 4260 σωτηρίας
989 4192 1088 4263 τὴν
1119 4193 1372 4263 φροντίδα
1398 4195 1698 4264 ποιώμεθα.
1727 4197 1876 4251 Πόσα
1907 4197 2133 4252 τοιαῦτα

556 4281 752 4352 ἔχομεν
774 4285 946 4337 εἰπεῖν
978 4281 1064 4339 οἷα
1103 4287 1130 4338 ὁ
1168 4286 1430 4352 πλούσιος·
1473 4289 1538 4342 Εί
1568 4307 1649 4350 τις
1683 4291 1829 4361 ἡμᾶς
1863 4290 1958 4344 νῦν
2009 4307 2132 4344 συν-

557 4374 774 4446 εχώρει,
802 4376 1238 4444 ἐϐουλευσάμεθα
1265 4381 1330 4435 ἀν
1361 4397 1410 4434 τι
1432 4381 1539 4434 τῶν
1565 4383 1971 4455 συμφερόντων·
2013 4382 2128 4436 ἀλλ’

557 4463 734 4526 οὐδεὶς
759 4465 984 4536 ἀφίησιί
1052 4467 1160 4520 Καὶ
1213 4471 1294 4522 ὅτι
1349 4471 1604 4542 ἐροῦμεν,
1637 4471 1760 4543 οὐχὶ
1785 4473 1879 4526 ἀπ’
1917 4473 2130 4528 ἐκείνου

563 4558 722 4628 μόνου
753 4559 931 4632 δῆλον,
963 4563 1098 4618 ἀλλά
1137 4565 1227 4619 καὶ
1259 4567 1366 4619 ἀπὸ
1411 4567 1588 4622 ἄλλων
1621 4568 1854 4622 πολλῶν.
1899 4568 2010 4623 Καὶ
2042 4568 2130 4623 ἵνα

1233 437 1594 496 SJOANNIS
1631 437 2120 496 CIIR‘YSOSTOMI
2154 437 2476 497 ARCIIIEP.
2517 441 3070 500 CONSTANTINOP.

3712 446 3821 503 282

2243 555 2442 627 μάθῃς,
2478 555 2634 609 πόσοι
2687 557 2744 610 ἐν
2804 557 3022 628 πυρετῷ
3048 555 3315 626 ἐγένοντο,
3348 558 3441 612 καὶ
3485 553 3656 628 εἶπον,
3689 559 3818 615 Ἐὰν

2238 647 2674 717 ἀνακτησώμεθα
2719 648 2964 714 ἑαυτοὺς,
3003 649 3182 702 οὐκέτι
3237 651 3348 714 τοῖς
3374 650 3553 714 αὐτοῖς
3583 667 3815 724 περιπε-

2239 735 2506 806 σούμεθαι
2563 739 2739 792 Πολλὰ
2773 738 2998 794 τοιαῦτα
3028 741 3262 811 ἐροῦμεν
3299 741 3442 806 τότε,
3477 741 3616 795 ἀλλά
3654 743 3822 796 ἀκου-

2239 825 2444 896 σόμεθα
2471 827 2613 900 ἀπερ
2641 831 2669 882 ό
2698 829 2970 894 πλούσιος,
2997 830 3077 884 ότι
3113 831 3302 901 χάσμα
3329 830 3476 884 ἐστὶν
3499 869 3515 895 ,
3574 831 3658 885 ὃτι
3715 833 3811 886 ἀπο

2237 915 2501 988 ελάσομεν
2533 923 2602 974 τά
2631 919 2813 989 ἀγαθά
2843 920 3396 992 ἐνταῦθα.Στένωμεν
3425 917 3538 989 οῦν,
3557 940 3816 993 παρακα-

2235 1009 2331 1074 λῶ,
2363 1010 2579 1080 πικρόν·
2616 1011 2816 1082 μᾶλλον
2851 1011 2908 1065 δὲ
2939 1011 3014 1084 μὴ
3048 1012 3207 1083 μόνον
3239 1013 3534 1084 στένωμεν,
3559 1014 3695 1068 ἀλλὰ
3725 1015 3818 1068 καὶ

2239 1117 2306 1169 με
2319 1099 2584 1172 τέλθωμεν
2607 1101 2706 1173 τὴν
2732 1103 2951 1174 ἀρετήν.
2993 1102 3358 1174 Πενθήσωμεν
3377 1103 3474 1158 νῦν
3506 1105 3599 1158 ἐπὶ
3637 1122 3816 1177 σωτη-

2237 1188 2350 1260 ρίᾳ,
2387 1188 2474 1243 ἴνα
2505 1189 2580 1261 μὴ
2607 1189 2728 1245 τότε
2757 1191 3115 1263 πενθήσωμεν
3139 1191 3285 1263 εικῆ·
3312 1193 3638 1264 κλαύσωμεν
3695 1195 3814 1260 νῦν,

2235 1281 2330 1333 καὶ
2359 1279 2436 1352 μὴ
2471 1281 2594 1335 τότε
2616 1280 2925 1353 κλαύσομεν
2947 1283 3040 1336 in}.
3069 1283 3258 1355 κακίᾳ·
3295 1277 3448 1347 οὗτος
3476 1285 3504 1338 6
3537 1285 3817 1358 κλαυθμὸς

2235 1371 2456 1444 ἀρετῆς,
2511 1375 2718 1438 ἐκεῖνος
2767 1373 3076 1444 ἀνωφελοῦς
3129 1375 3417 1446 μετανοίας
3445 1389 3496 1418 ι·
3531 1376 3816 1448 θλίψωμεν

2236 1463 2460 1528 ἑαυτοὺς
2486 1463 2600 1528 νῦν,
2630 1464 2720 1518 ἵνα
2770 1465 2843 1536 μὴ
2876 1466 2997 1519 τότε
3029 1465 3325 1538 θλιϐῶμεν.
3380 1467 3496 1520 Οὐκ
3517 1466 3665 1520 ἔστιν
3701 1467 3816 1521 ἴσον

2236 1555 2470 1610 ἐνταῦθα
2528 1555 2796 1627 θλιὸἦναι,
2843 1557 3022 1611 κάκεῖ.
3068 1556 3334 1612 Ἐνταῦθα
3368 1559 3466 1630 μὲν
3511 1557 3620 1630 γὰρ
3679 1559 3816 1630 πρὸς

2238 1646 2444 1716 βραχὺν
2477 1646 2634 1719 θλίϐῃ
2661 1648 2872 1718 χρόνον,
2905 1648 3104 1718 μᾶλλον
3136 1647 3194 1702 δὲ
3231 1649 3354 1703 οὐδὲ
3389 1647 3644 1720 αἴσθησιν
3673 1649 3814 1720 λαμ-

2235 1737 2418 1800 ϐάνεις
2439 1738 2538 1808 τῆς
2562 1737 2816 1808 θλίψεως,
2847 1737 3002 1803 είδὼς
3029 1740 3110 1794 δτι
3157 1741 3244 1794 ἐπ’
3271 1739 3462 1810 ἀγαθῷ
3490 1739 3670 1811 θλίὸῃ·
3696 1741 3814 1793 ἐκεῖ

2234 1827 2292 1881 δὲ
2321 1827 2674 1900 χαλεπωτέρα
2703 1831 2736 1900 ἡ
2765 1829 2966 1900 θλῖψις,
2994 1831 3076 1884 ὅτι
3107 1831 3209 1885 οὐκ
3240 1832 3329 1884 ἐπ’
3357 1831 3552 1896 ἐλπίδι,
3587 1831 3705 1884 οὐδὲ
3723 1831 3814 1883 ἐπί

2233 1935 2341 1972 τινι
2401 1919 2636 1990 διεξόδῳ,
2694 1919 2830 1976 ἀλλά
2867 1921 3110 1994 ἀπείρως
3141 1921 3171 1963 ιι
3201 1921 3296 1976 καὶ
3346 1921 3638 1986 διαπαντός
3674 1923 3812 1976 ἐστι.

2235 2006 2450 2061 Γένοιτο
2475 2007 2532 2061 δὲ
2585 2008 2792 2073 πάντας
2823 2011 2971 2079 ἡμᾶς
3025 2009 3438 2081 ἀπαλλαγέντας
3473 2012 3658 2082 τυχεῖν
3718 2013 3816 2081 τῆς

2235 2101 2492 2166 ἀνέσεως.
2543 2101 2682 2155 Ἀλλ’
2709 2103 2832 2156 ἐπεὶ
2861 2103 2998 2174 πρὸς
3028 2103 3092 2156 :6
3151 2103 3229 2175 μὴ
3257 2103 3460 2174 ταύτης
3493 2103 3814 2175 διαμαρτεῖν

2235 2191 2394 2262 χρεία
2454 2192 2708 2246 συντόνου
2745 2194 2980 2266 σπουδῆς
3043 2194 3140 2248 καὶ
3191 2193 3552 2248 ἀδιαλείπτων
3612 2193 3811 2263 εὐχῶν,

2237 2283 2647 2356 σπουδάζωμεν,
2677 2285 2998 2360 παρακαλῶ·
3039 2286 3106 2342 ἃν
3135 2285 3248 2358 γὰρ
3277 2285 3686 2355 σπουδάζωμεν.
3717 2283 3814 2338 καὶ

2235 2374 2519 2445 εὐχόμενοι
2546 2375 2802 2448 ἀνύομεν·
2841 2376 2936 2430 ἐὰν
2963 2375 3253 2449 εὐχώμεθα
3306 2376 3558 2440 ἐκτενῶς,
3593 2375 3815 2430 δίδωσιν

2234 2467 2264 2518 6
2290 2464 2441 2530 Θεὸς.
2460 2465 2560 2519 “Av
2601 2466 2656 2521 δὲ
2690 2469 2824 2540 μήτε
2850 2469 3092 2540 αἰτῶμεν
3119 2469 3304 2534 αὐτὸν,
3333 2471 3468 2539 μήτε
3499 2466 3812 2536 ἐνεργῶμέν

2235 2573 2288 2609 τι
2311 2557 2568 2620 τοιοῦτον,
2603 2559 2740 2631 μηδὲ
2768 2557 3152 2632 ἐργαζώμεθα,
3192 2559 3312 2623 πῶς
3359 2559 3439 2614 ενι
3467 2559 3814 2632 κατορθῶσαί

2237 2665 2365 2701 ποτε
2403 2647 2802 2713 καθεύδονταςς
2835 2649 3121 2722 Οὐδαμῶς.
3185 2649 3492 2720 Ἀγαπητδν
3548 2649 3656 2720 γὰρ
3687 2648 3813 2718 τρέ-

2234 2756 2428 2810 χοντας
2479 2740 2575 2793 καὶ
2602 2740 3084 2812 ὲπεκτεινομένους
3135 2742 3230 2794 καὶ
3285 2741 3812 2812 συμμορφουμένους

2235 2830 2312 2900 τῷ
2340 2829 2556 2900 θανάτῳ
2583 2828 2770 2896 αὐτοῦ,
2799 2829 2876 2894 ὡς
2904 2829 3114 2894 Παῦλος
3164 2825 3308 2896 εἷπε,
3346 2828 3640 2899 δυνηθῆναι
3693 2829 3814 2880 ἐπι-

2235 2925 2434 2993 τυχεῖν,
2465 2924 2598 2993 μήτι
2616 2939 2680 2991 γε
2709 2922 2772 2992 δὴ
2799 2920 3180 2984 καθεύδοντας.
3201 2920 3272 2975 EI
3293 2933 3418 2986 πως
3438 2919 3812 2988 καταντήσω,

2236 3014 2417 3084 φησίν.
2444 3014 2506 3067 Εἰ
2531 3013 2590 3066 δὲ
2615 3011 2824 3076 Παῦλος
2870 3011 3054 3079 ἔλεγεν
3078 3052 3092 3078 ,
3149 3010 3222 3066 Et
3250 3023 3375 3078 πως
3420 3007 3776 3078 καταντήσω
3796 3047 3816 3074 ,

2233 3105 2285 3156 τί
2317 3106 2474 3176 ἡμεῖς
2507 3103 2773 3174 ἐροῦμεν;
2837 3101 3217 3166 Καθεύδοντας
3252 3102 3366 3170 γὰρ
3403 3100 3524 3154 οὐδὲ
3562 3099 3804 3170 κοσμικά

2237 3197 2538 3267 πράγματα
2591 3195 2738 3248 ἐστιν
2767 3194 2962 3248 ἀνύσαι
2993 3193 3142 3260 ποτέ,
3193 3193 3324 3266 μήτι
3354 3209 3416 3260 γε
3447 3191 3812 3261 πνευματικά·

2234 3287 2592 3350 καθεύδοντας
2636 3286 2758 3341 οὐδὲ
2797 3287 2948 3358 παρά
3005 3287 3113 3341 τῶν
3163 3285 3331 3354 φίλων
3387 3283 3502 3337 ἐστι
3530 3301 3582 3336 τι
3633 3282 3818 3336 λαϐεῖν

2235 3394 2387 3442 ποτε,
2425 3377 2551 3448 μήτι
2583 3394 2649 3446 γε
2672 3381 2821 3448 παρά
2850 3377 3009 3430 Θεοῦ·
3041 3375 3402 3440 καθεύδοντας
3433 3373 3554 3428 οὐδὲ
3579 3372 3818 3444 πατέρες

2233 3469 2455 3540 τιμῶσι,
2481 3469 2612 3540 μήτι
2642 3485 2707 3538 γε
2733 3469 2761 3522 6
2793 3469 2944 3533 Θεός.
2967 3467 3184 3540 Μικρὸν
3209 3467 3557 3536 πονήσωμεν,
3581 3464 3670 3519 ἶνα
3699 3464 3816 3518 δια-

2235 3558 2435 3622 παντὸς
2465 3555 2926 3629 ἀναπαυσώμεθα,
2955 3556 3182 3619 Πάντως
3207 3555 3454 3624 θλιὸῆναι
3479 3552 3579 3606 δεῖ·
3611 3552 3713 3606 κᾶν
3739 3551 3814 3623 μὴ

2235 3649 2506 3720 θλιϐῶμεν
2533 3647 2788 3708 ἐνταῦθα,
2821 3648 2938 3700 ἐκεῖ
2968 3646 3129 3700 τοῦτο
3185 3645 3356 3716 μένει.
3410 3643 3508 3697 Διά
3534 3641 3589 3695 τί
3625 3642 3698 3712 μὴ
3721 3643 3813 3695 αι-

2239 3741 2476 3812 ρούμεθα
2513 3738 2748 3794 ἐνταῦθα
2784 3737 3052 3810 θλιόῆναι,
3079 3737 3168 3790 ἵνα
3184 3738 3302 3790 ἐκεῖ
3330 3731 3813 3803 ἁναπαυσώμεθας

2234 3832 2449 3886 Γένοιτο
2467 3830 2524 3884 δὲ
2557 3831 2769 3891 πάντας
2795 3831 2828 3900 ή
2839 3829 2944 3900 μᾶς
2967 3827 3134 3894 ἀξίως
3167 3824 3660 3895 πολιτευσαμένους
3689 3825 3818 3895 Χριο

2237 3923 2385 3988 στοῦ,
2416 3924 2508 3978 καὶ⁵
2535 3921 2611 3992 τῷ
2641 3921 2856 3992 θανάτῳ
2898 3919 3062 3976 αὑτοῦ
3099 3916 3249 3990 [504]
3287 3913 3816 3986 συμμορφωθέντας,

2233 4015 2342 4068 τῶν
2399 4015 2724 4084 ἀπορρήτων
2753 4013 2936 4081 τυχεῖν
3000 4007 3220 4080 ἀγαθῶν
3255 4009 3313 4059 ὲν
3347 4002 3570 4074 Χριστῷ
3615 4001 3814 4071 Ἰησοῦ,

2238 4104 2358 4177 μεθ’
2387 4097 2448 4159 οῦ
2474 4104 2550 4174 τῷ
2583 4104 2758 4175 Πατρὶ
2779 4102 2896 4175 ἀμα
2920 4100 2999 4184 τῷ
3034 4099 3173 4169 ἁγίῳ
3201 4097 3478 4166 Πνεύματι
3509 4095 3656 4161 δόξα,
3677 4093 3815 4163 κρά-

2235 4216 2358 4264 τος,
2425 4195 2591 4268 τιμὴ,
2649 4193 2746 4248 νῦν
2799 4193 2892 4248 καὶ
2922 4183 3031 4259 ἀεὶ,
3081 4193 3174 4245 καὶ
3215 4190 3293 4251 εἰς
3317 4185 3444 4250 τοὺς
3470 4185 3674 4248 αἰῶνας
3703 4183 3815 4238 τῶν

2236 4289 2468 4344 αἰώνων.
2505 4289 2701 4360 ’Δμὴν.

2299 4455 2324 4483 ⁸
2347 4449 2496 4510 Εὸἱὶί,
2521 4447 2789 4510 ἀνωφελοῦς
2810 4448 3032 4504 διανοίας.
3066 4443 3291 4498 Nobilius
3311 4442 3441 4508 legit
3475 4441 3732 4504 μετανοίας,
3763 4443 3818 4489 οι

2235 4515 2308 4565 sic
2326 4513 2526 4562 omnino
2552 4511 2836 4574 legendum.

2301 4577 2328 4616 ιι
2353 4578 2569 4626 Dunaeus
2587 4571 2716 4634 cbnj.
2739 4571 2951 4634 ἄπειρος.

2048 4937 2290 4994 ΟΜῙΛΙΑ
2331 4939 2420 4998 1Δ’.

558 5098 800 5166 Χαίρετε
828 5097 898 5151 ἐν
935 5099 1128 5168 Κυρίῳ
1151 5098 1427 5152 πάντοτε·
1469 5097 1656 5152 πάλιν
1690 5099 1830 5168 ἐρῶ,
1867 5097 2129 5166 Χαίρετε.

637 5188 706 5244 Τὸ
730 5186 988 5254 ἐπιεικὲς
1013 5187 1179 5259 ὑμῶν
1209 5189 1532 5258 γνωσθήτω
1561 5187 1752 5243 πᾶσιν
1779 5187 2129 5256 ἀνθρώποις.

649 5281 714 5334 '0
756 5281 966 5348 Κύριος
1009 5281 1188 5350 ἐγγύς
1213 5295 1226 5310 ·
1273 5280 1466 5351 μηδὲν
1506 5279 1850 5350 μεριμνᾶτε,
1895 5279 2032 5334 ἀλλ’
2063 5279 2136 5332 ἐν

635 5369 812 5423 παντὶ
844 5369 920 5438 τῇ
947 5368 1259 5440 προσευχῇ
1291 5370 1388 5424 καὶ
1421 5369 1494 5439 τῇ
1524 5369 1728 5436 δεήσει
1765 5368 1916 5438 μετὰ
1953 5374 2129 5438 εὐχα-

625 5461 866 5528 ριστίας
920 5461 992 5516 τὰ
1041 5460 1334 5530 αἰτήματα
1377 5460 1547 5530 ὑμῶν
1584 5457 1948 5529 γνωριζὲσθω
1986 5459 2136 5528 πρὸς

637 5551 744 5604 τὸν
773 5551 942 5614 Θεὸν,
971 5551 1072 5605 καὶ
1097 5553 1134 5621 ἡ
1156 5551 1360 5621 εἰρήνη
1384 5549 1486 5604 τοῦ
1516 5549 1663 5604 Θεοῦ
1686 5549 1724 5616 ἠ
1756 5549 2140 5619 ὑπερέχουσα

638 5641 835 5694 πάντα
863 5640 1014 5695 νοῦν
1050 5642 1379 5712 φρουρήσει
1416 5643 1524 5709 τὰς
1565 5640 1811 5710 καρδίας
1842 5640 2010 5712 ὑμῶν
2045 5641 2141 5696 καί

642 5733 711 5784 τὰ
744 5730 1016 5799 νοήματα
1047 5731 1213 5802 ὑμῶν
1236 5735 1305 5787 ἐν
1332 5733 1563 5802 Χριστῷ
1597 5733 1822 5800 Ἰησοῦ.

645 5827 716 5874 α’.
738 5822 1022 5890 Μακάριοι
1046 5827 1101 5878 οἱ
1117 5825 1498 5895 πενθοῦντες,
1515 5825 1629 5895 καὶ,
1652 5825 1794 5880 Οὐαί
1821 5825 1942 5892 τοῖς
1965 5821 2143 5904 γελῶ-

2236 5109 2324 5159 σι,
2343 5095 2508 5168 φησὶν
2538 5095 2568 5148 ὀ
2590 5093 2845 5164 Χριστός.
2881 5093 2948 5148 Τί
2975 5089 3068 5149 οῦν
3096 5096 3124 5148 6
3150 5090 3360 5156 Παῦλός
3386 5097 3542 5164 φησι,
3569 5091 3814 5162 Χαίρετε

2237 5186 2308 5239 ὲν
2328 5187 2520 5254 Κυρίῳ
2541 5185 2798 5240 πάντοτε
2812 5202 2829 5251 ;
2844 5183 2944 5238 οὐκ
2963 5182 3370 5255 ἐναντιούμενος
3379 5182 3458 5253 τῷ
3477 5183 3717 5254 Χριστῷ·
3743 5181 3823 5254 μὴ

2237 5277 2465 5345 γένοιτο.
2496 5277 2628 5330 Οὐαὶ
2661 5275 2766 5345 γὰρ
2788 5278 2898 5338 τοῖς
2923 5275 3173 5344 γελῶσιν,
3197 5269 3351 5328 εἷπεν
3383 5276 3412 5328 6
3445 5273 3704 5344 Χριστὸς,
3729 5273 3819 5326 τὸν

2237 5368 2448 5437 γέλωτα
2479 5367 2571 5419 τοῦ
2591 5367 2798 5437 κόσμου
2824 5365 3012 5419 τούτου
3044 5365 3436 5434 αἰνιττόμενος,
3467 5364 3559 5417 τὸν
3589 5365 3678 5416 ἐπὶ
3703 5366 3819 5428 τοῖς

2243 5456 2476 5528 παροῦσι
2506 5457 2790 5526 γινόμενον
2819 5456 3138 5528 πράγμασι·
3179 5456 3274 5509 καὶ
3312 5455 3438 5518 τοὺς
3485 5453 3820 5518 πενθοῦντας

2236 5547 2595 5620 ἐμακάρισεν,
2623 5547 2684 5600 οὐ
2714 5549 2842 5612 τοὺς
2877 5547 3066 5612 ἁπλῶς
3094 5545 3431 5610 πενθοῦντας
3452 5547 3544 5598 ἐπὶ
3569 5547 3687 5608 ταῖς
3711 5544 3822 5598 τῶν

2237 5639 2450 5693 οἰκείων
2479 5637 2800 5701 ἁποὸολαῖς,
2834 5638 2970 5694 ἀλλά
2998 5640 3126 5704 τοὺς
3160 5638 3690 5706 κατανενυγμένους,
3721 5640 3822 5690 καὶ

2237 5733 2307 5786 τά
2335 5732 2516 5784 οἰκεῖα
2549 5728 2877 5794 πενθοῦντας
2897 5730 3064 5796 κακὰ,
3095 5732 3221 5796 τοὺς
3245 5730 3312 5783 τά
3338 5728 3548 5784 ἑαυτῶν
3567 5729 3822 5800 ἁμαρτή-

2241 5838 2386 5894 ματα
2420 5819 2928 5894 ἀναλογιζομένους,
2957 5823 2991 5894 ἧ
3023 5825 3118 5878 καὶ
3145 5825 3215 5880 τὰ
3243 5822 3522 5894 ἀλλότρια.
3555 5821 3670 5876 Οὐκ
3703 5819 3824 5874 ἐστι
