4184 6486
394 369 494 424 2ξί

391 486 718 546 cumﬁnens,
751 496 870 551 qua:
903 477 1062 533 nullis
1109 473 1288 529 verbis
1316 471 1542 542 exprimi
1574 479 1771 542 potest,
1817 484 2002 522 onmes

392 596 524 633 vero
548 575 808 631 festinant
837 571 1105 626 adducere
1145 569 1196 621 iu
1247 568 1479 620 medium
1528 565 1767 620 electos:
1801 562 1997 616 deinde

394 671 595 725 Paulus
624 677 678 724 et
711 667 742 720 ii
770 666 857 735 qui
892 663 1116 718 Paulum
1146 661 1333 716 sectati
1362 667 1508 724 sunt,
1546 657 1744 727 quique
1773 657 1840 708 ita
1877 670 2000 722 pro-

341 811 349 820 .
397 762 504 818 bati
537 767 697 825 sunt,
740 765 1093 819 coronantur,
1126 751 1508 822 pravdicautur,
1533 765 1560 803 a
1613 748 1758 818 Rege
1789 749 1838 801 in
1870 762 1998 800 cou-

397 863 581 922 speetu
618 852 779 904 totius
811 847 1045 902 etelestis
1088 845 1361 899 exercitus
1409 843 1616 896 honore
1667 841 1991 895 afﬁciuntur.

397 946 528 1001 Nam
553 942 761 998 etiamsi
786 939 1028 1008 gehenna
1062 953 1164 992 non
1185 945 1348 1003 esset,
1374 945 1628 1005 quantum
1661 944 1835 987 tamen
1868 931 1997 984 illud

396 1049 499 1099 est,
535 1037 634 1090 hos
661 1034 871 1104 quidem
908 1033 1195 1094 honorem,
1231 1030 1349 1083 illos
1379 1044 1507 1083 vero
1536 1028 1877 1096 ignominiam
1910 1040 1998 1079 re-

400 1129 654 1203 portare?
701 1125 1061 1180 lutolerabilis
1111 1139 1200 1178 res
1231 1133 1311 1177 est
1359 1121 1642 1191 gehenua,
1701 1117 1902 1178 lateor,
1947 1126 1999 1169 et

399 1224 553 1279 Valde
603 1220 817 1291 quidem
869 1215 1262 1279 intolerabilis;
1323 1223 1558 1268 attamen
1609 1209 2000 1265 intolerabilius

401 1317 530 1372 mihi
559 1314 772 1369 videtur
803 1312 870 1365 de
901 1324 1069 1380 regno
1109 1307 1400 1362 decidisse.
1436 1304 1585 1359 Cedo
1613 1303 1777 1364 enim,
1808 1303 1848 1355 si
1880 1299 1999 1368 quis

398 1423 490 1461 rex
515 1407 596 1459 vel
628 1405 771 1474 regis
801 1403 960 1464 lilius,
989 1400 1151 1454 domo
1180 1397 1449 1468 profectus
1478 1393 1832 1449 multisbcllis
1851 1405 2000 1458 egre-

398 1500 482 1569 gie
519 1496 808 1562 confectis,
852 1508 1149 1564 magnaque
1193 1491 1274 1546 sui
1323 1489 1676 1544 admiratione
1709 1495 1996 1547 commota,

399 1590 653 1645 universo
681 1589 971 1643 comitatus
1002 1585 1238 1638 exercitu
1282 1583 1334 1636 in
1363 1581 1628 1636 civitatem
1662 1579 1892 1647 aliquam
1921 1578 2003 1629 iu-

400 1684 716 1755 grederctur
744 1697 866 1736 cum
901 1679 1170 1741 vehiculo,
1208 1692 1328 1730 cum
1363 1675 1599 1744 tropmis,
1624 1688 1744 1726 cum
1774 1685 1998 1725 sexcen-

406 1779 473 1832 tis
494 1776 726 1830 militum
752 1771 1034 1827 ordinibus
1065 1785 1198 1825 auro
1225 1776 1540 1822 onustarum
1565 1807 1579 1830 ,
1610 1779 1730 1818 cum
1761 1761 2001 1816 satelliti-

401 1871 504 1926 bus
549 1850 804 1924 omtiibus
845 1879 1040 1919 aureos
1093 1863 1312 1933 clypeos
1341 1857 1706 1930 gestantibus;
1752 1855 1999 1908 universa

403 1975 584 2020 autem
617 1963 804 2017 civitas
830 1968 1086 2014 coronata
1121 1964 1284 2019 esset,
1318 1967 1617 2022 omnesque
1659 1949 1806 2003 orbis
1857 1947 2001 2016 prin-

404 2060 554 2129 cipes
582 2071 702 2112 cum
744 2054 894 2123 ipso;
946 2066 976 2104 a
1029 2058 1178 2119 tergo
1234 2057 1413 2100 autem
1466 2045 1640 2112 ipsum
1688 2049 2003 2108 sequeretur

405 2151 582 2205 omnis
602 2161 814 2218 quoque
835 2153 967 2198 actas
995 2152 1304 2198 exterarum
1337 2138 1612 2190 nationum
1632 2133 1862 2202 captiva,
1878 2145 1998 2183 cum

403 2239 694 2310 praefectis,
724 2235 972 2306 satrapis,
992 2231 1322 2291 consulibus,
1342 2225 1608 2298 tyrannis,
1638 2222 1999 2292 principibus:

401 2333 597 2388 deinde
641 2331 691 2385 in
727 2329 984 2398 praeclara
1016 2326 1103 2379 illa
1137 2337 1328 2394 pompa
1359 2319 1571 2374 obviam
1603 2316 1704 2370 sibi
1735 2314 2004 2384 prodeun-

403 2439 485 2484 tes
534 2428 681 2482 civcs
739 2423 1108 2491 amplexetur,
1140 2415 1449 2479 osculetur,
1501 2427 1715 2464 manum
1750 2407 2000 2478 porrigat,

402 2535 618 2574 onmem
666 2518 757 2570 det
803 2511 1050 2583 loquendi
1086 2510 1414 2572 libertatem,
1452 2513 1612 2573 atque
1659 2503 1710 2555 in
1765 2501 2004 2554 omnium

402 2619 697 2682 coitspectu
747 2622 871 2661 cum
909 2605 1039 2674 ipsis
1072 2611 1127 2656 ut
1159 2616 1280 2655 cum
1314 2597 1500 2652 amicis
1529 2595 1884 2663 colloquatur,
1927 2600 2008 2642 to-

405 2714 620 2773 tumque
645 2698 776 2753 illud
798 2699 898 2752 iter
922 2695 1159 2766 ipsorum
1185 2691 1285 2746 sibi
1316 2703 1475 2745 causa
1502 2695 1812 2753 susceptum
1841 2681 2002 2744 dicat,

405 2809 565 2868 atque
621 2794 725 2848 hos
770 2791 985 2861 quidem
1017 2790 1066 2841 in
1114 2785 1312 2855 regiam
1362 2796 1516 2836 suam
1563 2777 1840 2848 perducat,
1872 2774 2009 2827 alios

406 2866 533 2944 vero
563 2887 907 2953 derelinquat
933 2899 946 2935 :
976 2887 1236 2950 quantum
1287 2874 1337 2929 id
1368 2873 1514 2928 oumi
1550 2869 1814 2940 supplicio
1838 2866 2010 2934 majus

407 2993 509 3045 est,
558 2978 720 3034 etiam
759 2976 804 3030 si
836 2958 907 3028 illi
950 2970 1215 3040 supplicio
1243 2983 1350 3022 non
1384 2962 1734 3019 afﬁciantur?
1781 2959 1930 3027 Quod
1965 2958 2007 3011 si

407 3074 546 3144 apud
581 3071 858 3126 hominem
902 3065 1040 3120 adeo
1067 3077 1309 3118 amarum
1344 3068 1425 3115 est
1451 3057 1519 3112 de
1545 3056 1712 3126 gloria
1745 3054 1834 3107 illa
1865 3051 2012 3107 deri-

408 3167 570 3232 dissc,
608 3165 778 3218 multo
822 3160 990 3230 magis
1012 3157 1150 3227 apud
1182 3157 1367 3216 Deum,
1404 3167 1524 3206 cum
1555 3164 1763 3217 superre
1788 3155 2012 3215 potesta-

409 3271 489 3318 tes
513 3277 613 3315 una
646 3274 768 3313 cum
796 3255 942 3325 Rege
971 3253 1189 3315 adsunt,
1219 3265 1337 3304 cum
1359 3248 1637 3302 daemones
1668 3242 1826 3295 vineti
1853 3250 2014 3310 atque

409 3356 638 3420 incurvi,
669 3351 916 3406 diabolus
963 3349 1077 3417 ipse
1107 3343 1352 3398 manibus
1385 3339 1640 3395 revinctis
1666 3335 1860 3405 agitur,
1892 3347 2012 3386 om-

416 3463 592 3518 neque
618 3443 1049 3500 adversariorum
1071 3439 1270 3501 robur;
1313 3450 1434 3489 cum
1475 3433 1708 3486 Virtutes
1734 3427 2010 3491 carlorum,

413 3517 536 3595 cum
563 3540 672 3607 ipse
699 3539 748 3590 in
778 3535 1008 3589 nubibus
1056 3527 1320 3584 advenit?
1349 3524 1566 3580 Credite
1598 3522 1750 3586 mihi,
1782 3534 1891 3588 pra:
1920 3517 2015 3571 do-

413 3633 548 3698 lore,
571 3631 658 3702 qui
677 3630 912 3684 animum
944 3641 1120 3680 meum
1149 3639 1214 3677 ex
1244 3623 1343 3675 hac
1370 3617 1679 3674 narratione
1707 3611 2010 3681 occupavit,

411 3727 709 3781 Orationem
742 3721 808 3776 ad
840 3720 1042 3774 exitum
1068 3713 1366 3786 perducere
1386 3725 1489 3764 non
1523 3721 1763 3778 possum.
1796 3703 2012 3772 Cogite-

415 3833 549 3883 mus,
585 3825 782 3888 quauta
813 3814 1085 3882 privemur
1114 3807 1304 3878 gloria,
1328 3820 1450 3859 cum
1481 3803 1533 3856 in
1563 3799 1718 3855 nobis
1746 3798 1905 3852 situm
1948 3794 2018 3849 sit

415 3928 519 3967 non
573 3886 794 3980 privari.
830 3905 941 3960 lloc
972 3903 1116 3957 enim
1149 3895 1400 3968 estquod
1448 3893 1681 3949 maxime
1703 3890 1868 3959 angit,
1901 3886 2018 3941 haec

415 4007 544 4077 pati,
577 4019 699 4059 cum
744 4003 796 4056 in
828 4009 1009 4055 nostra
1041 4004 1308 4066 potestate
1341 3993 1412 4045 sit
1438 4005 1545 4044 non
1571 3989 1700 4059 pati.
1731 3986 1864 4040 Nam
1895 3998 2015 4038 cum

417 4099 517 4153 hos
538 4097 753 4168 quidem
785 4090 1151 4162 amplectitur,
1171 4095 1225 4142 et
1243 4084 1405 4139 mittit
1423 4085 1476 4136 in
1501 4081 1662 4136 caelos
1690 4077 1756 4131 ad
1782 4077 2016 4139 Patrem,

416 4166 703 4244 illos—vero
729 4184 957 4247 omittit;
1015 4179 1189 4249 angeli
1217 4175 1434 4247 quidam
1472 4172 1596 4225 illos
1623 4166 2020 4239 prehendentes

417 4284 470 4338 in
499 4283 762 4352 gehenua:
786 4279 963 4347 ignem
984 4274 1200 4336 invitos,
1230 4268 1443 4330 ﬂentes,
1464 4265 1714 4318 incurvos
1737 4258 2017 4319 traxerint,

418 4473 679 4537 quantum
705 4471 860 4533 putas
889 4457 1094 4513 doloris
1121 4450 1364 4508 hauriri?
1393 4449 1640 4504 Studium
1675 4445 1836 4515 igitur
1859 4441 2019 4498 adhi-

419 4558 668 4623 beamus,
697 4551 951 4624 quamdiu
1000 4557 1213 4616 tempus
1257 4553 1360 4607 est,
1393 4549 1740 4608 nostramque
1785 4537 2022 4606 ipsorum

421 4651 656 4705 salutem
686 4645 917 4701 sollicite
954 4654 1225 4696 curemus.
1257 4636 1466 4704 Quanta
1495 4633 1679 4687 dicere
1718 4643 2020 4699 possemus,

421 4743 601 4812 qualia
631 4739 781 4795 dives
814 4737 905 4792 ille
932 4733 1144 4790 dicebat
1177 4748 1189 4783 :
1217 4730 1270 4783 Si
1296 4726 1417 4798 quis
1446 4740 1588 4780 nunc
1614 4737 1710 4777 nos
1732 4722 1894 4784 sinat,
1918 4728 2026 4774 sta-

425 4845 702 4891 tueremus
731 4846 821 4890 ea,
845 4843 964 4898 quae
993 4826 1044 4879 in
1075 4839 1189 4878 rem
1225 4829 1464 4875 uestram
1492 4824 1695 4880 essent,
1721 4813 1815 4868 sed
1847 4812 2027 4866 nullus

1253 353 1318 411 IN
1362 353 1580 409 EPlST.
1625 351 1717 407 AD
1756 348 2041 407 PlllLll‘P.
2078 346 2231 404 CAP.
2275 347 2363 407 IV.
2408 353 2635 412 HOMIL.
2686 357 2827 414 XIV.

3585 364 3693 415 illi?

2114 467 2277 521 sinit?
2309 471 2561 542 Taliaque
2590 491 2684 528 nos
2717 477 2953 531 dicturos
2983 495 3086 531 nnu
3135 480 3306 532 solum
3336 497 3401 531 ex
3456 480 3568 543 illo,
3602 482 3696 536 sed

2105 560 2266 613 etiam
2318 578 2382 616 ex
2415 566 2594 620 multis
2625 569 2744 622 aliis
2796 569 3135 623 n‘tanifestum
3167 582 3268 626 est.
3307 571 3459 630 Nam.
3494 583 3546 626 ut
3578 573 3700 629 hinc

2105 654 2264 707 etiam
2298 655 2493 718 discas.
2527 670 2657 727 quot
2699 661 2910 716 fuerunt
2933 664 3019 732 qui
3051 679 3169 716 cum
3200 662 3331 718 febri
3369 665 3694 730 laborarent,

2107 744 2174 797 ita
2204 745 2472 813 dixi-runt,
2506 751 2562 803 Si
2594 753 2868 819 pristinam
2896 753 3258 808 Valetudinem
3293 771 3702 825 recupercmus,

2106 852 2396 906 numquam
2432 845 2651 907 posthac
2695 843 2746 895 in
2779 841 2892 898 lucc
2933 844 3120 898 eadem
3164 845 3301 898 mala
3350 846 3702 903 decidcmus?

2105 927 2267 982 Multa
2310 930 2613 1001 hujusnuuli
2646 945 2770 989 tunc
2801 937 3041 991 dicemus
3070 955 3083 1000 ',
3117 940 3208 989 sed
3240 956 3306 992 au
3351 936 3547 1003 iemus,
3582 959 3703 1010 qtuc

2105 1021 2254 1076 dives
2283 1023 2367 1076 ille
2393 1024 2545 1090 (Luc.
2573 1028 2660 1082 16.
2685 1027 2779 1087 2(5)
2799 1071 2808 1092 ,
2827 1045 3076 1096 magnum
3112 1031 3310 1084 hiatum
3339 1032 3698 1097 intercedere,

2107 1111 2192 1166 hic
2216 1129 2312 1169 nos
2343 1127 2524 1170 nostra
2559 1118 2695 1171 bona
2727 1120 3022 1191 accepisse.
3053 1121 3292 1176 Obsecro
3323 1124 3704 1193 igitur,amare

2105 1204 2366 1273 ﬂeamus;
2405 1221 2497 1262 aut
2531 1216 2707 1280 potius
2738 1227 2846 1267 non
2877 1223 3080 1267 tantum
3141 1216 3386 1278 ﬂeamus,
3418 1217 3512 1271 sed
3539 1219 3702 1272 etiam

2107 1303 2356 1356 virtutem
2383 1303 2657 1359 adeamus.
2692 1305 2992 1376 Lugeamus
3039 1323 3180 1362 nunc
3207 1309 3272 1362 ad
3328 1309 3556 1363 salutem
3585 1351 3600 1377 ,
3638 1325 3704 1364 ne

2108 1405 2232 1449 tunc
2262 1396 2457 1450 frustra
2488 1399 2761 1468 lugeamus
2788 1417 2800 1453 :
2837 1399 3112 1469 ploremus
3143 1417 3306 1466 nunc,
3343 1411 3397 1456 et
3420 1413 3544 1456 tunc
3597 1419 3704 1459 non

2109 1488 2435 1557 plorabintus
2467 1505 2532 1543 ex
2581 1490 2965 1560 improbitate:
2999 1493 3155 1546 lletus
3203 1493 3288 1548 hic
3341 1494 3556 1548 virtutis
3600 1504 3704 1560 est,

2108 1581 2194 1635 ille
2240 1597 2370 1636 vero
2419 1582 2621 1636 inutilis
2655 1585 2982 1650 poenitentia»
3016 1585 3373 1640 :al'llictemus
3423 1602 3564 1640 nunc
3606 1601 3706 1640 nos

2108 1673 2274 1741 ipsos,
2299 1691 2362 1725 :te
2393 1682 2519 1727 tunc
2548 1674 2887 1729 alﬁictemur.
2925 1676 3147 1731 Multum
3201 1677 3426 1732 interest
3455 1677 3540 1731 hic
3565 1677 3706 1731 afﬂi-

2106 1767 2259 1832 ctari,
2295 1778 2348 1821 et
2397 1768 2488 1820 ibi.
2520 1769 2650 1822 Nam
2702 1768 2786 1823 hic
2838 1771 3054 1839 quidem
3105 1770 3172 1825 ad
3230 1771 3392 1826 breve
3431 1772 3706 1826 alllictaris

2110 1871 2354 1930 tempus;
2387 1863 2560 1930 potius
2582 1871 2758 1918 autem
2792 1879 2858 1919 ne
2903 1880 3119 1918 sensum
3153 1865 3367 1935 quidem
3400 1867 3707 1922 afﬁictionls

2108 1954 2274 2021 eapis,
2336 1955 2673 2024 esploratum
2720 1957 2923 2011 habens
2954 1957 3200 2012 alﬁictari
3231 1967 3282 2013 te
3302 1999 3316 2024 ,
3349 1967 3404 2013 ιιι
3433 1959 3570 2014 bene
3610 1959 3706 2013 tibi

2109 2046 2216 2099 sit:
2256 2046 2324 2099 ibi
2359 2062 2487 2102 vero
2519 2047 2676 2118 longe
2706 2047 2894 2103 durior
2931 2049 3184 2116 alllictio;
3231 2050 3376 2104 nulla
3419 2051 3564 2106 enim
3612 2067 3708 2120 spe

2109 2145 2404 2200 recreatur,
2440 2151 2614 2206 neque
2644 2139 2848 2192 exitum
2878 2139 3103 2202 invenit.
3135 2140 3230 2194 sed
3261 2140 3464 2194 inﬁnita
3492 2156 3555 2196 ac
3582 2157 3710 2209 per-

2113 2237 2269 2299 petua
2301 2238 2404 2285 est.
2451 2229 2667 2285 Utinam
2698 2247 2828 2286 vero
2859 2230 2985 2287 hinc
3009 2233 3226 2286 liberati
3273 2233 3520 2303 requiem
3563 2234 3708 2286 illam

2110 2339 2526 2394 consequamur.
2556 2324 2662 2380 Sed
2693 2325 2968 2395 quoniam,
3027 2333 3086 2380 ut
3139 2340 3206 2379 ne
3239 2339 3551 2395 peccemus,
3588 2341 3709 2379 eum

2111 2417 2330 2472 assiduo
2359 2417 2557 2481 studio,
2591 2427 2700 2472 tum
2753 2417 2984 2472 assiduis
3017 2419 3266 2487 precibus
3293 2434 3428 2488 opus
3467 2427 3567 2481 est,
3595 2428 3711 2472 stu-

2111 2511 2359 2576 dcamns,
2394 2527 2601 2580 qtueso.
2657 2511 2897 2579 requiem
2951 2511 3093 2564 illam
3147 2512 3427 2579 consequi.
3488 2511 3618 2563 Nam
3668 2513 3712 2563 si

2113 2603 2424 2657 Studeamus
2454 2611 2508 2656 et
2539 2617 2822 2671 precemur
2846 2643 2860 2665 ,
2908 2617 3340 2668 consequemur:
3398 2601 3442 2653 si
3500 2602 3715 2655 assidue

2115 2681 2475 2765 precabimur,
2509 2694 2654 2748 dabit
2687 2694 2845 2747 Deus.
2895 2693 2987 2748 Sin
3040 2705 3219 2747 autem
3276 2709 3451 2763 neque
3483 2695 3550 2748 ab
3596 2695 3714 2763 ipso

2114 2795 2380 2856 petamus,
2424 2801 2524 2838 nec
2551 2785 2838 2855 quidquam
2869 2783 3133 2852 ejusmodi
3172 2793 3509 2852 prmstemus,
3544 2786 3716 2837 omni-

2116 2892 2291 2945 noque
2324 2875 2452 2930 nihil
2507 2891 2772 2945 agamus:
2805 2875 2896 2946 qtti
2949 2875 3062 2929 ﬁeri
3099 2891 3349 2943 nmquam
3410 2886 3606 2945 potest.
3661 2887 3719 2930 ut

2116 2969 2444 3023 dormientes
2469 2968 2911 3038 consequamur?
2963 2967 3130 3022 Planc
3188 2982 3294 3020 non
3332 2977 3527 3037 potest.
3576 2968 3719 3022 Satis

2117 3061 2258 3115 enim
2293 3061 2428 3115 bene
2475 3061 2750 3115 nobiscum
2783 3071 3008 3130 agetur,
3050 3059 3095 3113 si
3152 3069 3435 3116 currentes
3465 3101 3478 3125 ,
3513 3075 3721 3130 nosque

2118 3152 2264 3221 ipsos
2304 3151 2679 3216 extendentes,
2709 3161 2761 3205 et
2789 3149 3102 3205 conformes
3119 3149 3241 3204 laeti
3291 3150 3452 3204 morti
3495 3152 3632 3218 ejus,
3665 3162 3721 3204 ut

2120 3245 2315 3300 Paulus
2343 3244 2572 3303 diccbat,
2596 3243 2851 3312 consequi
2886 3243 3252 3311 potuerimus;
3280 3243 3500 3295 minime
3528 3258 3654 3295 vero
3676 3245 3720 3296 si

2119 3338 2469 3392 dormiamus.
2497 3337 2558 3389 Si
2595 3336 2870 3405 quomodo,
2893 3335 3082 3404 inquit,
3102 3350 3364 3387 occurrant
3388 3333 3649 3403 (Philipp.
3665 3333 3718 3386 ’5.

2121 3433 2179 3485 ll
2218 3431 2261 3499 ).
2283 3429 2434 3497 Quod
2467 3429 2512 3483 si
2543 3427 2740 3481 Paulus
2784 3425 3014 3488 dicebat,
3047 3426 3108 3479 Si
3151 3424 3401 3495 quomodo
3430 3438 3733 3487 occurram,

2119 3523 2246 3593 quid
2272 3536 2370 3575 nos
2397 3520 2676 3575 dicemus?
2729 3518 3134 3572 Dormientibus
3185 3521 3328 3572 enim
3367 3532 3538 3586 neque
3569 3533 3724 3569 mun-

2120 3618 2258 3671 dana
2285 3629 2538 3684 umquam
2569 3613 2782 3682 negotia
2811 3611 3197 3674 conﬁciuntur,
3243 3610 3438 3664 nedum
3467 3611 3723 3678 Spiritua-

2122 3708 2190 3762 lia
2222 3724 2235 3761 :
2267 3705 2602 3761 dormientes
2631 3720 2697 3758 ne
2726 3705 2794 3759 ab
2824 3704 3013 3757 amicis
3030 3703 3247 3774 quidem
3270 3703 3558 3773 quidquam
3584 3703 3724 3756 acci-

2123 3801 2315 3871 piunt,
2351 3798 2545 3852 nedum
2577 3812 2606 3851 a
2638 3797 2748 3851 Deo
2780 3817 2792 3850 :
2824 3795 3160 3852 dormientes
3191 3813 3257 3849 ne
3291 3808 3472 3864 patres
3501 3795 3720 3864 ιἰιιίιιριιι

2124 3895 2176 3948 in
2198 3894 2402 3948 honore
2431 3892 2649 3956 habent,
2677 3889 2872 3945 nedum
2902 3889 3363 3944 Dt-us.Panlnlum
3396 3889 3724 3946 laboremus.

2125 3987 2263 4040 utin
2302 3999 2463 4039 omne
2514 3999 2689 4038 tevum
2729 3981 3155 4053 requiescatnus.
3210 3981 3445 4036 Omnino
3477 3982 3729 4035 aerumnis

2124 4095 2384 4150 angatnur
2410 4091 2631 4131 necesse
2648 4083 2732 4130 est
2763 4095 2774 4129 :
2805 4074 2944 4144 quod
2988 4075 3032 4128 si
3063 4074 3150 4128 hic
3193 4074 3414 4127 minime
3444 4090 3726 4144 augamnr,

2128 4173 2178 4226 id
2213 4187 2310 4225 nos
2341 4171 2409 4225 ibi
2442 4179 2642 4224 manet.
2670 4167 2780 4222 Cur
2806 4184 2912 4222 non
2935 4167 3203 4220 malumus
3230 4166 3319 4221 hic
3344 4167 3549 4224 vexari,
3583 4175 3634 4218 ut
3661 4167 3729 4220 ibi

2127 4260 2562 4332 requiescamus?
2591 4258 2807 4315 Utinam
2839 4273 2966 4313 vero
2999 4273 3097 4313 nos
3113 4272 3302 4311 omnes
3325 4257 3489 4326 digne
3519 4257 3731 4309 Christo

2129 4356 2290 4409 vitatu
2318 4354 2597 4422 degentes,
2617 4360 2672 4407 et
2700 4350 3007 4406 conformes
3041 4351 3162 4404 lacti
3201 4349 3369 4419 ipsius
3399 4349 3577 4410 morti,
3596 4348 3732 4401 bona

2130 4448 2242 4509 illa,
2295 4462 2416 4516 quae
2449 4448 2625 4499 oratio
2664 4443 2879 4513 assequi
2930 4458 3038 4498 non
3072 4450 3274 4512 potest,
3307 4455 3731 4509 consequamur,

2132 4540 2183 4594 in
2206 4537 2560 4594 ChristoJesu
2583 4536 2813 4591 Domino
2842 4544 3050 4601 nostro,
3083 4548 3206 4588 cum
3235 4549 3340 4603 quo
3371 4532 3514 4586 Patri
3547 4531 3737 4585 simul-

2132 4647 2236 4703 que
2275 4639 2464 4686 sancto
2505 4628 2725 4699 Spiritui
2761 4628 2954 4698 gloria,
3007 4635 3268 4696 potestas,
3303 4625 3498 4688 honor,
3523 4637 3663 4678 nunc
3684 4630 3740 4677 et

2133 4739 2371 4795 semper,
2401 4735 2455 4779 et
2485 4724 2538 4778 in
2569 4722 2766 4779 saecula
2796 4722 3140 4778 saeculorum.
3171 4720 3364 4774 Amen.

425 4905 3340 4950 _________________________.__.__________..___————

1793 4974 2136 5035 HOMILIA
2187 4974 2356 5035 XIV.

424 5145 556 5203 CAP.
613 5143 666 5198 4.
717 5156 769 5193 v.
820 5139 870 5191 4.
914 5134 1139 5189 Gaudete
1184 5131 1234 5182 in
1289 5125 1510 5179 Domino
1567 5138 1760 5186 semper
1801 5137 1813 5172 ι
1849 5119 2029 5171 iterum

500 5240 613 5293 dico
640 5279 654 5303 ,
689 5232 936 5290 Gaudete.
981 5229 1034 5283 5.
1082 5225 1132 5278 Μ
1142 5223 1334 5277 odestia
1364 5228 1524 5274 vestra
1556 5225 1676 5269 nota
1707 5215 1770 5268 sit
1800 5212 2030 5267 omnibus

506 5327 816 5384 hominibus.
867 5321 1121 5376 Dominus
1175 5330 1334 5388 prope
1387 5321 1494 5365 est:
1541 5309 1593 5364 6.
1647 5306 1776 5360 nihil
1823 5303 2033 5358 solliciti

500 5425 610 5480 sitis
635 5465 650 5488 ,
683 5421 770 5475 sed
801 5419 852 5470 in
879 5415 1017 5469 omni
1048 5411 1277 5465 oratione
1320 5415 1367 5459 et
1393 5401 1734 5457 obsecratione
1765 5415 1877 5451 rum
1906 5415 2030 5469 gra-

504 5521 694 5572 tiarum
742 5513 941 5566 actione
995 5506 1260 5578 petitiones
1304 5509 1480 5555 vestra:
1540 5497 1857 5549 innotescunt
1901 5491 2039 5560 apud

506 5608 692 5662 Deum.
745 5606 800 5657 7.
846 5599 906 5654 Et
940 5614 1042 5670 pax
1077 5593 1168 5648 Dei
1189 5636 1201 5656 ,
1232 5608 1342 5663 qtae
1372 5595 1642 5659 exsuperat
1681 5600 1880 5638 onmem
1925 5599 2042 5636 sen-

505 5717 619 5755 sum
648 5742 660 5762 ,
690 5694 953 5748 custodiat
983 5689 1137 5745 corda
1172 5697 1336 5740 vestra
1369 5694 1412 5738 et
1444 5679 1807 5752 intelligentia:
1851 5686 2040 5731 vestras

507 5795 560 5848 in
592 5791 800 5847 Christo
829 5787 956 5840 Jesu
969 5825 981 5837 .

507 5886 560 5945 1.
602 5884 734 5940 Cum
763 5878 1006 5938 Christus
1037 5873 1198 5939 dicat,
1231 5868 1372 5924 Beati
1401 5868 1484 5938 qui
1521 5868 1710 5938 lugent,
1744 5873 1816 5931 et,
1859 5861 1942 5917 l'u:
1976 5863 2046 5915 ri-

2139 5120 2372 5173 dentibus
2406 5115 2616 5186 (Matth.
2647 5116 2700 5170 5.
2732 5116 2785 5171 5.
2822 5113 2950 5166 Luc.
2979 5113 3032 5168 6.
3064 5112 3180 5182 ‘25),
3212 5111 3338 5182 quid
3372 5127 3512 5166 nunc
3540 5109 3744 5180 signiﬁ-

2140 5227 2268 5266 cans
2298 5208 2497 5264 Paulus
2527 5208 2595 5262 ita
2628 5207 2798 5277 inquit
2831 5224 2841 5258 :
2882 5203 3114 5260 Gaudete
3143 5207 3193 5258 in
3221 5203 3442 5257 Domino
3491 5217 3692 5270 semper
3722 5201 3747 5253 ?

2142 5302 2261 5358 Non
2341 5317 2472 5355 sane
2542 5298 2862 5353 adversatur
2893 5295 3148 5360 Christo,
3203 5295 3360 5350 absit.
3432 5293 3521 5347 Va:
3591 5293 3756 5355 enim,

2146 5396 2280 5451 dixit
2306 5394 2553 5449 Christus
2609 5375 2908 5446 ridentibus
2937 5391 3101 5444 risum
3144 5389 3325 5443 mundi
3356 5386 3531 5456 hujus,
3563 5385 3651 5456 qtti
3687 5401 3748 5438 ex

2148 5489 2311 5542 rebus
2341 5485 2700 5556 pra-sentibus
2726 5485 2900 5538 oritur
2926 5501 2940 5538 :
2975 5491 3028 5537 ct
3060 5483 3303 5551 Ingentes
3332 5489 3518 5532 beatos
3559 5478 3753 5546 prardi-

2150 5579 2328 5643 cavit,
2368 5594 2474 5632 non
2527 5579 2717 5646 quovis
2745 5575 2906 5629 modo
2940 5574 3182 5642 lugentes
3212 5589 3278 5626 ex
3311 5587 3496 5627 rerutn
3531 5586 3751 5624 suarum

2153 5671 2444 5726 amissione
2469 5711 2483 5734 ,
2527 5669 2622 5724 sed
2655 5685 2749 5722 eos
2781 5668 2869 5737 qui
2899 5673 3338 5734 compungtmtur
3369 5707 3383 5730 ,
3431 5659 3521 5734 qui
3548 5678 3642 5718 sua
3675 5663 3756 5715 lu-

2156 5774 2286 5835 gent
2314 5763 2449 5816 mala
2478 5803 2492 5830 ,
2546 5761 2637 5832 qui
2681 5769 2899 5831 peccata
2949 5774 3046 5813 sua
3075 5757 3424 5826 expendunt,
3471 5765 3563 5810 aut
3601 5755 3760 5827 etiam

2159 5857 2356 5912 aliena.
2400 5853 2514 5911 Non
2566 5863 2650 5911 est
2676 5861 2856 5911 autem
2903 5851 3170 5923 ejusmodi
3218 5851 3383 5908 luctui
3429 5849 3757 5906 contrarium
