4184 6498
521 311 628 374 983

520 430 623 488 hoc
651 415 933 504 gaudium;
960 432 1202 505 quinimo
1229 448 1258 488 a
1282 432 1426 488 luctu
1454 432 1548 488 illo
1566 431 1815 504 gaudium
1847 432 1949 486 hoc
1974 446 2100 500 pro-

520 532 775 581 creatur:
825 541 945 581 nam
992 526 1081 596 qui
1112 526 1256 597 luget
1300 539 1397 580 sua
1423 526 1560 579 mala
1616 535 1671 580 et
1695 523 2018 590 conﬁtetur,
2060 523 2106 578 is

516 616 789 685 gaudebit.
831 617 1098 673 Praeterea
1133 632 1261 672 vero
1291 616 1416 672 licet
1437 616 1621 686 lugere
1648 615 1863 686 quidem
1889 623 2106 684 propter

519 717 734 776 peccata
757 722 850 761 sua
873 750 887 774 ,
918 707 1154 778 gaudere
1179 716 1357 764 autem
1388 706 1582 763 Christi
1611 723 1796 764 causa.
1840 705 2102 775 Quoniam

521 797 682 867 igitur
729 799 1063 854 vexabantur
1121 816 1299 855 rerum
1329 801 1673 855 molestarmn
1718 798 2099 869 perpessione;

529 877 678 942 Vobis
718 891 859 945 enim
892 890 1068 945 datum
1099 902 1209 958 est,
1243 892 1446 961 inquit,
1479 907 1581 944 non
1632 891 1796 944 solum
1826 899 1881 942 ut
1908 893 1958 942 in
1990 904 2103 941 cum

516 981 734 1034 credatis
761 1022 775 1048 ,
806 981 895 1035 sed
926 991 979 1035 ut
1009 984 1158 1036 etiam
1190 1000 1282 1051 pro
1330 983 1421 1036 illo
1450 982 1719 1052 patiamini
1748 975 2012 1050 (l’hilipp.
2046 979 2097 1032 1.

517 1067 649 1140 29);
687 1072 968 1141 propterea
994 1109 1010 1140 ,
1041 1073 1210 1143 inquit
1238 1115 1251 1134 .
1284 1060 1351 1126 In
1386 1071 1602 1126 Domino
1659 1070 1891 1141 gaudete.
1958 1068 2100 1122 Idem

513 1162 657 1215 enim
688 1156 988 1232 significat,
1019 1179 1082 1218 ac
1105 1165 1150 1219 si
1181 1163 1436 1218 dixisset:
1482 1162 1661 1217 Talem
1695 1161 1815 1215 vita:
1838 1160 2099 1214 rationem

512 1254 816 1316 ostendite.
877 1266 935 1310 ut
965 1256 1302 1327 gaudendum
1348 1255 1436 1309 sit.
1476 1253 1704 1321 Quando
1758 1252 1947 1323 igitur,
1981 1266 2099 1321 qua:

511 1344 577 1399 ad
612 1345 772 1401 Deum
799 1350 1102 1418 pertinent,
1136 1348 1337 1403 nullmn
1368 1348 1507 1417 apud
1542 1363 1633 1400 vos
1657 1345 2095 1415 impedimentum

513 1438 827 1506 habuerint,
859 1440 1106 1510 gaudete.
1147 1440 1291 1510 Ergo
1321 1440 1401 1493 vel
1456 1438 1556 1493 hoc
1586 1437 1748 1499 dicit;
1784 1437 1868 1492 vel
1910 1436 2095 1491 vocula

509 1532 596 1586 illa
622 1573 638 1599 ,
679 1533 733 1585 in
759 1571 775 1597 ,
805 1532 946 1586 valet
975 1532 1113 1586 idem
1154 1540 1311 1602 atque
1334 1572 1350 1597 ,
1379 1548 1493 1585 cum
1519 1573 1534 1596 ,
1586 1529 1637 1583 id
1663 1537 1779 1593 est,
1835 1543 1956 1584 cum
1989 1528 2096 1582 Do-

508 1640 654 1677 nuno
678 1637 914 1692 semper.
943 1622 1139 1678 Rursus
1165 1623 1298 1689 dico,
1334 1620 1579 1678 Gaudete.
1606 1620 1717 1677 iloc
1743 1619 1899 1676 valde
1926 1617 2096 1676 ﬁden-

508 1716 576 1771 tis
595 1723 695 1781 est,
724 1723 886 1787 atque
915 1716 1250 1772 ostendentis
1273 1759 1289 1783 ,
1331 1717 1380 1771 ei
1407 1717 1496 1788 qui
1529 1716 1580 1770 in
1616 1715 1725 1771 Deo
1748 1722 1851 1783 est,
1882 1730 2096 1785 semper

506 1807 842 1878 gaudendum
870 1824 1024 1865 esse:
1056 1810 1264 1865 etiamsi
1292 1817 1565 1879 prematur
1597 1823 1660 1863 ac
1687 1807 1897 1878 quidvis
1930 1807 2096 1877 patia-

506 1910 593 1956 tur
621 1942 636 1967 ,
666 1901 754 1955 hic
778 1916 996 1971 semper
1025 1901 1239 1971 gaudet.
1281 1901 1416 1956 Audi
1445 1900 1588 1956 enim
1618 1900 1817 1955 Lucam
1861 1900 1928 1956 de
1966 1915 2095 1970 apo-

505 1988 659 2049 stolis
682 1993 971 2059 dicentem,
1004 1992 1182 2048 lbant'
1193 1994 1469 2065 gaudentes
1494 2012 1525 2048 a
1564 1998 1835 2063 conspectu
1866 1989 2089 2055 concilii,

510 2085 753 2154 quoniam
778 2085 922 2157 digni
951 2075 1110 2139 habiti
1135 2093 1250 2139 sunt
1297 2101 1389 2154 pro
1420 2086 1623 2139 nomine
1669 2086 1780 2155 ejus
1809 2084 2092 2139 verberibus

520 2176 651 2232 credi
676 2175 811 2247 (Act.
845 2178 900 2233 5.
928 2175 1042 2249 41).
1084 2176 1139 2233 Si
1193 2178 1414 2232 verbera
1443 2187 1497 2231 et
1542 2177 1747 2231 vincula
1773 2217 1788 2242 ,
1820 2191 1939 2246 qum
1983 2190 2092 2245 pra:

502 2269 712 2324 cmteris
742 2269 992 2324 videntur
1013 2270 1261 2333 molesta,
1287 2269 1534 2341 gaudium
1551 2268 1786 2339 pariunt,
1817 2268 1945 2338 quid
1974 2278 2091 2322 tan-

502 2360 625 2414 dem
674 2360 964 2424 eritaliud,
997 2361 1140 2432 quod
1175 2362 1330 2416 nubis
1378 2361 1566 2417 afferre
1598 2362 1840 2417 dolorem
1888 2361 2089 2432 queat?

503 2452 703 2508 Rursus
732 2454 866 2520 dico,
916 2453 1163 2509 Gaudete.
1197 2455 1364 2511 [lecte
1412 2456 1573 2510 verba
1602 2456 1703 2511 ista
1752 2454 2043 2526 geminavit
2071 2473 2084 2509 :

516 2547 640 2616 quia
669 2547 811 2601 enim
842 2563 1022 2603 rerum
1044 2560 1230 2604 natura
1253 2548 1493 2604 dolorem
1520 2548 1776 2619 pariebat,
1797 2564 1859 2604 ex
1885 2548 1982 2603 ista
2013 2564 2088 2603 re-

501 2639 756 2707 petitione
801 2641 1034 2696 ostendit
1062 2641 1398 2711 gaudendum
1438 2643 1660 2697 omnino
1715 2658 1856 2699 esse.
1902 2642 2086 2697 Mode-

498 2732 597 2784 stia
625 2740 787 2785 vestra
811 2742 933 2788 nota
967 2733 1034 2788 sit
1073 2733 1303 2787 omnibus
1334 2733 1639 2789 hominibus.
1686 2735 1900 2789 Discrat
1927 2735 2087 2803 paulo

500 2832 644 2888 ante,
672 2818 900 2889 Quorum
926 2824 1048 2880 deus
1080 2836 1246 2880 uenter
1279 2837 1372 2891 est,
1401 2836 1448 2881 et
1488 2826 1654 2898 gloria
1692 2829 1745 2882 in
1790 2829 2086 2899 confusione

496 2918 745 2987 ipsorum,
778 2917 862 2985 qui
889 2925 1086 2971 terrena
1122 2919 1349 2988 sapiunt.
1389 2918 1653 2986 Quoniam
1704 2920 1862 2989 igitur
1893 2920 2084 2975 verisi-

495 3007 626 3063 mile
667 3017 785 3063 erat
835 3007 970 3075 lore,
1002 3018 1058 3063 ut
1113 3009 1237 3065 hinc
1289 3009 1657 3079 Philippenses
1709 3026 1834 3082 erga
1885 3012 2085 3081 impro-

493 3100 596 3158 bos
636 3093 903 3156 infensum
947 3102 1182 3157 animum
1233 3103 1587 3172 susciperent,
1626 3115 1906 3174 propterea
1940 3106 2083 3175 ipsos

490 3194 601 3263 jam
629 3203 831 3261 monet,
857 3204 914 3251 ut
937 3196 1071 3251 nihil
1097 3212 1223 3267 erga
1245 3197 1364 3252 illos
1389 3213 1675 3253 commune
1703 3198 1957 3264 habeant,
1986 3200 2081 3253 sed

494 3300 683 3354 magna
713 3301 833 3341 cum
881 3287 1145 3342 modestia
1176 3298 1398 3344 utantur
1426 3306 1533 3344 non
1581 3290 1835 3346 fratribus
1860 3292 2033 3345 Solum
2061 3332 2077 3359 ,

492 3376 587 3431 sed
618 3378 779 3432 etiam
818 3379 1052 3434 inimicis
1073 3390 1127 3434 et
1146 3380 1489 3436 adversariis.
1521 3380 1771 3437 Dominus
1798 3399 1956 3454 prope
1970 3393 2040 3438 est
2060 3400 2082 3439 :

491 3469 624 3524 nihil
643 3470 852 3524 solliciti
871 3470 1000 3524 sitis.
1024 3471 1163 3538 Quid
1188 3472 1332 3527 enim
1360 3488 1536 3527 causa:
1562 3484 1663 3538 est,
1689 3474 1776 3529 die
1802 3475 1953 3540 mihi,
1983 3491 2081 3530 cur

491 3562 779 3617 concidere
804 3564 985 3619 animo
1015 3564 1295 3620 debeatis?
1321 3581 1387 3619 an
1402 3566 1542 3636 quod
1567 3565 1619 3620 in
1645 3583 1736 3620 vos
1764 3567 2072 3638 insurgunt,

488 3654 739 3724 quudque
768 3669 863 3711 eos
885 3655 937 3710 in
968 3655 1176 3711 deliciis
1203 3656 1398 3726 degere
1426 3658 1658 3713 videtis?
1692 3658 1842 3712 Nihil
1868 3659 2077 3713 solliciti

488 3746 621 3799 sitis.
648 3744 764 3799 lam
790 3746 1033 3800 imminet
1072 3746 1353 3815 judicium,
1386 3764 1492 3802 non
1529 3750 1687 3819 longe
1712 3750 1814 3804 erit
1843 3765 1965 3805 cum
2001 3750 2078 3804 la-

488 3847 696 3890 etorum
723 3837 940 3892 suorum
963 3839 1223 3893 rationem
1254 3840 1498 3894 reddent.
1530 3843 1596 3895 At
1619 3856 1715 3896 vos
1738 3842 1790 3896 in
1813 3844 2074 3911 angustiis

492 3927 764 3992 laboratis,
802 3928 876 3983 illi
908 3944 1039 3983 vero
1063 3929 1274 3984 deliciis
1299 3931 1582 3986 difﬂuunt?
1616 3932 1734 3987 Jam
1766 3936 1882 3989 hare
1911 3936 2069 3989 linem

494 4020 785 4076 habebunt.
821 4025 889 4075 At
918 4021 1238 4077 insidiantur
1264 4038 1325 4077 ac
1355 4026 1670 4079 minantur?
1701 4029 1768 4080 At
1812 4042 1918 4081 non
1975 4028 2071 4081 ist-

502 4114 620 4168 hmo
648 4114 777 4184 ipsis
795 4123 1052 4185 perpetuo
1073 4129 1138 4170 ex
1168 4118 1433 4171 sententia
1476 4117 1768 4174 succedent
1794 4137 1807 4173 :
1834 4120 1944 4189 jam
1973 4122 2075 4175 im-

488 4207 1214 4279 minetjudieium,tuncque
1240 4210 1417 4263 omnia
1446 4220 1632 4265 contra
1684 4221 1875 4277 erunt;
1921 4212 2072 4267 Nihil

485 4299 689 4353 solliciti
713 4296 824 4354 s'itis
843 4316 864 4356 :
887 4300 997 4370 jam
1021 4301 1184 4355 instat
1219 4311 1428 4371 tempus
1467 4303 1754 4358 reddenda:
1781 4305 2068 4361 mercedis.

490 4391 645 4459 Quod
673 4393 715 4447 si
739 4407 864 4462 erga
880 4407 996 4460 eos,
1027 4395 1117 4463 qui
1148 4409 1242 4449 vos
1268 4394 1526 4450 molestiis
1560 4395 1820 4463 alliciunt,
1847 4397 2074 4467 a-quita-

490 4493 598 4541 tem
626 4485 788 4539 animi
817 4485 1190 4552 adhibueritis,
1224 4487 1401 4541 omnia
1429 4497 1772 4554 evanescent,
1796 4489 1896 4543 etsi
1943 4504 2071 4559 pau-

495 4585 699 4647 pertas,
730 4578 774 4633 si
820 4592 988 4643 mors,
1019 4578 1062 4632 si
1090 4579 1295 4647 qumvis
1319 4578 1423 4633 alia
1450 4580 1626 4649 gravis
1673 4579 1950 4634 calamitas
1976 4596 2069 4634 ur-

492 4680 615 4742 get;
660 4671 841 4725 omnia
890 4673 1198 4727 cessabunt.
1251 4669 1402 4724 Nihil
1451 4671 1658 4724 solliciti
1698 4671 1852 4735 sitis;
1881 4670 1971 4725 sed
2014 4671 2071 4725 in

481 4763 624 4816 omni
658 4763 885 4817 oratione
926 4772 974 4816 et
1002 4762 1346 4817 obsecratione
1385 4778 1499 4815 cum
1543 4762 1826 4830 gratiarum
1872 4763 2072 4817 actione

489 4853 753 4922 petitiones
775 4862 952 4908 vestra:
979 4855 1296 4908 innotescunt
1320 4854 1461 4924 apud
1484 4852 1667 4907 Deum.
1703 4853 1817 4908 Una
1845 4854 2064 4925 quidem

481 4945 779 5000 consolatio
804 4956 907 5010 est,
934 4945 1183 5000 Dominus
1211 4961 1369 5015 prope
1387 4955 1479 5009 est,
1512 4956 1567 5000 et
1588 4945 1740 5011 illud,
1770 4944 1877 4999 Ero
1899 4946 2069 5000 vobis-

481 5053 599 5092 cum
618 5037 849 5091 omnibus
872 5036 1048 5091 diebus
1070 5052 1226 5106 usque
1252 5037 1320 5089 ad
1343 5038 1827 5090 consummationem
1867 5036 2064 5091 swculi.

486 5122 627 5183 Ecce
652 5120 754 5182 alia
781 5127 1109 5191 consolatio,
1154 5126 1498 5196 pharmacum
1524 5167 1541 5193 ,
1587 5128 1730 5196 quod
1771 5142 2063 5182 mterorem

477 5232 693 5273 omnem
711 5227 767 5273 et
791 5217 1185 5290 aegritudinem,
1210 5217 1536 5287 molestaqUe
1554 5217 1731 5272 omnia
1755 5218 2063 5286 propulsare

485 5320 680 5378 potest.
708 5311 963 5378 Qua-nam
1004 5309 1121 5363 haec
1150 5300 1269 5363 est?
1299 5308 1539 5370 Preeari,
1575 5309 1626 5362 in
1669 5302 1917 5362 omnibus
1940 5323 2064 5378 gra-

478 5402 582 5455 tias
608 5415 787 5471 agere.
838 5399 1196 5469 Quamobrem
1227 5414 1414 5469 preces
1456 5408 1668 5453 nostras
1720 5413 1825 5452 non
1860 5397 2056 5453 nudum

492 5495 800 5562 petitionem
828 5511 948 5550 esse
975 5494 1103 5552 vult.
1126 5492 1220 5548 sed
1246 5492 1586 5561 conjunctam
1611 5506 1731 5546 eum
1760 5491 2056 5561 gratiarum

475 5586 690 5641 actione
719 5600 814 5654 pro
840 5586 927 5651 iis,
950 5600 1069 5654 quae
1088 5584 1413 5653 accepimus.
1433 5581 1714 5650 Quomodo
1741 5582 1882 5636 enim
1918 5591 2061 5652 petet

476 5674 596 5743 quis
627 5663 822 5740 futura,
846 5677 935 5746 qui
961 5675 1030 5731 de
1050 5673 1334 5746 praeteritis
1350 5673 1575 5744 gratiam
1596 5688 1701 5728 non
1732 5671 1929 5729 habet?
1952 5673 2058 5728 Sed

466 5766 533 5820 .in
561 5768 719 5835 omni,
745 5769 933 5839 inquit,
958 5769 1008 5825 id
1031 5778 1132 5835 est,
1164 5770 1216 5823 in
1248 5770 1392 5825 ozuini
1426 5783 1484 5824 re
1514 5786 1526 5822 :
1560 5767 1787 5824 oratione
1816 5775 1861 5821 et
1900 5759 2052 5825 obse-

1228 315 1285 373 S.
1323 314 1600 373 JOANNIS
1634 312 2103 371 CHRYSOSTOM!
2136 312 2447 369 ARCIIIEP.
2480 307 3011 376 CONSTANTINOP.

3698 320 3807 387 (ΞΜ

2213 430 2454 487 cratione.
2509 430 2690 504 itaque
2726 434 2795 491 de
2844 436 3094 494 omnibus
3148 440 3335 510 gratia:
3363 441 3626 501 habendae
3653 460 3800 518 sunt,

2212 524 2374 577 etiam
2408 523 2477 579 de
2505 525 2570 580 iis
2598 542 2718 596 qua:
2757 527 3008 584 videntur
3050 531 3276 588 molesta
3328 550 3344 589 :
3387 536 3439 590 id
3481 538 3625 593 enim
3672 556 3803 597 vere

2209 614 2345 682 grati
2373 614 2603 671 hominis
2635 626 2738 672 est.
2783 618 2917 675 lllud
2946 620 3061 691 ipsa
3086 637 3264 678 rerum
3293 635 3484 681 natura
3515 630 3749 698 postulat
3786 649 3801 699 ;

2211 705 2316 761 hoc
2357 722 2484 763 vero
2513 710 2581 764 ab
2617 711 2797 767 animo
2833 722 3022 783 grato,
3055 716 3321 787 valdeque
3350 735 3475 789 erga
3522 721 3688 777 Deum
3720 724 3804 778 al-

2213 794 2351 852 l'eeto
2378 799 2754 868 proﬁciscitur.
2818 803 2924 858 llas
2954 820 3138 874 preces
3181 811 3427 878 agnoscit
3459 812 3596 867 Deus
3621 855 3634 875 ,
3668 815 3803 871 alias

2210 904 2337 943 vero
2365 906 2431 945 ne
2459 907 2618 948 nosse
2647 894 2860 964 quidem
2883 897 3012 950 vult.
3042 897 3355 967 Hujusmodi
3388 903 3547 972 igitur
3566 920 3654 960 res
3686 923 3800 976 prc-

2207 982 2424 1046 cemini,
2448 998 2567 1052 qua:
2604 996 2983 1056 agnoscantur.
3020 989 3213 1047 Omnia
3258 994 3401 1049 enim
3432 996 3499 1051 ad
3553 1008 3792 1054 nostram

2210 1069 2490 1127 utilitatem
2517 1074 2877 1143 administrat,
2919 1081 3130 1136 etiamsi
3180 1082 3229 1137 id
3265 1099 3365 1141 nos
3414 1089 3795 1159 pereipiamus,

2206 1162 2381 1233 Atque
2411 1181 2657 1237 magnam
2697 1169 2783 1223 illa
2812 1171 2966 1226 nobis
3006 1172 3200 1229 aﬂ‘erre
3242 1177 3550 1245 utilitatem,
3603 1181 3652 1235 id
3702 1197 3792 1236 ar-

2203 1264 2459 1323 gumento
2483 1267 2594 1323 est,
2615 1259 2754 1328 quod
2789 1276 2891 1315 non
2925 1264 3271 1334 percipimus.
3296 1265 3363 1321 Et
3407 1286 3511 1339 pars
3547 1259 3659 1336 Dei,
3683 1288 3799 1343 ante

2204 1357 2475 1413 exsuperat
2517 1365 2713 1403 onmem
2752 1351 3062 1407 intellectum
3086 1398 3099 1417 ,
3130 1359 3377 1413 custodiet
3425 1362 3580 1415 corda
3632 1373 3796 1417 vestra

2204 1444 2250 1488 et
2270 1436 2622 1508 intelligentias
2651 1451 2840 1496 vestras
2873 1445 2929 1498 in
2960 1444 3160 1501 Christo
3189 1447 3226 1501 Ι
3231 1466 3339 1503 esu.
3372 1452 3505 1516 Quid
3540 1452 3641 1509 hoc
3666 1450 3796 1510 est?

2204 1524 2312 1580 Pax
2351 1527 2468 1594 Dei,
2494 1529 2688 1600 inquit,
2722 1547 2879 1602 quam
2911 1548 3032 1589 cum
3063 1536 3370 1594 hominibus
3398 1538 3547 1608 fecit,
3576 1558 3791 1600 omnem

2201 1630 2485 1688 exsuperat
2517 1624 2921 1695 cogitationem.
2945 1625 3075 1694 Quis
3113 1630 3255 1684 enim
3285 1635 3639 1701 exspectavit,
3671 1623 3792 1706 quis

2201 1710 2439 1780 speravit
2469 1720 2615 1768 tanta
2644 1714 2944 1771 adventura
2976 1717 3114 1774 bona
3140 1720 3162 1773 ?
3210 1720 3515 1777 ilumanam
3572 1740 3788 1782 omnem

2200 1802 2468 1857 excedunt
2497 1806 2903 1876 cogitationem,
2936 1825 3034 1865 uec
3068 1820 3274 1867 tantum
3320 1814 3642 1884 orationem,
3692 1833 3800 1888 pro

2202 1889 2431 1948 inimicis
2460 1896 2595 1963 suis,
2625 1912 2721 1967 pro
2753 1898 2817 1953 iis
2837 1899 2927 1969 qui
2956 1900 3127 1970 ipsum
3147 1903 3272 1956 odio
3296 1907 3791 1976 prosequebantur,

2198 1984 2287 2053 qui
2335 1987 2737 2054 aversabantur,
2766 2005 2862 2059 pro
2885 1991 2950 2046 iis
2990 1992 3199 2049 tradere
3230 1987 3421 2051 Filium
3457 2001 3783 2071 unigenitum

2200 2090 2305 2130 non
2351 2079 2636 2144 recusavit,
2668 2089 2721 2134 ut
2766 2096 2952 2150 pacem
2982 2083 3257 2139 uobiscum
3290 2087 3514 2155 laceret,
3539 2091 3662 2147 llaec
3691 2109 3787 2148 au-

2198 2173 2306 2221 tem
2337 2183 2435 2237 pax
2464 2177 2565 2235 est,
2601 2169 2653 2225 id
2696 2180 2780 2226 est
2824 2173 3090 2241 liberalia,
3121 2177 3315 2232 caritas
3369 2178 3485 2248 Dei,
3528 2183 3788 2242 Custodiel

2196 2256 2353 2310 corda
2377 2266 2537 2313 vestra
2566 2269 2612 2314 et
2633 2262 2990 2333 intelligendas
3020 2275 3231 2324 vestras.

2265 2348 2320 2403 2.
2364 2350 2475 2405 lloc
2513 2356 2857 2423 przeceptoris
2886 2365 2988 2422 est,
3020 2374 3124 2412 non
3170 2369 3372 2415 tantum
3405 2378 3648 2430 monere,
3679 2364 3777 2423 scd

2194 2442 2353 2497 etiam
2387 2446 2592 2513 precari
2615 2454 2663 2499 et
2696 2461 2788 2517 per
2818 2448 3246 2506 obsecrationem
3274 2470 3487 2525 quoque
3508 2458 3778 2527 auxiliari,

2194 2543 2251 2587 ut
2281 2550 2455 2605 neque
2480 2551 2509 2588 a
2538 2539 2923 2594 tentationibus
2949 2539 3265 2610 obruantur,
3298 2561 3472 2616 neque
3498 2549 3565 2602 ab
3596 2564 3782 2607 errore

2191 2626 2637 2683 circutnl‘erantur
2661 2647 2673 2683 :
2698 2632 2917 2700 perinde
2946 2647 3010 2688 ac
3033 2634 3080 2688 si
3103 2634 3326 2702 diceret,
3350 2638 3451 2704 Qui
3471 2654 3569 2694 vos
3588 2642 3780 2698 eodem

2192 2719 2352 2773 modo
2380 2719 2649 2787 liberavit,
2678 2737 2835 2792 quem
2883 2739 3056 2796 neque
3088 2742 3239 2782 mens
3285 2731 3400 2799 ipsa
3440 2734 3652 2802 assequi
3681 2749 3778 2804 po-

2192 2820 2314 2878 test,
2346 2812 2392 2867 is
2418 2827 2514 2867 vos
2540 2814 2808 2868 custodiat
2852 2824 2909 2870 et
2953 2818 3175 2883 muniat,
3210 2828 3268 2873 ut
3314 2821 3444 2875 nihil
3479 2824 3776 2892 patiamini.

2195 2902 2288 2957 Vel
2330 2902 2431 2958 hoc
2464 2903 2624 2974 igitur
2650 2906 2948 2976 signiﬁcat;
2994 2908 3076 2963 vel
3107 2910 3269 2978 istud,
3302 2911 3406 2967 Pax
3452 2913 3541 2968 illa
3572 2915 3639 2970 de
3673 2932 3776 2988 qua

2188 2995 2323 3049 dixit
2348 2997 2611 3065 Christus,
2648 2997 2834 3053 Pacem
2864 3001 3095 3072 relinquo
3124 3002 3282 3071 vobis,
3316 3022 3490 3075 pacem
3521 3024 3682 3062 meant
3710 3009 3777 3063 do

2187 3088 2323 3143 vobis
2355 3089 2536 3159 (Joau.
2568 3092 2656 3146 14.
2697 3092 2815 3163 27),
2852 3095 2961 3165 ipsa
2995 3112 3088 3151 vos
3137 3099 3417 3154 custodiet.
3467 3100 3591 3156 llaec
3630 3103 3773 3157 enim

2187 3194 2290 3250 pax
2335 3191 2555 3251 superat
2606 3199 2822 3239 omnem
2875 3188 3157 3243 humanam
3217 3200 3472 3246 mentem.
3523 3195 3675 3260 Quod
3728 3197 3774 3249 si

2185 3285 2416 3341 quaeras,
2446 3275 2755 3343 quomodo?
2776 3277 2921 3332 audi.
2953 3278 3179 3347 Quando
3201 3281 3352 3350 jubet
3391 3300 3511 3337 eum
3546 3286 3774 3340 inimicis

2188 3381 2374 3436 pacem
2417 3367 2640 3433 habere,
2690 3385 2812 3425 eum
2861 3372 2925 3426 iis
2955 3374 3044 3442 qui
3087 3374 3335 3443 injuriam
3381 3376 3643 3445 referunt,
3682 3368 3773 3448 qui

2185 3474 2284 3513 nos
2312 3459 2454 3515 bello
2482 3474 2894 3532 persequuntur,
2934 3466 3023 3534 qui
3055 3466 3303 3521 infestum
3338 3484 3463 3539 erga
3514 3486 3612 3525 nos
3652 3471 3773 3526 ani-

2184 3568 2330 3607 mum
2370 3563 2595 3623 gerunt;
2628 3557 2899 3626 quomodo
2929 3559 3031 3614 hoc
3079 3575 3183 3614 non
3225 3571 3442 3630 superat
3483 3561 3769 3619 lnunanam

2184 3647 2460 3701 mentem?
2483 3647 2593 3701 hno
2623 3663 2769 3714 vero,
2794 3650 2838 3703 si
2872 3650 3065 3718 placet,
3099 3651 3199 3706 hoc
3222 3654 3367 3721 prius
3397 3654 3765 3709 attendamus:

2184 3735 2303 3791 Pax
2329 3737 2442 3802 Dei,
2474 3755 2589 3810 qua:
2632 3750 2901 3810 exsuperat
2944 3758 3142 3796 omnem
3173 3754 3404 3800 mentem.
3449 3747 3502 3801 Si
3533 3763 3634 3817 pax
3674 3764 3769 3802 su-

2182 3839 2333 3900 perat
2360 3845 2574 3884 onmem
2620 3840 2875 3897 mentem,
2931 3834 3101 3888 multo
3132 3836 3299 3905 magis
3333 3836 3470 3891 Dens
3517 3838 3631 3907 ipse
3676 3839 3769 3908 qui

2182 3934 2365 3989 pacem
2415 3919 2541 3987 dat,
2602 3936 2815 3977 omnem
2869 3925 3146 3994 superabit
3190 3928 3602 3997 cogitationem,
3662 3944 3768 3983 non

2180 4012 2351 4066 solum
2384 4024 2643 4081 nostram,
2669 4014 2763 4069 sed
2791 4017 2952 4070 etiam
2982 4017 3320 4086 angelorum,
3354 4029 3410 4074 et
3450 4036 3767 4090 superarum

2181 4114 2525 4175 potestatum.
2555 4107 2689 4173 Quid
2714 4119 2893 4163 autem
2924 4120 3027 4176 est,
3056 4106 3119 4164 In
3150 4110 3349 4167 Christo
3372 4113 3538 4166 Iesu?
3569 4112 3622 4168 ln
3653 4115 3769 4184 ipso

2178 4197 2467 4260 custodiet,
2503 4207 2559 4251 ut
2581 4201 2958 4267 perseveretis,
2992 4216 3091 4255 nec
3122 4201 3189 4255 de
3218 4202 3386 4272 ipsius
3422 4206 3524 4260 lide
3547 4206 3769 4262 decida-

2180 4289 2267 4342 tis.
2313 4287 2370 4343 8.
2415 4287 2493 4343 De
2534 4300 2736 4356 caetero,
2770 4291 2979 4359 fratres,
3024 4308 3351 4365 quaecumque
3397 4308 3513 4351 sunt
3567 4310 3764 4369 sancta,

2176 4397 2501 4451 qutecumque
2524 4398 2659 4449 vera,
2684 4400 3014 4456 quascumque
3029 4386 3196 4455 justa.
3224 4389 3359 4454 Quid
3382 4390 3663 4461 siguilieat,
3692 4394 3768 4450 De

2177 4477 2394 4529 cetera?
2418 4475 2473 4529 ld
2505 4485 2606 4541 est,
2651 4478 2829 4530 onmia
2855 4478 2964 4546 jam
2995 4480 3150 4534 nobis
3181 4492 3304 4536 sunt
3330 4482 3491 4538 dicta.
3530 4484 3764 4543 Verbum

2176 4572 2262 4621 est
2287 4568 2647 4637 properantis,
2674 4576 2729 4622 et
2754 4568 2884 4623 nihil
2910 4584 3033 4624 cum
3058 4571 3214 4626 rebus
3242 4576 3594 4642 przesentibus
3619 4593 3771 4632 eom-

2176 4677 2338 4716 munc
2384 4661 2651 4717 habentis.
2684 4662 2763 4719 De
2799 4676 3000 4733 cratera,
3045 4672 3251 4738 fratres,
3282 4688 3608 4743 qua’cumque
3646 4685 3767 4729 sunt

2175 4770 2315 4821 uera,
2342 4770 2669 4825 quacumque
2687 4767 2881 4823 sancta,
2906 4775 3233 4832 quwcumqne
3246 4764 3410 4831 justa,
3438 4780 3769 4837 quwcumque

2176 4845 2382 4918 pudica,
2416 4862 2743 4917 qutecumque
2772 4851 3032 4915 amabilia,
3075 4868 3404 4923 quaecumque
3432 4854 3654 4910 honestat
3683 4859 3765 4927 fa-

2175 4953 2291 5003 mte,
2320 4938 2363 4992 si
2387 4955 2486 5005 qua
2515 4940 2690 5006 rirtus,
2725 4944 2766 4994 si
2797 4958 2895 5008 qua
2914 4942 3047 5010 laus,
3074 4944 3182 4998 licet:
3211 4947 3441 5015 regitate.
3475 4947 3527 5002 9.
3563 4949 3688 5015 Qua:
3716 4959 3765 5003 et

2174 5029 2443 5095 didicistis,
2490 5040 2538 5085 et
2582 5033 2863 5101 accepistis,
2905 5045 2953 5088 et
2980 5037 3216 5103 audistis,
3261 5047 3305 5092 et
3336 5040 3529 5095 vidistis
3570 5043 3622 5095 in
3664 5040 3760 5097 me.

2173 5120 2309 5188 Quid
2340 5120 2438 5175 sibi
2471 5119 2603 5190 vult,
2637 5124 2977 5196 Quaecumque
3004 5128 3287 5181 amabilia?
3314 5130 3580 5186 Amabilia
3626 5133 3761 5187 lide-

2173 5212 2332 5279 libus,
2355 5214 2602 5269 amabilia
2622 5213 2751 5271 Deo.
2785 5217 3125 5288 Qutecumque
3151 5230 3269 5274 sunt
3297 5237 3431 5276 vera.
3461 5222 3587 5278 Haec
3617 5227 3760 5280 enim

2172 5306 2363 5359 merito
2391 5300 2643 5360 dicuntur
2673 5322 2834 5374 vera;
2869 5309 2934 5363 .id
2975 5313 3261 5370 est,virtus
3313 5313 3462 5382 ipsa;
3501 5315 3763 5370 vitiositas

2169 5410 2347 5455 autem
2378 5394 2712 5455 mendacium
2733 5409 2816 5456 est
2838 5418 2851 5454 :
2879 5418 3000 5456 nam
3026 5416 3079 5477 et
3103 5405 3343 5475 voluptas
3367 5408 3532 5476 ipsius
3552 5424 3761 5476 comes,

2169 5500 2223 5546 ct
2242 5492 2407 5561 gloria
2432 5491 2768 5546 mendacium
2791 5502 2888 5556 est,
2910 5502 2966 5547 et
2981 5494 3244 5551 mundana
3263 5498 3439 5552 omnia
3463 5499 3595 5552 nihil
3618 5499 3759 5553 aliud

2168 5591 2292 5636 sunt
2320 5598 2480 5653 qumn
2520 5582 2878 5638 mendacium.
2909 5585 3251 5658 Qumcumque
3295 5591 3501 5660 pudica.
3537 5591 3648 5646 lloe
3681 5587 3757 5645 illi

2166 5674 2473 5744 opponitur,
2504 5673 2644 5743 quod
2667 5682 2820 5730 antea
2845 5675 3110 5744 dixit,Qui
3130 5688 3329 5734 terrena
3349 5683 3575 5751 sapiunt.
3602 5681 3759 5749 Qute~

2167 5781 2378 5836 cumque
2405 5775 2598 5820 sancta.
2624 5764 2736 5822 [ioc
2764 5766 3019 5824 adversus
3046 5769 3197 5837 illud,
3226 5770 3454 5838 Quorum
3484 5772 3608 5827 deus
3634 5785 3759 5828 ven-
