4184 6484
337 406 443 461 985

335 518 393 572 δέ
415 513 556 587 αῦτη
588 513 620 584 ἡ
651 510 798 583 χαρά
830 503 1050 562 ἐναντία
1074 501 1151 575 τῷ
1182 501 1368 556 πένθει
1394 500 1589 571 ἐκείνῳ
1611 517 1624 530 ·
1658 498 1794 553 ἀλλά
1826 498 1934 569 γάρ

337 608 436 665 ἀπ’
478 604 695 661 ἐκείνου
728 598 820 654 τοῦ
872 596 1101 659 πένθους
1139 594 1232 647 καὶ
1268 591 1409 664 αῦτη
1457 591 1736 644 τίκτεται·
1766 590 1796 641 ὁ
1827 589 1936 660 γὰρ

338 697 557 755 πενθῶν
589 696 665 749 τά
701 689 896 746 ἐαυτοῦ
926 688 1096 751 κακὰ,
1135 687 1229 740 καὶ
1267 682 1793 756 ἐξομολογούμενος,
1816 681 1937 751 χαί..

341 809 450 864 ρει.
478 787 693 850 Ἄλλως
722 783 800 848 δὲ,
829 781 1006 834 ἔνεστι
1032 776 1251 831 πενθεῖν
1284 775 1382 845 μὲν
1411 774 1550 845 ὑπὲρ
1582 772 1689 826 τῶν
1718 772 1938 825 οἰκείων

342 862 782 954 ἀμαρτημάτων,
821 873 1036 945 χαίρειν
1073 869 1129 923 δὲ
1167 868 1260 922 ἐπὶ
1303 865 1381 938 τῷ
1419 863 1662 936 Χριστῷ.
1717 862 1937 933 Ἐπειδὴ

342 973 438 1032 οὖν
487 968 869 1027 ωνεθλίὁοντο
921 964 989 1018 δι’
1028 956 1103 1017 ὧν
1133 961 1374 1031 ἔπασχον
1428 955 1788 1029 (Ἐχαρίσθη
1830 955 1937 1028 γὰρ

344 1067 508 1139 ὑμῖν.
546 1064 732 1134 φησὶν,
766 1060 837 1113 οὐ
879 1059 1114 1126 μόνον,
1140 1055 1204 1108 τὸ
1250 1055 1340 1117 εἰς
1375 1049 1566 1105 αὐτὸν
1605 1048 1936 1113 πιστεύειν,

345 1158 511 1218 ἀλλὰ
536 1155 635 1211 καί
658 1153 726 1208 τὸ
757 1150 910 1218 ὑπὲρ
933 1147 1120 1202 αὑτοῦ
1146 1144 1454 1215 πάσχειν),
1470 1142 1561 1196 διὰ
1586 1141 1744 1195 τοῦτο
1765 1140 1935 1209 λέγει,

353 1253 460 1307 Ἔν
482 1247 679 1316 Κυρίῳ
709 1244 964 1315 χαίρετε.
1002 1237 1188 1292 Ταῦτα
1235 1237 1345 1308 γὰρ
1396 1235 1548 1289 οὐδέν
1602 1237 1772 1299 ἐστιν,
1800 1232 1833 1302 ἦ
1857 1231 1938 1285 ὅτι

350 1341 602 1397 Τοιοῦτον
627 1332 1003 1392 ἐπιδείκνυσθε
1035 1330 1170 1401 βίον,
1203 1328 1344 1381 ῶστε
1371 1326 1605 1398 χαίρειν.
1623 1325 1795 1378 Ὅταν
1823 1321 1937 1376 τοί-

346 1451 441 1488 νυν
477 1430 546 1484 τὰ
583 1427 727 1483 κατά
771 1424 902 1479 Θεὸν
938 1423 1068 1494 ύμῖν
1096 1421 1171 1492 μὴ
1293 1413 1765 1489 ἐμπεποδισμένα,
1820 1412 1940 1483 χαί-

347 1543 492 1599 ρετε.
522 1525 594 1576 Ἦ
616 1521 796 1575 τοίνυν
816 1516 976 1571 τοῦτό
997 1531 1187 1585 φησιν,
1214 1512 1248 1584 ἢ
1271 1511 1353 1574 τὸ,
1375 1509 1476 1573 ἐν,
1503 1507 1624 1562 ἀντὶ
1650 1505 1767 1566 τοῦ,
1793 1504 1937 1567 σὺν,

346 1593 520 1680 ἐστὶν,
549 1611 688 1667 ὡσεὶ
721 1610 907 1678 ἐλεγεο
937 1606 1172 1677 Χαίρετε
1195 1606 1292 1657 σὺν
1323 1599 1512 1672 Κυρίῳ
1541 1599 1794 1652 πάντοτε.
1822 1593 1940 1649 Πά-

343 1711 449 1763 λιν
485 1703 622 1773 ἐρῶ,
655 1702 920 1770 Χαίρετε.
955 1697 1126 1752 Τοῦτο
1155 1691 1516 1764 θαρσύνοντος
1545 1691 1663 1742 ἐστι
1703 1687 1798 1742 καὶ
1830 1685 1941 1740 δει-

346 1797 593 1862 κνύντος,
629 1796 714 1848 ὅτι
737 1796 765 1846 ὁ
794 1794 852 1847 ἐν
883 1788 1005 1861 Θεῷ
1032 1786 1129 1854 ῶν,
1152 1787 1240 1840 ἀεὶ
1269 1782 1452 1856 χαίρει
1474 1797 1488 1810 °
1521 1781 1623 1834 κάν
1652 1795 1709 1831 τε
1746 1776 1940 1847 θλίϐη-

345 1908 455 1951 ται,
490 1888 596 1942 κάν
620 1884 800 1940 ὁτιοῦν
836 1882 1044 1953 πάσχῃ,
1070 1879 1158 1932 ἀεὶ
1198 1877 1420 1949 χαίρειὸ
1441 1872 1703 1936 τοιοῦτος.
1737 1870 1941 1923 Ἀκου-

351 1999 444 2035 σον
483 1979 596 2050 γὰρ
631 1978 761 2049 περί
791 1973 900 2029 τῶν
935 1970 1251 2028 ἀποστόλων
1296 1966 1390 2022 τοῦ
1442 1966 1629 2021 Λουκᾶ
1665 1963 1937 2032 λέγοντος,

353 2075 434 2129 ὅτι
496 2072 905 2138 ’Υπέστρεφον
944 2063 1064 2120 ἀπὸ
1099 2060 1427 2131 προσώπου
1469 2056 1575 2111 τοῦ
1620 2054 1941 2122 συνεδρίου

350 2164 689 2234 χαίροντες,
720 2157 810 2211 ὅτι
835 2151 1295 2222 κατηξιώθησαν
1320 2146 1470 2214 ὑπὲρ
1500 2146 1606 2200 τοῦ
1647 2144 1942 2213 ὀνόματος

347 2233 536 2311 αὐτοῦ
570 2248 1047 2323 μαστιγωθῆναι.
1098 2245 1162 2297 Εἰ
1213 2242 1477 2314 μάστιγες
1525 2237 1622 2292 καὶ
1673 2235 1870 2306 δεσμὰ,
1905 2233 1944 2288 ἀ

348 2348 568 2403 πάντων
617 2341 756 2397 εἰναι
803 2341 950 2394 δοκεῖ
1005 2335 1378 2408 λυπηρότερα,
1435 2330 1612 2401 χαρὰν
1666 2327 1860 2393 τίκτει,
1891 2324 1942 2379 τί

332 2439 457 2493 ,τῶν
476 2436 654 2492 ἄλλων
676 2434 971 2505 δυνήσεται
997 2429 1300 2501 ἐμποιῆσαι
1335 2425 1515 2496 λύπην
1550 2424 1717 2495 ήμῖν;
1749 2421 1944 2474 Πάλιν

348 2531 502 2603 ἐρῶ,
552 2528 821 2597 Χαίρετε.
883 2514 1081 2585 Καλῶς
1145 2520 1238 2572 τὸν
1310 2517 1469 2584 λόγον
1536 2511 1939 2567 ἐδιπλασίασεν.

363 2623 585 2694 Ἐπειδὴ
619 2622 725 2691 γὰρ
750 2617 859 2673 τῶν
887 2614 1229 2688 πραγμάτων
1262 2612 1295 2681 ἡ
1324 2607 1485 2679 φύσις
1520 2605 1698 2675 λύπην
1737 2603 1942 2665 ἔτικτε,

346 2718 439 2773 διὰ
484 2715 581 2768 τοῦ
636 2705 1042 2779 διπλασιασμοῦ
1097 2705 1395 2767 δείκνυσιν,
1452 2700 1534 2753 ὅτι
1588 2697 1807 2759 πάντως
1864 2695 1946 2747 δεῖ

348 2810 583 2882 χαίρειν.
610 2804 681 2861 Τὸ
701 2801 959 2866 ἐπιεικὲς
974 2796 1144 2868 ὑμῶν
1161 2791 1488 2866 γνωσθήτω
1505 2788 1698 2844 πᾶσιν
1723 2785 1944 2855 ἀνθρώ-

350 2880 509 2967 ποις.
534 2897 692 2972 [505]
729 2890 894 2949 Εἶπεν
924 2890 1200 2962 ἀνωτέρω,
1237 2881 1350 2939 ’Ὧν
1388 2888 1422 2939 ό
1468 2886 1604 2948 θεὸς
1635 2882 1673 2949 ή
1719 2880 1942 2941 κοιλία,

351 2994 450 3049 καί
472 2994 507 3061 ή
526 2990 676 3053 δόξα
691 2984 846 3054 ἐντιῖ
871 2984 1137 3052 αἰσχύνη
1165 2976 1384 3042 αὐτῶν,
1418 2976 1511 3027 καὶ
1531 2975 1613 3026 ὅτι
1632 2971 1697 3024 τὰ
1727 2970 1947 3037 ἐπίγεια

355 3082 666 3156 φρονοῦσιν.
711 3076 865 3131 Ἐπεὶ
892 3069 983 3128 οῦν
1016 3072 1162 3133 εἰκὸς
1204 3068 1402 3129 αὐτοὺς
1430 3064 1567 3135 πρὸς
1615 3063 1738 3123 τοὺς
1778 3075 1946 3127 πονη-

352 3176 484 3249 ροὺς
526 3168 782 3241 ἀπεχθῶς
830 3162 1173 3229 διακεῖσθαι,
1215 3159 1474 3229 παραινεῖ
1526 3154 1703 3207 τοίνυν
1758 3151 1946 3212 αὐτοῖς

352 3270 524 3342 μηδὲν
556 3267 643 3336 ἔχε
656 3284 704 3317 ιν
730 3260 865 3333 πρὸς
897 3260 1141 3318 ἐκείνους
1168 3252 1367 3313 κοινὸν,
1396 3249 1534 3301 ἀλλά
1569 3246 1707 3316 μετά
1743 3243 1946 3312 πολλῆς

351 3364 540 3424 αὐτοῖς
573 3354 876 3428 κεχρῆσθαι
911 3347 1245 3412 ἐπιεικείας,
1287 3345 1348 3397 οὐ
1394 3343 1498 3414 μὴν
1544 3342 1655 3401 τοῖς
1700 3335 1949 3403 ἀδελφοῖς

358 3456 545 3525 μόνον,
579 3450 715 3504 ἀλλά
746 3447 840 3500 καί
892 3445 1003 3507 τοῖς
1032 3441 1251 3512 ἐχθροῖς
1284 3439 1377 3490 καὶ
1419 3436 1530 3496 τοῖς
1558 3431 1842 3492 ἐναντίοις.
1886 3427 1950 3480 '0

356 3548 580 3614 Κύριος
609 3540 810 3611 ἐγγὺς,
831 3536 1029 3609 μηδὲν
1050 3529 1396 3603 μεριμνᾶτε.
1419 3529 1575 3591 Τίνος
1603 3528 1712 3596 γάρ
1738 3525 1947 3586 ἕνεκεν,

352 3639 480 3693 εἰπέ
517 3653 626 3707 μοι,
657 3630 987 3694 ἀλύετε;ὃτι
1033 3624 1421 3687 ἀνθίστανται;
1470 3621 1554 3673 ὅτι
1601 3620 1766 3690 ὁρᾶτε
1818 3632 1951 3688 τρυ-

354 3731 577 3800 φῶντας
609 3725 847 3788 αὐτούς;
893 3718 1098 3789 Μηδὲν
1131 3713 1471 3788 μεριμνᾶτε.
1527 3713 1667 3781 ’Ἤδη
1696 3713 1730 3781 ή
1768 3709 1951 3781 κρίσις

356 3822 667 3894 ἐφέστηκεν
691 3834 705 3848 ⁸
761 3816 865 3870 οὐκ
922 3816 1003 3876 εἰς
1056 3809 1274 3884 μακρὰν
1332 3808 1565 3861 δώσουσι
1632 3804 1791 3872 λόγον
1840 3800 1952 3855 τῶν

358 3914 772 3987 πεπραγμένων
802 3910 1008 3971 αὐτοῖς.
1057 3905 1200 3957 Ἀλλ’
1237 3904 1396 3973 ὑμεῖς
1426 3903 1484 3954 ὲν
1526 3897 1726 3968 θλίψει,
1750 3898 1951 3950 ἐκεῖνοι

357 4010 417 4064 δέ
436 4012 495 4063 ἐν
511 4007 749 4079 τρυφαῖς
772 4021 787 4070 ;
826 4000 968 4055 Ἀλλ’
993 4000 1096 4070 ήδη
1127 3997 1303 4052 ταῦτα
1324 3994 1559 4066 λήψεται
1593 3991 1770 4054 τέλος.
1810 3989 1948 4043 Ἀλλ’

358 4098 798 4164 ἐπιϐουλεύουσι,
834 4098 929 4150 καὶ
954 4091 1308 4156 ἀπειλοῦσιν;
1345 4089 1486 4143 Ἀλλ’
1522 4089 1622 4141 οὐκ
1669 4088 1748 4149 εἰς
1799 4084 1952 4148 τέλος

358 4195 547 4257 αὐτοῖς
577 4192 755 4247 ταῦτα
789 4186 1142 4261 προχωρήσει
1170 4199 1183 4212 ·
1224 4182 1326 4254 ήδη
1366 4180 1668 4249 ἐφέστηκεν
1687 4179 1720 4247 ή
1747 4177 1949 4248 κρίσις,

354 4288 450 4342 ὅτε
480 4284 745 4340 τάναντία
789 4281 940 4334 ἔσται
958 4320 971 4333 .
1004 4276 1211 4346 Μηδὲν
1229 4270 1555 4345 μεριμνᾶτε
1575 4286 1593 4299 τ
1628 4269 1728 4340 ήδη
1755 4270 1825 4320 τά
1852 4267 1951 4335 τῆς

360 4375 776 4437 ἀνταποδόσεως
804 4372 1097 4443 ἐφέστηκε.
1117 4366 1236 4423 Κάν
1260 4363 1520 4428 ἐπιεικῶς
1547 4356 1953 4434 προσενεχθῆτε

361 4473 478 4534 τοῖς
507 4469 574 4522 τά
598 4466 749 4520 δεινά
782 4464 927 4535 ὑμᾶς
963 4462 1279 4523 διατεθεῖσι,
1312 4457 1418 4511 κᾶν
1444 4454 1622 4519 πενία,
1653 4451 1754 4507 κάν
1785 4450 1953 4504 θάνα-

363 4579 479 4624 τος,
507 4560 613 4613 κάν
637 4555 818 4611 ὁτιοῦν
837 4554 965 4610 ἀλλο
992 4552 1163 4606 δεινὸν
1192 4548 1250 4625 ᾖ,
1283 4548 1464 4603 πάντα
1491 4547 1795 4618 οἰχήσεται.
1829 4545 1956 4611 Μη-

362 4654 474 4709 δὲν
500 4648 860 4723 μεριμνᾶτε*
894 4643 1031 4701 ἀλλ’
1067 4644 1138 4698 ἐν
1164 4640 1346 4696 παντὶ
1389 4637 1463 4709 τῇ
1499 4633 1817 4707 προσευχῇ
1855 4634 1957 4689 καὶ

363 4747 439 4816 τῇ
466 4743 677 4811 δεήσει
701 4740 852 4812 μετὰ
891 4736 1282 4808 εὐχαριστίας
1320 4733 1393 4788 τὰ
1446 4731 1744 4798 αἰτήματα
1790 4727 1959 4799 ὑμῶν

363 4836 736 4910 γνωριζέσθω
775 4832 929 4902 πρὸς
977 4834 1084 4884 τὸν
1125 4828 1295 4883 Θεόν.
1350 4825 1467 4880 Μία
1515 4824 1612 4896 μὲν
1646 4820 1740 4878 οῦν
1772 4822 1959 4891 ἐκείνη

365 4927 714 5003 παραμυθία,
751 4924 835 4990 τὸ,
886 4922 951 4977 Ὅ
987 4923 1204 4990 Κύριος
1247 4916 1450 4989 ἐγγὺς,
1503 4917 1597 4970 καὶ
1644 4917 1841 4980 ἐκεῖνο,
1876 4915 1955 4980 τὸ,

370 5021 633 5091 Ἐσομαι
669 5019 799 5090 μεθ’
832 5014 1000 5087 ὑμῶν
1027 5013 1233 5079 πάσας
1272 5011 1377 5076 τὰς
1404 5007 1650 5079 ἡμέρας,
1696 5007 1806 5074 ἕως
1849 5005 1959 5074 τῆς

367 5110 731 5176 συντελείας
751 5107 858 5162 τοῦ
882 5105 1119 5170 αἰῶνος.
1156 5102 1289 5156 Ἰδοὺ
1316 5100 1408 5154 καὶ
1435 5098 1571 5169 άλλη
1601 5095 1952 5167 παραμυθία,

368 5206 470 5260 καὶ
499 5203 679 5272 λύπης
717 5202 815 5256 καὶ
851 5197 1230 5271 περιστάσεως
1260 5194 1355 5247 καὶ
1394 5191 1613 5246 πάντων
1654 5190 1763 5243 τῶν
1804 5191 1960 5244 ἀνια-

369 5295 484 5369 ρῶν
512 5295 769 5367 λυτήριον
800 5291 1116 5363 φάρμακον.
1163 5290 1323 5341 Ποῖον
1356 5286 1422 5354 δὴ
1459 5284 1650 5351 τοῦτο;
1689 5283 1763 5337 Τὸ
1803 5281 1961 5353 εὔχε-

371 5388 523 5453 σθαι,
559 5386 622 5440 τὸ
659 5387 718 5439 ἐν
748 5385 911 5438 παντί
958 5383 1323 5454 εὐχαριστεῖν.
1356 5378 1522 5430 ’Ὥστε
1567 5375 1668 5439 τὰς
1702 5373 1867 5446 εὐχάς
1899 5373 1960 5425 οὐ

370 5479 538 5552 μόνον
563 5479 780 5551 αἴτησιν
818 5472 958 5530 εἶναι
994 5473 1266 5546 βούλεται,
1306 5468 1445 5523 ἀλλὰ
1474 5468 1568 5522 καὶ
1605 5466 1958 5538 εὐχαριστίαν

369 5572 514 5645 ὑπὲρ
543 5564 619 5625 ὧν
659 5570 878 5642 ἔχομεν.
913 5567 1039 5632 Πῶς
1068 5567 1178 5638 γὰρ
1207 5565 1423 5636 αἰτήσει
1458 5579 1542 5625 τις
1567 5559 1638 5615 τὰ
1673 5560 1961 5631 μέλλοντα,

366 5659 400 5711 ὁ
424 5658 534 5712 τῶν
566 5659 853 5732 προτέρων
884 5657 1046 5727 χάριν
1074 5655 1176 5708 οὐκ
1219 5650 1405 5718 είδώς;
1453 5651 1614 5706 Ἀλλ’
1655 5651 1725 5705 ἐν
1758 5649 1961 5716 παντὶ,

372 5750 530 5820 φησί,
576 5749 849 5816 τουτέστι,
912 5747 1224 5820 πράγματι,
1282 5743 1357 5814 τῇ
1402 5741 1719 5813 προσευχῇ
1758 5741 1857 5795 καὶ
1891 5739 1966 5809 τῇ

377 5838 606 5910 δεήσει.
650 5843 814 5898 Ὥστε
863 5842 1003 5914 ὑπὲρ
1032 5840 1289 5897 ἁπάντων
1336 5839 1679 5910 εὐχαριστεῖν
1721 5837 1819 5905 δεῖ,
1873 5837 1964 5890 καὶ

1148 388 1210 446 IN
1248 387 1468 444 EPl-ST.
1504 387 1594 441 AD
1643 385 1933 442 ['IIILIPP.
1983 385 2138 444 CAP.
2178 387 2262 443 IV.
2310 386 2546 443 IIOMIL.
2590 386 2727 441 XIV.

3520 379 3641 435 εει

2043 499 2152 553 τῶν
2197 499 2499 554 δοκούντων
2549 496 2689 553 εἰναι
2733 496 2993 574 λυπηρῶν
3024 510 3037 526 ·
3090 491 3249 546 τοῦτο
3305 490 3414 561 γὰρ
3456 493 3623 555 ὅπως

2039 590 2385 661 εὐχαρίστου.
2431 591 2641 644 Ἐκεῖνο
2689 589 2787 659 μὲν
2820 587 2929 658 γὰρ
2958 590 2991 658 ή
3022 585 3184 654 φύσις
3213 584 3343 638 τῶν
3364 587 3628 653 πραγμά-

2036 697 2145 734 των
2169 682 2391 734 ἀπαιτεῖ
2411 698 2424 710 ο
2454 680 2613 733 τοῦτο
2654 679 2711 733 δὲ
2759 678 2866 732 ἀπὸ
2890 677 3069 749 ψυχῆς
3103 674 3313 745 γίνεται
3346 670 3628 741 εὐγνώμο-

2037 789 2148 839 νος,
2177 771 2273 825 καὶ
2311 772 2519 843 σφόδρα
2544 771 2897 840 διακειμένης
2931 768 3068 840 πρὸς
3100 767 3191 821 τὸν
3221 765 3380 819 Θεόν.
3405 762 3627 824 Ταύτας

2036 865 2394 933 ἐπιγινώσκει
2447 865 2547 926 τὰς
2597 861 2762 933 εὐχὰς
2805 865 2832 916 ὁ
2861 861 3018 924 Θεὸς,
3073 858 3173 922 τὰς
3218 857 3277 910 δὲ
3323 856 3492 918 ἄλλας
3526 854 3630 905 οὐκ

2036 956 2198 1013 οἶδεν.
2254 958 2465 1012 Οὐκοῦν
2514 955 2743 1010 τοιαῦτα
2787 952 3039 1024 εῦχεσθε,
3081 951 3223 1005 ὥστε
3255 948 3627 1017 ἐπιγινώσκεφ

2039 1050 2183 1104 σθαι.
2221 1048 2408 1102 Πάντα
2450 1046 2559 1117 γάρ
2593 1046 2732 1117 ὑπὲρ
2780 1042 2876 1095 τοῦ
2918 1041 3290 1112 συμφέροντος
3326 1038 3633 1105 οἰκονομεῖ,

2039 1141 2141 1196 κᾶν
2167 1143 2330 1211 ἡμεῖς
2358 1140 2436 1211 μὴ
2462 1137 2715 1208 εἰδῶμεν.
2750 1135 2857 1188 Καὶ
2885 1132 3041 1186 τοῦτο
3063 1130 3157 1184 τοῦ
3190 1128 3397 1200 σφόδρα
3419 1125 3631 1196 συμφέ-

2041 1247 2158 1303 ρειν
2189 1233 2322 1302 ἡμῖν
2348 1232 2464 1283 ἐστι
2490 1228 2816 1299 τεκμήριον,
2859 1224 2922 1278 τὸ
2958 1224 3106 1295 ἡμᾶς
3151 1220 3225 1292 μὴ
3266 1220 3483 1273 εἰδέναι.
3519 1218 3630 1271 Καὶ

2037 1324 2077 1391 ἡ
2109 1322 2319 1392 εἰρήνη
2372 1321 2480 1375 τοῦ
2536 1319 2685 1375 Θεοῦ
2722 1320 2759 1386 ή
2808 1315 3194 1385 ὑπερέχουσα
3229 1310 3432 1365 πάντα
3480 1308 3635 1362 νοῦν

2037 1410 2366 1482 φρουρήσει
2419 1410 2526 1475 τὰς
2580 1406 2831 1476 καρδίας
2878 1403 3048 1475 ὑμῶν
3090 1402 3189 1456 καί
3240 1401 3311 1456 τὰ
3358 1401 3635 1470 νοήματα

2048 1501 2225 1576 ὑμῶν
2248 1505 2319 1558 ἐν
2346 1501 2579 1572 Χριστῷ
2621 1498 2845 1568 Ἰησοῦ.
2872 1498 2939 1551 Τί
2970 1500 3087 1550 ἐστι
3123 1495 3321 1561 τοῦτο;
3357 1494 3419 1547 Ἦ
3440 1497 3633 1568 εἰρήνη

2022 1596 2131 1650 ’τοῦ
2167 1588 2325 1661 Θεὸῦ,
2365 1594 2550 1666 φησιν,
2593 1593 2658 1664 ἣν
2709 1591 2844 1662 πρὸς
2894 1593 3022 1655 τοὺς
3064 1590 3388 1662 ἀνθρώπους
3437 1591 3632 1662 εἰργά-

2038 1701 2193 1745 σατο,
2245 1683 2427 1737 πάντα
2468 1680 2593 1737 νοῦν
2637 1679 2918 1751 ὑπερέχει.
2948 1679 3045 1743 Τίς
3097 1679 3207 1750 γὰρ
3246 1681 3312 1733 ἀν
3371 1681 3634 1750 προσεδό-

2038 1794 2199 1848 κησε,
2248 1775 2333 1839 τίς
2377 1775 2437 1829 δέ
2489 1773 2556 1829 ἀν
2598 1771 2794 1844 ήλπισε
2845 1769 3084 1825 τοσαῦτα
3138 1769 3360 1824 ἔσεσθαι
3409 1772 3631 1840 ἀγαθά;

2041 1873 2295 1926 ’Δπασαν
2321 1867 2672 1938 ἀνθρωπίνην
2702 1863 3024 1936 ὑπερϐαίνει
3041 1864 3303 1929 διάνοιαν,
3324 1864 3447 1935 οὐχὶ
3465 1864 3623 1933 λόγον

2042 1969 2202 2040 μόνον
2226 1984 2241 1998 ο
2278 1965 2419 2037 ὑπὲρ
2448 1963 2555 2017 τῶν
2587 1960 2818 2033 ἐχθρῶν,
2860 1961 3002 2032 ὑπὲρ
3036 1958 3146 2014 τῶν
3187 1958 3490 2030 μισούντων
3524 1960 3629 2011 αὐ-

2040 2057 2152 2123 τὸν,
2184 2056 2325 2126 ὑπὲρ
2361 2053 2471 2108 τῶν
2520 2051 3058 2123 ἀποστρεφομένων,
3116 2051 3257 2120 ὑπὲρ
3294 2048 3497 2103 τούτων
3540 2049 3635 2103 τὸν

2042 2147 2173 2202 Υἱὸν
2226 2145 2478 2200 ἐκδοῦναι
2527 2144 2619 2198 τὸν
2659 2145 2924 2215 μονογενῆ
2977 2146 3038 2198 οὐ
3074 2145 3451 2217 παρῃτήσατο,
3489 2142 3630 2195 ὥστε

2035 2240 2266 2310 εἰρήνην
2301 2237 2527 2307 ποιῆσαι
2561 2236 2697 2307 πρὸς
2732 2238 2900 2307 ἡμᾶς.
2930 2237 3080 2306 Αὕτη
3110 2235 3176 2306 δὴ
3209 2231 3303 2289 οὖν
3336 2237 3369 2306 ἡ
3413 2237 3627 2306 εἰρήνη,

2039 2333 2402 2401 τουτέστιν,ή
2445 2329 2788 2401 καταλλαγὴ,
2831 2330 2864 2400 ὴ
2911 2329 3102 2399 ἀγάπη
3136 2327 3291 2400 [506]
3343 2326 3437 2381 τοῦ
3469 2327 3632 2390 Θεοῦ,

2041 2424 2375 2497 φρουρήσει
2426 2422 2532 2488 τὰς
2577 2421 2828 2490 καρδίας
2877 2421 3046 2492 ὑμῶν
3099 2420 3201 2475 καί
3253 2421 3324 2475 τὰ
3363 2421 3637 2490 νοήματα

2041 2516 2229 2588 ὑμῶν.

2114 2611 2184 2683 β’.
2212 2611 2384 2665 Τοῦτο
2403 2609 2743 2674 διδασκάλου,
2767 2608 2844 2681 μὴ
2869 2608 3030 2680 μόνον
3054 2606 3517 2681 παραινεῖν,ἀλλά
3540 2607 3638 2660 καὶ

2044 2703 2323 2775 εῦχεσθαι,
2367 2704 2461 2757 καί
2497 2702 2588 2757 διὰ
2631 2703 2873 2772 δεήσεως
2908 2702 3146 2772 βοηθεῖν,
3175 2701 3316 2755 ὥστε
3354 2701 3496 2772 μήτε
3530 2699 3637 2753 ὑπὸ

2047 2795 2372 2869 πειρασμῶν
2406 2793 2939 2858 καταϐαπτίζεσθαι,
2972 2795 3110 2865 μήτε
3153 2794 3259 2847 ὑπὸ
3287 2793 3504 2864 ἀπάτης
3538 2807 3636 2845 πε-

2047 2888 2367 2962 ριφέρεσθαι
2387 2906 2399 2918 ·
2427 2891 2501 2952 ὡς
2529 2886 2595 2941 ἂν
2619 2888 2667 2940 εἰ
2694 2886 2878 2955 ἔλεγεν
2897 2902 2909 2915 ·
2951 2885 3010 2939 '0
3039 2886 3347 2956 ῥυσάμενος
3377 2885 3523 2955 ὑμᾶς
3541 2882 3637 2937 οῦ-

2044 2999 2174 3045 τως,
2213 2982 2290 3044 ὡς
2319 2980 2444 3033 οὐδὲ
2478 2979 2605 3044 νοῦς
2640 2978 2967 3034 καταλαϐεῖν
3003 2978 3252 3040 δύναται,
3292 2977 3454 3041 αὐτὸς
3495 2977 3640 3042 ὑμᾶς

2043 3073 2414 3144 διαφυλάξειε,
2462 3071 2560 3127 καὶ
2598 3070 2983 3139 ἀσφαλίσαιτο,
3026 3070 3171 3123 ὥστε
3202 3069 3369 3143 μηδὲν
3414 3068 3631 3122 παθεῖν.

2050 3170 2121 3222 "ll
2150 3164 2244 3222 οὖν
2272 3166 2436 3221 τοῦτο
2458 3166 2628 3237 δηλοῖ,
2662 3165 2694 3234 ἢ
2730 3166 2811 3217 ὅτι
2836 3165 2869 3234 ή
2900 3163 3113 3233 εἰρήνη,
3141 3162 3211 3232 ἦν
3247 3176 3413 3230 φησιν
3448 3163 3476 3214 ὁ
3501 3149 3642 3229 Χρι-

2048 3262 2192 3327 στὸς,
2239 3258 2511 3327 Εἰρήνην
2561 3258 2775 3326 ἀφίημι
2831 3254 2994 3325 ὑμῖν,
3039 3253 3289 3321 εἰρήνην
3333 3253 3448 3321 τὴν
3484 3250 3644 3321 ἐμὴν

2046 3353 2255 3421 δίδωμι
2284 3351 2447 3421 ὑμῖν,
2470 3349 2607 3421 αῦτη
2640 3348 2941 3420 φρουρήσει
2985 3348 3152 3416 ὑμᾶς.
3194 3348 3261 3399 Ἠ
3310 3346 3419 3416 γὰρ
3445 3345 3640 3416 εἰρήνη

2048 3443 2308 3515 ὑπερέχει
2341 3443 2520 3497 πάντα
2560 3441 2684 3496 νοῦν
2708 3441 3070 3512 ἀνθρώπινον.
3090 3440 3153 3492 Εἰ
3178 3439 3234 3492 δὲ
3261 3439 3458 3506 λέγεις,
3487 3437 3640 3500 πῶς;

2048 3537 2249 3621 ἀκουεο
2282 3535 2453 3588 Ὅταν
2497 3533 2630 3603 λέγῃ
2667 3532 2803 3603 πρὸς
2845 3533 2973 3594 τοὺς
3029 3530 3257 3602 ἐχθροὺς
3310 3529 3638 3602 εἰρηνεύειν,

2052 3627 2190 3698 πρὸς
2218 3626 2344 3688 τοὺς
2367 3623 2710 3686 ἀδικοῦντας,
2754 3621 2891 3692 πρὸς
2918 3621 3045 3685 τοὺς
3074 3620 3645 3691 ὲκπεπολεμωμένους

2049 3718 2143 3771 καὶ
2169 3714 2424 3786 ἀπεχθῶς
2462 3713 2598 3784 πρὸς
2622 3714 2771 3783 ἡμᾶς
2795 3711 3038 3781 ἔχοντας,
3073 3711 3191 3774 πῶς
3221 3711 3320 3781 οὐχ
3349 3710 3490 3781 ὑπὲρ
3513 3708 3641 3762 νοῦν

2049 3813 2197 3863 ἐστιν
2233 3806 2577 3878 ἀνθρώπινον
2621 3803 2814 3869 τοῦτο;
2866 3803 3086 3858 Μᾶλλον
3140 3802 3199 3857 δὲ
3256 3802 3318 3855 τὸ
3370 3803 3647 3873 πρότερον

2050 3902 2249 3973 ἴδωμεν
2279 3916 2293 3931 ·
2331 3901 2392 3955 Ἠ
2434 3898 2648 3967 εἰρήνη
2691 3897 2968 3964 ὑπερέχει
3019 3893 3216 3948 πάντα
3269 3892 3440 3948 νοῦν.
3494 3893 3560 3945 Εἰ
3609 3895 3643 3963 ή

2050 3995 2265 4066 εἰρήνη,
2306 3990 2488 4062 πολλῷ
2527 3989 2728 4061 μᾶλλον
2774 3988 2985 4052 αὐτὸςὸ
3018 3987 3171 4050 Θεὸς,
3206 3988 3234 4040 ὁ
3274 3985 3373 4057 τὴν
3420 3986 3645 4057 εἰρήνην

2050 4087 2195 4150 δοὺς,
2227 4086 2406 4140 πάντα
2430 4082 2575 4146 νοῦν,
2610 4082 2672 4135 οὐ
2703 4080 2794 4135 τὸν
2840 4080 3111 4151 ἡμέτερον
3144 4079 3326 4147 μόνον,
3376 4078 3512 4132 ἀλλὰ
3549 4079 3644 4130 καὶ

2061 4177 2156 4231 τὸν
2180 4177 2289 4230 τῶν
2309 4174 2560 4243 ἀγγέλων
2588 4173 2682 4226 καὶ
2703 4171 2812 4224 τῶν
2834 4170 2947 4225 ἀνω
2963 4170 3272 4239 δυνάμεων.
3301 4169 3366 4221 Τί
3388 4169 3447 4221 δέ
3467 4171 3642 4230 ἐστιν.

2064 4272 2161 4325 Ἑν
2212 4264 2447 4337 Χριστῷ
2509 4264 2746 4332 Tuam”);
2809 4264 2897 4316 Ἑν
2952 4259 3100 4332 αὐτῷ
3156 4259 3410 4330 φυλάξει,
3455 4259 3644 4330 φησὶν,

2053 4362 2193 4417 ὥστε
2229 4359 2434 4432 μένειν,
2469 4356 2564 4410 καὶ
2596 4353 2672 4425 μὴ
2721 4355 2977 4407 ἐκπεσεῖν
3026 4350 3191 4405 αὐτοῦ
3253 4353 3353 4422 τῆς
3385 4352 3643 4413 πίστεως,

2058 4455 2126 4510 Τὸ
2153 4452 2391 4516 λοιπὸν,
2422 4447 2697 4518 ἀδελφοί,
2726 4444 2845 4501 ὅσα
2869 4445 3000 4500 ἐστί
3032 4445 3247 4515 σεμνὰ,
3271 4443 3389 4498 ὅσα
3415 4440 3645 4511 ἀληθῆ,

2054 4548 2173 4602 ὅσα
2206 4544 2426 4600 δίκαια.
2458 4542 2523 4594 Τί
2556 4543 2695 4605 ἐστι,
2734 4541 2802 4594 Τὸ
2828 4539 3082 4601 λοιπόνς
3126 4539 3273 4591 ’Λντί
3305 4536 3422 4599 τοῦ,
3458 4537 3646 4589 Πάντα

2055 4639 2189 4710 ημῖν
2215 4634 2451 4706 εἴρηται.
2493 4630 2885 4702 Ἐπειγομένου
2912 4630 2971 4683 τὸ
3000 4629 3154 4702 ῥῆμά
3190 4631 3328 4691 ἐστι,
3370 4628 3463 4681 καὶ
3496 4626 3656 4680 οὐδὲν.

2059 4731 2236 4785 κοινὸν
2270 4728 2485 4799 ἔχοντος
2520 4725 2655 4796 πρὸς
2684 4722 2754 4776 τὰ
2783 4722 3050 4791 παρόντα.
3088 4722 3267 4776 Acuti
3281 4738 3337 4787 ν,
3371 4719 3649 4787 ἀδελφοὶ,

2058 4823 2177 4877 ὅσα
2225 4819 2397 4876 ἐστίν
2442 4816 2663 4887 ἀληθῆ,
2699 4816 2818 4869 ὅσα
2844 4811 3064 4884 σεμνὰ,
3120 4813 3240 4865 ὅσα
3283 4810 3504 4873 δίκαια,
3533 4809 3657 4862 ὅσα

2059 4913 2234 4983 ἁγνὰ,
2269 4911 2388 4966 ὅσα
2414 4906 2748 4978 προσφιλῆ,
2788 4906 2908 4959 ὅσα
2953 4904 3216 4973 εὔφημα,
3260 4901 3317 4955 εἴ
3344 4918 3435 4966 τις
3467 4899 3652 4967 ἀρετὴ

2060 5004 2160 5060 καί
2184 5003 2240 5058 εί
2262 5021 2350 5068 τις
2376 5001 2646 5066 ἔπαινος,
2675 4998 2864 5051 ταῦτα
2889 4993 3227 5066 .ἰογίζὶ-·σθε⁰
3264 4991 3301 5047 (2
3329 4991 3429 5045 καί
3511 4990 3657 5058 ἐμά-

2062 5098 2214 5160 θετε,
2246 5093 2347 5148 καὶ
2387 5088 2776 5159 παρελάϐετε,
2824 5085 2924 5139 καὶ
2965 5084 3291 5152 ἠκούσατε,
3333 5082 3433 5136 καί
3465 5079 3656 5134 εἴδετε

2061 5189 2132 5242 ἐν
2168 5186 2322 5257 ἐμοί.
2358 5184 2425 5238 Τί
2452 5185 2623 5247 ἐστιν,
2658 5181 2817 5233 ’Ὅσα
2849 5174 3201 5247 προσφιλῆ;
3230 5173 3511 5247 Προσφιλῆ
3541 5172 3654 5233 τοῖς

2066 5282 2297 5344 πιστοῖς,
2350 5273 2627 5348 προσφιλῆ
2667 5271 2745 5342 τῷ
2793 5269 2933 5341 Θεῷ.
2991 5269 3153 5322 ’Ὅσα
3207 5267 3383 5322 ἐστὶν
3429 5263 3655 5332 ἀληθῆ.

2065 5373 2250 5429 Ταῦτα
2266 5372 2376 5441 γὰρ
2396 5369 2564 5430 ὅντως
2589 5364 2790 5435 ἀληθῆ,
2814 5366 2847 5434 ἡ
2872 5363 3066 5434 ἀρετήο
3092 5360 3286 5431 ψεῦδος
3309 5360 3366 5412 δέ
3393 5361 3427 5430 ή
3451 5357 3619 5412 κακία
3638 5371 3654 5387 ο

2068 5468 2163 5520 καὶ
2189 5464 2298 5535 γὰρ
2332 5464 2368 5534 ή
2417 5458 2582 5532 ἡδονὴ
2630 5456 2802 5527 αὐτῆς
2848 5454 3064 5526 ψεῦδος,
3126 5453 3220 5506 καὶ
3253 5454 3287 5523 ὴ
3328 5450 3457 5516 δόξα
3484 5448 3661 5519 αὐτῆς

2066 5554 2284 5629 ψεῦδος,
2333 5550 2428 5607 καὶ
2463 5551 2645 5605 πάντα
2698 5547 2769 5601 τὰ
2814 5545 2907 5600 τοῦ
2965 5544 3169 5614 κόσμου
3225 5541 3442 5611 ψεῦδος.
3500 5538 3662 5592 ’Ὅσα

2071 5647 2247 5719 ἁγνὰ,
2301 5644 2440 5716 πρὸς
2485 5643 2569 5707 τὸ,
2634 5640 2708 5696 Τὰ
2758 5638 2990 5708 ἐπίγεια
3035 5635 3436 5706 φρονοῦντας.
3499 5632 3661 5686 ’Ὅσα

2070 5738 2287 5812 σεμνὰ,
2318 5736 2455 5807 πρὸς
2478 5734 2559 5803 τὸ,
2588 5731 2700 5789 Ὧν
2723 5735 2755 5786 ὁ
2777 5731 2914 5797 θεὸς
2930 5730 2968 5799 ή
2999 5728 3220 5782 κοιλία.
3248 5728 3405 5780 ’Ὅσα
3433 5724 3657 5789 δίκαια,

2074 5831 2191 5886 ὅσα
2229 5829 2494 5899 εὔφημα,
2521 5823 2694 5881 ταῦτά
2717 5826 2855 5889 ἐστι,
2883 5819 3067 5894 φησίν.
3102 5819 3173 5877 Εἴ
3205 5837 3293 5887 τις
3325 5815 3533 5888 ἀρετή,
3558 5816 3657 5870 καί
