4184 6490
533 401 638 459 9ςῦ

533 516 590 572 εί
621 533 711 582 τις
739 514 1008 578 ἔπαινος.
1052 506 1316 562 Ἐνταῦθα
1351 507 1602 578 βούλεται
1639 508 1838 571 αὐτοὺς
1868 507 1963 561 καί
2004 504 2112 559 τῶν

534 606 673 677 πρὸς
702 602 1024 675 ἀνθρώπους
1056 602 1323 670 προνοεῖν.
1356 598 1548 652 Ταῦτα
1574 598 1904 669 λογίζεσθε,
1931 597 2115 667 φησίν.

551 696 717 765 ὐρᾷς
760 693 842 746 ὅτι
882 693 1063 744 πᾶσαν
1095 690 1304 743 ἔννοιαν
1336 688 1585 759 βούλεται
1614 689 1855 761 ἐξορίσαι
1879 688 2122 760 πονηράν

537 786 602 837 ἐκ
628 783 737 835 τῶν
776 780 1063 852 ἡμετέρων
1093 778 1312 850 ψυχῶνς
1346 779 1454 832 ἀπὸ
1492 780 1602 849 γὰρ
1638 778 1857 831 ἐννοιῶν
1890 780 1945 833 αἰ
1984 778 2120 849 πρά*

538 871 649 937 Ean;
681 874 736 925 αἰ
766 871 1003 942 πονηραί
1030 869 1288 939 γίνονται.
1324 870 1383 922 Ἀ
1416 868 1515 922 καί
1575 867 1822 937 ἐμάθετε
1849 868 1947 921 καί
1978 883 2123 937 παρο

538 963 809 1018 ελάϐετε.
860 962 1033 1015 Τοῦτο
1054 960 1400 1024 διδασκαλίας
1449 961 1697 1031 ἀρίστης,
1735 960 1796 1013 τὸ
1835 961 1890 1012 ἐν
1922 959 2123 1022 πάσαις

534 1059 657 1119 ταῖς
699 1055 1090 1125 παραινέσεων
1141 1053 1334 1106 ἐαυτὸν
1378 1052 1640 1122 παρέχειν
1690 1051 1877 1113 τύπον,
1938 1050 2122 1114 καθὼς

537 1148 633 1202 καὶ⁵
665 1146 898 1217 ἀλλαχοῦ
932 1163 1086 1216 φησι,
1118 1144 1325 1211 Καθὼς
1354 1145 1522 1213 ἔχετε
1552 1144 1746 1196 τύπον
1779 1140 1935 1207 ἡμᾶς
1967 1156 1979 1169 ·
2029 1142 2124 1195 καὶ

538 1241 702 1296 πάλιν
744 1239 1001 1302 ἐνταῦθα,
1038 1240 1107 1293 Ἃ
1147 1238 1244 1291 καί
1280 1236 1549 1306 ἐμάθετε,
1579 1236 1674 1288 καὶ
1718 1234 2083 1303 παρελάϐετε
2108 1251 2121 1266 ·

538 1332 835 1392 τουτέστιν,
865 1329 1214 1399 Ἐδιδάχθητε
1251 1347 1264 1359 θ
1304 1328 1399 1382 καί
1430 1329 1751 1396 ἠκούσατε,
1805 1328 1903 1380 καί
1937 1328 2126 1381 εἴδετε

539 1422 610 1475 ἐν
637 1423 788 1490 ἐμοὶ,
818 1421 911 1473 καί
938 1420 1198 1490 ῥημάτιον
1230 1419 1437 1481 ἕνεκεν,
1464 1417 1556 1470 καὶ
1582 1416 1850 1488 πράξεων,
1880 1419 1972 1468 καὶ
1998 1420 2127 1470 ἁνα-

546 1513 805 1584 στροφῆς.
848 1512 1009 1582 Ὁρᾷς
1038 1512 1121 1563 ὅτι
1154 1508 1315 1581 μέχρι
1362 1508 1563 1572 παντὸς
1599 1509 1924 1579 πράγματος
1956 1509 2129 1562 ταῦτα

543 1605 913 1667 διατάττεται;
961 1602 1176 1672 Ἐπειδὴ
1208 1601 1318 1672 γὰρ
1350 1601 1452 1653 οὐκ
1490 1602 1616 1671 ἐνῆν
1654 1600 2128 1672 ἀκριϐολογεῖσθαι

545 1696 675 1767 περὶ
727 1695 967 1759 πάντων,
1016 1692 1170 1766 [507]
1220 1693 1313 1747 καὶ
1365 1692 1586 1746 εἰσόδων
1630 1693 1725 1746 καὶ
1762 1693 1977 1759 ἐξόδων,
2035 1693 2131 1746 καὶ

548 1790 791 1860 ῥήματος
836 1789 928 1841 καὶ
969 1788 1245 1857 σχήματος
1278 1785 1371 1839 καὶ
1419 1786 1705 1849 συνουσίας
1739 1787 1984 1857 (πάντων
2018 1786 2126 1859 γὰρ

550 1882 759 1935 τούτων
781 1880 886 1951 χρὴ
912 1883 1161 1951 προνοεῖν
1182 1880 1273 1933 τὸν
1304 1881 1651 1951 Χριστιανόν)
1670 1898 1683 1911 ·
1714 1882 1992 1953 συντόμως
2013 1879 2131 1935 εἷπε

545 1974 639 2027 καὶ
662 1973 738 2037 ὡς
768 1975 824 2025 ὲν
853 1972 1153 2043 κεφαλαίῳ,
1199 1974 1295 2025 Ἐν
1323 1973 1449 2043 ἐμοὶ
1473 1974 1779 2041 ἠκούσατε
1796 1975 1894 2028 καὶ
1920 1975 2129 2028 εἷδετε·

545 2064 811 2128 τουτέστι,
850 2062 989 2133 Παρ’
1015 2063 1136 2131 ἐμοί
1160 2078 1171 2091 ·
1196 2062 1329 2115 ὡσεὶ
1352 2063 1523 2132 ἔλεγε⁸
1555 2066 1665 2118 Καὶ
1684 2065 1771 2117 δια
1796 2066 1904 2119 τῶν
1934 2065 2131 2135 ἔργων,

548 2156 641 2209 καὶ
668 2155 755 2208 διὰ
777 2153 884 2207 τῶν
910 2155 1170 2226 ῥημάτων
1194 2156 1335 2225 ὑμᾶς
1369 2157 1674 2225 ἀνήγαγον.
1723 2156 1914 2210 Ταῦτα
1945 2154 2135 2223 .1de-

548 2261 688 2300 σετε
715 2263 728 2277 ·
763 2244 839 2316 μὴ
872 2245 1059 2313 λέγετε
1107 2246 1289 2315 μόνον,
1324 2247 1460 2300 ἀλλᾶ
1489 2248 1581 2299 καὶ
1614 2247 1884 2318 πράττετε
1906 2263 1919 2276 ⁸
1959 2245 2058 2299 καί
2104 2249 2135 2299 ό

551 2335 694 2401 Θεὸς
723 2335 833 2404 τῆς
861 2334 1103 2404 είρήνης
1132 2336 1300 2390 ἔσται
1316 2339 1444 2406 μεθ’
1470 2337 1652 2407 ὑμῶν.
1675 2338 1986 2400 Τουτέστιν,
2012 2336 2137 2390 Ἐὰν

551 2425 693 2481 οὕτω
742 2426 1047 2499 φυλάττητε
1102 2426 1298 2493 ταῦτα,
1342 2429 1611 2500 καὶπρὸς
1665 2429 1928 2501 ἀλλήλους
1982 2431 2135 2500 εἰρηο

550 2517 764 2588 νεύητε,
796 2518 854 2569 ἐν
888 2518 1098 2591 γαλήνῃ
1122 2518 1331 2582 ἔσεσθε,
1369 2522 1425 2572 ἐν
1454 2522 1723 2591 ἀσφαλείᾳ
1752 2522 1950 2594 πολλῇ⁸
1988 2522 2139 2576 οὐδὲν

550 2608 806 2663 πείσεσθε
837 2610 1101 2681 λυπηρὸν,
1129 2611 1251 2665 οὐδὲ
1296 2611 1406 2665 τῶν
1438 2612 1774 2681 ἀϐουλήτων.
1826 2615 1997 2667 Ὅταν
2031 2616 2139 2687 γάρ

547 2701 712 2769 ἡμεῖς
749 2703 1120 2774 εἰρηνεύωμεν
1162 2704 1300 2775 πρὸς
1345 2704 1530 2768 αὐτὸν,
1572 2706 1929 2777 εἰρηνεύομεν
1965 2708 2140 2762 δὲδιά

550 2793 650 2862 τῆς
693 2793 915 2863 ἀρετῆς,
948 2792 1128 2865 πολλῷ
1165 2795 1364 2865 μᾶλλον
1415 2796 1577 2859 αὐτὸς
1617 2797 1735 2866 μεθ’
1779 2798 1935 2868 ἡμῶν
1966 2798 2137 2852 ἔσται.

562 2882 622 2937 ὀ
647 2884 756 2955 γὰρ
791 2884 965 2951 οὕτως
1005 2888 1153 2958 ἡμᾶς
1188 2889 1504 2959 ἀγαπήσας,
1536 2889 1612 2953 ὡς
1643 2891 1737 2942 καὶ
1772 2890 1845 2961 μὴ
1878 2891 2139 2960 βουλομέ-

552 2991 678 3039 νους
726 2976 1066 3048 προσίεσθαι,
1122 2980 1190 3035 ἂν
1238 2980 1321 3052 ίδῃ
1369 2981 1827 3052 προστρέχοντας,
1864 2984 1923 3035 οὐ
1964 2982 2142 3054 πολλῷ

552 3064 718 3119 πλέον
764 3068 929 3132 αὐτὸς
974 3068 1302 3135 ἐπιδείξεται
1354 3071 1455 3140 τὴν
1485 3072 1699 3140 φιλίαν;
1761 3072 1927 3126 Οὐδὲν
1969 3073 2143 3137 οὕτως

552 3156 751 3227 ἐχθρὸν
802 3161 903 3229 τῆς
956 3162 1232 3232 ἡμετέρας
1284 3162 1521 3231 φύσεως,
1555 3162 1631 3225 ὡς
1684 3162 1871 3218 κακία.
1924 3162 2047 3226 Πῶς
2087 3165 2144 3216 δὲ

551 3246 747 3320 ἐχθρὸν
773 3250 930 3321 ἡμῶν
963 3252 995 3321 ἡ
1028 3252 1218 3315 κακία,
1255 3253 1349 3305 καλ.
1382 3251 1535 3319 φίλον
1572 3252 1605 3322 ἠ
1643 3252 1838 3322 ἀρετὴ,
1877 3253 2143 3323 πολλαχό-

552 3339 646 3393 θεν
695 3339 893 3409 δῆλονο
947 3343 1062 3407 καὶ,
1108 3344 1158 3396 εἰ
1213 3342 1497 3413 βούλεσθε,
1568 3345 1932 3416 σκοπήσωμεν
1984 3345 2145 3398 τοῦτο

552 3431 771 3502 πρῶτον
828 3431 937 3485 ἀπὸ
972 3432 1083 3486 τῶν
1128 3434 1390 3487 ἐναντίων
1438 3435 1577 3500 ἐνὸς,
1616 3436 1716 3506 τῆς
1753 3436 2032 3506 πορνείαςο
2081 3436 2145 3490 Ἠ

552 3522 781 3594 πορνεία
812 3524 1215 3589 ἐπονειδίστους
1256 3524 1572 3597 καθίστησι,
1608 3527 1871 3597 πένητας,
1908 3545 2146 3597 καταγε-

552 3611 805 3681 λάστους,
833 3614 1346 3683 εὐκαταφρονήτους
1394 3616 1531 3685 πρὸς
1570 3617 1797 3681 πάντας,
1829 3615 2003 3670 ταῦτα
2033 3616 2147 3669 δια-

551 3701 787 3771 τιθεῖσα,
823 3703 965 3778 άπερ
1007 3705 1219 3776 ἐχθρῶν
1254 3708 1369 3759 ἐστι
1418 3707 1749 3761 διατιθέναι·
1789 3707 2050 3771 πολλάκις
2090 3709 2147 3762 δὲ

554 3795 650 3848 καὶ
693 3796 869 3859 νόσοις
903 3797 999 3850 καὶ
1050 3797 1316 3862 κινδύνοις
1360 3799 1685 3870 περιέϐαλεν
1741 3800 1879 3871 αὐτη
1907 3816 1920 3830 ⁸
1963 3801 2148 3854 πολλοὶ

552 3883 613 3936 δὲ
646 3884 744 3938 καὶ
778 3885 921 3957 ὑπὲρ
954 3885 1062 3939 τῶν
1098 3887 1311 3958 πορνῶν
1359 3889 1659 3955 ἀπώλοντο,
1708 3889 1803 3942 καὶ
1853 3889 2150 3960 τραύματα

555 3972 772 4030 ἔλαϐον,
806 3976 870 4030 Et
909 3977 967 4030 δὲ
994 3976 1055 4030 τὸ
1088 3977 1373 4047 πορνεύειν
1414 3977 1590 4030 ταῦτα
1629 3976 1901 4049 προξενεῖ,
1933 3979 1993 4031 τὸ
2032 3996 2148 4049 μοιο

555 4065 742 4135 χεύειν
778 4065 958 4137 πολλῷ
996 4065 1217 4137 μᾶλλον.
1256 4060 1402 4137 τΛρα
1424 4062 1518 4119 οὖν
1552 4067 1646 4120 καὶ
1679 4066 2014 4139 ἐλεημοσύνη
2054 4068 2148 4120 οῦ-

555 4172 697 4223 τως;
727 4156 1030 4228 Οὐδαμῶς·
1064 4157 1179 4210 ἀλλ’
1210 4156 1284 4220 ὡς
1338 4159 1520 4228 μήτηρ
1570 4158 1924 4229 φιλόστοργος
1967 4159 2024 4212 ἐν
2060 4175 2150 4212 κο-

557 4248 812 4318 σμιότητι
852 4248 1023 4319 πολλῇ
1070 4248 1130 4301 τὸ
1162 4246 1373 4301 παιδίον
1407 4248 1751 4320 καθίστησιν,
1795 4250 1852 4301 ἐν
1899 4247 2146 4319 εὐταξίᾳ,

555 4339 615 4392 ἐν
646 4343 859 4412 χρηστῇ
891 4340 1036 4411 δόξῃ,
1072 4340 1202 4411 περὶ
1233 4339 1330 4411 τήν
1368 4340 1479 4393 τῶν
1510 4341 1827 4409 ἀναγκαίων
1853 4344 2000 4395 ποιεῖ
2027 4358 2151 4410 σχο-

555 4431 743 4497 λάζειν
774 4432 1080 4503 διατριϐὴν,
1129 4432 1229 4484 οὐκ
1276 4431 1498 4502 ἀφίησιν
1536 4434 1706 4503 ἡμᾶς,
1756 4432 1878 4485 οὐδὲ
1941 4433 2148 4501 ἀπάγει

555 4523 667 4577 τῶν
694 4525 1033 4592 ἀναγκαίων,
1088 4523 1224 4578 ἀλλὰ
1256 4524 1351 4577 καί¹
1385 4524 1484 4596 τὴν
1538 4525 1719 4596 ψυχήν
1777 4524 2151 4594 συνετωτέραν

556 4612 874 4684 ἐργάζεται.
908 4613 1075 4667 Οὐδὲν
1103 4614 1212 4684 γάρ
1243 4613 1461 4685 πορνῶν
1511 4613 1936 4685 ἀσυνετώτεροι).
1988 4612 2151 4667 Ἀλλά

560 4705 650 4770 τίς
678 4703 860 4776 βούλει
890 4705 992 4776 τὴν
1026 4706 1340 4773 πλεονεξίαν
1372 4705 1529 4772 ἰδεῖν;
1567 4705 1676 4759 Καὶ
1708 4703 1870 4775 αῦτη,
1901 4705 2045 4776 άπερ
2086 4705 2153 4758 ἂν

560 4798 759 4871 ἐχθρὸς
810 4799 961 4868 ἡμᾶς
996 4798 1239 4869 διέθηκε,
1296 4797 1591 4869 διατίθησι.
1645 4797 1806 4863 Πῶςς
1857 4796 2153 4850 Μισεῖσθαι

560 4890 656 4942 καὶ
687 4886 827 4958 αὐτη
853 4892 999 4942 ποιεῖ
1032 4889 1184 4958 παρὰ
1211 4890 1428 4943 πάντων
1455 4904 1469 4918 ο
1516 4886 1725 4950 πάντας
1765 4887 1922 4958 ἡμῶν
1956 4886 2153 4941 κατεύ-

562 4981 753 5051 χεσθαι
802 4983 1236 5052 παρασκευάζει,
1291 4982 1384 5035 καὶ
1425 4983 1554 5045 τοὺς
1604 4980 1991 5050 ⁴ήδικημένους,
2049 4983 2147 5035 καὶ

563 5072 692 5136 τοῦς
717 5073 820 5126 οὐκ
862 5073 1249 5144 ἠδικημένους,
1305 5074 1535 5138 ἐκείνοις
1582 5074 1680 5144 μὲν
1734 5073 2153 5142 συναλγοῦντας,

567 5163 708 5235 ὑπὲρ
758 5163 817 5217 δέ
869 5164 1080 5217 ἑαυτῶν
1135 5164 1481 5228 δεδοικότας·
1535 5164 1610 5228 ὡς
1658 5164 1886 5235 ἐχθροὺς
1941 5165 2156 5228 κοινοὺς

568 5253 771 5317 πάντες
798 5253 1023 5325 ὁρῶσιν,
1054 5254 1130 5318 ὡς
1156 5253 1342 5326 θηρία,
1375 5255 1448 5319 ὡς
1473 5255 1733 5325 δαίμονας
1754 5272 1767 5286 ο
1798 5255 1989 5326 μυρίαι
2021 5272 2154 5308 παν-

565 5343 734 5413 ταχοῦ
774 5346 1127 5417 κατηγορίαι,
1176 5346 1502 5413 ἐπιϐουλαὶ,
1556 5349 1760 5416 φθόνοι,
1809 5348 1953 5417 ᾶπερ
2006 5348 2154 5401 ἐστὶν

568 5434 801 5507 ἐχθρῶν.
843 5438 906 5490 Ἠ
935 5438 993 5491 δέ
1021 5438 1337 5509 δικαιοσύνη
1354 5439 1684 5503 τούναντίον,
1713 5438 1920 5501 πάντας
1942 5438 2151 5506 φίλους,

548 5529 783 5591 πάντας
832 5530 1106 5601 συνήθεις,
1148 5531 1359 5594 πάντας
1398 5530 1659 5594 εὐνοῖκῶς
1700 5530 1969 5603 διατίθησι
2018 5532 2157 5603 πρὸς

574 5617 723 5686 ἡμᾶς
745 5635 760 5650 ο
789 5621 939 5692 παρά
965 5624 1183 5676 πάντων
1220 5623 1359 5693 ὑπὲρ
1386 5623 1543 5693 ἡμῶν
1585 5623 1743 5692 εὐχαὶ
1768 5623 2027 5692 γίνονται.
2065 5625 2154 5678 Ἐν

577 5708 849 5781 ἀσφαλείᾳ
876 5713 1044 5784 πολλῇ
1076 5713 1327 5767 ἐντεῦθεν
1361 5716 1427 5769 τὰ
1466 5715 1587 5769 καθ’
1619 5716 1787 5786 ἡμᾶς,
1836 5715 2012 5777 οὐδεὶς
2043 5714 2157 5768 κίν-

581 5794 754 5864 δυνος,
775 5799 999 5872 οὐδεμία
1022 5803 1243 5873 ὑποψία,
1270 5804 1401 5860 ἀλλᾶ
1427 5805 1520 5860 καὶ
1540 5809 1566 5859 ὁ
1590 5805 1754 5870 ὕπνος
1778 5807 1947 5869 ἀδεῶς
1967 5805 2145 5858 ἔπεισι

1273 396 1328 456 S.
1368 392 1656 452 JOANNIS
1691 391 2176 449 CIIRYSOSTOMI
2216 396 2536 452 ‘tRCIIIEI’.
2580 390 3136 451 CONSTANTINOP.

3689 397 3796 450 286

2226 508 2365 579 μετά
2397 508 2716 577 ἀσφαλείας,
2767 508 2992 577 οὐδεμία
3039 507 3281 576 φροντὶς,
3315 507 3491 571 οὐδεὶς
3540 512 3792 575 κοπετός.

2289 608 2357 668 γ’.
2376 600 2535 670 Ὀρᾷς
2562 601 2644 654 ὅτι
2674 599 2875 670 μᾶλλον
2902 598 3041 670 α’ύτη
3063 597 3396 669 βελτίωνςΤί
3416 600 3493 660 δὲ,
3518 601 3639 654 εἰπέ
3672 620 3795 672 μοις

2217 688 2277 741 τὸ
2306 688 2540 757 φθονεῖν,
2580 687 2612 759 ἦ
2645 687 2707 741 τὸ
2747 687 3070 757 συνήδεσθαι
3112 687 3354 757 βέλτιονς
3393 687 3579 741 Ταῦτα
3622 690 3799 743 πάντα

2220 773 2585 844 ἐξετάσωμεν,
2611 773 2705 826 καὶ
2743 775 3069 844 εὑρήσομεν,
3100 774 3182 827 ὅτι
3210 775 3244 844 ἡ
3279 775 3378 845 μὲν
3407 775 3599 845 ἀρετὴ,
3628 778 3800 829 καθά-

2222 878 2327 933 περ
2361 864 2543 931 μήτηρ
2578 861 2747 925 ὅντως
2778 861 3227 933 φιλόστοργος,ἐν
3252 862 3522 935 ἀσφαλείᾳ
3548 864 3802 935 καθίστη-

2224 966 2307 1002 σιν
2336 967 2347 980 ο
2386 951 2418 1019 ἡ
2469 950 2527 1002 δὲ
2574 949 2741 1002 κακία
2790 951 2848 1004 ἐν
2897 950 3181 1014 κινδύνοις,
3230 952 3462 1021 πρᾶγμα
3507 954 3801 1021 ἐπισφαλὲς

2222 1038 2373 1111 {508]
2407 1041 2651 1110 ὑπάρχον
2676 1039 2770 1093 καὶ
2800 1040 3159 1096 ἐπικίνδυνον.
3193 1041 3389 1093 ’Ἄκουε
3424 1042 3532 1111 γὰρ
3556 1042 3650 1095 τοῦ
3678 1059 3805 1113 προ-

2223 1129 2393 1197 φήτου
2420 1126 2670 1194 λέγοντος
2690 1167 2705 1190 ,
2740 1129 3089 1195 Κραταίωμα
3121 1129 3332 1196 Κύριος
3362 1128 3480 1181 τῶν
3515 1129 3805 1199 φοϐουμέ-

2223 1229 2348 1266 νων
2405 1214 2613 1275 αὐτὸν,
2649 1213 2748 1267 καὶ
2794 1214 2831 1280 ἡ
2868 1215 3125 1283 διαθήκη
3171 1216 3359 1272 αὐτοῦ
3397 1217 3503 1271 τοῦ
3532 1216 3804 1283 δηλῶσαι

2224 1300 2448 1366 αὐτοῖς.
2495 1300 2704 1354 Οὐδένα
2754 1302 3044 1355 δέδοικενό
3102 1302 3270 1372 μηδὲν
3322 1303 3501 1373 ἐαυτῷ
3553 1304 3805 1368 συνειδὼς

2226 1391 2461 1460 πονηρόν
2486 1407 2500 1420 ·
2523 1390 2697 1443 οὐδενί
2727 1391 2889 1443 πάλιν
2910 1391 3104 1462 θαρρεῖ
3133 1392 3160 1443 ό
3187 1393 3244 1443 ἐν
3293 1392 3464 1462 κακία
3515 1391 3643 1458 ζῶν,
3674 1391 3809 1444 ἀλλὰ

2227 1479 2320 1532 καί
2374 1480 2500 1543 τοὺς
2531 1481 2753 1545 οἰκέτας
2787 1481 3002 1552 τρέμει,
3036 1482 3128 1534 καὶ
3162 1480 3302 1550 μετὰ
3334 1481 3570 1550 ὑποψίας
3592 1484 3713 1553 ὁρᾷ.
3742 1481 3807 1534 Τί

2227 1567 2475 1646 δὲλέγω
2505 1571 2633 1633 τοὺς
2679 1568 2930 1635 οἰκέτας;
2973 1569 3066 1622 τοῦ
3111 1570 3409 1633 συνειδότος
3438 1569 3498 1622 οὐ
3554 1570 3706 1639 φέρει
3746 1569 3808 1622 τὸ

2229 1656 2612 1729 δικαστήριον
2653 1658 2752 1728 οὐχ
2796 1659 2845 1711 οί
2902 1657 3007 1722 ἔξω
3057 1658 3219 1727 μόνον
3245 1697 3261 1721 ,
3298 1658 3432 1711 ἀλλὰ
3468 1660 3561 1711 καὶ
3581 1662 3630 1712 οί
3663 1659 3810 1712 ἔνδον

2230 1745 2394 1797 αὐτὸν
2428 1746 2690 1798 κόπτουσι
2732 1745 3005 1814 λογισμοὶ,
3046 1746 3146 1798 οὐκ
3186 1746 3439 1813 ἀφιέντες
3479 1746 3643 1799 αὐτὸν
3678 1748 3811 1816 ἠρε-

2234 1833 2375 1900 μεῖν.
2412 1832 2477 1882 Τί
2521 1827 2635 1895 οὖν,
2667 1831 2835 1902 φησί;
2878 1833 3013 1902 πρὸς
3064 1833 3321 1895 ἐπαίνους
3371 1832 3705 1903 προσέχοντα
3733 1833 3814 1885 δεῖ

2233 1921 2361 1990 ζῇν;
2389 1920 2502 1972 Οὐκ
2531 1914 2673 1985 εἷπε,
2698 1920 2839 1991 Πρὸς
2857 1919 3076 1972 ἔπαινον
3098 1922 3217 1991 ὅρα,
3250 1919 3404 1985 ἀλλὰ,
3433 1921 3541 1973 Καὶ
3562 1922 3630 1973 τὰ
3658 1922 3814 1973 ἐπαι-

2235 2008 2364 2059 νετᾶ
2398 2007 2558 2070 ποίει,
2599 2009 2673 2077 μὴ
2702 2008 2841 2075 πρὸς
2893 2008 3116 2061 ἔπαινον
3161 2008 3364 2077 μέντοι.
3396 2008 3555 2061 ’Ὅσα
3584 2007 3811 2075 ἀληθῆ·

2233 2093 2429 2162 ψεῦδος
2458 2095 2564 2165 γὰρ
2589 2094 2762 2148 ταῦτα
2795 2111 2807 2124 ·
2841 2096 2990 2149 Ὅσα
3017 2094 3232 2164 σεμνά.
3258 2096 3330 2148 Τὸ
3357 2095 3553 2164 σεμνὸν
3585 2094 3684 2163 τῆς
3710 2094 3816 2159 ἔξω

2236 2182 2352 2235 ἐστὶ
2403 2184 2722 2252 δυνάμεως,
2759 2183 2820 2235 τὸ
2850 2182 2905 2235 δὲ
2939 2184 3122 2251 ἁγνὸν,
3149 2183 3246 2251 τῆς
3274 2182 3472 2253 ψυχῆς.
3502 2181 3593 2254 Μὴ
3619 2182 3814 2247 δίδοτε,

2238 2272 2391 2341 φησὶ,
2420 2270 2775 2341 πρόσκομμα,
2806 2271 2938 2340 μηδὲ
2966 2271 3157 2340 λαϐήν.
3177 2271 3392 2341 Ἐπειδὴ
3429 2266 3581 2323 εἶπεν
3605 2310 3620 2335 ,
3658 2270 3819 2325 Ὅσα
3866 2326 3874 2332 ,

2235 2360 2494 2429 εὔφημα,
2545 2360 2632 2413 ἵνα
2667 2359 2741 2430 μὴ
2776 2360 3024 2429 νομίσῃς,
3057 2360 3138 2410 ὅτι
3190 2358 3259 2410 τὰ
3311 2358 3460 2428 παρὰ
3506 2357 3818 2427 ἀνθρώποις

2236 2447 2423 2509 ἁπλῶς
2472 2462 2654 2515 φησιν,
2682 2446 2987 2515 ἐπήγαγεν,
3035 2446 3107 2497 Et
3154 2463 3239 2511 τις
3278 2443 3483 2513 ἀρετὴ,
3514 2445 3612 2499 καί
3647 2444 3819 2510 εἴτις

2238 2536 2504 2602 ἔπαινος,
2537 2535 2723 2588 ταῦτα
2764 2532 3093 2603 λογίζεσθε,
3117 2533 3303 2586 ταῦτα
3343 2531 3650 2602 πράττετε.
3690 2537 3822 2584 Δια-

2242 2626 2441 2687 παντὸς
2465 2622 2715 2694 βούλεται
2746 2623 2894 2693 ἡμᾶς
2913 2624 2970 2675 ἐν
3013 2620 3223 2684 τούτοις
3252 2617 3413 2682 εἶναι,
3441 2619 3612 2673 ταῦτα
3666 2636 3823 2691 μερι-

2243 2713 2402 2783 μνᾷν,
2429 2710 2602 2765 ταῦτα
2641 2711 2864 2763 ἐννοεῖν.
2885 2709 2946 2761 EE
2974 2708 3083 2778 γὰρ
3111 2708 3399 2779 μέλλοιμεν
3427 2708 3560 2779 πρὸς
3595 2707 3824 2770 ἑαυτοὺς

2241 2797 2567 2869 εἰρηνεύειν,
2602 2798 2695 2850 καὶ
2727 2798 2755 2850 ὁ
2787 2796 2919 2859 Θεὸς
2959 2796 3112 2849 ἔσται
3146 2795 3266 2867 μεθ’
3288 2796 3469 2866 ἡμῶν.
3510 2797 3607 2848 Ἂν
3645 2795 3702 2848 δὲ
3725 2796 3825 2847 πό-

2240 2886 2402 2954 λεμον
2436 2885 2766 2955 ἐγείρωμεν,
2806 2886 2833 2938 ὁ
2852 2884 2955 2953 τῆς
2980 2884 3203 2955 εἰρήνης
3234 2882 3368 2946 Θεὸς
3393 2884 3493 2936 οὐκ
3512 2882 3667 2935 ἔσται
3701 2880 3825 2951 μεθ’

2239 2973 2419 3043 ἡμῶν.
2450 2973 2619 3026 υύδέν
2642 2972 2751 3043 γὰρ
2768 2971 2910 3024 οὕτω
2938 2972 3198 3041 πολέμιον
3221 2973 3286 3041 τῇ
3312 2969 3483 3042 ψυχῇ,
3508 2969 3584 3033 ὡς
3615 2969 3782 3023 κακία
3807 2984 3822 2999 ⁸

2241 3062 2335 3114 καὶ
2370 3062 2523 3114 οὐδὲν
2562 3060 2733 3131 αὐτὴν
2773 3062 2831 3113 ἐν
2873 3060 3146 3132 ἀσφαλείᾳ
3182 3060 3475 3130 καθίστησι
3525 3058 3709 3123 πάλιν,
3750 3058 3827 3121 ὡς

2243 3151 2275 3220 ἠ
2308 3150 2500 3220 εἰρήνη
2560 3149 2655 3203 καὶ
2692 3149 2725 3221 ἡ
2772 3149 2941 3220 ἀρετή
2970 3165 2982 3177 ο
3018 3148 3159 3201 ὥστε
3192 3148 3263 3202 τὰ
3308 3149 3439 3218 παρ’
3471 3147 3632 3218 ἡμῶν
3659 3147 3823 3219 ἄρχε-

2245 3236 2367 3289 σθαι
2400 3236 2497 3302 δεῖ,
2533 3237 2628 3290 καὶ
2657 3235 2780 3289 τότε
2801 3236 2891 3290 τὸν
2910 3235 3043 3289 Θεὸν
3074 3235 3511 3304 ἐπισπασόμεθα.
3541 3236 3653 3289 Οὐκ
3678 3234 3829 3288 ἐστιν

2242 3326 2269 3377 ὁ
2299 3324 2451 3389 Θεὸς,
2486 3324 2724 3395 πολέμου
2755 3325 2850 3378 καί
2888 3323 3068 3395 μάχης
3096 3323 3238 3387 θεός.
3276 3323 3486 3377 Οὐκοῦν
3525 3323 3830 3376 κατάλυσον

2244 3414 2337 3466 καὶ
2367 3412 2457 3465 τὸν
2483 3413 2720 3483 πόλεμον
2748 3413 2842 3465 καὶ
2862 3413 2959 3481 τὴν
2992 3415 3194 3483 μάχην,
3222 3413 3314 3466 καὶ⁸
3343 3412 3444 3483 τὴν
3468 3411 3606 3483 πρὸς
3638 3410 3824 3478 αὐτὸν,

2244 3501 2339 3555 καί¹
2369 3501 2464 3571 τὴν
2492 3501 2629 3571 πρὸς
2653 3500 2745 3553 τὸν
2772 3501 2999 3571 πλησίον
3023 3517 3035 3530 ·
3064 3500 3338 3571 εἰρηνικὸς
3371 3499 3462 3553 έσο
3505 3500 3641 3571 πρὸς
3696 3500 3829 3553 πάν·

2244 3606 2342 3651 τας
2365 3605 2378 3619 ·
2420 3588 2677 3658 ἐννόησον
2718 3588 2871 3651 τίνας
2916 3591 2944 3642 ό
2975 3588 3108 3651 Θεὸς
3131 3587 3294 3652 σώζει
3319 3604 3331 3617 ·
3357 3587 3646 3655 Μακάριοι
3668 3590 3722 3641 οί
3746 3590 3829 3641 εί-

2238 3675 2578 3743 ρηνοποιοί,
2609 3675 2795 3745 φησὶν,
2823 3675 2913 3728 ὅτι
2942 3675 3114 3729 αὐτοί
3164 3676 3281 3729 υἱοί
3314 3674 3463 3729 Θεοῦ
3489 3674 3824 3742 κληθήσονο

2246 3780 2361 3816 ται.
2401 3761 2703 3825 Διαπαντὸς
2730 3761 2822 3814 τὸν
2859 3761 2988 3815 Υίὸν
3007 3761 3102 3815 τοῦ
3132 3761 3266 3815 Θεοῦ
3293 3761 3587 3833 μιμοῦνται
3620 3764 3671 3815 οἰ
3712 3778 3828 3815 τοι·

2246 3851 2417 3913 οῦτοι,
2472 3853 2569 3905 καὶ
2634 3850 2875 3921 μίμησαι
2923 3852 3019 3903 καὶ
3077 3852 3142 3904 σύ
3191 3851 3355 3904 αὐτόν
3398 3866 3411 3879 ·
3461 3852 3776 3921 εἰρήνευσον
3811 3865 3829 3882 ⁸

2248 3939 2358 4010 ὅσῳ
2398 3937 2463 3993 άν
2509 3955 2569 3992 σε
2614 3939 2872 4010 πολεμῇό
2897 3938 3146 4008 ἀδελφὸς,
3180 3938 3421 4004 τοσούτῳ
3452 3938 3658 4010 μείζων
3679 3941 3706 3992 ό
3738 3957 3831 4009 μι-

2252 4026 2395 4090 σθός.
2430 4028 2626 4081 ’Ἄκουε
2655 4026 2764 4099 γάρ
2794 4027 2889 4081 τοῦ
2912 4028 3194 4097 προφήτου
3233 4027 3506 4095 λέγοντος,
3534 4027 3695 4081 Μετὰ
3715 4026 3836 4079 τῶν

2245 4119 2592 4188 μισούντων
2638 4117 2752 4186 τὴν
2780 4117 3049 4187 εἰρήνην,
3081 4114 3246 4185 ἤμην
3294 4117 3611 4185 εἰρηνικός.
3662 4116 3833 4170 Τοῦτο

2251 4205 2446 4277 ἁρετὴ,
2487 4205 2648 4258 τοῦτο
2703 4208 2889 4277 μεῖζον
2943 4204 3291 4275 ἀνθρωπίνου
3336 4202 3622 4274 λογισμοῦ,
3676 4203 3835 4257 τοῦτο

2252 4294 2387 4347 Θεοῦ
2420 4295 2585 4363 ἐγγὺς
2609 4289 2751 4346 εἶναι
2783 4295 2945 4346 ποιεῖ.

2324 4382 2490 4435 Οὐδὲν
2546 4379 2720 4444 οὕτως
2770 4380 3054 4451 εὐφραίνει
3104 4379 3196 4433 τὸν
3225 4380 3377 4445 Θεὸν,
3410 4380 3485 4445 ὡς
3512 4380 3574 4434 τὸ
3599 4376 3837 4452 μὴεῖναι

2257 4468 2594 4540 μνησίκακον
2623 4483 2637 4499 ·
2664 4467 2825 4523 τοῦτο
2865 4467 3056 4538 ἀφίησί
3114 4484 3175 4520 σε
3219 4466 3329 4520 τῶν
3380 4467 3833 4539 ἁμαρτημάτων,

2251 4557 2412 4611 τοῦτό
2439 4575 2520 4610 σοι
2542 4555 2660 4610 λύει
2700 4556 2771 4610 τὰ
2813 4556 3154 4626 ἐγκλήματα.
3193 4557 3289 4608 Ἂν
3310 4556 3369 4609 δέ
3411 4556 3715 4627 μαχώμεθα
3745 4557 3838 4609 καὶ

2255 4643 2640 4715 πυκτεύωμεν,
2686 4645 2904 4715 μακρὰν
2944 4643 3208 4714 γινόμεθα
3247 4644 3340 4696 τοῦ
3372 4645 3530 4697 Θεοῦ.
3574 4644 3706 4697 Ἀπὸ
3740 4645 3837 4714 μὲν

2255 4732 2364 4803 γὰρ
2397 4733 2495 4801 τῆς
2525 4732 2703 4803 μάχης
2732 4731 2925 4803 ἔχθραι
2947 4730 3240 4793 τίκτονται,
3271 4731 3380 4785 ἀπὸ
3412 4732 3469 4784 δὲ
3507 4733 3605 4802 τῆς
3639 4731 3839 4803 ἔχθρας

2259 4820 2636 4893 μνησικακίαι.
2677 4820 2950 4890 Ἔκκοψον
2999 4820 3099 4891 τὴν
3153 4820 3330 4891 ῥίζαν,
3374 4822 3468 4874 κα)⁹
3506 4821 3605 4874 οὐκ
3627 4821 3781 4873 ἐσται
3811 4822 3840 4874 ὁ

2257 4910 2467 4981 καρπός
2499 4927 2512 4939 ·
2540 4909 2685 4963 οῦτω
2722 4908 3082 4980 μαθησόμεθα
3124 4907 3232 4961 τῶν
3262 4907 3533 4978 βιωτικῶν
3560 4924 3839 4979 καταφροο

2257 5002 2390 5053 νεῖν.
2428 4998 2503 5050 Οὐ
2537 4998 2648 5069 γὰρ
2685 4998 2863 5062 ἐστιν,
2902 4999 3003 5051 οὐκ
3033 4996 3183 5050 ἔστιν
3210 4998 3268 5050 ἐν
3290 4999 3403 5061 τοῖς
3442 4998 3838 5067 πνευματικοῖς

2260 5084 2430 5157 μάχη,
2460 5082 2574 5134 ἀλλ’
2603 5083 2741 5151 ὅπερ
2793 5079 2860 5133 ἂν
2923 5081 3039 5151 ἴδῃς
3099 5079 3413 5151 γενόμενον,
3450 5079 3483 5151 ἢ
3526 5080 3702 5150 μάχας
3730 5091 3780 5145 ι,
3807 5078 3842 5150 ἥ

2260 5172 2474 5241 φθόνον,
2505 5170 2537 5240 ἢ
2578 5171 2716 5240 ὅπερ
2747 5168 2815 5222 ἂν
2847 5169 2990 5222 είποι
3020 5185 3124 5233 τις,
3159 5166 3431 5237 βιωτικῶν
3476 5166 3665 5221 ἕνεκεν
3692 5167 3840 5236 γίνε-

2256 5279 2348 5313 ται
2375 5276 2388 5291 ·
2416 5260 2450 5329 ἢ
2486 5261 2594 5329 γὰρ
2623 5255 2959 5323 πλεονεξίας,
2995 5256 3027 5327 ἢ
3063 5256 3292 5324 φθόνου,
3320 5255 3353 5327 ἢ
3388 5256 3692 5321 κενοδοξίας
3727 5255 3867 5335 ἔχει.¹

2257 5350 2433 5421 ἀρχὴν
2459 5349 2609 5401 πᾶσα
2653 5347 2822 5418 μάχη.
2851 5347 2950 5401 “Av
2984 5346 3166 5399 τοίνυν
3194 5346 3626 5417 είρηνεύσωμεν,
3659 5345 3841 5415 μαθη-

2260 5436 2465 5508 σόμεθα
2489 5436 2582 5489 καὶ
2612 5435 2720 5488 τῶν
2746 5436 2805 5486 ἐν
2834 5435 2899 5504 τῇ
2944 5436 3013 5504 γῇ
3046 5436 3428 5504 καταφρονεῖν.
3463 5431 3722 5504 ’Ἢρπασέ
3747 5448 3836 5494 τις

2258 5529 2327 5582 τὰ
2392 5528 2690 5599 χρήματας
2740 5524 2878 5577 Ἀλλ’
2907 5524 3060 5578 οὐδὲν
3119 5525 3367 5595 ἠδίκησε,
3437 5524 3596 5594 μόνον
3643 5522 3717 5593 μὴ
3750 5520 3844 5574 τὸν

2263 5818 2298 5875 ἢ
2322 5754 2558 5861 δόρποιο
2584 5754 2778 5802 videtur
2800 5752 3084 5814 legendum,
3113 5751 3214 5800 ἀλλ’
3249 5750 3367 5798 ὅπου
3391 5750 3445 5796 ἄν
3468 5750 3571 5811 iam
3593 5742 3847 5807 γενομένην

2320 5830 2344 5875 μ
2386 5831 2489 5875 χην·

2320 5830 2489 5875 μαχην.
