4184 6554
501 413 610 468 i823

507 538 579 580 ter
605 535 679 580 est
723 525 1065 595 Quaecumque
1081 521 1249 594 justo,
1270 538 1596 595 qurecumque
1623 525 1767 577 bona:
1791 525 1963 594 finirat,
1989 521 2106 574 haec

503 628 652 685 sunt,
683 619 876 688 inquit,
909 618 969 670 Si
997 632 1096 683 qua
1136 618 1317 679 virtus,
1358 626 1405 670 et
1449 618 1491 671 si
1522 633 1622 686 qua
1665 617 1796 670 laus.
1845 615 1958 669 Hoc
1987 615 2107 668 loco

505 711 618 764 vult
659 711 805 779 ipsos
849 724 911 763 ea
945 708 1132 775 etiam,
1164 723 1284 777 qum
1313 706 1380 762 ad
1411 707 1656 762 homines
1685 708 1979 777 pertinent,
2013 721 2108 760 cu-

504 817 647 857 rare.
684 799 813 855 Hatc
838 800 1078 871 cogitate,
1110 800 1303 870 inquit.
1333 799 1496 854 Vides
1525 799 1628 854 hoc
1658 799 1882 853 Paulum
1923 812 2101 868 agere,

504 905 561 949 ut
593 909 812 948 onmem
847 909 1065 964 pravam
1115 893 1499 963 cogitationem
1546 908 1615 947 ex
1667 893 1860 947 animis
1909 893 2107 946 nostris

502 987 726 1058 eiiciat?
755 1003 820 1042 ex
849 987 1266 1058 cogitationibus
1295 987 1437 1042 enim
1467 1003 1646 1057 pravae
1686 1002 1900 1057 quoque
1939 986 2108 1042 actio-

506 1096 602 1136 nes
649 1079 920 1135 oriuntur.
973 1079 1100 1147 Quis
1147 1089 1191 1134 et
1233 1079 1502 1145 didicistis,
1550 1089 1596 1132 et
1642 1079 1928 1149 accepistis.
1982 1078 2109 1133 Hace

504 1172 707 1242 optima
726 1170 957 1226 docendi
986 1171 1123 1226 ratio
1148 1179 1250 1236 est,
1283 1186 1342 1224 se
1374 1170 1546 1240 ipsum
1575 1169 1626 1223 in
1656 1170 1906 1224 omnibus
1936 1169 2109 1223 moni-

508 1265 742 1320 tionibus
767 1263 1052 1319 formulam
1081 1265 1322 1334 prieberc
1352 1282 1364 1316 :
1397 1262 1850 1334 quemadmodum
1896 1272 1950 1316 et
1981 1261 2107 1316 alibi

508 1357 699 1428 inquit,
735 1355 880 1410 Sicut
909 1355 1102 1409 habetis
1134 1373 1224 1409 nos
1261 1356 1481 1424 formam
1506 1354 1766 1426 (Philipp.
1807 1355 1859 1409 5.
1893 1352 1981 1423 17)
2008 1369 2022 1419 ;
2055 1360 2110 1407 et

505 1467 693 1508 rursus
723 1451 828 1514 hic,
857 1451 984 1518 Qua:
1010 1459 1054 1504 et
1081 1450 1350 1515 didicistis,
1379 1459 1426 1502 et
1456 1449 1759 1519 accepistis;
1783 1447 1833 1502 id
1860 1457 1962 1514 est,
1989 1461 2108 1516 quae

505 1559 606 1614 ego
634 1559 730 1598 vos
771 1543 966 1607 docui;
1013 1551 1059 1596 et
1085 1541 1321 1604 audistis,
1357 1549 1402 1595 et
1453 1541 1649 1594 vidistis
1693 1544 1747 1594 in
1776 1557 1890 1605 nte;
1935 1539 1985 1593 id
2026 1546 2128 1602 est,

505 1644 762 1706 quantum
794 1635 1030 1705 pertinet
1056 1633 1122 1688 ad
1153 1633 1337 1694 verba,
1369 1643 1423 1686 et
1449 1633 1714 1698 actiones,
1746 1641 1801 1686 et
1829 1630 1949 1684 vitae
1981 1645 2109 1685 con-

507 1728 866 1783 suetudinem.
891 1726 1054 1781 Vides
1083 1726 1258 1796 ipsum
1285 1725 1430 1779 omni
1455 1727 1522 1780 de
1548 1741 1608 1779 re
1635 1724 1751 1778 hmc
1782 1722 2109 1793 przecipere?

507 1821 731 1888 Quando
759 1819 904 1875 enim
939 1819 1163 1874 minime
1191 1818 1272 1874 fas
1311 1827 1395 1874 est
1419 1817 1488 1872 de
1516 1817 1765 1872 omnibus
1796 1815 2106 1887 singillatim

506 1912 710 1967 minuta
762 1912 1008 1981 qut-edam
1054 1921 1323 1982 praecepta
1370 1909 1533 1975 dare;
1588 1908 1655 1963 de
1716 1910 1981 1979 ingressu,
2040 1907 2108 1963 de

507 2020 748 2074 egressu,
795 2003 862 2058 de
907 2003 1092 2070 verbo,
1135 2003 1325 2072 ﬁgura,
1373 2001 1764 2057 consuetudine
1813 1999 2103 2064 familiari;

507 2097 686 2152 omnia
715 2105 890 2152 autem
917 2097 1032 2151 haec
1054 2095 1363 2151 Christiano
1392 2095 1628 2151 curanda
1657 2104 1815 2150 sunt:
1844 2094 2101 2162 breviter,

505 2197 558 2244 et
585 2189 736 2257 quasi
764 2191 1072 2244 summatim
1101 2188 1256 2252 dixit,
1291 2188 1358 2242 In
1384 2205 1462 2242 me
1481 2188 1768 2254 audivistis,
1799 2198 1846 2242 et
1877 2187 2104 2242 vidistis:

503 2280 724 2351 perinde
747 2297 812 2336 ac
840 2283 883 2335 si
905 2281 1132 2348 diceret,
1156 2281 1222 2335 Et
1243 2280 1394 2336 factis
1425 2289 1480 2337 ct
1506 2281 1685 2336 verbis
1713 2280 1867 2338 vobis
1892 2281 2100 2351 prmivi.

505 2373 633 2428 Marc
677 2376 847 2445 agite;
886 2390 994 2428 non
1040 2373 1205 2428 dicite
1251 2374 1450 2440 solum,
1495 2373 1593 2429 sed
1636 2373 1797 2427 etiam
1829 2371 2024 2437 facite;
2059 2382 2106 2426 et

499 2466 640 2522 Deus
672 2469 814 2538 pacis
847 2469 941 2522 erit
969 2469 1248 2522 vobiscum.
1277 2466 1332 2522 ld
1361 2474 1465 2535 est,
1496 2467 1552 2522 Si
1589 2466 1705 2521 haec
1732 2467 2103 2532 servaveritis,

497 2569 698 2615 etcum
743 2560 994 2615 omnibus
1036 2575 1220 2630 pacem
1253 2559 1570 2627 habueritis,
1622 2559 1673 2613 in
1716 2559 2008 2629 tranquillo
2052 2569 2106 2613 et

499 2653 768 2710 tutissimo
795 2653 948 2708 eritis
981 2653 1130 2718 loco;
1177 2651 1308 2707 nihil
1356 2651 1568 2707 molesti
1600 2650 1853 2721 quodque
1882 2651 2105 2705 minime

497 2745 672 2801 velitis
704 2744 1000 2814 patiemini.
1034 2743 1495 2814 Quandocumque
1524 2742 1668 2798 enim
1699 2756 1800 2796 nos
1826 2757 1948 2796 cum
1992 2741 2104 2796 Deo

498 2856 684 2912 pacem
727 2840 1095 2906 habuerimus,
1144 2837 1406 2893 habemus
1457 2844 1638 2892 autem
1687 2851 1784 2907 per
1825 2836 2100 2902 virtutem,

496 2938 668 2992 multo
699 2936 870 3006 magis
916 2936 1031 3005 ipse
1063 2935 1343 2990 nobiscum
1383 2932 1435 2986 in
1482 2947 1614 3002 pace
1657 2931 1782 2987 erit.
1815 2929 1917 2997 Qui
1956 2929 2100 2984 enim

496 3031 566 3086 ita
599 3046 698 3086 nos
739 3032 958 3094 amavit,
991 3037 1044 3083 nt
1093 3028 1174 3082 vel
1207 3026 1273 3080 ad
1317 3025 1647 3096 refugientes
1687 3023 2008 3088 accesserit;
2056 3022 2100 3076 si

494 3133 844 3179 accurrentes
895 3121 1096 3185 videat,
1148 3134 1328 3173 nonne
1373 3118 1546 3172 multo
1600 3116 1770 3187 magis
1816 3130 1966 3170 suam
2006 3129 2104 3184 per

495 3233 555 3272 se
589 3216 725 3269 feret
777 3213 1113 3268 amicitiam?
1143 3211 1284 3266 Nihil
1320 3221 1524 3265 natura:
1571 3219 1770 3265 nostra:
1803 3209 1972 3278 Inagis
1999 3207 2102 3261 ini-

497 3307 692 3360 inicum
723 3315 827 3373 est,
857 3319 1018 3374 quam
1052 3303 1261 3357 vitium.
1293 3300 1574 3367 Quomodo
1609 3310 1788 3356 autem
1823 3301 2098 3353 inimicum

496 3399 566 3454 sit
593 3399 775 3452 vitium
798 3407 851 3452 et
869 3398 1038 3452 amica
1068 3397 1258 3462 virtus,
1289 3395 1473 3449 multis
1499 3394 1832 3465 argumentis
1858 3403 2098 3448 constat:

501 3506 565 3545 ac
605 3491 652 3544 si
679 3491 860 3558 vultis,
895 3494 1124 3560 primum
1156 3489 1207 3544 id
1240 3499 1550 3560 spectemus
1578 3489 1630 3542 in
1661 3503 1768 3542 uno
1795 3502 1859 3542 ex
1892 3488 1955 3542 iis
1981 3502 2101 3556 quae

498 3583 766 3637 contraria
809 3594 952 3648 sunt,
989 3581 1041 3636 id
1079 3593 1184 3642 est,
1210 3581 1260 3634 in
1310 3580 1660 3634 scortatione.
1693 3578 1964 3634 Scortatio
2004 3591 2102 3631 nos

496 3673 775 3730 dedecoris
817 3675 1027 3742 plenos,
1059 3688 1344 3744 pauperes,
1389 3672 1649 3726 ridiculos
1679 3671 1823 3738 facit,
1874 3685 1936 3724 ac
1967 3670 2101 3725 tales

497 3767 674 3822 reddit
701 3768 790 3836 qui
831 3766 900 3820 ab
926 3767 1178 3821 omnibus
1227 3774 1639 3820 contemnantur
1669 3781 1682 3817 :
1716 3764 1831 3819 lucc
1859 3779 1988 3818 vero
2026 3763 2101 3817 fa-

495 3874 620 3914 cere
663 3859 1002 3913 inimicorum
1045 3868 1145 3913 est.
1179 3858 1336 3926 Stepe
1364 3866 1542 3912 autem
1575 3859 1690 3911 haec
1718 3861 1771 3911 et
1798 3856 2020 3910 morbos
2047 3862 2102 3909 et

498 3952 732 4022 pericula
763 3951 918 4006 aii‘ert
950 3968 963 4006 :
997 3951 1148 4004 imrlti
1180 3966 1307 4003 vero
1335 3951 1498 4006 etiam
1547 3957 1906 4004 scortatorum
1937 3960 2100 4003 causa

496 4045 792 4114 perierunt,
825 4055 874 4098 el
907 4043 1124 4096 vulnera
1169 4051 1513 4112 acceperunt.
1549 4041 1704 4108 Quod
1749 4042 1792 4094 si
1842 4039 2100 4095 scortatio

498 4136 612 4191 lure
658 4135 846 4200 affert,
907 4135 1076 4190 multo
1131 4134 1298 4205 niagis
1356 4134 1700 4188 adulterium.
1754 4133 1890 4187 Num
1937 4133 2100 4203 igitur

494 4230 684 4284 eodem
730 4229 892 4283 modo
933 4228 1317 4299 eleemosyna?
1366 4227 1707 4296 Neutiquam,
1755 4226 1846 4280 sed
1879 4224 2100 4294 perinde

495 4331 654 4391 atpie
693 4335 875 4376 tenera
912 4332 1082 4375 mater
1133 4322 1296 4374 liliolo
1327 4335 1575 4389 n'iagnam
1603 4327 1964 4383 venustatem,
1995 4317 2093 4372 de-

494 4429 610 4479 ens,
645 4414 867 4484 gloriam
898 4413 1172 4477 conciliat,
1215 4413 1450 4482 facitque
1488 4411 1824 4467 necessariis
1856 4410 2097 4464 numeri-

495 4505 876 4560 busoheundis
905 4507 1215 4560 incumbere
1242 4523 1254 4558 :
1290 4522 1394 4560 non
1427 4505 1681 4576 relinquit
1710 4519 1830 4570 nos,
1863 4518 2037 4574 neque
2065 4517 2098 4557 a

495 4599 817 4653 necessariis
838 4598 1075 4664 abducit,
1109 4597 1203 4652 sed
1232 4599 1470 4653 animum
1500 4598 1905 4668 prudentiorem
1933 4595 2098 4651 etiam

497 4693 695 4748 reddit.
737 4693 1135 4748 Scortatorihus
1179 4694 1322 4747 enim
1357 4693 1491 4747 nihil
1541 4691 1958 4762 imprudentius.
1992 4690 2099 4746 Sed

492 4787 644 4842 visne
673 4787 951 4840 avaritiam
999 4787 1392 4856 inSpiciamns?
1439 4787 1505 4840 Et
1537 4786 1653 4841 hate
1699 4787 1892 4842 eodem
1937 4783 2100 4840 modo

491 4898 619 4952 erga
666 4897 765 4937 nos
796 4881 983 4937 affecta
1032 4893 1132 4947 cst,
1168 4898 1273 4950 quo
1312 4881 1511 4935 inimici
1545 4881 1742 4934 solent.
1773 4879 2096 4946 Quomodo?

489 4975 686 5030 Odium
716 4986 770 5030 et
810 4975 922 5030 hrec
955 4975 1110 5030 nobis
1139 4976 1206 5029 ab
1251 4975 1504 5029 omnibus
1533 4975 1818 5039 conciliat;
1863 4973 2096 5043 facitque

491 5079 548 5122 ut
575 5084 767 5124 ()llllleS
818 5085 916 5123 nos
962 5081 1334 5134 exsecrentur,
1378 5077 1428 5121 ct
1459 5069 1548 5136 qui
1582 5068 1829 5137 injuriam
1871 5082 2099 5137 accepe-

490 5171 635 5230 runt,
668 5172 719 5218 et
749 5163 838 5232 qui
872 5178 978 5216 non
1009 5172 1330 5231 acceperunt
1369 5181 1380 5214 :
1408 5177 1530 5214 natu
1579 5169 1633 5215 et
1680 5160 1890 5215 illorum
1921 5161 2092 5215 vicem

488 5251 696 5320 dolent,
755 5262 810 5308 et
860 5253 960 5306 sibi
1012 5253 1143 5322 ipsis
1192 5261 1459 5306 metuunt.
1512 5251 1874 5317 Quamobrem
1928 5253 2092 5306 veluti

486 5357 804 5399 eoaimunes
839 5345 1102 5413 quosdam
1135 5347 1318 5400 hostes
1365 5344 1642 5398 intuentur
1685 5359 1895 5408 omnes,
1926 5345 2091 5398 veluti

487 5439 649 5506 feras,
678 5441 838 5495 veluti
864 5441 1139 5495 daemonas
1186 5460 1198 5494 :
1230 5449 1499 5495 sescentae
1531 5439 1766 5508 undique
1789 5440 2089 5493 accusatio-

485 5550 603 5600 nes,
635 5535 867 5601 insidize,
895 5535 1130 5599 invidiie,
1171 5551 1291 5605 quae
1323 5535 1537 5604 quidem
1571 5533 1909 5588 inimicorum
1941 5541 2088 5587 sunt.

485 5626 684 5684 Contra
739 5637 919 5683 autem
969 5629 1176 5698 jnstitia
1223 5644 1414 5684 omnes
1465 5629 1687 5691 amicos,
1743 5642 1934 5681 oinnes
1990 5643 2089 5681 usu

479 5722 824 5792 conjunctos,
851 5740 1036 5778 omnes
1063 5724 1355 5779 benevolos
1385 5724 1538 5778 nobis
1563 5723 1682 5779 facit
1705 5741 1717 5783 ;
1745 5724 1810 5776 ah
1837 5724 2089 5777 omnibus

481 5829 673 5885 preces
704 5831 799 5886 pro
830 5817 986 5872 nobis
1012 5816 1306 5871 funduntur
1339 5836 1348 5869 :
1385 5817 1454 5871 ita
1481 5827 1652 5870 status
1682 5826 1863 5870 noster
1893 5817 1941 5869 in
1975 5826 2086 5870 tnlo

485 5907 820 5978 collocatur;
855 5909 1059 5965 nullum
1091 5910 1412 5980 periculum.
1448 5911 1588 5964 nulla
1620 5909 1876 5981 sttspicio,
1910 5909 1999 5964 sed
2032 5919 2085 5964 et

1370 408 1439 465 IN
1480 405 1696 467 EPIST.
1741 409 1832 464 AD
1873 407 2160 463 PlllLlPP.
2204 409 2356 466 CAP.
2406 414 2488 468 lV.
2537 417 2767 474 ll0.\ilL.
2814 421 2956 480 XIV.

3709 432 3815 491 Q'iii

2219 535 2441 620 somnus
2469 535 2776 591 securitatis
2802 539 2996 611 plenus
3024 542 3280 613 advenit;
3314 546 3458 603 nulla
3491 550 3816 620 sollicitudo,

2218 617 2396 673 nullus
2429 623 2678 691 cjulatus.

2387 711 2548 810 Vides
2590 718 2728 776 hanc
2774 722 2934 796 longe
2976 727 3257 786 meliorem
3315 735 3474 790 esse?
3517 735 3677 804 Quid,
3730 740 3820 796 die

2217 799 2371 899 mihi,
2410 808 2649 865 satiusne
2676 824 2758 868 est
2790 813 3052 887 invidere,
3085 836 3153 875 an
3197 823 3390 880 aliena:
3423 799 3625 884 lauit-ia:
3654 799 3817 899 paru-

2215 893 2389 961 cipem
2418 898 2574 954 ﬁeri?
2608 903 2732 960 11ωο
2768 910 2949 966 omnia
2975 914 3342 982 expendamus
3369 935 3384 984 ;
3416 935 3477 975 ac
3501 936 3634 977 sane
3657 893 3816 979 inve-

2217 988 2427 1083 niemus
2455 993 2705 1050 virtutem
2731 1000 2971 1067 quidem,
3016 1014 3074 1059 ut
3110 1016 3334 1062 matrem
3366 1027 3494 1067 vcre
3520 1027 3814 1083 amantem,

2216 1078 2409 1136 aiferre
2439 1087 2785 1143 securitatem
2805 1100 2966 1163 atque
2995 1095 3048 1149 in
3083 1105 3196 1152 tuto
3224 1100 3517 1170 collocare,
3550 1078 3817 1160 vitiosita-

2218 1181 2324 1227 tem
2365 1191 2493 1230 vero
2539 1181 2812 1250 conjicere
2859 1185 2910 1239 in
2952 1187 3239 1257 pericula:
3273 1208 3361 1248 res
3409 1196 3552 1249 enim
3595 1201 3815 1254 omnino

2217 1275 2299 1320 est
2336 1269 2698 1338 periculorum
2747 1277 2923 1347 plena.
2958 1281 3097 1336 Audi
3147 1283 3460 1354 prOphetam
3494 1288 3763 1346 dicentem
3798 1311 3810 1347 :

2217 1355 2623 1419 Firmamentum
2644 1377 2716 1421 est
2739 1369 2990 1426 Dominus
3015 1374 3304 1430 timentibus
3322 1393 3456 1443 eum,
3474 1389 3521 1432 et
3548 1391 3818 1436 testamen-

2217 1457 2323 1502 tum
2351 1453 2511 1522 ipsius
2531 1466 2586 1509 ut
2612 1461 2962 1530 manifestctur
2988 1465 3252 1540 ipsis_(Ps.
3277 1466 3370 1521 24.
3399 1469 3510 1538 14).
3537 1470 3816 1527 Neminem

2218 1540 2402 1610 timet,
2449 1547 2539 1614 qui
2583 1550 2784 1606 nullius
2833 1554 2960 1608 mali
3011 1557 3114 1610 sibi
3166 1568 3245 1612 est
3289 1562 3541 1616 conscius
3573 1579 3587 1616 :
3616 1565 3815 1619 nemini

2216 1645 2400 1691 contra
2435 1639 2574 1707 lidit,
2609 1645 2697 1712 qui
2726 1660 2847 1699 cum
2894 1647 3236 1717 improbitate
3269 1652 3418 1719 vivit,
3458 1654 3553 1708 sed
3583 1653 3816 1713 famulos

2215 1727 2375 1780 etiam
2430 1733 2656 1797 metuit,
2729 1751 2930 1806 eosque
2989 1754 3109 1793 cum
3188 1741 3497 1810 StISpicione
3555 1746 3811 1802 intuetur.

2218 1816 2420 1889 Ecquid
2470 1822 2592 1878 dico
2646 1823 2916 1883 famulos?
2970 1831 3318 1886 conscientiae
3370 1834 3536 1903 ipsius
3581 1838 3816 1894 tribunal

2217 1907 2355 1965 ferre
2381 1927 2482 1966 non
2518 1925 2729 1983 potest:
2767 1933 2871 1974 n0n
2907 1923 3079 1975 solum
3110 1940 3228 1992 qute
3262 1933 3502 1981 externae
3537 1941 3684 1996 sunt,
3719 1933 3816 1988 sed

2217 2001 2436 2057 interna)
2483 2007 2644 2060 etiam
2698 2011 3140 2067 ratiocinationes
3185 2015 3357 2085 ipsum
3405 2017 3665 2088 fodicant,
3718 2039 3816 2079 nec

2215 2096 2492 2164 quiescere
2519 2116 2771 2168 umquam
2815 2106 3016 2158 sinunt.
3049 2106 3209 2176 Ergo,
3245 2108 3476 2178 inquies,
3504 2112 3571 2164 ita
3601 2125 3815 2182 oportet

2215 2186 2417 2253 vivere,
2471 2199 2529 2242 ut
2569 2191 2778 2246 laudem
2832 2197 3078 2264 spectes?
3127 2197 3242 2251 Non
3297 2200 3432 2254 dixit
3474 2203 3692 2268 Paulus,
3736 2209 3814 2261 Ad

2214 2276 2424 2333 laudem
2476 2292 2656 2350 specta
2681 2326 2693 2346 ,
2728 2286 2820 2339 sed
2844 2327 2859 2353 ,
2893 2287 3000 2342 Fac
3045 2288 3330 2344 laudabilia
3355 2334 3367 2354 ,
3404 2309 3509 2348 non
3565 2308 3816 2365 spectans

2213 2370 2278 2424 ad
2352 2372 2582 2427 laudem.
2647 2377 2990 2447 Quwcumqne
3055 2396 3208 2443 vera;
3260 2383 3598 2439 mendacium
3671 2390 3813 2442 enim

2214 2462 2312 2517 ista
2364 2476 2517 2533 sunt,
2567 2483 2897 2539 qurecumque
2949 2483 3147 2526 sancta.
3197 2472 3311 2528 Vox
3363 2475 3484 2544 ista,
3535 2490 3715 2546 σεμνόν,
3765 2481 3816 2536 id

2212 2566 2294 2612 est
2340 2561 2604 2628 gravitas,
2633 2562 2698 2616 ad
2751 2569 3033 2619 externam
3079 2568 3310 2636 pertinet
3356 2570 3646 2640 virtutem;
3685 2579 3817 2642 ἄγων

2214 2664 2374 2712 vero,
2430 2650 2481 2704 id
2539 2661 2621 2706 est
2677 2653 2964 2723 pudicitia,
3025 2659 3220 2713 anima:
3281 2662 3497 2732 propria
3555 2676 3654 2718 est.
3708 2667 3815 2721 Ne-

2211 2744 2362 2810 mini,
2395 2745 2584 2814 inquit,
2610 2746 2734 2802 date
2770 2748 2932 2802 ullam
2961 2750 3332 2820 offensionem,
3364 2771 3539 2826 neque
3577 2762 3818 2814 occasio-

2213 2851 2358 2889 nem.
2389 2837 2652 2904 Quoniam
2692 2839 2919 2907 dixerat,
2969 2841 3311 2911 Quamnnque
3349 2845 3496 2901 bona:
3524 2851 3698 2919 (amat,
3748 2869 3816 2906 ne
3901 2896 3908 2898 .

2211 2928 2484 2983 existimes
2525 2929 2591 2984 ad
2639 2929 2887 2987 homines
2931 2941 3135 2988 tantum
3185 2946 3480 3006 spectasse,
3529 2941 3679 2996 addit
3709 2944 3817 2998 :-Si

2209 3039 2309 3092 qua
2343 3023 2516 3088 virtus,
2563 3034 2612 3078 et
2659 3025 2702 3077 si
2745 3042 2847 3095 qua
2890 3028 3024 3092 laus,
3075 3027 3182 3082 haec
3219 3031 3455 3100 cogitate,
3505 3033 3612 3088 hinc
3658 3037 3812 3104 agite.

2211 3114 2476 3183 Perpetuo
2502 3115 2614 3169 vult
2640 3130 2738 3170 nos
2770 3116 2822 3170 in
2855 3116 2938 3172 his
2968 3133 3108 3183 esse,
3136 3119 3252 3176 lucc
3278 3137 3490 3189 curare,
3523 3125 3637 3181 ha-c
3665 3130 3815 3197 cogi-

2213 3214 2346 3260 tare.
2380 3205 2509 3260 Nam
2553 3207 2597 3261 si
2645 3207 2921 3262 nobiscum
2969 3209 3066 3279 ipsi
3106 3226 3292 3282 pacem
3338 3227 3642 3285 servemus,
3675 3219 3814 3275 Deus

2211 3298 2372 3353 etiam
2419 3298 2698 3355 nobiscum
2748 3301 2852 3355 erit
2883 3320 2896 3355 :
2929 3303 3011 3356 sin
3059 3303 3262 3359 bellum
3307 3312 3627 3375 excitemus,
3676 3311 3817 3367 Deus

2215 3393 2364 3461 pacis
2393 3393 2618 3449 minime
2648 3395 2926 3449 nobiscum
2957 3395 3080 3450 erit.
3113 3396 3257 3452 Nihil
3287 3400 3429 3454 enim
3460 3417 3613 3471 a'que
3645 3403 3818 3458 hosti-

2214 3484 2336 3537 liter
2363 3483 2680 3538 adversatur
2709 3487 2923 3551 animae,
2959 3503 3021 3542 ac
3048 3487 3342 3554 vitiositas;
3390 3502 3444 3546 et
3489 3493 3621 3548 nihil
3661 3495 3818 3550 vicis-

2211 3574 2310 3628 sim
2357 3591 2509 3644 aeque
2557 3576 2702 3630 illam
2745 3577 2797 3631 in
2833 3586 2946 3631 tuto
2991 3579 3242 3646 collocat,
3292 3597 3354 3636 ac
3387 3599 3485 3652 pax
3530 3594 3584 3639 et
3626 3587 3812 3642 virtus.

2210 3665 2568 3732 Quamobrem
2624 3668 2942 3737 incipiamus
2992 3679 3175 3726 nostra
3222 3684 3521 3742 praestare,
3582 3688 3817 3750 tuncque

2213 3761 2378 3815 Deum
2405 3760 2468 3813 ad
2495 3775 2592 3815 nos
2620 3761 2939 3816 allicicmus.
2974 3764 3118 3819 Deus
3148 3781 3254 3819 non
3279 3777 3361 3821 est
3392 3768 3515 3823 belli
3549 3779 3599 3825 et
3624 3788 3816 3843 pugna:

2208 3853 2365 3908 deus.
2417 3853 2638 3923 Depoae
2685 3855 2845 3924 igitur
2886 3855 3088 3911 bellum
3137 3868 3190 3912 et
3222 3875 3475 3930 pugnam,
3524 3879 3644 3917 cum
3686 3881 3816 3936 erga

2213 3943 2424 4008 Deum,
2483 3953 2596 3999 tum
2652 3961 2778 4016 erga
2831 3947 3137 4016 proximum
3173 3968 3185 4002 :
3221 3952 3474 4020 pacificus
3522 3963 3640 4009 esto
3690 3975 3815 4028 erga

2209 4051 2400 4091 onmes
2433 4039 2643 4108 :cngita
2673 4039 2992 4108 quibusnam
3041 4041 3180 4097 Deus
3223 4044 3450 4100 salutent
3482 4046 3610 4103 det:
3646 4050 3814 4116 Beati,

2210 4129 2417 4198 inquit,
2473 4131 2712 4199 paciﬁci,
2765 4133 3006 4202 quoniam
3058 4135 3158 4204 ipsi
3209 4137 3306 4204 ﬁlii
3358 4137 3455 4192 Dei
3505 4142 3817 4199 vocabuntur

2211 4219 2424 4291 (Matth.
2467 4222 2520 4277 5.
2552 4223 2632 4293 9).
2660 4222 2760 4290 Qui
2794 4224 2928 4279 tales
2976 4232 3122 4292 sunt,
3176 4239 3436 4296 perpetuo
3477 4230 3673 4286 Filium
3717 4235 3813 4290 Dei

2210 4316 2506 4371 imitantur.
2531 4315 2795 4371 Eumdem
2822 4327 2875 4372 tu
2899 4334 3114 4388 quoque
3137 4321 3345 4376 imitare
3368 4342 3380 4376 :
3405 4340 3587 4392 pacem
3619 4342 3810 4383 serva:

2209 4418 2408 4476 quanto
2433 4409 2576 4463 enim
2603 4409 2773 4477 magis
2795 4411 3125 4480 oppugnabit
3156 4420 3208 4467 te
3239 4412 3425 4480 frater,
3462 4423 3610 4470 Lanto
3641 4419 3814 4488 major

2209 4501 2313 4556 erit
2341 4513 2571 4554 merces.
2606 4501 2740 4554 Audi
2773 4503 3091 4572 pr0phctam
3120 4502 3413 4572 dicentem,
3443 4504 3572 4561 Cum
3615 4510 3697 4573 iis,
3727 4513 3814 4580 qui

2208 4589 2422 4645 oderunt
2453 4607 2652 4662 pacem,
2692 4608 2832 4645 erant
2877 4593 3123 4663 paciﬁcus
3165 4594 3354 4665 (l’sal.
3406 4599 3526 4653 119.
3561 4600 3666 4670 7).
3702 4602 3814 4658 Hoc

2208 4686 2380 4741 virtus
2405 4696 2508 4752 est,
2539 4685 2641 4740 hoc
2667 4685 2898 4739 inrorans
2925 4687 3334 4743 ratiocinatione
3363 4691 3556 4761 majus,
3583 4692 3687 4748 hoc
3715 4712 3815 4750 nos

2209 4796 2378 4853 prope
2410 4783 2577 4837 Deum
2609 4781 2777 4850 ponit.

2280 4875 2602 4938 Iniuriarum
2621 4874 2804 4929 oblivia
2821 4875 3218 4929 commi'ndatur.
3237 4905 3305 4912 —
3318 4874 3456 4928 Nihil
3473 4891 3623 4944 {eque
3645 4878 3810 4933 Deum

2209 4968 2460 5032 la-tiiicat,
2486 4976 2648 5035 atque
2676 4967 2988 5036 injuriarum
3009 4967 3378 5021 itmnemorem
3397 4981 3516 5021 esse
3543 4985 3554 5021 :
3581 4967 3684 5024 hoc
3713 4981 3761 5025 te
3779 4988 3808 5027 a

2210 5066 2443 5132 peccatis
2471 5061 2685 5127 liberat,
2731 5061 2835 5115 hoc
2860 5060 3004 5114 delet
3045 5060 3269 5114 crimina
3308 5077 3321 5112 :
3355 5061 3496 5129 quod
3526 5065 3569 5117 si
3602 5080 3806 5134 pugne-

2207 5171 2327 5210 mus
2374 5169 2437 5209 ac
2476 5154 2764 5219 laetemur,
2805 5153 2964 5222 longe
3008 5167 3037 5204 a
3083 5152 3196 5206 Deo
3234 5153 3463 5206 ahimus.
3509 5153 3587 5208 Ex
3635 5171 3806 5224 pugna

2205 5250 2350 5304 enim
2397 5245 2692 5301 inimicitia:
2721 5247 3003 5309 oriuntur;
3037 5243 3345 5298 inin'ticitias
3391 5245 3638 5314 sequitur
3667 5247 3807 5315 inju-

2205 5343 2401 5396 riarum
2422 5339 2701 5394 memoria.
2723 5338 2922 5393 Evcide
2947 5337 3204 5404 radicem,
3226 5323 3280 5391 et
3301 5352 3403 5391 non
3423 5351 3666 5408 erumpet
3689 5340 3803 5393 fru-

2203 5447 2320 5491 ctus
2354 5453 2366 5488 :
2399 5435 2469 5489 ita
2521 5433 2794 5489 discemus
2842 5448 2927 5496 ea,
2975 5447 3094 5501 qua:
3149 5431 3216 5486 ad
3267 5441 3588 5501 praesentem
3640 5433 3802 5488 vitam

2203 5528 2497 5598 pertinent,
2531 5526 2834 5595 despicere.
2862 5523 2975 5578 Non
3005 5523 3148 5578 enim
3178 5533 3283 5589 est,
3315 5539 3423 5577 non
3452 5532 3535 5578 est
3561 5525 3612 5578 in
3642 5525 3804 5581 rebus

2203 5620 2573 5692 Spiritualibus
2608 5633 2819 5689 pugna;
2869 5617 2962 5671 sed
3008 5615 3269 5686 quidquid
3316 5615 3581 5684 ejusmodi
3625 5618 3807 5674 videas

2201 5715 2421 5782 exoriri,
2450 5714 2533 5769 vel
2569 5728 2773 5784 pugnas
2801 5713 2882 5767 vel
2930 5710 3208 5775 invidiam,
3241 5711 3355 5764 sive
3395 5712 3609 5781 quidvis
3635 5714 3806 5779 aliud,

2202 5827 2381 5866 rerum
2412 5809 2477 5863 ad
2511 5809 2649 5863 hanc
2669 5807 2832 5861 vitam
2859 5806 3240 5876 pertinentium
3276 5823 3436 5860 causa
3463 5809 3800 5864 exoriuntur.

2201 5907 2332 5963 Nam
2364 5903 2446 5960 vel
2476 5903 2542 5959 ab
2577 5901 2738 5958 alieni
2781 5900 3096 5971 cupiditate,
3130 5899 3212 5955 vel
3257 5899 3327 5954 ab
3359 5899 3582 5971 invidia,
3625 5900 3707 5956 vel
3740 5898 3821 5952 alr-
