4184 6526
422 413 529 474 987

424 534 600 589 inanis
648 536 833 606 gloriae
884 537 1063 592 studio
1113 537 1323 593 initium
1374 539 1540 593 sumit
1583 535 1758 593 omnis
1809 548 2004 604 pugna.

422 628 600 695 Quare
646 631 689 682 si
724 644 904 694 pacem
946 631 1369 695 servaverimus,
1413 641 1624 686 terrena
1670 630 1831 685 etiam
1873 643 2007 683 con-

423 726 661 773 temnere
690 717 980 774 discemus.
1023 720 1231 789 Eripuit
1273 722 1394 792 quis
1422 720 1712 790 pecunias?
1741 720 1845 774 Sed
1878 718 2006 773 nihil

421 807 576 873 hesit,
628 808 860 878 inquies,
905 809 1196 864 dummodo
1236 826 1459 881 superas
1505 811 1624 865 illas
1675 806 1885 863 divitias
1940 825 2007 863 tte

419 899 627 967 eripiat.
661 899 934 969 lmpcdivit
974 902 1200 972 gloriam
1231 903 1415 956 tuam?
1462 904 1531 956 At
1573 919 1678 957 non
1718 916 1855 965 cant,
1885 916 2003 969 qum

420 989 556 1057 apud
588 992 751 1043 ltmtm
784 1001 886 1055 est,
935 994 1027 1047 scd
1060 992 1200 1047 hanc
1248 993 1447 1048 nullius
1475 994 1631 1061 pretii
1665 1011 1679 1048 :
1711 1008 1814 1047 non
1861 993 2003 1047 enim

419 1081 533 1136 lia-c
560 1082 726 1151 gloria
755 1093 857 1146 est,
889 1084 983 1139 sed
1008 1100 1200 1140 nomen
1227 1087 1436 1156 gloria},
1465 1101 1527 1140 ac
1552 1087 1726 1155 potius
1757 1084 2004 1141 obscurio

410 1180 519 1226 tas.
553 1175 761 1242 Eripuit
804 1177 895 1229 tibi
944 1178 1247 1233 honorem?
1292 1177 1404 1233 imo
1453 1194 1558 1233 non
1603 1177 1722 1243 tibi,
1768 1177 1863 1232 sed
1902 1176 2004 1231 sibi

416 1262 537 1332 ipsi.
583 1264 716 1319 Nam
762 1267 904 1323 sicut
948 1269 1037 1336 qui
1085 1268 1333 1340 iniuriam
1373 1268 1520 1333 facit,
1573 1286 1677 1322 non
1724 1269 1865 1330 facit,
1908 1266 2003 1322 sed

412 1356 646 1425 accipit:
672 1358 742 1411 ila
773 1359 860 1426 qui
892 1359 1135 1426 proximo
1166 1360 1386 1416 insidias
1417 1368 1589 1431 parat,
1634 1359 1868 1427 seipsum
1893 1356 2003 1426 pri-

414 1460 561 1500 mum
611 1447 783 1515 perdit
823 1448 1013 1519 (Ereti.
1048 1449 1132 1503 In.
1165 1448 1220 1519 8)
1253 1466 1266 1502 :
1307 1464 1427 1503 nam
1464 1450 1553 1518 qui
1586 1448 1716 1503 fodit
1761 1448 2002 1518 proximo

411 1552 510 1591 suo
541 1537 767 1604 foveam,
814 1540 864 1593 itt
911 1540 1081 1609 ipsam
1110 1541 1314 1595 incidit.
1359 1540 1500 1611 Ergo
1545 1555 1649 1595 non
1685 1541 2001 1595 insidlemur

409 1626 589 1690 alteri,
620 1636 675 1681 ut
718 1643 785 1682 ne
814 1629 970 1684 nobis
1001 1630 1098 1698 ipsi
1131 1645 1455 1694 noceamus;
1486 1646 1607 1687 cum
1644 1632 1864 1686 alterius
1884 1632 2001 1701 glo-

408 1718 488 1771 ria
514 1738 542 1769 o
569 1717 990 1788 intervenimus,
1021 1721 1319 1791 cogitemus
1345 1738 1443 1778 nos
1466 1724 1611 1793 ipsos
1638 1739 1776 1785 esse,
1802 1724 1999 1793 quibus

407 1825 696 1865 noceamus
735 1822 896 1882 atque
924 1813 1145 1868 insidias
1178 1815 1480 1869 tendamus.
1512 1814 1645 1869 Nam
1676 1816 1725 1868 ei
1756 1814 1994 1884 quidem,

406 1902 451 1956 si
482 1916 579 1957 nos
609 1903 728 1972 plus
750 1904 1102 1972 potuerimus,
1125 1906 1265 1975 apud
1294 1907 1540 1962 homines
1577 1906 1805 1962 fortasse
1837 1923 1998 1961 uoce-

406 2007 556 2059 mus;
599 2007 698 2049 uos
726 2003 904 2049 autem
933 1994 1078 2065 ipsos
1126 1995 1268 2066 apud
1312 1997 1477 2051 Deum
1507 1997 1770 2062 Iaulimus,
1821 1999 1994 2069 ipsum

1137 416 1195 473 S.
1233 418 1514 476 JOANNIS
1550 410 2027 476 CilllYSOSTUSll
2062 413 2375 468 Aliljllllii‘.
2416 412 2947 470 CONSTANTINOP.

3598 424 3702 480 283

2122 530 2413 585 irritantcs.
2458 531 2639 603 Itaque
2668 548 2774 587 non
2802 533 2954 588 nobis
2985 534 3113 603 ipsis
3154 550 3458 593 noceamus.
3486 538 3618 596 Nam
3650 552 3704 598 ut

2118 619 2363 690 injuriam
2382 623 2623 690 proximo
2645 622 2921 687 facientes,
2949 626 3102 680 nobis
3129 626 3258 693 ipsis
3281 628 3503 684 facimus
3524 650 3534 683 :
3558 633 3629 687 ita
3655 636 3701 687 ei

2117 709 2542 775 bettcl'acicutcs,
2594 714 2750 768 nobis
2805 713 2935 783 ipsis
2984 715 3370 773 benelaclmus.
3419 721 3551 775 Cum
3608 724 3702 778 tibi

2114 800 2367 856 damnum
2390 804 2567 858 attulit
2597 803 2865 869 inimicus,
2890 808 3128 875 cogitans
3158 807 3473 865 benefit-ium
3506 815 3697 880 potius,

2115 894 2159 946 si
2194 895 2388 963 sapias,
2424 895 2516 948 tibi
2545 897 2856 962 contulisse,
2893 912 2998 951 non
3032 899 3190 952 modo
3215 915 3310 969 par
3343 903 3413 956 illi
3443 904 3698 963 damnum

2114 1000 2220 1039 non
2248 987 2465 1051 inlcres,
2488 988 2580 1043 sed
2607 990 2764 1043 etiam
2790 989 3107 1046 benefacies.
3136 995 3205 1046 At
3229 1005 3429 1058 manet,
3466 998 3696 1068 inquies,

2112 1077 2459 1134 vehementer
2511 1079 2708 1135 inﬂicta
2754 1082 2927 1152 plaga.
2970 1082 3082 1137 Hoc
3138 1084 3300 1154 igitur
3344 1089 3540 1157 cogita,
3592 1106 3699 1146 non

2113 1170 2259 1224 illum
2295 1186 2417 1226 esse
2443 1171 2527 1226 cui
2556 1172 2881 1239 benefacias,
2927 1174 3019 1228 sed
3050 1176 3227 1243 potius
3256 1176 3323 1231 de
3364 1179 3454 1233 illo
3483 1180 3699 1249 quidem

2113 1268 2165 1314 te
2191 1262 2507 1331 supplicium
2539 1277 2774 1326 sumere,
2817 1264 2911 1317 tibi
2946 1280 3074 1318 vero
3106 1266 3441 1333 benefacere,
3488 1285 3553 1325 ac
3590 1273 3699 1326 cito

2111 1350 2216 1405 huc
2260 1351 2568 1415 adduceris,
2612 1362 2671 1407 ut
2716 1353 3039 1409 benefacias.
3067 1356 3205 1423 Quid
3236 1357 3436 1427 igitur?
3466 1359 3700 1419 istumne

2111 1443 2165 1497 in
2197 1442 2579 1497 benefacieudo
2619 1457 2840 1513 scopum
2872 1460 3173 1514 proponere
3220 1448 3314 1502 tibi
3340 1447 3507 1503 debes
3527 1451 3553 1504 ἵ
3576 1450 3693 1506 Νυη

2109 1549 2241 1589 Szttte
2287 1534 2483 1599 istum;
2531 1534 2625 1589 sed
2665 1536 2883 1605 quando
2922 1552 3019 1591 cor
3048 1548 3197 1592 tuum
3232 1540 3388 1595 aliter
3414 1539 3553 1596 ﬂecti
3590 1560 3695 1599 non

2111 1637 2306 1698 petest,
2340 1627 2419 1680 vel
2454 1626 2555 1680 hac
2579 1628 2787 1681 ratione
2815 1628 2987 1695 ipsum
3014 1628 3287 1694 adducito,
3319 1644 3383 1685 ac
3417 1631 3564 1687 brevi
3597 1634 3698 1703 ipsi

2108 1718 2455 1788 persuadebis
2483 1719 2753 1789 deponere
2795 1720 3146 1789 simultatem,
3190 1729 3246 1776 et
3291 1722 3506 1779 inimico
3546 1738 3695 1796 post-

2108 1812 2230 1880 hac,
2282 1821 2552 1881 tamquam
2593 1812 2768 1866 amico
2809 1810 3137 1879 benefacies,
3181 1824 3239 1869 et
3286 1815 3459 1871 futura
3501 1833 3694 1874 conse-

2105 1905 2289 1976 queris
2330 1904 2468 1958 bona
2495 1920 2509 1958 :
2534 1904 2730 1973 quibus
2759 1904 2959 1959 utinam
2985 1919 3084 1960 nos
3131 1920 3320 1961 omnes
3348 1906 3608 1975 fruamur,
3641 1910 3693 1966 in

2104 1997 2317 2053 Christo
2343 1995 2491 2061 Jesu,
2514 2004 2616 2051 etc.

1863 2202 2204 2263 HOMlLIA
2238 2195 2391 2261 XV.

402 2325 531 2383 Car.
587 2329 641 2383 4.
690 2344 744 2383 v.
792 2329 878 2384 10.
921 2327 1135 2382 Gauisus
1159 2329 1353 2382 suntin
1402 2326 1619 2380 Domino
1650 2326 1987 2391 vehementer,

473 2422 714 2491 quoniam
743 2419 1018 2491 aliquando
1063 2418 1266 2473 laudent
1297 2418 1599 2489 reﬂoruistis
1637 2434 1730 2488 pro
1760 2433 1840 2471 me
1878 2433 1994 2472 sen-

475 2515 603 2580 tire,
631 2514 760 2567 sicut
792 2523 840 2566 et
862 2512 1180 2576 sentiebatis,
1219 2511 1453 2580 occupati
1488 2519 1659 2564 autem
1701 2509 1869 2563 eratis.
1904 2509 1989 2564 il.

475 2603 598 2658 Non
620 2605 765 2673 quasi
792 2614 999 2673 propter
1030 2604 1291 2671 penuriam
1335 2603 1449 2655 dico
1478 2616 1498 2655 .'
1520 2618 1612 2672 ego
1653 2602 1788 2655 enim
1815 2600 1990 2665 didici,

472 2696 527 2749 in
554 2696 732 2766 quibus
750 2712 884 2761 sum,
911 2695 1158 2766 suﬁciens
1184 2710 1312 2748 esse.
1347 2693 1432 2749 12.
1480 2692 1605 2748 Scio
1636 2702 1681 2747 et
1710 2693 1991 2758 humiliari,

469 2788 578 2841 scio
619 2796 668 2842 et
711 2786 1011 2851 abundare;
1060 2787 1244 2857 ubique
1271 2795 1319 2840 et
1357 2786 1410 2839 in
1459 2783 1692 2839 ontnibus
1738 2784 1996 2840 institutus

476 2898 590 2935 sum
612 2918 627 2944 ,
656 2890 703 2935 et
728 2881 907 2934 satiari
930 2888 977 2933 et
1020 2879 1243 2941 esurire,
1292 2886 1339 2930 et
1374 2876 1633 2930 abundare
1656 2885 1703 2931 et
1734 2875 1997 2945 penuriam

464 2956 587 3046 'pati
615 2990 634 3028 :
678 2975 763 3029 15.
796 2973 967 3028 omnia
1018 2987 1221 3041 possunt
1253 2972 1305 3024 in
1349 2985 1427 3036 eo,
1457 2969 1542 3038 qui
1594 2985 1673 3023 me
1717 2970 1992 3039 confortat,

476 3067 696 3122 Christo.
730 3066 815 3120 M.
858 3064 1207 3118 Verumtamen
1235 3061 1548 3133 benefecistis
1570 3101 1585 3127 ,
1616 3059 1994 3115 communican-

475 3167 547 3211 tes
577 3154 891 3210 tribttlationi
920 3169 1066 3208 mete.

477 3252 531 3305 1.
578 3249 911 3320 Eleemosyua
935 3263 1037 3301 non
1062 3247 1438 3316 accipientium,
1469 3245 1558 3299 sed
1586 3244 1818 3299 dantium
1843 3260 1997 3298 causa

403 3343 612 3398 inducta
638 3341 845 3411 [uiL—
869 3341 1026 3409 Smpe
1074 3337 1183 3392 dixi
1213 3337 1650 3407 eleemosynaut,
1695 3350 1803 3390 non
1850 3335 1995 3390 acci-

403 3435 685 3505 pientium,
711 3430 804 3486 sed
833 3429 1076 3485 dantiuut
1103 3442 1264 3483 causa
1295 3428 1652 3483 introductam
1684 3442 1805 3483 esse
1830 3444 1843 3480 :
1875 3441 1995 3480 nam

405 3526 482 3580 illi
530 3532 697 3590 sunt,
725 3523 817 3593 qui
863 3522 1154 3576 maximum
1203 3528 1469 3591 quit-stum
1525 3517 1745 3574 faciunt.
1792 3519 1904 3574 lloc
1943 3526 1997 3574 et

405 3631 551 3672 nunc
591 3613 827 3670 ostendit
868 3612 1085 3667 Paulus.
1128 3609 1446 3679 Quomodo?
1487 3609 1740 3665 Miserant
1777 3610 1844 3665 ad
1873 3624 1997 3665 eum

404 3706 650 3778 quiedam
699 3705 857 3774 longo
904 3703 1189 3758 intervallo
1218 3701 1627 3772 Philippenses,
1668 3716 1839 3771 eaque
1886 3701 1998 3770 ipsa

406 3797 777 3869 Epaphrodito
823 3795 891 3850 ad
941 3794 1120 3863 ipsum
1161 3793 1478 3864 perferenda
1523 3791 1800 3846 dederant.
1833 3791 2000 3846 Istum

408 3890 574 3959 igitur
601 3903 723 3942 cum
749 3886 850 3940 hac
876 3884 1103 3954 epistola
1136 3882 1477 3946 remissurus,
1502 3881 1624 3937 vide
1648 3881 1919 3951 quomodo
1947 3891 2001 3936 et

407 3984 553 4049 ipsos
580 3977 796 4038 laudet,
834 3983 890 4030 et
915 3972 1162 4029 ostendat
1189 3988 1294 4026 non
1340 3980 1447 4025 tam
1476 3971 1542 4024 ad
1582 3971 1997 4042 accipientium,

402 4086 567 4139 quant
603 4068 669 4123 ad
697 4067 937 4123 dantitun
969 4065 1250 4119 utilitatem
1279 4063 1329 4118 id
1363 4063 1714 4118 redundasse.
1749 4063 1859 4118 lluc
1899 4079 2000 4117 au-

405 4173 515 4218 tent
546 4163 689 4226 facit,
724 4169 780 4215 ut
808 4174 981 4228 neque
1009 4159 1096 4229 qui
1124 4157 1462 4212 benefaciuut
1488 4157 1539 4210 in
1565 4155 1868 4224 superbiam
1900 4169 2000 4211 ex-

405 4252 686 4316 tollantur,
733 4251 827 4305 sed
876 4248 944 4302 ad
1008 4246 1449 4301 benefaciendum
1498 4246 1786 4300 alacriores
1833 4243 1998 4310 ﬁant,

406 4345 604 4415 quippe
631 4357 755 4398 cum
778 4357 838 4395 se
869 4340 1013 4411 ipsos
1040 4338 1211 4410 magis
1236 4338 1424 4409 juveot
1449 4355 1461 4391 :
1496 4347 1550 4392 et
1578 4337 1667 4408 qui
1694 4337 1997 4408 accipiunt,

411 4450 516 4489 non
549 4434 775 4488 licenter
805 4438 1125 4501 procurrant
1150 4430 1215 4485 ad
1246 4428 1638 4499 accipiendum,
1680 4437 1739 4482 ut
1767 4443 1834 4483 ne
1854 4428 2001 4498 judi-

404 4526 554 4583 cium
591 4524 856 4594 accipiant
889 4542 901 4577 :
936 4522 1146 4577 Beatum
1192 4522 1355 4587 enim,
1390 4520 1581 4589 inquit,
1611 4533 1684 4575 est
1712 4521 1874 4592 magis
1902 4520 2001 4573 da-

405 4630 668 4689 re,‘quam
698 4617 929 4685 accipere
958 4614 1092 4689 (Act.
1119 4614 1213 4669 20.
1245 4614 1359 4686 35).
1388 4613 1527 4683 Quid
1553 4630 1683 4685 ergo
1712 4613 1997 4684 signiﬁcat,

409 4711 536 4766 dum
567 4707 718 4774 dicit,
750 4707 966 4762 Gavisus
994 4723 1106 4762 sum
1125 4715 1292 4759 autent
1314 4707 1366 4760 in
1393 4704 1613 4760 Domino
1653 4705 2003 4760 vehementer?

410 4803 528 4859 Non
560 4801 768 4867 mundi,
818 4800 1009 4871 inquit,
1033 4809 1193 4869 atque
1218 4798 1380 4868 hujus
1422 4798 1546 4851 vita:
1592 4812 1741 4851 more
1785 4796 2004 4867 gavisus

406 4910 552 4962 sum,
583 4894 679 4949 sed
709 4895 760 4947 itt
788 4893 1033 4957 Domino,
1057 4907 1163 4945 non
1191 4891 1443 4960 quoniam
1473 4904 1575 4959 cgo
1596 4889 1875 4959 respiravi,
1906 4889 2002 4944 sed

409 4985 663 5055 quoniam
691 4999 788 5040 vos
825 4982 1175 5053 profecistis:
1230 4982 1347 5036 haec
1391 4981 1536 5037 enim
1580 4996 1697 5035 mea
1740 4982 2003 5036 recreatio

410 5088 518 5135 est.
550 5078 840 5149 Propterea
887 5078 1049 5131 ctiant
1090 5073 1295 5143 inquit,
1334 5072 1661 5129 Vehementer
1689 5090 1709 5128 :
1750 5074 2002 5144 quoniam

411 5186 521 5227 non
552 5178 671 5225 erat
694 5182 1016 5237 corporeum
1044 5167 1334 5236 gaudium,
1364 5181 1539 5236 neque
1585 5182 1682 5236 pro
1707 5181 1802 5221 sua
1833 5166 2003 5236 ipsius

412 5262 751 5318 recreatione
777 5259 1074 5330 gaudebat,
1121 5258 1217 5313 sed
1252 5274 1348 5328 pro
1382 5258 1599 5313 illorum
1631 5260 1896 5329 profectu.
1941 5260 2006 5331 Et

413 5356 555 5419 vide,
585 5352 854 5424 quomodo
882 5368 1003 5407 cunt
1037 5352 1158 5407 illus
1184 5351 1425 5405 nonnihil
1461 5350 1530 5405 de
1560 5351 1832 5421 praeterito
1864 5360 2002 5406 tem-

415 5458 548 5514 pore
575 5445 927 5516 objurgasset,
958 5443 1214 5498 continuo
1240 5441 1297 5496 id
1326 5443 1669 5498 occultaverit
1689 5482 1705 5508 ,
1732 5442 2002 5498 condoce-

414 5535 617 5592 faciens
637 5534 852 5591 assidue
875 5545 930 5590 et
976 5544 1235 5605 perpetuo
1264 5535 1467 5590 versari
1497 5535 1548 5589 in
1592 5532 2001 5590 benefaciendo.

419 5629 673 5695 Quoniam
695 5628 898 5681 tandem
923 5628 1221 5697 aliquando,
1252 5627 1442 5699 inquit.
1475 5625 1880 5693 lllud,Tandem
1902 5628 2004 5682 ali-

414 5718 654 5787 quando,
678 5718 895 5786 longum
937 5728 1149 5787 tempus
1186 5717 1471 5774 iudicantis
1499 5727 1600 5774 est.
1646 5717 2001 5788 Reﬂoruistis,

412 5810 569 5879 quasi
597 5807 665 5863 de
691 5808 970 5883 arboribus
1011 5809 1456 5879 geratiuautibus,
1498 5809 1693 5865 deinde
1733 5809 2000 5876 arefactis,

419 5916 488 5957 ac
510 5916 694 5959 rursus
723 5898 1166 5972 germinantibus.
1200 5900 1313 5959 lluc
1339 5917 1464 5960 vero
1487 5901 1767 5959 indicantis
1797 5911 1898 5970 est,
1930 5903 1996 5959 il-

2104 2324 2188 2379 los
2218 2338 2340 2378 cum
2367 2333 2524 2379 antea
2546 2322 2824 2389 ﬂorerent,
2856 2339 2917 2379 ac
2950 2336 3133 2395 poSIca
3164 2326 3550 2394 extabuissent,
3576 2345 3694 2384 rur-

2099 2430 2194 2471 sus
2220 2415 2403 2485 vigere
2448 2430 2514 2470 ac
2552 2416 2856 2485 germinare
2891 2418 3123 2487 coepisse
3154 2436 3167 2471 :
3196 2420 3543 2487 quamobrem
3589 2438 3692 2480 rex

2100 2507 2219 2572 ista,
2251 2507 2600 2578 Reﬂoruislis,
2632 2518 2686 2564 et
2707 2508 3134 2581 obiurgationem
3163 2521 3219 2567 et
3245 2513 3455 2568 laudetu
3490 2513 3647 2571 habet
3675 2533 3687 2568 :

2101 2616 2209 2655 non
2236 2602 2380 2655 enim
2414 2615 2601 2670 parum
2625 2610 2732 2668 est,
2764 2619 2884 2658 cum
2915 2604 3244 2671 extabueris,
3273 2606 3548 2662 rellorere.
3581 2608 3692 2663 To-

2101 2699 2211 2745 tum
2240 2707 2370 2746 vero
2419 2691 2472 2746 id
2500 2708 2567 2747 ex
2598 2693 2921 2764 negligentia
2974 2695 3080 2749 illis
3126 2697 3388 2753 accidisse
3431 2700 3688 2754 ostendit.

2102 2784 2210 2839 Pro
2232 2802 2312 2838 me
2352 2785 2569 2851 sentire,
2598 2786 2729 2839 sicut
2758 2795 2807 2840 et
2831 2786 3143 2843 sentiebatis.
3181 2788 3275 2842 llic
3301 2790 3537 2845 ostendit
3563 2806 3692 2845 con-

2104 2890 2292 2930 suesse
2323 2876 2446 2930 illos
2471 2876 2520 2930 itt
2545 2875 2854 2945 huiusmodi
2877 2876 3039 2932 rebus
3062 2878 3353 2935 liberaliter
3372 2896 3431 2935 se
3456 2896 3644 2951 gerere
3674 2899 3687 2935 :

2099 2975 2387 3037 propterea
2416 2966 2567 3021 addit
2592 2984 2605 3020 :
2639 2964 2747 3020 Pro
2775 2983 2852 3021 me
2891 2968 3076 3022 sentire
3101 3010 3115 3034 ,
3150 2971 3279 3024 sicut
3308 2980 3356 3025 et
3383 2971 3687 3027 sentiebatis.

2100 3057 2178 3112 Ac
2200 3072 2267 3112 ne
2297 3066 2449 3127 putes
2477 3058 2622 3128 ipsos
2651 3058 2813 3113 etiam
2839 3059 3050 3113 caeteris
3072 3058 3127 3113 in
3150 3060 3335 3126 rebus,
3363 3077 3483 3116 cum
3508 3078 3689 3131 prom-

2102 3150 2308 3222 ptiores
2338 3161 2538 3218 essent,
2575 3160 2761 3223 postea
2807 3153 3148 3220 extabuisse,
3192 3155 3286 3211 sed
3317 3156 3368 3210 itt
3398 3157 3499 3211 hac
3533 3156 3646 3211 sola
3668 3196 3688 3223 ,

2102 3243 2225 3298 vide
2255 3259 2415 3314 quam
2446 3253 2618 3309 cavet,
2649 3245 2720 3299 ita
2749 3244 2937 3300 dicens
2969 3262 2982 3297 :
3024 3245 3256 3300 Tandem
3297 3248 3573 3318 aliquando
3612 3265 3691 3302 re-

2100 3335 2344 3404 ﬂoruistis
2369 3351 2461 3407 pro
2491 3352 2570 3389 nte
2588 3337 2796 3391 sentire.
2828 3335 3058 3392 Perinde
3081 3352 3145 3392 ac
3174 3338 3217 3392 si
3243 3339 3467 3403 diceret,
3498 3340 3571 3395 De
3592 3339 3694 3395 hac

2102 3426 2215 3480 sola
2248 3441 2305 3481 re
2337 3425 2489 3491 illud,
2520 3426 2811 3493 Aliquando
2839 3430 3064 3496 tandem,
3109 3429 3279 3499 accipi
3308 3430 3468 3495 volo;
3502 3431 3554 3485 in
3582 3446 3690 3486 ca:-

2105 3520 2231 3574 teris
2258 3521 2401 3574 enim
2432 3520 2595 3575 rebus
2638 3536 2743 3574 non
2774 3519 2867 3575 ita.
2900 3519 3007 3575 Sed
3050 3532 3256 3591 quaeret
3304 3523 3390 3578 hic
3427 3523 3691 3595 quispiam

2102 3626 2200 3665 cur
2227 3611 2316 3681 qui
2349 3611 2498 3677 dicit,
2533 3610 2749 3665 Beatum
2774 3621 2847 3665 est
2872 3613 3034 3683 magis
3057 3613 3200 3678 dare,
3230 3631 3382 3685 quam
3424 3617 3694 3685 accipere;

2102 3710 2190 3764 ct,
2226 3701 2479 3769 Quoniam
2523 3701 2591 3755 ad
2620 3718 2678 3755 ea
2707 3717 2822 3767 qua:
2865 3703 2990 3755 mihi
3033 3720 3162 3771 opus
3191 3715 3370 3768 erant,
3423 3718 3469 3759 et
3498 3706 3561 3760 iis
3607 3707 3693 3777 qui

2104 3808 2299 3846 mecum
2327 3801 2461 3857 sunt,
2497 3792 2904 3845 ministraverunt
2934 3808 3113 3846 atauus
3135 3809 3259 3847 mea:
3280 3793 3418 3864 (Act.
3449 3795 3541 3851 ‘20.
3563 3796 3689 3864 34);

2103 3894 2160 3940 et
2199 3899 2387 3940 rursus
2428 3884 2493 3939 ad
2539 3883 2850 3940 Corinthios
2888 3884 3163 3950 scribens,
3203 3884 3404 3941 Bonum
3442 3898 3513 3942 est
3560 3889 3693 3944 enim

2107 3977 2231 4030 mihi
2257 3979 2420 4047 magis
2450 3977 2599 4041 mori,
2632 3993 2786 4047 quam
2815 3987 2869 4030 ut
2907 3979 3126 4048 gloriam
3153 3995 3314 4031 meant
3340 3982 3454 4052 quis
3486 3990 3693 4035 eveniet

2105 4067 2185 4135 (l.
2217 4065 2335 4121 Cor.
2366 4067 2421 4122 9.
2456 4067 2578 4135 15);
2611 4082 2752 4121 nunc
2790 4082 2898 4121 non
2927 4076 3078 4122 curet
3100 4068 3324 4138 gloriam
3359 4073 3511 4124 istaut
3541 4087 3690 4124 suam

2104 4160 2374 4225 evacuari,
2405 4169 2459 4214 et
2498 4161 2564 4214 ad
2592 4159 2817 4213 nihilum
2862 4160 3123 4215 recidere.
3158 4161 3479 4227 Quomodo?
3531 4162 3695 4216 Nimi-

2106 4268 2224 4308 rum
2245 4294 2260 4320 ,
2294 4252 2418 4307 dum
2450 4252 2676 4322 accepit.
2696 4251 2841 4307 “Nam
2870 4254 2913 4308 si
2944 4254 3109 4323 gloria
3129 4294 3144 4320 ,
3177 4254 3345 4324 inquit
3365 4297 3378 4318 ,
3431 4270 3545 4311 mea
3580 4255 3693 4310 Inec

2106 4351 2209 4410 est,
2263 4343 2393 4398 nihil
2443 4344 2708 4413 accipere,
2757 4344 3027 4413 quomodo
3071 4360 3212 4400 nunc
3261 4361 3326 4400 eo
3369 4346 3694 4401 adducitur?

2106 4435 2242 4502 Quid
2262 4451 2391 4506 ergo
2418 4435 2704 4491 dicendum
2732 4435 2850 4489 est?
2879 4435 2951 4489 lbi
2970 4434 3090 4504 jure
3117 4436 3321 4504 Optimo
3343 4454 3446 4491 non
3469 4438 3695 4508 accipie-

2108 4527 2199 4582 bat
2252 4527 2788 4597 pseudapostolornm
2832 4542 3014 4592 causa,
3051 4525 3118 4582 Ut
3161 4529 3215 4581 in
3257 4545 3356 4598 quo
3389 4529 3691 4600 gloriantur,

2109 4618 2299 4688 inquit,
2325 4619 2660 4680 inveniantur,
2694 4619 2818 4672 sicut
2845 4628 2891 4672 et
2925 4635 3016 4673 nos
3051 4619 3126 4689 (2.
3160 4618 3279 4674 Cor.
3314 4622 3399 4675 ll.
3436 4621 3545 4691 12).
3578 4621 3693 4677 Non

2109 4709 2265 4771 dixit,
2292 4708 2448 4771 Sunt,
2477 4710 2593 4775 sed,
2626 4708 2946 4773 Gloriantur;
2975 4711 3098 4766 hinc
3125 4712 3416 4768 ostendens
3444 4714 3561 4768 illos
3602 4730 3694 4769 ac-

2108 4802 2289 4871 cipere
2317 4800 2533 4869 quidem
2563 4802 2773 4864 solitos,
2804 4801 2898 4856 sed
2928 4803 3064 4856 clam
3097 4820 3108 4855 :
3143 4813 3422 4872 propterea
3446 4803 3600 4869 duxit,
3629 4804 3696 4859 lu

2108 4908 2205 4962 quo
2227 4891 2532 4965 gloriantur.
2557 4892 2866 4963 Accipiebat
2893 4906 3068 4948 autent
3097 4902 3153 4949 et
3180 4896 3313 4964 ipse,
3349 4876 3559 4950 tametsi
3589 4914 3694 4951 ttutt

2109 4984 2180 5039 ibi
2213 5003 2226 5038 :
2261 4993 2543 5054 propterea
2576 4986 2804 5054 ipsemet
2831 4985 3063 5051 dicebat,
3104 4983 3227 5040 Non
3262 4986 3568 5057 infringetur
3587 4990 3698 5059 glow

2109 5078 2259 5130 riatio
2293 5092 2405 5130 mea
2428 5074 2593 5146 (Ibid.
2620 5092 2667 5131 υ.
2695 5077 2808 5149 10).
2841 5076 2909 5130 Et
2935 5091 3038 5132 non
3061 5077 3234 5132 solum
3263 5077 3415 5145 dixit,
3447 5077 3566 5133 Non
3613 5079 3696 5133 in-

2112 5172 2379 5243 fringetur,
2410 5167 2506 5223 sed
2536 5169 2756 5239 exponit
2780 5168 2941 5223 etiam
2971 5168 3083 5234 ubi,
3115 5168 3299 5224 dicens
3333 5187 3346 5224 :
3374 5169 3442 5223 In
3471 5170 3694 5242 regioni-

2109 5261 2203 5315 bus
2234 5260 2473 5325 Achaiaz;
2503 5268 2558 5314 et
2578 5274 2782 5321 rursus,
2815 5258 2957 5313 Alias
2987 5258 3242 5313 Ecclesias
3269 5260 3574 5328 exspoliavi,
3602 5276 3695 5315 ae-

2109 5352 2299 5423 cipiens
2327 5351 2580 5422 stipendia
2610 5350 2677 5402 ad
2704 5349 3040 5403 ministerium
3090 5360 3307 5405 oestrum
3340 5349 3502 5422 (Ibid.
3534 5367 3582 5405 υ.
3611 5350 3691 5422 8).

2111 5443 2225 5498 lloc
2252 5444 2394 5498 enim
2424 5443 2705 5497 indicantis
2731 5451 2834 5506 est,
2865 5456 2924 5496 se
2955 5442 3198 5512 accipere
3223 5443 3462 5498 solitum.
3501 5442 3694 5499 Verum

2112 5535 2307 5591 Paulus
2335 5534 2550 5605 quidem
2582 5535 2775 5589 merito
2805 5533 3122 5604 accipiebat,
3156 5543 3359 5590 tantum
3388 5536 3569 5606 operis
3597 5537 3693 5589 Ita-

2109 5628 2241 5683 bens
2275 5644 2289 5680 :
2322 5627 2417 5682 sed
2460 5626 2550 5696 qui
2596 5625 2727 5679 nihil
2753 5634 2952 5695 agunt,
2991 5626 3259 5696 quomodo
3288 5637 3515 5698 possunt
3550 5626 3695 5681 acci-

2110 5717 2276 5787 pere?
2307 5719 2375 5771 At
2408 5731 2614 5786 preces,
2649 5716 2929 5787 inquiunt,
2982 5716 3166 5772 fundo.
3197 5717 3304 5773 Sed
3335 5733 3440 5773 non
3483 5718 3584 5772 hoc
3614 5725 3699 5773 cst

2109 5827 2243 5880 (tpllS
2275 5826 2288 5864 :
2333 5811 2457 5865 licet
2485 5808 2628 5867 enim
2661 5809 2710 5864 id
2740 5810 2902 5864 etiam
2936 5811 3095 5865 simul
3127 5827 3247 5865 cum
3292 5826 3455 5879 opere
3497 5810 3693 5864 facere.

2109 5901 2174 5956 At
2198 5900 2402 5972 jejuno.
2428 5899 2533 5958 Sed
2562 5914 2735 5973 neque
2761 5899 2861 5957 hoc
2880 5915 3013 5973 Opus
3033 5911 3135 5960 est.
3162 5899 3297 5958 Vide
3317 5901 3530 5957 beatum
3555 5899 3696 5956 hunc

3735 5346 3747 5431 ὲ
