4184 6494
505 365 613 424 289

510 471 782 544 πολλαχοῦ
834 472 1197 542 κηρύττοντά,
1231 468 1325 523 καὶ
1355 465 1744 539 ἐργαζόμενον.
1798 464 2083 532 Ὴκαιρεῖ-

505 568 617 619 σθε
665 561 752 625 δὲ,
784 559 935 629 φησί,
967 558 1033 610 Τί
1065 558 1215 610 ἐστιν
1240 596 1254 620 ,
1290 554 1661 622 ἰΙκαιρεῖσθε
1690 570 1710 618 ;
1746 553 1821 604 οὺ
1846 552 1944 619 τῆς
1982 553 2081 620 ρᾳ-

507 648 707 718 θυμίας
731 644 907 716 ὑμῶν,
933 643 1124 713 φησὶν,
1154 642 1290 695 ἀλλά
1314 640 1417 711 τῆς
1449 640 1696 709 ἀνάγκης
1720 655 1735 669 ο
1776 639 1875 691 οὐκ
1905 639 2083 706 εῐχετε

505 738 563 789 ἐν
597 735 804 806 χερσὶν,
854 732 974 786 οὐδὲ
1030 734 1086 784 ἐν
1144 731 1378 802 ἀφθονία
1415 725 1515 800 ἦτε
1541 745 1556 761 ο
1580 728 1738 781 τοῦτο
1777 728 1887 797 γάρ
1915 728 2081 790 ἐστιν,

516 821 878 889 Ἠκαιρεῖσθε
912 816 1002 872 δέ.
1049 817 1182 871 Ἀπὸ
1231 818 1330 887 τῆς
1380 817 1565 885 κοινῆς
1613 814 1743 868 αὐτὸ
1796 812 2083 881 συνηθείας

509 909 721 962 ἔλαϐεν.
763 906 920 960 Οῦτω
975 905 1080 975 γάρ
1124 906 1172 956 οἱ
1201 904 1420 966 πλείους
1444 903 1715 971 λέγουσιν,
1746 903 1873 955 ὅταν
1900 901 2083 963 αὐτοῖς

506 996 584 1065 μὴ
619 994 756 1065 μετά
786 992 1049 1061 ἀφθονίας
1077 992 1315 1061 ἐπιρρέῃ
1341 990 1410 1042 τά
1441 989 1671 1061 βιωτικά
1690 1029 1705 1052 ,
1736 988 1848 1041 ἀλλ’
1878 989 1936 1040 ἐν
1960 1003 2082 1039 στε-

501 1081 741 1152 νοχωρία
865 1081 989 1147 Οὐχ
1028 1078 1118 1131 ὅτι
1147 1079 1278 1132 καθ’
1306 1076 1645 1144 ὑστέρησιν
1684 1075 1857 1143 λέγω.
1891 1069 2079 1139 Εἶπον,

514 1168 704 1238 φησὶν,
750 1167 894 1233 Ἤδη
928 1164 1093 1229 ποτὲ,
1131 1166 1226 1217 καὶ
1263 1163 1595 1233 ἐπετίμησα,
1624 1162 1743 1232 οὐχὶ
1794 1161 1855 1212 τὸ
1907 1163 2078 1229 ἐμαυ-

500 1251 595 1305 τοῦ
653 1251 919 1324 ζητήσας,
943 1251 1067 1304 οὐδὲ
1097 1250 1185 1303 διὰ
1207 1248 1364 1301 τοῦτο
1392 1249 1764 1318 μεμφόμενος,
1803 1248 1878 1310 ὡς
1905 1248 1962 1298 ἐν
1993 1249 2081 1299 ἐν-

497 1339 616 1409 δείᾳ
642 1339 716 1391 ὥν
744 1354 758 1367 ’
791 1340 911 1393 ούδέ
964 1338 1069 1408 γάρ
1101 1337 1190 1390 διὰ
1218 1337 1377 1389 τοῦτο
1405 1335 1652 1405 ἐζήτουν.
1686 1336 1857 1388 Πόθεν
1889 1334 2045 1405 δῆλον
2064 1374 2079 1398 ,

498 1426 654 1479 ὃτιού
681 1425 999 1495 κομπάζεις,
1016 1419 1060 1476 ὦ
1080 1423 1258 1477 Παῦλε
1283 1440 1297 1489 ;
1321 1422 1628 1492 Κορινθίοις
1646 1423 1743 1492 μὲν
1765 1416 1856 1474 οὖν
1882 1438 2043 1490 φησιν
2062 1437 2077 1452 ο

494 1516 579 1568 Οὐ
602 1514 710 1584 γὰρ
749 1513 907 1566 ἄλλα
920 1512 1223 1581 γράφομεν
1240 1511 1398 1580 ὑμῖν,
1417 1510 1556 1565 ἀλλ’
1573 1510 1610 1579 ἢ
1629 1508 2081 1580 ἂιὶναγινώσκε-

497 1615 583 1665 τε,
597 1599 635 1668 ἢ
654 1600 750 1652 καί
764 1600 1207 1668 ἐπιγινώσκετε.
1227 1598 1334 1651 Καὶ
1351 1599 1443 1651 ἐπὶ
1458 1597 1662 1650 τούτων
1673 1597 1838 1651 δὲούκ
1850 1597 2078 1661 ἂν,ὥστε

499 1687 725 1748 ἁλῶναι,
754 1685 962 1754 ἔλεγεν.
995 1686 1108 1738 Οὐκ
1131 1684 1217 1750 ἂν,
1243 1685 1295 1737 εί
1319 1701 1382 1752 γε
1409 1683 1711 1755 ἐκόμπαζε,
1729 1681 1903 1737 ταῦτα
1923 1679 2042 1736 εἷπε
2062 1699 2076 1712 ·

510 1773 664 1845 παρά
719 1773 827 1845 γάρ
863 1773 1060 1825 εἰδόσιν
1104 1772 1279 1840 ἔλεγε,
1304 1773 1399 1825 καὶ
1440 1771 1638 1825 πλείων
1667 1768 1735 1843 ἦν
1771 1773 1803 1840 ἡ
1847 1771 2078 1842 αἰσχύνη

497 1861 725 1914 ἁλῶναι.
771 1860 914 1929 Ἐγὼ
954 1861 1064 1929 γὰρ
1094 1859 1319 1929 ἔμαθον
1336 1860 1406 1912 ἐν
1438 1856 1529 1926 οἷς
1556 1862 1692 1929 εἰμι,
1735 1861 1918 1929 φησὶν,
1941 1863 2081 1912 αὐτ-

497 1947 685 2017 άρκης
735 1944 911 2001 εἶναι.
949 1949 1091 2017 Ἀρα
1137 1947 1486 2009 διδασκαλίας
1551 1946 1668 1999 ἐστὶ
1717 1946 1778 1999 τὸ
1821 1949 2077 2017 πρᾶγμα,

498 2037 593 2088 καὶ
639 2035 947 2104 γυμνασίας
992 2035 1086 2087 καὶ
1132 2033 1383 2104 μελέτης.
1421 2034 1493 2085 Οὐ
1529 2033 1639 2104 γάρ
1670 2034 2079 2104 εύκατόρθωτόν

497 2128 672 2192 ἐστιν,
700 2126 838 2179 ἀλλά
863 2125 958 2178 καὶ
994 2124 1201 2195 σφόδρα
1223 2124 1482 2178 δύσκολον
1510 2126 1603 2177 καὶ
1644 2124 1805 2177 πόνον
1832 2124 1955 2195 ἔχον
1978 2142 2077 2177 πο-

495 2209 612 2264 λύν.
667 2211 769 2265 Ἑν
809 2206 899 2277 οἷς
957 2213 1094 2281 είμι,
1126 2211 1311 2279 φησὶν,
1343 2210 1646 2278 αὐτάρκης
1702 2206 1879 2264 εἶναι.
1934 2206 2080 2264 Οἶδα

497 2300 599 2353 καὶ
632 2300 1087 2364 ταπεινοῦσθαι,
1117 2294 1253 2352 οῖδα
1275 2296 1374 2351 καί
1398 2298 1785 2365 περισσεύειν
1807 2314 1820 2327 ο
1843 2299 1912 2350 ἐν
1932 2315 2080 2351 παν-

496 2386 553 2439 τὶ
580 2387 677 2439 καί
703 2387 773 2440 ἐν
815 2385 965 2440 πᾶσι
1018 2387 1342 2456 μεμύημαι.
1388 2385 1674 2450 Τουτέστι,
1724 2386 1833 2439 Καὶ
1878 2385 2079 2453 ὀλίγοις

497 2473 801 2543 κεχρῆσθαι
839 2470 975 2537 οἴδα,
1029 2475 1123 2526 καὶ
1176 2473 1333 2542 λιμὸν
1382 2472 1568 2543 ὶρέρειν
1603 2474 1695 2525 καὶ
1715 2472 1940 2525 ἔνδειαν.
1969 2473 2077 2526 Καὶ

496 2563 905 2629 περισσεύειν,
936 2560 1035 2615 καὶ
1072 2561 1476 2629 ὑστερεῖσθαι.
1528 2561 1657 2624 Ναὶ,
1694 2561 1859 2631 φησίν
1887 2576 1899 2590 °
1942 2561 2080 2617 ἀλλὰ

493 2649 654 2702 τοῦτο
695 2650 794 2703 οὐκ
827 2648 975 2702 ἔστιν
1029 2649 1368 2719 ἐπιστήμης,
1406 2647 1595 2720 ὥσπερ
1617 2648 1735 2703 οὐδὲ
1762 2649 1985 2720 ἀρετῆς,
2018 2650 2081 2703 τὸ

495 2735 861 2805 περισσεύειν.
936 2736 1050 2789 Καὶ
1120 2735 1326 2806 σφόδρα
1373 2735 1609 2807 ἀρετῆς,
1667 2738 1765 2806 οὐχ
1821 2732 1981 2808 ἦττον
2043 2736 2076 2807 ἢ

497 2825 694 2877 ἐκεῖνο.
724 2824 851 2888 Πῶς
882 2841 898 2890 ;
932 2825 1055 2876 Ὅτι
1100 2823 1291 2894 ὥσπερ
1321 2826 1354 2893 ἡ
1399 2825 1732 2894 στενοχωρία
1769 2825 1938 2877 πολλά
1976 2841 2076 2877 πα-

499 2912 831 2982 ρασκευάζει
853 2911 1001 2964 κακά
1030 2914 1226 2972 ποιεῖν,
1260 2910 1404 2963 οὓτω
1425 2911 1519 2963 καὶ
1544 2913 1577 2981 ή
1612 2911 1920 2982 πλησμονή.

569 3021 636 3092 β’.
672 3020 861 3074 Πολλοὶ
894 3022 1002 3089 γὰρ
1019 3018 1279 3083 πολλάκις
1309 3020 1366 3072 ἐν
1387 3018 1619 3092 ἀφθονίᾳ
1651 3021 1952 3090 γενόμενοι,
1987 3023 2081 3091 ῥᾳ-

497 3110 785 3183 θυμότεροι
808 3112 1075 3181 ἐγένοντο,
1105 3111 1199 3162 καλ⁸
1221 3111 1320 3163 οὐκ
1346 3109 1590 3180 ἔγνωσαν
1613 3113 1855 3178 ἐνεγκεῖν
1878 3111 1975 3181 τὴν
1992 3113 2081 3163 εύ-

496 3202 736 3275 πραγίαν
757 3218 769 3232 ⁸
804 3202 991 3256 πολλοὶ
1027 3202 1289 3265 πολλάκις
1326 3202 1579 3272 ἀφορμὴν
1619 3201 1808 3255 ἔλαϐον
1837 3202 1931 3255 τοῦ
1973 3220 2078 3273 μη-

497 3298 615 3352 κέτι
655 3296 1005 3369 ἐργάζεσθαι.
1051 3295 1189 3348 Ἀλλ’
1220 3296 1320 3365 οὐχ
1353 3296 1381 3347 ὁ
1412 3294 1621 3358 Παῦλος
1642 3310 1653 3322 ·
1684 3296 1777 3347 καὶ
1806 3296 1913 3365 γὰρ
1947 3295 2081 3364 λαμ-

498 3391 679 3447 ϐάνων
716 3392 795 3454 εἰς
826 3389 1019 3452 ἄλλους
1053 3387 1311 3458 ἀνήλισκε
1332 3427 1348 3453 ,
1382 3388 1478 3441 καὶ
1518 3387 1595 3449 είς
1635 3386 1827 3450 ἄλλους
1871 3387 2079 3439 ἐκένου.

498 3482 672 3537 Τοῦτο
710 3482 766 3536 δέ
800 3484 948 3535 ἐστιν
981 3480 1181 3533 εἰδέναι
1223 3478 1404 3543 καλῶς
1452 3477 1757 3549 κεχρῆσθαι
1799 3476 1876 3547 τῷ
1914 3477 2077 3547 ἔχειν.

498 3574 635 3646 Οὐχὶ
672 3573 918 3644 διεχεῖτο,
951 3572 1073 3626 οὐδὲ
1101 3570 1316 3642 ἔχαιρεν
1345 3570 1439 3625 ἐπὶ
1470 3573 1536 3641 τῇ
1574 3569 1861 3640 περισσεία
1892 3568 2077 3633 αὑτοῦ,

496 3667 615 3722 ἀλλ’
646 3668 756 3731 ἴσος
785 3663 853 3738 ἦν
882 3667 939 3719 ἔν
966 3683 1027 3719 τε
1058 3664 1257 3736 ἐνδείᾳ,
1284 3663 1342 3718 ἔν
1368 3680 1428 3717 τε
1460 3661 1769 3733 πλησμονῇ,
1796 3659 1919 3714 οὔτε
1943 3662 2082 3713 ἐκεῖ·

499 3760 594 3812 θεν
622 3759 965 3828 πιεζόμενος,
987 3757 1112 3811 οὔτε
1137 3756 1385 3810 ἐντεῦθεν
1404 3754 1603 3826 χαυνού
1613 3771 1794 3824 μενος.
1818 3754 1924 3809 Καὶ
1948 3770 2083 3822 χορ-

497 3846 794 3910 τάζεσθαι,
817 3848 1001 3917 φησὶν,
1033 3842 1167 3899 οἶδα
1187 3844 1285 3898 καὶ
1311 3842 1550 3910 πεινᾷν,
1576 3844 1671 3897 καὶ
1699 3845 2083 3911 περισσεύειν

500 3937 601 3991 καί
627 3935 1027 4004 ὑστερεῖσθαι.
1063 3936 1253 3990 Πολλοὶ
1272 3938 1371 3989 οὐκ
1397 3936 1542 3987 ῑσασι
1569 3933 1947 4005 χορτάζεσθαι,
1970 3928 2081 3987 οἷον

499 4029 555 4084 οἱ
593 4029 956 4100 Ἰσραηλῖταιο
986 4030 1182 4082 ἐκεῖνοι
1232 4028 1341 4097 γὰρ
1373 4026 1576 4095 ἔφαγον
1602 4066 1616 4089 ,
1655 4028 1749 4079 καὶ
1793 4026 2084 4079 ἀπελάκτι-

504 4133 625 4172 dav.
669 4118 806 4171 Ἀλλ’
839 4119 933 4172 ἐπὶ⁵
963 4120 1063 4189 τῆς
1097 4119 1265 4189 αὐτῆς
1291 4116 1543 4181 εὐταξίας
1602 4116 1712 4186 ἐγὼ
1749 4117 1915 4188 μένω.
1955 4118 2075 4170 Δεί-

504 4225 691 4263 κνυσιν
719 4211 801 4263 ὅτι
829 4208 951 4263 οὔτε
982 4209 1079 4263 νῦν
1104 4208 1268 4279 ἥσθη,
1303 4208 1427 4261 οὕτε
1450 4209 1712 4279 πρότερον
1731 4209 1999 4263 ἐλυπεῖτφ
2034 4212 2083 4263 εἰ

501 4298 562 4353 δὲ
581 4300 673 4352 καὶ
692 4300 961 4362 ἐλυπεῖτο,
989 4300 1089 4351 οὐκ
1108 4296 1273 4351 αὐτοῦ
1302 4297 1508 4362 ⁹ιένεκεν,
1541 4297 1655 4352 ἀλλ’
1678 4298 1858 4353 αὐτῶν
1882 4316 1895 4332 ·
1923 4300 2083 4363 αύτὸς

503 4389 614 4460 γὰρ
638 4388 840 4460 ὁμοίως
865 4388 1115 4441 διέκειτο.
1153 4389 1256 4442 Ἐν
1279 4388 1481 4453 παντὶ,
1517 4391 1669 4459 φησὶ,
1704 4389 1801 4443 καὶ
1825 4390 1897 4443 ἐν
1932 4388 2084 4445 πᾶσι

499 4481 825 4550 μεμύημαι.
859 4479 1123 4532 Τουτέστι
1144 4518 1159 4544 ,
1195 4479 1406 4551 Πεϊραν
1440 4480 1631 4532 ἔλαϐον
1674 4484 1731 4534 ὲν
1779 4482 1855 4551 τῷ
1889 4481 2085 4553 μακρῷ

504 4570 681 4641 τούτῳ
725 4569 876 4643 [512]
914 4571 1092 4642 χρόνῳ
1121 4571 1340 4623 πάντων
1363 4610 1378 4636 ,
1429 4572 1523 4625 καὶ
1565 4572 1739 4625 ταῦτά
1790 4590 1879 4643 μοι
1908 4575 2085 4628 πάντα

506 4662 883 4734 κατώρθωται.
927 4662 1067 4715 Ἀλλ’
1110 4662 1301 4733 ἐπειδὴ
1337 4662 1707 4736 μεγαληγορία
1753 4666 1813 4717 τὸ
1854 4665 2085 4736 πρᾶγμα

505 4751 594 4828 ἦν,
612 4756 714 4827 ὅρα
733 4755 848 4819 πῶς
868 4754 1293 4827 ἐπιλαμϐάνεται
1318 4754 1546 4828 ταχέως,
1568 4757 1661 4810 καί
1692 4774 1824 4827 φησι
1844 4774 1858 4788 ο
1882 4757 2087 4812 Πάντα

507 4850 699 4918 ἰσχύω
730 4848 800 4903 ἐν
823 4846 904 4915 τῷ
931 4847 1368 4919 ἐνδυναμοῦντί
1383 4866 1460 4919 με
1485 4850 1735 4918 Χριστῷ,
1761 4850 1942 4919 φησίν.
1976 4851 2088 4903 Ούκ

508 4938 642 5009 ἐμὸν
676 4938 743 4992 τὸ
770 4941 1101 5011 κατόρθωμα
1123 4982 1137 5007 ,
1168 4940 1306 4994 ἀλλά
1334 4938 1429 4992 τοῦ
1466 4940 1565 5011 τὴν
1602 4941 1756 5011 ἰσχὺν
1796 4941 2090 5005 δεδωκότος

509 5030 678 5084 ἐστίν.
724 5030 863 5083 Ἀλλ’
888 5031 1076 5101 ἐπειδὴ
1108 5032 1267 5085 πάλιν
1300 5035 1348 5085 οἱ
1373 5028 1433 5086 εὖ
1465 5031 1763 5097 ποιοῦντες,
1794 5032 1922 5086 ὃταν
1961 5033 2088 5086 ἴδω-

512 5137 598 5173 σιν
633 5121 694 5173 ού
727 5120 1096 5191 διατιθέμενον
1126 5117 1185 5175 εὖ
1219 5123 1309 5175 τὸν
1336 5121 1685 5192 λαμϐάνοντα
1707 5161 1722 5187 ,
1760 5122 1895 5175 ἁλλά
1924 5138 2091 5176 κατα-

512 5209 812 5283 φρονοῦντα
830 5210 936 5264 τῶν
949 5211 1258 5282 δ.δομένων,
1284 5212 1639 5283 ρᾳθυμότεροι
1659 5213 1916 5281 γίνονται·
1940 5214 2091 5266 αὐτοὶ

511 5304 624 5375 γάρ
653 5303 728 5368 ὼς
769 5303 1115 5374 χαριζόμενοι
1151 5304 1409 5357 διέκειντο
1436 5306 1530 5357 καὶ
1568 5305 1939 5368 ἀναπαύοντες
1960 5322 1973 5336 ’
2007 5306 2093 5359 ἵνα

513 5390 608 5447 οὖν
645 5394 721 5464 μὴ
745 5395 903 5447 τοῦτο
930 5395 1177 5464 γένηται,
1205 5396 1336 5465 μηδέ
1366 5413 1449 5458 τις
1470 5396 1619 5469 εἴπῃ,
1646 5396 1728 5448 ὅτι
1745 5397 1901 5465 Ἐπεὶ
1923 5415 2092 5449 κατα·-

516 5490 705 5556 φρονεῖ
754 5486 852 5556 τῆς
900 5485 1260 5549 ἀναπαύσεως
1312 5485 1553 5550 Παῦλος,
1611 5486 1823 5557 ἀνάγκη
1871 5487 2093 5551 τούτους

521 5576 925 5647 ρᾳθυμοτέρους
956 5576 1241 5644 γενέσθαι·
1288 5578 1391 5647 ὅρα
1432 5577 1547 5641 πῶς
1594 5578 1753 5631 πάλιν
1798 5579 1891 5631 καὶ
1938 5578 2095 5631 τοῦτο

524 5664 687 5718 ίᾶται.
734 5670 831 5719 Διά
862 5668 960 5736 μὲν
1000 5666 1107 5737 γὰρ
1138 5667 1246 5720 τῶν
1279 5666 1584 5739 εἰρημένων
1617 5667 1676 5719 τὸ
1703 5667 1957 5738 φρόνημα
1992 5668 2087 5719 αὖ·

522 5751 631 5810 τῶν
676 5755 982 5811 κατέσπασε
1010 5774 1022 5789 ο
1079 5756 1167 5811 διὰ
1211 5757 1267 5811 δὲ
1320 5758 1427 5813 τῶν
1467 5758 1592 5828 ἐξῆς
1637 5759 1734 5829 τὴν
1789 5758 2093 5830 προθυμίαν

1245 356 1296 411 S.
1334 353 1620 412 JOANNIS
1657 349 2141 409 CHRYSOSTOMI
2181 350 2496 407 ARCIIIEP.
2536 349 3080 408 CONSTANTINOP.

3656 357 3764 412 9.90

2192 464 2372 519 αὐτῶν
2401 465 2605 536 ἀναζῇν
2649 467 2810 529 ποιεῖ,
2844 464 3017 532 λέγων
3045 482 3058 496 ·
3103 466 3278 532 Πλὴν
3319 466 3518 533 καλῶς
3559 468 3761 537 ἐποιή-

2190 572 2337 610 σατε
2363 556 2966 625 συνκοινωνήσαντές
2985 575 3104 626 μου
3126 555 3201 624 τῇ
3223 558 3442 625 θλίψει.
3480 559 3643 630 Ὁρᾷς
3673 562 3765 613 καὶ

2192 647 2308 709 πῶς
2337 648 2643 716 ἀπέστησεν
2666 649 2876 715 ἐαυτὸν,
2905 650 2999 702 καὶ
3025 648 3142 711 πῶς
3172 648 3334 701 πάλιν
3362 650 3536 718 ἤνωσε
3557 667 3573 717 ;
3596 650 3766 703 Τοῦτο

2190 738 2418 807 γνησίας
2441 738 2621 806 φιλίας
2646 740 2761 792 ἐστὶ
2784 740 2878 792 καὶ
2896 739 3293 809 πνευματικῆς.
3320 739 3409 811 Μὴ
3427 743 3535 810 γὰρ
3555 741 3759 810 ἐπειδὴ.

2191 828 2378 899 φησὶν,
2416 831 2473 882 ἐν
2512 832 2671 902 χρείᾳ
2698 832 2760 883 ού
2790 830 3126 901 καθέστηκα,
3154 833 3409 902 νομίσητε
3452 834 3524 902 μὴ
3559 833 3765 885 δεῖσθαί

2193 936 2259 988 με
2299 920 2392 973 τοῦ
2425 923 2748 991 πράγματος
2773 938 2787 951 ·
2820 922 3011 991 δέομαι
3051 924 3119 976 δι’
3150 924 3316 992 ὑμᾶς.
3356 924 3476 986 Πῶς
3506 921 3598 977 οὖν
3625 926 3767 976 ἐκοι-

2189 1009 2436 1080 νώνησαν
2465 1011 2613 1076 αὐτῷ
2643 1012 2749 1065 τῶν
2789 1012 3054 1082 θλίψεων;
3095 1014 3195 1067 Διά
3227 1014 3452 1067 τούτου³
3494 1016 3630 1085 ὅπερ
3671 1018 3766 1069 καὶ
3850 1060 3861 1065 -

2187 1101 2555 1174 δεσμούμενος
2583 1104 2755 1173 ἔλεγε,
2782 1108 3230 1175 Συγκοινωνούς
3246 1125 3367 1177 μου
3388 1106 3499 1175 τῆς
3530 1106 3765 1175 χάριτος

2188 1194 2420 1261 πάντας
2466 1195 2640 1262 ὑμᾶς.
2676 1197 2850 1269 Χάρις
2882 1197 2990 1268 γάρ
3026 1199 3141 1252 ἐστι
3173 1199 3234 1252 τὸ
3268 1198 3463 1253 παθεῖν
3494 1202 3631 1271 ὑπὲρ
3671 1199 3765 1258 τοῦ

2188 1285 2425 1356 Χριστοῦ
2448 1326 2460 1347 ,
2496 1286 2572 1352 ὦς
2603 1304 2705 1341 που
2736 1288 2831 1342 καὶ
2868 1290 3029 1355 αὑτός
3057 1308 3220 1361 φησιν
3239 1308 3254 1322 ο
3301 1292 3431 1346 Ὀτι
3464 1295 3606 1363 ὑμῖν
3630 1297 3766 1365 ἐχα-

2179 1375 2363 1444 ρίσθη
2383 1378 2500 1431 ἀπὸ
2530 1380 2695 1444 Θεοῦ,
2726 1382 2798 1434 ού
2810 1383 3001 1450 μόνον
3032 1382 3098 1435 τὸ
3120 1385 3206 1449 εἰς
3228 1383 3414 1437 αὐτὸν
3434 1387 3761 1447 πιστεύειν,

2186 1464 2348 1518 ἀλλὰ
2388 1468 2483 1519 καὶ
2527 1468 2593 1521 τὸ
2638 1468 2787 1537 ὑπὲρ
2838 1471 3024 1525 αὐτοῦ
3064 1471 3347 1541 πάσχειν.
3393 1474 3611 1545 Ἐπειδὴ
3656 1475 3765 1546 γὰρ

2187 1554 2370 1608 ἐκεῖνα
2414 1559 2724 1630 καταμόνας
2771 1561 3039 1631 λεγόμενα
3081 1562 3319 1632 ἀλγῆσαι
3368 1563 3564 1627 αὐτοὺς
3602 1566 3764 1619 ίκανά

2186 1642 2276 1717 ἦν,
2312 1649 2398 1701 διὰ
2424 1649 2580 1703 τοῦτο
2613 1650 2903 1722 θεραπεύει
2943 1653 3037 1706 καὶ
3076 1654 3401 1725 ἀποδέχεται
3435 1656 3529 1709 καλ⁵
3553 1658 3766 1709 ἐπαινεῖ

2187 1735 2367 1800 πάλιν,
2400 1739 2493 1789 καὶ
2530 1737 2690 1791 τοῦτο
2724 1742 3177 1812 μεμετρημένως.
3210 1745 3284 1797 Οὐ
3310 1744 3419 1816 γὰρ
3446 1740 3566 1797 εἶπε
3588 1786 3603 1811 ,
3637 1745 3765 1798 Δόν⁹

2187 1841 2297 1887 τες,
2329 1826 2495 1889 ἀλλά,
2531 1831 3157 1900 Συγκοινωνήσαντες,
3192 1835 3406 1899 δεικνὺς
3433 1837 3630 1900 αὐτοὺς
3669 1826 3764 1891 καὶ

2188 1917 2571 1987 κερδάναντας,
2597 1921 2650 1972 εἴ
2673 1938 2734 1989 γε
2756 1924 2864 1975 τῶν
2891 1924 3066 1978 ἄθλων
3086 1927 3333 1994 ἐγένοντο
3359 1929 3623 1985 κοινωνοί.
3648 1929 3765 1984 Οὐκ

2186 2004 2357 2066 εἶπεν,
2394 2007 2879 2077 Ἐπικουφίσαντές
2913 2031 3015 2083 μου
3051 2014 3149 2078 τὰς
3182 2016 3408 2085 θλίψεις,
3432 2018 3766 2087 ἀλλά,Συτ·

2186 2098 2669 2167 κοινωνήσαντές
2706 2120 2829 2171 μου
2884 2103 2958 2172 τῇ
3002 2108 3235 2174 θλίψει,
3283 2110 3419 2180 ὅπερ
3455 2105 3525 2180 ἦν
3572 2109 3768 2181 σεμνό-

2185 2205 2360 2259 τερον.

2270 2285 2430 2355 ⁹Ορᾷς
2457 2285 2519 2337 τὸ
2548 2283 2799 2338 ταπεινὸν
2830 2285 3042 2338 Παύλου
3066 2303 3081 2353 ;
3110 2288 3241 2358 ὁρᾷς
3264 2288 3326 2341 τὸ
3350 2290 3603 2357 εὐγενές;
3630 2290 3764 2347 Ὅτε

2186 2372 2383 2441 ἔδειξεν
2411 2375 2564 2429 οὐδὲν
2602 2374 2858 2447 δεόμενον
2891 2376 2999 2429 τῶν
3028 2379 3158 2447 παρ’
3202 2379 3424 2433 ἐκείνων
3454 2379 3620 2434 αὐτοῦ
3647 2382 3767 2436 ἔνε-
3844 2374 3847 2375 ν

2186 2483 2301 2529 κεν,
2349 2465 2469 2518 τότε
2508 2466 2693 2520 λοιπὸν
2736 2466 2907 2529 ἀδεῶς
2936 2469 3030 2520 καὶ¹
3057 2472 3289 2522 ταπεινά
3335 2470 3631 2540 φθέγγεται
3665 2474 3765 2544 ῥή-

2184 2573 2362 2627 οματα,
2386 2558 2477 2609 καὶ
2512 2557 2653 2628 ἅπερ
2678 2559 2727 2611 οί
2761 2558 3178 2629 προσαιτοῦντες
3205 2561 3477 2629 λέγουσιν,
3522 2563 3616 2626 Ὠς
3646 2564 3767 2628 ἔθος

2186 2647 2330 2718 ἔχεις
2368 2649 2587 2703 διδόναι.
2633 2649 2800 2702 Οὐδὲν
2844 2649 2952 2721 γὰρ
2994 2655 3340 2720 παραιτεῖται
3384 2652 3509 2707 οὔτε
3550 2658 3763 2722 ποιεῖν,

2185 2737 2308 2792 οὔτε
2340 2739 2539 2808 λέγειν,
2568 2741 2703 2812 πρὸς
2734 2742 2795 2795 τὸ
2826 2743 3008 2813 μόνον,
3040 2744 3069 2797 ὃ
3097 2743 3368 2814 βούλεται,
3401 2746 3764 2818 κατορθῶσαι.

2187 2830 2252 2884 Τί
2301 2831 2359 2885 δὲ
2390 2832 2550 2886 τοῦτό
2589 2834 2740 2899 ἐστι;
2773 2833 2864 2904 Μὴ
2899 2835 3159 2907 νομίσητε
3182 2876 3196 2900 ,
3230 2838 3431 2907 φησὶν,
3481 2840 3769 2908 ἀναισχυν-

2185 2923 2306 2987 τίας
2330 2919 2469 2977 εἶναι
2501 2925 2568 2977 τά
2600 2926 2839 2996 ῥήματα,
2871 2926 2932 2978 τὸ
2965 2928 3237 2995 ἐγκαλεῖν,
3266 2930 3358 2981 καὶ
3383 2929 3583 2999 λέγειν,
3616 2930 3767 3000 Ἤδη

2187 3014 2333 3068 ποτὲ
2376 3015 2698 3070 ἀνεθάλετε
2719 3053 2734 3079 ,
2767 3017 2859 3069 καὶ
2908 3016 3003 3071 τοῦ
3038 3020 3096 3073 ἐν
3144 3019 3304 3092 χρεία
3342 3015 3482 3075 εἶναι
3505 3038 3521 3054 θ
3556 3022 3618 3076 οὐ
3660 3024 3769 3094 γὰρ

2186 3104 2439 3176 δεόμενος
2463 3107 2637 3161 ταῦτα
2658 3108 2822 3177 λέγω,
2860 3109 2994 3165 ἀλλά
3024 3111 3078 3163 τί
3101 3128 3115 3175 ;
3158 3110 3253 3165 Ἐκ
3279 3110 3374 3165 τοῦ
3404 3113 3612 3185 σφόδρα
3638 3115 3770 3187 θαρ-

2190 3199 2304 3267 ρεῖν
2343 3199 2471 3268 ὑμῖν
2497 3215 2509 3230 ι
2548 3200 2641 3253 καὶ
2681 3200 2872 3254 τούτου
2921 3201 2977 3255 δὲ
3013 3198 3171 3273 ὑμεῖς
3208 3202 3391 3261 αἴτιοι.
3436 3205 3600 3278 Ὁρᾷς
3650 3207 3770 3271 πῶς

2192 3292 2387 3353 αὐτοὺς
2419 3291 2733 3363 θεραπεύει,
2754 3295 2847 3348 καὶ
2877 3295 2992 3359 πῶς
3010 3313 3195 3367 φησιν,
3226 3296 3415 3367 Ὑμεῖς
3447 3299 3631 3365 αἴτιοι,
3665 3300 3771 3369 πρὸ

2188 3383 2296 3436 τῶν
2321 3383 2494 3437 ἀλλων
2524 3382 2965 3456 ἐπιπηδήσαντες
2991 3386 3069 3457 τῷ
3100 3388 3406 3459 πράγματι,
3443 3390 3534 3443 καὶ
3557 3392 3775 3462 παρρη-

2191 3475 2310 3528 σίαν
2350 3476 2480 3546 ἡμῖν
2512 3475 2693 3539 δόντες
2723 3477 2864 3547 ὑπὲρ
2893 3476 3002 3530 τῶν
3036 3477 3292 3532 τοιούτων
3335 3480 3771 3552 ὑπομιμνήσκειν

2189 3565 2370 3636 ύμᾶςς
2421 3567 2531 3619 Καὶ
2560 3566 2657 3619 θέα
2691 3567 2752 3620 τὸ
2801 3568 3032 3639 σεμνόν·
3080 3569 3155 3641 μὴ
3199 3570 3480 3641 πέμπουσι
3539 3571 3638 3643 μὲν
3671 3572 3770 3626 οὐκ

2188 3655 2441 3725 ἐγκαλεῖ,
2479 3656 2564 3709 ἵνα
2609 3656 2684 3728 μὴ
2712 3656 2836 3729 δόξῃ
2865 3658 2925 3710 τὸ
2964 3658 3160 3713 ἑαυτοῦ
3191 3659 3511 3728 θεραπεύειν
3533 3676 3548 3692 ⁸
3582 3661 3771 3733 ἐπειδὴ

2187 3748 2245 3802 δὲ
2272 3748 2556 3819 ἔπεμψαν,
2584 3750 2704 3804 τότε
2734 3750 3069 3822 ἐπετίμησεν
3100 3751 3241 3825 ὑπὲρ
3276 3752 3369 3805 τοῦ
3406 3754 3771 3824 παρελθόντος

2190 3840 2403 3910 χρόνου,
2444 3840 2538 3893 καὶ
2568 3840 2804 3911 ἧνεγκαν
2833 3857 2844 3867 ·
2878 3840 3063 3894 λοιπὸν
3096 3840 3248 3913 [515]
3275 3842 3384 3913 γὰρ
3406 3844 3507 3896 οὐκ
3532 3842 3597 3896 ἂν
3624 3843 3767 3910 ἔδοξε

2189 3931 2249 3984 τὸ
2283 3928 2446 3983 αὐτοῦ
2485 3929 2831 4000 θεραπεύειν.
2859 3931 3089 3995 Οἴδατε,
3129 3933 3284 4003 φησὶ,
3322 3932 3422 3987 καί
3458 3933 3644 4003 ὑμεῖς,
3676 3937 3772 3986 σοι.

2188 4021 2542 4087 λιππήσιοι,
2593 4021 2681 4076 ὄτι
2732 4023 2803 4076 ἐν
2851 4022 3012 4092 ἀρχῇ
3070 4023 3177 4077 τοῦ
3232 4025 3622 4094 εὐαγγελίου,
3671 4025 3770 4078 ὅτε

2188 4112 2453 4181 ἐξῆλθον
2468 4113 2583 4167 ἀπὸ
2608 4112 3002 4179 Μακεδονίας.
3031 4114 3283 4183 οὐδεμία
3300 4132 3404 4184 μοι
3444 4116 3770 4184 Ἐκκλησία

2190 4203 2598 4272 ἐκοινώνησεν
2620 4207 2707 4270 είς
2728 4206 2913 4275 λόγον
2933 4204 3161 4270 δόσεως
3182 4208 3281 4260 καὶ
3312 4204 3578 4274 λήψεως,
3603 4209 3656 4261 ει
3678 4207 3767 4275 μὴ

2190 4296 2362 4365 ὑμεῖς
2388 4298 2585 4366 μόνοι.
2616 4295 2806 4362 Βαϐαὶ,
2838 4296 3021 4367 ἡλίκον
3051 4296 3112 4350 τὸ
3146 4296 3455 4367 ἐγκώμιονῐ
3487 4297 3632 4365 εἴγε
3665 4300 3771 4350 Κο-

2193 4388 2386 4459 ρίνθιοι
2430 4391 2530 4459 μὲν
2562 4391 2625 4442 ἐκ
2675 4388 2768 4443 τοῦ
2805 4388 3024 4443 ἀκούειν
3073 4390 3259 4443 ἐκεῖνα
3298 4391 3427 4460 παρ’
3474 4390 3641 4443 αὐτοῦ
3668 4388 3769 4442 ’καὶ

2204 4481 2461 4552 Ῥωμαῖοι
2504 4482 2926 4553 προτρέπονται,
2963 4474 3108 4536 οὗτοι
3138 4481 3195 4535 δὲ
3235 4483 3491 4553 οὐδεμιᾶς
3538 4482 3772 4553 Ἐκκλη-

2195 4574 2313 4637 σίας
2354 4570 2666 4644 ἀρξαμένης
2704 4573 2834 4645 (καὶ
2861 4576 2991 4645 γὰρ,
3040 4575 3145 4627 Ἐν
3181 4573 3340 4642 ἀρχῇ
3370 4573 3479 4629 τοῦ
3513 4576 3773 4643 Εὐαττε-

2192 4665 2364 4726 λίου,
2405 4664 2606 4734 φησὶ),
2636 4664 2903 4736 τοσαύτην
2942 4664 3069 4737 περὶ
3118 4665 3209 4718 τὸν
3239 4665 3393 4734 ἀγιον
3430 4664 3774 4729 ἐπεδείξαντο

2195 4754 2450 4825 σπουδὴν,
2486 4754 2561 4818 ὡς
2595 4755 2730 4826 μηδὲ
2763 4754 3115 4826 παράδειγμα
3156 4755 3405 4825 ἔχοντες,
3438 4756 3593 4808 αὐτοὶ
3622 4756 3774 4827 πρῶη

2194 4866 2275 4903 τοι
2324 4846 2424 4916 τῆς
2473 4847 2852 4919 καρποφορίας
2902 4844 3173 4916 ἄρξασθαι
3221 4847 3445 4918 ταύτης.
3507 4847 3617 4901 Καὶ
3673 4848 3773 4900 οὐκ

2196 4942 2342 4995 ἔστιν
2377 4943 2583 5004 εἰπεῖν,
2626 4940 2708 4993 ὅτι
2754 4938 3125 5010 παραμένοντι
3156 4939 3306 5009 αὐτῷ
3338 4939 3459 4991 οὐδὲ
3491 4940 3601 4993 τῶν
3634 4939 3771 5008 πρὸς

2197 5035 2394 5098 αὐτοὺς
2428 5034 2615 5086 ἔνεκεν
2653 5029 2826 5085 ταῦτα
2857 5030 3072 5084 ἐποίουν
3095 5046 3108 5062 ·
3162 5029 3301 5083 Ὅτε
3333 5029 3600 5098 ἐξῆλθον
3634 5030 3772 5100 γὰρ,

2197 5128 2392 5198 φησὶν,
2431 5124 2550 5180 ἀπὸ
2588 5123 2995 5189 Μακεδονίας,
3021 5122 3269 5188 οὐδεμία
3298 5138 3400 5191 μοι
3442 5122 3776 5190 Ἐκκλησία

2196 5216 2598 5285 ἐκοινώνησεν
2621 5219 2708 5280 εις
2734 5214 2921 5285 λόγον
2950 5214 3176 5281 δόσεως
3197 5218 3297 5268 καὶ
3319 5212 3584 5283 λήψεως,
3611 5219 3663 5270 εὶ
3686 5217 3774 5285 μὴ

2197 5310 2367 5380 ὑμεῖς
2386 5310 2582 5379 μόνοι.
2621 5308 2686 5360 Τί
2716 5308 2853 5369 ἐστι,
2885 5305 3173 5375 Λήψεωςς
3199 5308 3250 5359 τί
3278 5306 3335 5360 δέ
3359 5309 3539 5371 ἐστιν,
3588 5310 3776 5361 Ἑκοι-

2197 5400 2468 5467 νώνησε;
2500 5399 2587 5453 διὰ
2615 5398 2668 5451 τί
2697 5397 2770 5468 μὴ
2802 5393 2955 5451 εἶπεν
2975 5436 2990 5460 ,
3025 5397 3107 5450 ὅτι
3144 5398 3381 5469 Οὐδεμία
3419 5417 3509 5466 μοι
3551 5397 3777 5468 Ἐκκλη·

2202 5493 2293 5547 σία
2326 5492 2543 5555 ἔδωκεν,
2574 5490 2709 5553 ἀλλ’,
2757 5490 3190 5557 Ἐκοινώνησεν
3228 5492 3315 5555 είς
3341 5493 3529 5559 λόγον
3551 5489 3779 5555 δόσεως

2201 5584 2300 5639 καὶ
2339 5582 2622 5652 λήψεως;
2676 5582 2945 5635 Κοινωνία
2980 5586 3087 5651 γὰρ
3125 5582 3184 5635 τὸ
3225 5581 3458 5652 πρᾶγμά
3493 5583 3659 5637 ἐστιν.
3710 5584 3779 5635 ει

2202 5676 2311 5745 γὰρ
2339 5676 2507 5744 ἡμεῖς
2543 5673 2613 5728 τὰ
2650 5671 3021 5742 πνευματικὰ
3058 5674 3231 5743 ὑμῖν,
3268 5672 3462 5743 φησὶν,
3501 5672 3779 5741 ἐσπείρα-

2198 5784 2334 5838 μεν,
2372 5767 2428 5821 τί
2453 5766 2627 5836 μέγα,
2664 5767 2716 5819 εὶ
2756 5765 2924 5835 ἡμεῖς
2952 5765 3022 5819 τὰ
3059 5768 3313 5833 σαρκικὰ
3353 5763 3519 5834 ὑμῶν
3545 5764 3778 5832 θερίσο-
