4184 6486
389 421 496 478 930

401 545 586 605 multis
618 538 750 596 locis
794 535 1298 608 prmdicautcm,'et
1340 537 1650 598 eperantem
1686 545 1699 581 :
1755 521 2002 592 Occupati

401 641 537 696 enim
577 633 732 689 eratis
757 674 772 695 ,
816 630 1008 700 inquit.
1043 626 1180 694 Quid
1213 634 1316 689 est,
1366 621 1618 691 Occupati
1661 619 1812 673 eratis
1837 618 1860 670 ?
1889 616 2004 670 NOII

404 735 479 799 id,
511 728 708 799 inquit,
740 733 933 779 vestra:
963 716 1305 789 negligentia:
1335 724 1472 779 erat,
1499 713 1593 769 sed
1623 709 1959 766 necessitatis
1991 728 2004 764 :

407 841 516 882 non
543 822 689 877 enim
741 815 1025 872 habebatis
1052 813 1104 867 in
1140 811 1421 874 manibus,
1459 824 1564 862 non
1608 804 2004 869 abundabatis;

408 920 513 973 hoc
538 915 681 970 enim
709 909 976 982 significat
1002 905 1149 969 illud,
1183 904 1432 974 Occupati
1457 911 1625 957 autem
1647 900 1819 955 eratis.
1846 897 2009 967 quue

408 1029 471 1067 ex
498 1005 772 1063 comimmi
797 999 1050 1072 loquendi
1073 996 1463 1053 consuetudine
1486 993 1691 1063 accepit
1717 1010 1729 1046 :
1761 993 1830 1045 ita
1863 990 2007 1045 enim

412 1102 650 1175 plerique
674 1098 878 1159 dicunt,
907 1109 1028 1148 cum
1058 1106 1165 1146 non
1192 1090 1292 1145 sibi
1319 1089 1450 1143 satis
1477 1086 1652 1155 ampla
1676 1099 1761 1140 res
1787 1080 2008 1175 est,gsed

417 1173 464 1252 in
480 1190 742 1264 angustiis
756 1194 1058 1243 versantur.
1077 1181 1198 1237 Non
1218 1181 1358 1252 quasi
1381 1187 1587 1250 propter
1599 1175 1860 1248 parturiant
1873 1173 2006 1227 dico.

414 1289 557 1354 Dixi,
579 1286 769 1356 inquit,
789 1279 1078 1350 Aliquando
1106 1277 1328 1341 tandem,
1355 1289 1557 1344 vosque
1576 1269 1882 1341 objurgavi;
1904 1282 2013 1321 non

416 1380 553 1451 quod
577 1395 691 1434 rem
718 1390 893 1430 meam
917 1385 1238 1442 quaererem,
1257 1383 1431 1439 neque
1459 1363 1600 1436 quod
1632 1376 1879 1434 egerem;
1906 1375 2011 1413 nun

415 1474 554 1528 enim
576 1477 860 1541 propterea
883 1462 1212 1536 quaerebam.
1237 1460 1340 1516 Sed
1361 1457 1499 1514 unde
1521 1455 1795 1520 ostendes,
1827 1451 2012 1514 Paule,

417 1577 466 1621 te
496 1580 600 1618 non
623 1560 904 1630 magnifice
928 1555 1106 1627 loqui?
1123 1552 1414 1609 Corinthiis
1432 1551 1644 1622 quidem
1664 1547 1735 1602 ita
1759 1546 1969 1600 dicebat
1999 1561 2013 1597 :

420 1655 541 1709 Non
561 1654 692 1707 enim
705 1651 810 1704 alia
824 1648 1092 1704 scribimus
1110 1647 1427 1716 vobis,quam
1445 1657 1558 1714 quw
1575 1641 1850 1712 fcgitis,aut
1865 1637 2016 1692 etiam

418 1744 718 1816 cognoscitis
746 1741 820 1813 (2.
843 1740 960 1793 Cor.
987 1741 1038 1794 1.
1062 1739 1175 1807 15).
1203 1739 1378 1808 Atque
1401 1735 1518 1790 istis
1538 1733 1698 1788 etiam
1719 1745 1824 1784 non
1849 1729 1920 1782 ita
1939 1726 2018 1781 di-

418 1837 659 1900 eebat,ut
681 1833 848 1888 refelli
867 1841 1067 1902 posset.
1093 1829 1206 1884 Non
1225 1829 1402 1898 igitur,
1424 1826 1470 1880 si
1487 1842 1545 1880 se
1563 1823 1843 1894 magnifice
1859 1822 2021 1892 jacta-

420 1945 481 1983 re
508 1927 786 1990 voluisset,
829 1925 944 1978 btec
971 1922 1205 1985 diceret;
1237 1918 1377 1988 apud
1405 1933 1498 1973 eos
1524 1917 1667 1972 enim
1691 1915 1779 1985 qui
1827 1920 2022 1967 norant

423 2019 657 2082 dicebat,
689 2017 775 2071 ubi
806 2016 965 2070 etiam
993 2013 1143 2084 argui
1177 2011 1386 2082 turpius
1418 2009 1624 2065 fuisset.
1650 2007 1760 2080 Ego
1781 2007 1917 2060 enim
1943 2004 2022 2057 di-

426 2112 548 2180 dici,
583 2110 770 2178 inquit,
800 2110 854 2162 in
885 2106 1067 2178 quibus
1093 2122 1228 2168 sum,
1257 2103 1505 2175 stt/ﬁciens
1535 2117 1661 2156 esse.
1693 2100 1838 2170 Ergo
1865 2096 2025 2152 disci-

426 2206 586 2275 pliute
627 2218 712 2258 res
751 2210 914 2258 estet
952 2198 1352 2256 exercitationis
1394 2206 1450 2252 et
1492 2212 1679 2252 curm:
1726 2210 1837 2249 non
1880 2193 2022 2248 enim

423 2295 595 2350 facilis
626 2303 708 2348 est
735 2291 801 2347 ad
848 2289 1306 2361 consequendum,
1337 2287 1433 2343 sed
1481 2286 1638 2342 valde
1674 2284 1930 2350 difficilis,
1963 2298 2026 2339 ac

426 2392 596 2443 multo
623 2402 744 2442 cum
785 2387 970 2441 labore
999 2383 1309 2453 conjuncta.
1351 2380 1419 2436 In
1448 2382 1628 2452 quibus
1656 2396 1787 2445 sum,
1830 2379 2022 2448 inquit,

425 2481 676 2551 sufﬁciens
703 2495 809 2534 csse
833 2495 848 2532 :
877 2478 982 2531 scio
1012 2487 1057 2529 et
1085 2474 1373 2542 humiliari,
1397 2474 1502 2528 scio
1529 2481 1572 2526 et
1596 2471 1855 2526 abundare
1878 2489 1894 2524 :
1916 2470 2030 2524 ubi-

425 2591 520 2644 que
548 2583 592 2627 et
636 2573 689 2625 in
718 2570 949 2626 omnibus
988 2569 1247 2623 institutus
1285 2582 1421 2620 sum.
1473 2564 1529 2620 ld
1565 2572 1683 2630 est,
1729 2563 1795 2616 Et
1845 2561 2029 2632 paucis

429 2675 715 2720 contentus
742 2677 862 2718 esse
887 2663 1021 2728 scio,
1052 2669 1104 2715 et
1145 2659 1339 2713 famem
1365 2659 1503 2712 ferre
1534 2666 1586 2712 et
1617 2662 1930 2727 egestatem.
1966 2651 2032 2705 Et

431 2759 712 2822 abundare,
742 2765 788 2810 et
816 2771 979 2827 egere.
1003 2753 1117 2821 Nec,
1142 2753 1384 2822 inquies:
1415 2751 1508 2806 sed
1532 2750 1633 2804 hoc
1655 2749 1891 2805 scientia:
1923 2762 2028 2802 non

434 2863 514 2912 est
542 2867 718 2926 neque
750 2849 958 2908 virtutis
979 2893 993 2919 ,
1022 2847 1318 2905 alumdare.
1367 2844 1478 2902 lmo
1505 2859 1634 2902 vero
1664 2842 1893 2901 maxime
1924 2840 2034 2898 vir-

437 2949 564 3003 tutis
586 2957 688 3014 est,
722 2961 823 3001 nec
853 2944 1031 2999 minus
1053 2959 1210 3013 quam
1237 2940 1386 2996 illud.
1409 2940 1726 3010 Quomodo?
1749 2938 2031 3009 Quoniam,

435 3036 888 3110 quemadmodum
916 3044 1126 3106 egestas
1171 3032 1239 3088 ad
1279 3033 1445 3089 multa
1489 3033 1628 3088 mala
1669 3031 1914 3088 facienda
1941 3031 2037 3086 ad-

438 3132 603 3198 ducit,
637 3131 707 3184 ita
735 3138 789 3184 et
818 3127 1164 3184 abundantia.

509 3225 564 3278 ‘2.
609 3222 760 3278 Multi
804 3222 948 3277 enim
977 3236 1141 3291 saepe,
1174 3235 1293 3274 cum
1322 3219 1386 3274 ad
1419 3219 1557 3274 hanc
1585 3235 1767 3275 rerum
1811 3217 2040 3274 afﬂuen-

445 3318 571 3371 tiam
603 3315 1009 3387 pervenissent,
1037 3313 1293 3370 socordes
1337 3313 1457 3367 facti
1507 3321 1674 3380 sunt,
1712 3313 2041 3383 prosperita-

449 3420 662 3478 temque
688 3407 830 3462 ferre
865 3405 1180 3461 nescierunt
1214 3424 1224 3458 :
1259 3405 1439 3459 multis
1467 3421 1648 3460 rerum
1692 3405 1846 3475 copia
1890 3419 2045 3459 occa-

450 3503 655 3556 sionem
682 3499 927 3557 cessandi
957 3499 1128 3555 dedit.
1180 3499 1296 3554 Non
1341 3499 1410 3553 ita
1454 3498 1697 3553 Paulus:
1750 3513 1871 3552 nam
1922 3513 2044 3553 cum

451 3591 741 3662 acciperet,
777 3592 830 3646 in
867 3591 1002 3656 alios
1034 3591 1345 3646 insumebat
1369 3599 1422 3645 et
1447 3589 1776 3646 effundebat.
1812 3590 1924 3645 lloc
1954 3606 2048 3645 au-

452 3694 558 3739 tem
583 3693 666 3738 est
696 3683 836 3739 scire
866 3683 941 3738 uti
986 3698 1048 3738 re
1087 3698 1202 3738 sua.
1237 3682 1352 3738 Non
1385 3682 1693 3738 remittebat
1721 3682 2049 3754 diligentiam

449 3792 624 3844 suam,
654 3791 762 3830 non
786 3775 854 3831 de
875 3775 1200 3831 abundantia
1231 3791 1330 3830 sua
1351 3775 1654 3842 laetabatur,
1680 3773 1774 3829 sed
1802 3774 2049 3829 eumdem

452 3884 510 3922 se
541 3867 830 3938 praestabat
878 3867 933 3922 in
974 3876 1212 3937 egestate
1242 3875 1296 3922 et
1324 3867 1680 3934 abundantia,
1723 3882 1898 3938 neque
1927 3866 2054 3921 bule

453 3975 766 4032 oppressus,
791 3975 964 4028 neque
986 3958 1111 4014 binc
1134 3957 1372 4013 inflatus.
1396 3958 1536 4024 Scio,
1566 3959 1759 4028 inquit,
1789 3971 1834 4012 et
1855 3958 2052 4024 satiari,

456 4063 500 4104 et
530 4053 753 4116 esurire;
781 4059 829 4104 et
850 4049 1132 4115 abundare,
1160 4059 1206 4105 et
1237 4051 1502 4119 penuriam
1543 4051 1671 4121 pati.
1724 4049 1868 4104 Multi
1901 4061 2048 4115 sunt,

457 4143 546 4212 qui
578 4143 829 4197 nesciunt
875 4141 1128 4206 saturari,
1160 4139 1612 4210 quemadmodum
1661 4139 1952 4206 Israelita);
1984 4141 2058 4196 illi

459 4233 602 4287 enim
631 4231 1012 4298 eomedebant,
1040 4239 1093 4287 ct
1119 4232 1473 4287 calcitrabant
1494 4230 1672 4304 (Deut.
1695 4231 1785 4288 '52.
1810 4232 1925 4302 15).
1953 4233 2060 4288 Sed

460 4327 728 4390 eamdem,
768 4326 959 4395 inquit,
989 4325 1418 4381 moderationem
1474 4341 1537 4380 ac
1573 4325 1831 4381 decorum
1879 4341 2059 4382 servo.

460 4419 711 4474 Ostendit
738 4434 912 4489 neque
937 4435 1080 4475 nunc
1109 4435 1168 4475 se
1196 4421 1550 4490 voluptatem,
1582 4435 1757 4491 neque
1784 4430 1941 4477 antea
1967 4421 2065 4476 do-

462 4512 632 4566 lorem
662 4512 893 4581 cepisse,
946 4519 1037 4569 aut
1067 4512 1112 4567 si
1155 4513 1381 4583 ceperit,
1433 4529 1537 4568 non
1584 4528 1681 4568 sua
1734 4513 1938 4585 ipsius,
1968 4515 2062 4570 sed

464 4603 706 4672 ipsorum
733 4616 929 4658 causa:
965 4603 1080 4674 ipse
1106 4605 1302 4675 quippe
1329 4605 1518 4660 eodem
1543 4621 1601 4661 se
1622 4605 1852 4662 habebat
1880 4607 2062 4662 modo.

469 4697 666 4767 Ubique
705 4699 838 4752 enim
864 4739 877 4763 ,
908 4709 954 4752 et
986 4699 1039 4752 in
1067 4699 1298 4754 omnibus
1324 4701 1584 4754 institutus
1611 4717 1743 4756 sum.
1774 4700 1833 4755 ld
1859 4709 1943 4756 est
1963 4743 1976 4768 ,
2011 4700 2066 4756 In

467 4791 570 4844 hoc
597 4790 755 4860 longo
784 4799 1027 4860 tempore
1047 4791 1286 4845 omnium
1311 4807 1488 4847 rerum
1512 4793 1897 4862 experientiam
1925 4793 2065 4864 cepi,

466 4890 627 4950 atque
665 4879 781 4936 lucc
811 4881 992 4937 omnia
1024 4883 1154 4936 mibi
1183 4881 1321 4938 bene
1353 4893 1752 4953 processerunt.
1795 4884 1900 4942 Sed
1936 4900 2069 4955 quo-

467 4973 612 5027 niam
645 4973 694 5028 id
725 4975 1238 5046 magniloquentiam
1270 4977 1574 5042 redolebat,
1611 4979 1733 5034 vide
1782 4994 1887 5048 quo
1915 4989 2070 5049 pacto

466 5081 626 5135 quam
652 5067 883 5137 primum
908 5068 1144 5138 corrigat
1175 5087 1189 5124 :
1223 5068 1430 5137 Omnia,
1458 5070 1648 5142 inquit,
1675 5087 1879 5140 possunt
1908 5075 1961 5126 in
1990 5091 2068 5140 eo,

467 5159 554 5228 qui
581 5176 657 5213 me
699 5163 979 5232 confortat,
1007 5161 1227 5217 Christo.
1255 5162 1372 5218 Non
1398 5163 1520 5231 hoc,
1547 5166 1739 5236 inquit,
1769 5183 1947 5222 meum
1981 5167 2071 5222 be-

469 5251 741 5307 nefactum
771 5261 875 5317 est,
907 5254 1004 5310 sed
1033 5257 1150 5325 eius
1179 5257 1267 5325 qui
1299 5257 1438 5312 vires
1484 5257 1594 5312 dat.
1638 5259 1744 5313 Sed
1794 5259 2069 5330 quoniam,

470 5344 560 5414 qui
591 5345 959 5415 benefaciunt,
984 5349 1028 5403 si
1051 5347 1271 5404 videant
1297 5366 1420 5405 eum
1445 5352 1533 5422 qui
1564 5353 1758 5424 accipit
1785 5369 1890 5408 non
1920 5355 2074 5411 valde

469 5434 642 5501 affici,
673 5437 768 5493 sed
821 5437 1097 5508 despicere
1127 5454 1188 5496 ea
1229 5456 1350 5512 qua:
1393 5442 1612 5511 dantur,
1661 5447 2075 5516 ncgligentiores

472 5526 636 5594 fiunt;
671 5540 798 5584 tunc
823 5533 965 5586 enim
989 5532 1220 5589 libenter
1246 5535 1394 5600 dant,
1425 5552 1545 5592 cum
1570 5548 1756 5607 putant
1783 5553 1841 5594 se
1866 5551 2074 5611 gratum

474 5621 792 5690 accipiendo
821 5623 999 5679 facere
1019 5667 1032 5690 ,
1067 5627 1324 5697 illumque
1362 5644 1608 5686 recreare
1641 5650 1652 5686 :
1688 5649 1755 5688 ne
1782 5635 1901 5702 quis
1931 5635 2076 5690 dice-

474 5722 578 5777 ret,
614 5712 670 5768 Si
704 5715 806 5770 boe
835 5716 1085 5771 solatium
1112 5718 1343 5789 despicit
1375 5721 1572 5777 Paulus
1597 5763 1613 5789 ,
1645 5741 1867 5782 necesse
1897 5735 1980 5782 est
2025 5739 2079 5784 ct

475 5801 576 5858 bos
617 5807 1035 5876 negligentiorcs
1086 5810 1240 5877 fieri;
1275 5812 1396 5868 vide
1438 5817 1711 5885 quomodo
1741 5834 1926 5874 rursus
1953 5820 2077 5876 huic

473 5895 551 5951 rei
585 5899 884 5956 medeatur.
915 5901 1048 5957 Nam
1078 5918 1142 5959 ex
1171 5905 1234 5958 iis
1271 5922 1391 5976 qua:
1417 5908 1644 5979 dixerat,
1691 5913 1926 5975 ipsorum
1961 5921 2071 5987 Spi-

1265 412 1329 470 ΙΝ
1379 369 1598 469 EPIST.
1642 410 1732 465 AD
1775 406 2066 468 PlllLll’P.
2105 405 2256 462 CAP.
2306 408 2390 466 IV.
2437 409 2662 465 "031",.
2706 410 2816 464 ΧΥ.

3606 413 3712 468 290

2116 525 2249 576 ritus
2275 534 2713 593 compresserat;
2746 527 2795 578 iu
2835 525 3182 598 sequentibus
3213 542 3337 581 vero
3381 527 3709 586 alacritatem

2111 615 2349 685 ipsorum
2381 617 2564 670 incitat
2608 628 2767 689 atque
2796 619 3113 684 inflammat,
3165 621 3350 675 dicens
3386 641 3397 676 :
3442 623 3713 677 Verumta-

2113 724 2226 762 men
2258 709 2379 762 bene
2411 711 2600 780 fecistis
2632 715 3063 767 communicantes
3103 714 3420 770 tribulationi
3450 735 3594 772 mete.
3624 718 3717 774 Vi-

2111 799 2207 855 des
2238 803 2510 870 quomodo
2537 803 2772 874 scipsum
2806 805 3186 876 segregaverit,
3219 817 3272 863 et
3295 811 3566 879 quomodo
3597 827 3716 866 rur-

2112 907 2205 946 sus
2225 895 2613 963 conjunxerit?
2643 895 2757 951 Hoc
2785 913 3055 966 germanae
3079 909 3131 952 et
3152 900 3444 970 spiritualis
3466 903 3717 956 amicitiae

2113 992 2215 1038 est.
2247 983 2363 1038 Non
2391 986 2534 1039 enim
2566 987 2685 1055 quia
2708 1029 2722 1053 ,
2759 988 2948 1056 inquit,
2980 992 3300 1046 necessitate
3334 993 3554 1048 minime
3587 1010 3714 1064 pre-

2114 1077 2330 1143 mebar,
2367 1077 2488 1132 ideo
2532 1080 2731 1150 putetis
2773 1095 2860 1135 me
2888 1081 3050 1136 rebus
3079 1084 3271 1138 vestris
3317 1102 3421 1141 non
3455 1089 3666 1157 eguisse
3701 1105 3716 1143 :

2116 1186 2250 1241 egeo
2279 1183 2501 1242 pr0pter
2529 1188 2643 1227 vos.
2668 1173 2948 1242 Quomodo
2981 1177 3140 1246 igitur
3163 1194 3522 1234 aerumnarum
3552 1183 3719 1250 ipsius

2119 1264 2410 1333 participes
2449 1263 2705 1321 fuerant?
2749 1267 2852 1321 l’er
2897 1267 3000 1322 hoc
3049 1269 3284 1324 officium
3321 1289 3333 1324 :
3374 1272 3517 1341 quod
3559 1272 3718 1326 etiam

2119 1372 2239 1411 cum
2287 1357 2340 1410 in
2385 1357 2615 1413 vinculis
2652 1370 2832 1430 esset,
2866 1360 3115 1425 dicebat,
3161 1361 3342 1417 Socios
3386 1363 3568 1434 gratia:
3602 1380 3726 1418 inca:

2121 1465 2294 1503 omnes
2322 1465 2408 1503 vos
2450 1467 2558 1504 esse
2584 1449 2850 1521 (Philipp.
2892 1453 2942 1506 1.
2971 1454 3050 1522 7).
3084 1453 3264 1508 Gratia
3303 1455 3447 1508 enim
3503 1464 3585 1509 est
3618 1457 3724 1524 pati

2121 1555 2218 1610 pro
2249 1542 2496 1610 Christo,
2530 1543 2983 1614 quemadmodum
3017 1555 3069 1599 et
3096 1547 3292 1601 alicubi
3343 1547 3456 1617 ipse
3508 1548 3679 1618 inquit
3709 1565 3722 1602 :

2124 1632 2255 1700 Quia
2283 1651 2313 1686 a
2341 1633 2451 1688 Deo
2482 1636 2618 1690 vobis
2639 1637 2806 1707 gratia
2836 1638 2957 1691 data
2985 1649 3077 1705 est,
3111 1657 3212 1692 non
3249 1640 3413 1693 solum
3443 1650 3498 1693 ut
3528 1642 3580 1694 in
3611 1657 3724 1694 eum

2121 1725 2362 1794 credatis,
2408 1729 2496 1781 sed
2531 1730 2681 1781 etiam
2723 1747 2817 1800 pro
2866 1729 2956 1783 illo
3006 1732 3273 1801 patiamini
3299 1732 3458 1804 (Ibid.
3511 1750 3560 1787 v.
3605 1733 3723 1803 29).

2122 1816 2385 1884 Quoniam
2413 1819 2556 1874 enim
2600 1819 2691 1873 illa
2727 1821 2866 1876 nude
2897 1821 3058 1885 dicta,
3090 1832 3210 1892 apta
3240 1834 3394 1878 erant
3436 1813 3563 1893 qua!
3599 1825 3729 1894 ipsis

2123 1909 2366 1966 dolorem
2396 1911 2633 1968 facerent
2657 1930 2671 1980 ;
2705 1923 2987 1986 propterea
3014 1915 3159 1971 fovet
3185 1925 3240 1970 et
3269 1919 3646 1988 complectitur
3672 1927 3730 1973 et

2126 2003 2329 2069 laudat,
2363 2020 2550 2059 verum
2600 2015 2655 2061 et
2707 2007 2808 2062 hoc
2857 2007 3156 2063 moderate.
3210 2009 3324 2062 Non
3374 2011 3517 2064 enim
3548 2010 3728 2076 dixit,

2128 2095 2348 2162 Dantes,
2380 2097 2496 2160 sed,
2533 2097 2980 2154 Communicantes
3005 2115 3026 2164 ;
3057 2100 3348 2155 ostendens
3394 2101 3540 2172 ipsos
3567 2102 3729 2156 etiam

2130 2185 2337 2239 lucrum
2359 2185 2570 2255 fecisse,
2600 2189 3038 2260 quandoquidem
3071 2193 3411 2260 prmmiorum
3438 2191 3560 2246 facti
3579 2199 3735 2247 erant

2128 2279 2439 2351 participes.
2508 2281 2623 2336 Non
2677 2282 2844 2347 dixit,
2901 2284 3073 2338 Lech
3128 2284 3420 2340 reddentes
3465 2301 3734 2340 a-runmas

2133 2389 2313 2442 nicas,
2347 2374 2482 2443 sed,
2541 2375 2983 2432 Communicantes
3028 2379 3342 2432 tribulationi
3390 2394 3545 2443 ureae;
3592 2377 3736 2450 quod

2131 2467 2346 2537 quidem
2373 2470 2588 2538 gravius
2615 2485 2678 2525 ac
2712 2469 2991 2525 decentius
3017 2481 3155 2527 erat.
3728 2452 3729 2455 Ἴ

2205 2559 2364 2613 Pauli
2389 2561 2670 2615 humilitas.
2690 2592 2761 2601 —
2783 2562 2946 2618 Vides
2973 2563 3123 2616 Pauli
3157 2563 3509 2618 butnilitatcm
3533 2565 3555 2618 ἲ
3589 2566 3739 2621 vides
3787 2552 3792 2556 ’

2134 2652 2373 2706 animum
2423 2654 2786 2723 generosum?
2838 2655 3128 2726 Postquam
3159 2657 3396 2711 ostendit
3437 2674 3497 2712 se
3528 2659 3737 2714 illormn

2135 2747 2325 2815 Opibus
2353 2761 2448 2800 sua
2475 2761 2634 2800 causa
2682 2747 2903 2802 minime
2954 2763 3149 2819 cgere,
3184 2757 3310 2804 tunc
3347 2750 3459 2816 jam
3514 2750 3741 2806 fidenter

2138 2838 2356 2896 lnnnilia
2389 2839 2549 2896 etiam
2583 2838 2790 2914 profert
2820 2840 3004 2908 verba,
3052 2851 3215 2915 atque
3247 2841 3312 2900 ad
3336 2858 3402 2898 ea
3431 2842 3734 2909 descendit,

2138 2935 2331 3008 quibus
2365 2937 2597 2992 mendici
2626 2946 2872 3004 utuntur,
2901 2937 3035 3005 Quae
3070 2948 3156 2992 tua
3187 2948 3270 2994 est
3308 2939 3467 2994 dandi
3510 2957 3740 2994 consue-

2142 3030 2289 3085 tudo.
2313 3029 2459 3084 Nibil
2490 3030 2635 3084 enim
2667 3038 2881 3086 recusat
2907 3031 2989 3085 vel
3023 3030 3205 3087 facere
3239 3032 3319 3086 vel
3353 3033 3555 3100 dicere,
3583 3033 3742 3087 dunt-

2143 3120 2306 3176 modo
2333 3121 2474 3193 quod
2506 3122 2618 3176 vult
2641 3131 2790 3177 recte
2815 3121 3084 3176 conficiat.
3111 3122 3246 3191 Quid
3280 3133 3458 3178 autem
3491 3124 3592 3178 huc
3620 3135 3702 3180 est
3723 3127 3747 3176 ’ξ

2145 3215 2223 3271 Ne
2256 3217 2473 3285 putetis,
2507 3216 2700 3286 inquit,
2761 3214 3111 3287 impudentia:
3158 3215 3320 3271 fuisse
3352 3216 3510 3271 verba
3537 3257 3552 3282 ,
3603 3216 3748 3287 quod

2147 3309 2474 3379 ob;urgarim
2503 3323 2565 3363 ac
2589 3309 2848 3374 dixerim,
2881 3309 3170 3380 Aliquando
3199 3308 3400 3363 tandem
3427 3310 3748 3379 reﬂoruistis;

2150 3417 2323 3472 neque
2354 3403 2512 3455 etiam
2544 3402 2884 3456 necessitatis
2911 3418 2922 3454 :
2948 3416 3056 3456 non
3089 3403 3230 3457 enim
3264 3401 3403 3471 quod
3426 3418 3612 3472 egeam
3636 3402 3752 3456 haec

2149 3494 2290 3560 dico,
2328 3495 2423 3549 sed
2452 3495 2617 3564 quid?
2646 3495 2724 3549 Eo
2752 3494 2894 3565 quod
2928 3495 3078 3550 vobis
3105 3495 3259 3550 valde
3281 3494 3568 3559 confidam,
3595 3505 3754 3566 atque

2153 3585 2312 3656 hujus
2368 3586 2602 3642 fidentia:
2648 3602 2744 3642 vos
2795 3596 3048 3642 auctores
3079 3588 3229 3642 estis.
3283 3587 3442 3642 Vides
3485 3588 3757 3658 quomodo

2154 3681 2302 3750 ipsos
2342 3688 2495 3735 curet
2529 3689 2584 3734 et
2611 3680 2820 3735 leniat?
2866 3679 2923 3734 ln
2963 3680 3119 3736 vobis
3143 3722 3157 3746 ,
3190 3681 3397 3750 inquit,
3444 3695 3604 3734 causa
3635 3692 3713 3734 est
3743 3722 3756 3744 ,

2156 3773 2248 3842 qui
2275 3781 2400 3826 ante
2425 3771 2559 3826 alios
2585 3771 2652 3825 ad
2680 3770 2820 3826 banc
2848 3787 2962 3826 rem
2993 3771 3298 3836 accurritis,
3328 3786 3390 3825 ac
3415 3771 3570 3826 nobis
3594 3770 3762 3826 fiden-

2160 3867 2286 3920 tiam
2314 3865 2476 3932 datis,
2508 3875 2566 3919 ut
2594 3882 2681 3920 res
2714 3863 3023 3934 bujusmodi
3057 3865 3209 3919 vobis
3254 3865 3306 3919 in
3337 3865 3648 3919 memoriam
3680 3881 3764 3918 rc-

2159 3959 2424 4030 digamus.
2456 3959 2525 4013 Et
2553 3958 2672 4014 vide
2694 3958 3013 4029 gravitatem
3048 3975 3063 4014 :
3093 3957 3221 4012 dum
3255 3973 3360 4012 non
3391 3959 3633 4022 mittunt,
3666 3957 3770 4011 mi-

2162 4053 2305 4106 nime
2326 4051 2592 4123 obiurgat,
2620 4066 2686 4106 ne
2709 4050 2954 4106 videatur
2969 4066 3119 4105 suam
3140 4066 3356 4105 causam
3388 4066 3583 4121 agere;
3611 4059 3756 4121 post-

2162 4159 2323 4212 quam
2354 4159 2485 4197 vero
2507 4144 2786 4208 miserant,
2824 4152 2950 4197 tunc
2981 4158 3074 4197 eos
3103 4141 3170 4198 de
3210 4145 3486 4212 prmterito
3526 4152 3769 4214 tempore

2165 4237 2493 4307 objurgavit;
2530 4245 2690 4306 atque
2713 4236 2786 4290 illi
2811 4251 2965 4306 mque
2987 4235 3167 4290 animo
3191 4236 3430 4290 tulerunt
3458 4255 3468 4290 :
3491 4238 3600 4306 jam
3624 4236 3768 4291 enim

2167 4332 2386 4384 minime
2417 4330 2699 4384 videbatur
2723 4346 2881 4384 suum
2913 4330 3190 4400 negotium
3218 4345 3430 4401 gerere.
3465 4331 3552 4386 15.
3589 4331 3768 4396 Scitis,

2168 4421 2372 4492 inquit,
2406 4433 2452 4476 et
2483 4440 2569 4477 vos
2605 4421 2966 4493 Philippenses
2986 4463 3001 4488 ,
3034 4423 3170 4493 quod
3199 4423 3251 4477 in
3281 4424 3531 4495 principio
3557 4439 3774 4495 evange-

2171 4518 2259 4582 lii,
2301 4519 2507 4588 quando
2549 4520 2811 4590 profectus
2838 4535 2952 4573 sum
2995 4535 3027 4572 a
3059 4517 3369 4574 Macedonia
3394 4561 3408 4587 ,
3461 4520 3608 4574 nulla
3649 4520 3774 4575 mihi

2175 4613 2403 4666 Ecclesia
2436 4612 2828 4666 communicavit
2861 4612 2915 4665 in
2947 4612 3146 4666 ratione
3172 4611 3284 4665 dati
3313 4621 3360 4666 et
3399 4613 3594 4682 accepti
3619 4653 3634 4678 ,
3675 4612 3776 4666 nisi

2170 4721 2256 4761 vos
2289 4706 2405 4760 soli.
2439 4705 2629 4776 Papae!
2665 4713 2923 4775 quantum
2971 4704 3307 4760 encornium!
3359 4703 3623 4774 siquidem
3669 4702 3776 4758 Co-

2173 4798 2390 4864 rinthii,
2439 4797 2674 4868 itemque
2710 4797 2978 4860 Romani,
3029 4812 3094 4851 eo
3137 4795 3275 4867 quod
3317 4795 3504 4851 istbaec
3550 4795 3619 4849 ab
3661 4796 3777 4865 ipso

2174 4891 2471 4954 audissent,
2507 4891 2799 4944 invitantur
2845 4910 2857 4944 :
2889 4888 2941 4943 bi
2974 4904 3103 4943 vero
3131 4903 3253 4944 cum
3287 4889 3432 4942 nulla
3459 4887 3635 4943 adhuc
3668 4889 3774 4944 Ec-

2174 4984 2336 5040 clesia
2365 4984 2650 5053 coepisset,
2683 4982 2852 5051 inquit
2899 4981 3040 5035 enim
3067 5021 3080 5046 ,
3112 4979 3178 5034 In
3209 4980 3462 5052 principio
3511 4981 3776 5052 evangelii,

2178 5086 2378 5132 tantam
2420 5091 2542 5147 erga
2593 5084 2836 5130 sanctum
2867 5073 3010 5126 hunc
3039 5073 3395 5128 ostenderunt
3435 5073 3598 5127 animi
3649 5089 3779 5143 pro-

2179 5169 2492 5240 pensionem
2533 5180 2595 5220 ac
2621 5164 2890 5229 studium,
2927 5171 2984 5217 ut
3027 5179 3150 5218 eum
3211 5163 3417 5218 nullum
3468 5164 3775 5234 exemplum

2181 5258 2518 5330 propositum
2546 5255 2828 5323 haberent,
2865 5255 2964 5326 ipsi
2995 5256 3153 5325 primi
3185 5255 3311 5310 huic
3338 5256 3556 5310 ferendo
3585 5255 3780 5310 fructui

2181 5357 2389 5411 initium
2414 5356 2623 5411 darent.
2654 5356 2839 5426 Neque
2865 5354 3150 5412 dicendum
3176 5362 3260 5409 est
3285 5353 3399 5408 btec
3421 5353 3542 5408 illos
3567 5352 3780 5418 fecisse,

2181 5451 2326 5522 quod
2357 5451 2552 5505 Paulus
2595 5449 2733 5519 apud
2766 5464 2826 5504 se
2869 5457 3142 5512 maneret,
3197 5456 3355 5516 atque
3397 5446 3782 5502 beneficiorum

2182 5559 2341 5599 causa
2371 5559 2489 5614 quae
2524 5541 2591 5597 ab
2619 5542 2736 5611 ipso
2765 5541 3073 5610 acciperent
3106 5558 3119 5594 :
3150 5538 3321 5609 inquit
3350 5539 3516 5605 enim,
3563 5542 3788 5608 Quando

2188 5639 2443 5710 profectus
2470 5654 2582 5691 sum
2615 5655 2645 5690 ιι
2680 5619 3004 5698 Macedonia,
3037 5636 3181 5689 nulla
3223 5635 3348 5688 mihi
3377 5633 3608 5688 Ecclesia
3647 5651 3784 5688 com.

2190 5730 2464 5784 numicavit
2495 5730 2545 5781 in
2574 5729 2768 5781 ratione
2794 5728 2902 5782 dati
2933 5737 2978 5780 et
3010 5727 3236 5797 accepti,
3260 5727 3360 5782 nisi
3385 5742 3471 5780 vos
3501 5728 3617 5781 soli.
3648 5727 3787 5796 Quid

2185 5835 2288 5885 est,
2320 5821 2564 5890 Accepti?
2592 5821 2717 5890 quid
2757 5834 2887 5874 vero
2928 5833 3009 5874 εει
3036 5862 3049 5887 ,
3083 5817 3482 5874 Communicavit
3501 5820 3526 5872 ?
3551 5835 3648 5873 cur
3678 5831 3782 5872 non

2187 5917 2340 5981 dixit,
2373 5912 2581 5970 Nullam
2613 5912 2712 5968 sibi
2746 5911 3036 5969 Ecclesium
3065 5910 3308 5981 dedisse,
3339 5911 3431 5967 sed
3451 5951 3467 5978 ,
3497 5909 3787 5965 Communi—
