4184 6488
458 460 553 516 29]
1216 448 1271 505 S.
1314 444 1591 503 JOANNIS
1626 440 2102 501 CHRYSOSTOMI
2142 444 2461 504 ARCIIIEP.
2502 444 3033 504 CONSTANTINOP.

464 574 593 631 cavit
623 572 675 628 in
701 565 898 627 ratione
923 566 1029 621 dati
1069 574 1117 622 et
1143 563 1378 633 accepti?
1406 561 1514 617 Res
1547 560 1691 615 enim
1743 559 1859 614 htrc
1899 572 2049 612 com-

462 662 757 720 manicatio
784 658 1029 731 qumdam
1072 664 1175 712 est.
1215 655 1346 710 Nam
1379 653 1443 709 Si
1472 669 1598 720 nos,
1647 650 1864 720 inquit,
1912 648 2053 703 vobis

461 753 753 826 spiritualia
772 750 1148 813 seminavimus,
1177 745 1303 817 quid
1328 760 1588 816 magnum,
1613 744 1659 799 si
1682 758 1774 797 nos
1818 738 2053 794 carnalia

461 858 626 901 vestra
657 854 903 898 metamus
952 841 1029 913 (l.
1080 839 1198 895 Cor.
1229 838 1284 895 9.
1319 837 1460 907 il)?
1503 843 1558 892 et
1613 848 1835 899 rursus,
1875 829 2054 885 Vestra

464 937 798 1001 abundantia,
830 945 885 988 ut
922 934 1126 988 illorum
1164 930 1394 1000 inopiam
1434 926 1667 999 suppleat
1694 923 1779 999 (‘2.
1826 923 1946 978 Cor.
1997 921 2053 977 8.

464 1025 577 1097 14).
613 1026 775 1081 Vides
814 1023 1086 1095 quomodo
1137 1019 1688 1083 communicaverint,
1749 1016 1802 1073 in
1848 1014 2054 1069 ratione

466 1118 596 1183 dati,
651 1115 828 1171 dando
880 1113 1136 1179 carnalia,
1195 1120 1252 1168 et
1298 1110 1351 1166 in
1400 1110 1610 1165 ratione
1662 1106 1909 1176 accepti,
1959 1118 2055 1159 ac-

468 1210 717 1281 cipiendo
735 1206 1070 1280 spiritualia?
1098 1206 1311 1261 Etenim
1340 1200 1789 1273 quemadmodum
1813 1198 2052 1255 venden-

468 1312 551 1359 tes
576 1312 631 1357 et
660 1311 904 1357 ementes
929 1299 1067 1355 inter
1084 1313 1144 1354 se
1173 1295 1590 1361 communicant,
1622 1294 1762 1350 alter
1789 1293 1856 1347 ah
1884 1291 2055 1346 altero

468 1394 702 1450 vicissim
731 1392 1002 1462 accipiens
1027 1399 1082 1446 ct
1120 1389 1295 1454 dans;
1329 1387 1430 1442 hoc
1453 1387 1595 1441 enim
1627 1394 1712 1440 est
1750 1382 2055 1439 communi—

467 1486 608 1541 catio
640 1505 652 1539 ;
684 1484 753 1537 ita
784 1499 913 1539 sane
942 1491 997 1537 et
1037 1481 1090 1536 in
1123 1480 1223 1535 hac
1260 1495 1338 1535 re.
1382 1478 1527 1535 Nihil
1572 1479 1737 1544 enim,
1785 1476 1915 1531 nihil
1958 1476 2058 1531 hac

469 1575 832 1645 negotiatione
875 1583 928 1628 et
958 1582 1261 1627 mercatura
1291 1581 1375 1627 est
1398 1571 1758 1642 qumstuosius
1788 1585 1802 1624 :
1832 1584 1955 1623 nam
1999 1567 2058 1622 ﬁt

465 1669 680 1741 quidem
708 1668 759 1722 in
794 1676 955 1732 terra,
1003 1666 1284 1738 perlicitur
1311 1674 1490 1720 autem
1535 1665 1586 1718 in
1619 1664 1754 1719 caelo
1789 1681 1802 1715 :
1847 1670 1902 1717 et
1940 1675 2054 1717 em-

464 1774 647 1832 ptores
671 1761 883 1832 quidem
905 1760 956 1814 in
986 1769 1125 1815 terra
1153 1768 1312 1821 sunt;
1336 1767 1521 1813 emunt
1552 1772 1681 1812 vero
1702 1765 1756 1812 et
1778 1755 2057 1826 paciscun-

467 1865 554 1909 tur
577 1870 639 1908 ea
670 1868 788 1922 quae
822 1853 873 1905 in
892 1851 1060 1914 czelis,
1094 1860 1310 1905 terreno
1332 1848 1581 1919 deposito
1609 1848 1801 1917 pretio.

539 1946 593 1999 5.
637 1942 836 1998 Verum
865 1958 970 1995 non
1010 1940 1260 2010 desperet
1289 1939 1597 2010 quispiam:
1639 1955 1745 1992 non
1792 1948 1917 1991 sunt
1942 1952 2050 1992 cte-

464 2036 621 2091 lestia
649 2033 895 2104 pecuniis
944 2030 1214 2103 propnsita
1258 2031 1464 2086 venalia
1494 2043 1509 2084 :
1542 2044 1647 2084 non
1690 2030 1778 2085 illa
1816 2029 2056 2099 pecunia:

465 2136 674 2193 emunt,
716 2126 811 2181 sed
854 2125 1047 2180 electio
1077 2132 1238 2194 atque
1285 2124 1497 2178 animus
1539 2122 1773 2177 hominis
1801 2122 2055 2192 pecunias

462 2219 800 2292 projicieutis
822 2259 838 2285 ,
869 2217 963 2272 sed
994 2215 1330 2286 pltilosuphia
1350 2257 1365 2282 ,
1393 2214 1728 2270 smcularium
1758 2229 1937 2269 rerum
1962 2213 2055 2268 de-

463 2324 701 2385 spectus,
735 2310 1068 2376 humanitas,
1099 2309 1487 2363 misericordia.
1518 2306 1816 2378 Caeteroqni
1845 2348 1860 2373 ,
1887 2306 1933 2360 si
1968 2321 2054 2360 ar-

463 2414 628 2475 gento
676 2411 1005 2467 emerentur,
1051 2415 1169 2470 qua:
1207 2400 1316 2455 duo
1347 2400 1549 2453 minuta
1600 2400 1830 2470 proiecit
1877 2397 2050 2472 (Luc.

461 2499 526 2557 21
560 2498 600 2563 ),
630 2495 764 2550 nihil
795 2508 927 2549 sane
954 2508 1204 2562 magnum
1230 2492 1526 2561 accepisset
1551 2511 1564 2547 :
1632 2506 1776 2546 nunc
1798 2490 2050 2560 quoniam

460 2605 569 2646 non
598 2595 899 2658 argentum,
928 2585 1023 2640 sed
1046 2584 1241 2640 elemio
1264 2584 1400 2639 hanc
1418 2584 1525 2638 vim
1552 2583 1802 2650 habebat,
1834 2597 2052 2638 omnem

460 2682 551 2740 illa
602 2681 765 2735 animi
816 2677 1229 2752 propensionem
1275 2676 1547 2741 alluens,
1591 2677 1772 2731 omnia
1804 2663 2085 2744 'accepita

460 2774 644 2843 Itaque
689 2786 761 2826 ne
803 2770 1045 2825 dicamus
1076 2768 1317 2838 pecuniis
1348 2784 1568 2838 regnum
1617 2768 1764 2832 etuti;
1812 2783 1921 2822 non
1961 2782 2052 2836 pe-

459 2864 654 2931 cuniis,
681 2860 777 2918 sed
811 2860 1074 2916 electione
1096 2868 1151 2915 et
1179 2860 1453 2913 voluntate
1473 2899 1488 2924 ,
1521 2873 1641 2933 qum
1672 2873 1766 2926 per
1795 2857 2051 2927 pecunias

457 2954 764 3010 exhibetur.
832 2951 974 3021 Ergo
1015 2964 1149 3019 opus
1194 2957 1315 3015 est,
1366 2949 1582 3023 inquis,
1639 2948 1884 3005 divitiis?
1931 2947 2051 3003 Non

459 3043 664 3100 divitiis
698 3056 836 3112 opus
859 3049 977 3107 est,
1011 3040 1104 3095 sed
1133 3049 1280 3096 certa
1308 3039 1583 3096 voluntate
1630 3056 1644 3093 :
1691 3039 1735 3093 si
1784 3042 1924 3093 hanc
1953 3037 2052 3093 ha-

457 3138 588 3198 beas
613 3178 626 3200 ,
662 3135 747 3190 vel
790 3134 997 3191 duobus
1043 3133 1263 3187 minutis
1302 3132 1505 3203 poteris
1550 3146 1772 3202 regnum
1819 3145 2047 3199 emere;

457 3231 542 3286 sin
571 3230 769 3295 minus,
808 3242 983 3297 neque
1016 3225 1166 3280 mille
1191 3226 1307 3279 auri
1338 3225 1538 3280 talenta
1582 3222 1913 3279 tantumdem
1953 3238 2052 3295 po-

457 3331 639 3379 terunt
664 3360 679 3385 ,
709 3334 772 3373 ac
800 3318 906 3372 duo
937 3317 1140 3372 minuta
1183 3326 1426 3389 possunt.
1462 3314 1613 3371 Cur?
1638 3315 1901 3384 Quoniam
1924 3331 2047 3371 cum

456 3413 624 3471 multa
646 3410 848 3466 habens
870 3408 1117 3480 pauciora
1144 3407 1339 3463 dedisti
1364 3448 1380 3473 ,
1407 3407 1807 3478 cleemosynam
1830 3406 2045 3477 quidem

456 3508 653 3575 fecisti,
678 3505 772 3562 sed
801 3521 906 3562 non
932 3511 1129 3558 tantam
1155 3512 1408 3577 quantam
1431 3501 1589 3557 vidua
1620 3500 1729 3561 illa.
1760 3500 1874 3556 Non
1903 3501 2048 3561 enim

457 3609 661 3658 tantam
714 3597 1002 3654 adhibuisti
1034 3596 1372 3653 alacritatem
1416 3603 1471 3651 et
1517 3594 1682 3648 animi
1732 3595 2051 3670 propensio—

456 3709 602 3761 nem,
625 3702 784 3763 atque
811 3690 898 3745 illa
924 3706 937 3742 :
966 3689 1054 3745 illa
1081 3689 1225 3744 enim
1253 3686 1435 3742 omnia
1461 3685 1564 3741 sibi
1583 3685 1838 3748 abstulit;
1868 3685 2050 3757 potius

460 3797 641 3844 autem
694 3800 801 3839 non
853 3784 1110 3848 abstulit,
1163 3782 1259 3837 sed
1295 3781 1473 3836 omnia
1518 3779 1622 3834 sibi
1673 3779 1775 3849 ipsi
1806 3778 2047 3833 donavit.

456 3881 573 3938 Non
613 3879 756 3935 enim
800 3878 979 3933 aureis
1016 3876 1230 3933 talentis
1268 3889 1491 3945 regnum
1531 3881 1719 3943 pactus
1759 3881 1844 3928 est
1884 3872 2047 3941 Deus,

460 3974 554 4029 sed
585 3972 746 4026 animi
779 3969 1174 4044 propensione;
1210 3982 1315 4021 non
1362 3975 1536 4021 morte
1558 4006 1574 4032 ,
1618 3964 1711 4021 sed
1742 3965 2047 4023 electione:

461 4082 568 4122 non
609 4064 751 4122 enim
797 4062 953 4118 valde
1003 4076 1253 4130 magnum
1300 4069 1402 4115 est.
1454 4057 1592 4130 Quid
1637 4058 1780 4114 enim
1821 4066 1907 4113 est
1935 4058 2052 4113 ani-

460 4176 602 4215 mam
645 4173 803 4213 unam
830 4155 996 4212 dare?
1023 4153 1201 4210 Unum
1244 4150 1516 4205 hominem
1543 4149 1735 4215 dedit;
1769 4165 1910 4204 unus
1952 4164 2050 4204 au-

462 4263 567 4307 tem
600 4251 762 4305 homo
788 4265 893 4304 non
926 4262 1022 4317 par
1051 4245 1283 4317 pretium
1330 4252 1433 4299 est.
1484 4242 1573 4298 16.
1624 4243 1762 4313 Quia
1793 4255 1840 4297 et
1881 4243 2047 4299 Thes-

461 4342 746 4397 salonicam
784 4337 939 4393 semel
963 4376 978 4401 ,
1012 4344 1057 4389 et
1088 4336 1162 4389 bis
1190 4334 1245 4387 in
1268 4350 1391 4388 usus
1425 4334 1550 4387 mihi
1583 4334 1809 4390 misistis.
1839 4333 2051 4393 Rursus

464 4446 714 4503 magnum
741 4427 1045 4485 encomium
1074 4443 1088 4482 :
1120 4423 1550 4495 quandoquidem
1570 4467 1583 4490 ,
1607 4439 1729 4479 cum
1762 4424 1815 4479 in
1847 4435 2051 4480 metro-

461 4524 568 4594 poli
597 4527 762 4583 esset,
789 4517 1057 4586 ahexigua
1081 4524 1257 4571 tamen
1281 4515 1496 4571 civitate
1516 4514 1781 4570 alebatur.
1812 4514 1876 4569 Et
1904 4513 2045 4581 vide;

460 4630 527 4670 ne
558 4619 816 4684 perpetuo
844 4622 903 4663 se
931 4623 999 4663 ex
1027 4606 1345 4663 necessitate
1371 4606 1613 4662 eximens
1634 4648 1648 4673 ,
1683 4606 1830 4677 ipsos
1855 4647 1871 4673 ,
1902 4606 2046 4677 quod

458 4715 613 4761 antea
665 4702 907 4759 dicebam
934 4742 950 4769 ,
1001 4699 1413 4770 negligentiores
1463 4698 1757 4768 redderet,
1788 4715 1913 4762 cum
1967 4710 2046 4758 tot

462 4797 637 4853 modis
663 4794 991 4852 ostendisset
1031 4808 1091 4848 se
1133 4807 1239 4847 non
1285 4808 1482 4863 egere;
1515 4806 1657 4847 nunc
1685 4807 1752 4848 ex
1794 4791 1897 4847 hoc
1926 4793 2045 4850 solo

461 4891 515 4948 id
562 4888 904 4946 manifestum
935 4885 1094 4951 fecit,
1147 4886 1218 4941 ita
1247 4887 1499 4941 nimirum
1531 4884 1716 4940 dicens
1739 4926 1752 4950 ,
1804 4883 1870 4939 In
1903 4903 2042 4941 usus.

458 4986 573 5043 Non
605 4984 748 5043 enim
779 4982 948 5049 dixit,
979 4980 1143 5046 Mcos,
1178 4980 1271 5035 sed
1304 4989 1509 5039 tantum
1531 5021 1546 5044 ,
1585 4977 1650 5032 In
1679 4995 1801 5033 usus
1821 5018 1837 5045 ,
1870 4980 2047 5049 gravi-

460 5079 584 5132 tatis
610 5076 814 5131 scilicet
842 5084 896 5128 et
926 5072 1106 5128 decori
1139 5073 1403 5129 rationem
1432 5072 1635 5126 habens
1658 5112 1674 5136 ,
1707 5086 1817 5126 non
1846 5087 1910 5127 ex
1940 5071 2045 5128 hoc

457 5170 608 5233 solo,
640 5166 734 5221 sed
760 5167 921 5220 etiam
965 5179 1031 5223 ex
1061 5179 1127 5218 eo
1153 5163 1293 5237 quod
1332 5163 1602 5231 sequitur.
1635 5161 1765 5221 Nam
1793 5162 2047 5233 quoniam

460 5258 513 5314 id
541 5258 742 5312 humile
771 5255 1024 5327 quiddam
1053 5268 1176 5310 esse
1214 5269 1319 5308 non
1349 5252 1631 5325 ignorabat
1657 5294 1673 5320 ,
1704 5268 1892 5309 rursus
1921 5267 2047 5309 cor-

459 5351 696 5407 rectione
742 5348 972 5423 quadam
1020 5347 1358 5404 communit:
1391 5345 1608 5402 l'l.Non
1653 5346 1793 5417 quod
1835 5361 2044 5416 quam,

457 5441 669 5512 inquit,
699 5440 920 5501 datum:
962 5438 1104 5511 quod
1130 5449 1285 5495 antea
1312 5438 1543 5505 dixerat,
1571 5437 1694 5493 Non
1726 5439 1874 5509 quasi
1922 5455 2047 5513 pro-

459 5544 570 5603 pter
585 5532 846 5602 penuriam
871 5533 1006 5600 dico,
1033 5532 1171 5588 idem
1201 5532 1510 5602 signiﬁcans
1534 5550 1547 5586 :
1570 5547 1893 5603 quamquam
1916 5532 2048 5589 illud

460 5623 634 5693 majus
661 5632 745 5679 est
767 5664 783 5689 ,
832 5638 992 5694 quam
1024 5625 1146 5679 hoc.
1178 5623 1340 5679 Aliud
1371 5624 1514 5679 enim
1545 5633 1624 5678 est
1648 5665 1664 5690 ,
1714 5639 1836 5680 cum
1864 5624 2046 5690 desit,

461 5729 566 5770 non
598 5728 879 5783 qmerere;
923 5713 1100 5780 aliud,
1131 5729 1251 5770 cum
1281 5714 1460 5779 desit,
1511 5731 1580 5772 ne
1609 5714 1799 5772 deesse
1826 5715 2045 5787 quidem

462 5815 672 5885 putare.
705 5802 828 5860 Non
854 5805 992 5875 quod
1019 5821 1214 5876 quaero,
1247 5807 1450 5877 inquit,
1478 5809 1657 5864 datum
1681 5851 1696 5874 ,
1727 5808 1817 5864 sed
1846 5810 2044 5879 requiro

461 5904 679 5971 fructum
704 5898 1044 5955 abundantem
1074 5898 1126 5954 in
1157 5900 1401 5957 rationein
1429 5913 1676 5974 vestram,
1708 5920 1813 5963 non
1838 5920 2036 5964 nteant.

3650 438 3756 495 292

2167 557 2329 616 Vides
2359 560 2592 617 fructum
2625 562 2732 617 illis
2759 561 2984 632 colligi?
3013 560 3128 621 Non
3158 574 3275 619 mea
3296 600 3314 631 ,
3346 562 3540 634 inquit,
3572 578 3757 630 causa.

2163 651 2259 707 sed
2287 663 2463 708 vestra
2494 653 2611 709 hzec
2630 653 2773 720 dico,
2808 653 2874 708 ad
2905 662 3141 708 vestram
3172 651 3398 709 salutem
3433 671 3448 709 :
3482 670 3583 726 ego
3612 656 3758 712 enim

2163 743 2288 799 dum
2316 745 2525 815 accipio
2548 788 2563 813 ,
2594 745 2727 800 nihil
2755 746 2973 811 lucror;
3004 746 3172 816 gratia
3202 746 3446 802 dantium
3474 756 3579 805 est.
3613 749 3755 803 Dan-

2165 834 2306 891 tibus
2337 837 2483 892 enim
2527 837 2635 892 illic
2662 846 2747 892 est
2793 838 3027 907 reposita
3059 853 3269 895 merces
3298 879 3313 905 ,
3359 840 3750 910 accipientibus

2162 941 2291 982 vero
2340 927 2426 983 hic
2467 939 2863 984 consumuntur
2890 945 3011 999 qua:
3040 931 3332 1001 accipiunt.
3386 932 3595 988 Rursus
3628 949 3752 990 cum

2161 1020 2425 1085 encomio,
2461 1030 2516 1075 et
2539 1021 2770 1093 quodam
2801 1023 3058 1092 egestatis
3088 1038 3272 1079 sensu.
3324 1025 3457 1080 Nam
3488 1029 3749 1098 quoniam

2160 1109 2391 1181 dixerat,
2431 1111 2549 1168 Non
2572 1129 2746 1186 quaero
2768 1130 2790 1178 ;
2818 1129 2885 1169 ne
2914 1130 3104 1172 rursus
3129 1117 3548 1188 negligentiores
3571 1119 3753 1191 faciat,

2165 1203 2358 1275 inquit,
2410 1205 2496 1263 18.
2550 1206 2736 1279 Recepi
2764 1216 2933 1262 autem
2974 1210 3166 1276 omnia,
3196 1220 3242 1265 et
3271 1210 3494 1267 abundo.
3542 1211 3599 1268 id
3629 1224 3710 1270 est
3734 1257 3750 1282 ,

2163 1312 2259 1368 per
2281 1297 2383 1354 hoc
2403 1298 2603 1358 donum
2636 1316 2754 1372 quae
2777 1302 2938 1357 etiam
2963 1304 3160 1359 omissa
3185 1304 3390 1360 fuerant
3412 1308 3750 1379 explevistis:

2161 1390 2304 1460 quod
2335 1390 2548 1447 illorum
2582 1393 2812 1448 maxime
2857 1394 3084 1452 incitare
3127 1397 3462 1452 alacritatem
3509 1408 3745 1468 poterat.

2160 1481 2294 1537 Nam
2315 1482 2403 1553 qui
2433 1482 2810 1554 benefaciunt,
2840 1495 3040 1559 quanto
3067 1488 3299 1558 majores
3326 1488 3377 1543 in
3404 1488 3745 1560 philosophia

2162 1587 2481 1645 progressus
2530 1575 2813 1643 fecerunt,
2846 1593 2913 1633 eo
2939 1580 3108 1649 magis
3138 1580 3363 1650 cupiunt
3390 1595 3486 1636 eos
3511 1621 3528 1648 ,
3562 1582 3755 1652 quibus

2159 1664 2564 1735 benefecerunt,
2596 1682 2718 1723 esse
2745 1678 2947 1739 gratos.
2981 1669 3172 1741 Recepi
3204 1672 3376 1725 omnia
3402 1711 3420 1739 ,
3452 1682 3499 1726 et
3525 1673 3749 1731 abundo.

2161 1755 2393 1813 Perinde
2419 1772 2481 1812 ac
2511 1758 2557 1813 si
2583 1757 2785 1814 diceret
2813 1776 2828 1815 :
2854 1776 2961 1815 non
2988 1761 3158 1816 solum
3188 1777 3308 1832 qua:
3329 1763 3602 1833 praeterito
3622 1776 3755 1820 tem.

2161 1863 2292 1919 pore
2321 1850 2519 1907 omissa
2550 1850 2779 1919 fuerant,
2812 1852 3145 1922 explevistis.
3177 1854 3271 1910 sed
3301 1856 3462 1910 etiam
3491 1857 3750 1926 majorem

2160 1940 2214 1995 in
2246 1940 2462 1997 modum
2490 1944 2800 2013 explevistis
2820 1984 2837 2011 ,
2868 1955 3028 2016 atque
3058 1946 3416 2001 exuberastis.
3455 1947 3658 2005 Deinde
3684 1964 3755 2006 ne

2160 2032 2265 2090 hoc
2290 2036 2392 2090 illis
2415 2037 2747 2107 exprobrare
2775 2037 3019 2094 videatur
3044 2080 3058 2103 ,
3089 2038 3213 2095 vide
3259 2040 3530 2110 quomodo
3575 2041 3750 2099 locum

2160 2129 2383 2182 muniat.
2419 2128 2681 2197 Quoniam
2726 2129 2975 2197 dixerat,
3009 2128 3133 2184 Non
3169 2131 3306 2202 quod
3335 2147 3507 2202 qua’ro
3550 2131 3747 2198 datum,

2158 2228 2234 2285 et,
2258 2218 2483 2273 Tandem
2502 2219 2801 2290 aliquando,
2824 2230 2879 2276 et
2898 2221 3212 2277 ostenderat
3227 2222 3466 2277 debitum
3486 2223 3537 2277 id
3562 2223 3748 2283 fuisse:

2161 2311 2265 2368 hoc
2290 2314 2434 2368 enim
2458 2312 2753 2383 signiﬁcat,
2783 2315 3026 2384 ἀπέχω,ἰά
3057 2324 3141 2371 est
3160 2356 3176 2382 ,
3222 2317 3426 2386 recipio
3452 2316 3604 2387 quasi
3624 2330 3753 2372 cen-

2158 2418 2277 2459 sum
2303 2445 2319 2472 ,
2347 2413 2401 2459 et
2427 2402 2629 2460 fruetus
2660 2420 2722 2461 ex
2752 2420 2881 2475 agro
2911 2424 2923 2459 :
2958 2422 3146 2461 rursus
3176 2407 3412 2462 ostendit
3451 2408 3598 2477 ipsos
3628 2409 3749 2477 plus

2158 2511 2317 2564 quam
2346 2495 2608 2551 deberent
2636 2497 2958 2566 praestitisse
2983 2537 2999 2564 ,
3029 2509 3084 2553 et
3116 2500 3289 2568 inquit
3318 2516 3332 2552 :
3365 2498 3554 2577 Recepi
3580 2509 3749 2560 autem

2159 2589 2351 2654 omnia,
2387 2598 2434 2643 et
2460 2587 2704 2656 abundo;
2731 2591 2954 2661 repletus
2990 2607 3122 2649 sum.
3171 2590 3287 2648 Non
3322 2592 3524 2661 absque
3549 2607 3706 2647 causa
3727 2630 3749 2668 ο

2159 2695 2335 2751 neque
2363 2696 2427 2735 ex
2455 2681 2616 2734 animi
2650 2680 2841 2737 affectu
2872 2681 2989 2738 haec
3014 2681 3170 2749 dico;
3203 2681 3297 2737 sed
3325 2683 3490 2757 quid?
3519 2684 3749 2755 Acceptis

2156 2772 2218 2826 ab
2248 2772 2599 2843 Epaphrodito
2614 2774 2969 2845 quwmisistis,
2997 2775 3202 2829 odorem
3220 2775 3502 2841 suavitatis,
3528 2776 3747 2833 hostiam

2155 2863 2534 2933 acceptabilem,
2565 2865 2847 2933 placentem
2870 2864 2996 2919 Deo.
3023 2864 3182 2935 Papae
3203 2866 3215 2919 !
3240 2881 3346 2936 quo
3369 2866 3593 2921 istorum
3626 2882 3746 2925 mu-

2156 2970 2257 3009 nus
2282 2954 2493 3009 evexit!
2542 2954 2658 3009 Non
2691 2970 2792 3026 ego
2819 2998 2832 3021 ,
2869 2956 3059 3025 inquit,
3104 2956 3323 3025 accepi,
3356 2956 3449 3011 sed
3484 2957 3623 3011 Deus
3652 2971 3748 3031 per

2155 3061 2263 3102 me.
2306 3046 2667 3114 Quamobrem
2694 3089 2708 3114 ,
2738 3048 2945 3103 etiamsi
2976 3063 3084 3103 non
3112 3063 3299 3119 egeam
3320 3088 3335 3114 ,
3380 3064 3485 3103 non
3531 3044 3633 3104 hoc
3660 3056 3745 3111 ta-

2153 3153 2276 3194 men
2307 3146 2548 3208 spectate
2580 3154 2594 3190 :
2626 3152 2749 3192 nam
2783 3153 2957 3209 neque
3003 3138 3144 3193 Deus
3184 3139 3415 3208 egebat,
3464 3149 3518 3194 et
3563 3148 3745 3201 tamen

2153 3230 2360 3299 accepit
2392 3247 2405 3282 :
2436 3229 2572 3285 adeo
2614 3237 2669 3284 ut
2696 3229 2875 3287 divina
2920 3229 3192 3303 Scriptura
3234 3246 3343 3284 non
3387 3231 3746 3294 reformidat-it

2152 3321 2334 3378 dicere
2353 3364 2370 3389 ,
2408 3321 2664 3376 Odoratus
2692 3332 2763 3376 est
2788 3319 3041 3375 Dominus
3064 3321 3271 3376 odorem
3297 3322 3563 3376 suavitatis
3586 3320 3741 3391 (Cen.

2153 3416 2206 3472 8.
2245 3416 2327 3487 9..)
2354 3458 2370 3484 ,
2399 3414 2544 3490 quod
2570 3431 2699 3471 sane
2727 3415 2958 3472 [atlantis
2985 3424 3089 3471 est.
3128 3414 3308 3476 Nostis
3335 3416 3500 3483 enim,
3532 3416 3703 3479 nostis
3724 3458 3742 3485 ,

2152 3518 2411 3582 quantum
2438 3524 2505 3565 ex
2534 3508 2717 3564 odoris
2741 3510 3005 3566 suavitate
3034 3508 3298 3565 afﬁciatur
3329 3510 3506 3564 anima
3537 3519 3740 3575 nostra,

2152 3610 2408 3674 quantum
2433 3601 2784 3672 iucunditatis
2809 3610 2864 3656 et
2895 3601 3184 3674 voluptatis
3212 3601 3409 3670 capiat.
3457 3600 3574 3656 Non
3612 3616 3745 3675 ergo

2152 3693 2422 3749 recusavit
2445 3691 2725 3769 Scriptura
2752 3692 2974 3747 verbum
2998 3691 3133 3747 adeo
3152 3692 3443 3747 humanum
3465 3702 3626 3763 atque
3648 3692 3750 3747 hu-

2153 3785 2283 3841 mile
2313 3786 2425 3841 Deo
2455 3785 2694 3840 tribuere
2723 3802 2738 3841 :
2771 3794 2830 3840 ut
2859 3785 3167 3841 hominibus
3188 3786 3497 3842 ostenderet
3527 3797 3744 3862 accepta

2154 3879 2392 3951 ipsorum
2422 3878 2563 3933 dona
2610 3877 2772 3934 fuisse
2805 3895 2820 3933 :
2850 3894 2956 3933 non
2985 3878 3130 3935 enim
3179 3879 3337 3934 nidor
3366 3895 3540 3950 neque
3569 3880 3747 3935 fumus

2154 3982 2372 4043 accepta
2414 3970 2681 4036 faciebat,
2715 3970 2809 4026 sed
2853 3972 3064 4031 animus
3092 3972 3182 4042 qui
3221 3971 3518 4037 oﬁ‘erebat;
3548 3973 3746 4044 alioqui

2152 4066 2285 4121 Cain
2306 4065 2466 4121 etiam
2488 4063 2629 4120 dona
2656 4063 2883 4119 fuissent
2910 4073 3150 4134 accepta.
3171 4065 3311 4119 Dixit
3334 4064 3493 4134 igitur
3510 4064 3745 4123 laetatum

2153 4170 2367 4230 quoque
2391 4156 2556 4211 Deum
2574 4170 2725 4221 esse;
2746 4164 2802 4210 et
2819 4154 3091 4225 quomodo
3111 4142 3351 4211 laetetur?
3374 4171 3478 4209 non
3500 4155 3642 4210 enim
3658 4156 3751 4213 ali-

2156 4259 2239 4307 ter
2261 4250 2505 4307 homines
2526 4248 2860 4309 didicissent.
2893 4248 3033 4319 Ergo
3059 4248 3150 4318 qui
3173 4248 3370 4302 nullius
3392 4248 3467 4302 rei
3499 4257 3582 4302 est
3608 4246 3749 4300 indi-

2154 4360 2274 4415 gus,
2290 4342 2418 4399 dicit
2442 4341 2600 4397 valde
2615 4356 2673 4396 se
2689 4340 2881 4406 lauari,
2900 4349 2956 4395 ut
2974 4355 3041 4394 ne
3061 4355 3124 4394 ex
3141 4354 3230 4407 eo,
3249 4338 3389 4409 quod
3414 4354 3519 4394 non
3541 4346 3746 4409 egeret,

2154 4435 2487 4507 negligentes
2513 4437 2661 4488 ﬁant.
2685 4432 2820 4487 Cum
2842 4446 2972 4487 vero
2993 4432 3238 4502 sequenti
3268 4442 3510 4504 tempore
3537 4439 3749 4486 uetera:

2158 4527 2371 4582 virtutis
2393 4524 2567 4591 obliti,
2595 4524 2677 4579 his
2700 4525 2829 4581 solis
2858 4524 3048 4585 hostiis
3074 4523 3443 4589 conﬁderent,
3474 4522 3597 4578 vide
3616 4539 3751 4591 quo-

2160 4620 2322 4679 modo
2339 4632 2525 4674 rursus
2555 4619 2702 4688 ipsos
2724 4618 2968 4687 corrigit,
2986 4617 3205 4673 dicens:
3234 4616 3502 4687 Numquid
3531 4611 3750 4679 mandu-

2155 4712 2280 4768 cabo
2304 4728 2484 4766 carnes
2513 4720 2779 4765 taurorum
2797 4712 2822 4765 ?
2842 4720 2930 4765 aut
2961 4712 3262 4782 sanguinem
3293 4711 3547 4768 hircorum
3566 4703 3749 4781 potaba

2156 4804 2330 4877 (Psal.
2349 4804 2556 4873 iii-ib)?
2574 4803 2686 4858 lloc
2702 4814 2756 4859 et
2782 4803 2980 4859 Paulus
3001 4803 3193 4874 inquit,
3216 4802 3335 4857 Non
3356 4802 3748 4873 qua:ro,inquit,

2155 4895 2443 4956 datum.i9.
2465 4894 2604 4952 Deus
2622 4904 2791 4949 autem
2805 4912 2944 4950 meus
2964 4896 3171 4961 impleat
3189 4911 3388 4949 omnem
3403 4895 3752 4948 necessitatem

2156 4999 2377 5045 vestram
2397 4987 2672 5042 secundum
2696 4988 2897 5043 divitias
2921 5005 3040 5043 suas
3062 4989 3115 5041 in
3135 4988 3300 5058 gloria
3317 4988 3369 5041 in
3386 4987 3585 5041 Christo
3601 4986 3750 5049 Iesu.

2225 5081 2280 5135 4.
2327 5079 2461 5134 Vide
2488 5094 2649 5149 quam
2698 5078 2860 5134 etiam
2904 5093 3197 5148 pauperum
3245 5093 3397 5133 more
3443 5078 3583 5138 bene
3630 5090 3752 5147 pre-

2154 5180 2327 5232 cetur.
2350 5171 2502 5240 Quod
2523 5173 2568 5226 si
2593 5173 2790 5227 Paulus
2828 5172 2966 5228 bene
2987 5178 3239 5245 precetur
3259 5171 3508 5233 dantibus
3533 5212 3549 5238 ,
3580 5171 3751 5230 multo

2154 5263 2333 5318 minus
2363 5278 2461 5317 nos
2491 5263 2594 5318 hoc
2626 5263 2806 5318 facere
2834 5263 3244 5330 erubescamus,
3275 5278 3399 5318 cum
3433 5264 3747 5333 accipimus.

2154 5353 2234 5410 Ne
2261 5370 2390 5411 vero
2415 5352 2743 5426 accipiamus
2767 5394 2783 5421 ,
2815 5364 3086 5425 tamquam
3132 5355 3231 5425 ipsi
3262 5371 3547 5427 egeamus,
3577 5370 3749 5427 neque

2156 5459 2339 5505 nostra
2367 5464 2528 5507 causa
2556 5447 2885 5519 gaudeamus
2909 5489 2926 5516 ,
2974 5448 3067 5504 sed
3100 5449 3336 5521 ipsorum
3373 5450 3636 5512 dantium.
3675 5450 3749 5506 Ita

2156 5552 2211 5597 et
2259 5542 2414 5597 nobis
2456 5541 2557 5597 erit
2605 5554 2817 5601 merces
2860 5550 2917 5596 et
2956 5542 3375 5612 accipientibus,
3423 5546 3468 5599 si
3512 5545 3750 5614 ipsorum

2156 5648 2319 5689 causa
2350 5635 2595 5689 hetemur
2646 5651 2661 5687 :
2708 5633 2779 5687 ita
2821 5648 2994 5705 neque
3025 5634 3450 5706 indignabimur,
3486 5650 3609 5692 cum
3642 5651 3751 5690 non

2156 5725 2403 5781 dederint
2429 5740 2449 5791 ,'
2477 5725 2575 5782 sed
2603 5725 2780 5796 potius
2810 5726 3024 5782 illorum
3067 5729 3240 5784 vicem
3282 5729 3587 5803 delebimus
3620 5745 3633 5779 :
3679 5729 3751 5783 ita

2157 5817 2319 5872 etiam
2346 5817 2637 5874 alacriores
2666 5817 2974 5886 reddemus,
3009 5819 3057 5878 si
3086 5820 3397 5887 doceamus.
3428 5835 3534 5879 neu
3567 5830 3749 5881 nostra

2088 5978 2099 5982 θ
2161 5923 2318 5966 causa
2351 5909 2466 5966 huc
2494 5923 2523 5965 a
2554 5909 2710 5969 nobis
2739 5908 2877 5971 ﬁeri.
2917 5908 3061 5970 Deus
3097 5922 3266 5969 autem
3309 5927 3448 5971 meus
3470 5954 3487 5981 ,
3532 5912 3747 5979 inquit.
