4184 6486
381 413 479 468 2:)!

373 545 496 601 μεν
513 543 532 592 ;
563 525 659 581 καὶ
687 524 872 589 πάλιν,
906 524 976 576 Τὸ
999 522 1167 593 ὑμῶν
1198 524 1580 592 περίσσευμα
1612 523 1714 576 ἵνα
1747 522 1984 591 γίνηται

379 625 470 687 εις
502 618 571 674 τὸ
593 618 846 672 ἐκείνων
882 617 1219 686 ὑστέρημα.
1258 616 1422 686 Ὁρᾷς
1450 614 1567 677 πῶς
1591 612 1982 683 ἐκοινώνησαν,

383 716 466 778 εἰς
513 712 673 781 λόγον
721 711 923 773 δόσεως
965 709 1074 762 τῶν
1121 707 1438 778 σαρκικῶν,
1473 708 1567 760 καὶ
1615 705 1832 777 λήψεως
1874 704 1986 758 τῶν

384 804 810 877 πνευματικῶν;
852 804 1062 873 Ὥσπερ
1096 800 1204 871 γάρ
1228 802 1276 852 οί
1318 799 1626 864 πωλοῦντες
1655 800 1750 852 καὶ
1783 797 1985 868 ἀγορά-

387 899 572 964 ζοντες
594 895 950 951 ’κοινωνοῦσιν
988 894 1258 965 ἀλλήλοις,
1285 893 1353 946 τὰ
1384 895 1515 963 παρ’
1551 892 1799 962 ἀλλήλων
1835 893 1986 944 ἀντι-

385 990 624 1053 διδόντες
665 988 848 1060 (τοῦτο
899 987 1009 1059 γάρ
1059 989 1176 1040 ἐστι
1239 985 1538 1053 κοινωνία),
1589 983 1732 1037 οὕτω
1777 983 1840 1054 δὴ
1891 985 1986 1036 καὶ

391 1083 654 1137 ἐνταῦθα.
688 1083 764 1136 Οὐ
798 1081 907 1152 γὰρ
938 1080 1106 1145 ἔστιν,
1141 1079 1240 1131 οὐκ
1264 1078 1376 1131 ἐστι
1402 1076 1607 1146 ταύτης
1643 1075 1744 1145 τῆς
1782 1076 1986 1145 ἀγορα-

389 1176 510 1240 σίας
543 1176 638 1229 καὶ
689 1173 963 1246 ἐμπορίας
1005 1189 1060 1224 τι
1100 1169 1538 1242 κερδαλεώτερον
1565 1183 1577 1196 ·
1623 1165 1834 1233 γίνεται
1888 1164 1986 1234 μὲν

387 1268 496 1340 γάρ
525 1269 582 1320 ἐν
614 1269 683 1338 τῇ
716 1269 808 1336 γῇ,
841 1265 1078 1317 τελεῖται
1104 1263 1160 1316 δέ
1184 1264 1241 1314 ἐν
1264 1260 1340 1331 τῷ
1373 1258 1587 1330 οὐρανῷ
1611 1274 1624 1288 ·
1650 1261 1698 1311 οἱ
1732 1259 1832 1328 μὲν
1859 1259 1989 1326 ἀγοσ

393 1359 650 1431 ράζοντες
699 1358 758 1409 ἐν
796 1359 861 1427 τῇ
910 1358 981 1427 γῇ
1025 1355 1320 1424 ἑστήκασιν
1346 1368 1358 1380 ·
1405 1349 1738 1421 ἀγοράζουσι
1783 1349 1840 1403 δέ
1893 1350 1987 1403 καὶ

391 1450 746 1522 συμφωνοῦσι
771 1447 843 1501 τὰ
870 1449 926 1500 ἐν
951 1450 1065 1512 τοῖς
1087 1447 1357 1516 οὐρανοῖς,
1384 1445 1580 1515 γηῖνην
1602 1441 1989 1506 κατατιθέντες

387 1546 489 1616 τὴν
518 1544 710 1615 τιμήν.

461 1642 532 1704 γ’.
577 1632 734 1687 Ἀλλὰ
766 1633 840 1704 μὴ
867 1630 1153 1701 καταγνῷς
1174 1646 1186 1659 °
1219 1629 1280 1682 οὐ
1304 1646 1407 1700 χρη
1419 1627 1603 1698 μάτων
1627 1627 1773 1680 ἐστὶν
1801 1625 1989 1696 ὠνητὰ

395 1726 463 1780 τὰ
492 1725 742 1796 οὐράνια,
777 1725 836 1778 οὐ
873 1724 944 1777 τὰ
993 1723 1252 1794 χρήματα
1290 1721 1430 1774 αὐτὰ
1476 1718 1771 1790 ἀγοράζει,
1809 1719 1924 1775 ἀλλ’
1957 1721 1990 1791 ή

392 1820 718 1892 προαίρεσις
745 1817 840 1870 τοῦ
865 1817 932 1871 τὰ
969 1817 1230 1887 χρήματα
1260 1813 1714 1879 καταϐάλλοντος,
1760 1815 1794 1884 ὴ
1836 1813 1990 1883 φιλο-

395 1913 582 1980 σοφία,
612 1913 672 1967 τδ
702 1911 809 1964 τῶν
836 1908 1110 1982 βιωτικῶν
1133 1909 1392 1979 ἀνωτέρω
1423 1902 1584 1971 εἶναι,
1617 1909 1650 1978 ὴ
1683 1905 1990 1978 φιλανθρω-

395 2007 520 2071 πία,
561 2007 594 2076 ή
630 2003 991 2075 ἐλεημοσύνη.
1043 2003 1197 2055 Ἐπεὶ
1225 2003 1274 2054 εί
1306 2001 1367 2054 τὸ
1397 1999 1660 2072 ἀργύριον
1694 1999 1987 2070 ἠγόραζεν,

395 2103 431 2171 ἠ
463 2098 532 2153 τά
569 2098 662 2152 δύο
688 2097 865 2151 λεπτὰ
896 2095 1280 2150 καταϐαλοῦσα
1317 2094 1470 2147 οὐδὲν
1511 2094 1578 2147 ἂν
1621 2093 1780 2147 ἔλαϐε
1812 2093 1988 2164 μέγα·

395 2189 585 2259 ἐπειδὴ
614 2188 670 2241 δέ
695 2187 758 2240 οὐ
781 2186 842 2240 τὸ
875 2185 1162 2258 ἀργύριον,
1188 2183 1304 2238 ἀλλ’
1329 2186 1362 2254 ἠ
1393 2183 1714 2256 προαίρεσις
1747 2183 1989 2253 ἴσχυσεν,

393 2282 576 2352 ἐκείνη
610 2283 794 2335 πᾶσαν
817 2279 1138 2351 προαίρεσιν
1167 2275 1580 2348 ἐπιδειξαμένη,
1608 2276 1785 2330 πάντα
1807 2274 1988 2328 ἔλαϐε.

393 2375 488 2448 Μὴ
518 2374 700 2427 τοίνυν
755 2371 1028 2440 λέγωμεν,
1070 2369 1153 2423 ὅτι
1199 2367 1387 2439 ὠνητὴ
1436 2365 1737 2438 χρημάτων
1772 2366 1918 2418 ἐστὶν
1957 2367 1992 2435 ἠ

395 2465 648 2538 βασιλεία
671 2481 685 2495 °
722 2464 785 2517 οὐ
816 2463 1119 2534 χρημάτων
1142 2501 1155 2525 ,
1188 2460 1327 2514 ἀλλὰ
1367 2460 1742 2531 προαιρέσεως
1772 2461 1874 2529 τῆς
1907 2459 1994 2513 διά

393 2556 702 2628 χρημάτων
749 2553 1224 2623 ἐπιδεικνυμένης.
1266 2549 1478 2604 Οὐκοῦν
1529 2551 1610 2602 δεῖ
1654 2551 1990 2622 χρημάτων,

393 2649 561 2720 φησίν
585 2666 600 2714 ;
629 2647 706 2700 Οὐ
724 2646 807 2699 δεῖ
835 2644 1156 2715 χρημάτων,
1178 2641 1318 2696 ἀλλά
1339 2641 1718 2713 προαιρέσεως
1741 2660 1752 2670 ·
1778 2640 1843 2694 ἂν
1863 2641 1996 2694 ταύ-

389 2757 495 2810 την
523 2739 674 2812 ἔχῃς,
711 2737 916 2806 δυνήσῃ
961 2735 1056 2788 καὶ
1093 2733 1180 2786 διὰ
1209 2733 1302 2786 δύο
1335 2733 1548 2786 λεπτῶν
1594 2732 1864 2802 ἀγοράσαι
1905 2730 1996 2783 τὸν

391 2831 626 2904 οὐρανόν
650 2846 663 2860 ·
702 2827 778 2899 μὴ
817 2825 985 2897 οὔσης
1022 2826 1078 2879 δέ
1111 2825 1338 2896 ταύτης,
1385 2825 1505 2879 οὐδέ
1543 2825 1714 2896 μυρία
1755 2823 1994 2878 τάλαντα

396 2920 600 2994 χρυσοῦ
629 2919 789 2973 τοῦτο
813 2918 1125 2988 δυνήσεται,
1156 2917 1296 2987 ὅπερ
1328 2917 1394 2969 τὰ
1429 2915 1522 2969 δύο
1552 2915 1745 2969 λεπτά.
1779 2916 1877 2969 Διά
1906 2915 1992 2982 τί;

401 3015 572 3069 Ὅταν
601 3013 711 3083 γὰρ
748 3010 921 3066 πολλὰ
947 3009 1106 3080 ἔχων,
1137 3009 1400 3062 ἐλάττονα
1437 3008 1771 3079 καταϐάλῃς,
1810 3007 1998 3078 ἐποίη-

401 3120 500 3168 σας
533 3103 633 3174 μέν
661 3099 1056 3170 ἐλεημοσύνην,
1096 3099 1156 3152 οὐ
1178 3097 1450 3170 τοσαύτην
1483 3098 1538 3151 δέ
1567 3099 1699 3169 ὅσην
1739 3100 1772 3168 ἡ
1809 3097 1955 3168 χήρα
1981 3115 1993 3127 ·

400 3196 461 3250 οὐ
497 3195 608 3266 γάρ
652 3192 790 3264 μετὰ
833 3191 1106 3261 τοσαύτης
1157 3189 1465 3262 προθυμίας
1507 3189 1840 3254 κατέϐαλες,
1877 3189 1996 3260 μεθ’

399 3290 533 3359 ὅσης
563 3285 711 3359 [514]
740 3285 924 3356 ἐκείνη
954 3302 969 3316 ο
1003 3283 1224 3337 πάντων
1256 3282 1365 3353 γὰρ
1394 3280 1592 3352 ἑαυτὴν
1624 3282 1996 3352 ἀπεστέρησε,

406 3380 607 3452 μᾶλλον
637 3379 694 3432 δέ
724 3379 827 3432 οὐκ
857 3377 1261 3447 ἀπεστέρησεν,
1299 3374 1435 3428 άλλὰ
1461 3374 1641 3428 πάντα
1671 3375 1840 3444 ἑαυτῇ
1865 3377 1997 3444 ἐχα-

410 3473 618 3546 ρίσατο.
654 3472 728 3525 Οὐ
753 3471 1032 3526 ταλάντων
1071 3468 1297 3542 χρυσοῦ,
1329 3468 1468 3522 ἀλλά
1494 3468 1756 3539 ποτηρίου
1784 3466 1995 3538 ψυχροῦ

405 3567 505 3638 τὴν
537 3566 809 3637 βασιλείαν
839 3565 1112 3635 ὑπέσχετο
1133 3565 1161 3616 ό
1191 3563 1344 3627 Θεὸς,
1383 3560 1521 3616 ἀλλά
1552 3559 1866 3631 προθυμίας
1892 3577 1904 3590 ·
1932 3559 1994 3612 οὐ

406 3656 660 3719 θανάτου,
689 3655 826 3710 ἀλλὰ
857 3653 1234 3726 προαιρέσεως
1263 3669 1277 3682 ·
1311 3651 1434 3704 ἐπεὶ
1458 3651 1575 3704 οὐδέ
1609 3650 1752 3720 μέγα
1780 3649 1831 3703 τί
1857 3652 1993 3704 ἐστι.

403 3753 470 3805 Τί
493 3753 600 3822 γάρ
631 3751 748 3804 ἐστι
774 3747 904 3820 μία⁸ν
933 3747 1110 3819 ψυχὴν
1138 3746 1360 3810 δοῦναι;
1393 3745 1635 3799 Ἔδωκεν
1665 3744 1761 3798 ἕνα
1796 3744 2000 3815 ἄνθρω-

405 3861 504 3896 πον
527 3861 540 3874 ·
577 3839 657 3906 εἷς
689 3843 747 3896 δέ
781 3841 1071 3913 ἄνθρωπος
1097 3840 1196 3892 οὐκ
1225 3838 1374 3891 ἔστιν
1407 3837 1682 3904 ἀντάξιος.
1733 3838 1863 3891 ’Ὅτι
1895 3837 1996 3890 καὶ

401 3935 474 3989 ἐν
501 3934 929 4002 Θεσσαλονίκῃ
954 3976 968 3995 ,
998 3933 1094 3986 καὶ
1117 3932 1281 3995 ἅπαξ
1308 3931 1406 3984 καὶ
1438 3929 1532 3997 δὶς
1555 3933 1643 3998 εὶς
1663 3930 1770 3997 τὰς
1795 3930 2000 4000 χρείας

398 4044 501 4096 μοι
539 4027 870 4096 ἐπέμψατε.
920 4023 1088 4080 Πάλιν
1125 4022 1271 4094 μέγα
1304 4021 1364 4074 τὸ
1409 4020 1688 4092 ἐγκώμιον
1711 4060 1726 4085 ,
1765 4022 1904 4090 εἴγε
1941 4021 1998 4075 ἐν

402 4120 469 4187 τῇ
519 4116 854 4188 μητροπόλει
891 4113 1224 4184 καθήμενος,
1266 4111 1416 4183 παρὰ
1460 4111 1560 4180 τῆς
1598 4111 1802 4181 μικρᾶς
1847 4109 1999 4180 ἐτρέ-

405 4225 538 4278 φετο
572 4208 800 4271 πόλεως.
850 4206 962 4259 Καὶ
993 4206 1130 4275 ὅρα·
1169 4205 1258 4257 ἵνα
1297 4203 1372 4274 μὴ
1414 4201 1708 4264 διαπαντὸς
1761 4199 1999 4265 ἐξέλκων

404 4302 598 4354 ἑαυτὸν
625 4303 723 4371 τῆς
754 4299 965 4370 χρείας,
999 4299 1136 4366 ὅπερ
1167 4293 1320 4349 εἷπον
1355 4293 1665 4367 προλαϐὼν,
1694 4294 1999 4366 ῥᾳθυμοτέ-

404 4409 534 4464 ρους
565 4392 792 4466 ποιήσῃ,
820 4390 909 4444 διὰ
944 4389 1216 4442 τοσούτων
1245 4387 1445 4454 δείξας,
1485 4388 1565 4440 ὅτι
1596 4387 1657 4439 οὐ
1696 4387 1884 4452 δεῖται,
1921 4385 2001 4438 ἐνὶ

408 4483 558 4554 μόνῳ
579 4481 738 4535 τοῦτο
769 4482 929 4552 δῆλον
963 4481 1244 4550 ἐποίησεν,
1277 4477 1471 4543 εἰπὼν,
1503 4481 1606 4544 Εἰς
1629 4479 1735 4543 τὰς
1758 4478 1961 4547 χρείας
1983 4493 1996 4507 ⁸

404 4577 501 4631 καὶ
534 4577 637 4630 οὐκ
672 4571 792 4629 εἶπε
815 4615 831 4639 ,
866 4575 977 4638 Τάς
1021 4573 1194 4644 ἐμάς,
1231 4573 1345 4626 ἀλλ’
1386 4573 1573 4636 ἁπλῶς
1595 4615 1608 4637 ,
1653 4571 1749 4625 τοῦ
1799 4571 1998 4641 σεμνοῦ

405 4669 808 4740 ἐπιμελόμενος
833 4686 848 4700 ο
877 4668 937 4721 οὐ
967 4667 1127 4720 τοῦτο
1155 4667 1213 4720 δὲ
1245 4667 1426 4736 μόνον,
1467 4665 1602 4719 ἀλλὰ
1634 4665 1728 4718 καὶ
1757 4665 1818 4718 τὸ
1849 4663 1998 4734 ἑξῆς.

415 4763 639 4833 Ἐπειδὴ
663 4760 773 4831 γὰρ
801 4761 1010 4814 συνεῖδε
1042 4759 1251 4830 σφόδρα
1281 4759 1537 4811 ταπεινὸν
1558 4757 1639 4819 ὃν,
1673 4757 1836 4812 πάλιν
1868 4757 2000 4812 αὐτὸ

401 4858 470 4926 τῇ
505 4851 889 4924 ἐπιδιορθώσει
925 4851 1308 4922 άσφαλίζεται,
1341 4850 1514 4919 λέγων
1539 4867 1552 4880 ·
1589 4853 1713 4920 Οὐχ
1750 4850 1840 4904 ὅτι
1873 4851 1999 4903 ἐπι-

402 4946 574 5014 ζητῶ,
619 4947 816 5015 λέγων,
852 4947 917 5000 τὸ
955 4947 1129 5016 δόμα.
1176 4948 1354 5018 Ὅπερ
1386 4945 1538 4999 εἶπεν
1571 4947 1706 5008 άνω,
1753 4949 1878 5016 Οὐχ
1911 4945 1999 5000 ὅτι

399 5040 533 5092 καθ’
559 5036 895 5105 ὑστέρησιν
920 5039 1101 5107 λέγω.
1139 5037 1198 5090 τὸ
1231 5038 1362 5090 αὐτὸ
1387 5037 1582 5107 δηλῶν,
1617 5038 1664 5089 εἰ
1697 5037 1792 5090 καὶ
1823 5039 2000 5090 ἐκεῖνο

399 5129 595 5182 τούτου
634 5129 816 5198 μεῖζόν
846 5131 1017 5182 ἐστιν.
1059 5128 1287 5201 Ἕτερον
1321 5128 1428 5199 γάρ
1473 5130 1620 5181 ἐστιν
1671 5126 2000 5198 ὑστεροῦντα

405 5219 482 5290 μὴ
518 5218 776 5290 ζητῆσαι,
809 5219 905 5272 καὶ
934 5219 1121 5290 ἕτερον
1157 5218 1214 5272 ἐν
1246 5218 1538 5288 ὐστερήσει
1569 5215 1698 5269 ὅντα
1747 5214 1880 5285 μηδέ
1913 5231 1999 5268 νο-

404 5309 584 5381 μίζειν
613 5306 979 5378 ὑστερεῖσθαι.
1035 5311 1159 5378 Οὐχ
1186 5309 1276 5362 ὅτι
1309 5304 1560 5375 ἐπιζητῶ
1587 5306 1653 5360 τὸ
1685 5306 1858 5377 δόμα,
1895 5323 1998 5376 φη-

403 5403 520 5468 σὶν,
559 5403 698 5457 ἀλλ’
725 5401 977 5469 ἐπιζητῶ
1024 5401 1133 5455 τὸν
1167 5400 1401 5470 καρπὸν
1443 5400 1548 5452 τὸν
1591 5399 1998 5460 πλεονάζοντα

399 5497 489 5561 εἰς
537 5495 726 5565 λόγον
771 5494 970 5564 ὑμῶν,
1022 5495 1123 5549 οὐκ
1168 5495 1326 5564 ἐμοῦ.
1385 5493 1547 5566 Ὁρᾷς
1592 5493 1736 5546 ὃτιὸ
1786 5491 1998 5563 καρπὸς

401 5585 637 5650 ἐκείνοις
674 5586 962 5652 τίκτεται;
999 5585 1077 5639 Δι’
1128 5586 1273 5658 ὑμᾶς
1317 5585 1491 5641 ταῦτα
1531 5585 1695 5653 λέγω,
1729 5585 1885 5654 φησὶ,
1931 5585 1993 5638 οὐ

400 5676 472 5729 δι’
499 5676 760 5748 ἐμαυτὸν,
813 5678 894 5742 είς
927 5675 1028 5748 τὴν
1063 5675 1335 5748 ὑμετέραν
1384 5677 1695 5748 σωτηρίανο
1750 5674 1860 5744 ἐγὼ
1887 5674 1996 5746 γὰρ

403 5765 558 5820 οὐδὲν
598 5765 869 5835 κερδαίνω
924 5765 1221 5838 λαμϐάνων
1247 5781 1260 5796 ο
1314 5765 1422 5819 τῶν
1469 5765 1720 5820 διδόντων
1761 5766 1911 5820 ἐστὶν
1961 5766 1995 5837 ἠ

401 5857 584 5930 χάρις.
640 5857 766 5922 Τοῖς
817 5856 918 5930 μὲν
969 5857 1079 5930 γὰρ
1125 5855 1358 5915 διδοῦσιν
1405 5858 1523 5915 ἐκεῖ
1574 5858 1904 5930 φυλάττεται
1959 5861 1992 5933 ὴ

1256 404 1325 460 ΙΝ
1361 402 1583 463 EPIST.
1627 405 1718 460 AD
1752 398 2051 458 PlllLlPP.
2089 399 2245 458 CAP.
2293 403 2380 459 IV.
2426 406 2661 462 HOMIL.
2708 407 2824 462 XV.

3571 411 3678 467 293

2087 519 2288 590 ἀμοιϐή
2310 537 2322 550 ·
2351 522 2460 585 τοῖς
2487 523 2544 576 δέ
2571 524 2942 594 λαμϐάνουσιν
2969 524 3208 580 ἐνταῦθα
3231 525 3584 583 ἀναλίσκεται
3610 535 3678 583 τι

2085 611 2360 682 διδόμενα.
2395 615 2562 669 Πάλιν
2593 617 2712 685 μετ’
2747 616 3025 686 ἐγκωμίου
3058 617 3155 670 καὶ
3190 617 3550 688 συμπαθείας,
3585 623 3681 672 καὶ

2084 703 2146 756 τὸ
2173 703 2464 774 χρῄζεινιι.
2525 707 2742 778 Ἐπειδὴ
2790 709 2898 780 γὰρ
2933 704 3106 774 εἶπεν,
3140 711 3223 763 Οὐ
3257 708 3425 778 ζητῶ,
3469 711 3555 765 ἵνα
3605 713 3679 782 μὴ

2087 795 2249 848 πάλιν
2304 794 2709 868 ῥᾳθυμοτέρως
2763 799 3001 872 ποιήσῃ,
3054 798 3258 870 φησίν·
3337 798 3567 869 Ἀπέχω
3611 800 3682 853 δὲ

2087 886 2305 952 πάντα,
2347 889 2443 942 καὶ
2487 891 2847 956 περισσεύω.
2887 891 3174 958 Τουτέστι,
3213 892 3300 945 διά
3333 892 3539 963 ταύτης
3579 895 3678 964 τῆς

2085 979 2284 1042 δόσεως
2309 979 2403 1031 καὶ
2435 981 2502 1032 τὰ
2531 979 2971 1048 παραλειφθέντα
3001 982 3377 1053 ἐπληρώσατε,
3407 983 3544 1054 ὅπερ
3575 985 3680 1054 μά-

2086 1071 2242 1125 λιστα
2271 1072 2714 1146 προθυμοτέρους
2756 1068 2824 1143 ἦν
2853 1074 3100 1144 ποιῆσαι.
3143 1074 3298 1144 Ὄσῳ
3330 1075 3440 1145 γὰρ
3477 1076 3542 1128 διν
3575 1069 3680 1128 ὦσι

2089 1163 2535 1236 φιλοσοφώτεροι,
2569 1163 2792 1235 ζητοῦσι
2815 1164 2910 1217 καὶ
2935 1164 3032 1228 τάς
3067 1166 3218 1236 παρά
3249 1165 3358 1219 τῶν
3386 1163 3444 1220 εὐ
3477 1167 3682 1221 παθόν-

2085 1275 2192 1310 των
2233 1257 2464 1330 χάριτας
2501 1258 2551 1309 οί
2590 1253 2649 1311 εὖ
2692 1258 2994 1321 ποιοῦντες.
3039 1260 3269 1327 Ἀπέχω
3312 1259 3533 1326 πάντα,
3580 1259 3681 1312 καὶ

2089 1348 2447 1416 πέρισσεύω.
2483 1348 2796 1414 Τουτέστιν,
2839 1351 2899 1403 οὐ
2945 1349 3106 1419 μόνον
3150 1349 3576 1421 ἀνεπληρώσατε
3615 1350 3684 1405 τὰ

2087 1440 2439 1510 ἐλλειφθέντα
2456 1443 2512 1494 ἐν
2533 1440 2610 1512 τῷ
2641 1442 2967 1514 παρελθόντι
3004 1443 3203 1514 χρόνῳ,
3226 1443 3364 1496 ἀλλά
3391 1445 3486 1496 καὶ
3514 1445 3685 1515 ὑπερ-

2088 1529 2332 1585 εϐάλετε.
2401 1530 2534 1586 Εἶτα
2573 1533 2660 1586 ἵνα
2694 1533 2768 1604 μὴ
2802 1533 2932 1606 δόξῃ
2967 1534 3054 1588 διὰ
3084 1534 3242 1588 τοῦτο
3274 1535 3548 1602 ἐγκαλεῖν,
3581 1536 3685 1605 ὅρα

2090 1623 2210 1687 πῶς
2259 1623 2738 1695 ἐπισφραγίζεται.
2802 1626 3023 1696 Ἐπειδὴ
3053 1625 3163 1696 γάρ
3198 1623 3374 1690 εἶπεν,
3419 1629 3544 1694 Οὐχ
3593 1625 3685 1678 ὅτι

2089 1715 2341 1784 ἐπιζητῶ
2370 1717 2434 1770 τὸ
2476 1717 2652 1786 δόμα,
2686 1719 2780 1772 καὶ
2817 1719 2922 1781 δτι,
2962 1716 3115 1784 Ἤδη
3155 1717 3320 1782 ποτὲ,
3360 1718 3457 1772 καὶ
3483 1717 3685 1784 ἔδειξεν

2093 1809 2177 1862 ὅτι
2231 1809 2421 1881 ὀφειλή
2485 1811 2604 1864 ἐστι
2656 1811 2718 1864 τὸ
2767 1813 3001 1883 πρᾶγμα
3057 1809 3260 1881 (τοῦτο
3318 1811 3429 1882 γάρ
3494 1812 3683 1873 ἐστιν,

2104 1901 2378 1971 Ἀπέχω)·
2403 1903 2565 1956 πάλιν
2587 1903 2858 1957 δείκνυσιν
2884 1905 2965 1957 δτι
3003 1903 3143 1976 ὑπὲρ
3172 1903 3391 1975 ὀφειλὴν
3414 1903 3683 1974 ἔπραξαν,

2091 1993 2187 2045 καί
2233 2010 2430 2064 φησιν·
2485 1993 2718 2064 Ἀπέχω
2755 1993 2974 2061 πάντα,
3024 1995 3123 2048 καὶ
3176 1997 3539 2064 περισσεύω,
3581 2011 3688 2049 πεο

2091 2087 2428 2156 πλήρωμαι.
2460 2089 2571 2158 Οὐχ
2604 2089 2794 2151 ἁπλῶς
2815 2130 2829 2153 ,
2873 2089 2995 2141 οὐδέ
3037 2090 3145 2142 ἀπὸ
3175 2088 3472 2152 διαθέσεως
3513 2087 3688 2142 ταῦτα

2091 2181 2257 2249 λέγω,
2299 2180 2432 2233 ἀλλὰ
2463 2180 2552 2246 τί;
2587 2182 2922 2250 Δεξάμενος
2949 2183 3110 2250 παρὰ
3157 2181 3589 2250 Ἐπαφροδίτου
3615 2182 3690 2236 τὰ

2097 2275 2234 2342 παρ’
2268 2272 2456 2342 ὑμῶν,
2489 2273 2692 2341 ὀσμὴν
2743 2272 3018 2339 εὐωδίας,
3055 2275 3276 2327 θυσίαν
3311 2273 3555 2340 δεκτὴν,
3587 2275 3690 2327 εὑ-

2093 2364 2353 2433 άρεστον
2398 2363 2479 2430 τῷ
2516 2363 2658 2430 Θεῷ.
2702 2365 2896 2432 Βαϐαῖ,
2940 2364 3044 2418 ποῦ
3078 2365 3140 2418 τὸ
3170 2365 3344 2436 δῶρον
3375 2365 3556 2419 αὐτῶν
3587 2369 3685 2419 ἀν-

2095 2459 2338 2528 ήγαγεν)
2400 2458 2514 2511 Οὐκ
2573 2456 2706 2526 ἐγὼ,
2759 2458 2964 2527 φησιν,
3027 2456 3241 2523 ἔλαϐον,
3297 2459 3396 2511 οὐκ
3457 2457 3690 2525 ἔλαϐον,

2096 2548 2248 2622 [515]
2280 2549 2394 2602 ἀλλ’
2421 2550 2449 2602 ὁ
2471 2549 2601 2610 Θεὸς
2623 2548 2688 2601 δι’
2719 2549 2873 2618 ἐμοῦ.
2905 2548 3092 2614 Ὥστε,
3125 2550 3230 2602 κᾶν
3245 2548 3356 2617 ἐγὼ
3383 2550 3457 2619 μὴ
3480 2548 3691 2620 χρῄζω,

2098 2643 2173 2714 μὴ
2208 2642 2418 2712 μελέτω
2448 2642 2577 2710 ὑμῖν
2603 2657 2617 2671 ⁶
2647 2642 2768 2693 ἐπεὶ
2790 2641 2910 2693 οὐδέ
2941 2641 2969 2693 ὁ
2990 2641 3126 2704 Θεὶς
3167 2641 3389 2715 ἔχρῃζε,
3423 2642 3517 2695 καὶ
3540 2643 3692 2712 ὅμως

2095 2735 2412 2805 ἀπεδέχετο,
2451 2733 2626 2797 οὕτως
2667 2733 2742 2797 ὡς
2781 2734 2916 2805 μηδέ
2950 2737 3336 2804 παραιτεῖσθαι
3382 2738 3557 2790 εἰπεῖν
3591 2739 3692 2807 τὴν

2099 2823 2249 2877 θείαν
2297 2825 2556 2896 Γραφὴν,
2593 2825 2676 2876 ὅτι
2721 2825 3058 2893 Ὡσςβράνθη
3103 2828 3136 2879 ό
3175 2827 3320 2893 Θεὸς
3356 2826 3560 2896 ὀσμὴν
3594 2830 3694 2881 εὐ-

2102 2915 2306 2982 ωδίας,
2333 2917 2470 2986 ὅπερ
2505 2911 2574 2988 ἦν
2602 2917 3056 2986 εὐφραινομένου.
3081 2919 3226 2970 Ἴστε
3260 2918 3392 2988 γάρ,
3428 2920 3540 2972 ίστε
3575 2919 3694 2987 πῶς

2096 3008 2395 3062 δια-τίθεται
2449 3007 2608 3080 ἡμῶν
2655 3009 2688 3079 ἡ
2732 3007 2880 3080 ψυχὴ
2933 3012 3026 3062 ἐπὶ
3078 3012 3202 3074 ταῖς
3251 3011 3522 3078 εὐωδίαις,
3575 3011 3696 3074 πῶς

2097 3101 2485 3173 εὐφραίνεται,
2522 3101 2639 3164 πῶς
2672 3101 2958 3169 γάννυται.
3004 3104 3079 3156 Οὐ
3116 3108 3477 3175 παρῃτήσατο
3516 3103 3695 3157 τοίνυν

2097 3197 2277 3250 εἰπεῖν
2314 3194 2442 3264 περὶ
2470 3193 2605 3247 θεοῦ
2632 3192 2974 3265 ἀνθρώπινον
2997 3193 3139 3247 οὕτω
3184 3195 3340 3266 ῥῆμα
3374 3196 3470 3248 κα)⁸
3497 3212 3694 3248 ταπει-

2097 3289 2186 3342 νὸν
2209 3289 2242 3357 ἠ
2268 3287 2483 3359 Γραφὴ,
2515 3287 2601 3340 ἵνα
2627 3289 2737 3351 τοῖς
2772 3286 3083 3359 ἀνθρώποις
3109 3286 3278 3360 δείξῃ,
3311 3288 3394 3340 δτι
3432 3287 3596 3342 δεκτά
3624 3289 3695 3342 τὰ

2099 3381 2231 3451 παρ’
2273 3381 2452 3436 αὐτῶν
2480 3381 2630 3451 δῶρα
2657 3380 2902 3450 γέγονεν.
2935 3381 3010 3435 Οὐ
3050 3381 3160 3452 γὰρ
3191 3381 3223 3451 ή
3268 3380 3480 3444 κνίσσα,
3515 3380 3634 3433 οὐδέ
3666 3382 3697 3434 ὁ

2099 3474 2306 3538 καπνὸς
2343 3473 2508 3527 δεκτὰ
2546 3474 2742 3535 ἐποίει,
2779 3474 2894 3527 ἀλλ’
2927 3476 2958 3545 ὴ
3009 3475 3331 3546 προαίρεσις
3376 3477 3408 3546 ὴ
3449 3475 3693 3546 προσφέ-

2102 3581 2305 3638 ρουσα·
2334 3565 2476 3630 ἐπεὶ,
2519 3567 2565 3618 εί
2607 3565 2766 3618 τοῦτο
2795 3560 2884 3637 ἦν,
2920 3566 3018 3619 καὶ
3053 3566 3121 3619 τά
3157 3565 3310 3636 παρὰ
3330 3567 3422 3620 τοῦ
3454 3568 3593 3620 Κάῖν
3625 3565 3694 3620 ἂν

2097 3657 2314 3728 ἐδέχθη.
2370 3653 2534 3710 Εἶπεν
2585 3653 2698 3723 οὖν,
2743 3657 2825 3711 ὅτι
2873 3658 2968 3711 καὶ
3001 3657 3390 3729 εὐφραίνεται,
3426 3659 3521 3712 καὶ
3575 3657 3695 3723 πῶς

2097 3751 2449 3822 εὐφραίνεται
2476 3766 2490 3780 ·
2529 3750 2590 3804 οὐ
2626 3750 2735 3823 γάρ
2757 3752 2824 3803 ἂν
2852 3750 3027 3814 ἄλλως
3055 3749 3260 3822 έμαθον
3299 3752 3349 3803 οί
3385 3750 3690 3822 ἄνθρωποι.

2110 3843 2169 3896 Ὀ
2197 3843 2380 3896 τοίνυν
2405 3841 2479 3913 μὴ
2505 3843 2560 3895 ἐν
2590 3843 2752 3914 χρείᾳ
2782 3840 3063 3905 καθεστὼς
3086 3841 3234 3910 λέγει
3264 3841 3438 3904 οὕτως
3465 3841 3694 3913 εὐφραί-

2098 3935 2320 4000 νεσθαι,
2361 3935 2448 3988 ἵνα
2486 3935 2559 4006 μή
2598 3933 2684 3986 δια
2714 3935 2774 3986 τὸ
2817 3933 3064 3996 ἁνενδεές
3110 3934 3347 4008 ρᾴθυμοι
3402 3935 3689 4002 γένωνται.

2099 4026 2212 4080 Καὶ
2242 4027 2331 4078 ὅτε
2365 4025 2551 4083 λοιπὸν
2574 4024 2674 4095 τῆς
2708 4025 2875 4095 ἄλλης
2912 4025 3113 4095 ἀρετῆς
3137 4025 3534 4096 ἀμελήσαντες,
3561 4024 3694 4084 ταύ-

2099 4135 2222 4181 ταις
2253 4118 2556 4194 ἐθάρῤουν,
2591 4119 2693 4187 ὅρα
2735 4117 2850 4179 πῶς
2909 4116 3071 4170 πάλιν
3106 4117 3416 4188 διορθοῦται
3456 4118 3692 4183 αὐτοὺς,

2098 4211 2276 4278 λέγων
2300 4227 2312 4239 ·
2348 4215 2406 4264 Μ
2413 4211 2444 4278 η
2463 4210 2733 4282 φάγωμαι
2766 4209 2911 4276 κρέα
2937 4210 3190 4278 ταύρων,
3225 4207 3262 4276 ἡ
3284 4204 3428 4278 αἷμα
3461 4208 3696 4278 τράγων

2099 4305 2356 4371 πίωμαι;
2395 4302 2568 4354 Τοῦτο
2618 4301 2714 4353 καὶ
2756 4299 2970 4364 Παῦλός
3021 4317 3221 4371 φησιν,
3285 4302 3408 4353 Οὐκ
3444 4298 3695 4368 ἐπιζητῶ

2099 4395 2167 4447 τὸ
2191 4393 2365 4462 δόμα.
2417 4391 2481 4443 '0
2508 4390 2576 4443 δὲ
2604 4391 2746 4456 Θεός
2772 4407 2891 4458 μου
2925 4389 3233 4458 πληρώσει
3257 4387 3465 4444 πᾶσαν
3486 4390 3696 4459 χρείαν

2099 4485 2270 4555 ὑμῶν
2291 4485 2442 4538 κατὰ
2458 4484 2564 4538 τὸν
2581 4484 2856 4538 πλοῦτον
2877 4482 3067 4539 αὑτοῦ
3089 4483 3158 4538 ἐν
3181 4482 3353 4552 δόξῃ,
3379 4483 3448 4536 ἐν
3464 4483 3697 4552 Χριστῷ

2111 4578 2340 4645 Ἰησοῦ.

2173 4673 2234 4724 δ’.
2273 4674 2415 4742 Ὅρα
2451 4671 2570 4735 πῶς
2597 4671 2690 4725 καὶ
2724 4670 3040 4740 ἐπεύχεται,
3083 4669 3339 4741 καθάπερ
3361 4673 3408 4723 οἱ
3439 4669 3695 4738 πένητες.

2100 4762 2162 4815 Εἰ
2193 4762 2250 4814 δὲ
2295 4761 2504 4824 Παῦλος
2539 4759 2830 4831 ἐπεύχεται
2857 4761 2967 4821 τοῖς
2997 4757 3219 4823 διδοῦσι,
3276 4755 3454 4826 πολλῷ
3495 4754 3696 4824 μᾶλλον

2098 4855 2262 4924 ἡμεῖς
2293 4853 2367 4923 μὴ
2395 4851 2784 4923 αἰσχυνώμεθα
2807 4851 2872 4902 λα
2883 4850 3179 4919 μϐάνοντες
3198 4848 3358 4901 τοῦτο
3380 4849 3571 4905 ποιεῖν,
3604 4845 3695 4914 Μὴ

2099 4947 2163 5018 δὴ
2193 4946 2582 5016 λαμϐάνωμεν,
2605 4944 2680 5006 ὡς
2715 4943 2867 4996 αὐτοὶ
2890 4941 3204 5013 χρῄζοντες,
3248 4940 3383 5013 μηδὲ
3413 4940 3696 5009 χαίρωμεν

2099 5042 2131 5110 ὴ
2142 5038 2257 5109 μῶν
2286 5039 2494 5100 ἕνεκεν,
2527 5036 2665 5090 ἀλλὰ
2688 5036 2798 5088 τῶν
2820 5035 3074 5088 διδόντων
3105 5034 3300 5088 αὐτῶν.
3337 5032 3524 5096 Οῦτως
3560 5035 3696 5102 ἡμῖν

2099 5133 2254 5188 ἔσται
2308 5129 2499 5200 μισθὸς
2539 5130 2632 5183 καὶ
2663 5128 3052 5199 λαμϐάνουσιν,
3099 5127 3165 5183 ἂν
3195 5128 3262 5180 δι’
3302 5127 3541 5187 ἐκείνους
3576 5123 3697 5193 χαί-

2099 5241 2284 5298 ρωμεν
2307 5239 2321 5253 ·
2353 5222 2525 5285 οὔτως
2545 5222 2643 5275 οὐκ
2665 5222 3140 5293 ἀγανακτήσομεν,
3174 5221 3247 5292 μὴ
3268 5221 3540 5280 διδόντων,
3565 5217 3696 5287 μᾶλ-

2097 5317 2189 5371 λον
2233 5316 2290 5370 δέ
2322 5313 2632 5385 ἀλγήσομεν
2665 5313 2734 5368 δι’
2770 5313 2968 5378 αὐτούς
2993 5329 3005 5341 ·
3049 5312 3194 5367 οὕτω
3229 5313 3323 5366 καὶ
3350 5309 3694 5382 προθυμοτέο·

2101 5429 2228 5484 ρους
2249 5408 2616 5482 ἐργασόμεθα,
2641 5407 2707 5462 ἂν
2728 5408 3090 5476 διδάσκωμεν,
3113 5407 3192 5460 ὅτι
3215 5406 3313 5476 οὐχ
3336 5407 3368 5476 ἡ
3377 5405 3492 5475 μῶν
3508 5403 3694 5456 ἕνεκεν

2095 5503 2270 5558 ταῦτα
2299 5503 2631 5572 πράττομεν.
2665 5499 2732 5552 Ὀ
2763 5497 2831 5551 δὲ
2859 5499 3004 5563 Θεός
3025 5515 3167 5566 μου,
3205 5496 3361 5565 φησὶ,
3383 5492 3693 5562 πληρώσει

2097 5597 2306 5652 πᾶσαν
2326 5596 2534 5666 χρείαν
2553 5591 2737 5664 ὑμῶν,
2768 5591 2800 5662 ἢ
2827 5591 3006 5644 πᾶσαν
3020 5591 3202 5662 χάριν,
3231 5589 3268 5659 ἢ
3290 5591 3470 5643 πᾶσαν
3493 5587 3690 5659 χαράν.

2110 5689 2251 5744 Ἀλλ’
2282 5689 2347 5744 ἂν
2375 5687 2475 5760 μὲν
2504 5682 2559 5761 ᾗ,
2582 5685 2794 5741 Πᾶσαν
2807 5681 3005 5753 χάριν,
3036 5682 3111 5754 μὴ
3136 5679 3341 5754 ταύτην
3364 5681 3522 5754 μόνον
3537 5679 3692 5751 φησὶ,

2164 5869 2185 5898 ε
2211 5864 2424 5929 lntcrpr.
2455 5861 2642 5927 legisse
2667 5858 2866 5912 videtur
2892 5859 2973 5910 καὶ
2995 5855 3080 5908 τοῦ
3100 5857 3289 5921 χρῄζειν
