  <div class='ocr_page' id='page_1' title='image "/cluster/home/n/w/nwhite01/storage/ocr_20150623/62:no.11/coo.31924054869627/299.png"; bbox 0 0 4184 6500; ppageno 0'>
   <div class='ocr_carea' id='block_1_1' title="bbox 513 413 622 467">
    <p class='ocr_par' dir='ltr' id='par_1_1' title="bbox 513 413 622 467">
     <span class='ocr_line' id='line_1_1' title="bbox 513 413 622 467; baseline 0 -1"><span class='ocrx_word' id='word_1_1' title='bbox 513 413 622 467; x_wconf 68' lang='lat'>293</span> 
     </span>
    </p>
   </div>
   <div class='ocr_carea' id='block_1_2' title="bbox 511 518 2091 592">
    <p class='ocr_par' dir='ltr' id='par_1_2' title="bbox 511 518 2091 592">
     <span class='ocr_line' id='line_1_2' title="bbox 511 518 2091 592; baseline -0.003 -16"><span class='ocrx_word' id='word_1_2' title='bbox 511 525 613 592; x_wconf 85' lang='grc' dir='ltr'>τὴν</span> <span class='ocrx_word' id='word_1_3' title='bbox 641 522 733 576; x_wconf 74' lang='grc' dir='ltr'>ἐπὶ</span> <span class='ocrx_word' id='word_1_4' title='bbox 762 519 862 590; x_wconf 79' lang='grc' dir='ltr'>γῆς</span> <span class='ocrx_word' id='word_1_5' title='bbox 886 519 1278 590; x_wconf 86' lang='grc' dir='ltr'>ἐλεημοσύνην,</span> <span class='ocrx_word' id='word_1_6' title='bbox 1311 519 1444 573; x_wconf 88' lang='grc' dir='ltr'>ἀλλά</span> <span class='ocrx_word' id='word_1_7' title='bbox 1480 520 1587 574; x_wconf 82' lang='grc' dir='ltr'>πᾶν</span> <span class='ocrx_word' id='word_1_8' title='bbox 1617 518 1949 592; x_wconf 88' lang='grc' dir='ltr'>κατόρθωμα</span> <span class='ocrx_word' id='word_1_9' title='bbox 1971 536 1988 555; x_wconf 80' lang='grc' dir='ltr'><strong>ο</strong></span> <span class='ocrx_word' id='word_1_10' title='bbox 2024 522 2091 575; x_wconf 77' lang='grc' dir='ltr'>ἂν</span> 
     </span>
    </p>
   </div>
   <div class='ocr_carea' id='block_1_3' title="bbox 512 618 2094 694">
    <p class='ocr_par' dir='ltr' id='par_1_3' title="bbox 512 618 2094 694">
     <span class='ocr_line' id='line_1_3' title="bbox 512 618 2094 694; baseline -0.001 -16"><span class='ocrx_word' id='word_1_11' title='bbox 512 626 593 689; x_wconf 83' lang='grc' dir='ltr'>δέ,</span> <span class='ocrx_word' id='word_1_12' title='bbox 625 622 839 680; x_wconf 81' lang='grc' dir='ltr'>Πᾶσαν</span> <span class='ocrx_word' id='word_1_13' title='bbox 862 623 1092 693; x_wconf 85' lang='grc' dir='ltr'>χρείαν,</span> <span class='ocrx_word' id='word_1_14' title='bbox 1127 622 1264 694; x_wconf 83' lang='grc' dir='ltr'>ὅπερ</span> <span class='ocrx_word' id='word_1_15' title='bbox 1288 618 1442 693; x_wconf 70' lang='grc' dir='ltr'>οἶμαι</span> <span class='ocrx_word' id='word_1_16' title='bbox 1469 623 1565 676; x_wconf 77' lang='grc' dir='ltr'>καὶ</span> <span class='ocrx_word' id='word_1_17' title='bbox 1594 622 1794 694; x_wconf 71' lang='grc' dir='ltr'>μᾶλλον</span> <span class='ocrx_word' id='word_1_18' title='bbox 1815 622 2094 693; x_wconf 84' lang='grc' dir='ltr'>λέγεσθαι,</span> 
     </span>
    </p>
   </div>
   <div class='ocr_carea' id='block_1_4' title="bbox 513 721 2096 796">
    <p class='ocr_par' dir='ltr' id='par_1_4' title="bbox 513 721 2096 796">
     <span class='ocr_line' id='line_1_4' title="bbox 513 721 2096 796; baseline 0.001 -19"><span class='ocrx_word' id='word_1_19' title='bbox 513 723 673 779; x_wconf 89' lang='grc' dir='ltr'>τοῦτό</span> <span class='ocrx_word' id='word_1_20' title='bbox 734 725 882 777; x_wconf 84' lang='grc' dir='ltr'>ἐστιν</span> <span class='ocrx_word' id='word_1_21' title='bbox 936 723 965 775; x_wconf 79' lang='grc' dir='ltr'><strong>ὃ</strong></span> <span class='ocrx_word' id='word_1_22' title='bbox 997 721 1190 794; x_wconf 81' lang='grc' dir='ltr'>δηλοῦν</span> <span class='ocrx_word' id='word_1_23' title='bbox 1241 721 1521 793; x_wconf 85' lang='grc' dir='ltr'>βούλεται·</span> <span class='ocrx_word' id='word_1_24' title='bbox 1557 723 1745 795; x_wconf 78' lang='grc' dir='ltr'>ἐπειδὴ</span> <span class='ocrx_word' id='word_1_25' title='bbox 1789 723 2096 796; x_wconf 73' lang='grc' dir='ltr'>ἔμπροσθεν</span> 
     </span>
    </p>
   </div>
   <div class='ocr_carea' id='block_1_5' title="bbox 513 821 2097 895">
    <p class='ocr_par' dir='ltr' id='par_1_5' title="bbox 513 821 2097 895">
     <span class='ocr_line' id='line_1_5' title="bbox 513 821 2097 895; baseline -0.001 -19"><span class='ocrx_word' id='word_1_26' title='bbox 513 821 686 887; x_wconf 83' lang='grc' dir='ltr'>εἶπεν,</span> <span class='ocrx_word' id='word_1_27' title='bbox 718 821 1107 890; x_wconf 82' lang='grc' dir='ltr'>Ἦκαιρεῖσθε,</span> <span class='ocrx_word' id='word_1_28' title='bbox 1128 821 1324 891; x_wconf 79' lang='grc' dir='ltr'>ἐπάγει</span> <span class='ocrx_word' id='word_1_29' title='bbox 1344 823 1598 890; x_wconf 88' lang='grc' dir='ltr'>ἐνταῦθα,</span> <span class='ocrx_word' id='word_1_30' title='bbox 1628 823 1766 895; x_wconf 83' lang='grc' dir='ltr'>ὅπερ</span> <span class='ocrx_word' id='word_1_31' title='bbox 1791 824 1849 876; x_wconf 81' lang='grc' dir='ltr'>ἐν</span> <span class='ocrx_word' id='word_1_32' title='bbox 1869 825 1935 895; x_wconf 79' lang='grc' dir='ltr'>τῇ</span> <span class='ocrx_word' id='word_1_33' title='bbox 1961 822 2097 895; x_wconf 79' lang='grc' dir='ltr'>πρὸς</span> 
     </span>
    </p>
   </div>
   <div class='ocr_carea' id='block_1_6' title="bbox 513 921 2097 994">
    <p class='ocr_par' dir='ltr' id='par_1_6' title="bbox 513 921 2097 994">
     <span class='ocr_line' id='line_1_6' title="bbox 513 921 2097 994; baseline 0.001 -19"><span class='ocrx_word' id='word_1_34' title='bbox 513 923 831 994; x_wconf 82' lang='grc' dir='ltr'>Κορινθίους</span> <span class='ocrx_word' id='word_1_35' title='bbox 860 925 1006 976; x_wconf 82' lang='grc' dir='ltr'>ποιεῖ</span> <span class='ocrx_word' id='word_1_36' title='bbox 1032 923 1228 993; x_wconf 80' lang='grc' dir='ltr'>λέγων,</span> <span class='ocrx_word' id='word_1_37' title='bbox 1258 926 1313 976; x_wconf 89' lang='lat'><strong>&#39;0</strong></span> <span class='ocrx_word' id='word_1_38' title='bbox 1341 922 1720 994; x_wconf 74' lang='grc' dir='ltr'>ἐπιχορηγῶν</span> <span class='ocrx_word' id='word_1_39' title='bbox 1745 925 1987 993; x_wconf 79' lang='grc' dir='ltr'>σπέρμα</span> <span class='ocrx_word' id='word_1_40' title='bbox 2016 921 2097 989; x_wconf 86' lang='grc' dir='ltr'>τῷ</span> 
     </span>
    </p>
   </div>
   <div class='ocr_carea' id='block_1_7' title="bbox 513 1021 2097 1095">
    <p class='ocr_par' dir='ltr' id='par_1_7' title="bbox 513 1021 2097 1095">
     <span class='ocr_line' id='line_1_7' title="bbox 513 1021 2097 1095; baseline -0.001 -17"><span class='ocrx_word' id='word_1_41' title='bbox 513 1025 843 1093; x_wconf 75' lang='grc' dir='ltr'>σπείροντι,</span> <span class='ocrx_word' id='word_1_42' title='bbox 883 1023 982 1078; x_wconf 74' lang='grc' dir='ltr'>καὶ</span> <span class='ocrx_word' id='word_1_43' title='bbox 1010 1023 1194 1093; x_wconf 78' lang='grc' dir='ltr'>ἄρτον</span> <span class='ocrx_word' id='word_1_44' title='bbox 1221 1026 1309 1090; x_wconf 79' lang='grc' dir='ltr'>εις</span> <span class='ocrx_word' id='word_1_45' title='bbox 1326 1021 1564 1092; x_wconf 74' lang='grc' dir='ltr'>,βρῶσιν</span> <span class='ocrx_word' id='word_1_46' title='bbox 1602 1022 1957 1095; x_wconf 75' lang='grc' dir='ltr'>χορηγῆσαι,</span> <span class='ocrx_word' id='word_1_47' title='bbox 1997 1021 2097 1077; x_wconf 73' lang='grc' dir='ltr'>καί</span> 
     </span>
    </p>
   </div>
   <div class='ocr_carea' id='block_1_8' title="bbox 513 1120 2099 1193">
    <p class='ocr_par' dir='ltr' id='par_1_8' title="bbox 513 1120 2099 1193">
     <span class='ocr_line' id='line_1_8' title="bbox 513 1120 2099 1193; baseline 0.001 -19"><span class='ocrx_word' id='word_1_48' title='bbox 513 1124 817 1192; x_wconf 71' lang='grc' dir='ltr'>πληθύναι</span> <span class='ocrx_word' id='word_1_49' title='bbox 834 1122 942 1175; x_wconf 89' lang='grc' dir='ltr'>τὸν</span> <span class='ocrx_word' id='word_1_50' title='bbox 954 1122 1187 1192; x_wconf 80' lang='grc' dir='ltr'>σπόρον</span> <span class='ocrx_word' id='word_1_51' title='bbox 1198 1120 1386 1193; x_wconf 83' lang='grc' dir='ltr'>ὑμῶν,</span> <span class='ocrx_word' id='word_1_52' title='bbox 1407 1122 1503 1177; x_wconf 78' lang='grc' dir='ltr'>καὶ</span> <span class='ocrx_word' id='word_1_53' title='bbox 1523 1121 1790 1188; x_wconf 74' lang='grc' dir='ltr'>αὐξῆσαι</span> <span class='ocrx_word' id='word_1_54' title='bbox 1805 1122 1875 1176; x_wconf 83' lang='grc' dir='ltr'>τὰ</span> <span class='ocrx_word' id='word_1_55' title='bbox 1891 1121 2099 1192; x_wconf 74' lang='grc' dir='ltr'>γεννή-</span> 
     </span>
    </p>
   </div>
   <div class='ocr_carea' id='block_1_9' title="bbox 507 1206 2092 1299">
    <p class='ocr_par' dir='ltr' id='par_1_9' title="bbox 507 1206 2092 1299">
     <span class='ocr_line' id='line_1_9' title="bbox 507 1206 2092 1299; baseline -0.001 -18"><span class='ocrx_word' id='word_1_56' title='bbox 507 1244 668 1297; x_wconf 84' lang='grc' dir='ltr'><em>ματα</em></span> <span class='ocrx_word' id='word_1_57' title='bbox 688 1225 798 1295; x_wconf 85' lang='grc' dir='ltr'>τῆς</span> <span class='ocrx_word' id='word_1_58' title='bbox 818 1227 1212 1296; x_wconf 80' lang='grc' dir='ltr'>δικαιοσύνης</span> <span class='ocrx_word' id='word_1_59' title='bbox 1228 1227 1411 1298; x_wconf 86' lang='grc' dir='ltr'>ὑμῶν.</span> <span class='ocrx_word' id='word_1_60' title='bbox 1428 1226 1748 1297; x_wconf 84' lang='grc' dir='ltr'>Ἐπεύχεται</span> <span class='ocrx_word' id='word_1_61' title='bbox 1765 1206 1872 1299; x_wconf 76' lang='grc' dir='ltr'>γάρ</span> <span class='ocrx_word' id='word_1_62' title='bbox 1893 1227 2092 1294; x_wconf 86' lang='grc' dir='ltr'>αὐτοῖς,</span> 
     </span>
    </p>
   </div>
   <div class='ocr_carea' id='block_1_10' title="bbox 514 1322 2097 1399">
    <p class='ocr_par' dir='ltr' id='par_1_10' title="bbox 514 1322 2097 1399">
     <span class='ocr_line' id='line_1_10' title="bbox 514 1322 2097 1399; baseline 0.001 -20"><span class='ocrx_word' id='word_1_63' title='bbox 514 1326 655 1379; x_wconf 87' lang='grc' dir='ltr'>ὥστε</span> <span class='ocrx_word' id='word_1_64' title='bbox 683 1322 823 1380; x_wconf 75' lang='grc' dir='ltr'>εῖναι</span> <span class='ocrx_word' id='word_1_65' title='bbox 855 1328 912 1380; x_wconf 93' lang='grc' dir='ltr'>ἐν</span> <span class='ocrx_word' id='word_1_66' title='bbox 932 1327 1181 1399; x_wconf 71' lang='grc' dir='ltr'>ἀφθονία,</span> <span class='ocrx_word' id='word_1_67' title='bbox 1213 1330 1308 1382; x_wconf 80' lang='grc' dir='ltr'>καὶ</span> <span class='ocrx_word' id='word_1_68' title='bbox 1330 1328 1474 1399; x_wconf 78' lang='grc' dir='ltr'>ἔχειν</span> <span class='ocrx_word' id='word_1_69' title='bbox 1498 1329 1743 1397; x_wconf 76' lang='grc' dir='ltr'>σπείρειν</span> <span class='ocrx_word' id='word_1_70' title='bbox 1765 1343 1779 1358; x_wconf 90' lang='grc'><strong>·</strong></span> <span class='ocrx_word' id='word_1_71' title='bbox 1813 1328 1906 1381; x_wconf 76' lang='grc' dir='ltr'>καὶ</span> <span class='ocrx_word' id='word_1_72' title='bbox 1932 1326 2097 1381; x_wconf 82' lang='grc' dir='ltr'>ἐπεύ-</span> 
     </span>
    </p>
   </div>
   <div class='ocr_carea' id='block_1_11' title="bbox 514 1422 2099 1499">
    <p class='ocr_par' dir='ltr' id='par_1_11' title="bbox 514 1422 2099 1499">
     <span class='ocr_line' id='line_1_11' title="bbox 514 1422 2099 1499; baseline 0.002 -20"><span class='ocrx_word' id='word_1_73' title='bbox 514 1443 672 1496; x_wconf 85' lang='grc' dir='ltr'>χεται</span> <span class='ocrx_word' id='word_1_74' title='bbox 705 1426 803 1496; x_wconf 86' lang='grc' dir='ltr'>οὐχ</span> <span class='ocrx_word' id='word_1_75' title='bbox 834 1426 1019 1491; x_wconf 83' lang='grc' dir='ltr'>ἁπλῶς</span> <span class='ocrx_word' id='word_1_76' title='bbox 1053 1428 1111 1480; x_wconf 86' lang='grc' dir='ltr'>ἐν</span> <span class='ocrx_word' id='word_1_77' title='bbox 1146 1427 1378 1499; x_wconf 77' lang='grc' dir='ltr'>ἀφθονίᾳ</span> <span class='ocrx_word' id='word_1_78' title='bbox 1409 1422 1571 1491; x_wconf 79' lang='grc' dir='ltr'>εἶναι,</span> <span class='ocrx_word' id='word_1_79' title='bbox 1608 1426 1765 1491; x_wconf 84' lang='grc' dir='ltr'>ἀλλὰ,</span> <span class='ocrx_word' id='word_1_80' title='bbox 1794 1427 1956 1483; x_wconf 84' lang='grc' dir='ltr'>Κατὰ</span> <span class='ocrx_word' id='word_1_81' title='bbox 1983 1428 2099 1482; x_wconf 85' lang='grc' dir='ltr'>τὸν</span> 
     </span>
    </p>
   </div>
   <div class='ocr_carea' id='block_1_12' title="bbox 512 1524 2096 1598">
    <p class='ocr_par' dir='ltr' id='par_1_12' title="bbox 512 1524 2096 1598">
     <span class='ocr_line' id='line_1_12' title="bbox 512 1524 2096 1598; baseline 0.003 -21"><span class='ocrx_word' id='word_1_82' title='bbox 512 1525 781 1579; x_wconf 75' lang='grc' dir='ltr'>πλοῦτον</span> <span class='ocrx_word' id='word_1_83' title='bbox 801 1524 1006 1579; x_wconf 83' lang='grc' dir='ltr'>αὑτοῦ.</span> <span class='ocrx_word' id='word_1_84' title='bbox 1028 1525 1193 1578; x_wconf 82' lang='grc' dir='ltr'>Ὥστε</span> <span class='ocrx_word' id='word_1_85' title='bbox 1218 1526 1313 1579; x_wconf 77' lang='grc' dir='ltr'>καὶ</span> <span class='ocrx_word' id='word_1_86' title='bbox 1337 1527 1499 1579; x_wconf 89' lang='grc' dir='ltr'>τοῦτο</span> <span class='ocrx_word' id='word_1_87' title='bbox 1526 1543 1589 1580; x_wconf 89' lang='grc' dir='ltr'>συ</span> <span class='ocrx_word' id='word_1_88' title='bbox 1598 1528 2096 1598; x_wconf 82' lang='grc' dir='ltr'>μμεμετρημένως.</span> 
     </span>
    </p>
   </div>
   <div class='ocr_carea' id='block_1_13' title="bbox 510 1620 2098 1697">
    <p class='ocr_par' dir='ltr' id='par_1_13' title="bbox 510 1620 2098 1697">
     <span class='ocr_line' id='line_1_13' title="bbox 510 1620 2098 1697; baseline 0.003 -22"><span class='ocrx_word' id='word_1_89' title='bbox 510 1623 576 1676; x_wconf 72' lang='lat' dir='ltr'>Et</span> <span class='ocrx_word' id='word_1_90' title='bbox 610 1623 709 1692; x_wconf 79' lang='grc' dir='ltr'>μὲν</span> <span class='ocrx_word' id='word_1_91' title='bbox 732 1622 841 1694; x_wconf 83' lang='grc' dir='ltr'>γάρ</span> <span class='ocrx_word' id='word_1_92' title='bbox 867 1625 987 1676; x_wconf 79' lang='grc' dir='ltr'>κατ’</span> <span class='ocrx_word' id='word_1_93' title='bbox 1013 1624 1174 1678; x_wconf 82' lang='grc' dir='ltr'>αὐτὸν</span> <span class='ocrx_word' id='word_1_94' title='bbox 1197 1620 1361 1697; x_wconf 76' lang='grc' dir='ltr'>ἦσαν,</span> <span class='ocrx_word' id='word_1_95' title='bbox 1389 1626 1483 1681; x_wconf 71' lang='grc' dir='ltr'>καὶ</span> <span class='ocrx_word' id='word_1_96' title='bbox 1511 1624 1655 1679; x_wconf 77' lang='grc' dir='ltr'>οὕτω</span> <span class='ocrx_word' id='word_1_97' title='bbox 1672 1626 1974 1696; x_wconf 80' lang='grc' dir='ltr'>φιλόσοφοι,</span> <span class='ocrx_word' id='word_1_98' title='bbox 2000 1627 2098 1681; x_wconf 62' lang='grc' dir='ltr'>καὶ¹</span> 
     </span>
    </p>
   </div>
   <div class='ocr_carea' id='block_1_14' title="bbox 509 1722 2096 1797">
    <p class='ocr_par' dir='ltr' id='par_1_14' title="bbox 509 1722 2096 1797">
     <span class='ocr_line' id='line_1_14' title="bbox 509 1722 2096 1797; baseline 0.004 -22"><span class='ocrx_word' id='word_1_99' title='bbox 509 1722 681 1786; x_wconf 71' lang='grc' dir='ltr'>οὕτως</span> <span class='ocrx_word' id='word_1_100' title='bbox 725 1724 1150 1795; x_wconf 86' lang='grc' dir='ltr'>ἐσταυρωμένοι,</span> <span class='ocrx_word' id='word_1_101' title='bbox 1199 1725 1300 1779; x_wconf 81' lang='grc' dir='ltr'>οὐκ</span> <span class='ocrx_word' id='word_1_102' title='bbox 1332 1724 1397 1779; x_wconf 82' lang='grc' dir='ltr'>ἂν</span> <span class='ocrx_word' id='word_1_103' title='bbox 1430 1723 1587 1778; x_wconf 86' lang='grc' dir='ltr'>τοῦτο</span> <span class='ocrx_word' id='word_1_104' title='bbox 1614 1725 1901 1797; x_wconf 76' lang='grc' dir='ltr'>ἐποίησενο</span> <span class='ocrx_word' id='word_1_105' title='bbox 1945 1729 2096 1781; x_wconf 87' lang='grc' dir='ltr'>ἐπει-</span> 
     </span>
    </p>
   </div>
   <div class='ocr_carea' id='block_1_15' title="bbox 509 1820 2098 1898">
    <p class='ocr_par' dir='ltr' id='par_1_15' title="bbox 509 1820 2098 1898">
     <span class='ocr_line' id='line_1_15' title="bbox 509 1820 2098 1898; baseline 0.003 -23"><span class='ocrx_word' id='word_1_106' title='bbox 509 1823 575 1893; x_wconf 85' lang='grc' dir='ltr'>δὴ</span> <span class='ocrx_word' id='word_1_107' title='bbox 622 1822 677 1877; x_wconf 84' lang='grc' dir='ltr'>δὲ</span> <span class='ocrx_word' id='word_1_108' title='bbox 706 1823 897 1895; x_wconf 82' lang='grc' dir='ltr'>ἄνδρες</span> <span class='ocrx_word' id='word_1_109' title='bbox 926 1820 1087 1895; x_wconf 80' lang='grc' dir='ltr'>ἦσαν,</span> <span class='ocrx_word' id='word_1_110' title='bbox 1137 1824 1495 1898; x_wconf 81' lang='grc' dir='ltr'>χειροτέχναι,</span> <span class='ocrx_word' id='word_1_111' title='bbox 1528 1823 1778 1896; x_wconf 88' lang='grc' dir='ltr'>πένητες,</span> <span class='ocrx_word' id='word_1_112' title='bbox 1831 1828 2098 1893; x_wconf 85' lang='grc' dir='ltr'>γυναῖκας</span> 
     </span>
    </p>
   </div>
   <div class='ocr_carea' id='block_1_16' title="bbox 509 1923 2099 1997">
    <p class='ocr_par' dir='ltr' id='par_1_16' title="bbox 509 1923 2099 1997">
     <span class='ocr_line' id='line_1_16' title="bbox 509 1923 2099 1997; baseline 0.003 -21"><span class='ocrx_word' id='word_1_113' title='bbox 509 1923 759 1994; x_wconf 83' lang='grc' dir='ltr'>ἔχοντες,</span> <span class='ocrx_word' id='word_1_114' title='bbox 799 1925 999 1991; x_wconf 86' lang='grc' dir='ltr'>παῖδας</span> <span class='ocrx_word' id='word_1_115' title='bbox 1043 1925 1358 1996; x_wconf 78' lang='grc' dir='ltr'>τρέφοντες,</span> <span class='ocrx_word' id='word_1_116' title='bbox 1397 1925 1573 1989; x_wconf 81' lang='grc' dir='ltr'>οἰκίας</span> <span class='ocrx_word' id='word_1_117' title='bbox 1602 1926 1969 1997; x_wconf 81' lang='grc' dir='ltr'>προεστῶτες,</span> <span class='ocrx_word' id='word_1_118' title='bbox 2004 1927 2099 1981; x_wconf 75' lang='grc' dir='ltr'>καὶ</span> 
     </span>
    </p>
   </div>
   <div class='ocr_carea' id='block_1_17' title="bbox 510 2018 2094 2094">
    <p class='ocr_par' dir='ltr' id='par_1_17' title="bbox 510 2018 2094 2094">
     <span class='ocr_line' id='line_1_17' title="bbox 510 2018 2094 2094; baseline 0.001 -18"><span class='ocrx_word' id='word_1_119' title='bbox 510 2023 619 2077; x_wconf 85' lang='grc' dir='ltr'>ἀπὸ</span> <span class='ocrx_word' id='word_1_120' title='bbox 648 2023 846 2093; x_wconf 82' lang='grc' dir='ltr'>ὀλίγων</span> <span class='ocrx_word' id='word_1_121' title='bbox 873 2023 971 2078; x_wconf 78' lang='grc' dir='ltr'>καὶ</span> <span class='ocrx_word' id='word_1_122' title='bbox 997 2023 1170 2078; x_wconf 90' lang='grc' dir='ltr'>ταῦτα</span> <span class='ocrx_word' id='word_1_123' title='bbox 1203 2024 1416 2087; x_wconf 73' lang='grc' dir='ltr'>ἔδοσαν,</span> <span class='ocrx_word' id='word_1_124' title='bbox 1452 2023 1549 2078; x_wconf 87' lang='grc' dir='ltr'>καί</span> <span class='ocrx_word' id='word_1_125' title='bbox 1587 2040 1707 2076; x_wconf 87' lang='grc' dir='ltr'>τινα</span> <span class='ocrx_word' id='word_1_126' title='bbox 1732 2018 1876 2094; x_wconf 83' lang='grc' dir='ltr'>εἶχον</span> <span class='ocrx_word' id='word_1_127' title='bbox 1899 2024 2094 2077; x_wconf 83' lang='grc' dir='ltr'>ἐπιθυ-</span> 
     </span>
    </p>
   </div>
   <div class='ocr_carea' id='block_1_18' title="bbox 512 2122 2090 2196">
    <p class='ocr_par' dir='ltr' id='par_1_18' title="bbox 512 2122 2090 2196">
     <span class='ocr_line' id='line_1_18' title="bbox 512 2122 2090 2196; baseline 0.002 -21"><span class='ocrx_word' id='word_1_128' title='bbox 512 2122 640 2193; x_wconf 85' lang='grc' dir='ltr'>μίαν</span> <span class='ocrx_word' id='word_1_129' title='bbox 674 2122 822 2196; x_wconf 77' lang='grc'>[516]</span> <span class='ocrx_word' id='word_1_130' title='bbox 864 2124 1094 2178; x_wconf 80' lang='grc' dir='ltr'>καὶτῶν</span> <span class='ocrx_word' id='word_1_131' title='bbox 1134 2124 1441 2196; x_wconf 79' lang='grc' dir='ltr'>παρόντων,</span> <span class='ocrx_word' id='word_1_132' title='bbox 1486 2122 1775 2195; x_wconf 75' lang='grc' dir='ltr'>ἐπεύχεται</span> <span class='ocrx_word' id='word_1_133' title='bbox 1808 2140 2090 2192; x_wconf 75' lang='grc' dir='ltr'>συγκατα-</span> 
     </span>
    </p>
   </div>
   <div class='ocr_carea' id='block_1_19' title="bbox 509 2221 2098 2296">
    <p class='ocr_par' dir='ltr' id='par_1_19' title="bbox 509 2221 2098 2296">
     <span class='ocr_line' id='line_1_19' title="bbox 509 2221 2098 2296; baseline 0.004 -22"><span class='ocrx_word' id='word_1_134' title='bbox 509 2222 771 2288; x_wconf 81' lang='grc' dir='ltr'>ϐατικῶς.</span> <span class='ocrx_word' id='word_1_135' title='bbox 813 2224 939 2289; x_wconf 79' lang='grc' dir='ltr'>Τοῖς</span> <span class='ocrx_word' id='word_1_136' title='bbox 974 2224 1080 2296; x_wconf 85' lang='grc' dir='ltr'>γὰρ</span> <span class='ocrx_word' id='word_1_137' title='bbox 1119 2221 1263 2277; x_wconf 73' lang='grc' dir='ltr'>οὕτω</span> <span class='ocrx_word' id='word_1_138' title='bbox 1298 2222 1660 2296; x_wconf 80' lang='grc' dir='ltr'>κεχρημένοις</span> <span class='ocrx_word' id='word_1_139' title='bbox 1701 2224 1854 2277; x_wconf 78' lang='grc' dir='ltr'>οὐδὲν</span> <span class='ocrx_word' id='word_1_140' title='bbox 1896 2224 2098 2281; x_wconf 80' lang='grc' dir='ltr'>ἄτοπον</span> 
     </span>
    </p>
   </div>
   <div class='ocr_carea' id='block_1_20' title="bbox 511 2321 2095 2394">
    <p class='ocr_par' dir='ltr' id='par_1_20' title="bbox 511 2321 2095 2394">
     <span class='ocr_line' id='line_1_20' title="bbox 511 2321 2095 2394; baseline 0.003 -22"><span class='ocrx_word' id='word_1_141' title='bbox 511 2321 840 2391; x_wconf 77' lang='grc' dir='ltr'>ἐπεύχεσθαι</span> <span class='ocrx_word' id='word_1_142' title='bbox 876 2322 975 2392; x_wconf 84' lang='grc' dir='ltr'>τὴν</span> <span class='ocrx_word' id='word_1_143' title='bbox 1015 2322 1349 2394; x_wconf 82' lang='grc' dir='ltr'>αὐτάρκειαν</span> <span class='ocrx_word' id='word_1_144' title='bbox 1376 2323 1467 2376; x_wconf 68' lang='grc' dir='ltr'>καὶ</span> <span class='ocrx_word' id='word_1_145' title='bbox 1493 2323 1593 2392; x_wconf 83' lang='grc' dir='ltr'>τὴν</span> <span class='ocrx_word' id='word_1_146' title='bbox 1635 2322 1918 2392; x_wconf 91' lang='grc' dir='ltr'>ἀφθονίαν.</span> <span class='ocrx_word' id='word_1_147' title='bbox 1952 2323 2095 2392; x_wconf 85' lang='grc' dir='ltr'>Ὅρα</span> 
     </span>
    </p>
   </div>
   <div class='ocr_carea' id='block_1_21' title="bbox 509 2418 2095 2493">
    <p class='ocr_par' dir='ltr' id='par_1_21' title="bbox 509 2418 2095 2493">
     <span class='ocr_line' id='line_1_21' title="bbox 509 2418 2095 2493; baseline 0.001 -19"><span class='ocrx_word' id='word_1_148' title='bbox 509 2420 640 2489; x_wconf 86' lang='grc' dir='ltr'>γοῦν</span> <span class='ocrx_word' id='word_1_149' title='bbox 671 2421 724 2475; x_wconf 88' lang='grc' dir='ltr'>τί</span> <span class='ocrx_word' id='word_1_150' title='bbox 750 2423 844 2475; x_wconf 76' lang='grc' dir='ltr'>καὶ</span> <span class='ocrx_word' id='word_1_151' title='bbox 872 2423 1184 2493; x_wconf 82' lang='grc' dir='ltr'>ἐπεύχεται’</span> <span class='ocrx_word' id='word_1_152' title='bbox 1221 2423 1335 2478; x_wconf 75' lang='grc' dir='ltr'>Οὐκ</span> <span class='ocrx_word' id='word_1_153' title='bbox 1362 2418 1535 2488; x_wconf 79' lang='grc' dir='ltr'>εἶπεν,</span> <span class='ocrx_word' id='word_1_154' title='bbox 1561 2424 1644 2476; x_wconf 85' lang='grc' dir='ltr'>ὅτι</span> <span class='ocrx_word' id='word_1_155' title='bbox 1671 2424 1900 2492; x_wconf 85' lang='grc' dir='ltr'>Ποιήσαι</span> <span class='ocrx_word' id='word_1_156' title='bbox 1925 2423 2095 2477; x_wconf 89' lang='grc' dir='ltr'>πλου-</span> 
     </span>
    </p>
   </div>
   <div class='ocr_carea' id='block_1_22' title="bbox 509 2521 2100 2593">
    <p class='ocr_par' dir='ltr' id='par_1_22' title="bbox 509 2521 2100 2593">
     <span class='ocr_line' id='line_1_22' title="bbox 509 2521 2100 2593; baseline 0.004 -20"><span class='ocrx_word' id='word_1_157' title='bbox 509 2521 655 2584; x_wconf 87' lang='grc' dir='ltr'>σίους</span> <span class='ocrx_word' id='word_1_158' title='bbox 689 2522 781 2575; x_wconf 79' lang='grc' dir='ltr'>καὶ</span> <span class='ocrx_word' id='word_1_159' title='bbox 827 2522 1094 2593; x_wconf 78' lang='grc' dir='ltr'>εὐπόρους</span> <span class='ocrx_word' id='word_1_160' title='bbox 1141 2522 1383 2592; x_wconf 86' lang='grc' dir='ltr'>σφόδρα,</span> <span class='ocrx_word' id='word_1_161' title='bbox 1439 2523 1575 2577; x_wconf 86' lang='grc' dir='ltr'>ἀλλά</span> <span class='ocrx_word' id='word_1_162' title='bbox 1614 2524 1668 2577; x_wconf 89' lang='grc' dir='ltr'>τί</span> <span class='ocrx_word' id='word_1_163' title='bbox 1693 2541 1709 2590; x_wconf 88' lang='lat'>;</span> <span class='ocrx_word' id='word_1_164' title='bbox 1778 2527 2100 2593; x_wconf 75' lang='grc' dir='ltr'>Πληρώσαι</span> 
     </span>
    </p>
   </div>
   <div class='ocr_carea' id='block_1_23' title="bbox 507 2618 2096 2697">
    <p class='ocr_par' dir='ltr' id='par_1_23' title="bbox 507 2618 2096 2697">
     <span class='ocr_line' id='line_1_23' title="bbox 507 2618 2096 2697; baseline 0.003 -25"><span class='ocrx_word' id='word_1_165' title='bbox 507 2620 718 2674; x_wconf 82' lang='grc' dir='ltr'>πᾶσαν</span> <span class='ocrx_word' id='word_1_166' title='bbox 770 2621 982 2690; x_wconf 82' lang='grc' dir='ltr'>χρείαν</span> <span class='ocrx_word' id='word_1_167' title='bbox 1040 2621 1227 2691; x_wconf 82' lang='grc' dir='ltr'>ὑμῶν.</span> <span class='ocrx_word' id='word_1_168' title='bbox 1282 2621 1444 2675; x_wconf 82' lang='grc' dir='ltr'>Ὥστε</span> <span class='ocrx_word' id='word_1_169' title='bbox 1489 2622 1563 2695; x_wconf 82' lang='grc' dir='ltr'>μὴ</span> <span class='ocrx_word' id='word_1_170' title='bbox 1606 2618 1743 2678; x_wconf 75' lang='grc' dir='ltr'>εἶναι</span> <span class='ocrx_word' id='word_1_171' title='bbox 1791 2626 1850 2677; x_wconf 90' lang='grc' dir='ltr'>ἐν</span> <span class='ocrx_word' id='word_1_172' title='bbox 1897 2626 2096 2697; x_wconf 76' lang='grc' dir='ltr'>ἐνδείᾳ,</span> 
     </span>
    </p>
   </div>
   <div class='ocr_carea' id='block_1_24' title="bbox 505 2720 2099 2798">
    <p class='ocr_par' dir='ltr' id='par_1_24' title="bbox 505 2720 2099 2798">
     <span class='ocr_line' id='line_1_24' title="bbox 505 2720 2099 2798; baseline 0.004 -23"><span class='ocrx_word' id='word_1_173' title='bbox 505 2720 646 2775; x_wconf 88' lang='grc' dir='ltr'>ἀλλά</span> <span class='ocrx_word' id='word_1_174' title='bbox 674 2722 741 2776; x_wconf 90' lang='grc' dir='ltr'>τά</span> <span class='ocrx_word' id='word_1_175' title='bbox 772 2722 909 2794; x_wconf 77' lang='grc' dir='ltr'>πρὸς</span> <span class='ocrx_word' id='word_1_176' title='bbox 942 2723 1135 2793; x_wconf 82' lang='grc' dir='ltr'>χρείαν</span> <span class='ocrx_word' id='word_1_177' title='bbox 1170 2722 1315 2794; x_wconf 77' lang='grc' dir='ltr'>ἔχειν</span> <span class='ocrx_word' id='word_1_178' title='bbox 1336 2740 1349 2753; x_wconf 92' lang='grc'>·</span> <span class='ocrx_word' id='word_1_179' title='bbox 1379 2725 1500 2778; x_wconf 74' lang='grc' dir='ltr'>ἐπεὶ</span> <span class='ocrx_word' id='word_1_180' title='bbox 1536 2725 1630 2779; x_wconf 79' lang='grc' dir='ltr'>καὶ</span> <span class='ocrx_word' id='word_1_181' title='bbox 1653 2728 1682 2779; x_wconf 91' lang='lat'>0</span> <span class='ocrx_word' id='word_1_182' title='bbox 1714 2727 1945 2798; x_wconf 81' lang='grc' dir='ltr'>Χριστὸς</span> <span class='ocrx_word' id='word_1_183' title='bbox 1975 2728 2099 2798; x_wconf 78' lang='grc' dir='ltr'>ὅρον</span> 
     </span>
    </p>
   </div>
   <div class='ocr_carea' id='block_1_25' title="bbox 508 2822 2099 2897">
    <p class='ocr_par' dir='ltr' id='par_1_25' title="bbox 508 2822 2099 2897">
     <span class='ocr_line' id='line_1_25' title="bbox 508 2822 2099 2897; baseline 0.004 -23"><span class='ocrx_word' id='word_1_184' title='bbox 508 2823 674 2894; x_wconf 77' lang='grc' dir='ltr'>εὐχῆς</span> <span class='ocrx_word' id='word_1_185' title='bbox 699 2824 834 2893; x_wconf 76' lang='grc' dir='ltr'>ἡμῖν</span> <span class='ocrx_word' id='word_1_186' title='bbox 864 2822 1059 2887; x_wconf 73' lang='grc' dir='ltr'>διδοὺς,</span> <span class='ocrx_word' id='word_1_187' title='bbox 1094 2823 1250 2879; x_wconf 88' lang='grc' dir='ltr'>τοῦτο</span> <span class='ocrx_word' id='word_1_188' title='bbox 1282 2827 1348 2895; x_wconf 79' lang='grc' dir='ltr'>τῇ</span> <span class='ocrx_word' id='word_1_189' title='bbox 1376 2825 1507 2897; x_wconf 81' lang='grc' dir='ltr'>εὐχῇ</span> <span class='ocrx_word' id='word_1_190' title='bbox 1546 2826 1795 2897; x_wconf 76' lang='grc' dir='ltr'>ἐνέθηκε,</span> <span class='ocrx_word' id='word_1_191' title='bbox 1831 2827 2099 2882; x_wconf 80' lang='grc' dir='ltr'>διδάσκων</span> 
     </span>
    </p>
   </div>
   <div class='ocr_carea' id='block_1_26' title="bbox 506 2919 2100 2996">
    <p class='ocr_par' dir='ltr' id='par_1_26' title="bbox 506 2919 2100 2996">
     <span class='ocr_line' id='line_1_26' title="bbox 506 2919 2100 2996; baseline 0.004 -21"><span class='ocrx_word' id='word_1_192' title='bbox 506 2923 654 2992; x_wconf 77' lang='grc' dir='ltr'>ἡμᾶς</span> <span class='ocrx_word' id='word_1_193' title='bbox 673 2963 686 2985; x_wconf 92' lang='grc'>,</span> <span class='ocrx_word' id='word_1_194' title='bbox 720 2921 832 2976; x_wconf 87' lang='grc' dir='ltr'>Τὸν</span> <span class='ocrx_word' id='word_1_195' title='bbox 860 2919 1045 2990; x_wconf 82' lang='grc' dir='ltr'>ἇρτον</span> <span class='ocrx_word' id='word_1_196' title='bbox 1077 2924 1247 2992; x_wconf 79' lang='grc' dir='ltr'>ἡμῶν</span> <span class='ocrx_word' id='word_1_197' title='bbox 1281 2924 1387 2979; x_wconf 82' lang='grc' dir='ltr'>τὸν</span> <span class='ocrx_word' id='word_1_198' title='bbox 1413 2925 1729 2980; x_wconf 80' lang='grc' dir='ltr'>ἐπιούσιον</span> <span class='ocrx_word' id='word_1_199' title='bbox 1757 2926 1956 2996; x_wconf 88' lang='grc' dir='ltr'>λέγειν,</span> <span class='ocrx_word' id='word_1_200' title='bbox 1993 2929 2100 2995; x_wconf 75' lang='grc' dir='ltr'>δός</span> 
     </span>
    </p>
   </div>
   <div class='ocr_carea' id='block_1_27' title="bbox 506 3021 2093 3091">
    <p class='ocr_par' dir='ltr' id='par_1_27' title="bbox 506 3021 2093 3091">
     <span class='ocr_line' id='line_1_27' title="bbox 506 3021 2093 3091; baseline 0.001 -16"><span class='ocrx_word' id='word_1_201' title='bbox 506 3021 655 3091; x_wconf 72' lang='grc' dir='ltr'>’ἡμῖν</span> <span class='ocrx_word' id='word_1_202' title='bbox 681 3021 969 3091; x_wconf 78' lang='grc' dir='ltr'>σήμερον.</span> <span class='ocrx_word' id='word_1_203' title='bbox 1002 3025 1164 3078; x_wconf 83' lang='grc' dir='ltr'>Κατὰ</span> <span class='ocrx_word' id='word_1_204' title='bbox 1192 3023 1301 3077; x_wconf 82' lang='grc' dir='ltr'>τὸν</span> <span class='ocrx_word' id='word_1_205' title='bbox 1344 3024 1614 3078; x_wconf 79' lang='grc' dir='ltr'>πλοῦτον</span> <span class='ocrx_word' id='word_1_206' title='bbox 1642 3024 1850 3079; x_wconf 87' lang='grc' dir='ltr'>αὐτοῦ.</span> <span class='ocrx_word' id='word_1_207' title='bbox 1880 3025 1945 3078; x_wconf 86' lang='grc' dir='ltr'>Τί</span> <span class='ocrx_word' id='word_1_208' title='bbox 1976 3025 2093 3077; x_wconf 83' lang='grc' dir='ltr'>ἐστι</span> 
     </span>
    </p>
   </div>
   <div class='ocr_carea' id='block_1_28' title="bbox 504 3117 2098 3193">
    <p class='ocr_par' dir='ltr' id='par_1_28' title="bbox 504 3117 2098 3193">
     <span class='ocr_line' id='line_1_28' title="bbox 504 3117 2098 3193; baseline 0.004 -22"><span class='ocrx_word' id='word_1_209' title='bbox 504 3117 699 3185; x_wconf 88' lang='grc' dir='ltr'>τοῦτο;</span> <span class='ocrx_word' id='word_1_210' title='bbox 760 3118 916 3171; x_wconf 77' lang='grc' dir='ltr'>Κατά</span> <span class='ocrx_word' id='word_1_211' title='bbox 956 3119 1058 3190; x_wconf 76' lang='grc' dir='ltr'>τὴν</span> <span class='ocrx_word' id='word_1_212' title='bbox 1095 3120 1304 3193; x_wconf 76' lang='grc' dir='ltr'>δωρεὰν</span> <span class='ocrx_word' id='word_1_213' title='bbox 1355 3120 1559 3174; x_wconf 79' lang='grc' dir='ltr'>αὐτοῦ’</span> <span class='ocrx_word' id='word_1_214' title='bbox 1618 3121 1921 3183; x_wconf 81' lang='grc' dir='ltr'>τουτέστιν,</span> <span class='ocrx_word' id='word_1_215' title='bbox 1973 3124 2002 3177; x_wconf 85' lang='grc' dir='ltr'><strong>ὅ</strong></span> <span class='ocrx_word' id='word_1_216' title='bbox 2046 3141 2098 3177; x_wconf 90' lang='grc' dir='ltr'>τι</span> 
     </span>
    </p>
   </div>
   <div class='ocr_carea' id='block_1_29' title="bbox 502 3216 2099 3292">
    <p class='ocr_par' dir='ltr' id='par_1_29' title="bbox 502 3216 2099 3292">
     <span class='ocr_line' id='line_1_29' title="bbox 502 3216 2099 3292; baseline 0.004 -23"><span class='ocrx_word' id='word_1_217' title='bbox 502 3216 728 3272; x_wconf 78' lang='grc' dir='ltr'>εὔκολον</span> <span class='ocrx_word' id='word_1_218' title='bbox 760 3217 909 3290; x_wconf 82' lang='grc' dir='ltr'>αὐτῷ</span> <span class='ocrx_word' id='word_1_219' title='bbox 949 3219 1044 3273; x_wconf 74' lang='grc' dir='ltr'>καὶ</span> <span class='ocrx_word' id='word_1_220' title='bbox 1084 3218 1327 3285; x_wconf 86' lang='grc' dir='ltr'>δυνατὸν,</span> <span class='ocrx_word' id='word_1_221' title='bbox 1368 3219 1463 3273; x_wconf 82' lang='grc' dir='ltr'>καὶ</span> <span class='ocrx_word' id='word_1_222' title='bbox 1509 3220 1720 3292; x_wconf 87' lang='grc' dir='ltr'>ταχέως</span> <span class='ocrx_word' id='word_1_223' title='bbox 1768 3225 1962 3279; x_wconf 84' lang='grc' dir='ltr'>ποιεῖν.</span> <span class='ocrx_word' id='word_1_224' title='bbox 1988 3223 2099 3276; x_wconf 60' lang='lat' dir='ltr'>Kal</span> 
     </span>
    </p>
   </div>
   <div class='ocr_carea' id='block_1_30' title="bbox 501 3315 2096 3391">
    <p class='ocr_par' dir='ltr' id='par_1_30' title="bbox 501 3315 2096 3391">
     <span class='ocr_line' id='line_1_30' title="bbox 501 3315 2096 3391; baseline 0.003 -20"><span class='ocrx_word' id='word_1_225' title='bbox 501 3319 688 3390; x_wconf 80' lang='grc' dir='ltr'>ἐπειδὴ</span> <span class='ocrx_word' id='word_1_226' title='bbox 720 3320 937 3388; x_wconf 82' lang='grc' dir='ltr'>Χρείαν</span> <span class='ocrx_word' id='word_1_227' title='bbox 971 3315 1142 3385; x_wconf 81' lang='grc' dir='ltr'>εἷπον,</span> <span class='ocrx_word' id='word_1_228' title='bbox 1195 3320 1281 3373; x_wconf 83' lang='grc' dir='ltr'>ἵνα</span> <span class='ocrx_word' id='word_1_229' title='bbox 1314 3321 1390 3391; x_wconf 85' lang='grc' dir='ltr'>μὴ</span> <span class='ocrx_word' id='word_1_230' title='bbox 1446 3321 1762 3391; x_wconf 87' lang='grc' dir='ltr'>νομίσωσιν,</span> <span class='ocrx_word' id='word_1_231' title='bbox 1797 3321 1879 3375; x_wconf 85' lang='grc' dir='ltr'>ὃτι</span> <span class='ocrx_word' id='word_1_232' title='bbox 1910 3338 2096 3375; x_wconf 84' lang='grc' dir='ltr'>στενο-</span> 
     </span>
    </p>
   </div>
   <div class='ocr_carea' id='block_1_31' title="bbox 502 3417 2099 3490">
    <p class='ocr_par' dir='ltr' id='par_1_31' title="bbox 502 3417 2099 3490">
     <span class='ocr_line' id='line_1_31' title="bbox 502 3417 2099 3490; baseline 0.004 -21"><span class='ocrx_word' id='word_1_233' title='bbox 502 3417 742 3489; x_wconf 83' lang='grc' dir='ltr'>χωρήσει</span> <span class='ocrx_word' id='word_1_234' title='bbox 793 3418 1029 3482; x_wconf 82' lang='grc' dir='ltr'>αὐτοὺς,</span> <span class='ocrx_word' id='word_1_235' title='bbox 1088 3418 1175 3472; x_wconf 80' lang='grc' dir='ltr'>διὰ</span> <span class='ocrx_word' id='word_1_236' title='bbox 1216 3418 1374 3472; x_wconf 87' lang='grc' dir='ltr'>τοῦτο</span> <span class='ocrx_word' id='word_1_237' title='bbox 1420 3420 1702 3490; x_wconf 81' lang='grc' dir='ltr'>ἐπήγαγε,</span> <span class='ocrx_word' id='word_1_238' title='bbox 1776 3421 1940 3476; x_wconf 82' lang='grc' dir='ltr'>Κατὰ</span> <span class='ocrx_word' id='word_1_239' title='bbox 1992 3422 2099 3476; x_wconf 80' lang='grc' dir='ltr'>τὸν</span> 
     </span>
    </p>
   </div>
   <div class='ocr_carea' id='block_1_32' title="bbox 501 3516 2095 3587">
    <p class='ocr_par' dir='ltr' id='par_1_32' title="bbox 501 3516 2095 3587">
     <span class='ocr_line' id='line_1_32' title="bbox 501 3516 2095 3587; baseline 0.004 -18"><span class='ocrx_word' id='word_1_240' title='bbox 501 3516 772 3571; x_wconf 71' lang='grc' dir='ltr'>πλοῦτον</span> <span class='ocrx_word' id='word_1_241' title='bbox 794 3517 985 3571; x_wconf 84' lang='grc' dir='ltr'>αὐτοῦ</span> <span class='ocrx_word' id='word_1_242' title='bbox 1022 3517 1093 3571; x_wconf 84' lang='grc' dir='ltr'>ἐν</span> <span class='ocrx_word' id='word_1_243' title='bbox 1125 3518 1274 3587; x_wconf 81' lang='grc' dir='ltr'>δόξῃ</span> <span class='ocrx_word' id='word_1_244' title='bbox 1305 3519 1375 3573; x_wconf 77' lang='grc' dir='ltr'>ἐν</span> <span class='ocrx_word' id='word_1_245' title='bbox 1398 3519 1633 3587; x_wconf 82' lang='grc' dir='ltr'>Χριστῷ</span> <span class='ocrx_word' id='word_1_246' title='bbox 1677 3520 1903 3587; x_wconf 85' lang='grc' dir='ltr'>Ἰησοῦ.</span> <span class='ocrx_word' id='word_1_247' title='bbox 1938 3520 2095 3575; x_wconf 77' lang='grc' dir='ltr'>Οὕτω</span> 
     </span>
    </p>
   </div>
   <div class='ocr_carea' id='block_1_33' title="bbox 503 3615 2094 3693">
    <p class='ocr_par' dir='ltr' id='par_1_33' title="bbox 503 3615 2094 3693">
     <span class='ocr_line' id='line_1_33' title="bbox 503 3615 2094 3693; baseline 0.004 -25"><span class='ocrx_word' id='word_1_248' title='bbox 503 3615 859 3687; x_wconf 79' lang='grc' dir='ltr'>περισσεύσει</span> <span class='ocrx_word' id='word_1_249' title='bbox 877 3617 1008 3688; x_wconf 80' lang='grc' dir='ltr'>ὑμῖν</span> <span class='ocrx_word' id='word_1_250' title='bbox 1033 3616 1270 3683; x_wconf 72' lang='grc' dir='ltr'>ἅπαντα,</span> <span class='ocrx_word' id='word_1_251' title='bbox 1302 3619 1488 3689; x_wconf 81' lang='grc' dir='ltr'>φησὶν,</span> <span class='ocrx_word' id='word_1_252' title='bbox 1518 3618 1659 3673; x_wconf 84' lang='grc' dir='ltr'>ὥστε</span> <span class='ocrx_word' id='word_1_253' title='bbox 1695 3619 1752 3673; x_wconf 91' lang='grc' dir='ltr'>ἐν</span> <span class='ocrx_word' id='word_1_254' title='bbox 1780 3619 1908 3693; x_wconf 78' lang='grc' dir='ltr'>δόξῃ</span> <span class='ocrx_word' id='word_1_255' title='bbox 1929 3621 2094 3674; x_wconf 85' lang='grc' dir='ltr'>αὐτοῦ</span> 
     </span>
    </p>
   </div>
   <div class='ocr_carea' id='block_1_34' title="bbox 501 3713 2089 3789">
    <p class='ocr_par' dir='ltr' id='par_1_34' title="bbox 501 3713 2089 3789">
     <span class='ocr_line' id='line_1_34' title="bbox 501 3713 2089 3789; baseline 0.003 -20"><span class='ocrx_word' id='word_1_256' title='bbox 501 3718 666 3787; x_wconf 79' lang='grc' dir='ltr'>ἔχειν.</span> <span class='ocrx_word' id='word_1_257' title='bbox 724 3717 796 3770; x_wconf 86' lang='grc' dir='ltr'><strong>Ἦ</strong></span> <span class='ocrx_word' id='word_1_258' title='bbox 826 3713 919 3771; x_wconf 83' lang='grc' dir='ltr'>οὖν</span> <span class='ocrx_word' id='word_1_259' title='bbox 953 3717 1112 3771; x_wconf 85' lang='grc' dir='ltr'>τοῦτο</span> <span class='ocrx_word' id='word_1_260' title='bbox 1138 3719 1305 3787; x_wconf 81' lang='grc' dir='ltr'>λέγει,</span> <span class='ocrx_word' id='word_1_261' title='bbox 1352 3719 1433 3773; x_wconf 84' lang='grc' dir='ltr'>ὅτι</span> <span class='ocrx_word' id='word_1_262' title='bbox 1474 3718 1699 3782; x_wconf 79' lang='grc' dir='ltr'>Οὐδενὸς</span> <span class='ocrx_word' id='word_1_263' title='bbox 1733 3719 2047 3789; x_wconf 82' lang='grc' dir='ltr'>ὐστερεῖσθε</span> <span class='ocrx_word' id='word_1_264' title='bbox 2076 3735 2089 3749; x_wconf 89' lang='grc'><strong>·</strong></span> 
     </span>
    </p>
   </div>
   <div class='ocr_carea' id='block_1_35' title="bbox 501 3814 2091 3889">
    <p class='ocr_par' dir='ltr' id='par_1_35' title="bbox 501 3814 2091 3889">
     <span class='ocr_line' id='line_1_35' title="bbox 501 3814 2091 3889; baseline 0.001 -18"><span class='ocrx_word' id='word_1_265' title='bbox 501 3817 608 3871; x_wconf 75' lang='grc' dir='ltr'>Καὶ</span> <span class='ocrx_word' id='word_1_266' title='bbox 626 3816 800 3885; x_wconf 82' lang='grc' dir='ltr'>χάρις</span> <span class='ocrx_word' id='word_1_267' title='bbox 814 3818 923 3888; x_wconf 77' lang='grc' dir='ltr'>γὰρ</span> <span class='ocrx_word' id='word_1_268' title='bbox 930 3818 1186 3889; x_wconf 73' lang='grc' dir='ltr'>μεγάλη,</span> <span class='ocrx_word' id='word_1_269' title='bbox 1206 3814 1477 3889; x_wconf 77' lang='grc' dir='ltr'>φησ“ιν,ἦν</span> <span class='ocrx_word' id='word_1_270' title='bbox 1487 3818 1585 3872; x_wconf 79' lang='grc' dir='ltr'>ἐπὶ</span> <span class='ocrx_word' id='word_1_271' title='bbox 1602 3818 1834 3883; x_wconf 80' lang='grc' dir='ltr'>πάντας</span> <span class='ocrx_word' id='word_1_272' title='bbox 1844 3818 2091 3884; x_wconf 71' lang='grc' dir='ltr'>αὐτούς*</span> 
     </span>
    </p>
   </div>
   <div class='ocr_carea' id='block_1_36' title="bbox 503 3915 2099 3989">
    <p class='ocr_par' dir='ltr' id='par_1_36' title="bbox 503 3915 2099 3989">
     <span class='ocr_line' id='line_1_36' title="bbox 503 3915 2099 3989; baseline 0.003 -21"><span class='ocrx_word' id='word_1_273' title='bbox 503 3917 646 3970; x_wconf 73' lang='grc' dir='ltr'>οὐδὲ</span> <span class='ocrx_word' id='word_1_274' title='bbox 674 3919 786 3989; x_wconf 75' lang='grc' dir='ltr'>γὰρ</span> <span class='ocrx_word' id='word_1_275' title='bbox 834 3916 1049 3984; x_wconf 75' lang='grc' dir='ltr'>ἐνδεής</span> <span class='ocrx_word' id='word_1_276' title='bbox 1071 3934 1161 3982; x_wconf 83' lang='grc' dir='ltr'>τις</span> <span class='ocrx_word' id='word_1_277' title='bbox 1189 3915 1465 3985; x_wconf 77' lang='grc' dir='ltr'>ὑπῆρχεν</span> <span class='ocrx_word' id='word_1_278' title='bbox 1503 3916 1573 3969; x_wconf 83' lang='grc' dir='ltr'>ἐν</span> <span class='ocrx_word' id='word_1_279' title='bbox 1598 3916 1801 3984; x_wconf 82' lang='grc' dir='ltr'>αὐτοῖς</span> <span class='ocrx_word' id='word_1_280' title='bbox 1828 3937 1843 3949; x_wconf 78' lang='grc' dir='ltr'><strong><em>ο</em></strong></span> <span class='ocrx_word' id='word_1_281' title='bbox 1880 3919 1912 3988; x_wconf 79' lang='grc' dir='ltr'>ἢ</span> <span class='ocrx_word' id='word_1_282' title='bbox 1960 3934 2099 3988; x_wconf 72' lang='grc' dir='ltr'>προσ</span> 
     </span>
    </p>
   </div>
   <div class='ocr_carea' id='block_1_37' title="bbox 500 4014 2090 4086">
    <p class='ocr_par' dir='ltr' id='par_1_37' title="bbox 500 4014 2090 4086">
     <span class='ocr_line' id='line_1_37' title="bbox 500 4014 2090 4086; baseline 0.003 -21"><span class='ocrx_word' id='word_1_283' title='bbox 500 4017 692 4085; x_wconf 84' lang='grc' dir='ltr'>τρέπει</span> <span class='ocrx_word' id='word_1_284' title='bbox 725 4016 803 4079; x_wconf 85' lang='grc' dir='ltr'>είς</span> <span class='ocrx_word' id='word_1_285' title='bbox 842 4016 998 4080; x_wconf 80' lang='grc' dir='ltr'>δόξαν</span> <span class='ocrx_word' id='word_1_286' title='bbox 1030 4014 1195 4068; x_wconf 83' lang='grc' dir='ltr'>αὐτοῦ</span> <span class='ocrx_word' id='word_1_287' title='bbox 1240 4016 1415 4067; x_wconf 86' lang='grc' dir='ltr'>πάντα</span> <span class='ocrx_word' id='word_1_288' title='bbox 1454 4017 1655 4069; x_wconf 76' lang='grc' dir='ltr'>ποιεῖν·</span> <span class='ocrx_word' id='word_1_289' title='bbox 1703 4016 1835 4069; x_wconf 75' lang='grc' dir='ltr'>ὡσεὶ</span> <span class='ocrx_word' id='word_1_290' title='bbox 1868 4016 2054 4086; x_wconf 76' lang='grc' dir='ltr'>ἔλεγεν</span> <span class='ocrx_word' id='word_1_291' title='bbox 2075 4030 2090 4039; x_wconf 81' lang='lat'><strong><em>‘</em></strong></span> 
     </span>
    </p>
   </div>
   <div class='ocr_carea' id='block_1_38' title="bbox 503 4112 2092 4184">
    <p class='ocr_par' dir='ltr' id='par_1_38' title="bbox 503 4112 2092 4184">
     <span class='ocr_line' id='line_1_38' title="bbox 503 4112 2092 4184; baseline 0.003 -18"><span class='ocrx_word' id='word_1_292' title='bbox 503 4116 620 4168; x_wconf 88' lang='grc' dir='ltr'>Ἵνα</span> <span class='ocrx_word' id='word_1_293' title='bbox 646 4116 725 4180; x_wconf 84' lang='grc' dir='ltr'>είς</span> <span class='ocrx_word' id='word_1_294' title='bbox 751 4115 907 4181; x_wconf 75' lang='grc' dir='ltr'>δόξαν</span> <span class='ocrx_word' id='word_1_295' title='bbox 932 4113 1093 4166; x_wconf 84' lang='grc' dir='ltr'>αὐτοῦ</span> <span class='ocrx_word' id='word_1_296' title='bbox 1117 4112 1319 4184; x_wconf 80' lang='grc' dir='ltr'>χρῆσθε</span> <span class='ocrx_word' id='word_1_297' title='bbox 1343 4114 1407 4183; x_wconf 82' lang='grc' dir='ltr'>τῇ</span> <span class='ocrx_word' id='word_1_298' title='bbox 1435 4114 1739 4184; x_wconf 71' lang='grc' dir='ltr'>περιουσίᾳ..</span> <span class='ocrx_word' id='word_1_299' title='bbox 1768 4115 1853 4180; x_wconf 88' lang='grc' dir='ltr'>Τῷ</span> <span class='ocrx_word' id='word_1_300' title='bbox 1876 4115 1944 4169; x_wconf 83' lang='grc' dir='ltr'>δὲ</span> <span class='ocrx_word' id='word_1_301' title='bbox 1971 4116 2092 4184; x_wconf 86' lang='grc' dir='ltr'>Θεῷ</span> 
     </span>
    </p>
   </div>
   <div class='ocr_carea' id='block_1_39' title="bbox 500 4212 2093 4286">
    <p class='ocr_par' dir='ltr' id='par_1_39' title="bbox 500 4212 2093 4286">
     <span class='ocr_line' id='line_1_39' title="bbox 500 4212 2093 4286; baseline -0.001 -15"><span class='ocrx_word' id='word_1_302' title='bbox 500 4217 600 4271; x_wconf 77' lang='grc' dir='ltr'>καὶ</span> <span class='ocrx_word' id='word_1_303' title='bbox 654 4217 838 4285; x_wconf 62' lang='grc' dir='ltr'>Πητρὶ</span> <span class='ocrx_word' id='word_1_304' title='bbox 890 4214 1061 4284; x_wconf 75' lang='grc' dir='ltr'>ἡμῶν</span> <span class='ocrx_word' id='word_1_305' title='bbox 1114 4215 1151 4282; x_wconf 75' lang='grc' dir='ltr'>ἠ</span> <span class='ocrx_word' id='word_1_306' title='bbox 1206 4212 1355 4279; x_wconf 75' lang='grc' dir='ltr'>δόξα</span> <span class='ocrx_word' id='word_1_307' title='bbox 1395 4217 1482 4281; x_wconf 84' lang='grc' dir='ltr'>εις</span> <span class='ocrx_word' id='word_1_308' title='bbox 1532 4215 1676 4282; x_wconf 87' lang='grc' dir='ltr'>τοὺς</span> <span class='ocrx_word' id='word_1_309' title='bbox 1707 4217 1929 4286; x_wconf 74' lang='grc' dir='ltr'>αἰῶνας</span> <span class='ocrx_word' id='word_1_310' title='bbox 1972 4219 2093 4275; x_wconf 84' lang='grc' dir='ltr'>τῶν</span> 
     </span>
    </p>
   </div>
   <div class='ocr_carea' id='block_1_40' title="bbox 498 4312 2086 4389">
    <p class='ocr_par' dir='ltr' id='par_1_40' title="bbox 498 4312 2086 4389">
     <span class='ocr_line' id='line_1_40' title="bbox 498 4312 2086 4389; baseline 0.002 -20"><span class='ocrx_word' id='word_1_311' title='bbox 498 4316 750 4371; x_wconf 82' lang='grc' dir='ltr'>αἰώνων.</span> <span class='ocrx_word' id='word_1_312' title='bbox 790 4315 986 4384; x_wconf 80' lang='grc' dir='ltr'>Ἀμην.</span> <span class='ocrx_word' id='word_1_313' title='bbox 1012 4312 1160 4385; x_wconf 80' lang='grc' dir='ltr'>Αὕτη</span> <span class='ocrx_word' id='word_1_314' title='bbox 1178 4312 1236 4367; x_wconf 79' lang='grc' dir='ltr'>δὲ</span> <span class='ocrx_word' id='word_1_315' title='bbox 1266 4314 1298 4384; x_wconf 83' lang='grc' dir='ltr'>ὴ</span> <span class='ocrx_word' id='word_1_316' title='bbox 1329 4312 1454 4379; x_wconf 83' lang='grc' dir='ltr'>δόξα</span> <span class='ocrx_word' id='word_1_317' title='bbox 1480 4315 1602 4385; x_wconf 80' lang='grc' dir='ltr'>οὐχὶ</span> <span class='ocrx_word' id='word_1_318' title='bbox 1623 4315 1717 4369; x_wconf 87' lang='grc' dir='ltr'>τοῦ</span> <span class='ocrx_word' id='word_1_319' title='bbox 1742 4316 1871 4370; x_wconf 86' lang='grc' dir='ltr'>Υίοῦ</span> <span class='ocrx_word' id='word_1_320' title='bbox 1907 4318 2086 4389; x_wconf 87' lang='grc' dir='ltr'>μόνον,</span> 
     </span>
    </p>
   </div>
   <div class='ocr_carea' id='block_1_41' title="bbox 498 4414 2091 4490">
    <p class='ocr_par' dir='ltr' id='par_1_41' title="bbox 498 4414 2091 4490">
     <span class='ocr_line' id='line_1_41' title="bbox 498 4414 2091 4490; baseline 0.001 -18"><span class='ocrx_word' id='word_1_321' title='bbox 498 4418 637 4473; x_wconf 87' lang='grc' dir='ltr'>ἀλλά</span> <span class='ocrx_word' id='word_1_322' title='bbox 678 4417 775 4471; x_wconf 58' lang='grc' dir='ltr'>καὶ⁵</span> <span class='ocrx_word' id='word_1_323' title='bbox 804 4418 897 4469; x_wconf 87' lang='grc' dir='ltr'>τοῦ</span> <span class='ocrx_word' id='word_1_324' title='bbox 924 4414 1136 4486; x_wconf 77' lang='grc' dir='ltr'>Πατρὸς</span> <span class='ocrx_word' id='word_1_325' title='bbox 1180 4415 1408 4483; x_wconf 85' lang='grc' dir='ltr'>γίνεται.</span> <span class='ocrx_word' id='word_1_326' title='bbox 1435 4417 1605 4470; x_wconf 87' lang='grc' dir='ltr'>Ὅταν</span> <span class='ocrx_word' id='word_1_327' title='bbox 1635 4417 1746 4490; x_wconf 85' lang='grc' dir='ltr'>γὰρ</span> <span class='ocrx_word' id='word_1_328' title='bbox 1775 4420 1803 4473; x_wconf 91' lang='lat'>0</span> <span class='ocrx_word' id='word_1_329' title='bbox 1839 4419 1968 4483; x_wconf 81' lang='grc' dir='ltr'>Υἱὸς</span> <span class='ocrx_word' id='word_1_330' title='bbox 2002 4419 2091 4473; x_wconf 86' lang='grc' dir='ltr'>δο-</span> 
     </span>
    </p>
   </div>
   <div class='ocr_carea' id='block_1_42' title="bbox 503 4511 2089 4587">
    <p class='ocr_par' dir='ltr' id='par_1_42' title="bbox 503 4511 2089 4587">
     <span class='ocr_line' id='line_1_42' title="bbox 503 4511 2089 4587; baseline 0.002 -18"><span class='ocrx_word' id='word_1_331' title='bbox 503 4516 752 4585; x_wconf 78' lang='grc' dir='ltr'>ξάζηται,</span> <span class='ocrx_word' id='word_1_332' title='bbox 799 4514 919 4567; x_wconf 86' lang='grc' dir='ltr'>τότε</span> <span class='ocrx_word' id='word_1_333' title='bbox 942 4516 970 4567; x_wconf 98' lang='lat'>0</span> <span class='ocrx_word' id='word_1_334' title='bbox 1000 4513 1151 4585; x_wconf 86' lang='grc' dir='ltr'>Πατή</span> <span class='ocrx_word' id='word_1_335' title='bbox 1162 4529 1212 4585; x_wconf 92' lang='lat'><strong>9.</strong></span> <span class='ocrx_word' id='word_1_336' title='bbox 1260 4514 1476 4586; x_wconf 81' lang='grc' dir='ltr'>Ἐπειδὴ</span> <span class='ocrx_word' id='word_1_337' title='bbox 1501 4515 1607 4587; x_wconf 85' lang='grc' dir='ltr'>γὰρ</span> <span class='ocrx_word' id='word_1_338' title='bbox 1636 4511 1793 4570; x_wconf 76' lang='grc' dir='ltr'>εἶπεν</span> <span class='ocrx_word' id='word_1_339' title='bbox 1819 4518 1899 4581; x_wconf 86' lang='grc' dir='ltr'>είς</span> <span class='ocrx_word' id='word_1_340' title='bbox 1930 4517 2089 4584; x_wconf 78' lang='grc' dir='ltr'>δόξαν</span> 
     </span>
    </p>
   </div>
   <div class='ocr_carea' id='block_1_43' title="bbox 500 4613 2085 4689">
    <p class='ocr_par' dir='ltr' id='par_1_43' title="bbox 500 4613 2085 4689">
     <span class='ocr_line' id='line_1_43' title="bbox 500 4613 2085 4689; baseline 0.006 -24"><span class='ocrx_word' id='word_1_341' title='bbox 500 4614 737 4687; x_wconf 78' lang='grc' dir='ltr'>Χριστοῦ</span> <span class='ocrx_word' id='word_1_342' title='bbox 783 4613 943 4667; x_wconf 89' lang='grc' dir='ltr'>τοῦτο</span> <span class='ocrx_word' id='word_1_343' title='bbox 984 4613 1269 4683; x_wconf 86' lang='grc' dir='ltr'>γενέσθαι,</span> <span class='ocrx_word' id='word_1_344' title='bbox 1313 4614 1401 4667; x_wconf 85' lang='grc' dir='ltr'>ἴνα</span> <span class='ocrx_word' id='word_1_345' title='bbox 1445 4616 1520 4686; x_wconf 80' lang='grc' dir='ltr'>μή</span> <span class='ocrx_word' id='word_1_346' title='bbox 1567 4632 1652 4680; x_wconf 77' lang='grc' dir='ltr'>τις</span> <span class='ocrx_word' id='word_1_347' title='bbox 1691 4616 1887 4689; x_wconf 80' lang='grc' dir='ltr'>νομίσῃ</span> <span class='ocrx_word' id='word_1_348' title='bbox 1920 4618 2085 4683; x_wconf 83' lang='grc' dir='ltr'>αὐτοῦ</span> 
     </span>
    </p>
   </div>
   <div class='ocr_carea' id='block_1_44' title="bbox 505 4710 2086 4789">
    <p class='ocr_par' dir='ltr' id='par_1_44' title="bbox 505 4710 2086 4789">
     <span class='ocr_line' id='line_1_44' title="bbox 505 4710 2086 4789; baseline 0.004 -22"><span class='ocrx_word' id='word_1_349' title='bbox 505 4717 688 4787; x_wconf 82' lang='grc' dir='ltr'>μόνου,</span> <span class='ocrx_word' id='word_1_350' title='bbox 736 4714 1018 4785; x_wconf 84' lang='grc' dir='ltr'>ἐπήγαγε·</span> <span class='ocrx_word' id='word_1_351' title='bbox 1072 4710 1156 4778; x_wconf 86' lang='grc' dir='ltr'>Τῷ</span> <span class='ocrx_word' id='word_1_352' title='bbox 1187 4712 1256 4765; x_wconf 85' lang='grc' dir='ltr'>δὲ</span> <span class='ocrx_word' id='word_1_353' title='bbox 1305 4711 1429 4779; x_wconf 85' lang='grc' dir='ltr'>Θεῷ</span> <span class='ocrx_word' id='word_1_354' title='bbox 1477 4714 1575 4767; x_wconf 81' lang='grc' dir='ltr'>καὶ</span> <span class='ocrx_word' id='word_1_355' title='bbox 1623 4716 1803 4784; x_wconf 74' lang='grc' dir='ltr'>Πατρί</span> <span class='ocrx_word' id='word_1_356' title='bbox 1847 4716 2015 4786; x_wconf 76' lang='grc' dir='ltr'>ἡμῶν</span> <span class='ocrx_word' id='word_1_357' title='bbox 2046 4720 2086 4789; x_wconf 77' lang='grc' dir='ltr'><strong><em>ἠ</em></strong></span> 
     </span>
    </p>
   </div>
   <div class='ocr_carea' id='block_1_45' title="bbox 500 4813 2087 4887">
    <p class='ocr_par' dir='ltr' id='par_1_45' title="bbox 500 4813 2087 4887">
     <span class='ocr_line' id='line_1_45' title="bbox 500 4813 2087 4887; baseline -0.004 -19"><span class='ocrx_word' id='word_1_358' title='bbox 500 4817 668 4880; x_wconf 79' lang='grc' dir='ltr'>δόξα,</span> <span class='ocrx_word' id='word_1_359' title='bbox 700 4814 839 4886; x_wconf 80' lang='grc' dir='ltr'>αὕτη</span> <span class='ocrx_word' id='word_1_360' title='bbox 866 4815 900 4887; x_wconf 78' lang='grc' dir='ltr'><strong>ἡ</strong></span> <span class='ocrx_word' id='word_1_361' title='bbox 931 4814 1197 4885; x_wconf 79' lang='grc' dir='ltr'>γενομένη</span> <span class='ocrx_word' id='word_1_362' title='bbox 1228 4813 1472 4885; x_wconf 88' lang='grc' dir='ltr'>δηλονότι</span> <span class='ocrx_word' id='word_1_363' title='bbox 1503 4814 1581 4885; x_wconf 82' lang='grc' dir='ltr'>τῷ</span> <span class='ocrx_word' id='word_1_364' title='bbox 1609 4815 1744 4885; x_wconf 83' lang='grc' dir='ltr'>Υίῷ.</span> <span class='ocrx_word' id='word_1_365' title='bbox 1791 4816 2087 4873; x_wconf 82' lang='grc' dir='ltr'>Ἀσπάσα.</span> 
     </span>
    </p>
   </div>
   <div class='ocr_carea' id='block_1_46' title="bbox 501 4915 2085 4992">
    <p class='ocr_par' dir='ltr' id='par_1_46' title="bbox 501 4915 2085 4992">
     <span class='ocr_line' id='line_1_46' title="bbox 501 4915 2085 4992; baseline 0.001 -19"><span class='ocrx_word' id='word_1_366' title='bbox 501 4924 611 4973; x_wconf 85' lang='grc' dir='ltr'>σοε</span> <span class='ocrx_word' id='word_1_367' title='bbox 653 4917 849 4973; x_wconf 80' lang='grc' dir='ltr'>πάντα</span> <span class='ocrx_word' id='word_1_368' title='bbox 890 4916 1062 4988; x_wconf 78' lang='grc' dir='ltr'>ἅγιον</span> <span class='ocrx_word' id='word_1_369' title='bbox 1096 4916 1167 4970; x_wconf 79' lang='grc' dir='ltr'>ἐν</span> <span class='ocrx_word' id='word_1_370' title='bbox 1212 4915 1444 4985; x_wconf 88' lang='grc' dir='ltr'>Χριστῷ</span> <span class='ocrx_word' id='word_1_371' title='bbox 1498 4916 1724 4984; x_wconf 86' lang='grc' dir='ltr'>Ἰησοῦ.</span> <span class='ocrx_word' id='word_1_372' title='bbox 1772 4918 1845 4971; x_wconf 85' lang='grc' dir='ltr'>Οὐ</span> <span class='ocrx_word' id='word_1_373' title='bbox 1888 4920 2085 4992; x_wconf 70' lang='grc' dir='ltr'>μικρὸν</span> 
     </span>
    </p>
   </div>
   <div class='ocr_carea' id='block_1_47' title="bbox 503 5014 2085 5089">
    <p class='ocr_par' dir='ltr' id='par_1_47' title="bbox 503 5014 2085 5089">
     <span class='ocr_line' id='line_1_47' title="bbox 503 5014 2085 5089; baseline 0 -18"><span class='ocrx_word' id='word_1_374' title='bbox 503 5016 775 5072; x_wconf 73' lang='grc' dir='ltr'>καὶτοῦτο</span> <span class='ocrx_word' id='word_1_375' title='bbox 798 5031 812 5046; x_wconf 78' lang='grc'><strong>⁸</strong></span> <span class='ocrx_word' id='word_1_376' title='bbox 850 5016 1051 5087; x_wconf 84' lang='grc' dir='ltr'>πολλῆς</span> <span class='ocrx_word' id='word_1_377' title='bbox 1083 5015 1193 5085; x_wconf 82' lang='grc' dir='ltr'>γὰρ</span> <span class='ocrx_word' id='word_1_378' title='bbox 1231 5014 1538 5081; x_wconf 75' lang='grc' dir='ltr'>εὐμενείας,</span> <span class='ocrx_word' id='word_1_379' title='bbox 1566 5017 1661 5069; x_wconf 78' lang='grc' dir='ltr'>καὶ</span> <span class='ocrx_word' id='word_1_380' title='bbox 1691 5016 1748 5069; x_wconf 72' lang='grc' dir='ltr'>τὸ</span> <span class='ocrx_word' id='word_1_381' title='bbox 1783 5017 1872 5071; x_wconf 75' lang='grc' dir='ltr'>διά</span> <span class='ocrx_word' id='word_1_382' title='bbox 1904 5035 2085 5089; x_wconf 86' lang='grc' dir='ltr'>γραμ-</span> 
     </span>
    </p>
   </div>
   <div class='ocr_carea' id='block_1_48' title="bbox 505 5113 2085 5189">
    <p class='ocr_par' dir='ltr' id='par_1_48' title="bbox 505 5113 2085 5189">
     <span class='ocr_line' id='line_1_48' title="bbox 505 5113 2085 5189; baseline 0.003 -19"><span class='ocrx_word' id='word_1_383' title='bbox 505 5118 691 5187; x_wconf 83' lang='grc' dir='ltr'>μάτων</span> <span class='ocrx_word' id='word_1_384' title='bbox 758 5117 954 5180; x_wconf 85' lang='grc' dir='ltr'>αὐτοὺς</span> <span class='ocrx_word' id='word_1_385' title='bbox 990 5115 1353 5180; x_wconf 80' lang='grc' dir='ltr'>ἀσπάζεσθαι,</span> <span class='ocrx_word' id='word_1_386' title='bbox 1407 5113 1787 5176; x_wconf 75' lang='grc' dir='ltr'>Ἀσπάζονται</span> <span class='ocrx_word' id='word_1_387' title='bbox 1831 5117 1990 5189; x_wconf 84' lang='grc' dir='ltr'>ὑμᾶς</span> <span class='ocrx_word' id='word_1_388' title='bbox 2032 5123 2085 5174; x_wconf 78' lang='grc' dir='ltr'>οὶ</span> 
     </span>
    </p>
   </div>
   <div class='ocr_carea' id='block_1_49' title="bbox 503 5215 2085 5290">
    <p class='ocr_par' dir='ltr' id='par_1_49' title="bbox 503 5215 2085 5290">
     <span class='ocr_line' id='line_1_49' title="bbox 503 5215 2085 5290; baseline 0.001 -18"><span class='ocrx_word' id='word_1_389' title='bbox 503 5218 625 5272; x_wconf 83' lang='grc' dir='ltr'>σὺν</span> <span class='ocrx_word' id='word_1_390' title='bbox 644 5217 772 5283; x_wconf 73' lang='grc' dir='ltr'>ἐμοὶ</span> <span class='ocrx_word' id='word_1_391' title='bbox 797 5215 1071 5286; x_wconf 69' lang='grc' dir='ltr'>αδελφοί.</span> <span class='ocrx_word' id='word_1_392' title='bbox 1105 5216 1215 5269; x_wconf 60' lang='grc' dir='ltr'>Καλ⁵</span> <span class='ocrx_word' id='word_1_393' title='bbox 1244 5216 1350 5288; x_wconf 79' lang='grc' dir='ltr'>μὴν</span> <span class='ocrx_word' id='word_1_394' title='bbox 1370 5217 1575 5286; x_wconf 76' lang='grc' dir='ltr'>ἔλεγες,</span> <span class='ocrx_word' id='word_1_395' title='bbox 1607 5217 1689 5270; x_wconf 84' lang='grc' dir='ltr'>ὃτι</span> <span class='ocrx_word' id='word_1_396' title='bbox 1716 5217 1946 5273; x_wconf 82' lang='grc' dir='ltr'>Οὐδένα</span> <span class='ocrx_word' id='word_1_397' title='bbox 1966 5220 2085 5290; x_wconf 77' lang='grc' dir='ltr'>ἔχω</span> 
     </span>
    </p>
   </div>
   <div class='ocr_carea' id='block_1_50' title="bbox 504 5314 2086 5388">
    <p class='ocr_par' dir='ltr' id='par_1_50' title="bbox 504 5314 2086 5388">
     <span class='ocr_line' id='line_1_50' title="bbox 504 5314 2086 5388; baseline 0 -16"><span class='ocrx_word' id='word_1_398' title='bbox 504 5321 827 5388; x_wconf 67' lang='grc' dir='ltr'>ισόψυχον,</span> <span class='ocrx_word' id='word_1_399' title='bbox 886 5317 1056 5384; x_wconf 87' lang='grc' dir='ltr'>ὅστις</span> <span class='ocrx_word' id='word_1_400' title='bbox 1104 5317 1371 5387; x_wconf 78' lang='grc' dir='ltr'>γνησίως</span> <span class='ocrx_word' id='word_1_401' title='bbox 1416 5314 1488 5369; x_wconf 82' lang='grc' dir='ltr'>τὰ</span> <span class='ocrx_word' id='word_1_402' title='bbox 1520 5315 1652 5384; x_wconf 77' lang='grc' dir='ltr'>περὶ</span> <span class='ocrx_word' id='word_1_403' title='bbox 1704 5314 1871 5386; x_wconf 84' lang='grc' dir='ltr'>ὑμῶν</span> <span class='ocrx_word' id='word_1_404' title='bbox 1920 5334 2086 5386; x_wconf 78' lang='grc' dir='ltr'>μερι-</span> 
     </span>
    </p>
   </div>
   <div class='ocr_carea' id='block_1_51' title="bbox 502 5419 2082 5492">
    <p class='ocr_par' dir='ltr' id='par_1_51' title="bbox 502 5419 2082 5492">
     <span class='ocr_line' id='line_1_51' title="bbox 502 5419 2082 5492; baseline -0.001 -14"><span class='ocrx_word' id='word_1_405' title='bbox 502 5424 724 5492; x_wconf 79' lang='grc' dir='ltr'>μνήσει</span> <span class='ocrx_word' id='word_1_406' title='bbox 742 5441 757 5456; x_wconf 89' lang='grc'><strong>·</strong></span> <span class='ocrx_word' id='word_1_407' title='bbox 792 5423 909 5487; x_wconf 83' lang='grc' dir='ltr'>πῶς</span> <span class='ocrx_word' id='word_1_408' title='bbox 939 5419 1033 5478; x_wconf 85' lang='grc' dir='ltr'>οῦν</span> <span class='ocrx_word' id='word_1_409' title='bbox 1057 5423 1238 5491; x_wconf 88' lang='grc' dir='ltr'>λέγεις</span> <span class='ocrx_word' id='word_1_410' title='bbox 1259 5420 1376 5486; x_wconf 87' lang='grc' dir='ltr'>νῦν,</span> <span class='ocrx_word' id='word_1_411' title='bbox 1408 5422 1474 5475; x_wconf 83' lang='grc' dir='ltr'><em>Οἱ</em></span> <span class='ocrx_word' id='word_1_412' title='bbox 1501 5420 1624 5475; x_wconf 84' lang='grc' dir='ltr'>σὺν</span> <span class='ocrx_word' id='word_1_413' title='bbox 1652 5420 1779 5490; x_wconf 72' lang='grc' dir='ltr'>ἐμοὶ</span> <span class='ocrx_word' id='word_1_414' title='bbox 1803 5420 2082 5491; x_wconf 70' lang='grc' dir='ltr'>ἀδελφοί,</span> 
     </span>
    </p>
   </div>
   <div class='ocr_carea' id='block_1_52' title="bbox 506 5522 2085 5595">
    <p class='ocr_par' dir='ltr' id='par_1_52' title="bbox 506 5522 2085 5595">
     <span class='ocr_line' id='line_1_52' title="bbox 506 5522 2085 5595; baseline 0.003 -19"><span class='ocrx_word' id='word_1_415' title='bbox 506 5524 577 5575; x_wconf 83' lang='grc' dir='ltr'>Ἢ</span> <span class='ocrx_word' id='word_1_416' title='bbox 595 5526 720 5585; x_wconf 72' lang='grc' dir='ltr'>τοὺς</span> <span class='ocrx_word' id='word_1_417' title='bbox 741 5526 858 5594; x_wconf 86' lang='grc' dir='ltr'>μετ’</span> <span class='ocrx_word' id='word_1_418' title='bbox 875 5524 1040 5581; x_wconf 89' lang='grc' dir='ltr'>αὐτοῦ</span> <span class='ocrx_word' id='word_1_419' title='bbox 1065 5523 1329 5593; x_wconf 85' lang='grc' dir='ltr'>ἀδελφούς</span> <span class='ocrx_word' id='word_1_420' title='bbox 1357 5540 1514 5595; x_wconf 83' lang='grc' dir='ltr'>φησι,</span> <span class='ocrx_word' id='word_1_421' title='bbox 1541 5522 1717 5595; x_wconf 84' lang='grc' dir='ltr'>δηλῶν</span> <span class='ocrx_word' id='word_1_422' title='bbox 1738 5524 1820 5578; x_wconf 81' lang='grc' dir='ltr'>ὅτι</span> <span class='ocrx_word' id='word_1_423' title='bbox 1854 5525 2085 5580; x_wconf 82' lang='grc' dir='ltr'>Οὐδένα</span> 
     </span>
    </p>
   </div>
   <div class='ocr_carea' id='block_1_53' title="bbox 506 5621 2084 5698">
    <p class='ocr_par' dir='ltr' id='par_1_53' title="bbox 506 5621 2084 5698">
     <span class='ocr_line' id='line_1_53' title="bbox 506 5621 2084 5698; baseline 0.004 -24"><span class='ocrx_word' id='word_1_424' title='bbox 506 5621 624 5675; x_wconf 85' lang='grc' dir='ltr'>τῶν</span> <span class='ocrx_word' id='word_1_425' title='bbox 642 5624 770 5691; x_wconf 83' lang='grc' dir='ltr'>μεθ’</span> <span class='ocrx_word' id='word_1_426' title='bbox 800 5624 1017 5680; x_wconf 78' lang='grc' dir='ltr'>ἑαυτοῦ</span> <span class='ocrx_word' id='word_1_427' title='bbox 1048 5626 1172 5696; x_wconf 77' lang='grc' dir='ltr'>ἔχει</span> <span class='ocrx_word' id='word_1_428' title='bbox 1208 5626 1534 5694; x_wconf 70' lang='grc' dir='ltr'>ἰσόψυχον,</span> <span class='ocrx_word' id='word_1_429' title='bbox 1555 5625 1619 5679; x_wconf 88' lang='grc' dir='ltr'>οὐ</span> <span class='ocrx_word' id='word_1_430' title='bbox 1647 5625 1776 5697; x_wconf 78' lang='grc' dir='ltr'>περὶ</span> <span class='ocrx_word' id='word_1_431' title='bbox 1802 5625 1912 5679; x_wconf 82' lang='grc' dir='ltr'>τῶν</span> <span class='ocrx_word' id='word_1_432' title='bbox 1938 5628 1995 5680; x_wconf 87' lang='grc' dir='ltr'>ἐν</span> <span class='ocrx_word' id='word_1_433' title='bbox 2016 5629 2084 5698; x_wconf 80' lang='grc' dir='ltr'>τῇ</span> 
     </span>
    </p>
   </div>
   <div class='ocr_carea' id='block_1_54' title="bbox 507 5720 2087 5797">
    <p class='ocr_par' dir='ltr' id='par_1_54' title="bbox 507 5720 2087 5797">
     <span class='ocr_line' id='line_1_54' title="bbox 507 5720 2087 5797; baseline 0.006 -26"><span class='ocrx_word' id='word_1_434' title='bbox 507 5720 659 5774; x_wconf 88' lang='grc' dir='ltr'>πόλει</span> <span class='ocrx_word' id='word_1_435' title='bbox 692 5722 865 5790; x_wconf 85' lang='grc' dir='ltr'>λέγων</span> <span class='ocrx_word' id='word_1_436' title='bbox 891 5740 905 5755; x_wconf 86' lang='grc'><strong>·</strong></span> <span class='ocrx_word' id='word_1_437' title='bbox 947 5726 1106 5779; x_wconf 88' lang='grc' dir='ltr'>ποίαν</span> <span class='ocrx_word' id='word_1_438' title='bbox 1146 5726 1255 5797; x_wconf 85' lang='grc' dir='ltr'>γὰρ</span> <span class='ocrx_word' id='word_1_439' title='bbox 1300 5724 1546 5796; x_wconf 83' lang='grc' dir='ltr'>ἀνάγκην</span> <span class='ocrx_word' id='word_1_440' title='bbox 1589 5722 1736 5796; x_wconf 73' lang='grc' dir='ltr'>εἶχον</span> <span class='ocrx_word' id='word_1_441' title='bbox 1775 5728 1975 5782; x_wconf 81' lang='grc' dir='ltr'>ἐκεῖνοι</span> <span class='ocrx_word' id='word_1_442' title='bbox 2017 5728 2087 5781; x_wconf 87' lang='grc' dir='ltr'>τά</span> 
     </span>
    </p>
   </div>
   <div class='ocr_carea' id='block_1_55' title="bbox 506 5820 2101 5902">
    <p class='ocr_par' dir='ltr' id='par_1_55' title="bbox 506 5820 2101 5902">
     <span class='ocr_line' id='line_1_55' title="bbox 506 5820 2101 5902; baseline 0.004 -27"><span class='ocrx_word' id='word_1_443' title='bbox 506 5820 614 5875; x_wconf 83' lang='grc' dir='ltr'>τῶν</span> <span class='ocrx_word' id='word_1_444' title='bbox 657 5824 969 5880; x_wconf 80' lang='grc' dir='ltr'>ἀποστόλων</span> <span class='ocrx_word' id='word_1_445' title='bbox 1013 5825 1367 5896; x_wconf 83' lang='grc' dir='ltr'>ἀναδέχεσθαι</span> <span class='ocrx_word' id='word_1_446' title='bbox 1422 5826 1757 5898; x_wconf 81' lang='grc' dir='ltr'>πράγματα;</span> <span class='ocrx_word' id='word_1_447' title='bbox 1811 5829 1844 5898; x_wconf 81' lang='grc' dir='ltr'>ἢ</span> <span class='ocrx_word' id='word_1_448' title='bbox 1900 5829 1980 5883; x_wconf 78' lang='grc' dir='ltr'>ὅτι</span> <span class='ocrx_word' id='word_1_449' title='bbox 2021 5820 2101 5902; x_wconf 72' lang='grc' dir='ltr'>ού⁹</span> 
     </span>
    </p>
   </div>
   <div class='ocr_carea' id='block_1_56' title="bbox 1173 401 3029 462">
    <p class='ocr_par' dir='ltr' id='par_1_56' title="bbox 1173 401 3029 462">
     <span class='ocr_line' id='line_1_56' title="bbox 1173 401 3029 462; baseline 0.001 -3"><span class='ocrx_word' id='word_1_450' title='bbox 1173 402 1228 461; x_wconf 92' lang='lat' dir='ltr'>S.</span> <span class='ocrx_word' id='word_1_451' title='bbox 1266 402 1554 461; x_wconf 82' lang='lat' dir='ltr'>JOANNIS</span> <span class='ocrx_word' id='word_1_452' title='bbox 1586 401 2083 461; x_wconf 74' lang='lat' dir='ltr'>CHRYSOSTOIII</span> <span class='ocrx_word' id='word_1_453' title='bbox 2118 401 2443 461; x_wconf 77' lang='lat' dir='ltr'>ARCHIEP.</span> <span class='ocrx_word' id='word_1_454' title='bbox 2483 401 3029 462; x_wconf 75' lang='lat' dir='ltr'>CONSTANTINOP.</span> 
     </span>
    </p>
   </div>
   <div class='ocr_carea' id='block_1_57' title="bbox 3668 404 3774 461">
    <p class='ocr_par' dir='ltr' id='par_1_57' title="bbox 3668 404 3774 461">
     <span class='ocr_line' id='line_1_57' title="bbox 3668 404 3774 461; baseline 0.009 -2"><span class='ocrx_word' id='word_1_455' title='bbox 3668 404 3774 461; x_wconf 64' lang='grc' dir='ltr'>ΞΜ</span> 
     </span>
    </p>
   </div>
   <div class='ocr_carea' id='block_1_58' title="bbox 2197 516 3781 591">
    <p class='ocr_par' dir='ltr' id='par_1_58' title="bbox 2197 516 3781 591">
     <span class='ocr_line' id='line_1_58' title="bbox 2197 516 3781 591; baseline -0.001 -18"><span class='ocrx_word' id='word_1_456' title='bbox 2197 522 2543 591; x_wconf 84' lang='grc' dir='ltr'>παραιτεῖται</span> <span class='ocrx_word' id='word_1_457' title='bbox 2572 521 2667 575; x_wconf 78' lang='grc' dir='ltr'>καὶ</span> <span class='ocrx_word' id='word_1_458' title='bbox 2692 520 2913 584; x_wconf 80' lang='grc' dir='ltr'>τούτους</span> <span class='ocrx_word' id='word_1_459' title='bbox 2932 518 3197 589; x_wconf 79' lang='grc' dir='ltr'>ἀδελφοὺς</span> <span class='ocrx_word' id='word_1_460' title='bbox 3220 518 3425 573; x_wconf 84' lang='grc' dir='ltr'>καλεῖν.</span> <span class='ocrx_word' id='word_1_461' title='bbox 3466 516 3781 578; x_wconf 75' lang='grc' dir='ltr'>Ἀσπάζον-</span> 
     </span>
    </p>
   </div>
   <div class='ocr_carea' id='block_1_59' title="bbox 2195 617 3773 693">
    <p class='ocr_par' dir='ltr' id='par_1_59' title="bbox 2195 617 3773 693">
     <span class='ocr_line' id='line_1_59' title="bbox 2195 617 3773 693; baseline -0.003 -17"><span class='ocrx_word' id='word_1_462' title='bbox 2195 638 2290 676; x_wconf 86' lang='grc' dir='ltr'>ται</span> <span class='ocrx_word' id='word_1_463' title='bbox 2316 621 2473 692; x_wconf 77' lang='grc' dir='ltr'>ύμᾶς</span> <span class='ocrx_word' id='word_1_464' title='bbox 2502 622 2725 688; x_wconf 84' lang='grc' dir='ltr'>πάντες</span> <span class='ocrx_word' id='word_1_465' title='bbox 2748 626 2802 677; x_wconf 85' lang='grc' dir='ltr'>οι</span> <span class='ocrx_word' id='word_1_466' title='bbox 2837 622 3014 693; x_wconf 77' lang='grc' dir='ltr'>ἅγιοι,</span> <span class='ocrx_word' id='word_1_467' title='bbox 3062 620 3332 691; x_wconf 75' lang='grc' dir='ltr'>μάλιστα</span> <span class='ocrx_word' id='word_1_468' title='bbox 3365 618 3435 673; x_wconf 75' lang='grc' dir='ltr'>δὲ</span> <span class='ocrx_word' id='word_1_469' title='bbox 3468 621 3524 674; x_wconf 69' lang='lat' dir='ltr'>ot</span> <span class='ocrx_word' id='word_1_470' title='bbox 3556 619 3624 673; x_wconf 76' lang='grc' dir='ltr'>ἐκ</span> <span class='ocrx_word' id='word_1_471' title='bbox 3659 617 3773 688; x_wconf 83' lang='grc' dir='ltr'>τῆς</span> 
     </span>
    </p>
   </div>
   <div class='ocr_carea' id='block_1_60' title="bbox 2195 714 3778 793">
    <p class='ocr_par' dir='ltr' id='par_1_60' title="bbox 2195 714 3778 793">
     <span class='ocr_line' id='line_1_60' title="bbox 2195 714 3778 793; baseline -0.004 -15"><span class='ocrx_word' id='word_1_472' title='bbox 2195 724 2497 793; x_wconf 74' lang='grc' dir='ltr'>Καίσαρος</span> <span class='ocrx_word' id='word_1_473' title='bbox 2557 714 2768 791; x_wconf 76' lang='grc' dir='ltr'>οἰκίας.</span> <span class='ocrx_word' id='word_1_474' title='bbox 2819 723 2881 780; x_wconf 82' lang='grc' dir='ltr'>Ἡ</span> <span class='ocrx_word' id='word_1_475' title='bbox 2932 722 3101 792; x_wconf 83' lang='grc' dir='ltr'>χάρις</span> <span class='ocrx_word' id='word_1_476' title='bbox 3161 721 3269 775; x_wconf 87' lang='grc' dir='ltr'>τοῦ</span> <span class='ocrx_word' id='word_1_477' title='bbox 3323 720 3548 788; x_wconf 82' lang='grc' dir='ltr'>Κυρίου</span> <span class='ocrx_word' id='word_1_478' title='bbox 3606 716 3778 788; x_wconf 65' lang='grc' dir='ltr'>ἡμῶν</span> 
     </span>
    </p>
   </div>
   <div class='ocr_carea' id='block_1_61' title="bbox 2210 819 3780 895">
    <p class='ocr_par' dir='ltr' id='par_1_61' title="bbox 2210 819 3780 895">
     <span class='ocr_line' id='line_1_61' title="bbox 2210 819 3780 895; baseline -0.004 -16"><span class='ocrx_word' id='word_1_479' title='bbox 2210 825 2414 893; x_wconf 87' lang='grc' dir='ltr'>Ἰησοῦ</span> <span class='ocrx_word' id='word_1_480' title='bbox 2456 825 2717 894; x_wconf 88' lang='grc' dir='ltr'>Χριστοῦ</span> <span class='ocrx_word' id='word_1_481' title='bbox 2743 825 2896 895; x_wconf 84' lang='grc' dir='ltr'>μετὰ</span> <span class='ocrx_word' id='word_1_482' title='bbox 2936 822 3182 878; x_wconf 81' lang='grc' dir='ltr'>πάντων</span> <span class='ocrx_word' id='word_1_483' title='bbox 3216 821 3399 893; x_wconf 82' lang='grc' dir='ltr'>ὑμῶν.</span> <span class='ocrx_word' id='word_1_484' title='bbox 3451 819 3780 890; x_wconf 79' lang='grc' dir='ltr'>’Δνέστησεν</span> 
     </span>
    </p>
   </div>
   <div class='ocr_carea' id='block_1_62' title="bbox 2198 916 3780 995">
    <p class='ocr_par' dir='ltr' id='par_1_62' title="bbox 2198 916 3780 995">
     <span class='ocr_line' id='line_1_62' title="bbox 2198 916 3780 995; baseline -0.002 -18"><span class='ocrx_word' id='word_1_485' title='bbox 2198 916 2393 989; x_wconf 73' lang='grc' dir='ltr'>αὐτοὺς</span> <span class='ocrx_word' id='word_1_486' title='bbox 2421 926 2514 979; x_wconf 87' lang='grc' dir='ltr'>καὶ</span> <span class='ocrx_word' id='word_1_487' title='bbox 2545 926 2845 995; x_wconf 76' lang='grc' dir='ltr'>ἀνέρρωσε,</span> <span class='ocrx_word' id='word_1_488' title='bbox 2880 922 3093 988; x_wconf 77' lang='grc' dir='ltr'>δεικνὺς</span> <span class='ocrx_word' id='word_1_489' title='bbox 3120 923 3203 976; x_wconf 80' lang='grc' dir='ltr'>ὅτι</span> <span class='ocrx_word' id='word_1_490' title='bbox 3232 923 3326 978; x_wconf 72' lang='grc' dir='ltr'>καὶ</span> <span class='ocrx_word' id='word_1_491' title='bbox 3351 924 3450 994; x_wconf 81' lang='grc' dir='ltr'>τῆς</span> <span class='ocrx_word' id='word_1_492' title='bbox 3488 920 3780 994; x_wconf 79' lang='grc' dir='ltr'>βασιλικῆς</span> 
     </span>
    </p>
   </div>
   <div class='ocr_carea' id='block_1_63' title="bbox 2195 1021 3785 1098">
    <p class='ocr_par' dir='ltr' id='par_1_63' title="bbox 2195 1021 3785 1098">
     <span class='ocr_line' id='line_1_63' title="bbox 2195 1021 3785 1098; baseline -0.004 -21"><span class='ocrx_word' id='word_1_493' title='bbox 2195 1025 2374 1090; x_wconf 78' lang='grc' dir='ltr'>οἰκίας</span> <span class='ocrx_word' id='word_1_494' title='bbox 2408 1024 2469 1078; x_wconf 82' lang='grc' dir='ltr'>τὸ</span> <span class='ocrx_word' id='word_1_495' title='bbox 2517 1026 2781 1098; x_wconf 81' lang='grc' dir='ltr'>κήρυγμα</span> <span class='ocrx_word' id='word_1_496' title='bbox 2825 1023 3023 1095; x_wconf 78' lang='grc' dir='ltr'>ἥψατο.</span> <span class='ocrx_word' id='word_1_497' title='bbox 3069 1024 3133 1077; x_wconf 82' lang='lat' dir='ltr'><strong><em>El</em></strong></span> <span class='ocrx_word' id='word_1_498' title='bbox 3167 1023 3276 1098; x_wconf 87' lang='grc' dir='ltr'>γάρ</span> <span class='ocrx_word' id='word_1_499' title='bbox 3306 1024 3357 1077; x_wconf 84' lang='grc' dir='ltr'>οἱ</span> <span class='ocrx_word' id='word_1_500' title='bbox 3386 1024 3445 1076; x_wconf 86' lang='grc' dir='ltr'>ἐν</span> <span class='ocrx_word' id='word_1_501' title='bbox 3493 1024 3608 1086; x_wconf 76' lang='grc' dir='ltr'>τοῖς</span> <span class='ocrx_word' id='word_1_502' title='bbox 3631 1021 3785 1091; x_wconf 88' lang='grc' dir='ltr'>βασι-</span> 
     </span>
    </p>
   </div>
   <div class='ocr_carea' id='block_1_64' title="bbox 2198 1119 3785 1197">
    <p class='ocr_par' dir='ltr' id='par_1_64' title="bbox 2198 1119 3785 1197">
     <span class='ocr_line' id='line_1_64' title="bbox 2198 1119 3785 1197; baseline 0.001 -23"><span class='ocrx_word' id='word_1_503' title='bbox 2198 1122 2362 1187; x_wconf 87' lang='grc' dir='ltr'>λείοις</span> <span class='ocrx_word' id='word_1_504' title='bbox 2405 1123 2622 1179; x_wconf 86' lang='grc' dir='ltr'>πάντων</span> <span class='ocrx_word' id='word_1_505' title='bbox 2668 1125 3079 1197; x_wconf 85' lang='grc' dir='ltr'>κατεφρόνησαν</span> <span class='ocrx_word' id='word_1_506' title='bbox 3129 1124 3218 1177; x_wconf 75' lang='grc' dir='ltr'>διὰ</span> <span class='ocrx_word' id='word_1_507' title='bbox 3259 1124 3350 1177; x_wconf 82' lang='grc' dir='ltr'>τὸν</span> <span class='ocrx_word' id='word_1_508' title='bbox 3407 1122 3634 1195; x_wconf 84' lang='grc' dir='ltr'>βασιλέα</span> <span class='ocrx_word' id='word_1_509' title='bbox 3674 1119 3785 1175; x_wconf 86' lang='grc' dir='ltr'>τῶν</span> 
     </span>
    </p>
   </div>
   <div class='ocr_carea' id='block_1_65' title="bbox 2196 1222 3785 1297">
    <p class='ocr_par' dir='ltr' id='par_1_65' title="bbox 2196 1222 3785 1297">
     <span class='ocr_line' id='line_1_65' title="bbox 2196 1222 3785 1297; baseline -0.001 -21"><span class='ocrx_word' id='word_1_510' title='bbox 2196 1223 2464 1294; x_wconf 82' lang='grc' dir='ltr'>οὐρανῶν,</span> <span class='ocrx_word' id='word_1_511' title='bbox 2489 1223 2669 1296; x_wconf 87' lang='grc' dir='ltr'>πολλῷ</span> <span class='ocrx_word' id='word_1_512' title='bbox 2703 1224 2901 1297; x_wconf 84' lang='grc' dir='ltr'>μᾶλλον</span> <span class='ocrx_word' id='word_1_513' title='bbox 2918 1224 3116 1289; x_wconf 79' lang='grc' dir='ltr'>αὐτοὺς</span> <span class='ocrx_word' id='word_1_514' title='bbox 3145 1223 3251 1297; x_wconf 84' lang='grc' dir='ltr'>χρὴ</span> <span class='ocrx_word' id='word_1_515' title='bbox 3275 1223 3434 1277; x_wconf 90' lang='grc' dir='ltr'>τοῦτο</span> <span class='ocrx_word' id='word_1_516' title='bbox 3459 1227 3649 1277; x_wconf 84' lang='grc' dir='ltr'>ποιεῖν.</span> <span class='ocrx_word' id='word_1_517' title='bbox 3674 1222 3785 1278; x_wconf 73' lang='grc' dir='ltr'>Καὶ</span> 
     </span>
    </p>
   </div>
   <div class='ocr_carea' id='block_1_66' title="bbox 2195 1320 3785 1396">
    <p class='ocr_par' dir='ltr' id='par_1_66' title="bbox 2195 1320 3785 1396">
     <span class='ocr_line' id='line_1_66' title="bbox 2195 1320 3785 1396; baseline -0.001 -20"><span class='ocrx_word' id='word_1_518' title='bbox 2195 1322 2355 1378; x_wconf 87' lang='grc' dir='ltr'>τοῦτο</span> <span class='ocrx_word' id='word_1_519' title='bbox 2383 1323 2441 1376; x_wconf 85' lang='grc' dir='ltr'>δὲ</span> <span class='ocrx_word' id='word_1_520' title='bbox 2461 1325 2763 1396; x_wconf 85' lang='grc' dir='ltr'>τεκμήριον</span> <span class='ocrx_word' id='word_1_521' title='bbox 2790 1320 2859 1396; x_wconf 80' lang='grc' dir='ltr'>ἦν</span> <span class='ocrx_word' id='word_1_522' title='bbox 2875 1325 2975 1395; x_wconf 79' lang='grc' dir='ltr'>τῆς</span> <span class='ocrx_word' id='word_1_523' title='bbox 3003 1323 3217 1378; x_wconf 84' lang='grc' dir='ltr'>Παύλου</span> <span class='ocrx_word' id='word_1_524' title='bbox 3248 1323 3493 1394; x_wconf 83' lang='grc' dir='ltr'>ἀγάπης,</span> <span class='ocrx_word' id='word_1_525' title='bbox 3531 1322 3594 1376; x_wconf 79' lang='grc' dir='ltr'>τὸ</span> <span class='ocrx_word' id='word_1_526' title='bbox 3618 1320 3785 1375; x_wconf 88' lang='grc' dir='ltr'>πολλά</span> 
     </span>
    </p>
   </div>
   <div class='ocr_carea' id='block_1_67' title="bbox 2199 1421 3783 1495">
    <p class='ocr_par' dir='ltr' id='par_1_67' title="bbox 2199 1421 3783 1495">
     <span class='ocr_line' id='line_1_67' title="bbox 2199 1421 3783 1495; baseline 0.002 -19"><span class='ocrx_word' id='word_1_527' title='bbox 2199 1426 2329 1494; x_wconf 74' lang='grc' dir='ltr'>περὶ</span> <span class='ocrx_word' id='word_1_528' title='bbox 2354 1424 2532 1477; x_wconf 84' lang='grc' dir='ltr'>αὐτῶν</span> <span class='ocrx_word' id='word_1_529' title='bbox 2553 1423 2881 1495; x_wconf 82' lang='grc' dir='ltr'>διηγεῖσθαι,</span> <span class='ocrx_word' id='word_1_530' title='bbox 2913 1424 3010 1479; x_wconf 65' lang='grc' dir='ltr'>καὶ¹</span> <span class='ocrx_word' id='word_1_531' title='bbox 3044 1424 3259 1494; x_wconf 82' lang='grc' dir='ltr'>μεγάλα</span> <span class='ocrx_word' id='word_1_532' title='bbox 3293 1424 3493 1493; x_wconf 85' lang='grc' dir='ltr'>λέγειν,</span> <span class='ocrx_word' id='word_1_533' title='bbox 3525 1421 3646 1476; x_wconf 85' lang='grc' dir='ltr'>ὅθεν</span> <span class='ocrx_word' id='word_1_534' title='bbox 3688 1428 3783 1480; x_wconf 70' lang='grc' dir='ltr'>καὶ</span> 
     </span>
    </p>
   </div>
   <div class='ocr_carea' id='block_1_68' title="bbox 2199 1523 3781 1596">
    <p class='ocr_par' dir='ltr' id='par_1_68' title="bbox 2199 1523 3781 1596">
     <span class='ocr_line' id='line_1_68' title="bbox 2199 1523 3781 1596; baseline -0.001 -19"><span class='ocrx_word' id='word_1_535' title='bbox 2199 1524 2279 1587; x_wconf 80' lang='grc' dir='ltr'>είς</span> <span class='ocrx_word' id='word_1_536' title='bbox 2331 1524 2496 1578; x_wconf 84' lang='grc' dir='ltr'>πόθον</span> <span class='ocrx_word' id='word_1_537' title='bbox 2527 1525 2703 1595; x_wconf 70' lang='grc' dir='ltr'>ἤγαγε</span> <span class='ocrx_word' id='word_1_538' title='bbox 2724 1525 2851 1589; x_wconf 78' lang='grc' dir='ltr'>τοὺς</span> <span class='ocrx_word' id='word_1_539' title='bbox 2876 1527 2933 1579; x_wconf 89' lang='grc' dir='ltr'>ἐν</span> <span class='ocrx_word' id='word_1_540' title='bbox 2960 1527 3070 1590; x_wconf 85' lang='grc' dir='ltr'>τοῖς</span> <span class='ocrx_word' id='word_1_541' title='bbox 3091 1524 3402 1596; x_wconf 84' lang='grc' dir='ltr'>βασιλείοις,</span> <span class='ocrx_word' id='word_1_542' title='bbox 3433 1524 3572 1577; x_wconf 84' lang='grc' dir='ltr'>ὥστε</span> <span class='ocrx_word' id='word_1_543' title='bbox 3598 1523 3781 1577; x_wconf 85' lang='grc' dir='ltr'>ἀσπά-</span> 
     </span>
    </p>
   </div>
   <div class='ocr_carea' id='block_1_69' title="bbox 2201 1624 3781 1699">
    <p class='ocr_par' dir='ltr' id='par_1_69' title="bbox 2201 1624 3781 1699">
     <span class='ocr_line' id='line_1_69' title="bbox 2201 1624 3781 1699; baseline 0.002 -22"><span class='ocrx_word' id='word_1_544' title='bbox 2201 1624 2395 1678; x_wconf 88' lang='grc' dir='ltr'>σασθαι</span> <span class='ocrx_word' id='word_1_545' title='bbox 2416 1626 2612 1688; x_wconf 82' lang='grc' dir='ltr'>αὐτοὺς</span> <span class='ocrx_word' id='word_1_546' title='bbox 2635 1628 2759 1690; x_wconf 82' lang='grc' dir='ltr'>τοὺς</span> <span class='ocrx_word' id='word_1_547' title='bbox 2775 1627 2872 1697; x_wconf 85' lang='grc' dir='ltr'>οὐχ</span> <span class='ocrx_word' id='word_1_548' title='bbox 2890 1627 3225 1699; x_wconf 78' lang='grc' dir='ltr'>ἑωρακότας.</span> <span class='ocrx_word' id='word_1_549' title='bbox 3247 1626 3503 1682; x_wconf 82' lang='grc' dir='ltr'>Μάλιστα</span> <span class='ocrx_word' id='word_1_550' title='bbox 3533 1626 3633 1695; x_wconf 82' lang='grc' dir='ltr'>μὲν</span> <span class='ocrx_word' id='word_1_551' title='bbox 3655 1625 3781 1698; x_wconf 81' lang='grc' dir='ltr'>γὰρ,</span> 
     </span>
    </p>
   </div>
   <div class='ocr_carea' id='block_1_70' title="bbox 2199 1721 3782 1798">
    <p class='ocr_par' dir='ltr' id='par_1_70' title="bbox 2199 1721 3782 1798">
     <span class='ocr_line' id='line_1_70' title="bbox 2199 1721 3782 1798; baseline 0.001 -19"><span class='ocrx_word' id='word_1_552' title='bbox 2199 1726 2386 1796; x_wconf 78' lang='grc' dir='ltr'>ἐπειδὴ</span> <span class='ocrx_word' id='word_1_553' title='bbox 2431 1727 2491 1781; x_wconf 89' lang='grc' dir='ltr'>ἐν</span> <span class='ocrx_word' id='word_1_554' title='bbox 2538 1726 2718 1798; x_wconf 83' lang='grc' dir='ltr'>θλίψει</span> <span class='ocrx_word' id='word_1_555' title='bbox 2766 1722 2906 1798; x_wconf 80' lang='grc' dir='ltr'>ἦσαν</span> <span class='ocrx_word' id='word_1_556' title='bbox 2950 1730 3000 1781; x_wconf 77' lang='grc' dir='ltr'>οι</span> <span class='ocrx_word' id='word_1_557' title='bbox 3048 1727 3230 1782; x_wconf 76' lang='grc' dir='ltr'>πιστοὶ</span> <span class='ocrx_word' id='word_1_558' title='bbox 3272 1728 3416 1792; x_wconf 86' lang='grc' dir='ltr'>τότε,</span> <span class='ocrx_word' id='word_1_559' title='bbox 3452 1726 3621 1798; x_wconf 81' lang='grc' dir='ltr'>πολλὴ</span> <span class='ocrx_word' id='word_1_560' title='bbox 3649 1721 3717 1798; x_wconf 78' lang='grc' dir='ltr'>ἦν</span> <span class='ocrx_word' id='word_1_561' title='bbox 3746 1727 3782 1796; x_wconf 73' lang='grc' dir='ltr'><strong>ἡ</strong></span> 
     </span>
    </p>
   </div>
   <div class='ocr_carea' id='block_1_71' title="bbox 2199 1824 3788 1899">
    <p class='ocr_par' dir='ltr' id='par_1_71' title="bbox 2199 1824 3788 1899">
     <span class='ocr_line' id='line_1_71' title="bbox 2199 1824 3788 1899; baseline 0.001 -21"><span class='ocrx_word' id='word_1_562' title='bbox 2199 1824 2412 1896; x_wconf 82' lang='grc' dir='ltr'>ἀγάπη.</span> <span class='ocrx_word' id='word_1_563' title='bbox 2447 1825 2605 1893; x_wconf 85' lang='grc' dir='ltr'>Πῶς;</span> <span class='ocrx_word' id='word_1_564' title='bbox 2651 1827 2719 1879; x_wconf 80' lang='grc' dir='ltr'>Οἵ</span> <span class='ocrx_word' id='word_1_565' title='bbox 2763 1844 2823 1879; x_wconf 85' lang='grc' dir='ltr'>τε</span> <span class='ocrx_word' id='word_1_566' title='bbox 2878 1826 2986 1898; x_wconf 84' lang='grc' dir='ltr'>γὰρ</span> <span class='ocrx_word' id='word_1_567' title='bbox 3016 1826 3261 1899; x_wconf 81' lang='grc' dir='ltr'>ἀλλήλων</span> <span class='ocrx_word' id='word_1_568' title='bbox 3287 1827 3655 1895; x_wconf 79' lang='grc' dir='ltr'>διεστηκότες,</span> <span class='ocrx_word' id='word_1_569' title='bbox 3697 1824 3788 1879; x_wconf 84' lang='grc' dir='ltr'>ἀλ-</span> 
     </span>
    </p>
   </div>
   <div class='ocr_carea' id='block_1_72' title="bbox 2200 1923 3785 2000">
    <p class='ocr_par' dir='ltr' id='par_1_72' title="bbox 2200 1923 3785 2000">
     <span class='ocr_line' id='line_1_72' title="bbox 2200 1923 3785 2000; baseline 0 -20"><span class='ocrx_word' id='word_1_570' title='bbox 2200 1926 2383 1997; x_wconf 83' lang='grc' dir='ltr'>λήλοις</span> <span class='ocrx_word' id='word_1_571' title='bbox 2431 1923 2573 2000; x_wconf 75' lang='grc' dir='ltr'>ἦσαν</span> <span class='ocrx_word' id='word_1_572' title='bbox 2615 1928 3132 1999; x_wconf 87' lang='grc' dir='ltr'>συγκεκολλημένοι,</span> <span class='ocrx_word' id='word_1_573' title='bbox 3160 1930 3252 1984; x_wconf 69' lang='grc' dir='ltr'>καὶ</span> <span class='ocrx_word' id='word_1_574' title='bbox 3292 1929 3343 1982; x_wconf 87' lang='grc' dir='ltr'>οί</span> <span class='ocrx_word' id='word_1_575' title='bbox 3370 1928 3676 2000; x_wconf 79' lang='grc' dir='ltr'>πόρρωθεν,</span> <span class='ocrx_word' id='word_1_576' title='bbox 3706 1927 3785 1991; x_wconf 83' lang='grc' dir='ltr'>ὡς</span> 
     </span>
    </p>
   </div>
   <div class='ocr_carea' id='block_1_73' title="bbox 2201 2026 3785 2103">
    <p class='ocr_par' dir='ltr' id='par_1_73' title="bbox 2201 2026 3785 2103">
     <span class='ocr_line' id='line_1_73' title="bbox 2201 2026 3785 2103; baseline -0.001 -21"><span class='ocrx_word' id='word_1_577' title='bbox 2201 2026 2355 2103; x_wconf 79' lang='grc'>[517]</span> <span class='ocrx_word' id='word_1_578' title='bbox 2382 2028 2551 2098; x_wconf 73' lang='grc' dir='ltr'>ἐγγὺς</span> <span class='ocrx_word' id='word_1_579' title='bbox 2571 2029 2743 2097; x_wconf 76' lang='grc' dir='ltr'>ὄντες,</span> <span class='ocrx_word' id='word_1_580' title='bbox 2763 2029 3029 2102; x_wconf 85' lang='grc' dir='ltr'>ἀλλήλους</span> <span class='ocrx_word' id='word_1_581' title='bbox 3059 2030 3398 2102; x_wconf 74' lang='grc' dir='ltr'>ἠσπάσαντο,</span> <span class='ocrx_word' id='word_1_582' title='bbox 3442 2031 3537 2084; x_wconf 74' lang='grc' dir='ltr'>καὶ</span> <span class='ocrx_word' id='word_1_583' title='bbox 3558 2029 3632 2093; x_wconf 84' lang='grc' dir='ltr'>ὡς</span> <span class='ocrx_word' id='word_1_584' title='bbox 3656 2029 3785 2101; x_wconf 76' lang='grc' dir='ltr'>περὶ</span> 
     </span>
    </p>
   </div>
   <div class='ocr_carea' id='block_1_74' title="bbox 2204 2129 3785 2205">
    <p class='ocr_par' dir='ltr' id='par_1_74' title="bbox 2204 2129 3785 2205">
     <span class='ocr_line' id='line_1_74' title="bbox 2204 2129 3785 2205; baseline 0 -22"><span class='ocrx_word' id='word_1_585' title='bbox 2204 2130 2341 2202; x_wconf 85' lang='grc' dir='ltr'>μέλη</span> <span class='ocrx_word' id='word_1_586' title='bbox 2353 2132 2547 2196; x_wconf 78' lang='grc' dir='ltr'>οἰκεῖα,</span> <span class='ocrx_word' id='word_1_587' title='bbox 2566 2130 2710 2185; x_wconf 85' lang='grc' dir='ltr'>οῦτω</span> <span class='ocrx_word' id='word_1_588' title='bbox 2730 2131 2865 2205; x_wconf 84' lang='grc' dir='ltr'>πρὸς</span> <span class='ocrx_word' id='word_1_589' title='bbox 2883 2133 3108 2197; x_wconf 77' lang='grc' dir='ltr'>ἑαυτοὺς</span> <span class='ocrx_word' id='word_1_590' title='bbox 3123 2133 3354 2197; x_wconf 72' lang='grc' dir='ltr'>ἕκαστος</span> <span class='ocrx_word' id='word_1_591' title='bbox 3369 2132 3649 2186; x_wconf 89' lang='grc' dir='ltr'>διετίθετο.</span> <span class='ocrx_word' id='word_1_592' title='bbox 3673 2129 3785 2184; x_wconf 77' lang='grc' dir='ltr'>Καὶ</span> 
     </span>
    </p>
   </div>
   <div class='ocr_carea' id='block_1_75' title="bbox 2199 2230 3785 2306">
    <p class='ocr_par' dir='ltr' id='par_1_75' title="bbox 2199 2230 3785 2306">
     <span class='ocr_line' id='line_1_75' title="bbox 2199 2230 3785 2306; baseline -0.003 -20"><span class='ocrx_word' id='word_1_593' title='bbox 2199 2234 2228 2286; x_wconf 89' lang='lat'>0</span> <span class='ocrx_word' id='word_1_594' title='bbox 2260 2233 2427 2306; x_wconf 87' lang='grc' dir='ltr'>πένης</span> <span class='ocrx_word' id='word_1_595' title='bbox 2454 2232 2563 2305; x_wconf 83' lang='grc' dir='ltr'>γὰρ</span> <span class='ocrx_word' id='word_1_596' title='bbox 2593 2233 2731 2306; x_wconf 75' lang='grc' dir='ltr'>πρὸς</span> <span class='ocrx_word' id='word_1_597' title='bbox 2773 2233 2867 2288; x_wconf 79' lang='grc' dir='ltr'>τὸν</span> <span class='ocrx_word' id='word_1_598' title='bbox 2901 2232 3155 2287; x_wconf 91' lang='grc' dir='ltr'>πλούσιον</span> <span class='ocrx_word' id='word_1_599' title='bbox 3177 2232 3377 2304; x_wconf 84' lang='grc' dir='ltr'>ὁμοίως</span> <span class='ocrx_word' id='word_1_600' title='bbox 3408 2232 3661 2297; x_wconf 87' lang='grc' dir='ltr'>διέκειτο,</span> <span class='ocrx_word' id='word_1_601' title='bbox 3691 2230 3785 2284; x_wconf 75' lang='grc' dir='ltr'>καὶ</span> 
     </span>
    </p>
   </div>
   <div class='ocr_carea' id='block_1_76' title="bbox 2200 2334 3782 2412">
    <p class='ocr_par' dir='ltr' id='par_1_76' title="bbox 2200 2334 3782 2412">
     <span class='ocr_line' id='line_1_76' title="bbox 2200 2334 3782 2412; baseline -0.003 -16"><span class='ocrx_word' id='word_1_602' title='bbox 2200 2344 2230 2396; x_wconf 92' lang='lat'>0</span> <span class='ocrx_word' id='word_1_603' title='bbox 2264 2341 2518 2406; x_wconf 89' lang='grc' dir='ltr'>πλούσιος</span> <span class='ocrx_word' id='word_1_604' title='bbox 2556 2340 2694 2412; x_wconf 85' lang='grc' dir='ltr'>πρὸς</span> <span class='ocrx_word' id='word_1_605' title='bbox 2725 2341 2819 2395; x_wconf 72' lang='grc' dir='ltr'>τὸν</span> <span class='ocrx_word' id='word_1_606' title='bbox 2858 2340 3100 2412; x_wconf 68' lang='grc' dir='ltr'>πένητα*</span> <span class='ocrx_word' id='word_1_607' title='bbox 3131 2340 3229 2395; x_wconf 69' lang='grc' dir='ltr'>καὶ</span> <span class='ocrx_word' id='word_1_608' title='bbox 3258 2339 3484 2407; x_wconf 80' lang='grc' dir='ltr'>οὐδεμία</span> <span class='ocrx_word' id='word_1_609' title='bbox 3507 2334 3576 2409; x_wconf 80' lang='grc' dir='ltr'>ἦν</span> <span class='ocrx_word' id='word_1_610' title='bbox 3607 2338 3782 2409; x_wconf 81' lang='grc' dir='ltr'>ὑπερ-</span> 
     </span>
    </p>
   </div>
   <div class='ocr_carea' id='block_1_77' title="bbox 2200 2434 3783 2511">
    <p class='ocr_par' dir='ltr' id='par_1_77' title="bbox 2200 2434 3783 2511">
     <span class='ocr_line' id='line_1_77' title="bbox 2200 2434 3783 2511; baseline -0.004 -17"><span class='ocrx_word' id='word_1_611' title='bbox 2200 2439 2319 2511; x_wconf 82' lang='grc' dir='ltr'>οχὴ,</span> <span class='ocrx_word' id='word_1_612' title='bbox 2359 2440 2438 2510; x_wconf 81' lang='grc' dir='ltr'>τῷ</span> <span class='ocrx_word' id='word_1_613' title='bbox 2476 2438 2686 2502; x_wconf 84' lang='grc' dir='ltr'>πάντας</span> <span class='ocrx_word' id='word_1_614' title='bbox 2728 2439 2931 2511; x_wconf 85' lang='grc' dir='ltr'>ὁμοίως</span> <span class='ocrx_word' id='word_1_615' title='bbox 2978 2437 3258 2509; x_wconf 88' lang='grc' dir='ltr'>μισεῖσθαι</span> <span class='ocrx_word' id='word_1_616' title='bbox 3298 2436 3393 2490; x_wconf 76' lang='grc' dir='ltr'>καὶ</span> <span class='ocrx_word' id='word_1_617' title='bbox 3440 2435 3570 2491; x_wconf 86' lang='grc' dir='ltr'>ἐλαύ</span> <span class='ocrx_word' id='word_1_618' title='bbox 3585 2434 3783 2500; x_wconf 68' lang='grc' dir='ltr'>δεσθαι,</span> 
     </span>
    </p>
   </div>
   <div class='ocr_carea' id='block_1_78' title="bbox 2201 2532 3786 2608">
    <p class='ocr_par' dir='ltr' id='par_1_78' title="bbox 2201 2532 3786 2608">
     <span class='ocr_line' id='line_1_78' title="bbox 2201 2532 3786 2608; baseline -0.006 -14"><span class='ocrx_word' id='word_1_619' title='bbox 2201 2539 2296 2594; x_wconf 85' lang='grc' dir='ltr'>καὶ</span> <span class='ocrx_word' id='word_1_620' title='bbox 2319 2540 2413 2592; x_wconf 78' lang='grc' dir='ltr'>ἐπὶ</span> <span class='ocrx_word' id='word_1_621' title='bbox 2452 2541 2564 2603; x_wconf 82' lang='grc' dir='ltr'>τοῖς</span> <span class='ocrx_word' id='word_1_622' title='bbox 2595 2538 2796 2601; x_wconf 82' lang='grc' dir='ltr'>αὐτοῖς.</span> <span class='ocrx_word' id='word_1_623' title='bbox 2837 2537 3049 2608; x_wconf 84' lang='grc' dir='ltr'>’Ὠσπερ</span> <span class='ocrx_word' id='word_1_624' title='bbox 3084 2535 3195 2607; x_wconf 84' lang='grc' dir='ltr'>γὰρ</span> <span class='ocrx_word' id='word_1_625' title='bbox 3221 2537 3271 2589; x_wconf 79' lang='grc' dir='ltr'>οἱ</span> <span class='ocrx_word' id='word_1_626' title='bbox 3301 2537 3364 2589; x_wconf 82' lang='grc' dir='ltr'>ἐκ</span> <span class='ocrx_word' id='word_1_627' title='bbox 3391 2534 3663 2605; x_wconf 84' lang='grc' dir='ltr'>διαφόρων</span> <span class='ocrx_word' id='word_1_628' title='bbox 3691 2532 3786 2586; x_wconf 66' lang='grc' dir='ltr'>πόα</span> 
     </span>
    </p>
   </div>
   <div class='ocr_carea' id='block_1_79' title="bbox 2200 2635 3787 2709">
    <p class='ocr_par' dir='ltr' id='par_1_79' title="bbox 2200 2635 3787 2709">
     <span class='ocr_line' id='line_1_79' title="bbox 2200 2635 3787 2709; baseline -0.002 -18"><span class='ocrx_word' id='word_1_629' title='bbox 2200 2638 2338 2692; x_wconf 88' lang='grc' dir='ltr'>λεων</span> <span class='ocrx_word' id='word_1_630' title='bbox 2370 2638 2708 2709; x_wconf 85' lang='grc' dir='ltr'>αἰχμάλωτοι</span> <span class='ocrx_word' id='word_1_631' title='bbox 2739 2654 2887 2701; x_wconf 86' lang='grc' dir='ltr'>τινες</span> <span class='ocrx_word' id='word_1_632' title='bbox 2925 2638 3280 2702; x_wconf 76' lang='grc' dir='ltr'>ἀναστάντες,</span> <span class='ocrx_word' id='word_1_633' title='bbox 3301 2639 3394 2691; x_wconf 83' lang='grc' dir='ltr'>καὶ</span> <span class='ocrx_word' id='word_1_634' title='bbox 3426 2638 3507 2701; x_wconf 88' lang='grc' dir='ltr'>είς</span> <span class='ocrx_word' id='word_1_635' title='bbox 3536 2637 3664 2707; x_wconf 89' lang='grc' dir='ltr'>μίαν</span> <span class='ocrx_word' id='word_1_636' title='bbox 3699 2635 3787 2688; x_wconf 81' lang='grc' dir='ltr'>ἐλ-</span> 
     </span>
    </p>
   </div>
   <div class='ocr_carea' id='block_1_80' title="bbox 2201 2737 3786 2813">
    <p class='ocr_par' dir='ltr' id='par_1_80' title="bbox 2201 2737 3786 2813">
     <span class='ocr_line' id='line_1_80' title="bbox 2201 2737 3786 2813; baseline -0.003 -18"><span class='ocrx_word' id='word_1_637' title='bbox 2201 2741 2388 2806; x_wconf 88' lang='grc' dir='ltr'>θόντες</span> <span class='ocrx_word' id='word_1_638' title='bbox 2439 2741 2613 2808; x_wconf 89' lang='grc' dir='ltr'>πόλιν,</span> <span class='ocrx_word' id='word_1_639' title='bbox 2666 2741 2870 2813; x_wconf 86' lang='grc' dir='ltr'>σφόδρα</span> <span class='ocrx_word' id='word_1_640' title='bbox 2916 2740 3167 2811; x_wconf 86' lang='grc' dir='ltr'>ἀλλήλοις</span> <span class='ocrx_word' id='word_1_641' title='bbox 3208 2740 3647 2811; x_wconf 83' lang='grc' dir='ltr'>συμπλέκονται,</span> <span class='ocrx_word' id='word_1_642' title='bbox 3689 2737 3786 2792; x_wconf 90' lang='grc' dir='ltr'>τοῦ</span> 
     </span>
    </p>
   </div>
   <div class='ocr_carea' id='block_1_81' title="bbox 2202 2836 3785 2912">
    <p class='ocr_par' dir='ltr' id='par_1_81' title="bbox 2202 2836 3785 2912">
     <span class='ocr_line' id='line_1_81' title="bbox 2202 2836 3785 2912; baseline -0.005 -16"><span class='ocrx_word' id='word_1_643' title='bbox 2202 2841 2384 2896; x_wconf 88' lang='grc' dir='ltr'>κοινοῦ</span> <span class='ocrx_word' id='word_1_644' title='bbox 2416 2842 2517 2912; x_wconf 78' lang='grc' dir='ltr'>τῆς</span> <span class='ocrx_word' id='word_1_645' title='bbox 2562 2842 2847 2912; x_wconf 80' lang='grc' dir='ltr'>συμφορᾶς</span> <span class='ocrx_word' id='word_1_646' title='bbox 2873 2838 3276 2909; x_wconf 85' lang='grc' dir='ltr'>συγκολλῶντος</span> <span class='ocrx_word' id='word_1_647' title='bbox 3302 2836 3498 2899; x_wconf 82' lang='grc' dir='ltr'>αὐτούς</span> <span class='ocrx_word' id='word_1_648' title='bbox 3515 2855 3527 2867; x_wconf 93' lang='grc'><strong>·</strong></span> <span class='ocrx_word' id='word_1_649' title='bbox 3561 2836 3703 2889; x_wconf 79' lang='grc' dir='ltr'>οὕτω</span> <span class='ocrx_word' id='word_1_650' title='bbox 3721 2836 3785 2906; x_wconf 79' lang='grc' dir='ltr'>δὴ</span> 
     </span>
    </p>
   </div>
   <div class='ocr_carea' id='block_1_82' title="bbox 2202 2930 3787 3012">
    <p class='ocr_par' dir='ltr' id='par_1_82' title="bbox 2202 2930 3787 3012">
     <span class='ocr_line' id='line_1_82' title="bbox 2202 2930 3787 3012; baseline -0.008 -15"><span class='ocrx_word' id='word_1_651' title='bbox 2202 2943 2295 2997; x_wconf 73' lang='grc' dir='ltr'>καὶ</span> <span class='ocrx_word' id='word_1_652' title='bbox 2325 2942 2468 3008; x_wconf 86' lang='grc' dir='ltr'>τότε,</span> <span class='ocrx_word' id='word_1_653' title='bbox 2493 2943 2591 3012; x_wconf 84' lang='grc' dir='ltr'>τῆς</span> <span class='ocrx_word' id='word_1_654' title='bbox 2620 2941 2906 3004; x_wconf 88' lang='grc' dir='ltr'>κοινωνίας</span> <span class='ocrx_word' id='word_1_655' title='bbox 2927 2940 3037 2995; x_wconf 83' lang='grc' dir='ltr'>τῶν</span> <span class='ocrx_word' id='word_1_656' title='bbox 3062 2939 3404 3011; x_wconf 81' lang='grc' dir='ltr'>παθημάτων</span> <span class='ocrx_word' id='word_1_657' title='bbox 3418 2936 3521 2991; x_wconf 80' lang='grc' dir='ltr'>’καὶ</span> <span class='ocrx_word' id='word_1_658' title='bbox 3545 2936 3654 2990; x_wconf 84' lang='grc' dir='ltr'>τῶν</span> <span class='ocrx_word' id='word_1_659' title='bbox 3674 2930 3787 2989; x_wconf 68' lang='grc' dir='ltr'>θλίσ</span> 
     </span>
    </p>
   </div>
   <div class='ocr_carea' id='block_1_83' title="bbox 2199 3034 3785 3113">
    <p class='ocr_par' dir='ltr' id='par_1_83' title="bbox 2199 3034 3785 3113">
     <span class='ocr_line' id='line_1_83' title="bbox 2199 3034 3785 3113; baseline -0.005 -17"><span class='ocrx_word' id='word_1_660' title='bbox 2199 3043 2345 3113; x_wconf 72' lang='grc' dir='ltr'>ψεων</span> <span class='ocrx_word' id='word_1_661' title='bbox 2380 3042 2756 3113; x_wconf 86' lang='grc' dir='ltr'>συναπτούσης</span> <span class='ocrx_word' id='word_1_662' title='bbox 2790 3042 3008 3108; x_wconf 75' lang='grc' dir='ltr'>αὐτοὺς,</span> <span class='ocrx_word' id='word_1_663' title='bbox 3042 3038 3238 3110; x_wconf 80' lang='grc' dir='ltr'>πολλὴν</span> <span class='ocrx_word' id='word_1_664' title='bbox 3273 3034 3419 3109; x_wconf 81' lang='grc' dir='ltr'>εἶχον</span> <span class='ocrx_word' id='word_1_665' title='bbox 3459 3040 3594 3108; x_wconf 73' lang='grc' dir='ltr'>πρὸς</span> <span class='ocrx_word' id='word_1_666' title='bbox 3619 3035 3785 3106; x_wconf 81' lang='grc' dir='ltr'>ἀλλή-</span> 
     </span>
    </p>
   </div>
   <div class='ocr_carea' id='block_1_84' title="bbox 2202 3122 3677 3213">
    <p class='ocr_par' dir='ltr' id='par_1_84' title="bbox 2202 3122 3677 3213">
     <span class='ocr_line' id='line_1_84' title="bbox 2202 3122 3677 3213; baseline 0 -15"><span class='ocrx_word' id='word_1_667' title='bbox 2202 3144 2324 3208; x_wconf 89' lang='grc' dir='ltr'>λους</span> <span class='ocrx_word' id='word_1_668' title='bbox 2348 3143 2592 3213; x_wconf 82' lang='grc' dir='ltr'>ἀγάπην.</span> <span class='ocrx_word' id='word_1_669' title='bbox 3670 3122 3677 3125; x_wconf 11' lang='grc' dir='ltr'>ί</span> 
     </span>
    </p>
   </div>
   <div class='ocr_carea' id='block_1_85' title="bbox 2270 3236 3783 3314">
    <p class='ocr_par' dir='ltr' id='par_1_85' title="bbox 2270 3236 3783 3314">
     <span class='ocr_line' id='line_1_85' title="bbox 2270 3236 3783 3314; baseline 0.001 -17"><span class='ocrx_word' id='word_1_670' title='bbox 2270 3250 2332 3297; x_wconf 90' lang='grc' dir='ltr'>ε’.</span> <span class='ocrx_word' id='word_1_671' title='bbox 2351 3243 2560 3314; x_wconf 79' lang='grc' dir='ltr'>Δεσμὸς</span> <span class='ocrx_word' id='word_1_672' title='bbox 2585 3243 2693 3314; x_wconf 83' lang='grc' dir='ltr'>γάρ</span> <span class='ocrx_word' id='word_1_673' title='bbox 2721 3242 2804 3305; x_wconf 89' lang='grc' dir='ltr'>τίς</span> <span class='ocrx_word' id='word_1_674' title='bbox 2828 3241 2977 3295; x_wconf 87' lang='grc' dir='ltr'>ἐστιν</span> <span class='ocrx_word' id='word_1_675' title='bbox 3002 3242 3036 3311; x_wconf 77' lang='grc' dir='ltr'>ἡ</span> <span class='ocrx_word' id='word_1_676' title='bbox 3067 3240 3241 3309; x_wconf 70' lang='grc' dir='ltr'>θλῖψις</span> <span class='ocrx_word' id='word_1_677' title='bbox 3275 3236 3540 3311; x_wconf 77' lang='grc' dir='ltr'>ἀρραγὴς,</span> <span class='ocrx_word' id='word_1_678' title='bbox 3564 3236 3783 3305; x_wconf 77' lang='grc' dir='ltr'>ἀγάπης</span> 
     </span>
    </p>
   </div>
   <div class='ocr_carea' id='block_1_86' title="bbox 2196 3338 3787 3414">
    <p class='ocr_par' dir='ltr' id='par_1_86' title="bbox 2196 3338 3787 3414">
     <span class='ocr_line' id='line_1_86' title="bbox 2196 3338 3787 3414; baseline -0.006 -17"><span class='ocrx_word' id='word_1_679' title='bbox 2196 3342 2449 3414; x_wconf 74' lang='grc' dir='ltr'>αὔξησις,</span> <span class='ocrx_word' id='word_1_680' title='bbox 2479 3341 2828 3407; x_wconf 78' lang='grc' dir='ltr'>κατανύξεως</span> <span class='ocrx_word' id='word_1_681' title='bbox 2856 3342 2953 3396; x_wconf 79' lang='grc' dir='ltr'>καὶ</span> <span class='ocrx_word' id='word_1_682' title='bbox 2983 3340 3267 3406; x_wconf 80' lang='grc' dir='ltr'>εὐλαόείας</span> <span class='ocrx_word' id='word_1_683' title='bbox 3291 3338 3567 3401; x_wconf 81' lang='grc' dir='ltr'>ὑπόθεσις.</span> <span class='ocrx_word' id='word_1_684' title='bbox 3590 3339 3787 3389; x_wconf 76' lang='grc' dir='ltr'>’Λκουε</span> 
     </span>
    </p>
   </div>
   <div class='ocr_carea' id='block_1_87' title="bbox 2199 3436 3791 3514">
    <p class='ocr_par' dir='ltr' id='par_1_87' title="bbox 2199 3436 3791 3514">
     <span class='ocr_line' id='line_1_87' title="bbox 2199 3436 3791 3514; baseline -0.004 -18"><span class='ocrx_word' id='word_1_685' title='bbox 2199 3444 2306 3514; x_wconf 82' lang='grc' dir='ltr'>γὰρ</span> <span class='ocrx_word' id='word_1_686' title='bbox 2351 3442 2444 3497; x_wconf 91' lang='grc' dir='ltr'>τοῦ</span> <span class='ocrx_word' id='word_1_687' title='bbox 2495 3441 2661 3497; x_wconf 81' lang='grc' dir='ltr'>Δαυῒδ</span> <span class='ocrx_word' id='word_1_688' title='bbox 2703 3441 2983 3506; x_wconf 76' lang='grc' dir='ltr'>λέγοντοςο</span> <span class='ocrx_word' id='word_1_689' title='bbox 3026 3442 3270 3511; x_wconf 61' lang='grc' dir='ltr'>Ἀταθώθ</span> <span class='ocrx_word' id='word_1_690' title='bbox 3312 3456 3437 3510; x_wconf 78' lang='grc' dir='ltr'>μοι,</span> <span class='ocrx_word' id='word_1_691' title='bbox 3478 3438 3671 3506; x_wconf 84' lang='grc' dir='ltr'>Κύριε,</span> <span class='ocrx_word' id='word_1_692' title='bbox 3701 3436 3791 3490; x_wconf 86' lang='grc' dir='ltr'>ὅτι</span> 
     </span>
    </p>
   </div>
   <div class='ocr_carea' id='block_1_88' title="bbox 2196 3534 3788 3611">
    <p class='ocr_par' dir='ltr' id='par_1_88' title="bbox 2196 3534 3788 3611">
     <span class='ocr_line' id='line_1_88' title="bbox 2196 3534 3788 3611; baseline -0.004 -15"><span class='ocrx_word' id='word_1_693' title='bbox 2196 3542 2608 3608; x_wconf 79' lang='grc' dir='ltr'>ἐταπείνωσάς</span> <span class='ocrx_word' id='word_1_694' title='bbox 2643 3559 2742 3611; x_wconf 83' lang='grc' dir='ltr'>με,</span> <span class='ocrx_word' id='word_1_695' title='bbox 2784 3543 2947 3608; x_wconf 82' lang='grc' dir='ltr'>ὅπως</span> <span class='ocrx_word' id='word_1_696' title='bbox 2986 3542 3062 3595; x_wconf 85' lang='grc' dir='ltr'>ἂν</span> <span class='ocrx_word' id='word_1_697' title='bbox 3105 3539 3273 3611; x_wconf 79' lang='grc' dir='ltr'>μάθω</span> <span class='ocrx_word' id='word_1_698' title='bbox 3306 3539 3377 3594; x_wconf 87' lang='grc' dir='ltr'>τὰ</span> <span class='ocrx_word' id='word_1_699' title='bbox 3419 3534 3788 3606; x_wconf 78' lang='grc' dir='ltr'>δικαιώματά</span> 
     </span>
    </p>
   </div>
   <div class='ocr_carea' id='block_1_89' title="bbox 2198 3640 3789 3715">
    <p class='ocr_par' dir='ltr' id='par_1_89' title="bbox 2198 3640 3789 3715">
     <span class='ocr_line' id='line_1_89' title="bbox 2198 3640 3789 3715; baseline -0.001 -18"><span class='ocrx_word' id='word_1_700' title='bbox 2198 3658 2315 3698; x_wconf 91' lang='grc' dir='ltr'>σου</span> <span class='ocrx_word' id='word_1_701' title='bbox 2341 3661 2354 3676; x_wconf 76' lang='grc' dir='ltr'><strong><em>ο</em></strong></span> <span class='ocrx_word' id='word_1_702' title='bbox 2388 3645 2478 3696; x_wconf 67' lang='grc' dir='ltr'>καὶ</span> <span class='ocrx_word' id='word_1_703' title='bbox 2506 3643 2669 3697; x_wconf 85' lang='grc' dir='ltr'>πάλιν</span> <span class='ocrx_word' id='word_1_704' title='bbox 2696 3642 2885 3714; x_wconf 85' lang='grc' dir='ltr'>ἐτέρου</span> <span class='ocrx_word' id='word_1_705' title='bbox 2921 3644 3202 3715; x_wconf 78' lang='grc' dir='ltr'>προφήτου</span> <span class='ocrx_word' id='word_1_706' title='bbox 3226 3640 3495 3709; x_wconf 83' lang='grc' dir='ltr'>λέγοντος,</span> <span class='ocrx_word' id='word_1_707' title='bbox 3539 3640 3789 3709; x_wconf 64' lang='grc' dir='ltr'>Ἀγαθιεν</span> 
     </span>
    </p>
   </div>
   <div class='ocr_carea' id='block_1_90' title="bbox 2196 3739 3783 3812">
    <p class='ocr_par' dir='ltr' id='par_1_90' title="bbox 2196 3739 3783 3812">
     <span class='ocr_line' id='line_1_90' title="bbox 2196 3739 3783 3812; baseline -0.003 -13"><span class='ocrx_word' id='word_1_708' title='bbox 2196 3743 2501 3812; x_wconf 82' lang='grc' dir='ltr'>ἀνθρώπῳ,</span> <span class='ocrx_word' id='word_1_709' title='bbox 2549 3742 2695 3796; x_wconf 85' lang='grc' dir='ltr'>ὅταν</span> <span class='ocrx_word' id='word_1_710' title='bbox 2738 3741 2854 3812; x_wconf 79' lang='grc' dir='ltr'>ἄρῃ</span> <span class='ocrx_word' id='word_1_711' title='bbox 2905 3743 3085 3812; x_wconf 66' lang='grc' dir='ltr'>ζυγὸν</span> <span class='ocrx_word' id='word_1_712' title='bbox 3124 3742 3194 3796; x_wconf 81' lang='grc' dir='ltr'>ἐκ</span> <span class='ocrx_word' id='word_1_713' title='bbox 3236 3743 3521 3811; x_wconf 86' lang='grc' dir='ltr'>νεότητος</span> <span class='ocrx_word' id='word_1_714' title='bbox 3563 3739 3783 3795; x_wconf 75' lang='grc' dir='ltr'>αὐτοῦ’</span> 
     </span>
    </p>
   </div>
   <div class='ocr_carea' id='block_1_91' title="bbox 2196 3841 3784 3910">
    <p class='ocr_par' dir='ltr' id='par_1_91' title="bbox 2196 3841 3784 3910">
     <span class='ocr_line' id='line_1_91' title="bbox 2196 3841 3784 3910; baseline -0.001 -13"><span class='ocrx_word' id='word_1_715' title='bbox 2196 3844 2290 3897; x_wconf 74' lang='grc' dir='ltr'>καὶ</span> <span class='ocrx_word' id='word_1_716' title='bbox 2324 3844 2508 3908; x_wconf 83' lang='grc' dir='ltr'>πάλιν,</span> <span class='ocrx_word' id='word_1_717' title='bbox 2540 3842 2842 3910; x_wconf 78' lang='grc' dir='ltr'>Μακάριος</span> <span class='ocrx_word' id='word_1_718' title='bbox 2864 3842 3196 3910; x_wconf 78' lang='grc' dir='ltr'>ἄνθρωπος,</span> <span class='ocrx_word' id='word_1_719' title='bbox 3231 3841 3304 3896; x_wconf 79' lang='grc' dir='ltr'>ὃν</span> <span class='ocrx_word' id='word_1_720' title='bbox 3329 3841 3406 3895; x_wconf 83' lang='grc' dir='ltr'>ἂν</span> <span class='ocrx_word' id='word_1_721' title='bbox 3428 3841 3784 3907; x_wconf 54' lang='grc' dir='ltr'>παιδωσῃς,</span> 
     </span>
    </p>
   </div>
   <div class='ocr_carea' id='block_1_92' title="bbox 2195 3938 3776 4012">
    <p class='ocr_par' dir='ltr' id='par_1_92' title="bbox 2195 3938 3776 4012">
     <span class='ocr_line' id='line_1_92' title="bbox 2195 3938 3776 4012; baseline -0.004 -15"><span class='ocrx_word' id='word_1_722' title='bbox 2195 3945 2372 4011; x_wconf 82' lang='grc' dir='ltr'>Κύριε</span> <span class='ocrx_word' id='word_1_723' title='bbox 2398 3953 2412 3970; x_wconf 79' lang='grc'><strong><em>⁸</em></strong></span> <span class='ocrx_word' id='word_1_724' title='bbox 2458 3942 2552 3997; x_wconf 76' lang='grc' dir='ltr'>καὶ</span> <span class='ocrx_word' id='word_1_725' title='bbox 2600 3940 2788 4012; x_wconf 84' lang='grc' dir='ltr'>ἐτέρου</span> <span class='ocrx_word' id='word_1_726' title='bbox 2844 3940 2987 4006; x_wconf 76' lang='grc' dir='ltr'>τινὸς</span> <span class='ocrx_word' id='word_1_727' title='bbox 3051 3940 3325 4006; x_wconf 78' lang='grc' dir='ltr'>λέγοντος,</span> <span class='ocrx_word' id='word_1_728' title='bbox 3366 3938 3466 4008; x_wconf 76' lang='grc' dir='ltr'>Μὴ</span> <span class='ocrx_word' id='word_1_729' title='bbox 3506 3938 3776 4007; x_wconf 68' lang='grc' dir='ltr'>ὀλιγώρει</span> 
     </span>
    </p>
   </div>
   <div class='ocr_carea' id='block_1_93' title="bbox 2195 4038 3786 4111">
    <p class='ocr_par' dir='ltr' id='par_1_93' title="bbox 2195 4038 3786 4111">
     <span class='ocr_line' id='line_1_93' title="bbox 2195 4038 3786 4111; baseline -0.002 -15"><span class='ocrx_word' id='word_1_730' title='bbox 2195 4043 2465 4109; x_wconf 79' lang='grc' dir='ltr'>παιδείας</span> <span class='ocrx_word' id='word_1_731' title='bbox 2487 4043 2742 4110; x_wconf 75' lang='grc' dir='ltr'>Κυρίουο</span> <span class='ocrx_word' id='word_1_732' title='bbox 2773 4042 2865 4095; x_wconf 68' lang='grc' dir='ltr'>καὶ</span> <span class='ocrx_word' id='word_1_733' title='bbox 2898 4040 3153 4111; x_wconf 80' lang='grc' dir='ltr'>ἀλλαχοῦ,</span> <span class='ocrx_word' id='word_1_734' title='bbox 3200 4043 3271 4095; x_wconf 79' lang='lat' dir='ltr'><em>El</em></span> <span class='ocrx_word' id='word_1_735' title='bbox 3312 4040 3615 4109; x_wconf 82' lang='grc' dir='ltr'>προσέρχῃ</span> <span class='ocrx_word' id='word_1_736' title='bbox 3648 4038 3786 4093; x_wconf 81' lang='grc' dir='ltr'>δου-</span> 
     </span>
    </p>
   </div>
   <div class='ocr_carea' id='block_1_94' title="bbox 2194 4138 3784 4211">
    <p class='ocr_par' dir='ltr' id='par_1_94' title="bbox 2194 4138 3784 4211">
     <span class='ocr_line' id='line_1_94' title="bbox 2194 4138 3784 4211; baseline -0.005 -15"><span class='ocrx_word' id='word_1_737' title='bbox 2194 4142 2399 4197; x_wconf 80' lang='grc' dir='ltr'>λεύειν</span> <span class='ocrx_word' id='word_1_738' title='bbox 2427 4141 2641 4211; x_wconf 82' lang='grc' dir='ltr'>Κυρίῳ,</span> <span class='ocrx_word' id='word_1_739' title='bbox 2669 4139 2993 4210; x_wconf 71' lang='grc' dir='ltr'>ἐτοίμασον</span> <span class='ocrx_word' id='word_1_740' title='bbox 3016 4139 3132 4207; x_wconf 76' lang='grc' dir='ltr'>τὴν</span> <span class='ocrx_word' id='word_1_741' title='bbox 3162 4138 3374 4207; x_wconf 66' lang='grc' dir='ltr'>ψυχήν</span> <span class='ocrx_word' id='word_1_742' title='bbox 3406 4154 3522 4191; x_wconf 89' lang='grc' dir='ltr'>σου</span> <span class='ocrx_word' id='word_1_743' title='bbox 3550 4140 3636 4203; x_wconf 85' lang='grc' dir='ltr'>εις</span> <span class='ocrx_word' id='word_1_744' title='bbox 3662 4152 3784 4189; x_wconf 86' lang='grc' dir='ltr'>πει-</span> 
     </span>
    </p>
   </div>
   <div class='ocr_carea' id='block_1_95' title="bbox 2185 4238 3783 4313">
    <p class='ocr_par' dir='ltr' id='par_1_95' title="bbox 2185 4238 3783 4313">
     <span class='ocr_line' id='line_1_95' title="bbox 2185 4238 3783 4313; baseline -0.004 -16"><span class='ocrx_word' id='word_1_745' title='bbox 2185 4242 2444 4313; x_wconf 81' lang='grc' dir='ltr'>ρασμόν.</span> <span class='ocrx_word' id='word_1_746' title='bbox 2473 4243 2579 4296; x_wconf 58' lang='grc' dir='ltr'>Καὶ⁵</span> <span class='ocrx_word' id='word_1_747' title='bbox 2601 4242 2631 4294; x_wconf 91' lang='lat'>0</span> <span class='ocrx_word' id='word_1_748' title='bbox 2658 4241 2892 4313; x_wconf 74' lang='grc' dir='ltr'>Χριστὸς</span> <span class='ocrx_word' id='word_1_749' title='bbox 2920 4241 2977 4295; x_wconf 88' lang='grc' dir='ltr'>δέ</span> <span class='ocrx_word' id='word_1_750' title='bbox 3004 4240 3139 4311; x_wconf 78' lang='grc' dir='ltr'>πρὸς</span> <span class='ocrx_word' id='word_1_751' title='bbox 3168 4240 3292 4303; x_wconf 83' lang='grc' dir='ltr'>τοὺς</span> <span class='ocrx_word' id='word_1_752' title='bbox 3314 4238 3509 4293; x_wconf 79' lang='grc' dir='ltr'>ἑαυτοῦ</span> <span class='ocrx_word' id='word_1_753' title='bbox 3532 4238 3783 4310; x_wconf 80' lang='grc' dir='ltr'>μαθητὰς</span> 
     </span>
    </p>
   </div>
   <div class='ocr_carea' id='block_1_96' title="bbox 2192 4338 3776 4410">
    <p class='ocr_par' dir='ltr' id='par_1_96' title="bbox 2192 4338 3776 4410">
     <span class='ocr_line' id='line_1_96' title="bbox 2192 4338 3776 4410; baseline -0.001 -19"><span class='ocrx_word' id='word_1_754' title='bbox 2192 4339 2396 4408; x_wconf 82' lang='grc' dir='ltr'>ἔλεγεν,</span> <span class='ocrx_word' id='word_1_755' title='bbox 2414 4341 2509 4394; x_wconf 84' lang='grc' dir='ltr'>Ἑν</span> <span class='ocrx_word' id='word_1_756' title='bbox 2535 4340 2612 4405; x_wconf 84' lang='grc' dir='ltr'>τῷ</span> <span class='ocrx_word' id='word_1_757' title='bbox 2633 4341 2837 4410; x_wconf 82' lang='grc' dir='ltr'>κόσμῳ</span> <span class='ocrx_word' id='word_1_758' title='bbox 2851 4339 3061 4408; x_wconf 59' lang='lat' dir='ltr'>saw-cr</span> <span class='ocrx_word' id='word_1_759' title='bbox 3076 4339 3264 4404; x_wconf 77' lang='grc' dir='ltr'>ἕξετε,</span> <span class='ocrx_word' id='word_1_760' title='bbox 3286 4338 3446 4393; x_wconf 77' lang='grc' dir='ltr'>ἀλλὰ</span> <span class='ocrx_word' id='word_1_761' title='bbox 3470 4338 3743 4407; x_wconf 84' lang='grc' dir='ltr'>θαρσεῖτε</span> <span class='ocrx_word' id='word_1_762' title='bbox 3761 4352 3776 4368; x_wconf 76' lang='grc' dir='ltr'><strong>ο</strong></span> 
     </span>
    </p>
   </div>
   <div class='ocr_carea' id='block_1_97' title="bbox 2191 4436 3778 4508">
    <p class='ocr_par' dir='ltr' id='par_1_97' title="bbox 2191 4436 3778 4508">
     <span class='ocr_line' id='line_1_97' title="bbox 2191 4436 3778 4508; baseline -0.002 -16"><span class='ocrx_word' id='word_1_763' title='bbox 2191 4441 2282 4493; x_wconf 79' lang='grc' dir='ltr'>καὶ</span> <span class='ocrx_word' id='word_1_764' title='bbox 2311 4440 2495 4504; x_wconf 83' lang='grc' dir='ltr'>πάλιν,</span> <span class='ocrx_word' id='word_1_765' title='bbox 2539 4440 2847 4495; x_wconf 79' lang='grc' dir='ltr'>Κλαύσετε</span> <span class='ocrx_word' id='word_1_766' title='bbox 2883 4439 2981 4493; x_wconf 74' lang='grc' dir='ltr'>καὶ</span> <span class='ocrx_word' id='word_1_767' title='bbox 3018 4438 3351 4508; x_wconf 81' lang='grc' dir='ltr'>θρηνήσετε</span> <span class='ocrx_word' id='word_1_768' title='bbox 3389 4438 3579 4508; x_wconf 82' lang='grc' dir='ltr'>ὑμεῖς,</span> <span class='ocrx_word' id='word_1_769' title='bbox 3612 4440 3646 4492; x_wconf 86' lang='grc' dir='ltr'>ό</span> <span class='ocrx_word' id='word_1_770' title='bbox 3705 4436 3778 4490; x_wconf 65' lang='grc' dir='ltr'>δὲ</span> 
     </span>
    </p>
   </div>
   <div class='ocr_carea' id='block_1_98' title="bbox 2190 4537 3783 4608">
    <p class='ocr_par' dir='ltr' id='par_1_98' title="bbox 2190 4537 3783 4608">
     <span class='ocr_line' id='line_1_98' title="bbox 2190 4537 3783 4608; baseline -0.001 -17"><span class='ocrx_word' id='word_1_771' title='bbox 2190 4538 2419 4608; x_wconf 83' lang='grc' dir='ltr'>κόσμος</span> <span class='ocrx_word' id='word_1_772' title='bbox 2448 4537 2777 4608; x_wconf 81' lang='grc' dir='ltr'>χαρήσεται</span> <span class='ocrx_word' id='word_1_773' title='bbox 2798 4554 2810 4567; x_wconf 85' lang='grc'><em>’</em></span> <span class='ocrx_word' id='word_1_774' title='bbox 2843 4539 2935 4593; x_wconf 79' lang='grc' dir='ltr'>καὶ</span> <span class='ocrx_word' id='word_1_775' title='bbox 2970 4537 3148 4602; x_wconf 88' lang='grc' dir='ltr'>πάλιν,</span> <span class='ocrx_word' id='word_1_776' title='bbox 3185 4537 3377 4607; x_wconf 80' lang='grc' dir='ltr'>Στενὴ</span> <span class='ocrx_word' id='word_1_777' title='bbox 3414 4537 3512 4593; x_wconf 77' lang='grc' dir='ltr'>καὶ</span> <span class='ocrx_word' id='word_1_778' title='bbox 3544 4540 3783 4607; x_wconf 77' lang='grc' dir='ltr'>τεθλιμ-</span> 
     </span>
    </p>
   </div>
   <div class='ocr_carea' id='block_1_99' title="bbox 2183 4637 3781 4710">
    <p class='ocr_par' dir='ltr' id='par_1_99' title="bbox 2183 4637 3781 4710">
     <span class='ocr_line' id='line_1_99' title="bbox 2183 4637 3781 4710; baseline -0.001 -19"><span class='ocrx_word' id='word_1_779' title='bbox 2183 4639 2346 4709; x_wconf 79' lang='grc' dir='ltr'>μένη</span> <span class='ocrx_word' id='word_1_780' title='bbox 2392 4639 2428 4706; x_wconf 83' lang='grc' dir='ltr'><strong><em>ἠ</em></strong></span> <span class='ocrx_word' id='word_1_781' title='bbox 2463 4637 2622 4704; x_wconf 78' lang='grc' dir='ltr'>ὁδός.</span> <span class='ocrx_word' id='word_1_782' title='bbox 2677 4637 2840 4710; x_wconf 78' lang='grc' dir='ltr'>Ὁρᾷς</span> <span class='ocrx_word' id='word_1_783' title='bbox 2869 4637 3149 4709; x_wconf 85' lang='grc' dir='ltr'>πανταχοῦ</span> <span class='ocrx_word' id='word_1_784' title='bbox 3170 4638 3269 4709; x_wconf 81' lang='grc' dir='ltr'>τὴν</span> <span class='ocrx_word' id='word_1_785' title='bbox 3303 4637 3482 4707; x_wconf 77' lang='grc' dir='ltr'>θλῖψιν</span> <span class='ocrx_word' id='word_1_786' title='bbox 3525 4638 3781 4691; x_wconf 85' lang='grc' dir='ltr'>ἐπαινου-</span> 
     </span>
    </p>
   </div>
   <div class='ocr_carea' id='block_1_100' title="bbox 2192 4736 3778 4809">
    <p class='ocr_par' dir='ltr' id='par_1_100' title="bbox 2192 4736 3778 4809">
     <span class='ocr_line' id='line_1_100' title="bbox 2192 4736 3778 4809; baseline -0.001 -18"><span class='ocrx_word' id='word_1_787' title='bbox 2192 4740 2394 4809; x_wconf 79' lang='grc' dir='ltr'>μένην;</span> <span class='ocrx_word' id='word_1_788' title='bbox 2436 4736 2715 4807; x_wconf 88' lang='grc' dir='ltr'>πανταχοῦ</span> <span class='ocrx_word' id='word_1_789' title='bbox 2749 4738 3339 4809; x_wconf 81' lang='grc' dir='ltr'>παραλαμϐανομένην,</span> <span class='ocrx_word' id='word_1_790' title='bbox 3365 4736 3440 4800; x_wconf 85' lang='grc' dir='ltr'>ὡς</span> <span class='ocrx_word' id='word_1_791' title='bbox 3467 4736 3778 4804; x_wconf 88' lang='grc' dir='ltr'>ἀναγκαίαν</span> 
     </span>
    </p>
   </div>
   <div class='ocr_carea' id='block_1_101' title="bbox 2190 4831 3777 4907">
    <p class='ocr_par' dir='ltr' id='par_1_101' title="bbox 2190 4831 3777 4907">
     <span class='ocr_line' id='line_1_101' title="bbox 2190 4831 3777 4907; baseline -0.002 -18"><span class='ocrx_word' id='word_1_792' title='bbox 2190 4831 2356 4890; x_wconf 73' lang='grc' dir='ltr'>οὖσαν</span> <span class='ocrx_word' id='word_1_793' title='bbox 2413 4837 2581 4907; x_wconf 85' lang='grc' dir='ltr'>ἡμῖν;</span> <span class='ocrx_word' id='word_1_794' title='bbox 2629 4835 2692 4888; x_wconf 79' lang='lat' dir='ltr'>El</span> <span class='ocrx_word' id='word_1_795' title='bbox 2720 4835 2828 4907; x_wconf 83' lang='grc' dir='ltr'>γὰρ</span> <span class='ocrx_word' id='word_1_796' title='bbox 2858 4836 2916 4889; x_wconf 91' lang='grc' dir='ltr'>ἐν</span> <span class='ocrx_word' id='word_1_797' title='bbox 2965 4837 3079 4898; x_wconf 89' lang='grc' dir='ltr'>τοῖς</span> <span class='ocrx_word' id='word_1_798' title='bbox 3122 4834 3319 4899; x_wconf 80' lang='grc' dir='ltr'>ἔξωθεν</span> <span class='ocrx_word' id='word_1_799' title='bbox 3361 4833 3568 4903; x_wconf 85' lang='grc' dir='ltr'>ἀγῶσιν</span> <span class='ocrx_word' id='word_1_800' title='bbox 3596 4833 3777 4898; x_wconf 81' lang='grc' dir='ltr'>οὐδεὶς</span> 
     </span>
    </p>
   </div>
   <div class='ocr_carea' id='block_1_102' title="bbox 2187 4932 3779 5008">
    <p class='ocr_par' dir='ltr' id='par_1_102' title="bbox 2187 4932 3779 5008">
     <span class='ocr_line' id='line_1_102' title="bbox 2187 4932 3779 5008; baseline -0.004 -16"><span class='ocrx_word' id='word_1_801' title='bbox 2187 4936 2254 4992; x_wconf 85' lang='grc' dir='ltr'>ἂν</span> <span class='ocrx_word' id='word_1_802' title='bbox 2285 4936 2487 5007; x_wconf 84' lang='grc' dir='ltr'>ταύτης</span> <span class='ocrx_word' id='word_1_803' title='bbox 2533 4932 2704 5008; x_wconf 72' lang='grc' dir='ltr'>χωρὶς</span> <span class='ocrx_word' id='word_1_804' title='bbox 2744 4936 3007 5006; x_wconf 88' lang='grc' dir='ltr'>στέφανον</span> <span class='ocrx_word' id='word_1_805' title='bbox 3041 4935 3216 4999; x_wconf 78' lang='grc' dir='ltr'>λάϐοι,</span> <span class='ocrx_word' id='word_1_806' title='bbox 3258 4937 3306 4988; x_wconf 85' lang='grc' dir='ltr'>εἰ</span> <span class='ocrx_word' id='word_1_807' title='bbox 3346 4934 3422 5003; x_wconf 62' lang='grc' dir='ltr'>μὴ</span> <span class='ocrx_word' id='word_1_808' title='bbox 3457 4935 3551 4988; x_wconf 79' lang='grc' dir='ltr'>καὶ</span> <span class='ocrx_word' id='word_1_809' title='bbox 3592 4934 3779 4998; x_wconf 88' lang='grc' dir='ltr'>πόνοις</span> 
     </span>
    </p>
   </div>
   <div class='ocr_carea' id='block_1_103' title="bbox 2187 5034 3779 5110">
    <p class='ocr_par' dir='ltr' id='par_1_103' title="bbox 2187 5034 3779 5110">
     <span class='ocr_line' id='line_1_103' title="bbox 2187 5034 3779 5110; baseline -0.002 -19"><span class='ocrx_word' id='word_1_810' title='bbox 2187 5039 2280 5091; x_wconf 59' lang='grc' dir='ltr'>καὶ⁵</span> <span class='ocrx_word' id='word_1_811' title='bbox 2326 5039 2509 5091; x_wconf 86' lang='grc' dir='ltr'>σιτίων</span> <span class='ocrx_word' id='word_1_812' title='bbox 2550 5040 2884 5110; x_wconf 81' lang='grc' dir='ltr'>παραιτήσει</span> <span class='ocrx_word' id='word_1_813' title='bbox 2936 5040 3029 5091; x_wconf 76' lang='grc' dir='ltr'>καὶ</span> <span class='ocrx_word' id='word_1_814' title='bbox 3057 5037 3206 5107; x_wconf 84' lang='grc' dir='ltr'>νόμῳ</span> <span class='ocrx_word' id='word_1_815' title='bbox 3247 5035 3456 5107; x_wconf 89' lang='grc' dir='ltr'>διαίτης</span> <span class='ocrx_word' id='word_1_816' title='bbox 3490 5034 3585 5088; x_wconf 77' lang='grc' dir='ltr'>καὶ</span> <span class='ocrx_word' id='word_1_817' title='bbox 3605 5036 3779 5105; x_wconf 84' lang='grc' dir='ltr'>ἀγρυ-</span> 
     </span>
    </p>
   </div>
   <div class='ocr_carea' id='block_1_104' title="bbox 2188 5134 3773 5210">
    <p class='ocr_par' dir='ltr' id='par_1_104' title="bbox 2188 5134 3773 5210">
     <span class='ocr_line' id='line_1_104' title="bbox 2188 5134 3773 5210; baseline -0.003 -19"><span class='ocrx_word' id='word_1_818' title='bbox 2188 5138 2369 5202; x_wconf 83' lang='grc' dir='ltr'>πνίαις</span> <span class='ocrx_word' id='word_1_819' title='bbox 2405 5138 2498 5191; x_wconf 66' lang='grc' dir='ltr'>καὶ</span> <span class='ocrx_word' id='word_1_820' title='bbox 2526 5139 2740 5210; x_wconf 85' lang='grc' dir='ltr'>μυρίοις</span> <span class='ocrx_word' id='word_1_821' title='bbox 2766 5138 2971 5208; x_wconf 80' lang='grc' dir='ltr'>ἑτέροις</span> <span class='ocrx_word' id='word_1_822' title='bbox 3004 5138 3193 5190; x_wconf 75' lang='grc' dir='ltr'>ἑαυτὸν</span> <span class='ocrx_word' id='word_1_823' title='bbox 3234 5135 3549 5207; x_wconf 78' lang='grc' dir='ltr'>όχυρὼσειε,</span> <span class='ocrx_word' id='word_1_824' title='bbox 3588 5134 3773 5206; x_wconf 84' lang='grc' dir='ltr'>πολλῷ</span> 
     </span>
    </p>
   </div>
   <div class='ocr_carea' id='block_1_105' title="bbox 2191 5218 3775 5308">
    <p class='ocr_par' dir='ltr' id='par_1_105' title="bbox 2191 5218 3775 5308">
     <span class='ocr_line' id='line_1_105' title="bbox 2191 5218 3775 5308; baseline -0.003 -16"><span class='ocrx_word' id='word_1_825' title='bbox 2191 5237 2389 5308; x_wconf 79' lang='grc' dir='ltr'>μᾶλλον</span> <span class='ocrx_word' id='word_1_826' title='bbox 2410 5238 2667 5293; x_wconf 89' lang='grc' dir='ltr'>ἐνταῦθα.</span> <span class='ocrx_word' id='word_1_827' title='bbox 2700 5236 2833 5291; x_wconf 88' lang='grc' dir='ltr'>Τίνα</span> <span class='ocrx_word' id='word_1_828' title='bbox 2850 5236 2959 5308; x_wconf 86' lang='grc' dir='ltr'>γὰρ</span> <span class='ocrx_word' id='word_1_829' title='bbox 2971 5236 3149 5306; x_wconf 82' lang='grc' dir='ltr'>βούλει</span> <span class='ocrx_word' id='word_1_830' title='bbox 3171 5254 3185 5304; x_wconf 91' lang='grc'><strong>;</strong></span> <span class='ocrx_word' id='word_1_831' title='bbox 3209 5236 3300 5290; x_wconf 80' lang='grc' dir='ltr'>τὸν</span> <span class='ocrx_word' id='word_1_832' title='bbox 3320 5218 3544 5306; x_wconf 75' lang='grc' dir='ltr'>βασιλέα</span> <span class='ocrx_word' id='word_1_833' title='bbox 3565 5236 3741 5289; x_wconf 85' lang='grc' dir='ltr'>εἰπεῖν</span> <span class='ocrx_word' id='word_1_834' title='bbox 3759 5254 3775 5302; x_wconf 87' lang='lat'>;</span> 
     </span>
    </p>
   </div>
   <div class='ocr_carea' id='block_1_106' title="bbox 2160 5335 3779 5409">
    <p class='ocr_par' dir='ltr' id='par_1_106' title="bbox 2160 5335 3779 5409">
     <span class='ocr_line' id='line_1_106' title="bbox 2160 5335 3779 5409; baseline -0.004 -14"><span class='ocrx_word' id='word_1_835' title='bbox 2160 5338 2341 5395; x_wconf 54' lang='grc' dir='ltr'>«Ἀλλ’</span> <span class='ocrx_word' id='word_1_836' title='bbox 2388 5338 2508 5392; x_wconf 84' lang='grc' dir='ltr'>οὐδὲ</span> <span class='ocrx_word' id='word_1_837' title='bbox 2551 5339 2758 5400; x_wconf 81' lang='grc' dir='ltr'>ἐκεῖνος</span> <span class='ocrx_word' id='word_1_838' title='bbox 2794 5337 3099 5409; x_wconf 87' lang='grc' dir='ltr'>ἀμέριμνον</span> <span class='ocrx_word' id='word_1_839' title='bbox 3157 5336 3222 5409; x_wconf 76' lang='grc' dir='ltr'>ζῇ</span> <span class='ocrx_word' id='word_1_840' title='bbox 3280 5335 3430 5406; x_wconf 86' lang='grc' dir='ltr'>βίον,</span> <span class='ocrx_word' id='word_1_841' title='bbox 3482 5335 3621 5389; x_wconf 76' lang='grc' dir='ltr'>ἀλλά</span> <span class='ocrx_word' id='word_1_842' title='bbox 3678 5337 3779 5389; x_wconf 75' lang='grc' dir='ltr'>καὶ</span> 
     </span>
    </p>
   </div>
   <div class='ocr_carea' id='block_1_107' title="bbox 2167 5436 3779 5525">
    <p class='ocr_par' dir='ltr' id='par_1_107' title="bbox 2167 5436 3779 5525">
     <span class='ocr_line' id='line_1_107' title="bbox 2167 5436 3779 5525; baseline -0.004 -31"><span class='ocrx_word' id='word_1_843' title='bbox 2167 5438 2404 5525; x_wconf 35' lang='grc' dir='ltr'>’πολλῶν</span> <span class='ocrx_word' id='word_1_844' title='bbox 2430 5438 2663 5509; x_wconf 83' lang='grc' dir='ltr'>θλίψεων</span> <span class='ocrx_word' id='word_1_845' title='bbox 2686 5438 2779 5491; x_wconf 73' lang='grc' dir='ltr'>καὶ</span> <span class='ocrx_word' id='word_1_846' title='bbox 2799 5437 3095 5509; x_wconf 84' lang='grc' dir='ltr'>φροντίδων</span> <span class='ocrx_word' id='word_1_847' title='bbox 3134 5438 3392 5507; x_wconf 84' lang='grc' dir='ltr'>γέμοντα.</span> <span class='ocrx_word' id='word_1_848' title='bbox 3435 5438 3527 5507; x_wconf 80' lang='grc' dir='ltr'>Μὴ</span> <span class='ocrx_word' id='word_1_849' title='bbox 3558 5436 3668 5508; x_wconf 78' lang='grc' dir='ltr'>γὰρ</span> <span class='ocrx_word' id='word_1_850' title='bbox 3694 5438 3779 5501; x_wconf 85' lang='grc' dir='ltr'>εἰς</span> 
     </span>
    </p>
   </div>
   <div class='ocr_carea' id='block_1_108' title="bbox 2188 5534 3775 5609">
    <p class='ocr_par' dir='ltr' id='par_1_108' title="bbox 2188 5534 3775 5609">
     <span class='ocr_line' id='line_1_108' title="bbox 2188 5534 3775 5609; baseline -0.003 -17"><span class='ocrx_word' id='word_1_851' title='bbox 2188 5537 2249 5592; x_wconf 77' lang='grc' dir='ltr'>τὸ</span> <span class='ocrx_word' id='word_1_852' title='bbox 2276 5537 2513 5607; x_wconf 85' lang='grc' dir='ltr'>διάδημα</span> <span class='ocrx_word' id='word_1_853' title='bbox 2540 5537 2674 5609; x_wconf 77' lang='grc' dir='ltr'>ἴδῃς,</span> <span class='ocrx_word' id='word_1_854' title='bbox 2699 5535 2816 5589; x_wconf 79' lang='grc' dir='ltr'>ἀλλ’</span> <span class='ocrx_word' id='word_1_855' title='bbox 2852 5538 2932 5602; x_wconf 86' lang='grc' dir='ltr'>εἰς</span> <span class='ocrx_word' id='word_1_856' title='bbox 2961 5537 3022 5590; x_wconf 79' lang='grc' dir='ltr'>τὸ</span> <span class='ocrx_word' id='word_1_857' title='bbox 3050 5536 3337 5590; x_wconf 80' lang='grc' dir='ltr'>κλυδώνιον</span> <span class='ocrx_word' id='word_1_858' title='bbox 3360 5535 3677 5605; x_wconf 70' lang='grc' dir='ltr'>φροντίδων,</span> <span class='ocrx_word' id='word_1_859' title='bbox 3705 5534 3775 5587; x_wconf 79' lang='grc' dir='ltr'>δι’</span> 
     </span>
    </p>
   </div>
   <div class='ocr_carea' id='block_1_109' title="bbox 2170 5606 3809 5707">
    <p class='ocr_par' dir='ltr' id='par_1_109' title="bbox 2170 5606 3809 5707">
     <span class='ocr_line' id='line_1_109' title="bbox 2170 5606 3809 5707; baseline -0.002 -17"><span class='ocrx_word' id='word_1_860' title='bbox 2170 5606 2252 5690; x_wconf 56' lang='grc' dir='ltr'>⁷οἷ’)</span> <span class='ocrx_word' id='word_1_861' title='bbox 2283 5636 2430 5707; x_wconf 80' lang='grc' dir='ltr'>αὐτῷ</span> <span class='ocrx_word' id='word_1_862' title='bbox 2463 5639 2492 5689; x_wconf 90' lang='lat'>0</span> <span class='ocrx_word' id='word_1_863' title='bbox 2516 5606 2744 5707; x_wconf 78' lang='grc' dir='ltr'>θόρυϐος</span> <span class='ocrx_word' id='word_1_864' title='bbox 2777 5636 3045 5691; x_wconf 81' lang='grc' dir='ltr'>τίκτεται·</span> <span class='ocrx_word' id='word_1_865' title='bbox 3083 5636 3219 5707; x_wconf 74' lang='grc' dir='ltr'>μηδὲ</span> <span class='ocrx_word' id='word_1_866' title='bbox 3253 5636 3332 5700; x_wconf 83' lang='grc' dir='ltr'>είς</span> <span class='ocrx_word' id='word_1_867' title='bbox 3352 5636 3452 5703; x_wconf 85' lang='grc' dir='ltr'>τὴν</span> <span class='ocrx_word' id='word_1_868' title='bbox 3481 5612 3809 5704; x_wconf 32' lang='grc' dir='ltr'>ἁλουργίδαέ</span> 
     </span>
    </p>
   </div>
   <div class='ocr_carea' id='block_1_110' title="bbox 2193 5732 3777 5805">
    <p class='ocr_par' dir='ltr' id='par_1_110' title="bbox 2193 5732 3777 5805">
     <span class='ocr_line' id='line_1_110' title="bbox 2193 5732 3777 5805; baseline -0.003 -18"><span class='ocrx_word' id='word_1_869' title='bbox 2193 5734 2377 5804; x_wconf 85' lang='grc' dir='ltr'>βλέπε,</span> <span class='ocrx_word' id='word_1_870' title='bbox 2424 5733 2538 5787; x_wconf 85' lang='grc' dir='ltr'>ἀλλ’</span> <span class='ocrx_word' id='word_1_871' title='bbox 2581 5736 2663 5797; x_wconf 83' lang='grc' dir='ltr'>εἰς</span> <span class='ocrx_word' id='word_1_872' title='bbox 2702 5732 2802 5804; x_wconf 81' lang='grc' dir='ltr'>τὴν</span> <span class='ocrx_word' id='word_1_873' title='bbox 2848 5733 3026 5805; x_wconf 78' lang='grc' dir='ltr'>ψυχὴν</span> <span class='ocrx_word' id='word_1_874' title='bbox 3048 5732 3145 5804; x_wconf 80' lang='grc' dir='ltr'>τὴν</span> <span class='ocrx_word' id='word_1_875' title='bbox 3190 5733 3393 5805; x_wconf 80' lang='grc' dir='ltr'>μᾶλλον</span> <span class='ocrx_word' id='word_1_876' title='bbox 3416 5733 3635 5803; x_wconf 82' lang='grc' dir='ltr'>ἐκείνης</span> <span class='ocrx_word' id='word_1_877' title='bbox 3674 5732 3777 5799; x_wconf 77' lang='grc' dir='ltr'>τῆς</span> 
     </span>
    </p>
   </div>
   <div class='ocr_carea' id='block_1_111' title="bbox 2196 5833 3774 5908">
    <p class='ocr_par' dir='ltr' id='par_1_111' title="bbox 2196 5833 3774 5908">
     <span class='ocr_line' id='line_1_111' title="bbox 2196 5833 3774 5908; baseline -0.001 -21"><span class='ocrx_word' id='word_1_878' title='bbox 2196 5833 2508 5903; x_wconf 80' lang='grc' dir='ltr'>ἀλουργίδος</span> <span class='ocrx_word' id='word_1_879' title='bbox 2534 5833 2926 5906; x_wconf 74' lang='grc' dir='ltr'>μελαινομένην</span> <span class='ocrx_word' id='word_1_880' title='bbox 2947 5852 2960 5866; x_wconf 90' lang='grc'><strong>·</strong></span> <span class='ocrx_word' id='word_1_881' title='bbox 2989 5836 3089 5907; x_wconf 89' lang='grc' dir='ltr'>οὐχ</span> <span class='ocrx_word' id='word_1_882' title='bbox 3107 5833 3281 5901; x_wconf 72' lang='grc' dir='ltr'>οὕτως</span> <span class='ocrx_word' id='word_1_883' title='bbox 3302 5837 3332 5891; x_wconf 87' lang='lat'>0</span> <span class='ocrx_word' id='word_1_884' title='bbox 3362 5833 3624 5908; x_wconf 80' lang='grc' dir='ltr'>στέφανος</span> <span class='ocrx_word' id='word_1_885' title='bbox 3649 5834 3774 5887; x_wconf 85' lang='grc' dir='ltr'>δεσ-</span> 
     </span>
    </p>
   </div>
  </div>
