4184 6498
346 384 455 452 £93

345 509 559 580 impleat
590 523 792 562 omnem
816 508 1157 561 necessitatem
1185 516 1420 573 vestram,
1450 507 1583 562 alias
1605 516 1761 563 πᾶσαν
1790 514 1949 579 χάριν,

1234 383 1298 448 tv
1339 383 1554 450 EPIST.
1599 393 1688 448 an
1729 386 2013 451 rutulio.
2055 386 2211 457 cali.
2252 392 2340 455 tv.
2386 391 2616 457 u’omn.
2661 393 2777 458 xv.

3550 407 3659 467 ιειι

2067 514 2320 568 recusare
2341 553 2356 578 ,
2382 514 2508 583 quin
2539 515 2636 570 hos
2658 516 2821 572 etiam
2849 518 3044 574 fratres
3067 529 3222 576 vocet
3247 565 3260 587 ,
3290 520 3380 575 22.
3415 521 3661 578 Salutant

351 603 436 658 vel
470 643 485 670 ,
518 607 674 655 πᾶσαν
697 602 858 671 χαράν
883 641 896 663 ,
929 597 980 652 id
1002 607 1084 652 est
1113 639 1127 662 ,
1151 615 1350 652 omnem
1376 600 1595 669 gratiam
1612 641 1628 666 ,
1655 600 1740 654 vel
1765 641 1781 666 ,
1804 615 1955 654 omne
2057 619 2144 658 uos
2167 620 2338 659 omnes
2367 608 2532 661 sancti
2555 649 2568 672 ,
2605 609 2826 663 maxime
2850 620 3020 665 autent
3046 614 3134 682 qui
3158 613 3222 668 de
3249 614 3466 670 Cazsaris
3505 617 3657 669 domo

347 694 617 768 gaudium.
661 695 739 747 Ac
767 692 811 746 si
833 691 1051 760 quidem
1085 691 1314 761 legatur,
1340 689 1555 745 Omnem
1580 694 1821 761 gratiam,
1851 689 1952 746 hoc

347 789 665 860 signiﬁcat,
731 802 838 841 non
891 785 1028 840 hanc
1072 785 1240 840 solam
1279 785 1680 857 elceumsynam
1722 799 1843 855 qua:
1897 785 1950 840 in

347 892 517 947 terra,
557 879 655 935 sed
717 893 882 935 omne
908 877 1268 944 benefactmn;
1303 880 1409 943 sin,
1433 878 1575 947 quod
1603 879 1773 948 magis
1798 886 1948 948 puto,

350 971 565 1026 Omnem
594 971 986 1033 necessitatem,-
1015 968 1116 1024 hoc
1145 978 1228 1024 est
1251 1011 1266 1035 ,
1290 968 1431 1039 quod
1463 969 1766 1036 signiﬁcare
1804 965 1947 1023 vult:

345 1065 600 1136 quoniam
648 1063 902 1128 dixerat,
949 1062 1200 1133 θεαιρωί
1242 1063 1438 1127 eratis,
1491 1061 1768 1132 subiungit
1820 1061 1946 1129 hic,

345 1157 489 1228 quod
527 1157 694 1212 etiam
738 1155 865 1211 facit
903 1156 957 1211 in
992 1154 1229 1226 Epistola
1259 1154 1326 1209 ad
1357 1153 1670 1210 Corinthios
1714 1153 1946 1220 dicens,

348 1252 454 1319 Qui
479 1251 805 1304 aditiinistrat
836 1267 1003 1304 semen
1029 1250 1321 1315 seminanti,
1352 1259 1399 1303 et
1423 1264 1607 1318 panem
1627 1247 1696 1301 ad
1722 1247 1946 1302 mandu-

344 1343 568 1395 candum
606 1350 830 1410 pra‘stet,
863 1350 908 1394 et
933 1340 1232 1410 multiplicet
1272 1355 1441 1394 semen
1478 1347 1700 1393 vestrum
1724 1380 1740 1404 ,
1773 1347 1820 1392 et
1848 1353 1946 1391 au-

345 1443 463 1504 geat
488 1433 718 1504 germina
743 1433 955 1503 frugum
969 1432 1191 1502 justitia:
1216 1441 1395 1486 uestrae
1428 1429 1524 1501 (2.
1554 1428 1678 1486 Cor.
1709 1429 1765 1486 Θ.
1810 1429 1878 1485 10
1905 1429 1943 1498 )-.

344 1517 480 1578 Nm:
519 1533 578 1579 et
621 1523 705 1579 his
735 1523 839 1579 hoc
867 1534 1154 1595 precatur,
1202 1531 1264 1577 ut
1292 1521 1568 1578 abundent
1612 1530 1668 1577 et
1713 1519 1948 1576 habeant

347 1617 492 1670 unde
533 1617 845 1682 scmineut;
886 1626 938 1670 et
971 1625 1244 1687 precatur,
1289 1630 1396 1670 non
1443 1623 1504 1670 ut
1552 1615 1744 1686 quovis
1783 1613 1946 1670 modo

345 1706 641 1773 abundent,
682 1707 806 1776 sed,
841 1707 1138 1763 Secundum
1163 1707 1367 1761 diuitias
1411 1723 1551 1762 suae.
1581 1705 1944 1774 Quamobrem

340 1811 401 1855 et
428 1800 532 1855 hoc
563 1800 840 1856 moderate
872 1799 1017 1855 fecit.
1060 1798 1192 1854 Nam
1219 1799 1270 1854 si
1299 1799 1465 1854 Paulo
1491 1799 1696 1855 similes
1725 1800 1944 1854 omnino

342 1891 573 1948 fuissent
596 1933 612 1958 ,
653 1892 792 1948 adeo
824 1891 1174 1962 philosophi,
1217 1891 1355 1947 adeo
1381 1890 1663 1958 cruciﬁxi,
1695 1905 1801 1946 non
1843 1890 1946 1944 hoc

338 2001 477 2040 sane
511 1985 781 2040 eﬂ‘ecisset
825 2002 839 2038 :
890 1984 988 2040 sed
1035 1983 1289 2056 quoniam
1332 1983 1579 2038 homines
1621 1992 1775 2037 erant
1822 1982 1944 2052 opi-

342 2076 516 2142 lices,
567 2088 830 2148 pauperes
856 2118 871 2143 ,
913 2091 1111 2132 uxores
1142 2076 1452 2143 habebant,
1499 2076 1639 2130 ﬁlios
1684 2076 1940 2141 alebant,

341 2176 525 2236 patres
553 2167 782 2223 familias
810 2177 966 2223 erant
991 2211 1005 2235 ,
1041 2175 1204 2238 atque
1239 2183 1306 2224 ex
1340 2168 1602 2223 tenuitate
1629 2181 1724 2222 sua
1758 2177 1940 2223 tamen

338 2260 461 2316 hcce
488 2259 753 2317 dederant
779 2301 794 2324 ,
826 2261 1167 2333 quadamque
1204 2277 1383 2318 rerum
1411 2261 1755 2332 prtesentium
1785 2262 1941 2332 cupi-

334 2352 510 2408 ditate
539 2355 764 2409 minime
797 2354 1098 2420 carebant;
1141 2355 1211 2408 ita
1247 2363 1519 2422 precatur,
1549 2363 1608 2410 ut
1635 2364 1695 2410 se
1722 2354 1788 2410 ad
1817 2354 1940 2410 illo-

340 2461 461 2500 rum
487 2455 704 2516 captum
737 2445 1014 2502 demittat.
1059 2446 1128 2501 lis
1149 2446 1302 2502 etaim
1331 2446 1421 2517 qui
1466 2447 1567 2501 hoc
1611 2446 1774 2502 modo
1822 2456 1940 2502 utc-

338 2544 551 2602 rcntur,
580 2535 713 2590 nihil
752 2535 970 2592 absurdi
1000 2545 1210 2591 tantum
1241 2536 1450 2608 precari
1475 2578 1492 2606 ,
1533 2547 1791 2608 quantum
1835 2537 1943 2602 illis

340 2628 478 2683 satis
515 2629 587 2683 sit
617 2639 779 2698 atque
807 2637 862 2683 ut
892 2628 1186 2684 abundent.
1241 2627 1374 2684 Vide
1412 2628 1574 2699 igitur
1598 2669 1614 2693 ,
1653 2627 1784 2698 quid
1816 2642 1942 2698 prc-

335 2727 497 2773 cetur
528 2734 541 2772 :
575 2733 683 2773 non
711 2718 875 2782 dixit.
924 2717 1106 2773 Faciat
1143 2717 1338 2773 divites
1363 2759 1378 2784 ,
1415 2732 1482 2773 ac
1522 2717 1682 2773 valde
1711 2717 1941 2788 opulen-

339 2819 426 2864 tos
447 2849 465 2875 ,
511 2807 607 2863 sed
635 2807 810 2879 quid?
850 2807 1074 2879 Intpleat
1099 2816 1303 2864 omnem
1328 2810 1672 2863 necessitatem
1693 2819 1938 2877 vestram,

339 2909 404 2953 ut
445 2913 513 2954 ne
552 2898 794 2970 egentis,
845 2899 939 2954 sed
983 2899 1227 2954 habeatis
1254 2915 1378 2970 qua:
1402 2900 1554 2956 vobis
1596 2914 1736 2970 opus
1771 2909 1939 2956 sunt:

335 2991 594 3062 quoniam
632 2999 688 3047 et
727 2990 976 3046 Christus
1014 2991 1300 3047 formulam
1327 2993 1487 3049 nobis
1526 2991 1782 3064 precandi
1821 3001 1941 3050 tra—

335 3084 510 3150 deus,
553 3084 656 3139 hoc
703 3083 1009 3154 precationi
1058 3083 1295 3154 adjecit,
1346 3083 1550 3140 docens
1591 3086 1665 3140 ita
1710 3085 1897 3142 dicere
1921 3128 1938 3156 ,

343 3176 541 3232 Panem
568 3187 800 3232 nostrum
829 3176 1184 3247 quotidianum
1226 3177 1300 3231 da
1345 3177 1490 3232 nobis
1520 3179 1718 3251 hodie(
1746 3178 1938 3235 Matth.

335 3269 399 3325 6.
433 3271 491 3324 11
521 3269 562 3340 ).
604 3268 901 3324 Secundam
927 3269 1136 3324 divitias
1177 3284 1322 3324 suas.
1360 3267 1500 3336 Quid
1529 3270 1632 3326 hoc
1661 3270 1792 3327 est?
1834 3270 1941 3326 Pro

340 3359 706 3416 muniﬁcentia
747 3375 885 3427 sua;
933 3359 987 3416 id
1027 3369 1134 3428 est,
1175 3360 1320 3432 quod
1356 3360 1513 3415 facile
1551 3371 1606 3416 et
1630 3361 1742 3417 cito
1770 3362 1942 3432 possit

340 3452 545 3509 facere.
588 3454 666 3509 Ac
693 3469 764 3509 ne
799 3453 1156 3521 existiment,
1203 3453 1458 3523 quoniam
1483 3452 1595 3508 dixi
1627 3496 1642 3521 ,
1693 3454 1935 3510 Necessi-

347 3553 526 3611 tatem,
555 3545 670 3600 fore
703 3554 764 3599 ut
792 3546 845 3600 in
874 3544 1153 3615 angustias
1178 3543 1571 3600 concludantur
1597 3561 1613 3598 :
1653 3555 1936 3615 propterea

337 3635 578 3702 addidit,
627 3635 919 3691 secundum
944 3636 1149 3690 divitias
1173 3651 1294 3691 suas
1318 3637 1372 3690 in
1399 3637 1599 3706 gloria,
1641 3637 1694 3691 in
1725 3634 1931 3693 Christo

334 3728 488 3784 Jesu.
529 3728 607 3784 Ita
634 3729 1023 3794 abundabunt,
1058 3728 1267 3799 inquit,
1309 3729 1461 3784 vobis
1508 3730 1688 3785 omnia
1716 3773 1732 3796 ,
1783 3740 1842 3785 ut
1881 3732 1935 3786 in

336 3821 510 3890 gloria
541 3820 709 3890 ipsius
737 3821 856 3875 sitis
899 3819 1155 3876 habituri.
1209 3817 1305 3876 Vel
1337 3820 1496 3890 igitur
1525 3819 1629 3878 hoc
1650 3821 1755 3876 sibi
1787 3823 1935 3890 vult,

340 3916 457 3969 fore
503 3922 562 3968 ut
608 3914 809 3969 nullius
856 3913 932 3968 rei
973 3921 1204 3984 egeant;
1261 3911 1444 3967 Gratia
1488 3914 1676 3982 enim,
1723 3914 1937 3984 inquit,

337 4020 528 4076 magna
571 4013 683 4058 erat
724 4005 778 4058 in
821 4006 1060 4059 omnibus
1106 4005 1212 4058 illis
1235 4045 1251 4071 ,
1301 4020 1460 4075 neque
1496 4005 1632 4059 enim
1671 4005 1939 4076 quisquam

334 4113 488 4168 egens
522 4107 636 4151 erat
676 4097 814 4151 inter
863 4097 981 4152 illos
1029 4096 1186 4166 (Act.
1226 4099 1279 4153 4.
1312 4098 1405 4154 55.
1457 4097 1568 4169 54)
1603 4116 1619 4152 :
1653 4099 1737 4155 vel
1767 4108 1826 4154 ιιι
1865 4099 1937 4154 ad

336 4187 508 4257 ipsius
541 4187 634 4243 Dei
663 4187 888 4258 gloriam
917 4189 1097 4243 omnia
1129 4189 1367 4254 iaciam;
1402 4202 1466 4243 ac
1491 4189 1537 4243 si
1565 4189 1816 4258 diceret,
1867 4191 1939 4248 Ut

332 4276 405 4331 ad
434 4278 604 4349 ipsius
634 4279 862 4349 gloriam
894 4280 1066 4348 capiis
1107 4280 1224 4334 suis
1251 4280 1494 4335 utamini.
1518 4280 1612 4337 20.
1640 4281 1749 4336 Deo
1768 4293 1938 4338 autem

330 4377 386 4420 et
415 4367 564 4422 Patri
607 4378 782 4423 nostro
824 4370 994 4439 gloria
1037 4370 1091 4424 in
1137 4371 1328 4425 sarcula
1371 4372 1696 4426 saeculorum.
1751 4373 1932 4431 Amen.

333 4457 464 4514 Huic
491 4468 670 4514 autem
700 4461 870 4531 gloria
903 4476 1010 4516 non
1040 4461 1159 4516 Filii
1190 4463 1365 4518 solum
1392 4503 1408 4529 ,
1439 4462 1534 4518 sed
1571 4465 1735 4520 etiam
1763 4465 1936 4522 Patris

331 4560 419 4608 est
442 4569 456 4605 :
483 4567 608 4606 nam
633 4551 760 4607 dum
791 4553 1046 4609 tribuitur
1066 4552 1206 4609 Filio
1226 4554 1418 4624 gloria,
1445 4556 1696 4611 tribuitur
1721 4573 1937 4629 quoque

331 4641 503 4696 Patri.
549 4642 759 4698 Etenim
787 4644 1043 4713 quoniam
1074 4643 1286 4699 dixerat
1313 4645 1368 4699 in
1393 4644 1596 4702 Christi
1621 4647 1850 4718 gloriam
1881 4649 1935 4704 id

330 4733 488 4799 ﬁeri,
538 4727 606 4789 ne
654 4735 775 4804 quis
820 4745 971 4806 putet
1023 4737 1193 4808 ipsius
1243 4745 1486 4807 tantum,
1528 4739 1777 4809 addidit,
1823 4741 1936 4799 Deo

331 4834 506 4878 autem
533 4833 580 4879 et
612 4823 758 4880 Patri
787 4836 962 4881 nostra
991 4827 1159 4899 gloria
1187 4844 1209 4885 ς
1229 4827 1345 4884 haec
1371 4828 1486 4901 ipsa
1515 4831 1789 4899 nimirum,
1813 4849 1934 4904 quae

328 4917 459 4973 data
486 4928 570 4975 est
599 4919 762 4975 Filio.
783 4919 874 4976 21.
908 4921 1148 4976 Salutate
1164 4937 1366 4976 omnem
1390 4935 1625 4978 sanctum
1651 4926 1705 4979 in
1730 4926 1933 4982 Christo

327 5009 481 5066 Jesu.
527 5011 644 5066 Non
673 5012 797 5068 leve
822 5021 879 5069 et
917 5013 1019 5068 hoc
1050 5030 1065 5066 :
1095 5029 1303 5084 magna:
1349 5016 1495 5070 enim
1545 5017 1934 5076 benevolentia:

327 5110 419 5158 est
456 5115 552 5173 per
581 5104 767 5160 literas
793 5105 963 5160 etiam
998 5106 1146 5177 ipsos
1166 5107 1416 5162 salutare.
1460 5108 1706 5163 Salutant
1730 5125 1818 5165 eos
1846 5113 1934 5182 qui

329 5210 530 5248 mecum
557 5206 678 5250 sunt
709 5199 916 5269 fratres.
948 5200 1198 5254 Attamen
1242 5199 1462 5257 dicebas
1483 5241 1500 5266 ,
1531 5201 1803 5258 Neminem
1832 5209 1931 5260 Ita-

325 5284 424 5338 beo
470 5286 759 5341 unanimem
779 5329 795 5354 ,
822 5287 911 5358 qui
950 5287 1151 5344 sincera
1175 5287 1447 5356 alectione
1468 5309 1563 5363 pro
1606 5293 1746 5350 vobis
1789 5297 1934 5351 solli-

331 5377 467 5432 citus
490 5379 556 5433 sit
579 5379 849 5452 (Philipp.
878 5380 936 5434 2.
965 5381 1085 5456 20);
1118 5383 1392 5453 quomodo
1417 5385 1583 5456 igitur
1603 5403 1749 5446 nunc
1772 5389 1928 5459 dicis,

338 5463 441 5530 Qui
466 5485 662 5525 mecum
688 5481 806 5525 sunt
830 5476 1019 5542 fratres
1044 5474 1071 5528 Ρ
1097 5473 1209 5530 Hos
1235 5475 1328 5545 qui
1357 5490 1477 5530 cum
1506 5479 1623 5547 ipso
1649 5490 1796 5548 sunt,
1823 5481 1934 5536 fra-

333 5564 449 5610 tres
495 5570 690 5627 vocat,
733 5561 1069 5631 ostendens,
1125 5565 1211 5619 vel
1257 5566 1404 5636 quod
1459 5579 1619 5622 antea
1673 5569 1930 5638 dixerat,

334 5641 609 5699 Neminem
635 5646 794 5701 habeo
813 5655 1104 5708 unanimem
1130 5696 1145 5721 ,
1177 5668 1287 5710 non
1320 5657 1385 5712 ad
1415 5672 1511 5712 eos
1538 5661 1810 5728 pertinere
1837 5665 1930 5734 qui

331 5735 390 5790 in
416 5736 564 5792 urbe
606 5747 800 5804 erant;
844 5753 964 5807 qna:
990 5745 1136 5799 enim
1188 5747 1295 5801 illis
1340 5751 1635 5804 necessitas
1682 5756 1931 5824 imposita

328 5838 471 5893 erat,
504 5841 561 5883 ut
593 5831 884 5895 apostolica
931 5837 1144 5900 negotia
1187 5839 1570 5909 susciperent?
1601 5844 1684 5900 vel
1725 5861 1786 5902 se
1823 5865 1930 5904 non

639 5913 914 5980 ΡΑτιιοι.
962 5922 1080 5982 Cn.
1133 5925 1326 5987 LXII.

2054 705 2190 749 sunt.
2214 696 2304 754 25.
2338 697 2516 753 Gratia
2546 700 2756 756 Domini
2786 705 2949 758 nostri
2971 704 3098 760 Iesu
3119 703 3311 762 Clu-isti
3338 724 3454 760 cum
3483 709 3652 762 omni-

2055 789 2146 843 bus
2185 791 2343 846 vobis.
2409 793 2599 850 Erexit
2640 797 2787 866 ipsos
2833 808 2886 852 ct
2929 801 3310 866 conﬁrmavit,
3362 802 3657 858 ostendens

2054 881 2121 935 ad
2153 881 2554 953 lmperatoriam
2583 887 2743 942 etiam
2774 889 2990 945 domum
3023 893 3338 961 pervenisse
3384 895 3647 964 prazdica-

2057 973 2279 1030 tionem.
2307 975 2439 1030 Nam
2467 977 2512 1032 si
2543 978 2633 1047 qui
2664 979 2715 1033 in
2749 981 2912 1052 regiis
2940 984 3117 1038 omnia
3149 994 3368 1056 propter
3397 988 3653 1042 caelorum

2055 1064 2254 1137 Regem
2283 1067 2664 1139 despexeram,
2700 1074 2872 1128 multo
2901 1077 3069 1146 magis
3096 1077 3162 1137 id
3183 1078 3488 1136 iaciendum
3521 1083 3654 1152 ipsis

2053 1167 2190 1212 erat.
2233 1161 2407 1230 Atque
2435 1160 2537 1218 hoc
2561 1165 2724 1218 ctiam
2756 1165 3012 1223 indicium
3054 1179 3171 1225 erat
3200 1171 3348 1226 Pauli
3376 1173 3618 1230 caritatis
3641 1217 3655 1237 ,

2056 1257 2162 1304 tam
2184 1252 2350 1306 multa
2373 1263 2426 1308 et
2443 1268 2633 1326 magna
2652 1256 2717 1313 de
2743 1257 2876 1328 ipsis
2897 1275 3140 1330 narrare,
3159 1271 3217 1316 ut
3235 1262 3361 1319 hinc
3381 1266 3468 1334 qui
3499 1266 3551 1321 iu
3567 1283 3657 1322 re-

2052 1341 2136 1410 gia
2153 1353 2309 1398 erant
2337 1344 2404 1400 ad
2418 1361 2512 1402 eos
2532 1348 2846 1406 salutandos
2869 1367 3056 1410 amore
3077 1355 3496 1425 adducerentur,
3516 1374 3652 1430 quos

2053 1449 2343 1506 numquam
2374 1438 2637 1495 viderant.
2685 1442 2920 1501 Maxime
2959 1446 3105 1502 enim
3131 1489 3146 1514 ,
3195 1451 3451 1520 quoniam
3483 1467 3648 1507 vexa.

2053 1523 2248 1581 bantur
2267 1527 2476 1598 ﬁdeles,
2500 1545 2692 1604 magna
2715 1542 2842 1590 tunc
2860 1536 3074 1605 vigebat
3094 1539 3311 1596 caritas.
3333 1540 3656 1610 Quomodo?

2050 1615 2184 1672 Nam
2211 1620 2300 1689 qui
2335 1620 2494 1692 longe
2533 1623 2674 1679 inter
2710 1639 2771 1682 se
2796 1626 3107 1697 distabant,
3148 1631 3252 1687 sibi
3282 1641 3462 1690 tamen
3489 1636 3652 1690 vicis-

2049 1711 2151 1765 sim
2181 1714 2452 1782 conjuncti
2480 1727 2636 1774 erant
2662 1737 2676 1787 ;
2707 1728 2761 1776 et
2786 1722 2875 1791 qui
2905 1724 3092 1793 procul
3131 1724 3356 1784 aberant
3382 1770 3398 1793 ,
3432 1731 3653 1800 perinde

2048 1817 2112 1858 ac
2132 1803 2178 1859 si
2203 1820 2368 1876 prope
2395 1819 2608 1878 essent,
2641 1812 2782 1868 inter
2801 1829 2861 1869 se
2881 1815 3208 1885 salutabant,
3231 1829 3286 1874 et
3309 1821 3501 1892 singuli
3523 1837 3650 1896 erga

2050 1897 2292 1968 singulos
2319 1903 2482 1958 veluti
2510 1918 2637 1975 erga
2669 1921 2763 1962 sua
2790 1909 3030 1964 tnembra
3058 1910 3456 1980 aiﬁcicbantur,
3497 1931 3651 1988 mque

2050 2002 2258 2060 pauper
2281 2006 2409 2060 erga
2435 1993 2674 2062 divitem,
2707 2013 2770 2052 ac
2790 2000 2948 2056 dives
2975 2017 3102 2074 erga
3124 2018 3437 2075 pauperem,
3471 2024 3647 2079 neque

2052 2079 2157 2134 ulla
2203 2085 2598 2152 agnoscebatur
2632 2089 2940 2157 praestantia
2967 2132 2980 2156 ,
3024 2093 3169 2163 quod
3197 2109 3388 2152 omnes
3415 2113 3569 2169 teque
3596 2100 3648 2153 in

2049 2171 2176 2226 odio
2203 2183 2390 2228 essent
2415 2185 2580 2247 atque
2604 2178 2951 2248 ejicereutur,
2987 2183 3286 2255 iisdemque
3327 2187 3395 2241 de
3437 2189 3642 2244 causis.

2049 2261 2514 2329 Quemadmodum
2568 2270 2715 2324 enim
2743 2313 2758 2337 ,
2785 2273 2833 2326 si
2861 2288 2928 2326 ex
2957 2275 3185 2330 diversis
3204 2278 3515 2336 civitatibus
3554 2296 3646 2335 ca-

2058 2356 2189 2425 ptivi
2221 2358 2439 2428 quidam
2469 2361 2698 2432 profecti
2730 2363 2782 2420 in
2810 2367 3056 2423 eamdem
3085 2369 3302 2426 veniant
3335 2372 3646 2440 civitatem,

2049 2449 2204 2506 valde
2229 2466 2290 2506 se
2315 2452 2546 2509 invicem
2570 2457 3004 2528 complectuntur
3023 2503 3038 2530 ,
3071 2466 3344 2520 communi
3375 2466 3495 2522 illos
3511 2484 3648 2524 con-

2048 2544 2288 2600 sociante
2310 2547 2615 2605 calamitate
2649 2568 2663 2605 :
2692 2551 2767 2606 ita
2795 2553 2958 2608 etiam
2989 2563 3115 2610 tunc
3143 2559 3403 2615 societate
3431 2561 3642 2616 incom-

2049 2636 2331 2693 modorum
2361 2648 2416 2694 et
2438 2641 2790 2711 asperitatem
2835 2661 2930 2701 eos
2970 2648 3333 2721 conjuugente
3357 2693 3372 2720 ,
3401 2667 3646 2724 magnam

2049 2727 2151 2783 sibi
2181 2741 2369 2785 mutuo
2404 2733 2709 2803 caritatem
2728 2738 3073 2806 prmstabant.

2120 2824 2176 2879 5.
2194 2824 2571 2882 At‘rttmnarum
2597 2831 2815 2885 utilitas.
2840 2831 3166 2890 Calamitates
3189 2836 3242 2891 in
3263 2839 3384 2893 nuta
3412 2838 3645 2912 Impera-

2048 2916 2201 2973 tor‘ia.
2219 2921 2294 2960 =—'
2311 2917 2578 2977 Emmna
2600 2923 2748 2979 enim
2770 2933 2825 2980 et
2853 2925 3126 2986 tribulatio
3157 2930 3430 2988 vinculum
3477 2937 3646 3005 quod-

2045 3007 2172 3066 dam
2202 3010 2572 3069 ﬁrmissimum
2604 3025 2728 3082 est,
2778 3018 3022 3076 caritatis
3061 3025 3330 3094 acet-etin,
3377 3036 3645 3098 compun-

2045 3101 2243 3158 ctionis
2263 3111 2323 3159 'et
2342 3105 2558 3176 pietatis
2584 3109 2819 3164 occasio.
2851 3112 2988 3168 Audi
3016 3116 3162 3170 enim
3187 3117 3457 3175 dicentem
3491 3121 3648 3176 Davi-

2045 3193 2171 3249 dem
2204 3214 2218 3250 :
2253 3195 2449 3252 Bonum
2480 3199 2627 3266 mihi,
2657 3199 2880 3259 Domine
2901 3245 2917 3271 ,
2949 3207 3071 3276 quia
3099 3208 3384 3264 It'umiliasti
3429 3229 3537 3279 me,
3591 3225 3646 3267 ut

2045 3287 2239 3342 discam
2255 3291 2654 3361 justiﬁcationes
2685 3304 2798 3350 tuas
2819 3299 2839 3368 (
2863 3294 3013 3351 Psal.
3043 3298 3170 3355 118.
3201 3300 3262 3356 ’11
3293 3299 3349 3373 );
3377 3303 3643 3361 etiterum

2045 3379 2207 3435 alium
2232 3384 2548 3454 prophetam
2574 3385 2842 3444 dicentem
2864 3429 2880 3456 ,
2911 3388 3116 3446 Bonum
3142 3403 3216 3447 est
3243 3394 3353 3449 uiro
3379 3412 3492 3451 cunt
3519 3415 3644 3469 pora-

2045 3472 2223 3526 taeerit
2261 3480 2448 3546 jugum
2488 3477 2550 3531 ab
2599 3477 2942 3534 adolescentia
2989 3495 3082 3536 sua
3110 3483 3132 3553 (
3156 3481 3287 3538 Thr.
3320 3486 3375 3540 5.
3398 3487 3468 3542 27
3496 3491 3552 3556 );
3591 3501 3643 3545 ct

2045 3577 2252 3627 rursus,
2269 3562 2458 3621 Beatus
2471 3567 2640 3635 homo,
2661 3585 2809 3639 quem
2831 3583 2884 3624 ιιι
2913 3572 3187 3642 erudieris,
3221 3573 3441 3630 Domine
3466 3577 3640 3648 (Psnl.

2044 3655 2136 3713 95.
2168 3656 2236 3712 12
2259 3657 2311 3728 );
2339 3667 2395 3714 et
2424 3659 2586 3714 alium
2613 3662 2926 3732 quemdam,
2957 3664 3299 3737 Disciplinam
3328 3668 3539 3726 Domini
3583 3690 3646 3727 ne

2045 3748 2296 3820 despicias
2317 3749 2338 3821 (
2358 3749 2515 3806 Prov.
2545 3753 2599 3808 5.
2636 3755 2735 3825 11)
2761 3771 2776 3821 ;
2805 3766 2880 3822 et~,
2916 3756 3206 3814 Ascendens
3247 3763 3318 3816 ad
3357 3765 3642 3820 servitutem

2045 3839 2273 3908 Domini,
2306 3855 2543 3914 prepare
2558 3845 2786 3900 animam
2813 3856 2950 3902 tuam
2980 3849 3050 3902 ad
3083 3852 3412 3907 tentationem
3437 3852 3660 3928 (Ecrli.

2042 3933 2098 3990 2.
2132 3934 2159 3990 1
2183 3935 2223 4006 ).
2269 3935 2334 3991 Ει
2360 3935 2609 3994 Christus
2636 3953 2826 3996 rursus
2845 3941 3128 4013 discipulis
3151 3947 3265 4002 suis
3293 3947 3506 4005 dicebat
3526 3993 3541 4016 ,
3577 3953 3644 4006 In

2043 4026 2236 4081 tuendo
2258 4043 2547 4098 presserant
2576 4029 2821 4086 habebitis
2846 4073 2862 4099 ,
2908 4034 2999 4088 sed
3023 4036 3272 4105 conﬁdite
3316 4038 3508 4111 (Joan.
3555 4044 3640 4099 l6.

2043 4116 2192 4191 55);
2225 4128 2278 4174 et
2315 4136 2524 4188 rursus,
2565 4121 2840 4178 Plorabitis
2867 4135 2914 4180 et
2941 4127 3129 4197 ﬂebitis
3155 4146 3262 4196 vos,
3292 4136 3513 4190 mundus
3537 4153 3634 4192 au-

2043 4217 2142 4261 tem
2171 4210 2407 4280 gaudebit
2436 4211 2634 4282 (Joan.
2669 4215 2756 4270 16.
2782 4215 2930 4286 26);
2959 4228 3018 4272 et
3047 4233 3234 4275 rursus
3256 4261 3272 4287 ,
3302 4223 3533 4295 Angusta
3583 4242 3634 4284 et

2041 4308 2184 4352 arcta
2208 4301 2288 4353 uia
2314 4300 2527 4371 (Matth
2583 4305 2635 4358 7.
2669 4305 2798 4377 M).
2837 4307 2998 4363 Vides
3049 4308 3247 4380 ubique
3295 4313 3498 4371 laudari
3552 4322 3643 4374 tri-

2041 4387 2366 4447 bulationem
2383 4395 2408 4446 ἲ
2436 4393 2631 4464 ubique
2655 4387 3046 4482 commendari,
3079 4411 3350 4474 tamquam
3374 4423 3492 4464 eam
3519 4424 3640 4482 quae

2042 4480 2199 4536 nobis
2225 4483 2298 4536 sit
2324 4485 2668 4541 necessaria?
2697 4479 2830 4543 Nam
2859 4491 2904 4545 si
2931 4491 2984 4546 iu
3015 4495 3303 4552 mundanis
3331 4479 3640 4560 certamini-

2041 4571 2141 4627 bus
2167 4572 2285 4628 sine
2314 4589 2376 4629 ea
2408 4589 2570 4632 nemo
2594 4591 2852 4635 coronam
2875 4585 3077 4653 a’c‘cipi't
3096 4628 3111 4652 ,
3156 4588 3258 4644 nisi
3285 4601 3338 4645 et
3365 4592 3640 4652 laboribus

2041 4673 2097 4718 et
2119 4663 2364 4720 ciborum
2394 4667 2718 4726 abstinentia
2743 4680 2800 4727 et
2830 4681 2940 4730 tota
2970 4676 3142 4732 victus
3169 4682 3380 4738 ratione
3402 4727 3417 4750 ,
3465 4697 3520 4742 et
3561 4692 3641 4742 vi-

2040 4754 2186 4826 giliis
2233 4766 2289 4812 et
2337 4761 2611 4817 sexcentis
2653 4763 2773 4818 aliis
2819 4767 3178 4825 incommodis
3223 4788 3281 4827 se
3342 4779 3637 4844 munierit;

2041 4849 2214 4905 multo
2244 4853 2414 4922 magis
2445 4853 2552 4909 hic.
2574 4854 2746 4922 Quem
2771 4859 2914 4912 enim
2933 4861 3062 4915 mihi
3093 4863 3285 4919 alteros
3305 4867 3329 4919 ἲ
3348 4883 3601 4939 regemne
3617 4877 3642 4928 ’ρ

2040 4940 2114 4994 At
2140 4954 2316 5012 neque
2342 4943 2434 5000 ille
2459 4947 2623 5002 Vitam
2652 4951 2801 5005 curis
2832 4951 3063 5008 solutam
3093 4955 3259 5024 vivit,
3309 4959 3403 5014 sed
3453 4964 3640 5019 multis

2041 5031 2306 5089 molestiis
2330 5045 2495 5107 atque
2536 5040 2826 5108 angoribus
2875 5043 3154 5100 refertam.
3207 5047 3322 5104 Non
3369 5052 3516 5108 enim
3571 5057 3638 5109 ad

2039 5120 2286 5214 diadema
2313 5135 2560 5195 spectes,
2593 5128 2688 5183 sed
2714 5129 2780 5185 a'd
2833 5133 3256 5194 sollicitudinum
3299 5145 3591 5211 procellam
3615 5187 3638 5214 ,

2041 5211 2183 5268 unde
2210 5213 2284 5267 illi
2318 5217 2578 5271 tumultus
2606 5220 2873 5274 maximus
2914 5226 3194 5292 exoritur;
3243 5246 3352 5287 non
3397 5234 3464 5290 ad
3512 5211 3639 5306 pur;

2042 5318 2252 5374 puram,
2283 5305 2380 5360 sed
2409 5306 2477 5361 ad
2503 5308 2739 5363 animam
2768 5311 2860 5366 illa
2888 5313 3000 5383 ipsa
3031 5329 3269 5388 purpura
3317 5305 3637 5394 nigriorem.

2037 5397 2159 5454 Non
2185 5415 2340 5470 teque
2361 5414 2565 5457 corona
2593 5403 2723 5473 ligat
2746 5419 2932 5477 caruit,
2959 5417 3123 5480 atque
3151 5414 3388 5472 animam
3435 5422 3640 5478 sollici-

2041 5490 2192 5546 tudo.
2239 5490 2358 5546 Non
2406 5493 2476 5548 ad
2527 5496 2820 5552 satellitum
2871 5511 3155 5559 numerum
3195 5519 3415 5578 specta,
3447 5515 3541 5568 sed
3571 5519 3636 5572 ad

2039 5581 2418 5652 aegritudinum
2463 5585 2865 5644 multitudinem
2899 5605 2913 5642 :
2945 5592 3144 5650 nullam
3177 5599 3324 5655 enim
3375 5604 3638 5674 privatam

2039 5669 2259 5726 domum
2287 5679 2370 5730 tot
2389 5675 2537 5729 curis
2566 5677 2932 5735 abundantem
2959 5687 3220 5756 reperias,
3253 5669 3391 5760 quot
3414 5697 3639 5766 regiam.

2038 5762 2239 5819 Mortes
2263 5765 2478 5838 singulo
2499 5781 2712 5840 quoque
2736 5771 2824 5828 die
2849 5773 3198 5835 imminentes
3242 5798 3271 5836 a
3320 5788 3432 5841 suis
3478 5762 3640 5849 etiam

2043 5857 2176 5928 ipsis
2202 5877 2217 5927 ;
2248 5869 2304 5916 et
2329 5871 2454 5917 ante
2476 5877 2717 5920 mensam
2743 5875 2798 5922 et
2823 5878 2947 5924 ante
2974 5878 3159 5941 patum
3188 5874 3263 5929 ob
3298 5881 3485 5938 oculos
3516 5899 3642 5941 ver-

3193 5958 3271 6023 l9
