4184 6506
428 384 430 387 -
521 356 624 410 295

521 482 668 527 satur
693 472 929 551 sanguis.
957 471 1128 526 Noctu
1159 487 1286 525 vero
1311 472 1414 526 dici
1445 489 1549 526 non
1578 481 1752 542 potest
1773 488 1938 542 quam
1954 487 2096 543 sepe

523 561 743 616 ~ontniis
781 577 843 632 ac
888 563 1014 616 visis
1065 563 1278 616 excitati
1327 564 1628 632 prosiliant.
1675 565 1848 634 Atque
1885 566 2000 618 bare
2049 566 2102 619 in

523 671 650 720 pace
685 657 866 727 :quod
921 657 964 711 si
1013 657 1210 712 bellum
1267 658 1505 728 ingruat,
1540 673 1606 713 eo
1632 659 1801 729 magis
1842 659 2102 713 sollicitu-

519 748 669 800 dines
718 747 1086 808 intenduntur.
1130 748 1266 814 Quid
1315 750 1472 818 igitur
1526 750 1613 804 tali
1669 750 1776 803 vita
1826 750 2102 804 miserabi-

520 840 618 892 lius
643 853 762 917 csse
797 831 1018 926 potest?
1043 841 1226 906 Qualia
1279 851 1455 895 autem
1494 857 1524 895 a
1562 841 1692 905 suis,
1722 840 1838 897 sive
1888 841 1954 896 iis
2007 843 2099 912 qui

515 931 616 984 sub
667 925 872 985 ditioâ€˜ne
923 945 1017 985 sua
1074 941 1221 998 sunt,
1271 933 1577 1002 patiuntur?
1633 933 1912 1002 Etiamque
1953 942 2100 986 certe

514 1034 740 1093 cognato
807 1027 1076 1093 sanguine
1127 1024 1387 1078 redundat
1436 1039 1646 1093 semper
1701 1022 1880 1093 regale
1947 1023 2098 1092 pavi-

515 1123 770 1169 mentum.
821 1116 900 1170 Ac
949 1115 992 1168 si
1044 1116 1205 1169 vultis
1252 1117 1478 1168 narrabo
1520 1115 1680 1169 etiam
1727 1113 2002 1184 quaedam,
2044 1123 2099 1170 et

515 1207 740 1262 f..rtasse
776 1222 888 1262 rem
928 1207 998 1260 ita
1045 1221 1105 1262 se
1157 1207 1352 1262 habere
1398 1205 1699 1276 intelligetis
1728 1225 1741 1260 :
1770 1220 1835 1260 ac
1885 1205 2098 1275 potissi-

514 1315 656 1354 mum
683 1301 897 1370 quidem
937 1308 1115 1356 vetera
1151 1299 1348 1368 dicam,
1376 1315 1494 1370 qua:
1539 1311 1714 1353 tatnen
1756 1298 1929 1354 adhuc
1978 1314 2094 1352 me-

515 1392 678 1444 moria
735 1406 841 1446 non
881 1390 1221 1454 exciderunt,
1262 1391 1457 1460 quippe
1509 1403 1629 1460 qua:
1679 1388 1875 1444 nostris
1921 1388 2094 1443 conti-

509 1497 638 1551 gere
667 1481 1014 1551 temporibus.
1045 1481 1294 1548 Quidam,
1322 1491 1381 1535 ut
1400 1482 1570 1543 aiunt,
1600 1495 1820 1535 uxorem
1844 1521 1858 1545 ,
1888 1479 1956 1534 de
1989 1495 2083 1534 eu-

503 1577 590 1640 jus
617 1572 880 1628 adulterio
904 1572 1300 1641 suspicabatur,
1329 1571 1525 1627 nudam
1543 1571 1778 1643 alligavit
1797 1570 2086 1636 montibus,

506 1681 568 1720 ac
597 1665 722 1722 feris
769 1666 1050 1734 exposuit.
1091 1667 1198 1735 jam
1243 1674 1470 1721 matrem
1519 1665 1618 1720 sibi
1668 1665 1858 1720 factam
1903 1680 2088 1734 regum

507 1759 815 1816 multorum.
847 1758 1017 1826 Quam
1063 1758 1210 1813 illum
1266 1758 1464 1828 putatis
1505 1759 1668 1814 vitam
1709 1758 1950 1812 vixisse?
1979 1773 2085 1812 non

504 1851 644 1906 enim
674 1852 778 1908 nisi
812 1851 1116 1908 vehementi
1143 1851 1307 1906 animi
1339 1859 1486 1906 motu
1515 1850 1705 1906 ductus
1726 1891 1740 1916 ,
1768 1851 1834 1905 ad
1881 1861 2085 1905 tantum

501 1945 820 2016 supplicium
849 1943 1168 2000 sumendum
1195 1943 1590 1998 descendisset.
1635 1943 1732 1998 Hic
1767 1958 1895 1997 vero
1944 1942 2082 1996 idem

499 2055 652 2093 suum
678 2039 846 2108 ipsius
873 2038 1041 2092 tilium
1079 2035 1346 2092 interfecit
1375 2034 1486 2107 (a);
1524 2036 1632 2090 imo
1655 2043 1709 2089 et
1738 2032 1896 2103 hujus
1923 2033 2085 2087 frater

498 2133 732 2202 seipsnm
764 2147 885 2186 cum
911 2131 1032 2186 liliis
1053 2132 1184 2185 suis.
1218 2129 1410 2184 Fertur
1435 2137 1614 2183 autem
1647 2127 1734 2182 hic
1761 2135 1816 2183 et
1860 2125 2082 2182 fratrem

499 2225 665 2293 ipsius
695 2239 725 2279 e
749 2223 927 2278 medio
956 2223 1260 2278 sustulisse.
1287 2224 1462 2292 Atque
1483 2220 1569 2275 hic
1588 2219 1802 2291 quidem
1837 2219 1939 2275 sibi
1968 2219 2082 2289 ipse

496 2333 688 2372 manus
713 2317 891 2371 attulit
917 2332 947 2370 a
976 2325 1206 2387 tyranno
1237 2315 1698 2384 comprehensus;
1730 2314 1822 2369 ille
1846 2329 1972 2369 vero
1993 2327 2082 2371 so-

496 2410 706 2463 brinum
758 2424 910 2463 suum
965 2424 1068 2462 una
1114 2422 1294 2462 secum
1343 2407 1656 2476 participem
1705 2406 1890 2476 regni,
1936 2405 2078 2476 quod

497 2505 608 2569 ipse
641 2500 714 2555 illi
748 2499 1061 2554 tradiderat.
1097 2498 1247 2553 Alius
1276 2506 1456 2553 autem
1482 2512 1711 2553 uxorem
1741 2497 1876 2552 vidit
1903 2497 2077 2551 medi-

492 2591 751 2647 ramentis
777 2606 808 2645 e
837 2590 1015 2646 medio
1053 2589 1336 2644 sublatam.
1385 2588 1668 2655 Quoniam.
1693 2588 1836 2642 enim
1888 2601 2077 2656 parere

491 2681 710 2735 minime
744 2687 993 2750 poterat,
1029 2678 1224 2734 mulier
1263 2677 1507 2748 qumdam
1555 2676 1739 2732 infelix
1783 2685 1839 2733 et
1878 2678 2074 2732 misera

493 2769 878 2839 (iufelix.enim
901 2779 955 2824 et
978 2769 1175 2824 misera
1203 2777 1308 2836 est,
1335 2784 1454 2839 qua:
1480 2767 1622 2839 quod
1651 2783 1682 2823 a
1713 2768 1822 2823 Deo
1863 2767 2074 2823 donan-

489 2861 614 2913 dum
658 2867 948 2924 erat,.sua
997 2873 1056 2914 se
1100 2857 1328 2914 credidit
1367 2859 1626 2927 sapientia
1673 2857 2067 2929 prmstituram)

493 2953 727 3022 praebitis
758 2951 1160 3007 medicamentis
1188 2959 1241 3005 et
1267 2950 1504 3020 reginam
1533 2951 1842 3015 interemit,
1871 2960 1926 3006 et
1956 2951 2071 3020 ipsa

486 3043 644 3096 simul
670 3042 893 3096 interiit.
927 3041 1073 3095 Alius
1101 3052 1279 3095 autem
1323 3049 1508 3110 postea
1561 3040 1863 3109 pharmacis
1904 3056 2068 3096 vene-

486 3135 622 3188 natis
644 3133 887 3189 suhlatus
913 3143 992 3189 est
1014 3148 1029 3198 ;
1053 3133 1412 3204 poculumque
1442 3131 1542 3202 ipsi
1573 3131 1674 3186 fuit
1703 3147 1812 3186 non
1831 3133 1939 3202 jam
1969 3149 2067 3203 po-

485 3237 588 3286 tus.
621 3223 716 3280 sed
747 3239 895 3279 mors
923 3241 938 3279 :
967 3235 1021 3279 et
1052 3225 1218 3293 ipsius
1257 3223 1416 3279 etiam
1460 3223 1572 3278 lilio
1613 3223 1802 3280 oculus
1844 3224 2070 3281 effossus

478 3325 594 3381 cst,
645 3324 792 3371 metu
835 3315 1111 3385 sequentis
1166 3313 1468 3384 temporis,
1529 3313 1688 3384 plane
1737 3315 2062 3371 immerenti.

483 3408 632 3462 Alius
661 3422 790 3462 vero
821 3420 920 3461 nec
945 3420 1104 3475 quam
1137 3404 1206 3460 ob
1237 3418 1453 3460 causam
1473 3443 1487 3470 ,
1519 3419 1620 3460 uec
1647 3418 1807 3475 quam
1836 3407 2061 3460 misera-

481 3500 660 3554 biliter
683 3512 716 3553 e
745 3499 852 3554 vita
883 3497 1178 3554 excesserit
1209 3537 1224 3562 ,
1277 3511 1552 3568 exponere
1601 3497 1732 3552 satis
1783 3497 2065 3554 honestum

480 3601 580 3649 est.
611 3593 810 3650 Eorum
836 3607 968 3648 vero
999 3593 1088 3662 qui
1118 3599 1512 3656 successerunt,
1542 3590 1679 3646 alter
1703 3591 1940 3662 quidem,
1971 3607 2066 3662 pe-

478 3687 631 3740 rinde
675 3694 836 3756 atque
885 3683 1128 3738 infirmus
1174 3681 1394 3754 quidam
1437 3691 1494 3738 et
1531 3697 1867 3740 terumnosus
1903 3681 2064 3740 homo

477 3785 654 3843 esset,
696 3775 1008 3830 combustus
1051 3781 1136 3829 est
1177 3788 1302 3829 cum
1328 3773 1481 3841 equis
1509 3781 1564 3828 et
1589 3773 1862 3840 trabibus,
1904 3782 2065 3831 ett-tc-

480 3871 662 3939 risque
693 3867 855 3922 rebus
886 3864 1173 3928 omnibus;
1205 3874 1261 3919 et
1289 3879 1513 3920 uxorem
1558 3863 1769 3919 viduam
1820 3865 2060 3934 reliquit.

474 3965 619 4029 Quas
640 3960 782 4014 enim
810 3957 1084 4013 tnolcstias
1111 3955 1162 4010 in
1188 3955 1294 4010 vita
1318 3954 1583 4020 habuerit,
1619 3969 1686 4010 ne
1711 3953 1816 4010 dici
1843 3954 2059 4026 quidem

476 4063 670 4124 potest,
701 4067 830 4122 quas
859 4066 924 4106 ex
951 4065 1017 4106 eo
1046 4059 1305 4118 tempore,
1334 4065 1440 4119 quo
1461 4064 1611 4104 arma
1634 4051 1880 4120 sumpsit,
1906 4051 2058 4108 subi-
2101 4114 2112 4124 ,

477 4164 533 4203 re
583 4155 802 4203 coactus
828 4154 930 4201 est.
965 4143 1116 4199 Alter
1139 4157 1288 4208 vero,
1319 4142 1409 4212 qui
1450 4157 1590 4198 nunc
1609 4157 1788 4198 rerum
1835 4145 2056 4215 potitur,

536 4303 608 4363 (Î¹Î¹)
631 4307 726 4364 Hoc
745 4299 853 4347 loco
877 4296 1245 4354 Chrysostomus
1266 4296 1427 4364 caedes
1450 4303 1503 4346 et
1538 4304 1730 4360 strages
1767 4301 1818 4348 in
1837 4298 2056 4364 Impera-

475 4359 716 4412 toria'aula
741 4366 792 4409 et
813 4372 898 4408 sua
923 4366 975 4408 et
993 4365 1180 4420 patrum
1203 4359 1436 4408 memoria
1459 4359 1680 4422 peractas
1702 4359 1951 4421 recenset,
1967 4366 2058 4415 sed

473 4434 526 4473 ut
550 4435 747 4474 rumore
770 4422 1038 4480 ferebatur,
1061 4422 1144 4482 qui
1166 4433 1330 4469 rumor
1352 4433 1485 4483 saepe
1518 4433 1552 4483 Î¾
1568 4423 1644 4471 rei
1668 4424 1878 4473 veritate
1899 4425 2056 4476 deï¬‚e-

475 4489 610 4536 ctere
633 4484 778 4548 solet:
808 4483 984 4548 Tacitis
1028 4494 1172 4542 porro
1217 4482 1508 4548 nominibus,
1533 4482 1884 4548 Imperatorum
1914 4495 2056 4548 gesta

472 4554 722 4596 memorat.
749 4544 839 4603 Qui
861 4549 1045 4607 primus
1058 4550 1228 4607 autem
1256 4543 1473 4607 affertur,
1494 4543 1699 4607 uxorem
1726 4554 1777 4595 et
1795 4543 1944 4595 lilium
1966 4563 2056 4600 ne-

473 4609 515 4657 ci
540 4610 748 4668 tradidit,
774 4609 818 4657 is
841 4604 920 4657 est
940 4605 1065 4654 haud
1097 4604 1249 4671 dubie
1270 4604 1612 4656 Constantinus
1634 4605 1837 4671 Magnus
1851 4642 1867 4671 ,
1889 4612 1972 4671 qui
1996 4611 2051 4660 Î¹Î¹-

471 4671 586 4733 lium
616 4666 854 4733 crispum,
870 4675 926 4733 et
947 4673 1115 4729 postea
1150 4666 1389 4733 Faustam
1411 4680 1615 4733 uxorem
1654 4666 2048 4733 interiicigj'ussit.

471 4731 611 4782 Feris
635 4728 765 4782 illam
787 4728 961 4780 nudam
985 4729 1275 4791 exposuisse
1298 4729 1416 4791 dicit
1439 4728 1824 4791 Chrysostomus.
1845 4728 1944 4781 sed
1969 4734 2049 4784 alii

469 4796 730 4856 scriptores
751 4791 880 4856 illam
903 4793 954 4841 in
977 4789 1280 4856 ferventiore
1299 4789 1477 4856 baln_eo
1497 4789 1745 4856 inclusam,
1766 4792 1902 4856 jussu
1925 4795 2050 4846 con-

467 4851 662 4907 stantini
687 4852 962 4904 suli'ocatam
978 4852 1126 4914 fuisse
1148 4860 1360 4902 narrant.
1379 4851 1581 4900 Remuti
1603 4860 1744 4914 gesta
1765 4851 1857 4904 fuit
1880 4858 2050 4910 videre

468 4923 546 4964 est
567 4917 692 4979 apud
731 4915 1006 4979 Scriptores
1026 4912 1288 4979 plurimos,
1312 4915 1585 4979 accuratius
1607 4912 1726 4979 vero
1745 4917 1870 4976 apud
1907 4919 2052 4970 Tille-

469 4975 717 5028 montium.
741 4975 1011 5039 Seqitentia
1028 4975 1256 5039 'nee_c_um
1274 4975 1474 5024 historia
1496 4987 1628 5034 vera,
1655 4977 1748 5039 imo
1765 4975 1860 5039 nec
1880 4992 2048 5033 secum

466 5052 567 5100 ipsa
590 5036 859 5103 consistere
881 5042 1098 5103 possunt:
1127 5036 1182 5103 id
1203 5051 1340 5103 vero
1383 5036 1749 5103 narrare__velle
1770 5038 2049 5103 Cltrysosm-

468 5097 575 5151 titus
599 5101 790 5150 videtur
807 5113 821 5159 ;
841 5097 1021 5161 nempe
1049 5097 1217 5161 ACrispi
1254 5097 1452 5161 fratrem
1466 5097 1694 5161 Lscilicel.
1715 5097 2058 5154 Constantium.

467 5164 759 5226 Angustum,
779 5157 930 5223 patris
945 5157 1018 5210 sui
1041 5157 1242 5226 fratrem
1263 5159 1445 5226 Julium
1467 5160 1798 5226 Constantium
1818 5198 1831 5221 ,
1854 5171 1904 5226 et
1927 5165 2048 5216 filios

469 5221 574 5286 ejus
595 5221 883 5286 Dalmatium
905 5229 957 5272 et
979 5221 1339 5286 Annibalianum
1381 5221 1585 5269 interfici
1609 5223 1873 5286 curavisse.
1887 5225 1950 5274 Hi
1975 5236 2051 5278 et.

466 5282 596 5351 enim
617 5299 645 5337 a
667 5285 902 5351 militibus
923 5283 1071 5351 occisi
1094 5282 1382 5351 ibere,ethnt
1403 5283 1716 5351 quorumdam
1742 5283 2043 5351 fertopinio,

463 5350 729 5409 instigante
751 5347 1029 5409 Constantio
1041 5343 1275 5405 Augusto,
1294 5343 1772 5409 Constantinildagni
1805 5343 1918 5397 lilio.
1945 5343 2052 5408 Ad?

461 5409 531 5474 dit
554 5405 722 5474 postea
753 5409 954 5474 fratrem
989 5408 1109 5474 eius
1126 5420 1154 5454 a
1177 5412 1378 5474 tyranno
1396 5405 1800 5474 comprebeqSum
1827 5411 2045 5474 Seipsum

461 5465 786 5521 interfecisse.
813 5465 1052 5518 Nimirum
1075 5465 1310 5517 Constans
1352 5465 1602 5528 AnguStus
1620 5501 1635 5526 ,
1662 5465 1925 5519 Constantii
1948 5470 2050 5523 fra-

461 5543 556 5588 ter,
581 5545 609 5579 a
633 5539 835 5594 tyranno
873 5530 1172 5594 Magnentio,
1197 5531 1285 5594 qui
1304 5529 1930 5594 imperiumusurpaverat,
1958 5536 2040 5585 vel

463 5594 621 5650 totius
650 5590 680 5642 á½€
710 5590 1045 5654 legatoipsâ€™ius
1075 5590 1458 5654 comprehensus
1479 5591 1668 5654 occisus
1698 5590 1786 5640 fuit
1811 5606 1824 5635 :
1847 5590 1944 5644 uno
1961 5609 2044 5646 au-

463 5659 565 5716 teni
603 5651 812 5716 excepto
827 5651 1198 5716 Chrysostomo,
1221 5651 1383 5701 nullus
1404 5651 1521 5716 dicit
1543 5652 1700 5715 ipsum
1721 5665 1938 5716 seipsum
1963 5658 2036 5706 á¼°Î·-

463 5712 745 5763 [ÎµÏ„á¿“Î¸Î¿á½·Ï‚ÎµÎ¸á¿–
780 5712 969 5774 Adjicit,
1007 5715 1162 5774 ipsum
1189 5725 1387 5774 nempe
1425 5712 1752 5774 constantiam
1787 5712 2036 5768 solwinum

460 5787 600 5824 suum
621 5773 870 5824 occidisse.
898 5775 944 5824 is
969 5773 1075 5823 erat
1097 5773 1373 5834 Gallus,qni
1397 5787 1424 5821 a
1448 5773 1725 5827 Constantio
1738 5780 2044 5829 eonsorslm-

468 5836 586 5897 verit
611 5836 781 5897 factus,
805 5837 910 5897 ejus
926 5839 1062 5897 jussu
1080 5848 1202 5884 anno
1227 5835 1320 5884 5L5
1340 5836 1524 5886 occisus
1546 5847 1639 5887 est.

1239 358 1295 414 Îµ..
1335 319 1614 414 matvrus
1647 358 2125 416 CIIRYSOSTOMI
2170 360 2484 423 ARCHIEP.
2516 372 3043 437 cossnx'risor.

3687 398 3795 452 296

2210 488 2388 568 nonne
2420 496 2482 536 ex
2522 501 2627 554 quo
2653 488 2894 545 diadema
2928 507 3128 565 gestat,
3167 512 3418 568 perpetuo
3466 518 3706 562 Versatur
3745 513 3795 561 in

2214 565 2504 660 laboribus,
2530 575 2580 628 in
2611 579 2879 646 periculis,
2910 585 2961 638 in
2993 565 3285 654 molestiis,
3329 593 3382 646 in
3433 598 3753 655 mmroribus
3777 641 3791 660 .

2212 656 2263 710 in
2292 660 2690 755 calamitatibus
2715 710 2730 734 ,
2763 670 2816 725 in
2843 673 3052 730 insidiis
3081 677 3197 749 (a)?
3221 682 3291 734 At
3335 699 3439 738 non
3487 656 3792 755 hujnsmodi

2208 751 2463 844 mulorum
2495 771 2756 826 regnum;
2783 763 2876 818 sed
2922 779 3202 838 pcatqtiatn
3243 771 3416 841 ipsum
3455 751 3789 844 obtinueris,

2209 851 2328 938 pax,
2360 842 2487 938 vita,
2517 849 2788 938 gaudium,
2822 854 3023 910 laetitia.
3057 859 3324 918 Caeterum
3357 869 3500 936 quod
3523 842 3788 938 dicebam,

2206 931 2350 985 nulla
2382 932 2467 989 hic
2495 937 2599 991 vita
2648 951 2730 994 est
2771 957 3129 1004 aerumnarum
3177 931 3392 1021 expers.
3439 931 3592 1023 Quod
3635 961 3680 1014 si
3737 931 3788 1016 in

2204 1023 2363 1116 rebus
2382 1027 2542 1081 etiam
2571 1030 2794 1098 publicis
2811 1038 3004 1106 regalis
3027 1039 3111 1093 illa
3131 1044 3387 1108 conditio,
3407 1062 3526 1116 qute
3547 1050 3784 1104 omnium

2205 1114 2514 1173 beatissima
2549 1122 2778 1191 videtur,
2812 1136 2889 1181 tot
2909 1131 3172 1188 redundat
3195 1114 3590 1196 calamitatibus
3619 1144 3786 1212 :quid

2201 1217 2355 1302 putas
2386 1211 2435 1265 in
2466 1212 2686 1282 privatis
2725 1231 2788 1273 ac
2832 1219 3179 1278 domesticis?
3221 1227 3470 1284 Profecto
3511 1245 3641 1302 quot
3678 1211 3784 1291 alia

2201 1299 2336 1353 mala
2365 1302 2624 1358 exsistant
2648 1347 2662 1370 ,
2695 1321 2761 1362 ne
2797 1308 2902 1366 dici
2939 1313 3153 1382 quidem
3197 1327 3410 1386 potest:
3445 1299 3626 1377 multa:
3659 1325 3784 1380 hinc

2198 1405 2342 1485 saepe
2386 1394 2577 1485 fabula:
2620 1402 2930 1469 composita:
2961 1415 3118 1464 sunt:
3148 1423 3336 1464 omnes
3367 1409 3480 1466 fere
3512 1415 3784 1485 tragoediis

2195 1490 2248 1534 et
2275 1481 2486 1548 fabulze,
2511 1503 2629 1554 qua:
2649 1492 2945 1559 agunturin
2974 1509 3153 1561 scena,
3186 1514 3253 1552 ex
3282 1501 3497 1571 regibus
3515 1481 3782 1562 contextae

2196 1583 2338 1627 sunt.
2374 1575 2634 1646 Pleraque
2663 1582 2825 1646 enim,
2860 1599 2978 1654 qure
3007 1587 3058 1640 in
3086 1587 3279 1644 fabulis
3304 1605 3775 1662 repraesentantur,

2194 1678 2256 1717 ex
2288 1667 2429 1721 veris
2457 1669 2616 1724 rebus
2645 1683 2891 1730 cotistant
2920 1693 2933 1730 :
2962 1676 3032 1731 ita
3064 1681 3205 1734 enim
3233 1690 3288 1735 et
3313 1683 3635 1754 voluptatem
3685 1688 3779 1742 hl-

2195 1755 2368 1810 bent:
2407 1759 2584 1828 qualia
2638 1761 2901 1832 Thyestea
2950 1771 3194 1825 convivia
3241 1772 3356 1844 (á½),
3403 1785 3458 1830 et
3508 1782 3778 1847 quomodo

2191 1851 2366 1904 onmis
2396 1850 2484 1906 illa
2515 1852 2709 1909 domus
2733 1857 3128 1916 calamitatibus
3148 1878 3339 1920 eversa
3359 1876 3464 1922 est.

2261 1942 2315 1998 6.
2355 1943 2463 2037 Î¾Ïá½±
2509 1947 2621 2004 haec
2645 1949 2859 2018 quidem
2883 1967 2945 2006 ex
2974 1955 3309 2012 ethnicorum
3344 1960 3494 2019 libris
3521 1969 3776 2037 cognovi-

2190 2047 2328 2088 mus.
2367 2031 2560 2091 Verum
2600 2040 2644 2094 si
2691 2041 2885 2109 vultis,
2927 2040 3230 2114 Scripturas
3269 2049 3454 2122 etiam,
3486 2031 3615 2126 qua;
3636 2058 3776 2115 idem

2187 2124 2451 2194 doceant,
2490 2131 2844 2200 proferemus.
2893 2136 3023 2192 Sat'tl
3063 2141 3264 2208 primus
3286 2124 3533 2215 regnavit
3561 2165 3576 2202 :
3606 2153 3776 2206 nostis

2187 2227 2363 2272 autem
2386 2229 2440 2274 et
2467 2221 2608 2276 hunc
2628 2226 2900 2282 sexcentis
2925 2243 3172 2298 pressum
3195 2235 3450 2290 aerumnis
3481 2237 3769 2297 interiisse.

2189 2307 2311 2364 Post
2342 2311 2493 2366 illum
2523 2315 2710 2380 David,
2737 2317 3015 2388 Salomon,
3049 2323 3213 2380 Ahias
3232 2367 3248 2393 ,
3278 2325 3566 2398 Ezechias,
3599 2332 3772 2389 Josias

2185 2400 2366 2457 itidem
2399 2405 2582 2461 multis
2603 2408 2774 2464 modis
2803 2413 3002 2467 vexati.
3023 2413 3132 2471 Nec
3171 2417 3392 2476 omnino
3437 2431 3612 2491 potest
3655 2424 3772 2481 hanc

2183 2493 2290 2548 vita
2318 2495 2436 2552 sine
2455 2497 2758 2567 laboribus,
2781 2503 2900 2559 sine
2939 2509 3257 2577 aegritudine
3283 2553 3298 2578 ,
3351 2513 3470 2569 sine
3513 2521 3771 2575 aerumnis

2181 2586 2324 2642 duci.
2357 2588 2463 2645 Sed
2489 2606 2586 2645 nos
2614 2594 2774 2649 etiam
2809 2597 3072 2654 molestiis
3099 2601 3366 2658 afï¬‚cimur
3387 2645 3401 2670 ,
3438 2622 3543 2664 non
3574 2608 3764 2664 iisdem

2181 2691 2246 2731 ex
2288 2679 2449 2734 rebus
2489 2695 2555 2736 ex
2590 2685 2782 2753 quibus
2821 2703 2976 2758 reges
2999 2729 3014 2753 ,
3039 2691 3133 2745 sed
3158 2693 3298 2749 unde
3320 2710 3571 2766 magnum
3603 2701 3768 2756 etiam

2179 2768 2356 2825 facere
2372 2786 2650 2840 possumus
2664 2786 2928 2846 quaestum
2955 2797 2970 2834 :
3001 2781 3130 2848 Qua
3149 2786 3280 2839 enim
3300 2791 3574 2844 secundum
3596 2791 3764 2848 Deum

2179 2863 2385 2918 tristitia
2411 2876 2514 2930 est,
2550 2869 2892 2937 prenitentiam
2930 2874 2984 2928 in
3019 2876 3234 2931 salutem
3254 2881 3483 2936 stabilem
3525 2897 3765 2953 operatur

2304 2955 2425 3046 tier.
2538 2957 2663 3030 10).
2694 2960 2797 3016 Pro
2833 2960 2918 3016 his
2945 2966 3106 3020 rebus
3131 2971 3463 3027 moerendum
3494 2985 3576 3030 est
3598 3015 3614 3039 ,
3667 2995 3765 3046 pro

2177 3044 2259 3098 his
2285 3043 2574 3102 dolendum
2601 3089 2616 3113 ,
2649 3064 2748 3118 pro
2797 3052 2880 3107 his
2927 3056 3186 3126 aegritudo
3237 3063 3575 3133 suscipienda
3626 3043 3759 3123 :vita

2176 3137 2437 3192 mmrebat
2463 3137 2681 3207 Paulus,
2707 3141 2777 3196 ita
2805 3142 3018 3214 lugebat
3041 3163 3137 3214 pro
3161 3150 3226 3204 iis
3249 3191 3265 3219 ,
3292 3154 3380 3223 qui
3423 3159 3707 3225 peccabant
3744 3174 3763 3212 :

2174 3225 2260 3280 Ea:
2286 3231 2447 3284 multa
2474 3232 2629 3297 enim,
2655 3234 2848 3303 inquit,
2879 3237 3204 3296 tribulatione
3229 3253 3276 3297 et
3317 3249 3554 3317 angustia
3592 3253 3763 3305 cordis

2171 3321 2352 3412 scripsi
2370 3323 2506 3377 vobis
2534 3340 2625 3394 per
2652 3328 2838 3382 niultas
2867 3329 3120 3401 lacrymas
3155 3334 3248 3404 (2.
3287 3335 3406 3392 Cor.
3430 3338 3483 3392 2.
3509 3341 3542 3395 4
3560 3342 3600 3412 ).
3624 3343 3756 3398 Nam

2170 3411 2386 3479 quando
2421 3413 2552 3468 nihil
2589 3424 2746 3482 erat,
2777 3433 2875 3473 cur
2913 3434 3010 3490 pro
3047 3423 3162 3480 suis
3185 3425 3409 3496 lugeret,
3440 3445 3536 3499 pro
3561 3411 3757 3488 alienis

2173 3499 2274 3556 hoc
2301 3501 2560 3558 faciebat:
2592 3506 2672 3560 vel
2703 3508 2882 3579 potius
2902 3521 3160 3580 quantum
3191 3515 3258 3570 ad
3284 3517 3480 3574 luctum
3505 3521 3756 3578 haurien-

2170 3589 2296 3645 dum
2329 3594 2580 3662 pertinet,
2611 3598 2823 3668 propria
2847 3599 2933 3654 illa
2959 3601 3209 3659 ducebat.
3229 3607 3424 3664 Caeteri
3448 3611 3754 3671 incidebant

2171 3678 2222 3734 in
2249 3681 2583 3749 scandalum,
2615 3693 2672 3741 et
2692 3687 2806 3757 ipse
2835 3689 3087 3747 urebatur
3115 3711 3129 3748 :
3162 3697 3344 3752 cazteri
3385 3699 3710 3770 languebant
3733 3747 3748 3767 .

2169 3771 2455 3843 languebat
2479 3783 2535 3831 et
2563 3775 2699 3846 ipse.
2727 3777 2876 3836 Bona
2900 3789 2984 3836 est
3011 3781 3128 3840 haec
3151 3788 3444 3858 agritudo;
3478 3791 3591 3848 haec
3606 3797 3750 3850 omni

2168 3865 2437 3923 mundano
2461 3869 2656 3939 gaudio
2676 3873 2875 3942 potior.
2907 3873 3043 3930 Eum
3060 3879 3150 3949 qui
3177 3880 3245 3934 ita
3275 3881 3474 3954 lugeat,
3501 3889 3750 3944 omnibus

2167 3972 2266 4028 ego
2303 3956 2609 4016 hominibus
2641 3977 2895 4034 praepono
2926 3983 2942 4020 :
2969 3975 3130 4037 atque
3152 3970 3290 4028 adeo
3316 3973 3431 4044 ipse
3454 3977 3619 4032 etiam
3647 3979 3749 4033 Do-

2166 4050 2344 4106 minus
2381 4052 2479 4107 hos
2506 4053 2691 4111 beatos
2722 4057 3010 4127 praedicat,
3059 4060 3160 4116 hos
3187 4065 3280 4134 qui
3315 4067 3551 4123 alienum
3590 4069 3746 4126 dolo-

2163 4158 2277 4200 rem
2301 4153 2358 4200 ut
2385 4145 2484 4201 sibi
2505 4159 2845 4203 communem
2869 4149 3071 4220 lugent.
3095 4151 3210 4210 Non
3236 4171 3388 4226 mque
3407 4173 3509 4229 ego
3525 4159 3744 4217 Paulum

2162 4237 2232 4292 ob
2257 4235 2492 4306 pericula
2512 4237 2656 4292 adita
2680 4239 2880 4307 miror;
2911 4240 3020 4298 imo
3049 4257 3155 4298 non
3183 4246 3360 4304 minus
3384 4251 3552 4305 miror
3571 4253 3640 4308 ob
3657 4255 3744 4309 illa

2162 4330 2277 4399 ipsa
2320 4329 2593 4399 pericula,
2636 4329 2689 4384 in
2729 4330 2923 4401 quibus
2967 4333 3209 4404 quotidie
3250 4342 3741 4407 commoriebatur.

2162 4420 2258 4477 sed
2282 4421 2385 4476 hoc
2412 4436 2500 4477 me
2527 4422 2695 4492 magis
2717 4423 2917 4479 evehit.
2941 4425 3024 4481 Ab
3044 4428 3222 4483 anima
3243 4431 3386 4486 enim
3413 4430 3509 4488 Dei
3530 4447 3744 4492 amante

2219 4601 2294 4677 (â€œ.2
2316 4598 2462 4677 0"09
2478 4599 2557 4677 Ï‰Îµ
2571 4597 3192 4677 Î›Ï…Ï€Ï†á¿–á½¶Î¹á½·á½·á½³Î¹Î¾Î·Î¸ÏÎµá½·ÏÏ„Î·Î¹Î¹ÎµÎ½
3207 4609 3364 4659 tacitis
3385 4622 3634 4677 nemore
3659 4630 3745 4664 no-

2156 4662 2387 4731 minibus,
2407 4662 2471 4712 de
2493 4675 2662 4731 uxore
2672 4662 2878 4731 Augusti
2900 4662 3164 4731 cujusdam,
3179 4662 3300 4731 'qutn
3328 4662 3512 4722 sterilis
3535 4662 3641 4724 eum
3660 4662 3742 4725 iis.

2155 4731 2250 4782 set,
2269 4725 2536 4799 pharmacis
2558 4725 2614 4773 ad
2638 4723 3000 4799 fecunditatem
3025 4723 3336 4799 obtinendam
3359 4744 3445 4799 usa
3482 4742 3588 4794 est;
3615 4723 3740 4799 ipsa-

2155 4801 2254 4854 que
2270 4785 2384 4854 cum
2427 4785 2510 4854 illa
2549 4787 2748 4848 pariter,
2769 4799 2882 4854 quae
2908 4788 3157 4854 pharmaca
3179 4791 3402 4854 dederat,
3428 4785 3650 4847 interiit?
3676 4785 3740 4848 de

2154 4848 2250 4900 alio
2273 4848 2641 4918 item__l_lugust_o
2661 4884 2674 4908 ,
2699 4849 2781 4918 qui
2821 4848 3368 4918 venenatispharmacis
3388 4848 3608 4906 sublatus
3631 4871 3703 4910 est
3725 4901 3738 4918 ,

2157 4921 2209 4961 et
2229 4914 2367 4980 cujus
2388 4911 2483 4980 illic
2501 4908 2676 4980 oculus
2701 4908 2904 4958 effossus
2926 4911 3018 4980 fuit
3028 4927 3042 4972 ;
3067 4908 3231 4980 deque
3253 4915 3366 4972 alio,
3403 4919 3485 4980 qui
3529 4908 3742 4970 infausto

2157 4971 2303 5038 modo
2325 4975 2472 5038 periit
2497 4987 2510 5022 :
2535 4971 2632 5038 illa,
2656 4973 2870 5038 inquam,
2892 4971 3050 5038 omnia
3073 4976 3130 5023 ad
3150 4971 3290 5038 'quos
3312 4971 3594 5038 pertineant
3617 4996 3736 5031 non-

2153 5035 2273 5104 dum
2279 5033 2474 5104 assequi
2499 5036 2646 5104 potui.
2663 5033 2800 5092 Quod
2817 5046 2934 5104 vero
2944 5037 3139 5104 subiicit
3155 5033 3218 5084 de
3241 5033 3335 5085 alio
3356 5042 3561 5104 quicum
3577 5045 3736 5104 equis,

2155 5098 2370 5148 trabibus
2392 5097 2928 5159 ueterisqueomnibus
2948 5099 3230 5147 combustus
3251 5107 3330 5148 est
3347 5097 3444 5158 {ad
3477 5097 3735 5156 Valen'teiu

2155 5160 2423 5224 Augustum
2446 5158 2653 5221 spectat.
2667 5158 2907 5224 Quicum,
2929 5160 2976 5206 in
3000 5173 3162 5224 pugna
3181 5160 3640 5224 HadrianOpolttana
3661 5170 3729 5216 vi.

2153 5219 2276 5287 ctus,
2305 5222 2352 5270 in
2375 5219 2569 5287 domum
2600 5219 2855 5282 quamdam
2883 5233 2950 5287 se
2983 5219 3563 5287 recepisset,_cum'ipsa_
3590 5227 3733 5277 domo

2154 5283 2201 5331 in
2236 5284 2433 5352 cineres
2470 5280 2696 5352 redactus
2733 5287 2826 5352 est.
3044 5280 3160 5352 dicit
3193 5283 3390 5333 tandem
3435 5280 3498 5352 de
3535 5284 3617 5338 illo
3649 5291 3730 5352 qui

2154 5352 2268 5413 tunc
2301 5345 2566 5413 imperabat
2601 5343 2619 5403 (
2645 5344 2688 5413 is
2715 5347 2828 5413 erat
2851 5343 3126 5413 Arcadius),
3155 5357 3329 5394 verum
3364 5349 3563 5398 omnino
3601 5343 3729 5399 coin-

2151 5402 2378 5468 probatur
2403 5418 2466 5453 ex
2491 5405 2687 5455 historia
2712 5402 2842 5452 illius
2861 5407 2970 5468 aevi.

2213 5468 2284 5530 (á½‘)
2321 5468 2457 5530 Apud
2491 5475 2661 5533 poetas
2694 5473 2746 5513 et
2777 5466 3080 5533 mythologos
3105 5466 3392 5533 celebratur
3417 5471 3724 5533 _TltyeÂ§tcttm

2149 5527 2441 5580 convivium.
2459 5527 2694 5590 Thyestes
2714 5527 2847 5574 enim
2871 5527 3069 5588 Pelopis
3100 5527 3240 5588 illius,
3266 5543 3378 5578 cum
3399 5527 3548 5590 Atr-6i
3567 5527 3726 5578 fratris

2147 5605 2306 5642 uxore
2329 5589 2587 5641 concubuit
2614 5602 2625 5652 Î¾
2651 5589 2833 5652 Atreus
2855 5602 2974 5638 vero
2995 5590 3172 5652 proprii
3196 5591 3277 5640 lilii
3311 5599 3482 5642 comes
3503 5589 3722 5652 't'hycstte

2143 5655 2197 5706 in
2231 5653 2400 5714 epulas
2429 5650 2890 5714 apposuit._S_imiles
2913 5649 3157 5713 epulas'et
3177 5655 3419 5714 ozqipcos
3450 5649 3722 5714 concubitus

2139 5709 2430 5764 Christianis
2453 5709 2634 5762 ethnici
2669 5711 2788 5760 falso
2811 5709 3107 5774 objiciebant
3125 5748 3138 5768 ,
3159 5720 3212 5774 ut
3227 5709 3405 5774 videas
3426 5712 3553 5774 apud
3575 5709 3722 5761 Justi-

2146 5789 2259 5824 num
2283 5775 2573 5883 Matl'ltyrem,
2607 5771 2992 5832 Albenagaâ€˜ain,
3025 5771 3340 5833 Theophilum
3362 5771 3717 5826 Antiocbetuun

2147 5845 2360 5883 et'lâ€˜ertn
2403 5849 2578 5883 ianum.

2147 5849 2195 5887 Cl
2218 5845 2578 5887 'lâ€˜ertulttanum.
