  <div class='ocr_page' id='page_1' title='image "/cluster/home/n/w/nwhite01/storage/ocr_20150623/62:no.11/coo.31924054869627/303.png"; bbox 0 0 4184 6492; ppageno 0'>
   <div class='ocr_carea' id='block_1_1' title="bbox 466 352 3725 416">
    <p class='ocr_par' dir='ltr' id='par_1_1' title="bbox 466 352 3725 416">
     <span class='ocr_line' id='line_1_1' title="bbox 466 352 3725 416; baseline 0.001 -6"><span class='ocrx_word' id='word_1_1' title='bbox 466 356 568 415; x_wconf 66' lang='lat'><strong>9.97</strong></span> <span class='ocrx_word' id='word_1_2' title='bbox 1219 358 1278 416; x_wconf 90' lang='lat' dir='ltr'><strong>S.</strong></span> <span class='ocrx_word' id='word_1_3' title='bbox 1315 356 1601 413; x_wconf 79' lang='lat' dir='ltr'><strong>JOANNIS</strong></span> <span class='ocrx_word' id='word_1_4' title='bbox 1638 353 2133 411; x_wconf 70' lang='lat' dir='ltr'><strong>CIIRYSOSTOMI</strong></span> <span class='ocrx_word' id='word_1_5' title='bbox 2176 352 2492 409; x_wconf 79' lang='lat' dir='ltr'><strong>ARClllEl’.</strong></span> <span class='ocrx_word' id='word_1_6' title='bbox 2534 352 3079 410; x_wconf 75' lang='lat' dir='ltr'><strong>CONSTANTINOP.</strong></span> <span class='ocrx_word' id='word_1_7' title='bbox 3616 361 3725 415; x_wconf 66' lang='lat'><strong>“298</strong></span> 
     </span>
    </p>
   </div>
   <div class='ocr_carea' id='block_1_2' title="bbox 470 477 3724 553">
    <p class='ocr_par' dir='ltr' id='par_1_2' title="bbox 470 477 3724 553">
     <span class='ocr_line' id='line_1_2' title="bbox 470 477 3724 553; baseline 0.003 -20"><span class='ocrx_word' id='word_1_8' title='bbox 470 480 625 534; x_wconf 77' lang='grc' dir='ltr'>πόσοι</span> <span class='ocrx_word' id='word_1_9' title='bbox 679 479 772 533; x_wconf 77' lang='grc' dir='ltr'><strong>καὶ</strong></span> <span class='ocrx_word' id='word_1_10' title='bbox 813 479 1046 534; x_wconf 76' lang='grc' dir='ltr'>ἐνταῦθα</span> <span class='ocrx_word' id='word_1_11' title='bbox 1077 480 1350 535; x_wconf 74' lang='grc' dir='ltr'>θλίϐονται</span> <span class='ocrx_word' id='word_1_12' title='bbox 1383 482 1655 552; x_wconf 82' lang='grc' dir='ltr'><strong>βιωτικῶν</strong></span> <span class='ocrx_word' id='word_1_13' title='bbox 1682 483 1869 537; x_wconf 71' lang='grc' dir='ltr'>ἕνεκεν</span> <span class='ocrx_word' id='word_1_14' title='bbox 1897 499 2043 553; x_wconf 82' lang='grc' dir='ltr'>πρα-</span> <span class='ocrx_word' id='word_1_15' title='bbox 2147 478 2231 531; x_wconf 85' lang='grc' dir='ltr'><strong>λιν</strong></span> <span class='ocrx_word' id='word_1_16' title='bbox 2262 479 2574 548; x_wconf 77' lang='grc' dir='ltr'>ἀπαντῆσαι</span> <span class='ocrx_word' id='word_1_17' title='bbox 2620 481 2858 549; x_wconf 75' lang='grc' dir='ltr'><strong>ἐκείνην.</strong></span> <span class='ocrx_word' id='word_1_18' title='bbox 2903 477 2977 553; x_wconf 82' lang='grc' dir='ltr'><strong>ἦς</strong></span> <span class='ocrx_word' id='word_1_19' title='bbox 3031 481 3231 534; x_wconf 64' lang='grc' dir='ltr'><strong>ἐκεῖνοι</strong></span> <span class='ocrx_word' id='word_1_20' title='bbox 3284 480 3724 551; x_wconf 73' lang='grc' dir='ltr'><strong>κατηξιώθησαν.</strong></span> 
     </span>
    </p>
   </div>
   <div class='ocr_carea' id='block_1_3' title="bbox 471 569 3727 644">
    <p class='ocr_par' dir='ltr' id='par_1_3' title="bbox 471 569 3727 644">
     <span class='ocr_line' id='line_1_3' title="bbox 471 569 3727 644; baseline -0.001 -19"><span class='ocrx_word' id='word_1_21' title='bbox 471 573 726 642; x_wconf 76' lang='grc' dir='ltr'>γμάτωνς</span> <span class='ocrx_word' id='word_1_22' title='bbox 774 573 1057 644; x_wconf 80' lang='grc' dir='ltr'><strong>Ἐννόησον</strong></span> <span class='ocrx_word' id='word_1_23' title='bbox 1084 574 1167 629; x_wconf 77' lang='grc' dir='ltr'><strong>ότι</strong></span> <span class='ocrx_word' id='word_1_24' title='bbox 1196 576 1289 628; x_wconf 76' lang='grc' dir='ltr'><strong>καὶ</strong></span> <span class='ocrx_word' id='word_1_25' title='bbox 1324 576 1387 629; x_wconf 82' lang='grc' dir='ltr'><strong>σὺ</strong></span> <span class='ocrx_word' id='word_1_26' title='bbox 1412 570 1493 639; x_wconf 74' lang='grc' dir='ltr'><strong>εἷς</strong></span> <span class='ocrx_word' id='word_1_27' title='bbox 1520 576 1580 641; x_wconf 70' lang='grc' dir='ltr'>ἐξ</span> <span class='ocrx_word' id='word_1_28' title='bbox 1602 577 1825 631; x_wconf 77' lang='grc' dir='ltr'>ἐκείνων</span> <span class='ocrx_word' id='word_1_29' title='bbox 1848 573 1919 641; x_wconf 77' lang='grc' dir='ltr'>εἴ,</span> <span class='ocrx_word' id='word_1_30' title='bbox 1956 576 2051 629; x_wconf 75' lang='grc' dir='ltr'><strong>καὶ</strong></span> <span class='ocrx_word' id='word_1_31' title='bbox 2148 569 2366 641; x_wconf 78' lang='grc' dir='ltr'>ἐκείνην</span> <span class='ocrx_word' id='word_1_32' title='bbox 2394 571 2573 641; x_wconf 78' lang='grc' dir='ltr'>βάδιζε</span> <span class='ocrx_word' id='word_1_33' title='bbox 2600 572 2699 643; x_wconf 86' lang='grc' dir='ltr'>τὴν</span> <span class='ocrx_word' id='word_1_34' title='bbox 2723 572 2839 625; x_wconf 78' lang='grc' dir='ltr'>ὁδὸν</span> <span class='ocrx_word' id='word_1_35' title='bbox 2872 573 2970 642; x_wconf 83' lang='grc' dir='ltr'>τὴν</span> <span class='ocrx_word' id='word_1_36' title='bbox 3000 574 3118 625; x_wconf 79' lang='grc' dir='ltr'>ἐκεῖ</span> <span class='ocrx_word' id='word_1_37' title='bbox 3146 571 3437 643; x_wconf 80' lang='grc' dir='ltr'>φέρουσαν.</span> <span class='ocrx_word' id='word_1_38' title='bbox 3459 572 3536 623; x_wconf 78' lang='grc' dir='ltr'>υύ</span> <span class='ocrx_word' id='word_1_39' title='bbox 3568 573 3727 640; x_wconf 70' lang='grc' dir='ltr'>φέρει</span> 
     </span>
    </p>
   </div>
   <div class='ocr_carea' id='block_1_4' title="bbox 470 658 3726 737">
    <p class='ocr_par' dir='ltr' id='par_1_4' title="bbox 470 658 3726 737">
     <span class='ocr_line' id='line_1_4' title="bbox 470 658 3726 737; baseline -0.001 -23"><span class='ocrx_word' id='word_1_40' title='bbox 470 662 605 733; x_wconf 80' lang='grc' dir='ltr'>φέρε</span> <span class='ocrx_word' id='word_1_41' title='bbox 640 664 739 733; x_wconf 86' lang='grc' dir='ltr'>τὴν</span> <span class='ocrx_word' id='word_1_42' title='bbox 769 662 950 732; x_wconf 56' lang='lat' dir='ltr'><strong>suum</strong></span> <span class='ocrx_word' id='word_1_43' title='bbox 987 664 1082 716; x_wconf 76' lang='grc' dir='ltr'>καὶ</span> <span class='ocrx_word' id='word_1_44' title='bbox 1106 663 1206 734; x_wconf 83' lang='grc' dir='ltr'>τὴν</span> <span class='ocrx_word' id='word_1_45' title='bbox 1228 664 1444 734; x_wconf 83' lang='grc' dir='ltr'><strong>ὀδύνην,</strong></span> <span class='ocrx_word' id='word_1_46' title='bbox 1476 669 1544 737; x_wconf 80' lang='grc' dir='ltr'><strong>τῇ</strong></span> <span class='ocrx_word' id='word_1_47' title='bbox 1574 666 1753 720; x_wconf 75' lang='grc' dir='ltr'>ἐλπίδι</span> <span class='ocrx_word' id='word_1_48' title='bbox 1783 666 1892 720; x_wconf 85' lang='grc' dir='ltr'><strong>τῶν</strong></span> <span class='ocrx_word' id='word_1_49' title='bbox 1918 665 2051 734; x_wconf 82' lang='grc' dir='ltr'>μελ-</span> <span class='ocrx_word' id='word_1_50' title='bbox 2150 660 2185 729; x_wconf 77' lang='grc' dir='ltr'><strong>ἡ</strong></span> <span class='ocrx_word' id='word_1_51' title='bbox 2205 658 2305 728; x_wconf 81' lang='grc' dir='ltr'><strong>τῆς</strong></span> <span class='ocrx_word' id='word_1_52' title='bbox 2333 659 2571 722; x_wconf 77' lang='grc' dir='ltr'>ἀνέσεως</span> <span class='ocrx_word' id='word_1_53' title='bbox 2603 661 2720 723; x_wconf 67' lang='grc' dir='ltr'>ὁδὸς</span> <span class='ocrx_word' id='word_1_54' title='bbox 2745 661 2880 727; x_wconf 72' lang='grc' dir='ltr'>ἐκεῖ,</span> <span class='ocrx_word' id='word_1_55' title='bbox 2916 660 3030 713; x_wconf 73' lang='grc' dir='ltr'>ἀλλ’</span> <span class='ocrx_word' id='word_1_56' title='bbox 3059 661 3093 730; x_wconf 85' lang='grc' dir='ltr'><strong>ή</strong></span> <span class='ocrx_word' id='word_1_57' title='bbox 3121 660 3220 729; x_wconf 82' lang='grc' dir='ltr'><strong>τῆς</strong></span> <span class='ocrx_word' id='word_1_58' title='bbox 3241 658 3474 728; x_wconf 75' lang='grc' dir='ltr'>Θλίψεως</span> <span class='ocrx_word' id='word_1_59' title='bbox 3493 674 3507 689; x_wconf 79' lang='grc'><strong><em>⁸</em></strong></span> <span class='ocrx_word' id='word_1_60' title='bbox 3542 660 3726 731; x_wconf 66' lang='grc' dir='ltr'>ἐκείνη</span> 
     </span>
    </p>
   </div>
   <div class='ocr_carea' id='block_1_5' title="bbox 470 747 3723 827">
    <p class='ocr_par' dir='ltr' id='par_1_5' title="bbox 470 747 3723 827">
     <span class='ocr_line' id='line_1_5' title="bbox 470 747 3723 827; baseline 0.002 -21"><span class='ocrx_word' id='word_1_61' title='bbox 470 753 673 807; x_wconf 84' lang='grc' dir='ltr'>λόντων</span> <span class='ocrx_word' id='word_1_62' title='bbox 716 754 1082 825; x_wconf 81' lang='grc' dir='ltr'><strong>τρεφόμενος·</strong></span> <span class='ocrx_word' id='word_1_63' title='bbox 1125 755 1225 809; x_wconf 88' lang='grc' dir='ltr'>ούκ</span> <span class='ocrx_word' id='word_1_64' title='bbox 1256 750 1307 808; x_wconf 81' lang='grc' dir='ltr'>εἴ</span> <span class='ocrx_word' id='word_1_65' title='bbox 1336 757 1399 810; x_wconf 85' lang='grc' dir='ltr'><strong>σὺ</strong></span> <span class='ocrx_word' id='word_1_66' title='bbox 1429 755 1525 809; x_wconf 84' lang='grc' dir='ltr'>τοῦ</span> <span class='ocrx_word' id='word_1_67' title='bbox 1566 757 1781 810; x_wconf 83' lang='grc' dir='ltr'><strong>Παύλου</strong></span> <span class='ocrx_word' id='word_1_68' title='bbox 1827 756 2052 827; x_wconf 81' lang='grc' dir='ltr'><strong>βελτίων</strong></span> <span class='ocrx_word' id='word_1_69' title='bbox 2151 747 2482 819; x_wconf 73' lang='grc' dir='ltr'><strong>εὐρύχωρος,</strong></span> <span class='ocrx_word' id='word_1_70' title='bbox 2516 748 2656 817; x_wconf 79' lang='grc' dir='ltr'>αὕτη</span> <span class='ocrx_word' id='word_1_71' title='bbox 2690 750 2870 819; x_wconf 81' lang='grc' dir='ltr'>στενή.</span> <span class='ocrx_word' id='word_1_72' title='bbox 2907 750 3127 819; x_wconf 84' lang='grc' dir='ltr'><strong>Ταύτην</strong></span> <span class='ocrx_word' id='word_1_73' title='bbox 3163 747 3490 819; x_wconf 72' lang='grc' dir='ltr'>βαδίζωμεν,</span> <span class='ocrx_word' id='word_1_74' title='bbox 3520 749 3607 802; x_wconf 66' lang='grc' dir='ltr'><strong>ἵνα</strong></span> <span class='ocrx_word' id='word_1_75' title='bbox 3632 751 3723 804; x_wconf 79' lang='grc' dir='ltr'><strong>τύ·</strong></span> 
     </span>
    </p>
   </div>
   <div class='ocr_carea' id='block_1_6' title="bbox 469 839 3731 918">
    <p class='ocr_par' dir='ltr' id='par_1_6' title="bbox 469 839 3731 918">
     <span class='ocr_line' id='line_1_6' title="bbox 469 839 3731 918; baseline 0.002 -21"><span class='ocrx_word' id='word_1_76' title='bbox 469 845 593 899; x_wconf 84' lang='grc' dir='ltr'>οὐδὲ</span> <span class='ocrx_word' id='word_1_77' title='bbox 617 843 712 897; x_wconf 80' lang='grc' dir='ltr'>τοῦ</span> <span class='ocrx_word' id='word_1_78' title='bbox 760 845 991 916; x_wconf 85' lang='grc' dir='ltr'>Πέτρου,</span> <span class='ocrx_word' id='word_1_79' title='bbox 1020 846 1129 899; x_wconf 86' lang='grc' dir='ltr'><strong>τῶν</strong></span> <span class='ocrx_word' id='word_1_80' title='bbox 1157 846 1417 900; x_wconf 82' lang='grc' dir='ltr'>οὐδέποτε</span> <span class='ocrx_word' id='word_1_81' title='bbox 1470 846 1709 911; x_wconf 74' lang='grc' dir='ltr'>ἀνέσεως</span> <span class='ocrx_word' id='word_1_82' title='bbox 1753 848 2043 918; x_wconf 80' lang='grc' dir='ltr'><strong>τυχόντων,</strong></span> <span class='ocrx_word' id='word_1_83' title='bbox 2153 855 2339 910; x_wconf 85' lang='grc' dir='ltr'>χωμεν</span> <span class='ocrx_word' id='word_1_84' title='bbox 2376 842 2477 908; x_wconf 74' lang='grc' dir='ltr'><strong>τῆς</strong></span> <span class='ocrx_word' id='word_1_85' title='bbox 2516 840 2736 895; x_wconf 65' lang='grc' dir='ltr'>αἰωνίου</span> <span class='ocrx_word' id='word_1_86' title='bbox 2777 841 2920 911; x_wconf 77' lang='grc' dir='ltr'><strong>ζωῆς</strong></span> <span class='ocrx_word' id='word_1_87' title='bbox 2948 842 3005 894; x_wconf 73' lang='grc' dir='ltr'>ὲν</span> <span class='ocrx_word' id='word_1_88' title='bbox 3032 839 3256 913; x_wconf 83' lang='grc' dir='ltr'><strong>Χριστῷ</strong></span> <span class='ocrx_word' id='word_1_89' title='bbox 3302 840 3479 912; x_wconf 85' lang='grc' dir='ltr'><strong>Ἰησοῦ</strong></span> <span class='ocrx_word' id='word_1_90' title='bbox 3510 842 3588 913; x_wconf 74' lang='grc' dir='ltr'><strong>τῷ</strong></span> <span class='ocrx_word' id='word_1_91' title='bbox 3618 844 3731 896; x_wconf 73' lang='lat' dir='ltr'><strong>Ku-</strong></span> 
     </span>
    </p>
   </div>
   <div class='ocr_carea' id='block_1_7' title="bbox 470 920 2122 1010">
    <p class='ocr_par' dir='ltr' id='par_1_7' title="bbox 470 934 2047 1010">
     <span class='ocr_line' id='line_1_7' title="bbox 470 934 2047 1010; baseline 0.003 -23"><span class='ocrx_word' id='word_1_92' title='bbox 470 935 581 987; x_wconf 84' lang='grc' dir='ltr'><strong>τῶν</strong></span> <span class='ocrx_word' id='word_1_93' title='bbox 603 935 660 987; x_wconf 81' lang='grc' dir='ltr'>ἐν</span> <span class='ocrx_word' id='word_1_94' title='bbox 684 934 829 1006; x_wconf 82' lang='grc' dir='ltr'>λιμῷ</span> <span class='ocrx_word' id='word_1_95' title='bbox 860 937 957 990; x_wconf 75' lang='grc' dir='ltr'>καὶ</span> <span class='ocrx_word' id='word_1_96' title='bbox 994 936 1137 1006; x_wconf 79' lang='grc' dir='ltr'>δίψει</span> <span class='ocrx_word' id='word_1_97' title='bbox 1161 938 1254 991; x_wconf 75' lang='grc' dir='ltr'><strong>καὶ</strong></span> <span class='ocrx_word' id='word_1_98' title='bbox 1274 938 1578 1010; x_wconf 81' lang='grc' dir='ltr'><strong>γυμνότητι</strong></span> <span class='ocrx_word' id='word_1_99' title='bbox 1602 939 1693 994; x_wconf 79' lang='grc' dir='ltr'>τὸν</span> <span class='ocrx_word' id='word_1_100' title='bbox 1726 940 1904 994; x_wconf 79' lang='grc' dir='ltr'>πάντα</span> <span class='ocrx_word' id='word_1_101' title='bbox 1934 939 2047 1009; x_wconf 91' lang='grc' dir='ltr'>βίον</span> 
     </span>
    </p>
   </div>
   <div class='ocr_carea' id='block_1_8' title="bbox 2075 920 3727 1010">
    <p class='ocr_par' dir='ltr' id='par_1_8' title="bbox 2156 920 3727 1002">
     <span class='ocr_line' id='line_1_8' title="bbox 2156 920 3727 1002; baseline 0.006 -27"><span class='ocrx_word' id='word_1_102' title='bbox 2156 925 2256 994; x_wconf 85' lang='grc' dir='ltr'>ρίῳ</span> <span class='ocrx_word' id='word_1_103' title='bbox 2286 925 2465 995; x_wconf 76' lang='grc' dir='ltr'>ἡμῶν,</span> <span class='ocrx_word' id='word_1_104' title='bbox 2491 927 2609 997; x_wconf 81' lang='grc' dir='ltr'>μεθ’</span> <span class='ocrx_word' id='word_1_105' title='bbox 2632 920 2693 981; x_wconf 71' lang='grc' dir='ltr'>οὔ</span> <span class='ocrx_word' id='word_1_106' title='bbox 2718 928 2797 999; x_wconf 85' lang='grc' dir='ltr'>τῷ</span> <span class='ocrx_word' id='word_1_107' title='bbox 2826 930 3001 1000; x_wconf 76' lang='grc' dir='ltr'>Πατρὶ</span> <span class='ocrx_word' id='word_1_108' title='bbox 3025 929 3143 1000; x_wconf 71' lang='grc' dir='ltr'><strong>ἅμα</strong></span> <span class='ocrx_word' id='word_1_109' title='bbox 3169 928 3249 1001; x_wconf 82' lang='grc' dir='ltr'>τῷ</span> <span class='ocrx_word' id='word_1_110' title='bbox 3276 929 3419 1001; x_wconf 82' lang='grc' dir='ltr'>ἁγίῳ</span> <span class='ocrx_word' id='word_1_111' title='bbox 3447 932 3727 1002; x_wconf 81' lang='grc' dir='ltr'>Πνεύματι</span> 
     </span>
    </p>
   </div>
   <div class='ocr_carea' id='block_1_9' title="bbox 471 1014 3729 1101">
    <p class='ocr_par' dir='ltr' id='par_1_9' title="bbox 471 1014 3729 1101">
     <span class='ocr_line' id='line_1_9' title="bbox 471 1014 3729 1101; baseline -0.002 -22"><span class='ocrx_word' id='word_1_112' title='bbox 471 1025 867 1092; x_wconf 75' lang='grc' dir='ltr'>διεξελθόντων.</span> <span class='ocrx_word' id='word_1_113' title='bbox 908 1026 974 1081; x_wconf 80' lang='lat' dir='ltr'><strong>Ei</strong></span> <span class='ocrx_word' id='word_1_114' title='bbox 1031 1029 1209 1098; x_wconf 84' lang='grc' dir='ltr'>βούλει</span> <span class='ocrx_word' id='word_1_115' title='bbox 1240 1028 1347 1084; x_wconf 87' lang='grc' dir='ltr'><strong>τῶν</strong></span> <span class='ocrx_word' id='word_1_116' title='bbox 1377 1030 1557 1085; x_wconf 82' lang='grc' dir='ltr'>αὐτῶν</span> <span class='ocrx_word' id='word_1_117' title='bbox 1588 1029 1817 1094; x_wconf 68' lang='grc' dir='ltr'>ἰκτίνοις</span> <span class='ocrx_word' id='word_1_118' title='bbox 1844 1032 2045 1101; x_wconf 83' lang='grc' dir='ltr'>τυχεῖν,</span> <span class='ocrx_word' id='word_1_119' title='bbox 2152 1014 2300 1081; x_wconf 72' lang='grc' dir='ltr'>δόξαν</span> <span class='ocrx_word' id='word_1_120' title='bbox 2333 1016 2728 1089; x_wconf 82' lang='grc' dir='ltr'><strong>κράτος,τιμὴ,</strong></span> <span class='ocrx_word' id='word_1_121' title='bbox 2765 1018 2860 1074; x_wconf 83' lang='grc' dir='ltr'><strong>νῦν</strong></span> <span class='ocrx_word' id='word_1_122' title='bbox 2882 1020 2976 1074; x_wconf 75' lang='grc' dir='ltr'><strong>καὶ</strong></span> <span class='ocrx_word' id='word_1_123' title='bbox 3004 1018 3114 1090; x_wconf 77' lang='grc' dir='ltr'>ἀεὶ,</span> <span class='ocrx_word' id='word_1_124' title='bbox 3136 1020 3232 1076; x_wconf 73' lang='grc' dir='ltr'><strong>καὶ</strong></span> <span class='ocrx_word' id='word_1_125' title='bbox 3256 1021 3337 1087; x_wconf 72' lang='grc' dir='ltr'><strong>εἰς</strong></span> <span class='ocrx_word' id='word_1_126' title='bbox 3357 1022 3485 1087; x_wconf 82' lang='grc' dir='ltr'>τοὺς</span> <span class='ocrx_word' id='word_1_127' title='bbox 3521 1023 3729 1089; x_wconf 70' lang='grc' dir='ltr'>αἰῶνας</span> 
     </span>
    </p>
   </div>
   <div class='ocr_carea' id='block_1_10' title="bbox 471 1102 2744 1196">
    <p class='ocr_par' dir='ltr' id='par_1_10' title="bbox 471 1102 2744 1196">
     <span class='ocr_line' id='line_1_10' title="bbox 471 1102 2744 1196; baseline 0.004 -25"><span class='ocrx_word' id='word_1_128' title='bbox 471 1118 524 1171; x_wconf 84' lang='grc' dir='ltr'><strong>τί</strong></span> <span class='ocrx_word' id='word_1_129' title='bbox 554 1118 651 1189; x_wconf 78' lang='grc' dir='ltr'><strong>τὴν</strong></span> <span class='ocrx_word' id='word_1_130' title='bbox 685 1121 936 1176; x_wconf 69' lang='grc' dir='ltr'>ἐναντίαν</span> <span class='ocrx_word' id='word_1_131' title='bbox 964 1121 1170 1188; x_wconf 81' lang='grc' dir='ltr'>ὁδεύεις</span> <span class='ocrx_word' id='word_1_132' title='bbox 1195 1121 1343 1191; x_wconf 87' lang='grc' dir='ltr'>όδόν;</span> <span class='ocrx_word' id='word_1_133' title='bbox 1376 1124 1423 1178; x_wconf 79' lang='grc' dir='ltr'><strong>εί</strong></span> <span class='ocrx_word' id='word_1_134' title='bbox 1454 1123 1632 1196; x_wconf 80' lang='grc' dir='ltr'>βούλει</span> <span class='ocrx_word' id='word_1_135' title='bbox 1662 1124 1797 1196; x_wconf 80' lang='grc' dir='ltr'><strong>πρὸς</strong></span> <span class='ocrx_word' id='word_1_136' title='bbox 1822 1124 1921 1195; x_wconf 81' lang='grc' dir='ltr'>τὴν</span> <span class='ocrx_word' id='word_1_137' title='bbox 1948 1124 2047 1177; x_wconf 73' lang='grc' dir='ltr'><strong>πό⁹</strong></span> <span class='ocrx_word' id='word_1_138' title='bbox 2153 1102 2260 1159; x_wconf 70' lang='grc' dir='ltr'><strong>τῶν</strong></span> <span class='ocrx_word' id='word_1_139' title='bbox 2287 1105 2517 1162; x_wconf 56' lang='grc' dir='ltr'><strong>αἰώνωνο</strong></span> <span class='ocrx_word' id='word_1_140' title='bbox 2548 1109 2744 1181; x_wconf 70' lang='grc' dir='ltr'><strong>Ἀμήνο</strong></span> 
     </span>
    </p>
   </div>
   <div class='ocr_carea' id='block_1_11' title="bbox 486 2480 1543 2517">
    <p class='ocr_par' dir='ltr' id='par_1_11' title="bbox 486 2480 1543 2517">
     <span class='ocr_line' id='line_1_11' title="bbox 486 2480 1543 2517; baseline 0.017 -12"><span class='ocrx_word' id='word_1_141' title='bbox 486 2480 1543 2517; x_wconf 65' lang='lat' dir='ltr'><em>W</em></span> 
     </span>
    </p>
   </div>
   <div class='ocr_carea' id='block_1_12' title="bbox 1914 2664 2294 2728">
    <p class='ocr_par' dir='ltr' id='par_1_12' title="bbox 1914 2664 2294 2728">
     <span class='ocr_line' id='line_1_12' title="bbox 1914 2664 2294 2728; baseline 0 -4"><span class='ocrx_word' id='word_1_142' title='bbox 1914 2664 2294 2728; x_wconf 83' lang='lat' dir='ltr'><strong>MONITUM</strong></span> 
     </span>
    </p>
   </div>
   <div class='ocr_carea' id='block_1_13' title="bbox 539 2838 3746 2937">
    <p class='ocr_par' dir='ltr' id='par_1_13' title="bbox 539 2838 3746 2937">
     <span class='ocr_line' id='line_1_13' title="bbox 539 2838 3746 2937; baseline 0.007 -43"><span class='ocrx_word' id='word_1_143' title='bbox 539 2838 712 2897; x_wconf 81' lang='lat' dir='ltr'><strong>Hasce</strong></span> <span class='ocrx_word' id='word_1_144' title='bbox 740 2842 1054 2903; x_wconf 86' lang='lat' dir='ltr'><strong>Conciones</strong></span> <span class='ocrx_word' id='word_1_145' title='bbox 1080 2847 1558 2924; x_wconf 69' lang='lat' dir='ltr'><strong>Constantinopoli</strong></span> <span class='ocrx_word' id='word_1_146' title='bbox 1595 2854 1813 2912; x_wconf 82' lang='lat' dir='ltr'><strong>habitas</strong></span> <span class='ocrx_word' id='word_1_147' title='bbox 1840 2857 2032 2928; x_wconf 81' lang='lat' dir='ltr'><strong>fuisse,</strong></span> <span class='ocrx_word' id='word_1_148' title='bbox 2064 2862 2213 2919; x_wconf 88' lang='lat' dir='ltr'><strong>clare</strong></span> <span class='ocrx_word' id='word_1_149' title='bbox 2245 2864 2454 2923; x_wconf 81' lang='lat' dir='ltr'><strong>indicat</strong></span> <span class='ocrx_word' id='word_1_150' title='bbox 2478 2863 2927 2937; x_wconf 83' lang='lat' dir='ltr'><strong>Chrysostomus,</strong></span> <span class='ocrx_word' id='word_1_151' title='bbox 2955 2877 3079 2918; x_wconf 88' lang='lat' dir='ltr'><strong>cum</strong></span> <span class='ocrx_word' id='word_1_152' title='bbox 3114 2861 3250 2917; x_wconf 91' lang='lat' dir='ltr'><strong>dicit</strong></span> <span class='ocrx_word' id='word_1_153' title='bbox 3282 2861 3337 2917; x_wconf 90' lang='lat' dir='ltr'><strong>in</strong></span> <span class='ocrx_word' id='word_1_154' title='bbox 3367 2860 3476 2916; x_wconf 79' lang='lat' dir='ltr'><strong>line</strong></span> <span class='ocrx_word' id='word_1_155' title='bbox 3503 2859 3746 2916; x_wconf 69' lang='lat' dir='ltr'><strong>homilia!</strong></span> 
     </span>
    </p>
   </div>
   <div class='ocr_carea' id='block_1_14' title="bbox 465 2958 3743 3055">
    <p class='ocr_par' dir='ltr' id='par_1_14' title="bbox 465 2958 3743 3055">
     <span class='ocr_line' id='line_1_14' title="bbox 465 2958 3743 3055; baseline 0.007 -43"><span class='ocrx_word' id='word_1_156' title='bbox 465 2958 647 3017; x_wconf 67' lang='lat' dir='ltr'><strong>tertiae</strong></span> <span class='ocrx_word' id='word_1_157' title='bbox 675 2976 733 3017; x_wconf 87' lang='lat' dir='ltr'><strong>se</strong></span> <span class='ocrx_word' id='word_1_158' title='bbox 758 2965 1078 3037; x_wconf 87' lang='lat' dir='ltr'><strong>episcopum</strong></span> <span class='ocrx_word' id='word_1_159' title='bbox 1111 2967 1167 3023; x_wconf 92' lang='lat' dir='ltr'><strong>in</strong></span> <span class='ocrx_word' id='word_1_160' title='bbox 1198 2969 1397 3027; x_wconf 88' lang='lat' dir='ltr'><strong>throno</strong></span> <span class='ocrx_word' id='word_1_161' title='bbox 1420 2973 1636 3031; x_wconf 88' lang='lat' dir='ltr'><strong>sedere.</strong></span> <span class='ocrx_word' id='word_1_162' title='bbox 1670 2976 1853 3035; x_wconf 84' lang='lat' dir='ltr'><strong>Facile</strong></span> <span class='ocrx_word' id='word_1_163' title='bbox 1879 2996 2100 3053; x_wconf 89' lang='lat' dir='ltr'><strong>quoque</strong></span> <span class='ocrx_word' id='word_1_164' title='bbox 2126 2983 2349 3039; x_wconf 89' lang='lat' dir='ltr'><strong>videtur</strong></span> <span class='ocrx_word' id='word_1_165' title='bbox 2372 3001 2494 3041; x_wconf 89' lang='lat' dir='ltr'><strong>esse</strong></span> <span class='ocrx_word' id='word_1_166' title='bbox 2520 3000 2726 3041; x_wconf 87' lang='lat' dir='ltr'><strong>annum</strong></span> <span class='ocrx_word' id='word_1_167' title='bbox 2764 2984 3065 3055; x_wconf 79' lang='lat' dir='ltr'><strong>assignare,</strong></span> <span class='ocrx_word' id='word_1_168' title='bbox 3100 2999 3214 3054; x_wconf 90' lang='lat' dir='ltr'><strong>quo</strong></span> <span class='ocrx_word' id='word_1_169' title='bbox 3238 2982 3356 3038; x_wconf 62' lang='lat' dir='ltr'><strong>hac</strong></span> <span class='ocrx_word' id='word_1_170' title='bbox 3384 2982 3743 3038; x_wconf 85' lang='lat' dir='ltr'><strong>concionatus</strong></span> 
     </span>
    </p>
   </div>
   <div class='ocr_carea' id='block_1_15' title="bbox 464 3075 3748 3166">
    <p class='ocr_par' dir='ltr' id='par_1_15' title="bbox 464 3075 3748 3166">
     <span class='ocr_line' id='line_1_15' title="bbox 464 3075 3748 3166; baseline 0.007 -42"><span class='ocrx_word' id='word_1_171' title='bbox 464 3077 553 3124; x_wconf 87' lang='lat' dir='ltr'><strong>est</strong></span> <span class='ocrx_word' id='word_1_172' title='bbox 580 3079 805 3130; x_wconf 88' lang='lat' dir='ltr'><strong>sanctus</strong></span> <span class='ocrx_word' id='word_1_173' title='bbox 835 3075 1059 3132; x_wconf 83' lang='lat' dir='ltr'><strong>Doctor.</strong></span> <span class='ocrx_word' id='word_1_174' title='bbox 1105 3080 1185 3135; x_wconf 80' lang='lat' dir='ltr'><strong>Ex</strong></span> <span class='ocrx_word' id='word_1_175' title='bbox 1217 3081 1285 3139; x_wconf 88' lang='lat' dir='ltr'><strong>iis</strong></span> <span class='ocrx_word' id='word_1_176' title='bbox 1312 3084 1483 3151; x_wconf 90' lang='lat' dir='ltr'><strong>enim,</strong></span> <span class='ocrx_word' id='word_1_177' title='bbox 1516 3102 1640 3156; x_wconf 64' lang='lat' dir='ltr'><strong>qua:</strong></span> <span class='ocrx_word' id='word_1_178' title='bbox 1684 3088 1820 3144; x_wconf 82' lang='lat' dir='ltr'><strong>dicit</strong></span> <span class='ocrx_word' id='word_1_179' title='bbox 1852 3090 2077 3149; x_wconf 87' lang='lat' dir='ltr'><strong>homilia</strong></span> <span class='ocrx_word' id='word_1_180' title='bbox 2118 3096 2375 3166; x_wconf 87' lang='lat' dir='ltr'><strong>septima,</strong></span> <span class='ocrx_word' id='word_1_181' title='bbox 2405 3112 2639 3153; x_wconf 88' lang='lat' dir='ltr'><strong>numero</strong></span> <span class='ocrx_word' id='word_1_182' title='bbox 2675 3096 2734 3163; x_wconf 67' lang='grc' dir='ltr'>ὅ,</span> <span class='ocrx_word' id='word_1_183' title='bbox 2764 3097 3006 3153; x_wconf 88' lang='lat' dir='ltr'><strong>indicare</strong></span> <span class='ocrx_word' id='word_1_184' title='bbox 3039 3095 3267 3151; x_wconf 87' lang='lat' dir='ltr'><strong>omnino</strong></span> <span class='ocrx_word' id='word_1_185' title='bbox 3292 3096 3511 3151; x_wconf 83' lang='lat' dir='ltr'><strong>videtur</strong></span> <span class='ocrx_word' id='word_1_186' title='bbox 3540 3095 3748 3149; x_wconf 84' lang='lat' dir='ltr'><strong>Eutro-</strong></span> 
     </span>
    </p>
   </div>
   <div class='ocr_carea' id='block_1_16' title="bbox 466 3185 3746 3288">
    <p class='ocr_par' dir='ltr' id='par_1_16' title="bbox 466 3185 3746 3288">
     <span class='ocr_line' id='line_1_16' title="bbox 466 3185 3746 3288; baseline 0.006 -47"><span class='ocrx_word' id='word_1_187' title='bbox 466 3185 620 3256; x_wconf 85' lang='lat' dir='ltr'><strong>pium</strong></span> <span class='ocrx_word' id='word_1_188' title='bbox 652 3192 993 3262; x_wconf 84' lang='lat' dir='ltr'><strong>eunuchum,</strong></span> <span class='ocrx_word' id='word_1_189' title='bbox 1023 3196 1154 3254; x_wconf 90' lang='lat' dir='ltr'><strong>licet</strong></span> <span class='ocrx_word' id='word_1_190' title='bbox 1189 3202 1353 3257; x_wconf 88' lang='lat' dir='ltr'><strong>tacito</strong></span> <span class='ocrx_word' id='word_1_191' title='bbox 1377 3205 1601 3261; x_wconf 88' lang='lat' dir='ltr'><strong>nomine</strong></span> <span class='ocrx_word' id='word_1_192' title='bbox 1634 3206 1704 3263; x_wconf 91' lang='lat' dir='ltr'><strong>de</strong></span> <span class='ocrx_word' id='word_1_193' title='bbox 1731 3207 1826 3264; x_wconf 91' lang='lat' dir='ltr'><strong>illo</strong></span> <span class='ocrx_word' id='word_1_194' title='bbox 1852 3219 1997 3281; x_wconf 77' lang='lat' dir='ltr'><strong>agat,</strong></span> <span class='ocrx_word' id='word_1_195' title='bbox 2022 3211 2130 3269; x_wconf 85' lang='lat' dir='ltr'><strong>hoc</strong></span> <span class='ocrx_word' id='word_1_196' title='bbox 2171 3213 2291 3285; x_wconf 84' lang='lat' dir='ltr'><strong>ipso</strong></span> <span class='ocrx_word' id='word_1_197' title='bbox 2322 3224 2570 3287; x_wconf 88' lang='lat' dir='ltr'><strong>tempore</strong></span> <span class='ocrx_word' id='word_1_198' title='bbox 2594 3216 2664 3271; x_wconf 89' lang='lat' dir='ltr'><strong>de</strong></span> <span class='ocrx_word' id='word_1_199' title='bbox 2693 3215 2866 3288; x_wconf 75' lang='lat' dir='ltr'><strong>gradu</strong></span> <span class='ocrx_word' id='word_1_200' title='bbox 2887 3215 3163 3287; x_wconf 84' lang='lat' dir='ltr'><strong>dejectum</strong></span> <span class='ocrx_word' id='word_1_201' title='bbox 3195 3223 3253 3269; x_wconf 87' lang='lat' dir='ltr'><strong>et</strong></span> <span class='ocrx_word' id='word_1_202' title='bbox 3276 3212 3587 3283; x_wconf 80' lang='lat' dir='ltr'><strong>expulsum.</strong></span> <span class='ocrx_word' id='word_1_203' title='bbox 3609 3207 3746 3277; x_wconf 83' lang='lat' dir='ltr'><strong>Quis</strong></span> 
     </span>
    </p>
   </div>
   <div class='ocr_carea' id='block_1_17' title="bbox 463 3304 3748 3401">
    <p class='ocr_par' dir='ltr' id='par_1_17' title="bbox 463 3304 3748 3401">
     <span class='ocr_line' id='line_1_17' title="bbox 463 3304 3748 3401; baseline 0.006 -43"><span class='ocrx_word' id='word_1_204' title='bbox 463 3304 616 3360; x_wconf 90' lang='lat' dir='ltr'><strong>enim</strong></span> <span class='ocrx_word' id='word_1_205' title='bbox 634 3307 801 3377; x_wconf 85' lang='lat' dir='ltr'><strong>alius,</strong></span> <span class='ocrx_word' id='word_1_206' title='bbox 825 3328 1034 3383; x_wconf 68' lang='lat' dir='ltr'><strong>quaeso,</strong></span> <span class='ocrx_word' id='word_1_207' title='bbox 1063 3316 1233 3374; x_wconf 83' lang='lat' dir='ltr'><strong>fuerit</strong></span> <span class='ocrx_word' id='word_1_208' title='bbox 1261 3334 1326 3374; x_wconf 79' lang='lat' dir='ltr'><strong>ea:</strong></span> <span class='ocrx_word' id='word_1_209' title='bbox 1350 3336 1573 3377; x_wconf 86' lang='lat' dir='ltr'><strong>numero</strong></span> <span class='ocrx_word' id='word_1_210' title='bbox 1601 3326 1982 3393; x_wconf 76' lang='lat' dir='ltr'><strong>cunuchorum,</strong></span> <span class='ocrx_word' id='word_1_211' title='bbox 2014 3327 2110 3399; x_wconf 86' lang='lat' dir='ltr'><strong>qui</strong></span> <span class='ocrx_word' id='word_1_212' title='bbox 2136 3329 2256 3385; x_wconf 88' lang='lat' dir='ltr'><strong>heri</strong></span> <span class='ocrx_word' id='word_1_213' title='bbox 2292 3331 2348 3386; x_wconf 90' lang='lat' dir='ltr'><strong>in</strong></span> <span class='ocrx_word' id='word_1_214' title='bbox 2376 3331 2640 3387; x_wconf 83' lang='lat' dir='ltr'><strong>tribunali</strong></span> <span class='ocrx_word' id='word_1_215' title='bbox 2662 3329 2910 3396; x_wconf 83' lang='lat' dir='ltr'><strong>sedebat,</strong></span> <span class='ocrx_word' id='word_1_216' title='bbox 2937 3330 3033 3401; x_wconf 89' lang='lat' dir='ltr'><strong>qui</strong></span> <span class='ocrx_word' id='word_1_217' title='bbox 3058 3327 3428 3385; x_wconf 82' lang='lat' dir='ltr'><strong>clamantibus</strong></span> <span class='ocrx_word' id='word_1_218' title='bbox 3451 3335 3507 3380; x_wconf 90' lang='lat' dir='ltr'><strong>et</strong></span> <span class='ocrx_word' id='word_1_219' title='bbox 3526 3322 3748 3396; x_wconf 72' lang='lat' dir='ltr'><strong>prawiis</strong></span> 
     </span>
    </p>
   </div>
   <div class='ocr_carea' id='block_1_18' title="bbox 464 3424 3747 3519">
    <p class='ocr_par' dir='ltr' id='par_1_18' title="bbox 464 3424 3747 3519">
     <span class='ocr_line' id='line_1_18' title="bbox 464 3424 3747 3519; baseline 0.005 -41"><span class='ocrx_word' id='word_1_220' title='bbox 464 3424 816 3495; x_wconf 65' lang='lat' dir='ltr'><strong>praeconibus</strong></span> <span class='ocrx_word' id='word_1_221' title='bbox 871 3445 971 3499; x_wconf 89' lang='lat' dir='ltr'><strong>per</strong></span> <span class='ocrx_word' id='word_1_222' title='bbox 1008 3430 1189 3488; x_wconf 77' lang='lat' dir='ltr'><strong>forum</strong></span> <span class='ocrx_word' id='word_1_223' title='bbox 1254 3435 1568 3506; x_wconf 87' lang='lat' dir='ltr'><strong>incedebat,</strong></span> <span class='ocrx_word' id='word_1_224' title='bbox 1604 3440 1899 3498; x_wconf 86' lang='lat' dir='ltr'><strong>ambitiose</strong></span> <span class='ocrx_word' id='word_1_225' title='bbox 1957 3444 2044 3500; x_wconf 90' lang='lat' dir='ltr'><strong>sui</strong></span> <span class='ocrx_word' id='word_1_226' title='bbox 2088 3451 2359 3503; x_wconf 85' lang='lat' dir='ltr'><strong>terrorem</strong></span> <span class='ocrx_word' id='word_1_227' title='bbox 2412 3447 2732 3504; x_wconf 90' lang='lat' dir='ltr'><strong>incutiens:</strong></span> <span class='ocrx_word' id='word_1_228' title='bbox 2766 3448 2973 3519; x_wconf 88' lang='lat' dir='ltr'><strong>quique</strong></span> <span class='ocrx_word' id='word_1_229' title='bbox 3016 3446 3181 3502; x_wconf 91' lang='lat' dir='ltr'><strong>hodie</strong></span> <span class='ocrx_word' id='word_1_230' title='bbox 3222 3460 3290 3501; x_wconf 77' lang='lat' dir='ltr'><strong>ex</strong></span> <span class='ocrx_word' id='word_1_231' title='bbox 3330 3451 3479 3498; x_wconf 86' lang='lat' dir='ltr'><strong>tanta</strong></span> <span class='ocrx_word' id='word_1_232' title='bbox 3522 3442 3747 3496; x_wconf 72' lang='lat' dir='ltr'><strong>fortuna</strong></span> 
     </span>
    </p>
   </div>
   <div class='ocr_carea' id='block_1_19' title="bbox 465 3540 3747 3638">
    <p class='ocr_par' dir='ltr' id='par_1_19' title="bbox 465 3540 3747 3638">
     <span class='ocr_line' id='line_1_19' title="bbox 465 3540 3747 3638; baseline 0.005 -42"><span class='ocrx_word' id='word_1_233' title='bbox 465 3540 735 3613; x_wconf 74' lang='lat' dir='ltr'><strong>deiectus,</strong></span> <span class='ocrx_word' id='word_1_234' title='bbox 768 3546 839 3602; x_wconf 88' lang='lat' dir='ltr'><strong>ab</strong></span> <span class='ocrx_word' id='word_1_235' title='bbox 867 3551 1125 3610; x_wconf 87' lang='lat' dir='ltr'><strong>omnibus</strong></span> <span class='ocrx_word' id='word_1_236' title='bbox 1154 3553 1428 3625; x_wconf 90' lang='lat' dir='ltr'><strong>desertus,</strong></span> <span class='ocrx_word' id='word_1_237' title='bbox 1458 3559 1583 3616; x_wconf 87' lang='lat' dir='ltr'><strong>vilis</strong></span> <span class='ocrx_word' id='word_1_238' title='bbox 1614 3572 1671 3618; x_wconf 91' lang='lat' dir='ltr'><strong>et</strong></span> <span class='ocrx_word' id='word_1_239' title='bbox 1705 3561 1890 3620; x_wconf 88' lang='lat' dir='ltr'><strong>nudus</strong></span> <span class='ocrx_word' id='word_1_240' title='bbox 1920 3573 2178 3637; x_wconf 85' lang='lat' dir='ltr'><strong>tanquam</strong></span> <span class='ocrx_word' id='word_1_241' title='bbox 2204 3568 2390 3638; x_wconf 86' lang='lat' dir='ltr'><strong>pulvis</strong></span> <span class='ocrx_word' id='word_1_242' title='bbox 2421 3568 2795 3625; x_wconf 82' lang='lat' dir='ltr'><strong>eventilatur?</strong></span> <span class='ocrx_word' id='word_1_243' title='bbox 2820 3567 2976 3635; x_wconf 84' lang='lat' dir='ltr'><strong>Quis,</strong></span> <span class='ocrx_word' id='word_1_244' title='bbox 3008 3567 3259 3637; x_wconf 76' lang='lat' dir='ltr'><strong>inquam,</strong></span> <span class='ocrx_word' id='word_1_245' title='bbox 3292 3563 3439 3621; x_wconf 77' lang='lat' dir='ltr'><strong>alius</strong></span> <span class='ocrx_word' id='word_1_246' title='bbox 3462 3562 3553 3619; x_wconf 84' lang='lat' dir='ltr'><strong>hic</strong></span> <span class='ocrx_word' id='word_1_247' title='bbox 3578 3560 3747 3616; x_wconf 78' lang='lat' dir='ltr'><strong>fuerit</strong></span> 
     </span>
    </p>
   </div>
   <div class='ocr_carea' id='block_1_20' title="bbox 464 3662 3752 3756">
    <p class='ocr_par' dir='ltr' id='par_1_20' title="bbox 464 3662 3752 3756">
     <span class='ocr_line' id='line_1_20' title="bbox 464 3662 3752 3756; baseline 0.003 -37"><span class='ocrx_word' id='word_1_248' title='bbox 464 3678 633 3734; x_wconf 91' lang='lat' dir='ltr'><strong>quam</strong></span> <span class='ocrx_word' id='word_1_249' title='bbox 668 3662 970 3740; x_wconf 87' lang='lat' dir='ltr'><strong>Eutropius</strong></span> <span class='ocrx_word' id='word_1_250' title='bbox 1012 3674 1327 3741; x_wconf 89' lang='lat' dir='ltr'><strong>eunuchus,</strong></span> <span class='ocrx_word' id='word_1_251' title='bbox 1361 3676 1453 3732; x_wconf 91' lang='lat' dir='ltr'><strong>cui</strong></span> <span class='ocrx_word' id='word_1_252' title='bbox 1482 3678 1676 3735; x_wconf 66' lang='lat' dir='ltr'><strong>istbmc</strong></span> <span class='ocrx_word' id='word_1_253' title='bbox 1718 3681 1905 3737; x_wconf 88' lang='lat' dir='ltr'><strong>omnia</strong></span> <span class='ocrx_word' id='word_1_254' title='bbox 1952 3683 2317 3740; x_wconf 82' lang='lat' dir='ltr'><strong>acciderunt?</strong></span> <span class='ocrx_word' id='word_1_255' title='bbox 2345 3684 2485 3752; x_wconf 84' lang='lat' dir='ltr'><strong>Quia</strong></span> <span class='ocrx_word' id='word_1_256' title='bbox 2513 3700 2650 3741; x_wconf 87' lang='lat' dir='ltr'><strong>vero</strong></span> <span class='ocrx_word' id='word_1_257' title='bbox 2687 3685 2756 3741; x_wconf 91' lang='lat' dir='ltr'><strong>de</strong></span> <span class='ocrx_word' id='word_1_258' title='bbox 2788 3684 3061 3756; x_wconf 84' lang='lat' dir='ltr'><strong>Eutropio</strong></span> <span class='ocrx_word' id='word_1_259' title='bbox 3093 3683 3185 3740; x_wconf 83' lang='lat' dir='ltr'><strong>ille</strong></span> <span class='ocrx_word' id='word_1_260' title='bbox 3214 3682 3293 3739; x_wconf 89' lang='lat' dir='ltr'><strong>sic</strong></span> <span class='ocrx_word' id='word_1_261' title='bbox 3320 3680 3488 3737; x_wconf 88' lang='lat' dir='ltr'><strong>tacito</strong></span> <span class='ocrx_word' id='word_1_262' title='bbox 3520 3676 3752 3733; x_wconf 88' lang='lat' dir='ltr'><strong>nomine</strong></span> 
     </span>
    </p>
   </div>
   <div class='ocr_carea' id='block_1_21' title="bbox 466 3782 3749 3872">
    <p class='ocr_par' dir='ltr' id='par_1_21' title="bbox 466 3782 3749 3872">
     <span class='ocr_line' id='line_1_21' title="bbox 466 3782 3749 3872; baseline 0.004 -34"><span class='ocrx_word' id='word_1_263' title='bbox 466 3782 735 3854; x_wconf 88' lang='lat' dir='ltr'><strong>loquitur,</strong></span> <span class='ocrx_word' id='word_1_264' title='bbox 771 3795 1031 3859; x_wconf 87' lang='lat' dir='ltr'><strong>tanquam</strong></span> <span class='ocrx_word' id='word_1_265' title='bbox 1062 3789 1190 3862; x_wconf 74' lang='lat' dir='ltr'><strong>pbst</strong></span> <span class='ocrx_word' id='word_1_266' title='bbox 1221 3808 1383 3849; x_wconf 88' lang='lat' dir='ltr'><strong>suum</strong></span> <span class='ocrx_word' id='word_1_267' title='bbox 1428 3809 1496 3851; x_wconf 79' lang='lat' dir='ltr'><strong>ex</strong></span> <span class='ocrx_word' id='word_1_268' title='bbox 1545 3804 1699 3853; x_wconf 88' lang='lat' dir='ltr'><strong>tanta</strong></span> <span class='ocrx_word' id='word_1_269' title='bbox 1747 3796 1972 3855; x_wconf 80' lang='lat' dir='ltr'><strong>fortuna</strong></span> <span class='ocrx_word' id='word_1_270' title='bbox 2018 3800 2236 3872; x_wconf 89' lang='lat' dir='ltr'><strong>lapsum</strong></span> <span class='ocrx_word' id='word_1_271' title='bbox 2281 3802 2463 3859; x_wconf 91' lang='lat' dir='ltr'><strong>adhuc</strong></span> <span class='ocrx_word' id='word_1_272' title='bbox 2504 3802 2563 3858; x_wconf 89' lang='lat' dir='ltr'><strong>in</strong></span> <span class='ocrx_word' id='word_1_273' title='bbox 2600 3800 2743 3858; x_wconf 84' lang='lat' dir='ltr'><strong>vivis</strong></span> <span class='ocrx_word' id='word_1_274' title='bbox 2772 3810 3067 3868; x_wconf 86' lang='lat' dir='ltr'><strong>versante;</strong></span> <span class='ocrx_word' id='word_1_275' title='bbox 3115 3799 3421 3870; x_wconf 84' lang='lat' dir='ltr'><strong>Eutropius</strong></span> <span class='ocrx_word' id='word_1_276' title='bbox 3458 3810 3593 3852; x_wconf 89' lang='lat' dir='ltr'><strong>vero</strong></span> <span class='ocrx_word' id='word_1_277' title='bbox 3620 3800 3749 3865; x_wconf 75' lang='lat' dir='ltr'><strong>post</strong></span> 
     </span>
    </p>
   </div>
   <div class='ocr_carea' id='block_1_22' title="bbox 470 3903 3752 3987">
    <p class='ocr_par' dir='ltr' id='par_1_22' title="bbox 470 3903 3752 3987">
     <span class='ocr_line' id='line_1_22' title="bbox 470 3903 3752 3987; baseline 0.004 -37"><span class='ocrx_word' id='word_1_278' title='bbox 470 3903 683 3954; x_wconf 90' lang='lat' dir='ltr'><strong>tantum</strong></span> <span class='ocrx_word' id='word_1_279' title='bbox 719 3914 906 3958; x_wconf 90' lang='lat' dir='ltr'><strong>casum</strong></span> <span class='ocrx_word' id='word_1_280' title='bbox 937 3903 993 3959; x_wconf 93' lang='lat' dir='ltr'><strong>in</strong></span> <span class='ocrx_word' id='word_1_281' title='bbox 1020 3904 1262 3978; x_wconf 85' lang='lat' dir='ltr'><strong>Cyprum</strong></span> <span class='ocrx_word' id='word_1_282' title='bbox 1304 3910 1489 3965; x_wconf 87' lang='lat' dir='ltr'><strong>statim</strong></span> <span class='ocrx_word' id='word_1_283' title='bbox 1539 3912 1841 3984; x_wconf 75' lang='lat' dir='ltr'><strong>relegatus,</strong></span> <span class='ocrx_word' id='word_1_284' title='bbox 1888 3912 2039 3969; x_wconf 88' lang='lat' dir='ltr'><strong>haud</strong></span> <span class='ocrx_word' id='word_1_285' title='bbox 2071 3914 2168 3971; x_wconf 93' lang='lat' dir='ltr'><strong>diu</strong></span> <span class='ocrx_word' id='word_1_286' title='bbox 2201 3926 2392 3986; x_wconf 87' lang='lat' dir='ltr'><strong>postea</strong></span> <span class='ocrx_word' id='word_1_287' title='bbox 2428 3915 2555 3973; x_wconf 89' lang='lat' dir='ltr'><strong>inde</strong></span> <span class='ocrx_word' id='word_1_288' title='bbox 2582 3915 2819 3972; x_wconf 89' lang='lat' dir='ltr'><strong>eductus</strong></span> <span class='ocrx_word' id='word_1_289' title='bbox 2845 3924 2903 3971; x_wconf 89' lang='lat' dir='ltr'><strong>et</strong></span> <span class='ocrx_word' id='word_1_290' title='bbox 2941 3915 3122 3987; x_wconf 86' lang='lat' dir='ltr'><strong>capite</strong></span> <span class='ocrx_word' id='word_1_291' title='bbox 3152 3920 3441 3970; x_wconf 84' lang='lat' dir='ltr'><strong>truncatus</strong></span> <span class='ocrx_word' id='word_1_292' title='bbox 3468 3909 3573 3966; x_wconf 83' lang='lat' dir='ltr'><strong>fuit</strong></span> <span class='ocrx_word' id='word_1_293' title='bbox 3601 3920 3752 3964; x_wconf 78' lang='lat' dir='ltr'><strong>anno</strong></span> 
     </span>
    </p>
   </div>
   <div class='ocr_carea' id='block_1_23' title="bbox 466 4021 3323 4103">
    <p class='ocr_par' dir='ltr' id='par_1_23' title="bbox 466 4021 3323 4103">
     <span class='ocr_line' id='line_1_23' title="bbox 466 4021 3323 4103; baseline 0.004 -34"><span class='ocrx_word' id='word_1_294' title='bbox 466 4026 719 4075; x_wconf 85' lang='lat' dir='ltr'><strong>vertente</strong></span> <span class='ocrx_word' id='word_1_295' title='bbox 749 4021 854 4078; x_wconf 77' lang='lat'><strong>399</strong></span> <span class='ocrx_word' id='word_1_296' title='bbox 881 4039 893 4075; x_wconf 92' lang='lat'><strong>:</strong></span> <span class='ocrx_word' id='word_1_297' title='bbox 924 4022 1055 4080; x_wconf 90' lang='lat' dir='ltr'><strong>hinc</strong></span> <span class='ocrx_word' id='word_1_298' title='bbox 1082 4025 1337 4096; x_wconf 91' lang='lat' dir='ltr'><strong>sequitur</strong></span> <span class='ocrx_word' id='word_1_299' title='bbox 1367 4027 1423 4083; x_wconf 92' lang='lat' dir='ltr'><strong>in</strong></span> <span class='ocrx_word' id='word_1_300' title='bbox 1450 4044 1657 4084; x_wconf 91' lang='lat' dir='ltr'><strong>annum</strong></span> <span class='ocrx_word' id='word_1_301' title='bbox 1685 4030 1789 4086; x_wconf 80' lang='lat'><strong>599</strong></span> <span class='ocrx_word' id='word_1_302' title='bbox 1816 4028 2208 4086; x_wconf 81' lang='lat' dir='ltr'><strong>conferendam</strong></span> <span class='ocrx_word' id='word_1_303' title='bbox 2237 4044 2359 4087; x_wconf 90' lang='lat' dir='ltr'><strong>esse</strong></span> <span class='ocrx_word' id='word_1_304' title='bbox 2384 4031 2551 4103; x_wconf 85' lang='lat' dir='ltr'><strong>hujus</strong></span> <span class='ocrx_word' id='word_1_305' title='bbox 2587 4029 2829 4088; x_wconf 81' lang='lat' dir='ltr'><strong>homilia:</strong></span> <span class='ocrx_word' id='word_1_306' title='bbox 2852 4029 3323 4101; x_wconf 67' lang='lat' dir='ltr'><strong>praedicationem.</strong></span> 
     </span>
    </p>
   </div>
   <div class='ocr_carea' id='block_1_24' title="bbox 536 4195 3750 4279">
    <p class='ocr_par' dir='ltr' id='par_1_24' title="bbox 536 4195 3750 4279">
     <span class='ocr_line' id='line_1_24' title="bbox 536 4195 3750 4279; baseline 0.001 -29"><span class='ocrx_word' id='word_1_307' title='bbox 536 4195 699 4253; x_wconf 77' lang='lat' dir='ltr'><strong>Aliud</strong></span> <span class='ocrx_word' id='word_1_308' title='bbox 731 4198 898 4255; x_wconf 87' lang='lat' dir='ltr'><strong>etiam</strong></span> <span class='ocrx_word' id='word_1_309' title='bbox 929 4199 984 4255; x_wconf 92' lang='lat' dir='ltr'><strong>in</strong></span> <span class='ocrx_word' id='word_1_310' title='bbox 1032 4200 1262 4259; x_wconf 86' lang='lat' dir='ltr'><strong>homilia</strong></span> <span class='ocrx_word' id='word_1_311' title='bbox 1304 4205 1569 4272; x_wconf 89' lang='lat' dir='ltr'><strong>secunda,</strong></span> <span class='ocrx_word' id='word_1_312' title='bbox 1615 4221 1772 4263; x_wconf 89' lang='lat' dir='ltr'><strong>num.</strong></span> <span class='ocrx_word' id='word_1_313' title='bbox 1819 4205 1854 4261; x_wconf 67' lang='grc'><strong>4</strong></span> <span class='ocrx_word' id='word_1_314' title='bbox 1880 4205 2148 4274; x_wconf 87' lang='lat' dir='ltr'><strong>occurrit,</strong></span> <span class='ocrx_word' id='word_1_315' title='bbox 2193 4204 2341 4262; x_wconf 90' lang='lat' dir='ltr'><strong>unde</strong></span> <span class='ocrx_word' id='word_1_316' title='bbox 2388 4206 2655 4279; x_wconf 86' lang='lat' dir='ltr'><strong>temporis</strong></span> <span class='ocrx_word' id='word_1_317' title='bbox 2683 4213 2872 4263; x_wconf 90' lang='lat' dir='ltr'><strong>notam</strong></span> <span class='ocrx_word' id='word_1_318' title='bbox 2903 4204 3175 4276; x_wconf 78' lang='lat' dir='ltr'><strong>expiscari</strong></span> <span class='ocrx_word' id='word_1_319' title='bbox 3205 4202 3507 4276; x_wconf 79' lang='lat' dir='ltr'><strong>possimus.</strong></span> <span class='ocrx_word' id='word_1_320' title='bbox 3537 4200 3750 4257; x_wconf 84' lang='lat' dir='ltr'><strong>Dicitur</strong></span> 
     </span>
    </p>
   </div>
   <div class='ocr_carea' id='block_1_25' title="bbox 469 4313 3755 4391">
    <p class='ocr_par' dir='ltr' id='par_1_25' title="bbox 469 4313 3755 4391">
     <span class='ocr_line' id='line_1_25' title="bbox 469 4313 3755 4391; baseline 0.002 -25"><span class='ocrx_word' id='word_1_321' title='bbox 469 4327 709 4383; x_wconf 86' lang='lat' dir='ltr'><strong>namque</strong></span> <span class='ocrx_word' id='word_1_322' title='bbox 736 4313 903 4371; x_wconf 87' lang='lat' dir='ltr'><strong>isthic</strong></span> <span class='ocrx_word' id='word_1_323' title='bbox 929 4333 942 4370; x_wconf 90' lang='lat'><strong>:</strong></span> <span class='ocrx_word' id='word_1_324' title='bbox 974 4315 1105 4383; x_wconf 79' lang='lat' dir='ltr'><strong>Quis</strong></span> <span class='ocrx_word' id='word_1_325' title='bbox 1128 4326 1478 4389; x_wconf 69' lang='lat' dir='ltr'><strong>exspectasset</strong></span> <span class='ocrx_word' id='word_1_326' title='bbox 1512 4336 1597 4387; x_wconf 84' lang='lat' dir='ltr'><strong>ea,</strong></span> <span class='ocrx_word' id='word_1_327' title='bbox 1625 4336 1745 4391; x_wconf 70' lang='lat' dir='ltr'><strong>qua:</strong></span> <span class='ocrx_word' id='word_1_328' title='bbox 1774 4338 1914 4377; x_wconf 84' lang='lat' dir='ltr'><strong>nunc</strong></span> <span class='ocrx_word' id='word_1_329' title='bbox 1939 4323 2183 4377; x_wconf 75' lang='lat' dir='ltr'><strong>eveniunt</strong></span> <span class='ocrx_word' id='word_1_330' title='bbox 2213 4322 2269 4377; x_wconf 83' lang='lat' dir='ltr'><strong>in</strong></span> <span class='ocrx_word' id='word_1_331' title='bbox 2300 4321 2518 4377; x_wconf 78' lang='lat' dir='ltr'><strong>diversis</strong></span> <span class='ocrx_word' id='word_1_332' title='bbox 2553 4321 2701 4386; x_wconf 81' lang='lat' dir='ltr'><strong>locis,</strong></span> <span class='ocrx_word' id='word_1_333' title='bbox 2729 4329 2886 4375; x_wconf 68' lang='grc' dir='ltr'>τετυ-ω</span> <span class='ocrx_word' id='word_1_334' title='bbox 2913 4329 3083 4374; x_wconf 88' lang='lat' dir='ltr'><strong>motus</strong></span> <span class='ocrx_word' id='word_1_335' title='bbox 3107 4328 3158 4374; x_wconf 85' lang='lat' dir='ltr'><strong>et</strong></span> <span class='ocrx_word' id='word_1_336' title='bbox 3182 4318 3391 4374; x_wconf 79' lang='lat' dir='ltr'><strong>urbium</strong></span> <span class='ocrx_word' id='word_1_337' title='bbox 3420 4318 3755 4373; x_wconf 72' lang='lat' dir='ltr'><strong>eversiones?</strong></span> 
     </span>
    </p>
   </div>
   <div class='ocr_carea' id='block_1_26' title="bbox 477 4433 3752 4511">
    <p class='ocr_par' dir='ltr' id='par_1_26' title="bbox 477 4433 3752 4511">
     <span class='ocr_line' id='line_1_26' title="bbox 477 4433 3752 4511; baseline 0.001 -22"><span class='ocrx_word' id='word_1_338' title='bbox 477 4433 544 4489; x_wconf 84' lang='lat' dir='ltr'><strong>lli</strong></span> <span class='ocrx_word' id='word_1_339' title='bbox 604 4433 745 4489; x_wconf 89' lang='lat' dir='ltr'><strong>tanti</strong></span> <span class='ocrx_word' id='word_1_340' title='bbox 807 4442 971 4490; x_wconf 68' lang='lat' dir='ltr'><strong>terra:</strong></span> <span class='ocrx_word' id='word_1_341' title='bbox 1035 4444 1220 4493; x_wconf 91' lang='lat' dir='ltr'><strong>motus</strong></span> <span class='ocrx_word' id='word_1_342' title='bbox 1278 4437 1334 4492; x_wconf 92' lang='lat' dir='ltr'><strong>in</strong></span> <span class='ocrx_word' id='word_1_343' title='bbox 1398 4452 1605 4494; x_wconf 90' lang='lat' dir='ltr'><strong>annum</strong></span> <span class='ocrx_word' id='word_1_344' title='bbox 1667 4437 1773 4494; x_wconf 84' lang='lat'><strong>598</strong></span> <span class='ocrx_word' id='word_1_345' title='bbox 1835 4438 2176 4506; x_wconf 83' lang='lat' dir='ltr'><strong>referuntur,</strong></span> <span class='ocrx_word' id='word_1_346' title='bbox 2238 4446 2299 4494; x_wconf 91' lang='lat' dir='ltr'><strong>ut</strong></span> <span class='ocrx_word' id='word_1_347' title='bbox 2364 4438 2620 4511; x_wconf 86' lang='lat' dir='ltr'><strong>pluribus</strong></span> <span class='ocrx_word' id='word_1_348' title='bbox 2676 4437 2883 4494; x_wconf 89' lang='lat' dir='ltr'><strong>dicitur</strong></span> <span class='ocrx_word' id='word_1_349' title='bbox 2929 4437 2987 4493; x_wconf 87' lang='lat' dir='ltr'><strong>in</strong></span> <span class='ocrx_word' id='word_1_350' title='bbox 3016 4438 3139 4493; x_wconf 79' lang='lat' dir='ltr'><strong>Vita</strong></span> <span class='ocrx_word' id='word_1_351' title='bbox 3198 4435 3601 4508; x_wconf 80' lang='lat' dir='ltr'><strong>Chrysostomi.</strong></span> <span class='ocrx_word' id='word_1_352' title='bbox 3639 4435 3752 4493; x_wconf 86' lang='lat' dir='ltr'><strong>Ne-</strong></span> 
     </span>
    </p>
   </div>
   <div class='ocr_carea' id='block_1_27' title="bbox 464 4549 3750 4627">
    <p class='ocr_par' dir='ltr' id='par_1_27' title="bbox 464 4549 3750 4627">
     <span class='ocr_line' id='line_1_27' title="bbox 464 4549 3750 4627; baseline -0.002 -17"><span class='ocrx_word' id='word_1_353' title='bbox 464 4568 575 4625; x_wconf 86' lang='lat' dir='ltr'><strong>que</strong></span> <span class='ocrx_word' id='word_1_354' title='bbox 609 4560 817 4624; x_wconf 80' lang='lat' dir='ltr'><strong>pugnat</strong></span> <span class='ocrx_word' id='word_1_355' title='bbox 849 4552 985 4608; x_wconf 89' lang='lat' dir='ltr'><strong>illud</strong></span> <span class='ocrx_word' id='word_1_356' title='bbox 1018 4568 1143 4609; x_wconf 92' lang='lat' dir='ltr'><strong>cum</strong></span> <span class='ocrx_word' id='word_1_357' title='bbox 1201 4553 1334 4609; x_wconf 90' lang='lat' dir='ltr'><strong>anni</strong></span> <span class='ocrx_word' id='word_1_358' title='bbox 1369 4553 1475 4611; x_wconf 80' lang='lat'><strong>599</strong></span> <span class='ocrx_word' id='word_1_359' title='bbox 1500 4562 1632 4609; x_wconf 89' lang='lat' dir='ltr'><strong>nota</strong></span> <span class='ocrx_word' id='word_1_360' title='bbox 1673 4563 1826 4609; x_wconf 88' lang='lat' dir='ltr'><strong>certa</strong></span> <span class='ocrx_word' id='word_1_361' title='bbox 1859 4570 2024 4625; x_wconf 90' lang='lat' dir='ltr'><strong>quam</strong></span> <span class='ocrx_word' id='word_1_362' title='bbox 2055 4555 2221 4611; x_wconf 89' lang='lat' dir='ltr'><strong>modo</strong></span> <span class='ocrx_word' id='word_1_363' title='bbox 2245 4554 2555 4627; x_wconf 85' lang='lat' dir='ltr'><strong>posuimus.</strong></span> <span class='ocrx_word' id='word_1_364' title='bbox 2589 4552 3002 4609; x_wconf 82' lang='lat' dir='ltr'><strong>Advertendum</strong></span> <span class='ocrx_word' id='word_1_365' title='bbox 3036 4567 3276 4623; x_wconf 90' lang='lat' dir='ltr'><strong>namque</strong></span> <span class='ocrx_word' id='word_1_366' title='bbox 3303 4560 3410 4619; x_wconf 90' lang='lat' dir='ltr'><strong>est,</strong></span> <span class='ocrx_word' id='word_1_367' title='bbox 3438 4551 3575 4607; x_wconf 91' lang='lat' dir='ltr'><strong>illud</strong></span> <span class='ocrx_word' id='word_1_368' title='bbox 3601 4549 3750 4622; x_wconf 90' lang='lat' dir='ltr'><strong>quod</strong></span> 
     </span>
    </p>
   </div>
   <div class='ocr_carea' id='block_1_28' title="bbox 466 4663 3748 4743">
    <p class='ocr_par' dir='ltr' id='par_1_28' title="bbox 466 4663 3748 4743">
     <span class='ocr_line' id='line_1_28' title="bbox 466 4663 3748 4743; baseline -0.001 -20"><span class='ocrx_word' id='word_1_369' title='bbox 466 4669 535 4725; x_wconf 89' lang='lat' dir='ltr'><strong>de</strong></span> <span class='ocrx_word' id='word_1_370' title='bbox 566 4667 835 4739; x_wconf 83' lang='lat' dir='ltr'><strong>Eutropio</strong></span> <span class='ocrx_word' id='word_1_371' title='bbox 868 4668 1075 4724; x_wconf 88' lang='lat' dir='ltr'><strong>dicitur</strong></span> <span class='ocrx_word' id='word_1_372' title='bbox 1107 4668 1163 4724; x_wconf 90' lang='lat' dir='ltr'><strong>in</strong></span> <span class='ocrx_word' id='word_1_373' title='bbox 1210 4669 1440 4725; x_wconf 89' lang='lat' dir='ltr'><strong>homilia</strong></span> <span class='ocrx_word' id='word_1_374' title='bbox 1484 4669 1722 4740; x_wconf 88' lang='lat' dir='ltr'><strong>septima</strong></span> <span class='ocrx_word' id='word_1_375' title='bbox 1766 4684 2093 4738; x_wconf 90' lang='lat' dir='ltr'><strong>occurrere;</strong></span> <span class='ocrx_word' id='word_1_376' title='bbox 2125 4671 2275 4743; x_wconf 90' lang='lat' dir='ltr'><strong>quod</strong></span> <span class='ocrx_word' id='word_1_377' title='bbox 2304 4679 2492 4727; x_wconf 89' lang='lat' dir='ltr'><strong>autem</strong></span> <span class='ocrx_word' id='word_1_378' title='bbox 2527 4669 2596 4726; x_wconf 89' lang='lat' dir='ltr'><strong>de</strong></span> <span class='ocrx_word' id='word_1_379' title='bbox 2640 4678 2803 4725; x_wconf 66' lang='lat' dir='ltr'><strong>terra:</strong></span> <span class='ocrx_word' id='word_1_380' title='bbox 2842 4667 3087 4725; x_wconf 88' lang='lat' dir='ltr'><strong>motibus</strong></span> <span class='ocrx_word' id='word_1_381' title='bbox 3123 4667 3181 4723; x_wconf 90' lang='lat' dir='ltr'><strong>in</strong></span> <span class='ocrx_word' id='word_1_382' title='bbox 3224 4666 3455 4723; x_wconf 87' lang='lat' dir='ltr'><strong>homilia</strong></span> <span class='ocrx_word' id='word_1_383' title='bbox 3483 4663 3748 4723; x_wconf 86' lang='lat' dir='ltr'><strong>secunda.</strong></span> 
     </span>
    </p>
   </div>
   <div class='ocr_carea' id='block_1_29' title="bbox 465 4782 3747 4858">
    <p class='ocr_par' dir='ltr' id='par_1_29' title="bbox 465 4782 3747 4858">
     <span class='ocr_line' id='line_1_29' title="bbox 465 4782 3747 4858; baseline -0.001 -20"><span class='ocrx_word' id='word_1_384' title='bbox 465 4783 653 4840; x_wconf 80' lang='lat' dir='ltr'><strong>Potuit</strong></span> <span class='ocrx_word' id='word_1_385' title='bbox 683 4793 870 4841; x_wconf 90' lang='lat' dir='ltr'><strong>autem</strong></span> <span class='ocrx_word' id='word_1_386' title='bbox 899 4784 1130 4841; x_wconf 87' lang='lat' dir='ltr'><strong>homilia</strong></span> <span class='ocrx_word' id='word_1_387' title='bbox 1153 4785 1398 4842; x_wconf 86' lang='lat' dir='ltr'><strong>secunda</strong></span> <span class='ocrx_word' id='word_1_388' title='bbox 1427 4786 1715 4857; x_wconf 86' lang='lat' dir='ltr'><strong>aliquanto</strong></span> <span class='ocrx_word' id='word_1_389' title='bbox 1737 4795 2009 4858; x_wconf 89' lang='lat' dir='ltr'><strong>tempore,</strong></span> <span class='ocrx_word' id='word_1_390' title='bbox 2041 4786 2155 4844; x_wconf 88' lang='lat' dir='ltr'><strong>imo</strong></span> <span class='ocrx_word' id='word_1_391' title='bbox 2187 4786 2401 4858; x_wconf 88' lang='lat' dir='ltr'><strong>aliquot</strong></span> <span class='ocrx_word' id='word_1_392' title='bbox 2429 4786 2719 4844; x_wconf 87' lang='lat' dir='ltr'><strong>mensibus</strong></span> <span class='ocrx_word' id='word_1_393' title='bbox 2745 4785 3033 4842; x_wconf 86' lang='lat' dir='ltr'><strong>homiliam</strong></span> <span class='ocrx_word' id='word_1_394' title='bbox 3060 4785 3351 4858; x_wconf 89' lang='lat' dir='ltr'><strong>septimam</strong></span> <span class='ocrx_word' id='word_1_395' title='bbox 3376 4782 3747 4857; x_wconf 66' lang='lat' dir='ltr'><strong>praecessisse,</strong></span> 
     </span>
    </p>
   </div>
   <div class='ocr_carea' id='block_1_30' title="bbox 467 4897 3753 4981">
    <p class='ocr_par' dir='ltr' id='par_1_30' title="bbox 467 4897 3753 4981">
     <span class='ocr_line' id='line_1_30' title="bbox 467 4897 3753 4981; baseline -0.002 -23"><span class='ocrx_word' id='word_1_396' title='bbox 467 4904 627 4976; x_wconf 86' lang='lat' dir='ltr'><strong>cujus</strong></span> <span class='ocrx_word' id='word_1_397' title='bbox 663 4904 743 4959; x_wconf 89' lang='lat' dir='ltr'><strong>rei</strong></span> <span class='ocrx_word' id='word_1_398' title='bbox 775 4905 1025 4976; x_wconf 81' lang='lat' dir='ltr'><strong>exempla</strong></span> <span class='ocrx_word' id='word_1_399' title='bbox 1056 4920 1168 4961; x_wconf 91' lang='lat' dir='ltr'><strong>non</strong></span> <span class='ocrx_word' id='word_1_400' title='bbox 1198 4920 1375 4976; x_wconf 90' lang='lat' dir='ltr'><strong>pauca</strong></span> <span class='ocrx_word' id='word_1_401' title='bbox 1404 4915 1728 4977; x_wconf 89' lang='lat' dir='ltr'><strong>suppetunt.</strong></span> <span class='ocrx_word' id='word_1_402' title='bbox 1758 4908 1839 4964; x_wconf 83' lang='lat' dir='ltr'><strong>Ad</strong></span> <span class='ocrx_word' id='word_1_403' title='bbox 1875 4908 1991 4965; x_wconf 71' lang='lat' dir='ltr'><strong>haec</strong></span> <span class='ocrx_word' id='word_1_404' title='bbox 2020 4924 2155 4966; x_wconf 88' lang='lat' dir='ltr'><strong>vero</strong></span> <span class='ocrx_word' id='word_1_405' title='bbox 2193 4908 2351 4975; x_wconf 90' lang='lat' dir='ltr'><strong>illud,</strong></span> <span class='ocrx_word' id='word_1_406' title='bbox 2379 4924 2497 4981; x_wconf 72' lang='lat' dir='ltr'><strong>quw</strong></span> <span class='ocrx_word' id='word_1_407' title='bbox 2526 4924 2665 4963; x_wconf 84' lang='lat' dir='ltr'><strong>nunc</strong></span> <span class='ocrx_word' id='word_1_408' title='bbox 2694 4907 2956 4973; x_wconf 81' lang='lat' dir='ltr'><strong>eveniunt,</strong></span> <span class='ocrx_word' id='word_1_409' title='bbox 2985 4920 3098 4961; x_wconf 92' lang='lat' dir='ltr'><strong>non</strong></span> <span class='ocrx_word' id='word_1_410' title='bbox 3130 4903 3206 4961; x_wconf 87' lang='lat' dir='ltr'><strong>ita</strong></span> <span class='ocrx_word' id='word_1_411' title='bbox 3236 4901 3304 4958; x_wconf 94' lang='lat' dir='ltr'><strong>ad</strong></span> <span class='ocrx_word' id='word_1_412' title='bbox 3338 4902 3582 4958; x_wconf 85' lang='lat' dir='ltr'><strong>litteram</strong></span> <span class='ocrx_word' id='word_1_413' title='bbox 3607 4897 3753 4954; x_wconf 82' lang='lat' dir='ltr'><strong>acci-</strong></span> 
     </span>
    </p>
   </div>
   <div class='ocr_carea' id='block_1_31' title="bbox 473 5016 3752 5089">
    <p class='ocr_par' dir='ltr' id='par_1_31' title="bbox 473 5016 3752 5089">
     <span class='ocr_line' id='line_1_31' title="bbox 473 5016 3752 5089; baseline -0.001 -17"><span class='ocrx_word' id='word_1_414' title='bbox 473 5017 736 5089; x_wconf 89' lang='lat' dir='ltr'><strong>piendum</strong></span> <span class='ocrx_word' id='word_1_415' title='bbox 764 5028 868 5075; x_wconf 88' lang='lat' dir='ltr'><strong>est.</strong></span> <span class='ocrx_word' id='word_1_416' title='bbox 894 5017 1008 5075; x_wconf 67' lang='lat' dir='ltr'><strong>Illa:</strong></span> <span class='ocrx_word' id='word_1_417' title='bbox 1031 5018 1180 5075; x_wconf 90' lang='lat' dir='ltr'><strong>enim</strong></span> <span class='ocrx_word' id='word_1_418' title='bbox 1202 5026 1369 5076; x_wconf 62' lang='lat' dir='ltr'><strong>tantae</strong></span> <span class='ocrx_word' id='word_1_419' title='bbox 1392 5020 1734 5078; x_wconf 83' lang='lat' dir='ltr'><strong>calamitates</strong></span> <span class='ocrx_word' id='word_1_420' title='bbox 1755 5022 1924 5078; x_wconf 90' lang='lat' dir='ltr'><strong>etiam</strong></span> <span class='ocrx_word' id='word_1_421' title='bbox 1948 5022 2223 5080; x_wconf 89' lang='lat' dir='ltr'><strong>hodierno</strong></span> <span class='ocrx_word' id='word_1_422' title='bbox 2249 5038 2404 5079; x_wconf 88' lang='lat' dir='ltr'><strong>more</strong></span> <span class='ocrx_word' id='word_1_423' title='bbox 2428 5022 2527 5078; x_wconf 90' lang='lat' dir='ltr'><strong>diu</strong></span> <span class='ocrx_word' id='word_1_424' title='bbox 2551 5022 2817 5079; x_wconf 90' lang='lat' dir='ltr'><strong>dicuntur</strong></span> <span class='ocrx_word' id='word_1_425' title='bbox 2840 5036 2991 5077; x_wconf 91' lang='lat' dir='ltr'><strong>nunc</strong></span> <span class='ocrx_word' id='word_1_426' title='bbox 3011 5018 3267 5085; x_wconf 87' lang='lat' dir='ltr'><strong>evenire;</strong></span> <span class='ocrx_word' id='word_1_427' title='bbox 3290 5016 3491 5074; x_wconf 89' lang='lat' dir='ltr'><strong>damna</strong></span> <span class='ocrx_word' id='word_1_428' title='bbox 3513 5027 3752 5083; x_wconf 89' lang='lat' dir='ltr'><strong>namque</strong></span> 
     </span>
    </p>
   </div>
   <div class='ocr_carea' id='block_1_32' title="bbox 468 5129 3753 5214">
    <p class='ocr_par' dir='ltr' id='par_1_32' title="bbox 468 5129 3753 5214">
     <span class='ocr_line' id='line_1_32' title="bbox 468 5129 3753 5214; baseline -0.002 -25"><span class='ocrx_word' id='word_1_429' title='bbox 468 5136 766 5209; x_wconf 89' lang='lat' dir='ltr'><strong>importata</strong></span> <span class='ocrx_word' id='word_1_430' title='bbox 812 5146 1039 5193; x_wconf 90' lang='lat' dir='ltr'><strong>manent</strong></span> <span class='ocrx_word' id='word_1_431' title='bbox 1087 5148 1144 5194; x_wconf 89' lang='lat' dir='ltr'><strong>et</strong></span> <span class='ocrx_word' id='word_1_432' title='bbox 1192 5139 1390 5197; x_wconf 87' lang='lat' dir='ltr'><strong>saltem</strong></span> <span class='ocrx_word' id='word_1_433' title='bbox 1438 5156 1538 5212; x_wconf 90' lang='lat' dir='ltr'><strong>per</strong></span> <span class='ocrx_word' id='word_1_434' title='bbox 1582 5156 1810 5208; x_wconf 90' lang='lat' dir='ltr'><strong>annum,</strong></span> <span class='ocrx_word' id='word_1_435' title='bbox 1840 5157 2014 5209; x_wconf 91' lang='lat' dir='ltr'><strong>nunc,</strong></span> <span class='ocrx_word' id='word_1_436' title='bbox 2057 5157 2127 5198; x_wconf 78' lang='lat' dir='ltr'><strong>ex</strong></span> <span class='ocrx_word' id='word_1_437' title='bbox 2160 5150 2387 5214; x_wconf 89' lang='lat' dir='ltr'><strong>recepto</strong></span> <span class='ocrx_word' id='word_1_438' title='bbox 2426 5157 2603 5209; x_wconf 88' lang='lat' dir='ltr'><strong>more,</strong></span> <span class='ocrx_word' id='word_1_439' title='bbox 2636 5139 2905 5197; x_wconf 88' lang='lat' dir='ltr'><strong>accidisse</strong></span> <span class='ocrx_word' id='word_1_440' title='bbox 2939 5137 3226 5195; x_wconf 90' lang='lat' dir='ltr'><strong>dicuntur.</strong></span> <span class='ocrx_word' id='word_1_441' title='bbox 3260 5132 3417 5191; x_wconf 82' lang='lat' dir='ltr'><strong>Adde</strong></span> <span class='ocrx_word' id='word_1_442' title='bbox 3449 5129 3753 5188; x_wconf 82' lang='lat' dir='ltr'><strong>verisimile</strong></span> 
     </span>
    </p>
   </div>
   <div class='ocr_carea' id='block_1_33' title="bbox 465 5253 2859 5329">
    <p class='ocr_par' dir='ltr' id='par_1_33' title="bbox 465 5253 2859 5329">
     <span class='ocr_line' id='line_1_33' title="bbox 465 5253 2859 5329; baseline 0 -20"><span class='ocrx_word' id='word_1_443' title='bbox 465 5270 589 5310; x_wconf 89' lang='lat' dir='ltr'><strong>esse</strong></span> <span class='ocrx_word' id='word_1_444' title='bbox 622 5254 747 5310; x_wconf 85' lang='lat' dir='ltr'><strong>illos</strong></span> <span class='ocrx_word' id='word_1_445' title='bbox 773 5262 941 5311; x_wconf 70' lang='lat' dir='ltr'><strong>terrae</strong></span> <span class='ocrx_word' id='word_1_446' title='bbox 966 5264 1152 5311; x_wconf 91' lang='lat' dir='ltr'><strong>motus</strong></span> <span class='ocrx_word' id='word_1_447' title='bbox 1176 5263 1233 5312; x_wconf 93' lang='lat' dir='ltr'><strong>et</strong></span> <span class='ocrx_word' id='word_1_448' title='bbox 1257 5253 1481 5311; x_wconf 88' lang='lat' dir='ltr'><strong>urbium</strong></span> <span class='ocrx_word' id='word_1_449' title='bbox 1509 5256 1831 5314; x_wconf 89' lang='lat' dir='ltr'><strong>eversiones</strong></span> <span class='ocrx_word' id='word_1_450' title='bbox 1855 5255 2140 5327; x_wconf 89' lang='lat' dir='ltr'><strong>aliquanto</strong></span> <span class='ocrx_word' id='word_1_451' title='bbox 2173 5263 2425 5329; x_wconf 86' lang='lat' dir='ltr'><strong>tempore</strong></span> <span class='ocrx_word' id='word_1_452' title='bbox 2454 5268 2859 5329; x_wconf 87' lang='lat' dir='ltr'><strong>perseverasse.</strong></span> 
     </span>
    </p>
   </div>
   <div class='ocr_carea' id='block_1_34' title="bbox 539 5428 3751 5509">
    <p class='ocr_par' dir='ltr' id='par_1_34' title="bbox 539 5428 3751 5509">
     <span class='ocr_line' id='line_1_34' title="bbox 539 5428 3751 5509; baseline -0.002 -22"><span class='ocrx_word' id='word_1_453' title='bbox 539 5433 748 5490; x_wconf 81' lang='lat' dir='ltr'><strong>Harum</strong></span> <span class='ocrx_word' id='word_1_454' title='bbox 781 5436 1139 5493; x_wconf 86' lang='lat' dir='ltr'><strong>bomiliarum</strong></span> <span class='ocrx_word' id='word_1_455' title='bbox 1188 5438 1366 5509; x_wconf 84' lang='lat' dir='ltr'><strong>stylus</strong></span> <span class='ocrx_word' id='word_1_456' title='bbox 1408 5446 1576 5508; x_wconf 88' lang='lat' dir='ltr'><strong>atque</strong></span> <span class='ocrx_word' id='word_1_457' title='bbox 1621 5438 1795 5495; x_wconf 90' lang='lat' dir='ltr'><strong>dictio</strong></span> <span class='ocrx_word' id='word_1_458' title='bbox 1837 5436 2030 5496; x_wconf 90' lang='lat' dir='ltr'><strong>multis</strong></span> <span class='ocrx_word' id='word_1_459' title='bbox 2060 5438 2117 5494; x_wconf 93' lang='lat' dir='ltr'><strong>in</strong></span> <span class='ocrx_word' id='word_1_460' title='bbox 2163 5437 2303 5494; x_wconf 91' lang='lat' dir='ltr'><strong>locis</strong></span> <span class='ocrx_word' id='word_1_461' title='bbox 2347 5438 2569 5495; x_wconf 89' lang='lat' dir='ltr'><strong>concisa</strong></span> <span class='ocrx_word' id='word_1_462' title='bbox 2615 5444 2721 5503; x_wconf 91' lang='lat' dir='ltr'><strong>est,</strong></span> <span class='ocrx_word' id='word_1_463' title='bbox 2750 5434 3029 5502; x_wconf 88' lang='lat' dir='ltr'><strong>etiamque</strong></span> <span class='ocrx_word' id='word_1_464' title='bbox 3056 5430 3332 5499; x_wconf 88' lang='lat' dir='ltr'><strong>intricata,</strong></span> <span class='ocrx_word' id='word_1_465' title='bbox 3362 5429 3454 5485; x_wconf 81' lang='lat' dir='ltr'><strong>vix</strong></span> <span class='ocrx_word' id='word_1_466' title='bbox 3487 5438 3551 5484; x_wconf 90' lang='lat' dir='ltr'><strong>ut</strong></span> <span class='ocrx_word' id='word_1_467' title='bbox 3579 5428 3751 5498; x_wconf 85' lang='lat' dir='ltr'><strong>possit</strong></span> 
     </span>
    </p>
   </div>
   <div class='ocr_carea' id='block_1_35' title="bbox 469 5550 3749 5633">
    <p class='ocr_par' dir='ltr' id='par_1_35' title="bbox 469 5550 3749 5633">
     <span class='ocr_line' id='line_1_35' title="bbox 469 5550 3749 5633; baseline -0.001 -25"><span class='ocrx_word' id='word_1_468' title='bbox 469 5554 741 5627; x_wconf 77' lang='lat' dir='ltr'><strong>intelligi;</strong></span> <span class='ocrx_word' id='word_1_469' title='bbox 772 5560 869 5615; x_wconf 89' lang='lat' dir='ltr'><strong>sed</strong></span> <span class='ocrx_word' id='word_1_470' title='bbox 896 5560 1026 5631; x_wconf 90' lang='lat' dir='ltr'><strong>quia</strong></span> <span class='ocrx_word' id='word_1_471' title='bbox 1055 5560 1124 5615; x_wconf 90' lang='lat' dir='ltr'><strong>ad</strong></span> <span class='ocrx_word' id='word_1_472' title='bbox 1160 5560 1481 5618; x_wconf 87' lang='lat' dir='ltr'><strong>auditorum</strong></span> <span class='ocrx_word' id='word_1_473' title='bbox 1510 5568 1732 5633; x_wconf 90' lang='lat' dir='ltr'><strong>captum</strong></span> <span class='ocrx_word' id='word_1_474' title='bbox 1776 5559 2192 5620; x_wconf 87' lang='lat' dir='ltr'><strong>accommodata</strong></span> <span class='ocrx_word' id='word_1_475' title='bbox 2218 5569 2358 5627; x_wconf 89' lang='lat' dir='ltr'><strong>erat,</strong></span> <span class='ocrx_word' id='word_1_476' title='bbox 2394 5559 2532 5615; x_wconf 89' lang='lat' dir='ltr'><strong>nihil</strong></span> <span class='ocrx_word' id='word_1_477' title='bbox 2578 5557 2808 5614; x_wconf 90' lang='lat' dir='ltr'><strong>dubium</strong></span> <span class='ocrx_word' id='word_1_478' title='bbox 2835 5566 2941 5624; x_wconf 89' lang='lat' dir='ltr'><strong>est,</strong></span> <span class='ocrx_word' id='word_1_479' title='bbox 2967 5570 3033 5613; x_wconf 89' lang='lat' dir='ltr'><strong>ea</strong></span> <span class='ocrx_word' id='word_1_480' title='bbox 3068 5569 3191 5627; x_wconf 76' lang='lat' dir='ltr'><strong>quae</strong></span> <span class='ocrx_word' id='word_1_481' title='bbox 3220 5552 3385 5611; x_wconf 85' lang='lat' dir='ltr'><strong>nobis</strong></span> <span class='ocrx_word' id='word_1_482' title='bbox 3410 5550 3668 5608; x_wconf 80' lang='lat' dir='ltr'><strong>intercisa</strong></span> <span class='ocrx_word' id='word_1_483' title='bbox 3692 5555 3749 5598; x_wconf 74' lang='lat' dir='ltr'><strong>et</strong></span> 
     </span>
    </p>
   </div>
   <div class='ocr_carea' id='block_1_36' title="bbox 471 5661 3749 5747">
    <p class='ocr_par' dir='ltr' id='par_1_36' title="bbox 471 5661 3749 5747">
     <span class='ocr_line' id='line_1_36' title="bbox 471 5661 3749 5747; baseline -0.001 -26"><span class='ocrx_word' id='word_1_484' title='bbox 471 5680 637 5737; x_wconf 85' lang='lat' dir='ltr'><strong>captu</strong></span> <span class='ocrx_word' id='word_1_485' title='bbox 689 5669 931 5729; x_wconf 80' lang='lat' dir='ltr'><strong>diﬂicilia</strong></span> <span class='ocrx_word' id='word_1_486' title='bbox 981 5674 1262 5741; x_wconf 83' lang='lat' dir='ltr'><strong>videntur,</strong></span> <span class='ocrx_word' id='word_1_487' title='bbox 1310 5692 1420 5731; x_wconf 90' lang='lat' dir='ltr'><strong>non</strong></span> <span class='ocrx_word' id='word_1_488' title='bbox 1459 5674 1693 5747; x_wconf 89' lang='lat' dir='ltr'><strong>perinde</strong></span> <span class='ocrx_word' id='word_1_489' title='bbox 1732 5674 2355 5747; x_wconf 76' lang='lat' dir='ltr'><strong>Constantinopolitanae</strong></span> <span class='ocrx_word' id='word_1_490' title='bbox 2387 5672 2556 5745; x_wconf 87' lang='lat' dir='ltr'><strong>plebi,</strong></span> <span class='ocrx_word' id='word_1_491' title='bbox 2589 5672 2720 5728; x_wconf 86' lang='lat' dir='ltr'><strong>huic</strong></span> <span class='ocrx_word' id='word_1_492' title='bbox 2762 5668 2981 5730; x_wconf 85' lang='lat' dir='ltr'><strong>dicendi</strong></span> <span class='ocrx_word' id='word_1_493' title='bbox 3009 5668 3203 5743; x_wconf 74' lang='lat' dir='ltr'><strong>generi</strong></span> <span class='ocrx_word' id='word_1_494' title='bbox 3232 5674 3483 5733; x_wconf 61' lang='lat' dir='ltr'><strong>assuetae,</strong></span> <span class='ocrx_word' id='word_1_495' title='bbox 3515 5661 3749 5720; x_wconf 87' lang='lat' dir='ltr'><strong>obscura</strong></span> 
     </span>
    </p>
   </div>
   <div class='ocr_carea' id='block_1_37' title="bbox 470 5786 663 5841">
    <p class='ocr_par' dir='ltr' id='par_1_37' title="bbox 470 5786 663 5841">
     <span class='ocr_line' id='line_1_37' title="bbox 470 5786 663 5841; baseline -0.021 0"><span class='ocrx_word' id='word_1_496' title='bbox 470 5786 663 5841; x_wconf 70' lang='lat' dir='ltr'><strong>fuisse.</strong></span> 
     </span>
    </p>
   </div>
  </div>
