4184 6494
412 475 523 533 297

414 604 469 650 et
501 605 685 649 tenera
709 587 1188 661 proﬁciscebantur
1207 630 1222 655 ,
1255 605 1284 646 a
1309 591 1532 647 caritate
1568 606 1730 663 quam
1770 591 2021 648 Christus

415 690 532 758 ipse
554 685 833 758 quarcbat
852 725 868 751 ,
896 700 963 741 ex
989 684 1223 756 quodam
1253 693 1461 740 natura
1486 700 1754 740 consensu
1780 683 2022 741 fraterno

413 788 471 835 et
502 778 698 849 patrio,
735 791 798 833 ac
825 777 1003 848 potius
1031 777 1274 847 utrisque
1302 777 1418 831 istis
1448 776 1675 847 majore.
1706 775 1819 832 Hoc
1850 776 2015 832 modo

416 871 557 926 afﬁci
587 878 803 941 oportet
830 908 847 935 ,
880 870 983 925 hoc
1007 869 1169 924 modo
1195 866 1329 924 ﬁere
1363 886 1375 923 :
1409 866 1715 936 hujusmodi
1765 867 2019 940 lacryma

417 978 614 1033 magno
634 969 763 1017 sunt
791 961 1003 1016 referta
1026 960 1251 1032 gaudio;
1282 959 1591 1031 huiusmodi
1637 959 1812 1015 luctus
1857 976 2019 1016 causa

417 1055 618 1110 latitia
646 1062 748 1109 est.
780 1054 859 1108 Ac
886 1068 956 1108 ne
981 1052 1113 1109 mihi
1142 1052 1311 1120 dicas,
1340 1052 1480 1120 Quid
1511 1052 1760 1108 utilitatis
1787 1051 2020 1109 aﬁerunt

416 1164 552 1204 mea
582 1149 834 1221 lacryma
857 1147 954 1214 iis,
984 1163 1081 1218 pro
1127 1148 1324 1219 quibus
1366 1146 1471 1203 hoc
1511 1147 1690 1204 facio?
1737 1147 1872 1203 Nam
1915 1148 2018 1205 etsi

418 1241 519 1296 illis
542 1238 682 1294 nihil
711 1239 1005 1309 prosimus,
1030 1254 1095 1294 ac
1120 1249 1270 1296 certe
1294 1240 1449 1296 nobis
1484 1239 1615 1311 ipsis
1651 1238 2017 1311 proderimus.

415 1332 546 1388 Nam
579 1334 672 1402 qui
710 1332 790 1387 sic
827 1346 927 1401 pro
955 1330 1147 1387 alienis
1172 1330 1354 1398 dolet,
1379 1331 1548 1387 multo
1576 1331 1745 1401 magis
1776 1346 1873 1401 pro
1902 1332 2016 1387 suis

415 1426 654 1491 dolebit;
683 1425 772 1496 qui
799 1425 976 1480 aliena
1002 1423 1186 1495 luget,
1224 1423 1270 1478 is
1291 1431 1439 1478 certe
1466 1422 1590 1476 vitia
1623 1432 1679 1477 et
1698 1422 1894 1477 delicta
1916 1438 2015 1478 sua

415 1534 521 1573 non
544 1519 662 1573 sine
689 1515 943 1587 lacrymis
965 1515 1116 1570 abire
1144 1514 1325 1580 sinet;
1351 1514 1460 1568 imo
1488 1529 1592 1568 non
1615 1514 1723 1568 cito
1746 1514 2010 1584 peccabit.

414 1610 522 1666 Nos
548 1624 699 1674 vero,
723 1606 867 1679 quod
890 1607 1134 1663 omnium
1153 1606 1531 1678 gravissimum
1557 1615 1660 1668 est,
1678 1604 1815 1675 jussi
1838 1605 2013 1661 aliena

414 1711 632 1772 peccata
664 1700 818 1767 ﬁere,
844 1714 913 1755 ne
934 1699 988 1755 in
1020 1700 1221 1754 nostris
1242 1697 1459 1769 quidem
1492 1711 1656 1752 unum
1684 1698 2013 1768 panitentia

412 1797 625 1866 signum
655 1794 885 1860 damus;
915 1791 1011 1849 sed
1042 1792 1161 1848 sine
1186 1791 1297 1848 ullo
1325 1790 1529 1845 doloris
1554 1805 1718 1845 sensu
1746 1789 2010 1857 cedimus,

412 1898 467 1943 et
494 1887 674 1942 omnia
698 1899 957 1943 curamus
984 1885 1186 1956 magis,
1224 1884 1403 1940 omnia
1441 1884 1610 1953 magis
1650 1882 2011 1952 expendimus

410 1997 574 2054 quam
597 1989 814 2052 peccata
843 1988 1050 2037 nostra.
1093 1978 1218 2034 Ideo
1262 1977 1558 2049 gaudemus
1600 1977 1853 2047 gaudium
1908 1976 2012 2032 hoc

415 2074 602 2129 inutile
633 2092 648 2127 :
675 2072 818 2144 quod
848 2073 957 2127 cito
983 2072 1163 2143 perit,
1190 2071 1335 2142 quod
1365 2080 1652 2127 sexcentas
1682 2071 1823 2140 parit
1850 2070 2009 2140 agri-

414 2166 644 2222 tmlines.
678 2165 999 2221 Mareamus
1023 2165 1183 2237 igitur
1210 2178 1447 2219 maerore
1474 2161 1656 2233 gaudii
1678 2170 1923 2226 auctore,
1953 2169 2009 2215 et

409 2274 477 2313 ne
499 2258 828 2328 gaudeamus
849 2255 1046 2327 gaudio
1066 2254 1399 2326 aegritudinis
1414 2269 1576 2325 pareu
1586 2263 1636 2308 te
1662 2269 1675 2305 :
1700 2252 2009 2308 emittamus

408 2351 675 2423 lacrymas
702 2348 931 2404 multum
959 2348 1250 2418 voluptatis
1272 2347 1605 2402 seminantes
1625 2385 1641 2411 ,
1681 2354 1736 2399 et
1775 2360 1883 2400 non
1929 2345 2007 2399 ri-

405 2442 630 2497 deamus
676 2442 787 2497 risu
810 2482 828 2509 ,
866 2442 957 2511 qui
992 2439 1282 2497 stridorem
1309 2439 1465 2496 nobis
1491 2437 1733 2496 dentium
1762 2439 1948 2510 gignat
1988 2454 2001 2493 :

1343 471 1410 529 IN
1446 471 1661 531 EPIST.
1701 472 1794 529 AD
1832 471 2121 529 PHILIPP.
2162 476 2317 533 CAP.
2361 477 2449 533 IV.
2492 478 2725 537 llOMlL.
2768 478 2884 536 XV.

3623 480 3731 539 298

2130 595 2447 655 alllictcmus
2469 614 2569 657 nos
2593 599 2939 657 alﬁictatione
2968 600 3054 656 illa
3078 601 3218 656 unde
3250 600 3464 671 requies
3490 590 3726 667 exsi‘stit,

2129 696 2187 742 et
2217 703 2284 744 ne
2305 688 2526 745 delicias
2552 706 2856 762 quaramus
2879 709 2943 748 ex
2968 692 3161 763 quibus
3187 708 3426 748 arumna
3457 702 3511 747 et
3536 693 3714 749 dolor.

2128 777 2209 833 Ad
2236 778 2400 835 breve
2422 788 2637 851 tempus
2668 782 2721 837 in
2747 793 2888 838 terra
2912 783 3241 851 laboremus,
3266 793 3325 838 ut
3353 794 3612 854 perpetuo
3627 799 3728 839 nos

2128 869 2463 926 oblectemus
2510 873 2565 927 in
2610 873 2757 928 calis
2788 890 2802 927 :
2838 875 2890 929 in
2936 875 3137 930 caduca
3185 876 3286 930 hac
3327 877 3434 929 vita
3480 891 3578 930 nos
3627 877 3725 945 ipsi

2124 960 2475 1029 alﬁirtemus,
2501 973 2558 1018 ut
2585 964 2636 1018 in
2668 964 2878 1019 inﬁnita
2899 966 2986 1020 illa
3015 967 3255 1037 requiem
3283 981 3683 1038 consequamur
3710 984 3723 1018 :

2126 1067 2234 1107 non
2256 1052 2562 1110 diﬂluamus
2581 1054 2791 1110 deliciis
2815 1056 2867 1110 in
2896 1056 2997 1112 hac
3021 1057 3194 1124 brevi,
3226 1074 3293 1112 ne
3324 1059 3374 1113 in
3408 1058 3495 1113 illa
3518 1058 3725 1113 inﬁnita

2124 1146 2477 1216 suspiremus.
2519 1149 2714 1204 Annon
2743 1148 2934 1206 videtis
2960 1159 3093 1221 quot
3138 1150 3385 1205 homines
3431 1151 3517 1206 hic
3561 1152 3723 1206 etiam

2124 1254 2307 1295 rerum
2338 1240 2406 1295 ad
2436 1239 2574 1297 hanc
2602 1242 2766 1297 vitam
2795 1243 3179 1312 pertinentium
3209 1258 3368 1297 causa
3417 1245 3723 1313 angantur?

2124 1332 2381 1388 Existima
2411 1343 2461 1389 te
2489 1350 2702 1405 quoque
2729 1351 2892 1390 unum
2920 1351 2987 1391 ex
3011 1335 3116 1390 illis
3144 1350 3287 1403 esse,
3318 1344 3373 1390 ct
3417 1334 3499 1390 fer
3524 1353 3722 1390 acrum-

2124 1440 2248 1479 nam
2274 1441 2337 1481 ac
2360 1426 2601 1483 dolorem
2626 1469 2640 1493 ,
2670 1443 2767 1496 Spe
2796 1428 3098 1483 futurorum
3148 1429 3412 1485 bonorum
3464 1431 3718 1484 nutritus.

2120 1516 2237 1572 Non
2262 1527 2315 1572 tu
2332 1534 2392 1574 es
2420 1518 2584 1575 Paulo
2611 1521 2823 1585 melior,
2849 1535 2956 1576 non
2978 1521 3141 1576 Petro
3171 1539 3184 1575 :
3214 1521 3407 1592 quibus
3430 1539 3721 1593 numquam

2120 1611 2288 1665 otium
2316 1610 2497 1665 datum
2526 1620 2638 1677 est;
2670 1612 2760 1683 qui
2793 1612 2844 1666 in
2877 1612 3017 1668 fame
3034 1621 3088 1668 et
3109 1613 3197 1667 siti
3222 1613 3535 1668 etnuditate
3553 1624 3718 1668 totam

2120 1704 2283 1757 vitam
2311 1703 2679 1759 confecerunt.
2718 1703 2776 1760 Si
2804 1704 2993 1760 eadem
3024 1712 3185 1776 atque
3210 1704 3286 1760 illi
3312 1704 3394 1760 vis
3420 1705 3675 1776 consequi
3702 1747 3717 1771 ,

2118 1809 2221 1851 cur
2248 1795 2574 1850 contrariam
2609 1795 2810 1851 insistis
2839 1796 3025 1849 viam?
3054 1796 3098 1851 si
3144 1795 3213 1851 ad
3255 1796 3526 1851 civitatem
3574 1796 3718 1852 illam

2120 1888 2198 1941 vis
2229 1887 2531 1955 pervenire,
2560 1903 2662 1958 qua
2694 1887 2767 1941 illi
2800 1887 2946 1959 digni
2979 1886 3105 1942 lacti
3135 1896 3301 1957 sunt,
3337 1888 3482 1943 illam
3531 1904 3718 1959 perse-

2116 1994 2283 2048 querc
2309 1979 2449 2032 viam
2478 1994 2597 2048 qua
2626 1978 2750 2033 illuc
2780 1978 2902 2033 fert.
2936 1979 3052 2034 Non
3084 1979 3211 2034 illuc
3236 1979 3332 2036 otii
3359 1980 3465 2036 fert
3492 1981 3592 2047 via,
3620 1981 3718 2037 sed

2117 2085 2370 2124 armnna
2400 2088 2414 2124 :
2446 2069 2532 2123 illa
2565 2070 2690 2137 lata,
2719 2070 2833 2124 hac
2860 2080 3087 2141 angusta
3114 2079 3217 2127 est.
3252 2071 3361 2126 Hac
3407 2071 3512 2127 iter
3554 2074 3717 2127 l'acia-

2117 2177 2259 2226 mus,
2288 2171 2344 2215 ιιι
2368 2175 2764 2230 consequamur
2793 2172 3052 2216 aternam
3086 2162 3251 2217 vitam
3279 2163 3330 2217 in
3352 2162 3570 2219 Christo
3589 2163 3718 2219 Jesu

2117 2251 2346 2307 Domino
2367 2260 2575 2319 nostro,
2607 2267 2727 2307 cum
2757 2268 2866 2323 quo
2894 2252 3040 2308 Patri
3067 2254 3335 2325 simulque
3361 2264 3549 2311 sancto
3588 2255 3716 2325 Spi-

2115 2346 2238 2399 ritui
2265 2345 2458 2415 gloria,
2488 2345 2799 2416 imperium,
2831 2345 3028 2413 honos,
3064 2362 3204 2401 uttnc
3235 2357 3289 2401 et
3320 2363 3556 2413 semper,
3583 2360 3631 2401 ct
3665 2348 3715 2401 in

2112 2437 2313 2493 sacula
2343 2436 2684 2492 sa'culorum.
2720 2439 2912 2491 Amen.

3418 2620 3678 2634 α*

411 2603 2155 2641 Em:

527 2783 638 2844 AD
678 2783 1082 2846 HOMILIAS
1127 2785 1190 2847 S.
1236 2784 1578 2846 JOANNIS
1612 2784 2192 2848 CHRYSOSTOMI
2226 2786 2307 2847 IN
2339 2784 2800 2846 EPISTOLAM
2845 2785 2955 2844 AD
2999 2779 3575 2845 COLOSSENSES.

478 2973 538 3028 ln
570 2972 726 3031 hisce
751 2989 920 3045 porro
946 2973 1310 3031 concionibus
1345 2975 1518 3030 multa
1547 2973 1814 3031 discimus
1839 2974 1910 3031 de
1944 2974 2054 3031 ritu
2080 2974 2346 3032 Ecclesia
2373 2972 3001 3045 Constantinopolitanae
3044 2971 3100 3027 in
3129 2969 3414 3042 Liturgia;
3446 2969 3703 3038 interque

406 3091 514 3148 alia
543 3092 753 3147 dicitur
791 3106 986 3162 pacem
1015 3091 1328 3149 innumeris
1362 3107 1505 3165 pene
1544 3092 1761 3148 vicibus
1793 3091 1942 3149 inter
1964 3092 2238 3148 orandum
2269 3092 2499 3163 petitam
2546 3091 2739 3147 fuisse.
2784 3089 3045 3158 Quaedam
3073 3087 3242 3144 etiam
3284 3096 3591 3144 occurrunt
3636 3084 3707 3141 de

409 3208 673 3264 Ecclesia
695 3206 961 3279 opinione
1001 3217 1169 3280 atque
1199 3208 1510 3278 sententia;
1543 3208 1784 3281 exempli
1826 3224 1991 3265 causa
2033 3207 2103 3265 de
2147 3208 2360 3280 angelis
2385 3207 2733 3274 custodibus,
2763 3206 2859 3279 qui
2889 3204 3093 3278 singuli
3123 3204 3358 3277 singulis
3387 3203 3709 3260 hominibus

410 3324 479 3378 ad
516 3323 746 3379 tutelam
784 3322 1162 3395 assignantur.

486 3480 554 3536 Ut
584 3488 705 3535 erat
730 3479 1163 3552 Chrysostomus
1192 3493 1382 3545 verax,
1412 3478 1558 3550 aqui
1598 3493 1811 3545 amans,
1840 3486 1898 3535 et
1920 3475 1989 3534 ad
2025 3478 2304 3551 carpenda
2345 3478 2481 3535 vitia
2523 3493 2755 3551 pronus,
2783 3494 2853 3534 ne
2880 3477 3203 3550 Imperatori
3237 3478 3465 3550 quidem
3494 3476 3707 3547 parcit;

417 3598 516 3654 scd
553 3596 931 3653 Theodosium
973 3596 1254 3669 Magnum,
1287 3595 1421 3653 licet
1464 3595 1633 3653 tacito
1657 3596 1907 3665 nomine,
1940 3596 2119 3668 carpit
2148 3596 2299 3652 hom.
2336 3597 2593 3669 septima,
2621 3613 2680 3653 n.
2706 3596 2761 3665 3,
2792 3596 2941 3669 quod
2970 3595 3374 3654 Antiochenam
3401 3596 3708 3661 civitatem,

411 3716 680 3781 oll‘ensus,
705 3716 938 3786 perdere
961 3731 1028 3771 ac
1047 3714 1340 3772 destruere
1367 3716 1630 3772 voluerit.
1660 3714 2082 3789 Imperatricem
2104 3731 2263 3783 vero,
2288 3714 2591 3772 Eudociam
2622 3730 2846 3787 nempe,
2871 3730 2984 3771 non
3005 3714 3205 3770 leviter
3229 3714 3535 3770 insectatur
3557 3713 3708 3768 hom.

410 3827 647 3895 decima,
677 3845 833 3884 num.
863 3829 898 3884 4
923 3838 982 3884 et
1018 3829 1072 3895 5,
1103 3828 1175 3885 ob
1207 3830 1402 3885 luxum
1434 3829 1669 3884 nimium
1712 3838 1770 3885 et
1812 3828 2070 3901 profusos
2103 3830 2159 3884 in
2184 3843 2369 3886 vest
2398 3845 2595 3886 aureas
2622 3836 2896 3901 sumptus,
2923 3828 3020 3901 qui
3047 3828 3314 3885 membris
3338 3828 3543 3885 Christi
3579 3842 3715 3898 pau-

412 3944 643 4017 peribus
669 3945 922 4017 tegendis
960 3956 1128 4018 atque
1160 3946 1416 4003 fovendis
1444 3945 1751 4018 deputandi
1778 3957 1957 4005 erant.
1990 3948 2071 4003 Ex
2102 3947 2209 4004 hac
2239 3963 2408 4020 porro
2432 3955 2581 4005 tanta
2606 3947 2830 4004 dicendi
2865 3948 3147 4016 libertate,
3181 3948 3315 4020 quid
3340 3947 3564 4004 demum
3592 3963 3716 4002 san-

411 4067 504 4115 cto
530 4061 755 4117 Doctori
780 4062 1069 4133 acciderit,
1105 4064 1325 4137 ignorat
1347 4080 1533 4133 nemo,
1557 4075 1615 4123 et
1641 4082 1746 4123 nos
1769 4066 2025 4138 pluribus
2052 4066 2437 4124 recensuimus
2458 4068 2518 4125 in
2546 4066 2798 4142 ejusdem
2818 4066 2965 4125 Vita.

481 4219 603 4275 Non
630 4220 864 4277 deerant
891 4222 1099 4279 oratori
1132 4231 1385 4291 strenuo,
1420 4223 1623 4290 dicaci,
1663 4225 1809 4297 aqui
1846 4226 2094 4297 bonique
2127 4227 2353 4298 cupido,
2398 4241 2523 4298 qua
2571 4226 2629 4281 in
2674 4223 3425 4295 Constantinopolitanorum
3468 4219 3719 4275 moribus

409 4346 669 4409 carperet
691 4346 749 4397 et
774 4339 1160 4411 insectaretur.
1185 4340 1326 4397 Nam
1350 4340 1587 4399 divitum
1614 4351 1801 4399 tantus
1826 4353 1949 4401 erat
1976 4343 2165 4411 luxus,
2194 4345 2333 4399 tanti
2365 4343 2422 4399 in
2452 4342 2659 4398 mensis
2689 4352 2989 4414 apparatus
3013 4348 3177 4412 atque
3207 4348 3481 4412 sumptus,
3514 4346 3577 4393 ut
3606 4353 3717 4393 non

409 4456 535 4513 sine
568 4466 799 4531 stupore
829 4460 1085 4533 legantur
1113 4477 1180 4519 ea
1205 4477 1331 4534 qua
1363 4463 1457 4522 ille
1482 4464 1542 4521 in
1569 4465 1798 4522 homilia
1826 4467 2027 4537 prima,
2063 4442 2220 4523 num.
2252 4467 2282 4523 ι
2317 4474 2590 4522 recenset.
2620 4465 2846 4521 Plebem
2871 4475 3078 4530 autem,
3112 4463 3223 4519 imo
3252 4459 3719 4529 Constantinopo-

412 4573 618 4629 htanos
649 4590 845 4632 omnes
867 4577 994 4649 jure
1032 4577 1294 4652 obiurgat
1332 4588 1391 4637 et
1432 4580 1692 4650 incessit;
1731 4583 1882 4654 quod
1907 4584 2068 4641 multi
2094 4584 2282 4640 omnia
2324 4582 2568 4639 humana
2598 4583 2710 4640 fato
2755 4581 2890 4638 l‘erri
2924 4581 3178 4638 dicerent
3219 4588 3385 4652 atque
3424 4583 3719 4651 putarent,

414 4688 657 4762 ideoque
700 4692 800 4749 Dei
845 4693 1258 4764 providentiam
1304 4696 1445 4752 nihil
1488 4708 1785 4766 curarent;
1830 4700 1982 4770 quod
2008 4699 2233 4772 plurimi
2279 4700 2749 4758 resurrectionem
2794 4706 3095 4772 negarent;
3126 4697 3276 4771 quod
3304 4697 3724 4753 observationes

414 4805 639 4863 dierum
666 4808 815 4879 apud
845 4808 973 4866 illos
1000 4810 1254 4883 vigerent
1287 4828 1301 4866 :
1334 4811 1443 4868 hoc
1473 4828 1609 4868 vero
1647 4830 1824 4887 genus
1851 4816 2270 4888 superstitionis
2306 4817 2402 4874 diu
2446 4784 2795 4889 multumque
2829 4817 2887 4873 in
2916 4814 3359 4874 occidentalibus
3397 4813 3564 4871 etiam
3592 4829 3722 4884 par-

419 4926 573 4983 tibus
604 4926 861 4995 invaluit,
891 4937 953 4984 nt
983 4930 1117 4986 alibi
1152 4929 1680 4989 demonstravimus.
1715 4932 2001 5006 Ligamina
2044 4936 2237 5004 etiam,
2267 4951 2392 5008 qua
2425 4950 2601 5007 grace
2630 4934 2909 5007 περίαπτα
2940 4931 3228 4998 dicuntur,
3258 4938 3317 4988 et
3345 4931 3481 4987 alias
3521 4929 3725 4986 multas

419 5041 853 5112 spuerstitiones
877 5045 1026 5116 apud
1057 5045 1185 5101 illos
1214 5044 1505 5101 observari
1531 5045 1668 5103 dicit
1692 5046 1845 5104 hom.
1874 5058 2092 5118 octava,
2118 5067 2275 5107 num.
2308 5051 2361 5106 5.
2393 5050 2602 5105 Morem
2631 5064 2855 5120 quoque
2886 5047 3118 5103 omnino
3142 5044 3517 5103 damnandum
3547 5044 3739 5099 insec-.

422 5166 597 5228 tatur,
626 5160 776 5233 quod
803 5178 1005 5235 nempe
1030 5161 1632 5234 Constantinopolitani
1662 5168 2020 5224 meretricum
2046 5183 2255 5225 cuneos
2285 5166 2352 5222 ad
2378 5164 2603 5235 nuptias
2627 5162 2988 5220 celebrandas
3009 5162 3368 5219 advocarent.

488 5314 782 5390 Singulare
810 5324 1042 5383 omnino
1070 5336 1156 5385 est
1186 5327 1241 5384 id
1273 5327 1422 5401 quod
1448 5327 1587 5384 dicit
1610 5327 1762 5385 hom.
1795 5328 2053 5400 septima,
2084 5342 2240 5383 num.
2272 5327 2326 5393 5,
2346 5341 2547 5398 nempe
2571 5339 2759 5398 regem
2784 5325 3327 5397 Persarumilloipso
3353 5337 3465 5395 quo
3488 5319 3730 5389 Chryso-

415 5440 634 5490 stomus
667 5437 1108 5496 concionabatur
1142 5450 1413 5516 tempore,
1463 5444 1697 5501 barbam
1731 5443 1995 5499 habuisse
2025 5458 2272 5499 auream.
2316 5441 2591 5497 Prolixam
2635 5448 2810 5507 certe,
2840 5439 3070 5497 densam
3104 5447 3162 5495 et
3194 5434 3532 5510 adjectitiam
3557 5429 3741 5489 fuisse

418 5554 613 5610 regum
644 5544 945 5604 Persarum
978 5549 1210 5608 barbam
1240 5555 1512 5627 exemplis
1538 5563 1594 5612 et
1624 5555 2004 5612 schematibus
2035 5555 2398 5613 conﬁrmatur
2429 5557 2485 5612 in
2511 5552 2855 5626 Antiquitate
2879 5552 3169 5624 explanata
3192 5549 3350 5611 Tom.
3380 5549 3445 5619 5;
3476 5546 3570 5605 hic
3596 5560 3732 5610 vero

418 5650 684 5725 adjicitur
715 5675 841 5718 eam
884 5663 1057 5722 fuisse
1095 5681 1344 5724 auream.

493 5819 1022 5896 lnterpretationom
1051 5823 1304 5885 Latinam
1335 5828 1595 5889 Gentiani
1631 5829 1857 5889 llervcti
1883 5831 2140 5905 plurimis
2170 5833 2224 5889 in
2259 5831 2397 5890 locis
2430 5829 2841 5903 castigavimus.
