4184 6492
2039 883 3753 939 9W

1415 1239 1824 1332 SANCTI
1902 1231 2329 1324 PATRIS
2401 1229 2840 1324 NOSTBI

517 1658 1648 1880 JOANNIS
1752 1645 3748 1897 CHRYSOSTOMI,

1433 2168 1947 2230 ARCHIEPISCOPI
1999 2157 2841 2226 CONSTANTINOPOLITANI,

733 2525 838 2604 ΙΝ
921 2520 1493 2602 EPISTOLAM
1574 2525 1706 2600 AD
1783 2515 2489 2600 COLOSSENSES
2561 2502 3381 2592 COMMENTARIUS
3443 2489 3552 2582 (τ’).

1923 3146 1972 3206 Η
1981 3143 2238 3205 UMILIA
2303 3145 2352 3204 I.

495 3443 622 3498 Car.
657 3437 710 3491 1.
739 3449 792 3487 v.
823 3432 875 3486 l.
904 3427 1105 3484 Paulus
1127 3419 1388 3494 apostolus
1416 3415 1543 3471 Iesu
1571 3413 1757 3470 Christi
1785 3428 1874 3481 per
1901 3411 2080 3466 volun-

567 3539 718 3584 tatem
747 3523 861 3588 Dei,
896 3527 941 3574 et
961 3513 1256 3571 Timotheus
1285 3514 1462 3581 frater,
1483 3505 1539 3560 2.
1569 3507 1632 3560 iis
1658 3505 1743 3574 qui
1763 3514 1878 3557 sunt
1899 3502 2077 3557 Colos-

567 3623 639 3676 sis
668 3617 857 3672 sanctis
891 3621 934 3665 et
975 3603 1207 3680 ﬁdelibus
1236 3601 1477 3676 fratribus
1507 3599 1560 3654 in
1591 3597 1794 3652 Christo
1821 3595 1979 3660 Jesu,
2019 3595 2074 3649 5.

567 3712 732 3785 gratia
761 3707 899 3763 vobis
929 3715 975 3759 et
1019 3713 1121 3774 pan:
1148 3713 1180 3753 a
1225 3691 1334 3751 Deo
1361 3691 1518 3748 Patre
1553 3699 1726 3746 nostro
1773 3699 1820 3744 et
1861 3685 2080 3742 Dontino

569 3807 692 3860 .lesu
719 3801 948 3857 Christo.

569 3897 622 3952 Ι.
653 3894 864 3948 Sanctae
882 3885 1098 3958 quidem
1125 3891 1250 3937 sunt
1273 3890 1466 3933 omnes
1494 3872 1749 3944 Epistulae
1772 3869 1951 3935 Pauli;
1983 3867 2081 3922 ali-

497 3987 622 4060 quid
649 3993 830 4039 autem
864 3977 1063 4032 habent
1087 3971 1320 4041 amplius
1343 3983 1419 4024 ea:
1445 4007 1460 4034 ,
1487 3980 1606 4035 quae
1635 3963 1727 4018 illo
1756 3961 1932 4016 vincto
1959 3959 2081 4013 mit-

498 4047 681 4134 timtur
705 4117 721 4142 ,
767 4065 1066 4140 cujusmodi
1107 4070 1234 4119 sunt
1281 4055 1535 4128 EpiStolte
1571 4052 1637 4108 ad
1674 4051 1957 4122 Ephesios,
2013 4047 2079 4102 ad

499 4173 886 4230 Philemonem,
907 4161 974 4216 ad
1018 4153 1380 4216 Timotheum,
1421 4157 1474 4202 et
1493 4149 1608 4200 lucc
1633 4159 1866 4215 praesens
1897 4157 1912 4195 :
1956 4155 2078 4194 nam

497 4283 560 4336 ea
609 4273 821 4334 quoque
876 4255 1037 4309 missa
1081 4256 1311 4304 estcum
1338 4249 1482 4298 esset
1533 4241 1586 4294 in
1637 4236 1886 4302 vinculis,
1940 4233 2080 4288 sicut

501 4331 743 4420 scribens
764 4347 976 4404 dicebat
1007 4361 1021 4398 :
1055 4341 1278 4412 Propter
1300 4335 1434 4406 quod
1453 4333 1606 4388 etiam
1641 4331 1834 4384 vinetus
1855 4341 1967 4380 sum
1985 4365 2002 4391 ,
2027 4334 2082 4378 ut

501 4415 816 4516 manifestem
834 4435 966 4504 illud
993 4436 1064 4488 ita
1089 4441 1147 4486 ut
1171 4435 1368 4500 oportet
1391 4439 1472 4479 me
1491 4423 1634 4492 loqui
1663 4420 1799 4490 (Col.
1833 4419 1888 4473 4.
1913 4418 1972 4472 '5.
1997 4415 2077 4486 4).

502 4540 608 4598 Sed
633 4511 749 4592 huic
775 4531 980 4592 videtur
1003 4539 1124 4582 esse
1148 4520 1410 4594 posterior
1436 4515 1676 4588 Epistula
1701 4512 1766 4566 ad
1789 4511 2080 4566 Romanos.

503 4633 633 4688 Nam
660 4628 805 4684 illam
833 4620 1048 4693 quidem
1096 4612 1311 4683 scripsit
1360 4624 1484 4664 cum
1533 4606 1803 4664 Romanos
1848 4597 2082 4652 nondum

505 4703 744 4790 vidisset,
776 4689 914 4770 hanc
938 4721 1114 4766 autem
1137 4721 1257 4760 cum
1281 4701 1393 4772 jam
1427 4698 1666 4760 vidisset,
1713 4701 1768 4748 et
1803 4689 1911 4760 jam
1941 4695 2085 4744 esset

503 4781 556 4878 in
611 4815 715 4868 ﬁne
733 4781 1161 4880 praedicationis.
1193 4793 1344 4851 Illinc
1373 4799 1555 4852 autem
1579 4794 1664 4841 est
1693 4781 2032 4853 perspicuum
2066 4795 2080 4830 :

499 4869 628 4970 dicit
669 4869 816 4958 enim
843 4898 900 4952 in
923 4891 1164 4967 Epistula
1191 4885 1260 4942 ad
1289 4883 1678 4946 Philemonem,
1706 4873 1836 4927 Cum
1861 4872 1932 4925 sis
1967 4869 2084 4923 tatis

504 4967 558 5054 ut
593 4995 788 5052 Paulus
805 4962 1236 5057 series—(Philem.
1264 4975 1345 5048 9),
1366 4983 1422 5029 et
1451 4983 1646 5041 rogans
1671 4981 1768 5038 pro
1801 4962 2080 5057 Quesimo:

507 5097 558 5147 in
578 5073 679 5144 hac
697 5093 875 5148 autem
897 5047 1059 5134 mit‘tit
1082 5075 1254 5145 ipsum
1277 5064 1607 5144 Onesimum,
1630 5059 1767 5112 sicut
1791 5054 1939 5117 dicit,
1959 5047 2086 5106 Cum

509 5145 746 5238 linesimo
775 5145 917 5248 fideli
944 5181 988 5225 et
1012 5169 1193 5222 dilecto
1221 5167 1378 5234 fratre
1428 5153 1563 5228 (Col.
1593 5153 1646 5214 4.
1671 5147 1763 5220 9);
1793 5145 2001 5200 ﬁdelem
2029 5151 2089 5248 et

505 5233 788 5333 dilectum:
803 5274 858 5323 et
887 5264 1106 5319 fratrem
1135 5233 1258 5328 eum
1287 5263 1504 5304 vocans.
1533 5239 1892 5310 Quamobrem
1922 5233 2087 5290 conli-

905 5354 958 5408 in
1007 5349 1109 5408 hac
1153 5325 1394 5413 Epistula
1426 5354 1439 5390 :
1473 5334 1518 5396 Α
1559 5347 1648 5402 spe
1686 5323 1928 5400 evangelii
1953 5321 2088 5392 quod

506 5425 740 5520 audistis,
765 5449 900 5522 quod
927 5442 1258 5518 praedicatum
1284 5441 1356 5487 est
1389 5429 1442 5484 in
1463 5425 1699 5482 uniuersa
1726 5425 1958 5480 creatura
1978 5427 2090 5482 quae

779 5503 1140 5609 'est.(ibid.'i.
1167 5527 1285 5598 23).
1317 5523 1435 5595 Jam
1478 5517 1620 5572 enim
1666 5519 1877 5578 tempus
1919 5503 2088 5572 babes

511 5611 600 5695 bat
625 5599 954 5708 prtcdicatio.
1013 5626 1124 5681 l‘lac
1147 5634 1275 5690 ergo
1304 5613 1554 5672 existimo
1581 5617 1700 5662 esse
1727 5599 2086 5674 posteriorem

577 5811 653 5871 ia)
675 5805 899 5871 nomine
924 5803 974 5871 iri
1011 5794 1274 5871 ιεὶρὲειθιίξξη
1287 5785 1718 5871 -ἓῖὶσέὶῖἔὲῗῗῖῗῗὲξξῖ
1747 5777 1936 5871 $233"
1949 5775 2092 5871 ιῗέηέ

577 5829 662 5876 ια),
681 5829 899 5880 Iugulum;
925 5829 974 5876 ut
1013 5829 1274 5860 μγισνυ-ιψ.
1315 5829 1372 5839 ι...
1399 5829 1602 5838 νμηηκ
1625 5829 1642 5853 ,ν
1677 5843 1686 5850 _
1705 5853 1714 5862 ι
2013 5843 2028 5854 δ

642 5869 816 5942 Codice
850 5867 1004 5922 Beato
1039 5859 1178 5918 1955,
1198 5861 1250 5906 et
1281 5865 1392 5902 cum
1426 5847 1719 5899 Oolberuuts
1747 5838 1840 5887 909
1874 5843 1926 5884 et
1949 5829 2088 5881 M23.

2189 3413 2486 3485 Epistulam
2511 3414 2576 3470 ad
2605 3413 2968 3480 Timotheum,
2993 3426 3114 3484 quae
3152 3410 3366 3466 circiter
3393 3411 3508 3480 ejus
3543 3420 3772 3464 mortem

2188 3506 2385 3576 scripta
2411 3505 2539 3560 fuit:
2567 3506 2674 3560 illic
2705 3506 2846 3559 enim
2868 3503 3020 3569 dicit,
3045 3501 3157 3573 Ego
3181 3502 3312 3554 enim
3334 3501 3448 3572 jam
3475 3499 3665 3552 delibor
3691 3500 3768 3568 (2.

2189 3593 2324 3650 Tim.
2350 3595 2403 3652 ι.
2429 3597 2461 3653 6
2492 3597 2532 3666 ).
2573 3595 2672 3651 E'st
2699 3611 2829 3650 vero
2859 3595 2975 3650 haec
3001 3591 3224 3662 epistola
3252 3589 3520 3660 antiquior
3541 3589 3626 3644 illa
3653 3605 3770 3657 qua:

2185 3689 2386 3759 scripta
2403 3697 2486 3744 est
2506 3689 2572 3744 ad
2583 3688 2983 3758 Philippeuses:
3001 3685 3108 3739 illic
3125 3685 3268 3739 enim
3293 3692 3418 3738 tunc
3433 3691 3570 3748 erat,
3587 3684 3774 3737 vincu-

2187 3782 2360 3838 lorum
2391 3797 2510 3852 quee
2551 3781 2767 3836 fuerunt
2805 3780 2990 3834 Roma:
3019 3777 3226 3832 habens
3253 3777 3480 3831 initium.
3515 3777 3621 3832 Cur
3643 3791 3773 3846 ergo

2185 3875 2309 3930 dico
2332 3875 2428 3930 has
2441 3874 2698 3944 epistolas
2719 3873 2837 3943 plus
2863 3871 3062 3926 habere
3083 3885 3241 3940 quam
3267 3869 3431 3922 alias?
3457 3868 3746 3936 Propterea

2188 3967 2330 4039 quod
2371 3980 2463 4020 cas
2503 3965 2768 4022 scriberet
2792 3979 2912 4019 cum
2943 3970 3088 4017 esset
3117 3961 3170 4014 in
3197 3959 3424 4013 vinculis
3469 3975 3483 4012 :
3523 3965 3582 4012 ut
3609 3957 3654 4012 si
3685 3957 3768 4011 vir

2188 4061 2343 4117 fortis
2375 4059 2658 4124 scriberet,
2705 4071 2734 4114 a
2765 4055 3000 4110 cmdibus
3043 4053 3257 4110 interim
3285 4051 3550 4106 desistens
3577 4060 3631 4104 et
3657 4061 3764 4104 tro-

2190 4153 2340 4223 puris,
2374 4150 2453 4206 sic
2479 4149 2608 4220 ipsis
2633 4162 2846 4220 quoque
2875 4145 3123 4200 faciebat.
3144 4143 3359 4198 Sciebat
3389 4143 3532 4196 enim
3560 4142 3648 4195 ille
3671 4141 3772 4192 hoc

2191 4258 2312 4300 esse
2341 4257 2588 4311 magnum
2614 4259 2628 4293 :
2657 4240 2723 4293 ad
2759 4239 3128 4293 Philemonem
3155 4234 3297 4290 enim
3331 4233 3591 4297 scribens,
3621 4231 3767 4296 dicit,

2195 4338 2356 4402 Quem
2385 4334 2537 4405 genui
2561 4333 2612 4386 in
2634 4331 2847 4384 vinculis
2875 4329 2996 4382 meis
3019 4325 3269 4396 (Philem.
3302 4323 3416 4394 10).
3443 4321 3567 4377 “me
3593 4332 3772 4375 autem

2185 4421 2340 4493 dixit,
2375 4439 2443 4480 ne
2484 4425 2536 4478 in
2571 4423 2732 4478 rebus
2759 4417 2996 4475 adversis
3023 4427 3081 4472 et
3107 4416 3315 4485 asperis
3343 4414 3530 4468 dolore
3567 4412 3770 4464 afﬁcia-

2191 4537 2342 4582 mur;
2369 4518 2466 4574 sed
2488 4518 2646 4572 etiam
2667 4516 2928 4568 laztemur.
2957 4511 3056 4564 llic
3073 4505 3340 4576 eratapud
3358 4519 3451 4560 eos
3473 4503 3768 4559 Philemon:

2191 4613 2390 4670 etenim
2438 4609 2548 4663 illic
2591 4607 2834 4661 scribens
2860 4603 3008 4669 dicit,
3039 4599 3108 4653 Et
3143 4597 3406 4664 Archippo
3444 4592 3774 4648 commilitoni

2191 4715 2362 4760 nostro
2385 4700 2544 4772 (Ibid.
2571 4695 2662 4770 ‘2);
2687 4706 2739 4751 et
2771 4695 2876 4758 hic,
2911 4687 3076 4746 Dicite
3106 4691 3364 4757 Archippo
3409 4684 3542 4757 (Col.
3572 4682 3626 4738 4.
3661 4683 3770 4750 Π).

2191 4797 2418 4854 Videtur
2443 4805 2604 4863 porro
2631 4791 2756 4843 huic
2779 4785 2947 4841 fuisse
2975 4781 3284 4838 mandatum
3325 4775 3539 4846 aliquod
3579 4785 3774 4827 munus

2193 4887 2470 4945 Ecclesiui.
2503 4882 2612 4937 Nec
2637 4881 2736 4936 hos
2774 4885 2950 4932 autem
2977 4875 3206 4934 viderat,
3255 4883 3430 4938 neque
3478 4867 3770 4926 Romanos,

2194 4995 2366 5051 neque
2391 4977 2666 5042 Hebraeos,
2695 4970 2908 5043 quando
2935 4968 3004 5022 ad
3030 4981 3125 5022 eos
3161 4961 3451 5020 scribebat.
3485 4959 3658 5027 Atque
3705 4956 3774 5009 de

2195 5049 2298 5128 illis
2327 5069 2540 5140 quidem
2561 5065 2742 5120 multis
2772 5063 2822 5115 in
2851 5061 2982 5116 locis
3003 5057 3055 5112 id
3085 5053 3365 5126 signiﬁcat;
3387 5050 3454 5104 de
3482 5049 3561 5102 his
3591 5057 3772 5100 autem

2195 5161 2316 5218 audi
2345 5138 2470 5217 eum
2501 5155 2767 5212 dicentem
2790 5172 2803 5208 :
2826 5151 2887 5205 Et
2904 5150 3206 5220 quicumque
3225 5159 3325 5197 non
3348 5140 3578 5195 viderunt
3592 5138 3774 5208 facient

2197 5272 2358 5312 nteant
2379 5255 2433 5308 in
2453 5266 2647 5315 carne;
2677 5257 2730 5302 et
2755 5257 2962 5306 rursus,
2991 5239 3061 5294 Et
3104 5239 3148 5293 si
3187 5235 3364 5290 absum
3393 5246 3565 5296 carne,
3594 5227 3776 5296 spiritu

2199 5363 2364 5405 tamen
2387 5363 2500 5401 sum
2513 5335 2882 5410 uobiscnm(Col
2889 5333 2992 5387 3.1
3009 5332 3106 5402 .5).
3122 5330 3194 5384 Ita
3218 5333 3438 5382 noverat
3453 5322 3650 5391 ubique
3663 5333 3774 5372 rem

2199 5453 2442 5510 magnam
2471 5449 2590 5490 esse
2617 5445 2765 5486 suam
2791 5423 3148 5496 praesentiam,
3177 5427 3231 5474 et
3271 5431 3330 5472 se
3376 5426 3588 5482 semper
3613 5409 3774 5464 etiam

2199 5503 2472 5590 absentem
2521 5536 2788 5594 tamquam
2819 5525 3137 5588 prmsentem
3167 5509 3384 5567 exhibet
3429 5513 3484 5561 ct
3513 5503 3694 5558 sistit:
3722 5505 3776 5553 et

2200 5625 2415 5700 quando
2439 5622 2586 5694 punit
2614 5593 3016 5675 fornicatorem,
3049 5608 3170 5662 vide
3189 5602 3464 5676 quomodo
3487 5614 3548 5655 se
3572 5593 3776 5666 judicio

2203 5685 2474 5788 tamquam
2501 5716 2820 5784 praesentem
2851 5704 2993 5759 sistit
3018 5719 3031 5755 :
3053 5714 3175 5755 nam
3199 5693 3311 5765 Ego
3331 5693 3553 5763 quidem.
3585 5685 3776 5766 inquit,

2206 5778 2461 5880 tamquam
2503 5778 2685 5881 absens
2717 5811 2950 5874 corpore,
2975 5805 3202 5864 presens
3229 5795 3394 5840 autem
3422 5783 3638 5854 spiritu,
3665 5778 3778 5846 iam
