4184 6522
389 421 491 482 sm

389 534 614 599 iudicavi
636 544 893 605 tamquam
925 548 1180 603 prwsens;
1206 542 1261 587 et
1283 546 1491 597 mrsus,
1549 531 1758 585 Veniam
1786 528 1854 582 ad
1880 545 1991 592 vos,

388 638 435 682 et
456 643 760 698 cognoscam
786 643 889 680 non
915 642 1195 679 sermonem
1226 641 1401 679 eorum
1429 624 1514 694 qui
1543 632 1662 677 sunt
1688 622 1879 692 inﬂati,
1906 620 1997 675 sed

388 723 621 775 virtutem
640 721 688 792 (i
702 757 715 772 .
734 717 836 775 Cor
862 719 973 775 5.3.
997 729 1041 773 et
1056 719 1230 788 5.19);
1249 726 1303 772 et
1320 732 1529 779 rursus,
1549 714 1671 770 Non
1691 715 1856 770 solum
1870 714 1991 767 dum

384 815 567 868 adsum
588 812 730 885 apud
746 828 854 879 vos,
873 812 963 867 sed
979 813 1138 865 multo
1152 812 1313 881 magis
1328 811 1451 864 dum
1465 808 1641 862 absum
1662 806 1895 879 (CalJJ
1906 805 1988 875 8).

388 902 588 959 Paulus
606 905 872 974 apostolus
892 900 1019 956 Iesu
1043 900 1233 958 Christi
1258 918 1348 971 per
1372 900 1681 955 voluntatem
1706 898 1818 952 Dei.
1843 896 1990 967 Ope—

384 1012 461 1051 ra:
487 998 718 1066 pretium
742 1004 827 1051 est
850 1003 1030 1050 autem
1053 994 1236 1050 dicere
1256 994 1418 1049 etiam
1444 1000 1818 1063 argumentum
1847 987 1988 1061 quod

385 1091 693 1147 invenimus
715 1105 782 1146 ex
813 1089 1063 1160 epistola.
1098 1087 1379 1155 Quodnam
1409 1094 1591 1141 autem
1612 1094 1696 1140 est
1721 1082 1858 1138 hoc?
1888 1082 1991 1139 Per

380 1184 607 1254 angelos
634 1181 701 1237 ad
723 1182 888 1237 Deum
914 1179 1264 1246 accedebant,
1282 1178 1690 1233 observationes
1718 1175 1989 1231 habebant

383 1276 580 1330 multas
608 1282 664 1331 et
686 1272 941 1329 Judaicas
965 1280 1022 1328 et
1048 1270 1262 1328 Graecas
1284 1284 1377 1325 seu
1410 1267 1675 1326 ethnicas.
1707 1267 1831 1323 [lare
1856 1282 1987 1339 ergo

383 1368 605 1436 corrigit
638 1385 651 1420 :
687 1375 975 1437 prepterea
1002 1374 1058 1420 et
1087 1366 1140 1420 ln
1173 1365 1327 1419 initio
1358 1362 1509 1425 dicit,
1544 1361 1650 1416 Per
1675 1361 1985 1417 voluntatem

382 1457 499 1515 Dei.
522 1459 665 1515 Ecce
687 1473 875 1514 rursus
891 1457 1043 1525 illud,
1060 1473 1170 1527 per,
1185 1457 1383 1526 posuit.
1406 1454 1469 1509 Et
1486 1454 1781 1509 Timotheus
1802 1458 1983 1525 frater,

384 1554 577 1625 inquit.
624 1553 769 1625 Ergo
798 1554 916 1623 ipse
960 1566 1175 1623 quoque
1205 1557 1325 1605 erat
1353 1548 1654 1619 apostolus.
1681 1546 1981 1603 Consenta-

381 1662 542 1703 neum
582 1656 763 1702 autem
793 1654 913 1701 erat
938 1660 1062 1701 eum
1092 1656 1309 1715 quoque
1351 1640 1520 1697 fuisse
1550 1649 1735 1695 notum
1778 1640 1986 1695 Sanctis

380 1740 469 1809 qui
492 1748 611 1794 sunt
639 1736 883 1803 Colossis,
918 1751 1041 1807 qute
1071 1735 1293 1807 quidem
1321 1743 1438 1790 erat
1478 1733 1669 1789 civitas
1712 1731 1980 1803 Phrygia,

379 1833 542 1901 idque
571 1840 785 1888 constat
805 1847 874 1887 ex
900 1846 968 1886 eo
993 1829 1137 1900 qttod
1165 1830 1233 1884 sit
1259 1828 1559 1899 propinqua
1582 1826 1884 1883 Laodiceae.
1913 1826 1983 1880 Et

381 1925 617 1995 ﬁdelibus
666 1925 911 1995 fratribus
957 1923 1012 1977 in
1057 1920 1284 1978 Christo.
1336 1919 1640 1987 Uttdeuam,
1674 1918 1866 1989 inquit,
1896 1917 2004 1981 dic,

381 2034 537 2089 rogo,
569 2017 742 2075 factus
779 2034 839 2074 es
875 2017 1139 2074 sanctus?
1180 2014 1448 2069 undenam
1503 2015 1715 2067 vocaris
1760 2010 1981 2066 ﬁdelis?

381 2126 565 2169 annon
593 2111 736 2183 quod
774 2125 868 2181 per
894 2119 1126 2164 mortem
1157 2106 1357 2163 Christi
1388 2104 1535 2160 fuisti
1566 2104 1936 2160 sanctiﬁcatus
1955 2106 1980 2156 ἰ

379 2220 561 2264 annon
589 2201 731 2274 quod
757 2201 935 2258 credis
966 2201 1019 2256 in
1045 2198 1363 2255 Christum?
1407 2196 1688 2254 Undenam
1720 2193 1890 2251 factus
1919 2209 1980 2250 es

377 2299 584 2354 frater?
610 2313 716 2351 non
744 2296 888 2352 enim
914 2296 965 2350 in
997 2309 1183 2365 opere,
1220 2306 1395 2363 neque
1420 2292 1472 2347 in
1502 2305 1774 2353 sermone,
1803 2304 1980 2360 neque

376 2392 430 2445 in
472 2400 621 2445 recta
646 2389 864 2444 actione
893 2386 1192 2458 apparuisti
1218 2385 1409 2441 ﬁdelis.
1436 2382 1717 2440 Undenam
1747 2390 1875 2439 sunt
1905 2382 1978 2437 ti-

376 2482 472 2549 bi,
505 2482 839 2552 die,qu:eso,
875 2491 981 2535 tam
1012 2479 1178 2534 multa
1223 2478 1425 2534 credita
1471 2476 1768 2549 mysteria?
1798 2491 1978 2532 nonne

376 2582 599 2645 propter
646 2571 968 2628 Christum?
1000 2569 1182 2625 Gratia
1206 2570 1343 2625 vobis
1380 2579 1428 2624 et
1456 2586 1559 2640 pax
1594 2585 1627 2622 a
1665 2567 1775 2623 Deo
1823 2566 1981 2623 Patre

376 2676 567 2719 nostro.
597 2663 882 2721 Undenam
913 2663 1066 2718 vobis
1082 2662 1290 2733 gratia?
1317 2660 1586 2716 undenam
1608 2661 1749 2730 pax?
1778 2659 1822 2713 Α
1845 2659 1976 2727 Deo,

376 2757 570 2827 inquit,
601 2754 758 2814 Patre
782 2766 978 2810 nostro.
1011 2755 1170 2824 Atqui
1204 2753 1256 2808 in
1285 2752 1385 2807 hac
1416 2767 1523 2807 non
1568 2752 1747 2822 pesuit
1782 2766 1977 2806 nomen

375 2848 599 2909 Christi.
653 2848 839 2907 Dicam
870 2846 953 2903 eis
982 2848 1072 2916 qui
1104 2845 1392 2907 calumniis
1438 2845 1768 2900 insectantur
1810 2844 1981 2915 Spiri-

377 2953 490 2997 tum
526 2960 540 2998 :
573 2942 841 3002 undenam
876 2941 1016 2999 Deus
1046 2940 1206 2996 Pater
1223 2939 1543 3000 servorum?
1569 2938 1688 3009 quis
1715 2954 1781 2994 cx
1808 2938 1980 2992 servis

376 3045 486 3097 tam
510 3050 701 3107 magna
724 3034 973 3107 gessitet
1000 3034 1254 3102 praeclara
1276 3033 1300 3086 ?
1326 3031 1446 3103 quis
1475 3042 1527 3087 te
1555 3041 1797 3086 sanctum
1818 3032 1980 3087 fecit?

376 3128 498 3197 quis
525 3125 776 3182 ﬁdelem?
806 3124 927 3196 quis
980 3124 1146 3179 ﬁlimn
1181 3123 1319 3181 Dei?
1356 3124 1456 3190 Qui
1497 3132 1547 3178 te
1590 3123 1715 3177 iecit
1760 3122 1865 3178 ﬁde
1896 3122 1977 3178 di-

376 3236 562 3294 gnum.
584 3222 628 3277 is
656 3234 870 3291 quoque
893 3218 986 3273 fuit
1009 3233 1169 3274 causa
1192 3226 1251 3272 ut
1278 3217 1370 3271 tibi
1397 3216 1577 3272 omnia
1600 3216 1975 3273 crederentur.

448 3314 505 3367 ‘2.
552 3312 767 3368 Fideles
815 3311 959 3366 enim
1002 3324 1294 3376 vocamur,
1333 3324 1439 3362 non
1485 3309 1657 3363 solmn
1694 3317 1980 3379 propterea

379 3404 526 3476 quod
545 3404 828 3459 credamus
852 3444 868 3468 ,
898 3402 993 3457 sed
1024 3403 1186 3457 etiam
1218 3400 1360 3472 quod
1390 3416 1420 3455 a
1453 3400 1563 3455 Deo
1591 3400 1794 3456 credita
1825 3400 1980 3456 nobis

382 3499 493 3553 sint
520 3498 769 3571 mysteria
797 3537 811 3564 ,
841 3512 963 3568 qua:
990 3511 1058 3550 ne
1087 3494 1263 3567 angeli
1284 3492 1502 3564 quidem
1530 3502 1656 3547 ante
1687 3507 1785 3547 nos
1818 3508 1981 3548 nove-

380 3599 527 3646 runt.
559 3588 665 3646 Sed
698 3588 1162 3646 indiseriminatim
1206 3586 1325 3643 hate
1367 3586 1447 3642 sic
1486 3584 1715 3655 ponebat
1757 3585 1976 3641 Paulus.

380 3680 588 3743 Gratias
611 3681 811 3752 agimus
836 3679 943 3735 Deo
978 3677 1126 3736 Patri
1152 3675 1365 3733 Domini
1404 3677 1563 3733 nostri
1605 3675 1731 3732 Iesu
1764 3675 1978 3733 Christi.

377 3772 507 3829 Mihi
535 3772 749 3828 videtnr
772 3771 953 3827 omnia
972 3771 1116 3831 Patri
1140 3770 1461 3835 attribuere,
1487 3770 1556 3823 ita
1582 3778 1639 3824 ut
1673 3786 1778 3823 non
1798 3770 1979 3825 statim

383 3881 484 3927 eos
514 3866 760 3924 oﬁ‘endat
792 3865 991 3922 oratio.
1096 3861 1312 3933 Semper
1331 3878 1425 3933 pro
1450 3862 1588 3916 vobis
1614 3871 1839 3919 orantes.
1864 3862 1979 3917 Non

376 3959 553 4019 solum
585 3972 682 4028 per
710 3958 999 4028 gratiarum
1028 3957 1317 4023 actionem,
1347 3955 1440 4011 sed
1470 3964 1525 4013 et
1550 3971 1646 4025 per
1667 3965 1980 4027 perpetuam

377 4053 680 4110 orationem
703 4048 940 4109 ostendit
959 4049 1326 4115 dilectionem,
1355 4048 1498 4122 quod
1522 4049 1683 4108 etiam
1709 4063 1844 4119 quos
1872 4065 1980 4108 non

375 4144 590 4200 viderat
612 4159 830 4211 semper
857 4143 996 4213 apud
1027 4158 1086 4198 se
1117 4141 1368 4200 habebat.
1404 4140 1491 4214 [4.
1524 4142 1801 4198 Audientes
1827 4143 1982 4210 ﬁdem

375 4248 595 4295 vestram
622 4239 674 4292 in
703 4236 907 4293 Christo
931 4237 1079 4291 Iesu.
1095 4237 1230 4291 Cum
1255 4236 1504 4306 superius
1524 4235 1742 4303 dixerit,
1770 4235 1982 4293 Domini

376 4333 575 4398 nostri,
610 4331 732 4398 hic,
774 4329 901 4385 Iesu
928 4328 1158 4392 Christi,
1189 4330 1284 4383 ait.
1317 4329 1435 4397 Ipse
1473 4337 1557 4383 est
1588 4328 1866 4393 Dominus,
1901 4331 1977 4385 in-

375 4425 496 4494 quit
526 4442 539 4479 :
574 4439 747 4495 neque
774 4423 932 4490 dixit,
965 4422 1117 4480 Servi
1163 4420 1293 4477 Jcsu
1332 4420 1532 4476 Christi
1563 4438 1576 4475 :
1605 4436 1727 4491 qua:
1762 4422 1981 4492 quidem

376 4516 664 4576 manifesta
702 4524 829 4573 sunt
854 4515 1102 4572 beneﬁcii
1130 4514 1372 4586 symbola
1400 4530 1414 4567 :
1441 4513 1563 4584 Ipse
1586 4514 1757 4580 enim,
1787 4514 1980 4586 inquit,

373 4609 592 4667 salvabit
611 4609 857 4679 populum
878 4624 1026 4664 suum
1042 4624 1074 4660 a
1097 4608 1315 4677 peccatis
1336 4623 1510 4663 eorum
1537 4605 1750 4678 (Matth.
1782 4603 1985 4678 1.21).]

375 4701 658 4766 Audientes
683 4701 837 4769 ﬁdem
861 4710 1078 4757 vestram
1102 4700 1155 4753 in
1184 4699 1389 4754 Christo
1414 4697 1562 4765 Iesu,
1590 4707 1637 4752 et
1662 4698 1982 4753 dilectionem

373 4812 535 4860 quam
561 4794 754 4855 habetis
788 4794 843 4848 in
870 4810 1044 4851 omnes
1068 4801 1290 4849 sanctos.
1331 4790 1449 4846 Jam
1478 4805 1574 4846 eos
1598 4790 1698 4847 sibi
1730 4790 1985 4848 conciliat

373 4894 437 4942 ct
464 4895 646 4958 captat
676 4886 1131 4944 benevolentiam.
1166 4882 1570 4955 Epaphroditus
1617 4891 1702 4936 est
1747 4882 1837 4953 qui
1870 4881 1985 4938 haec

378 4981 657 5043 renuntiat.
696 4995 711 5046 ;
751 4979 913 5036 mittit
957 4988 1134 5038 autem
1169 4976 1453 5049 epiStolam
1488 4991 1584 5046 per
1637 4974 1931 5047 Tychicum
1962 5014 1983 5044 ,

376 5088 503 5129 cum
531 5073 679 5131 illum
708 5070 849 5142 apud
881 5086 940 5130 se
962 5070 1300 5129 detinuisset.
1335 5067 1401 5121 Et
1423 5066 1761 5132 dilectionem,
1790 5066 1980 5137 inquit,

374 5182 535 5236 quam
578 5164 772 5218 habetis
818 5164 873 5217 in
921 5180 1095 5217 onmes
1148 5168 1351 5221 sanctos
1382 5175 1400 5213 :
1432 5173 1537 5213 non
1594 5159 1646 5215 in
1702 5157 1843 5213 hunc
1892 5167 1985 5213 aut

381 5260 535 5316 illum
561 5275 575 5311 :
599 5273 729 5329 ergo
756 5258 808 5312 in
836 5272 934 5312 nos
963 5270 1199 5328 quoque.
1233 5254 1287 5309 5.
1324 5251 1548 5323 Propter
1573 5268 1735 5322 spem,
1763 5268 1878 5322 qua:
1904 5267 1984 5305 re-

380 5352 551 5423 posita
572 5360 646 5405 est
682 5350 820 5405 vobis
855 5350 907 5404 in
936 5349 1095 5404 ctelis.
1139 5347 1339 5408 Futura
1362 5386 1377 5410 ,
1407 5344 1614 5415 inquit,
1661 5343 1823 5400 bona.
1871 5343 1984 5399 Hoc

379 5445 644 5500 adversus
670 5444 1014 5508 tentationes,
1042 5459 1109 5498 ne
1138 5442 1225 5497 hic
1254 5455 1465 5511 quoque
1485 5450 1728 5510 quaerant
1748 5439 1981 5509 quietem

379 5546 438 5594 et
462 5539 654 5592 otium.
684 5537 815 5592 Nam
846 5552 912 5592 ne
936 5536 1200 5607 quispiam
1228 5534 1432 5588 diceret
1459 5548 1472 5587 :
1506 5531 1574 5589 Et
1600 5531 1725 5601 quid
1759 5531 1890 5587 lucri
1916 5530 1982 5585 ad

381 5650 480 5690 eos
501 5633 640 5689 redit
665 5648 730 5689 ex
758 5632 1046 5687 dilectione
1078 5631 1128 5684 in
1159 5638 1373 5685 sanctos
1392 5670 1407 5689 .
1436 5644 1558 5682 cum
1591 5626 1689 5696 ipsi
1717 5634 1984 5695 angantur

381 5739 436 5787 et
463 5728 651 5783 dolore
672 5726 1016 5781 afﬁciantur?
1038 5724 1330 5787 Lmtamur,
1362 5723 1551 5793 inquit,
1582 5719 1726 5792 quod
1758 5719 1809 5774 in
1838 5718 1983 5773 etclis

382 5837 577 5897 magna
607 5829 662 5876 et
692 5819 947 5891 prteclara
999 5817 1151 5872 vobis
1191 5814 1509 5869 conciliatis.
1562 5812 1781 5878 Propter
1820 5827 1980 5878 spent,

387 5915 579 5985 inquit,
630 5914 921 5985 repositam.
956 5912 1089 5968 [lem
1124 5908 1355 5966 Ostendit
1389 5908 1593 5979 lit‘lnam
1625 5914 1679 5977 cl
1710 5905 1979 5973 stabilem.

1293 413 1359 471 IN
1399 412 1616 471 EPIST.
1659 411 1753 469 AD
1790 406 2073 468 COLOSS.
2115 407 2269 467 CAP.
2312 411 2351 466 Ι.
2398 410 2629 470 HOMIL.
2672 411 2713 471 1.
2780 420 2783 421 ⁷

2106 528 2273 592 Quam
2310 532 2547 588 audiistis
2587 534 2639 587 in
2680 535 2829 592 verbo
2873 539 3116 595 veritatis.
3168 539 3281 596 Hoc
3328 541 3474 599 dicto
3524 548 3698 615 carpit

2104 618 2244 688 illos,
2272 624 2411 690 quod
2434 641 2554 681 cum
2585 626 2745 697 longo
2775 640 3018 702 tempore
3045 650 3165 691 eam
3194 635 3501 698 habuerint.
3525 620 3699 695 desci-

2100 714 2277 768 verint
2305 724 2355 770 et
2384 717 2492 772 sint
2513 721 2721 775 mutati.
2755 722 2921 788 Quam
2942 727 3105 796 prius,
3136 727 3346 798 inquit,
3379 730 3617 787 audiistts
3646 734 3699 786 in

2098 806 2246 860 verbo
2272 808 2494 863 veritatis
2520 814 2789 881 evangelii.
2821 816 2886 870 Et
2928 818 3051 886 jure
3093 821 3260 877 verbo
3300 822 3401 878 l‘ert
3448 825 3686 880 testimo.

2099 898 2245 991 nium
2276 902 2551 966 veritatis,
2584 906 2728 975 quod
2760 907 2811 962 in
2842 925 2908 963 eo
2939 910 3067 966 nihil
3108 913 3179 968 sit
3224 914 3363 970 falsi.
3407 916 3692 991 Evangelii.

2097 989 2213 1047 Non
2242 993 2393 1061 dicit,
2427 996 2851 1068 Prmdicationis,
2883 1003 2978 1058 sed
3005 1016 3157 1061 vocat
3184 989 3698 1083 evangeliumpper-

2097 1093 2262 1154 petuo
2286 1086 2367 1142 eis
2415 1088 2468 1142 in
2513 1092 2827 1147 memoriam
2859 1110 3122 1151 revocans
3152 1098 3244 1154 Dei
3288 1101 3589 1169 beneﬁcia;
3640 1113 3697 1162 et

2094 1190 2217 1232 cmn
2245 1193 2340 1233 eos
2371 1181 2517 1249 prius
2546 1181 2839 1249 laudasset,
2871 1195 2997 1242 tunc
3025 1186 3141 1243 haec
3162 1202 3380 1247 revocat
3404 1194 3455 1248 in
3486 1210 3695 1252 memo-

2094 1271 2250 1325 riam.
2280 1271 2333 1326 6.
2368 1273 2521 1340 Quod
2557 1277 2782 1345 pervenit
2829 1278 2899 1332 od
2943 1295 3053 1344 vos,
3098 1282 3229 1335 sicut
3273 1292 3321 1337 et
3362 1285 3417 1338 in
3462 1288 3698 1343 universo

2092 1364 2301 1419 mundo.
2322 1365 2439 1421 Iam
2462 1366 2541 1422 eis
2556 1369 2905 1439 gratiﬁcatur.
2931 1372 3085 1440 Quod
3105 1377 3329 1445 pervenit
3351 1389 3552 1445 autem,
3567 1382 3697 1437 dicit

2092 1456 2480 1527 metaphorice.
2503 1458 2617 1514 Non
2648 1462 2791 1515 enim
2814 1465 3044 1519 accessit
3069 1474 3123 1520 et
3151 1468 3394 1535 recessit,
3419 1470 3513 1526 sed
3544 1488 3695 1527 man-

2090 1549 2162 1605 sit
2188 1559 2241 1605 et
2268 1560 2351 1606 est
2374 1551 2500 1606 illic.
2534 1552 2737 1609 Deinde
2764 1557 3017 1626 quoniam
3048 1559 3281 1616 maxime
3308 1562 3697 1620 conﬁrmantur

2090 1641 2241 1697 multi
2273 1658 2337 1698 ex
2364 1658 2432 1699 eo
2451 1686 2468 1711 ,
2492 1645 2636 1713 quod
2674 1647 2874 1703 multos
2903 1648 3136 1706 habeant
3158 1651 3466 1724 dogmatum
3493 1660 3692 1723 socios,

2088 1743 2374 1805 propterea
2403 1735 2679 1807 subjunxit
2706 1757 2720 1793 :
2755 1740 2907 1795 Sicut
2931 1751 2979 1796 et
3004 1744 3058 1797 in
3078 1745 3308 1801 universo
3330 1750 3539 1804 mundo.
3565 1749 3695 1806 Ubi-

2085 1841 2195 1896 que
2219 1827 2393 1888 adest.
2426 1829 2618 1899 inquit,
2646 1830 2845 1902 ubique
2869 1832 3205 1891 dominatum
3237 1839 3468 1907 obtinet,
3493 1841 3693 1913 ubique

2084 1927 2211 1972 stat.
2242 1918 2304 1973 Et
2335 1920 2612 1989 fructi/icat
2642 1933 2688 1976 et
2714 1926 2913 1992 crescit,
2941 1927 3072 1981 sicut
3101 1929 3154 1983 in
3186 1931 3345 1986 vobis.
3379 1932 3691 1991 Frttctiﬁcat

2088 2024 2184 2079 per
2204 2025 2388 2080 opera,
2415 2023 2643 2083 augetur
2666 2015 2809 2085 quod
2838 2018 3038 2073 multos
3058 2030 3320 2090 assumat,
3350 2024 3492 2093 quod
3521 2027 3692 2097 magis

2086 2102 2331 2159 ﬁrmetur
2359 2120 2424 2161 ac
2450 2106 2774 2163 stabiliatur.
2822 2110 3033 2166 Etenim
3069 2114 3265 2182 planae
3307 2132 3522 2189 quoque
3564 2130 3691 2175 tunc

2083 2195 2267 2253 densa:
2294 2198 2444 2260 ﬁunt.
2473 2200 2690 2271 quando
2717 2203 2891 2272 planta
2924 2203 3085 2261 fuerit
3112 2206 3319 2263 ﬁrmata
3344 2225 3407 2264 ac
3430 2210 3683 2267 stabilita.

2083 2289 2230 2345 Sicut
2256 2291 2310 2345 in
2340 2292 2495 2347 vobis.
2524 2293 2839 2351 Auditorem
2868 2296 3116 2354 laudibus
3144 2312 3500 2371 prreoccurat.
3532 2314 3590 2358 ut
3623 2321 3689 2359 ne

2084 2383 2284 2440 invitus
2314 2386 2551 2442 recedat.
2587 2386 2674 2442 Ex
2697 2405 2757 2442 ea
2783 2388 2867 2444 die
2885 2407 2987 2459 qua
3010 2393 3299 2450 audivistis.
3331 2395 3423 2449 Est
3445 2396 3690 2452 mirabile

2083 2476 2225 2543 quod
2254 2477 2363 2532 cito
2391 2480 2696 2535 accessistis
2722 2490 2778 2536 et
2798 2482 3105 2539 credidistis
3129 2527 3144 2550 ,
3173 2493 3229 2541 et
3257 2487 3440 2543 statim
3471 2503 3501 2542 a
3534 2490 3686 2559 prin-

2081 2567 2223 2637 cipio
2246 2568 2450 2626 fructus
2476 2572 2808 2627 ostendistis.
2830 2573 2873 2627 Α
2897 2591 2997 2642 quo
3020 2576 3104 2631 die
3124 2578 3410 2642 audivistis,
3434 2589 3483 2634 et
3502 2597 3691 2652 cogno~

2081 2661 2223 2715 vistis
2242 2663 2462 2732 gratiam
2487 2662 2586 2717 Dei
2624 2664 2677 2718 in
2716 2666 2944 2720 veritate.
2969 2666 3085 2722 Non
3111 2668 3161 2722 in
3189 2684 3463 2735 sermone,
3492 2670 3684 2742 inquit.

2084 2768 2257 2823 neque
2300 2753 2352 2808 in
2394 2754 2749 2825 deceptione,
2783 2756 2880 2812 sed
2923 2758 2973 2813 in
3019 2758 3149 2828 ipsis
3192 2759 3367 2815 factis.
3409 2761 3523 2817 Hoc
3556 2778 3688 2833 ergo

2082 2846 2229 2911 dicit,
2245 2847 2582 2918 Fructi/icat;
2622 2851 2707 2905 vel
2751 2851 2901 2921 signa
2951 2860 3007 2907 et
3055 2852 3311 2908 miracula
3340 2854 3484 2925 quod
3524 2856 3684 2910 simul

2082 2939 2385 3010 accepistis,
2417 2950 2467 2997 et
2492 2942 2715 3013 gratiam
2735 2942 2827 2999 Dei
2846 2942 3192 3016 cognovistis.
3218 2946 3350 3002 Cum
3381 2960 3512 3020 ergo
3533 2962 3685 3001 suam

2081 3032 2262 3086 statim
2307 3031 2621 3088 ostenderat
2651 3034 2936 3094 virtutem.
2966 3036 3239 3106 quomodo
3272 3053 3379 3092 non
3423 3048 3506 3093 est
3539 3039 3685 3094 difﬁ—

2083 3122 2185 3178 cile
2225 3132 2283 3178 ut
2306 3123 2357 3180 ei
2388 3139 2531 3180 nunc
2570 3140 2677 3181 non
2724 3125 3015 3181 credatur?
3052 3128 3105 3182 7.
3138 3126 3287 3183 Sicut
3330 3129 3582 3184 didicistis
3622 3131 3685 3186 ab

2084 3213 2337 3286 Epaphra
2357 3218 2622 3272 carissimo
2643 3235 2883 3273 conservo
2904 3229 3097 3275 nostro.
3129 3221 3260 3275 Eum
3287 3223 3583 3279 verisimile
3603 3235 3687 3280 est

2085 3308 2193 3364 illic
2220 3308 2540 3379 prmdicasse
2574 3331 2588 3367 :
2619 3310 2881 3367 didicistis
2922 3313 3278 3379 evangelium.
3331 3314 3536 3371 Deinde
3585 3331 3678 3370 os-

2086 3400 2315 3461 tendens
2342 3418 2463 3457 eum
2483 3417 2605 3458 esse
2632 3402 2736 3458 ﬁde
2755 3402 3001 3474 dignum,
3023 3404 3159 3459 dicit
3182 3423 3195 3459 :
3218 3404 3472 3460 Conservo
3489 3416 3682 3463 nostro.

2088 3493 2191 3559 Qui
2216 3503 2288 3549 est
2314 3494 2482 3563 ﬁdelis
2513 3511 2605 3564 pro
2630 3495 2768 3551 vobis
2798 3497 3026 3551 minister
3053 3497 3273 3565 Christi,
3301 3498 3356 3554 8.
3403 3498 3494 3569 qui
3532 3499 3686 3553 etiam

2085 3588 2425 3659 manifestavit
2468 3588 2612 3645 nobis
2645 3590 2967 3645 dilectionem
2996 3601 3218 3645 vestram
3260 3592 3313 3646 in
3356 3593 3559 3661 spiritu.
3607 3591 3687 3647 Ne

2084 3682 2362 3749 dubitetis,
2394 3682 2603 3754 inquit,
2635 3683 2705 3739 de
2735 3697 2831 3751 Spe
2876 3684 3049 3737 futura
3084 3702 3098 3737 :
3131 3683 3325 3738 videtis
3355 3684 3539 3739 orbem
3572 3692 3684 3739 ter-

2085 3791 2269 3831 rarum
2297 3774 2561 3831 converti.
2599 3773 2669 3829 Et
2709 3772 2837 3845 quid
2866 3789 3003 3845 opus
3033 3781 3118 3828 est
3162 3773 3347 3830 dicere
3387 3790 3507 3844 qure
3555 3774 3689 3829 ﬁunt

2086 3867 2227 3922 inter
2252 3865 2429 3921 alios?
2456 3882 2575 3935 qua:
2604 3874 2731 3921 sunt
2763 3866 2902 3920 inter
2925 3879 3022 3918 vos
3053 3865 3225 3933 ipsos,
3253 3873 3379 3919 sunt
3407 3865 3521 3934 ipsa
3555 3880 3689 3935 quo—

2085 3974 2190 4030 que
2212 3958 2330 4014 sine
2360 3958 2465 4013 illis
2494 3957 2597 4013 ﬁde
2626 3957 2809 4029 digna.
2835 3956 3152 4028 Cognovistis
3178 3957 3321 4013 enim
3350 3956 3448 4011 Dei
3468 3959 3688 4029 gratiam

2086 4052 2137 4106 in
2165 4054 2406 4117 veritate;
2439 4050 2543 4107 hoc
2572 4060 2684 4119 est,
2723 4050 2775 4106 in
2820 4049 2996 4106 factis.
3029 4049 3392 4120 Quamobrem
3426 4049 3535 4106 duo
3564 4060 3691 4106 sunt

2086 4160 2206 4215 qum
2232 4143 2408 4198 futura
2436 4143 2777 4208 conﬁrment,
2810 4153 2867 4197 et
2889 4142 3031 4213 quod
3054 4156 3244 4197 omnes
3259 4141 3612 4208 crediderint,
3637 4153 3692 4201 et

2086 4236 2228 4307 quod
2260 4252 2357 4291 vos
2389 4255 2401 4289 :
2433 4245 2488 4291 et
2518 4252 2624 4290 non
2656 4236 2758 4290 alia
2788 4234 3002 4305 quidem
3034 4234 3171 4289 facta
3196 4242 3342 4295 sunt.
3374 4234 3477 4288 alia
3506 4243 3685 4290 autem

2086 4328 2220 4385 dixit
2250 4327 2547 4399 Epaphras.
2584 4326 2685 4393 Qui
2731 4336 2844 4392 est,
2870 4325 3062 4395 inquit,
3092 4323 3301 4394 ﬁdelis;
3330 4322 3431 4377 hoc
3459 4332 3563 4387 est,
3594 4339 3681 4378 ve-

2088 4435 2206 4477 rax.
2232 4418 2536 4486 Quomodo,
2568 4416 2674 4472 Pro
2694 4418 2832 4473 vobis
2849 4417 3113 4472 minister?
3132 4414 3285 4484 Quod
3309 4415 3374 4469 ad
3402 4414 3577 4485 ipsum
3600 4431 3690 4471 ae-

2086 4515 2346 4577 cesserit,
2381 4521 2436 4567 et
2475 4513 2652 4580 nobis,
2702 4512 2907 4582 inquit,
2948 4511 3247 4568 ostenderit
3286 4521 3521 4566 vestram
3551 4508 3687 4568 diio-

2093 4606 2329 4663 ctionem
2358 4605 2409 4659 in
2442 4604 2669 4675 spiritu;
2699 4604 2803 4659 hoc
2823 4602 3265 4673 est,spiritualem
3294 4602 3346 4657 in
3375 4617 3495 4657 nos.
3519 4600 3580 4656 Si
3603 4599 3690 4655 hic

2088 4708 2174 4755 est
2200 4696 2401 4755 Christi
2441 4696 2718 4760 minister.
2742 4695 3015 4767 quomodo
3052 4695 3234 4752 dicitis
3272 4709 3369 4749 vos
3408 4693 3603 4751 adduci
3634 4700 3692 4748 et

2089 4791 2365 4849 conciliari
2396 4806 2492 4862 per
2515 4789 2779 4861 angelos?
2811 4788 2912 4856 Qui
2938 4788 3079 4843 nobis
3100 4789 3272 4852 etiam,
3303 4786 3495 4856 inquit,
3518 4784 3685 4837 mani-

2090 4885 2290 4956 festavit
2320 4884 2639 4938 dilectionem
2667 4889 2882 4936 vestram
2923 4881 2978 4934 in
3005 4878 3210 4947 spiritu.
3251 4877 3377 4932 Haec
3403 4884 3484 4931 est
3508 4874 3686 4929 admiv

2090 4976 2275 5035 rabilis
2304 4975 2563 5045 ﬁrmaque
2586 4984 2640 5028 et
2661 4971 2868 5027 stabilis
2886 4970 3105 5026 dilectio
3132 4985 3145 5021 :
3179 4982 3301 5022 nam
3319 4967 3439 5020 alim
3465 4964 3683 5037 quidem

2089 5071 2264 5127 solum
2291 5050 2492 5122 habent
2521 5079 2716 5120 nomen
2744 5062 3066 5118 dilectionis.
3108 5060 3245 5117 Sunt
3281 5069 3460 5114 autem
3491 5058 3685 5127 aliqua:

2091 5179 2197 5218 non
2221 5157 2565 5233 huiusmodi;
2597 5155 2691 5211 sed
2721 5171 2827 5210 non
2855 5163 2940 5209 est
2982 5154 3087 5209 hoc
3125 5152 3397 5213 amicitia:
3422 5149 3685 5223 quamobv,

2089 5271 2204 5315 rem
2225 5268 2288 5309 ea
2317 5259 2401 5306 est
2428 5248 2582 5304 facile
2602 5246 2952 5304 dissolubilis.

2161 5348 2215 5403 5.
2250 5342 2600 5398 Amicitiarum
2632 5339 2776 5392 varia
2804 5352 3007 5408 genera.
3041 5366 3111 5377 —
3139 5334 3319 5390 Μυιιω
3360 5341 3487 5387 sunt
3525 5345 3686 5386 θεων

2090 5440 2273 5495 siones
2295 5429 2647 5491 concilianda:
2674 5428 2929 5484 amicitia:
2958 5447 2971 5482 :
3002 5437 3059 5483 et
3084 5436 3269 5496 turpes
3295 5422 3515 5497 quidem
3542 5437 3685 5493 pra).

2092 5530 2453 5589 terminemus
2482 5542 2496 5580 :
2531 5537 2693 5580 nemo
2712 5522 2854 5579 enim
2879 5520 3035 5576 nobis
3054 5519 3269 5590 objiciet
3291 5517 3408 5573 illas
3433 5531 3541 5572 non
3567 5530 3691 5571 esse

2090 5623 2294 5682 malas;
2327 5618 2420 5675 sed
2443 5617 2486 5671 si
2505 5615 2689 5681 vultis,
2720 5615 2772 5669 in
2803 5612 3038 5669 medium
3066 5610 3395 5673 adducamus
3415 5608 3692 5664 naturales

2091 5724 2147 5771 et
2174 5728 2294 5785 qua:
2326 5710 2394 5766 ad
2427 5709 2566 5762 hanc
2598 5707 2762 5761 vitam
2787 5703 3050 5776 agendam
3078 5700 3371 5773 pertinent.
3401 5700 3577 5770 Atque
3604 5697 3690 5752 hat

2091 5805 2307 5875 quidem
2336 5800 2400 5856 ad
2432 5800 2569 5854 hanc
2596 5798 2758 5853 vitam
2789 5795 3061 5867 pertinent
3087 5811 3099 5847 :
3126 5793 3275 5849 verbi
3314 5791 3486 5863 gratia
3510 5830 3527 5856 ,
3566 5805 3688 5846 cum

2098 5902 2165 5959 de
2186 5898 2364 5970 aliquo
2390 5893 2655 5971 quispiam
2688 5900 2769 5950 est
2810 5889 2946 5963 bene
2984 5888 3240 5956 meritus,
3290 5901 3412 5944 cum
3457 5883 3687 5944 amicum
