4184 6558
489 434 594 490 505
1174 420 1230 476 S.

493 547 701 619 paravit
729 561 757 601 a
787 541 1100 614 majoribus,
1130 553 1251 594 cum
1275 536 1374 592 fuit
1394 534 1572 590 socius
1597 543 1796 586 mensa:
1822 533 2084 619 antpere-

492 617 830 711 grinationis,
863 643 956 690 aut
981 641 1067 688 est
1088 631 1294 686 vicinus
1316 647 1329 684 :
1349 635 1475 683 sunt
1499 625 1583 678 hae
1605 634 1819 692 quoque
1851 617 2088 711 pulchrae

493 706 545 785 et
580 731 820 784 honesta-
853 743 866 780 :
895 734 987 779 aut
1021 731 1106 779 est
1134 720 1375 792 ejusdem
1416 716 1548 771 artis
1576 731 1592 770 :
1621 724 1781 782 atque
1813 709 1928 763 haec
1971 706 2088 777 qui-

495 823 617 876 dem
673 836 777 873 non
835 826 918 872 est
965 815 1214 877 sincera;
1279 810 1440 864 habet
1493 807 1639 862 enim
1689 800 2086 856 aemulationem

501 913 783 984 quamdam
811 919 866 964 et
889 908 1169 964 invidiam.
1201 903 1482 959 Naturales
1509 908 1724 962 autem,
1758 904 1817 950 ut
1841 903 1965 963 puta
1997 905 2089 961 pa-

498 1009 596 1060 tris
628 1019 752 1074 erga
776 1002 964 1066 ﬁlittm,
986 1000 1080 1054 ﬁlii
1101 1013 1226 1068 erga
1249 1005 1476 1066 patrem,
1496 992 1676 1046 fratris
1694 1003 1820 1058 erga
1845 987 2088 1050 fratrem,

496 1101 580 1151 avi
610 1112 735 1167 erga
769 1103 1038 1164 nepotem,
1071 1091 1262 1146 matris
1290 1101 1417 1158 erga
1439 1084 1579 1140 ﬁlios
1603 1101 1618 1149 ;
1642 1083 1687 1138 si
1709 1081 1868 1137 vultis
1889 1087 2088 1143 autem,

501 1193 685 1247 uxoris
711 1204 923 1260 quoque
952 1201 1077 1258 erga
1102 1186 1353 1240 maritum
1383 1198 1397 1234 :
1431 1193 1620 1235 omnes
1646 1176 1789 1231 enim
1811 1173 2090 1228 matrimoo

505 1285 678 1338 niales
701 1290 828 1335 sunt
864 1279 930 1334 ad
972 1279 1136 1333 vitam
1177 1275 1508 1347 pertinentes
1553 1277 1610 1325 et
1654 1274 1960 1323 terrestres.
2000 1261 2094 1316 Hae

503 1377 717 1445 quidem
761 1372 1014 1428 videntur
1049 1369 1151 1424 illis
1179 1382 1301 1424 esse
1329 1361 1761 1420 vehementiores
1800 1375 1813 1410 :
1848 1355 2096 1410 videntur

505 1479 707 1530 autem,
735 1465 867 1529 dixi,
898 1463 1018 1533 quia
1048 1474 1193 1529 s:epe
1235 1473 1266 1512 a
1310 1452 1619 1511 memoratis
1643 1455 1982 1520 superantur.
2029 1445 2096 1499 Et.

507 1556 789 1627 aliquando
817 1554 1032 1624 quidem
1067 1550 1164 1605 visi
1199 1556 1325 1602 sunt
1349 1544 1508 1600 amici
1539 1541 1728 1597 melius
1754 1549 1808 1594 et
1831 1535 2096 1617 sincerius

507 1649 682 1704 affecti
705 1663 862 1718 quam
891 1646 1102 1709 fratres,
1133 1650 1189 1697 et
1216 1654 1372 1712 quam
1403 1637 1497 1692 ﬁlii
1527 1636 1578 1690 in
1609 1643 1858 1705 parentes
1885 1647 1900 1686 :
1925 1637 1982 1685 et
2005 1628 2098 1699 qui

507 1741 606 1794 fuit
629 1738 843 1809 quidem
865 1733 1096 1807 genitus,
1130 1747 1238 1788 non
1267 1744 1424 1801 opem
1465 1727 1618 1792 tulit;
1647 1725 1735 1796 qui
1766 1732 1945 1778 autem
1972 1733 2096 1775 eum

511 1848 615 1884 non
644 1829 931 1900 cognovit,
961 1826 1128 1881 adfuit
1171 1832 1227 1882 et
1263 1836 1422 1892 opem
1473 1819 1613 1874 tulit.
1656 1814 1879 1870 Dilectio
1920 1822 2097 1867 autem

507 1923 802 1992 spiritualis
828 1929 912 1976 est
939 1919 1180 1973 omnium
1209 1928 1463 1986 suprema
1487 1953 1503 1978 ,
1546 1910 1707 1966 veluti
1737 1907 1979 1980 qumdam
2015 1919 2102 1960 reo

510 2018 654 2084 gina,
673 2031 793 2085 qua:
824 2016 878 2068 in
903 2027 1031 2068 suos
1058 2011 1386 2065 dominatum
1413 2006 1639 2069 obtinet,
1661 2005 1991 2070 honesteque
2019 2007 2099 2054 est

513 2109 692 2177 specie
736 2105 1067 2176 pulchroque
1098 2102 1280 2156 habitu
1311 2115 1325 2153 :
1359 2097 1489 2153 nihil
1515 2097 1657 2152 enim
1701 2099 1956 2148 terrestre
1980 2103 2101 2145 eam

518 2198 656 2268 parit
681 2198 822 2252 sicut
864 2196 1009 2252 illam
1031 2237 1046 2258 ,
1078 2209 1185 2250 non
1222 2188 1590 2254 consuetudo,
1624 2200 1731 2240 non
1759 2182 2098 2246 beneﬁcium,

519 2308 624 2346 nott
681 2301 889 2353 natura,
919 2304 1023 2344 non
1069 2302 1279 2351 aurum,
1309 2283 1404 2339 sed
1448 2297 1480 2337 a
1531 2279 1780 2351 supernis
1828 2273 2106 2330 descendit

517 2401 550 2440 e
575 2386 729 2439 casio.
762 2385 824 2438 Et
844 2383 970 2454 qttid
1001 2380 1233 2444 miraris,
1267 2379 1311 2433 si
1343 2373 1601 2430 beneﬁcio
1629 2386 1736 2426 non
1757 2378 1878 2440 eget
1901 2377 1958 2421 ιιι
1977 2381 2105 2421 con-

517 2477 706 2540 sistat,
734 2489 856 2528 eum
909 2488 976 2526 ne
1018 2471 1062 2525 si
1115 2469 1238 2524 mali
1283 2467 1500 2538 quidem
1547 2463 1836 2534 quidquam
1881 2457 2104 2526 accipiat

517 2565 825 2621 evertatur?
847 2562 1000 2631 Quod
1025 2571 1202 2616 autem
1236 2560 1350 2615 hate
1377 2559 1448 2613 sit
1476 2557 1562 2612 illa
1595 2554 1786 2624 major,
1818 2549 1942 2604 audi
1967 2548 2108 2603 Pau-

519 2661 626 2713 lum
675 2656 938 2712 dicentem
983 2673 1000 2709 :
1045 2653 1289 2724 Optarent
1334 2667 1424 2722 ego
1467 2649 1576 2718 ipse
1622 2661 1728 2700 me
1766 2643 2038 2697 anathema
2079 2654 2111 2691 α

518 2749 722 2804 Christo
751 2765 843 2818 pro
873 2747 1117 2819 fratribus
1147 2746 1270 2824 meis
1292 2742 1468 2814 (Rom.
1493 2741 1546 2796 9.
1577 2739 1653 2810 5).
1681 2737 1814 2804 Quis
1836 2735 1938 2790 hoc
1963 2740 2112 2803 pater

519 2844 812 2915 Optaverit,
849 2856 970 2896 esse
1008 2841 1060 2894 itt
1098 2839 1296 2895 malis?
1328 2837 1396 2891 Et
1428 2848 1612 2889 rursus
1646 2851 1659 2887 :
1690 2827 1914 2894 Resolvi,
1945 2837 2114 2881 etesse

517 2953 636 2989 cum
663 2934 865 2990 Christo
893 2935 1040 3003 longe
1075 2941 1148 2986 est
1178 2929 1395 2992 melius;
1429 2941 1638 2980 manere
1669 2931 1840 2978 autem
1869 2920 1921 2973 in
1959 2934 2114 2974 carne

523 3039 596 3082 est
623 3029 784 3099 magis
811 3025 1145 3081 necessarium
1169 3031 1373 3092 promer
1395 3036 1481 3072 vos
1511 3016 1772 3087 (Philipp.
1803 3015 1853 3068 1.
1882 3011 1973 3068 25.
1995 3011 2112 3079 21).

523 3122 779 3188 Quantam
808 3125 978 3172 mater
1005 3115 1122 3171 haec
1153 3114 1408 3169 voluisset
1433 3111 1632 3174 dicere,
1668 3117 1726 3162 ut
1752 3121 1846 3160 sua
1872 3103 2116 3173 despice-

527 3211 648 3266 ret?
684 3211 749 3265 Et
794 3225 980 3264 rursus
1024 3207 1147 3263 audi
1194 3221 1318 3262 eum
1363 3204 1665 3258 dicentem:
1704 3199 1882 3252 Urbati
1925 3197 2056 3250 enim
2085 3211 2118 3247 α

524 3304 663 3357 vobis
684 3304 750 3355 ad
775 3311 974 3369 tempus
997 3300 1156 3366 horta,
1177 3306 1406 3367 aspectu,
1439 3311 1540 3349 non
1568 3294 1720 3348 corde
1745 3293 1818 3360 (1.
1847 3290 2028 3345 Thess.
2053 3290 2113 3343 2.

528 3395 644 3465 17).
677 3393 743 3446 Et
771 3393 857 3447 hic
880 3391 1094 3462 quidem
1132 3397 1282 3459 pater
1310 3385 1634 3442 contumelia
1665 3383 1886 3438 affectus
1912 3422 1927 3449 ,
1961 3382 2120 3436 solvit

527 3485 858 3550 amicitiam;
908 3481 1017 3536 illic
1065 3489 1244 3534 autem
1291 3493 1396 3533 non
1428 3477 1612 3533 itidem
1635 3517 1650 3542 ,
1682 3475 1776 3531 sed
1817 3483 1871 3528 et
1899 3473 1964 3527 ad
1998 3473 2120 3527 illos

529 3576 620 3646 qui
650 3574 916 3644 lapidibus
945 3571 1268 3643 appetebant
1293 3569 1462 3634 abiit,
1485 3583 1580 3624 eos
1606 3565 1870 3622 beneﬁcio
1899 3564 2122 3619 aﬂ'ectu-

531 3681 644 3722 rus.
670 3665 807 3720 Nihil
835 3672 916 3719 est
947 3664 1112 3729 enim,
1141 3661 1273 3716 nihil
1304 3674 1456 3731 aeque
1482 3657 1737 3723 validum,
1771 3664 1828 3711 ut
1849 3653 2118 3710 vinculum

533 3757 774 3827 spiritus.
806 3755 905 3822 Qui
935 3756 1078 3808 enim
1108 3751 1252 3822 quod
1282 3753 1350 3807 sit
1378 3749 1638 3806 beneﬁcio
1663 3747 1887 3803 aﬂ‘ectns
1911 3789 1925 3813 ,
1953 3745 2122 3800 evasit

531 3849 768 3914 amicus;
801 3849 844 3901 si
879 3846 979 3900 hoc
1005 3845 1262 3915 perpetuo
1291 3859 1397 3899 non
1429 3844 1540 3910 fiat,
1569 3843 1670 3896 erit
1703 3841 1955 3894 inimicus
1985 3857 1997 3892 :
2031 3838 2122 3909 qui

533 3959 599 3998 ex
627 3939 1015 3996 consuetudine
1040 3948 1156 3993 erat
1199 3937 1494 3992 indivulsus
1519 3977 1534 3999 ,
1564 3936 1861 4003 interrupta
1894 3946 2126 3987 consue-

538 4032 725 4088 tudine
748 4031 1005 4085 exstinxit
1033 4029 1344 4084 amicitiam.
1390 4027 1580 4081 Mulier
1623 4041 1810 4081 rursus
1833 4065 1848 4091 ,
1887 4026 1932 4080 si
1964 4024 2126 4080 fuerit

536 4126 604 4180 iis
630 4138 695 4178 ac
723 4123 1010 4186 dissensio,
1042 4120 1261 4175 dimittit
1288 4119 1536 4173 maritum
1567 4126 1622 4174 et
1648 4117 1810 4172 solvit
1836 4132 2076 4172 amorem
2107 4133 2120 4169 :

540 4217 702 4282 ﬁlius,
731 4216 774 4270 si
805 4214 897 4269 diu
919 4215 1184 4268 viventem
1216 4211 1410 4265 viderit
1438 4220 1641 4280 patrem
1664 4250 1679 4273 ,
1713 4225 1855 4280 aegre
1900 4207 2022 4263 fert.
2066 4208 2122 4263 in

536 4307 728 4376 Spiritu
752 4316 928 4360 autem
956 4303 1218 4374 ejusmodi
1262 4302 1390 4357 nihil
1419 4310 1502 4357 est
1532 4319 1544 4355 :
1577 4302 1724 4356 nullo
1763 4303 1904 4355 enim
1933 4299 2123 4355 horum

538 4397 770 4453 solvitur
793 4438 810 4463 ,
851 4399 1103 4466 quoniam
1133 4395 1320 4449 iisdem
1354 4409 1459 4447 non
1486 4403 1696 4449 constat
1729 4410 1744 4457 ;
1773 4408 1948 4463 neque
1992 4404 2126 4448 tem-

539 4505 641 4562 pus
664 4532 679 4556 ,
729 4505 904 4558 neque
947 4490 1066 4543 vita:
1097 4487 1390 4558 longitudo,
1422 4503 1519 4542 nec
1550 4488 1749 4541 malum
1777 4487 1884 4556 pati
1915 4488 1996 4541 vel
2026 4501 2126 4540 att-

539 4582 678 4647 dire,
712 4596 815 4636 non
839 4581 937 4648 ira,
961 4595 1066 4636 non
1093 4579 1436 4644 contumelia,
1468 4594 1640 4648 neque
1665 4579 1954 4648 quidquam
1982 4577 2124 4632 aliud

541 4673 780 4738 invadit,
815 4687 987 4743 neque
1015 4687 1134 4726 eam
1181 4680 1356 4740 potest
1395 4669 1710 4724 dissolvere.
1744 4668 1813 4723 Et
1858 4677 1918 4723 ut
1962 4669 2122 4734 scias,

540 4764 804 4836 lapidibus
848 4764 1202 4834 appetebatur
1249 4762 1442 4827 Moses,
1497 4769 1551 4815 et
1595 4776 1692 4830 pro
1736 4760 1868 4830 ipsis
1906 4759 2125 4830 rogabat

540 4861 734 4932 (Exod.
767 4860 882 4930 17).
911 4860 1042 4928 Quis
1088 4868 1238 4929 pater
1276 4851 1385 4912 ltoc'
1407 4856 1621 4913 fecisset
1660 4873 1756 4926 pro
1782 4873 1848 4913 eo
1872 4857 1961 4927 qui
1995 4857 2128 4926 lapi-

542 4952 695 5006 dibus
725 4959 1038 5022 appeteret,
1071 4960 1126 5006 et
1149 4966 1256 5005 non
1297 4949 1468 5018 ipsum
1505 4949 1774 5004 obruisset
1813 4947 2126 5019 lapidibus?

539 5046 647 5099 llas
679 5058 1060 5115 persequamur
1111 5053 1166 5098 et
1205 5058 1510 5118 quaeramus
1550 5043 1814 5097 amicitias
1843 5059 1963 5113 quae
2000 5051 2127 5097 sunt

537 5151 600 5190 ex
628 5136 816 5205 spiritu
845 5153 858 5189 :
886 5144 1012 5190 sunt
1042 5134 1186 5190 enim
1228 5133 1397 5189 fortes
1423 5143 1474 5189 et
1504 5136 1680 5189 solutu
1710 5134 1989 5200 difﬁciles;
2019 5151 2123 5189 non

537 5242 631 5282 eas
657 5244 776 5298 qum
815 5243 882 5283 ex
911 5229 1112 5283 mensis
1136 5229 1381 5284 oriuntur
1410 5247 1425 5282 :
1453 5245 1575 5284 nam
1607 5230 1725 5284 illas
1770 5240 2015 5285 vetamur
2043 5230 2126 5284 itt-

539 5320 759 5374 ducere.
789 5318 925 5373 Audi
949 5319 1092 5374 enim
1118 5318 1391 5374 Christum
1421 5319 1688 5376 dicentem
1715 5321 1768 5374 in
1796 5321 2083 5390 Evangelia
2110 5339 2125 5375 :

543 5410 665 5463 Non
685 5410 972 5467 invitaverit
1002 5413 1192 5466 amicos
1219 5423 1350 5477 tuos,
1379 5428 1536 5482 neque
1556 5415 1745 5466 uicinos
1770 5421 1900 5476 tuos,
1931 5415 1976 5467 si
1997 5418 2129 5485 [εδει

537 5503 612 5554 ris
644 5501 947 5564 convivium,
977 5501 1067 5555 sed
1092 5501 1302 5555 claudos
1318 5511 1364 5555 et
1389 5517 1593 5555 mancos
1621 5500 1983 5572 (Luc.H.12.
2015 5504 2125 5573 15);

541 5600 594 5642 et
638 5591 867 5644 merito:
897 5600 982 5646 est
1009 5593 1152 5645 enim
1183 5607 1371 5660 magna
1405 5608 1502 5662 pro
1532 5593 1616 5648 his
1646 5609 1874 5648 merces.
1904 5597 1974 5648 At
2022 5611 2127 5650 non

541 5691 697 5750 potes
720 5721 737 5747 ,
771 5697 877 5737 non
905 5684 1140 5739 sustines
1168 5684 1437 5738 eonvivari
1467 5699 1587 5739 cum
1620 5684 1824 5741 claudis
1851 5694 1904 5741 et
1929 5687 2086 5741 caacis
2111 5702 2127 5751 ;

541 5773 636 5826 sed
667 5773 941 5829 existimas
978 5775 1081 5829 hoc
1106 5790 1225 5830 esse
1249 5792 1410 5845 grave
1436 5786 1490 5831 et
1517 5777 1839 5843 molestum,
1888 5789 1942 5834 et
1973 5795 2126 5834 reru-

541 5865 672 5918 sas?
698 5865 854 5921 Certe
880 5866 930 5922 id
959 5866 1128 5924 vitare
1161 5881 1268 5922 non
1288 5877 1585 5937 oporteret,
1615 5869 1710 5924 sed
1733 5869 1784 5926 id
1813 5871 1988 5926 facere
2020 5889 2125 5926 uott

1296 414 1571 476 JOANNIS
1607 402 2083 470 CIIRYSOSTOMI
2124 401 2439 458 ARCHIEP.
2480 403 3014 469 CONSTANTINOP.

3680 423 3781 478 εν.

2192 528 2276 576 est
2301 537 2542 582 necesse.
2585 527 2639 584 Si
2669 544 2776 584 non
2804 530 2996 587 feceris
3029 547 3124 588 eos
3155 542 3328 588 tecum
3377 536 3658 593 considere
3685 581 3700 605 ,
3752 555 3783 595 e

2194 629 2377 670 mensa
2407 625 2495 671 tua
2523 619 2588 672 ad
2613 634 2708 675 eos
2737 623 2892 677 mitte
2932 623 3134 678 cibum.
3167 625 3300 681 Nam
3331 627 3422 698 qui
3469 631 3672 684 amicos
3702 633 3784 685 in-

2193 705 2341 770 vitat,
2367 706 2498 762 nihil
2523 723 2773 779 magnum
2798 711 2959 780 facit;
2985 713 3072 769 hic
3086 717 3230 772 enim
3252 719 3458 788 accepit
3477 721 3781 779 mercedem

2193 811 2344 851 suam
2373 814 2387 850 :
2416 800 2505 868 qui
2535 811 2713 857 autem
2741 802 2929 860 invitat
2959 807 3205 862 mutilum
3235 817 3292 865 et
3321 824 3609 880 pauperem
3635 853 3650 877 ,
3685 813 3780 866 ha-

2194 888 2282 945 bet
2308 889 2472 944 Deum
2501 891 2820 950 debitorem.
2857 896 2935 951 Ne
2960 913 3089 970 ergo
3118 915 3262 971 tegre
3292 902 3528 958 feramus
3570 905 3786 974 quando

2195 994 2300 1034 non
2333 980 2419 1035 hic
2447 984 2812 1052 acceperimus
2834 1027 2849 1053 ,
2881 988 2976 1043 sed
3003 991 3220 1059 quando
3249 991 3338 1048 hic
3367 995 3741 1062 acceperimus
3767 1013 3783 1062 ;

2196 1085 2318 1124 nam
2347 1071 2456 1126 illic
2484 1088 2590 1128 non
2617 1076 2964 1145 accipiemus.
2993 1079 3257 1138 Similiter
3278 1123 3295 1148 ,
3335 1084 3382 1139 si
3412 1085 3575 1140 homo
3601 1086 3787 1142 reddi-

2195 1159 2356 1228 derit,
2376 1161 2515 1217 Deus
2535 1178 2642 1218 non
2669 1166 2876 1227 reddit;
2896 1169 2940 1224 si
2968 1170 3053 1225 hic
3083 1186 3188 1226 non
3215 1173 3425 1240 reddet,
3447 1184 3574 1230 tunc
3595 1177 3788 1233 reddet

2198 1253 2358 1310 Deus.
2384 1253 2461 1311 Ne
2484 1271 2612 1326 ergo
2639 1259 2760 1314 illos
2785 1276 3090 1331 quaeramus
3131 1264 3396 1324 beneﬁcio
3428 1269 3651 1326 afficere
3695 1274 3786 1341 qui

2199 1356 2425 1416 possunt
2451 1346 2604 1405 nobis
2625 1349 2852 1408 reddere
2878 1369 2894 1420 ;
2924 1369 3100 1425 neque
3127 1356 3226 1413 hac
3253 1373 3351 1428 spe
3378 1360 3458 1415 eis
3483 1361 3788 1417 benefacia-

2199 1452 2364 1492 mus:
2398 1437 2588 1510 frigida
2619 1451 2703 1496 est
2743 1440 2858 1498 haec
2899 1445 3174 1515 cogitatio.
3215 1446 3272 1503 Si
3319 1449 3552 1505 amicum
3591 1450 3789 1507 invita-

2200 1532 2363 1598 veris,
2396 1531 2462 1588 ad
2494 1549 2770 1604 vesperam
2802 1552 2974 1608 usque
2997 1549 3080 1594 est
3100 1541 3270 1610 gratia
3297 1559 3311 1596 :
3343 1552 3629 1614 propterea
3656 1554 3793 1600 tem-

2200 1639 2434 1694 poranea
2467 1626 2583 1682 haec
2610 1629 2842 1683 amicitia
2867 1631 3026 1686 citius
3055 1633 3283 1688 solvitur
3307 1675 3323 1700 ,
3348 1650 3507 1705 quam
3539 1651 3791 1707 expensas

2201 1715 2472 1772 difﬂuunt.
2502 1719 2799 1790 Pauperem
2826 1733 3004 1780 autem
3028 1735 3081 1781 et
3109 1741 3358 1783 mancum
3389 1729 3434 1785 si
3457 1729 3788 1799 invitaveris,

2203 1823 2493 1880 numquam
2545 1814 2741 1881 peribit
2777 1817 2950 1886 gratia
2993 1833 3008 1874 :
3057 1819 3225 1875 Deum
3274 1822 3420 1876 enim
3461 1823 3552 1893 qui
3579 1839 3794 1894 semper

2203 1902 2468 1969 meminit,
2497 1913 2551 1959 et
2577 1921 2866 1978 numquam
2891 1908 3255 1980 obliviscitur,
3288 1912 3457 1969 habes
3483 1915 3654 1984 ipsdm
3694 1917 3793 1970 de-

2206 1991 2456 2049 bitorem.
2488 1995 2657 2063 Quam
2689 1999 2867 2068 pusilli
2897 2009 3077 2057 autem
3111 2011 3168 2058 et
3195 2003 3374 2060 mollis
3399 2046 3414 2070 ,
3461 2005 3570 2067 dic,
3589 2022 3793 2076 quaeso,

2205 2096 2288 2140 est
2311 2088 2474 2142 animi
2501 2131 2515 2154 ,
2573 2105 2678 2146 non
2731 2107 2891 2162 posse
2937 2095 3222 2152 considere
3267 2113 3390 2154 cum
3436 2101 3797 2170 pauperibus?

2205 2177 2342 2243 Quid
2369 2180 2537 2238 dicis?
2559 2182 2654 2237 Est
2681 2183 3008 2254 immundus,
3037 2187 3233 2259 inquit,
3262 2199 3318 2245 et
3346 2191 3622 2247 Sordidus.
3656 2193 3797 2247 Lava

2206 2286 2351 2336 eum,
2393 2281 2448 2327 et
2493 2272 2599 2330 duc
2622 2275 2686 2329 ad
2720 2284 2863 2332 tuam
2891 2293 3154 2335 mensam.
3184 2283 3251 2335 At
3280 2283 3495 2338 sordida
3523 2284 3682 2340 habet
3711 2302 3801 2340 ve.

2207 2363 2496 2419 stintenta?
2525 2366 2686 2434 Muta,
2711 2377 2766 2422 et
2789 2368 2857 2423 da
2885 2371 3137 2426 mundam
3164 2381 3387 2428 vestem.

2281 2457 2334 2511 4.
2359 2456 2536 2512 Mensa
2564 2476 2844 2530 pauperum
2863 2462 3073 2518 divitum
3115 2481 3300 2521 mensa:
3321 2469 3674 2538 anteponenda
3703 2481 3797 2524 est.

2214 2545 2514 2604 Luxuriosa
2538 2566 2724 2606 mensa:
2754 2553 3240 2624 descriptio.—Non
3271 2558 3422 2614 vides
3451 2571 3707 2630 quantum
3734 2562 3804 2617 sit

2211 2642 2727 2700 lucrum?Christus
2754 2661 2852 2716 per
2880 2645 3051 2718 ipsum
3094 2649 3322 2715 accedit,
3365 2659 3420 2706 et
3459 2662 3512 2706 tu
3563 2667 3661 2723 pro
3703 2653 3804 2708 hoc

2213 2751 2405 2806 parcus
2423 2752 2481 2794 es
2501 2739 2524 2792 ?
2545 2738 2745 2810 Regem
2766 2739 2831 2794 ad
2852 2756 3092 2797 mensam
3121 2742 3368 2809 iuvitans,
3389 2759 3485 2814 pro
3503 2744 3587 2799 his
3615 2745 3804 2800 times?

2217 2831 2489 2886 Ponantur
2515 2831 2636 2887 duae
2681 2847 2915 2900 mensae;
2943 2842 2998 2888 et
3030 2835 3200 2890 altera
3243 2835 3456 2906 quidem
3485 2835 3569 2890 his
3596 2838 3805 2906 replea-

2217 2932 2320 2991 tur,
2350 2933 2405 2979 et
2435 2924 2628 2980 habeat
2656 2939 2850 2989 caecos,
2879 2926 3081 2982 debiles
3105 2935 3160 2983 et
3193 2927 3448 2995 claudos,
3481 2929 3727 2984 manibus
3753 2939 3808 2984 et

2218 3017 2362 3071 tibiis
2387 3017 2685 3083 mutilatos,
2718 3019 2872 3074 nudis
2896 3019 3121 3089 pedibus
3149 3032 3204 3076 et
3233 3020 3435 3091 absque
3455 3022 3671 3086 calceis,
3701 3039 3804 3076 una

2219 3110 2395 3164 tunica
2449 3109 2661 3164 indutos
2706 3126 2875 3181 eaque
2926 3112 3160 3167 detrita:
3198 3113 3365 3168 altera
3397 3126 3572 3168 autem
3619 3114 3810 3169 haheat

2220 3209 2497 3271 potentes,
2541 3203 2872 3257 exercituum
2905 3203 3156 3258 ductores
3180 3245 3193 3267 ,
3238 3204 3521 3274 toparchas
3543 3247 3557 3268 ,
3589 3221 3810 3274 magnos

2222 3295 2511 3363 principes,
2535 3295 2780 3362 pretiosis
2811 3295 3024 3350 indutos
3049 3295 3286 3350 vestibus
3312 3296 3700 3366 subtilibusque
3727 3306 3809 3352 tc-

2221 3388 2286 3442 lis
2301 3387 2476 3453 lineis,
2497 3387 2751 3458 zonisque
2771 3387 2979 3443 cinctos
2999 3386 3196 3442 aureis.
3214 3388 3421 3443 Rursus
3445 3387 3531 3443 hic
3550 3389 3601 3442 itt
3627 3402 3808 3442 mensa

2225 3497 2518 3552 pauperum
2548 3496 2648 3536 nec
2676 3480 2746 3536 sit
2787 3490 3068 3552 argentum
3090 3521 3103 3545 ,
3131 3495 3232 3537 nec
3275 3482 3380 3535 vini
3421 3483 3645 3536 multum
3669 3523 3682 3546 ,
3709 3482 3810 3536 sed

2221 3574 2364 3646 quod
2393 3575 2522 3628 satis
2550 3574 2618 3628 sit
2646 3581 2702 3629 et
2731 3574 2899 3644 possit
2932 3574 3232 3630 exhilarare
3265 3591 3278 3628 :
3312 3574 3496 3644 pocula
3542 3583 3719 3628 autem
3759 3583 3814 3628 ct

2221 3683 2348 3723 vasa
2393 3667 2580 3723 relicta
2629 3665 2872 3722 confecta
2914 3667 3021 3720 sint
3048 3682 3113 3721 ex
3157 3667 3296 3720 vitro
3328 3665 3463 3720 solo.
3495 3664 3608 3719 Illic
3632 3673 3812 3718 autem

2223 3761 2276 3816 itt
2302 3775 2484 3815 mensa
2515 3760 2739 3814 divitum
2761 3773 2885 3812 vasa
2909 3758 3126 3828 quidem
3150 3757 3328 3813 omnia
3357 3758 3464 3812 sint
3495 3771 3559 3811 ex
3592 3763 3813 3826 argento

2225 3861 2279 3908 et
2322 3867 2476 3916 auro,
2512 3859 2567 3906 et
2615 3866 2682 3905 ne
2737 3865 2874 3904 unus
2925 3849 3138 3920 quidem
3186 3851 3322 3904 ferat
3359 3845 3810 3904 semicircularem

2227 3959 2466 3999 mensam
2497 3943 2594 4014 (a),
2616 3942 2711 3998 sed
2739 3943 2844 3998 duo
2872 3943 3241 3998 adolescentes
3261 3943 3347 3997 vix
3375 3957 3493 3997 eam
3527 3948 3774 3996 moveant
3799 3959 3812 3995 :

2225 4038 2298 4093 sit
2341 4045 2391 4090 et
2439 4035 2616 4106 phiala
2659 4051 2822 4091 aurea
2849 4035 3027 4106 pondo
3053 4034 3259 4089 dimidii
3288 4034 3509 4100 talenti,
3541 4047 3699 4102 quam
3725 4030 3812 4084 vix

2227 4129 2333 4184 duo
2355 4131 2584 4197 juvenes
2606 4143 2824 4182 movere
2849 4127 3090 4195 possint;
3123 4135 3177 4181 et
3205 4125 3396 4181 ordine
3431 4125 3548 4180 sita:
3566 4125 3673 4178 sint
3695 4139 3814 4177 am-

2227 4220 2411 4291 phorae
2430 4220 2588 4290 longe
2603 4217 2796 4275 melius
2821 4234 2979 4287 quam
3000 4226 3244 4288 argento,
3263 4233 3455 4288 nempe
3480 4230 3612 4270 auro
3637 4215 3816 4284 splen-

2227 4315 2418 4370 dentes
2439 4331 2453 4369 :
2472 4315 2542 4370 sit
2562 4315 2723 4369 etiam
2746 4311 3157 4368 semicircularis
3185 4325 3388 4372 mensa,
3413 4309 3558 4362 molli
3584 4307 3816 4377 stragula

2227 4405 2463 4477 undique
2489 4415 2676 4460 strata.
2693 4405 2899 4459 Rursus
2925 4402 3011 4457 hic
3034 4402 3248 4472 quidem
3274 4401 3383 4455 sint
3407 4400 3558 4454 multi
3586 4398 3815 4453 ministri

2225 4497 2657 4554 aecumbentium
2681 4539 2695 4563 ,
2727 4511 2832 4552 non
2879 4496 3054 4550 minus
3084 4495 3255 4548 ornati
3286 4493 3525 4548 vestibus
3549 4501 3604 4547 et
3633 4491 3816 4560 splen-

2229 4593 2352 4648 dide
2393 4590 2597 4657 amicti,
2627 4599 2681 4645 et
2707 4588 3026 4658 anaxyridas
3056 4602 3148 4641 seu
3180 4601 3311 4655 quas
3355 4585 3576 4640 braceas
3626 4591 3822 4638 vocant

2226 4685 2377 4739 laxas
2405 4683 2663 4740 habentes
2689 4723 2703 4745 ,
2735 4681 2850 4736 visu
2881 4679 3094 4747 quidem
3127 4678 3334 4748 pulchri
3365 4720 3380 4746 ,
3411 4679 3464 4733 in
3497 4678 3612 4746 ipso
3641 4685 3821 4731 autem

2228 4779 2360 4832 ﬂore
2397 4775 2572 4831 aetatis
2611 4772 2940 4828 luxuriantes
2965 4781 3019 4827 et
3046 4770 3182 4826 bene
3207 4781 3388 4825 curata
3418 4777 3560 4828 cute.
3588 4777 3642 4822 et
3665 4766 3824 4822 bonae

2229 4866 2585 4932 habitudinis;
2611 4866 2718 4920 illic
2743 4873 2924 4919 autem
2950 4864 3057 4917 sint
3081 4863 3188 4917 duo
3217 4862 3315 4916 soli
3345 4860 3575 4915 ministri
3606 4873 3821 4912 onmem

2230 4963 2372 5017 hunc
2408 4960 2600 5015 fastum
2645 4957 3148 5013 conculcanteszet
3172 4955 3280 5009 sint
3306 4952 3521 5023 quidem
3565 4951 3671 5005 illis
3715 4949 3824 5004 eihi

2229 5054 2357 5109 lauti
2388 5063 2441 5107 et
2477 5051 2712 5121 opipari;
2762 5049 2848 5104 his
2876 5057 3055 5103 autem
3080 5055 3337 5117 quantum
3365 5047 3494 5100 satis
3535 5045 3608 5100 sit
3631 5043 3699 5099 ad
3731 5058 3823 5097 επις

2231 5145 2469 5201 tiandum
2510 5143 2802 5214 appetitum
2845 5150 2900 5196 et
2927 5155 2986 5196 se
3012 5139 3385 5196 recreandum.
3411 5138 3625 5194 Satisne
3673 5135 3824 5192 dixi?

2294 5325 2365 5387 (α)
2389 5323 2474 5372 Hic
2495 5322 2658 5387 agitur
2679 5319 2744 5368 de
2777 5331 2946 5367 mensa
2961 5317 3060 5387 _i_lla
3087 5315 3444 5387 semicirculari
3469 5353 3482 5374 ,
3507 5321 3822 5387 crescentem

2232 5377 2397 5436 lunam
2434 5377 2723 5437 referente,
2770 5395 2914 5442 quant
2961 5378 3192 5442 Martialis
3225 5387 3277 5427 et
3309 5379 3506 5440 quidam
3528 5377 3621 5442 (alii
3643 5377 3823 5442 (Signia

2232 5453 2421 5505 vocant,
2444 5447 2556 5508 quia
2583 5444 2774 5492 literam
2880 5444 3032 5508 sigma
3058 5439 3252 5508 refert_:
3278 5438 3439 5508 sigma
3459 5440 3589 5508 enim
3614 5440 3683 5486 sic
3703 5438 3825 5486 Mar-

2232 5511 2364 5560 tialis
2410 5501 2640 5568 tempore
2680 5513 2746 5568 ut
2777 5501 3038 5568 plurimum
3074 5503 3399 5568 exurebatur._
3419 5501 3824 5568 [sthsgcqnensm

2232 5572 2388 5622 forma
2420 5571 2501 5618 diu
2522 5560 2643 5626 'post
2677 5560 2910 5615 Mariialis
2953 5579 3110 5615 aevum
3146 5566 3192 5611 in
3241 5577 3334 5613 usu
3377 5563 3488 5626 fuit.
3524 5560 3824 5626 Guillelmus

2235 5636 2363 5683 enim
2383 5632 2494 5681 Dux
2520 5621 2841 5686 Normanuits,
2868 5631 2950 5689 qui
2975 5641 3100 5676 anno
3124 5627 3244 5676 1066
3269 5624 3490 5686 Angliam
3515 5623 3735 5736 subegiilt,
3761 5621 3824 5669 ad

2235 5693 2508 5736 huiusmntli
2554 5703 2773 5736 mensam
2816 5692 3108 5736 accumbens
3144 5694 3531 5736 reorwsentatur
3573 5687 3624 5735 in
3706 5695 3824 5733 ouu-

2233 5693 2508 5758 hujusmotli
2554 5703 2778 5758 mensam
2816 5687 3108 5758 accumbens
3131 5694 3531 5758 _re[.)r:es.e_n_tatur
3564 5687 3825 5758 _Mouuo

2233 5747 2412 5808 tndutis
2428 5753 2716 5802 Monam-hia:
2743 5753 2984 5800 Francicaa
3007 5751 3142 5800 Tomi
3167 5747 3367 5798 secundi
3395 5747 3689 5799 iuitio.Vide
3712 5761 3824 5811 quin

2234 5821 2296 5867 de.
2332 5815 2952 5927 illljltSlllOtillil‘lCllSildlCla
2986 5823 3096 5864 sunt
3135 5815 3184 5862 in
3218 5811 3520 5874 Antiquitate
3562 5812 3825 5875 explanata

2235 5891 2363 5927 Tum.
2389 5898 2436 5927 ο.
2465 5891 2574 5927 tax.
2701 5915 2715 5927 .

2235 5891 2363 5931 'I‘ont.
2389 5882 2436 5939 5,
2465 5891 2574 5942 [ες.
2603 5882 2715 5932 111.
