4184 6542
430 438 538 495 505

425 552 565 615 τέως
595 548 694 613 τάς
721 549 821 619 μὲν
848 545 1083 618 αἰσχρὰς
1115 545 1438 618 παρήσομεν
1464 562 1478 577 ο
1503 546 1681 610 οὐδεὶς
1730 545 1840 617 769
1889 547 2021 616 ἡμῖν

426 644 571 715 61:69
600 642 829 696 ἐκείνων
862 641 1100 712 ἀντερεῖ,
1131 639 1208 702 ὡς
1261 638 1520 710 πονηρῶν
1549 638 1726 692 οὐσῶν
1753 655 1767 671 ο
1803 639 1943 702 ἀλλ’,
1973 640 2023 689 εί

425 737 710 811 βούλεσθε,
743 736 842 800 τάς
897 734 1134 805 φυσικὰς
1181 735 1277 788 καὶ
1313 735 1411 799 τὰς
1455 734 1716 805 βιωτικάς
1742 735 1823 797 είς
1858 733 2023 804 μέσον

423 831 869 903 παραγάγωμεν.
898 829 1164 883 Βιωτικαὶ
1190 828 1289 900 μὲν
1311 824 1404 882 οῦν
1439 829 1578 881 εἰσιν
1601 821 1765 882 αῦται
1788 843 1800 856 ·
1821 824 1934 881 οἷον
1960 822 2020 880 εὖ

423 924 596 979 ἔπαθέ
627 940 732 989 τις,
751 921 861 976 ἀπὸ
889 922 1173 991 προγόνων
1199 923 1468 993 ἐκτήσατο
1496 922 1672 990 φίλον,
1692 921 2020 993 ἐκοινώνησε

418 1015 708 1089 τραπέζης
731 1017 766 1084 ἦ
825 1015 1164 1087 ἀποδημίας,
1189 1016 1221 1088 ἢ
1251 1015 1449 1084 γείτων
1510 1015 1628 1069 ἐστί
1663 1029 1677 1044 ⁸
1712 1015 1877 1069 καλαὶ
1927 1017 2022 1069 καὶ

420 1105 583 1165 αὗται
606 1126 621 1141 ·
646 1108 992 1181 ἢόμότεχνος
1023 1106 1249 1176 γέγονεν
1275 1124 1289 1139 ·
1323 1105 1461 1178 αὕτη
1501 1107 1602 1178 μὲν
1631 1102 1724 1161 οῦν
1749 1107 1849 1161 οὐκ
1873 1107 2021 1160 ἔστιν

421 1203 730 1274 εἰλικρινής
757 1218 771 1232 ·
817 1201 933 1272 ἔχει
960 1201 1070 1274 γάρ
1103 1218 1226 1254 τινα
1249 1202 1344 1256 καὶ
1377 1201 1542 1272 ζῆλον
1571 1201 1665 1254 καὶ
1691 1201 2015 1273 βασκανίαν.

421 1295 578 1368 [526]
619 1296 684 1348 Αἱ
734 1295 792 1349 δέ
848 1296 1100 1364 φυσικαὶ,
1141 1289 1254 1350 οἷον
1315 1296 1522 1367 πατρὸς
1573 1296 1712 1368 πρὸς
1730 1297 1865 1362 υίὸν,
1898 1297 2018 1350 υἱοῦ

423 1388 560 1460 πρὸς
612 1387 832 1458 πατέρα
855 1428 870 1451 ,
902 1386 1137 1456 ἀδελφοῦ
1173 1386 1312 1458 πρὸς
1336 1387 1586 1457 ἀδελφὸν,
1624 1388 1760 1459 πρὸς
1795 1389 2020 1458 ἔγγονον

423 1483 673 1547 πάππου,
717 1482 926 1554 μητρὸς
953 1481 1091 1553 πρὸς
1115 1481 1282 1536 τέκνα
1311 1499 1324 1512 ·
1363 1483 1412 1536 εί
1444 1481 1500 1536 66
1539 1481 1820 1553 βούλεσθε,
1848 1499 2018 1554 προσ-

423 1574 609 1645 θῶμεν
640 1575 736 1628 καὶ
787 1575 888 1647 τὴν
915 1575 1018 1645 τῆς
1065 1575 1326 1644 γυναικὸς
1367 1575 1507 1647 πρὸς
1541 1575 1710 1648 ἄνδρα
1735 1591 1749 1606 °
1781 1577 1877 1630 καὶ
1907 1575 2018 1648 769

422 1669 597 1721 πᾶσαι
639 1667 698 1720 αί
749 1667 987 1737 γαμικαί
1031 1669 1140 1720 είσι
1170 1667 1421 1738 βιωτικαὶ
1462 1669 1558 1723 καὶ
1591 1669 1798 1740 γήϊναι.
1845 1665 2017 1724 Αὖται

427 1761 527 1830 μὲν
563 1755 658 1815 οῦν
689 1761 915 1815 ἐκείνων
943 1756 1083 1816 εῖναι
1115 1761 1335 1816 δοκοῦσι
1362 1764 1726 1836 σφοδρότεραι
1757 1782 1770 1796 ⁸
1795 1764 2016 1819 δοκοῦσι

423 1853 507 1917 δὲ,
533 1849 689 1907 εἷπον
708 1894 723 1918 ,
771 1852 862 1907 διὰ
916 1854 980 1906 τὸ
1019 1854 1282 1920 πολλάκις
1319 1857 1410 1910 ὑπ’
1436 1857 1663 1911 ἐκείνων
1689 1859 2012 1930 ἡττηθῆναι.

425 1945 541 1998 Καὶ
567 1944 677 2016 769
710 1944 855 2014 φίλοι
884 1944 1122 2016 ἀλλαχοῦ
1154 1947 1524 2019 γνησιώτερον
1547 1949 1828 2020 ἐφάνησαν
1858 1949 2014 2002 ἀδελ-

424 2037 546 2106 φῶν
602 2035 956 2108 διακείμενοι,
1014 2037 1110 2091 καὶ
1159 2038 1290 2091 υίῶν
1343 2038 1482 2107 πρὸς
1536 2040 1823 2110 πατέραςο
1857 2041 1951 2094 καὶ
1989 2043 2017 2095 6

426 2129 528 2200 μὲν
572 2129 852 2202 γεννηθεὶς
881 2132 983 2185 οὐκ
1011 2121 1336 2202 ἐϐοήθησεν,
1359 2133 1388 2184 6
1417 2132 1474 2185 66
1512 2133 1586 2204 μὴ
1630 2134 1794 2201 γνοὺς
1828 2135 2011 2200 αὐτὸν,

425 2221 674 2294 παρέστη
727 2223 824 2276 καὶ
882 2223 1208 2295 ἐϐοήθησεν.
1252 2225 1315 2278 Ἡ
1345 2225 1403 2279 66
1434 2228 1784 2299 πνευματικὴ
1820 2228 2011 2298 ἀγάπη

419 2311 611 2383 πασῶν
643 2314 794 2368 ἐστιν
843 2314 1116 2388 ἀνωτέρα,
1142 2316 1394 2391 καθάπερ
1429 2335 1514 2382 τις
1559 2318 1853 2389 βασίλισσα
1903 2321 2015 2374 τῶν

421 2403 568 2457 ίδίων
600 2406 904 2478 κρατοῦσα,
932 2409 1028 2461 καὶ
1055 2408 1310 2481 λαμπρὸν
1333 2411 1445 2482 ἔχει
1483 2412 1544 2464 τὸ
1579 2415 1770 2485 σχῆμα
1807 2429 1821 2444 ·
1857 2413 2013 2468 οὐδὲν

413 2497 526 2568 γὰρ
571 2500 729 2569 γήῖον
758 2499 932 2572 αὐτὴν
972 2501 1170 2568 τίκτει,
1212 2502 1467 2575 καθάπερ
1491 2506 1728 2577 ἐκείνην,
1763 2507 1825 2560 οὐ
1848 2509 2013 2579 συνήσ

414 2589 556 2650 θεια,
573 2592 674 2645 οὐκ
695 2590 1009 2664 εὐεργεσία,
1033 2596 1094 2648 οὐ
1122 2594 1307 2663 φύσις,
1335 2597 1396 2650 οὐ
1419 2599 1636 2669 χρόνος,
1662 2600 1778 2654 ἀλλ’
1800 2601 2011 2656 ἀνωθεν

414 2681 662 2735 κάτεισιν
693 2685 760 2736 ἐκ
777 2683 875 2736 τοῦ
905 2685 1162 2757 οὐρανοῦ.
1200 2689 1313 2742 Καὶ
1336 2689 1388 2741 τί
1416 2689 1745 2760 θαυμάζεις,
1771 2694 1822 2746 εί
1853 2692 2012 2761 εὐερ-

413 2771 608 2840 γεσίας
647 2773 708 2826 οὐ
746 2773 916 2828 δεῖται
953 2775 1090 2847 πρὸς
1131 2777 1194 2831 τὸ
1227 2781 1586 2847 συνεστάναι,
1627 2782 1763 2836 ὅπου
1800 2801 1863 2852 γε
1891 2785 2012 2839 οὐδέ

411 2865 492 2935 τῷ
528 2865 716 2930 κακῶς
757 2866 954 2922 παθεῖν
997 2869 1405 2943 ἀνατρέπεται;
1439 2874 1562 2929 Ὅτι
1619 2877 1676 2930 66
1711 2875 1848 2949 αὕτη
1887 2879 2011 2949 μεί-

414 2956 524 3020 ζων
545 2957 764 3030 ἐκείνης
794 2959 966 3027 ἐστὶν,
998 2962 1232 3018 ἄκουσον
1250 2966 1466 3022 Παύλου
1490 2967 1743 3036 λέγοντος
1767 2985 1781 3000 ·
1816 2971 1908 3025 1Ιύ
1911 2973 2014 3040 χό-

412 3066 539 3117 μην
582 3051 856 3123 ἀνάθεμα
903 3051 1059 3110 εἶναι
1096 3057 1283 3124 αὐτὸς
1315 3059 1432 3129 ἐγὼ
1463 3061 1586 3115 ἀπὸ
1616 3062 1725 3117 τοῦ
1748 3065 2012 3132 Χριστοῦ

412 3143 566 3211 ὑπὲρ
595 3143 717 3199 τῶν
733 3145 1020 3217 ἀδελφῶν
1031 3166 1174 3218 μου.
1197 3150 1294 3215 Τίς
1312 3151 1379 3206 ἂν
1400 3152 1558 3207 τοῦτο
1574 3154 1783 3224 ηὐξατο
1802 3157 2009 3229 πατὴρ,

413 3231 556 3287 ὥστε
587 3235 645 3287 ἐν
672 3239 866 3300 κακοῖς
893 3233 1069 3304 εἶναις
1102 3241 1212 3294 Καὶ
1248 3240 1433 3307 πάλιν,
1471 3245 1543 3298 Τὸ
1569 3245 1881 3302 ἀναλῦσαι
1911 3250 2010 3304 καὶ

413 3327 537 3382 σὺν
595 3329 830 3399 Χριστῷ
881 3327 1036 3386 εἶναι
1111 3332 1325 3400 πολλῷ
1387 3334 1632 3405 μᾶλλον
1678 3339 1974 3407 κρεῖσσον
1996 3358 2009 3372 '

414 3420 484 3474 τὸ
548 3420 616 3475 δὲ
667 3422 967 3493 ἐπιμεῖναι
999 3424 1071 3481 ἐν
1103 3425 1181 3496 τῇ
1230 3428 1412 3496 σαρκί
1439 3429 1909 3501 ἀναγκαιότερον
1935 3435 2011 3488 δι’

418 3513 596 3582 ὑμᾶς.
626 3516 758 3569 Ποία
792 3519 978 3591 μήτηρ
1026 3519 1202 3574 ταῦτα
1228 3519 1294 3576 ἀν
1320 3523 1495 3577 ἕλοιτο
1518 3527 1696 3581 εἰπεῖν
1722 3567 1739 3592 ,
1773 3527 1915 3583 ὥστε
1941 3531 2012 3584 τά

416 3606 589 3678 αὐτῆς
622 3609 913 3680 παριδείν;
963 3613 1073 3666 Καὶ
1117 3614 1279 3670 πάλιν
1319 3615 1486 3670 ἀκουε
1530 3618 1696 3673 αὐτοῦ
1735 3619 2008 3690 λέγοντος·

428 3699 996 3771 Ἆπορφανισθέντες
1036 3705 1146 3775 γὰρ
1189 3707 1290 3776 ἀφ’
1345 3707 1513 3778 ὑμῶν
1577 3710 1730 3778 πρὸς
1799 3715 2010 3782 καιρὸν

409 3789 586 3858 ὥρας,
607 3795 928 3861 προσώπῳ,
954 3799 1026 3851 οὐ
1043 3798 1276 3868 καρδίᾳ,
1303 3801 1415 3854 Καὶ
1425 3801 1659 3857 ἐνταῦθα
1673 3804 1773 3873 μὲν
1785 3807 1813 3859 6
1827 3806 2010 3879 πατὴρ

411 3885 693 3956 ὑϐρισθεὶς
722 3887 880 3941 ἔλυσε
905 3889 1005 3961 τὴν
1031 3889 1233 3959 φιλίαν,
1255 3895 1373 3946 ἐκεῖ
1393 3893 1450 3947 δέ
1463 3895 1669 3961 οὐκέτι,
1703 3896 1841 3952 ἀλλά
1870 3898 2009 3971 πρὸς

409 3979 536 4043 τοὺς
577 3979 902 4047 λιθάζοντας
947 3982 1114 4055 ἀπῄει
1151 3985 1542 4058 εὐεργετήσων
1584 3990 1808 4055 αὐτούς.
1837 3992 2008 4048 Οὐδὲν

409 4070 542 4143 γάρ,
567 4073 724 4127 οὐδὲν
760 4073 934 4140 οὕτως
972 4077 1212 4149 ἰσχυρὸν,
1245 4079 1322 4143 ὡς
1366 4081 1396 4134 6
1431 4080 1526 4135 τοῦ
1555 4082 1875 4154 Πνεύματος
1918 4087 2006 4140 δε-

411 4163 566 4232 σμός.
614 4167 674 4220 '0
708 4166 810 4236 μὲν
841 4169 951 4240 γὰρ
977 4168 1066 4223 διά
1097 4170 1158 4230 τὸ
1186 4171 1383 4226 παθεῖν
1401 4168 1459 4227 εὖ
1498 4173 1652 4242 φίλος
1681 4177 2000 4248 γενόμενος,

409 4255 479 4309 ἂν
513 4257 589 4330 μὴ
617 4259 886 4330 διηνεκῶς
922 4261 1083 4316 τοῦτο
1112 4263 1331 4336 γίνηται
1352 4305 1367 4328 ,
1396 4265 1552 4320 ἔσται
1580 4267 1777 4338 ἐχθρός
1803 4287 1816 4300 ο
1839 4271 1869 4324 ὀ
1897 4273 2006 4326 ἀπὸ

411 4351 704 4420 συνηθείας
733 4353 1108 4420 ἀδιάσπαστος
1128 4356 1224 4422 ὢν,
1252 4359 1417 4414 πάλιν
1443 4360 1543 4429 τῆς
1578 4361 1866 4434 συνηθείας
1889 4364 2006 4418 διας

407 4443 694 4514 κοπείσης,
751 4445 945 4500 ἔσϐεσε
1017 4450 1118 4522 τήν
1175 4451 1380 4520 φιλίαν.
1423 4453 1487 4506 ἸΙ
1522 4453 1662 4526 γυνὴ
1720 4455 1905 4520 πάλιν,
1939 4457 2005 4512 ἂν

410 4534 561 4605 μάχη
593 4537 822 4609 γένηται
848 4582 862 4603 ,
889 4538 1070 4613 ἀφῆκε
1098 4544 1190 4596 τὸν
1237 4544 1426 4616 ἄνδρα,
1453 4546 1549 4600 καὶ
1573 4547 1665 4601 τὸν
1692 4549 1857 4604 πόθον
1875 4549 2001 4604 ἐλυ-

409 4643 504 4680 σεν
525 4645 539 4658 ·
580 4631 608 4682 6
647 4631 785 4695 υίὸς,
821 4632 888 4685 ἂν
935 4634 1168 4690 ἐπιπολύ
1198 4634 1379 4700 ζῶντα
1397 4639 1489 4692 τὸν
1513 4641 1727 4714 πατέρα
1748 4642 1874 4706 ίδοι,
1909 4645 2002 4698 καὶ

407 4717 726 4788 βαρύνεται.
767 4722 890 4775 Ἐπὶ
922 4722 981 4776 66
1015 4725 1110 4778 τοῦ
1141 4725 1453 4798 πνεύματος
1482 4728 1688 4785 τούτων
1723 4731 1827 4786 οὐκ
1853 4733 2004 4789 ἐστιν

404 4810 581 4900 οὐδέν·
641 4813 821 4868 οὐδενὶ
867 4815 978 4887 γὰρ
1019 4817 1228 4873 τούτων
1285 4819 1510 4888 λύεται,
1560 4825 1682 4877 ἐπεὶ
1739 4826 1880 4900 μηδέ
1936 4829 2002 4882 ἐκ

403 4899 614 4955 τούτων
669 4903 901 4976 συνέστη
951 4923 966 4938 ·
1016 4905 1143 4961 οὔτε
1195 4911 1408 4980 χρόνος,
1449 4910 1575 4966 οὐτε
1625 4899 1815 4985 μῆκος
1845 4917 1998 4982 ὀδοῦ,

403 4993 532 5048 οὔτε
586 4996 647 5049 τὸ
702 4997 891 5062 κακῶς
935 5001 1154 5066 παθεῖν,
1191 5001 1317 5056 οὔτε
1345 5004 1408 5058 τὸ
1430 5006 1618 5070 κακῶς
1650 5007 1904 5078 ἀκοῦσαι,
1937 5011 1999 5064 οὐ

405 5086 600 5158 θυμὸς,
623 5091 724 5161 οὐχ
765 5090 946 5164 ὕϐρις,
971 5094 1071 5147 οὐκ
1100 5093 1230 5148 ἄλλο
1261 5095 1414 5149 οὐδὲν
1439 5099 1844 5171 ἐπεισέρχεται,
1878 5103 2001 5158 οὐδὲ

400 5178 628 5235 δύναται
681 5183 854 5255 αὐτὴν
917 5183 1188 5240 διαλῦσαι.
1221 5188 1339 5241 Καὶ
1367 5189 1452 5242 ἵνα
1489 5190 1688 5263 μάθῃς,
1718 5192 2002 5260 ἐλιθάζετο

399 5275 428 5324 ὁ
466 5273 736 5345 Μωῦσῆς,
769 5278 865 5330 καὶ
893 5278 1039 5350 ὑπὲρ
1055 5279 1241 5333 αὐτῶν
1275 5281 1450 5350 ἠξίου.
1476 5281 1573 5347 Τίς
1608 5283 1676 5338 ἀν
1701 5283 1862 5340 τοῦτο
1879 5290 1998 5359 519-

398 5364 611 5431 γάσατο
664 5369 851 5441 πατὴρ
909 5371 1053 5442 ὑπὲρ
1105 5371 1200 5426 τοῦ
1229 5373 1569 5440 λιθάσαντος,
1603 5376 1718 5431 ἀλλ’
1750 5377 1874 5449 οὐχὶ
1901 5381 1998 5434 καὶ

399 5456 566 5509 αὐτὸν
588 5456 656 5511 ἂν
691 5461 989 5516 κατέλευσε
1022 5481 1036 5529 ;
1072 5463 1290 5528 Ταύτας
1333 5464 1398 5538 δὴ
1435 5467 1868 5539 μεταδιώκωμεν
1897 5469 1998 5534 τάς

398 5547 584 5616 φιλίας
615 5552 714 5616 τὰς
749 5554 859 5608 ἀπὸ
883 5555 978 5609 τοῦ
1015 5557 1350 5629 πνεύματος·
1394 5560 1614 5632 ίσχυραλ¹
1635 5562 1743 5632 γάρ
1757 5564 1868 5617 εἰσι
1902 5564 1997 5618 καὶ

397 5639 762 5698 δυσδιάλυτον
789 5644 866 5716 μὴ
893 5645 991 5709 τὰς
1009 5648 1118 5701 ἀπὸ
1140 5649 1248 5701 τῶν
1265 5651 1580 5719 τραπεζῶν·
1603 5653 1724 5705 ἐκεῖ
1764 5654 1874 5726 769
1897 5656 1993 5710 καὶ

398 5732 729 5806 κωλυόμεθα
746 5736 955 5800 ταύτας
983 5738 1251 5807 εἰσάγειν.
1279 5741 1548 5794 Ἄκουσον
1573 5742 1684 5812 γὰρ
1715 5745 1811 5798 τοῦ
1857 5747 1992 5816 Χρι-

401 5823 529 5879 στοῦ
555 5826 813 5898 λέγοντος
835 5830 894 5883 ἐν
924 5829 1004 5901 τῷ
1029 5830 1348 5902 Εὐάγγελίῳ
1377 5850 1393 5866 ’
1417 5833 1516 5904 Μὴ
1543 5835 1818 5905 καλέσῃς
1848 5838 1994 5906 τοὺς

400 5918 622 5990 φίλους
653 5937 794 5986 σου,
819 5920 977 5992 μηδὲ
1010 5921 1153 5990 τοὺς
1186 5923 1460 5994 γείτονάς
1489 5940 1627 5993 σου,
1662 5924 1770 5982 ἐὰν
1809 5927 1985 5996 ποιή-

1366 433 1431 489 IN
1472 432 1696 490 EPIST.
1737 432 1830 488 AD
1872 431 2143 489 (ZOLOSS
2199 434 2352 489 CAP.
2397 435 2435 490 Ι.
2484 435 2720 492 HOMIL.
2763 438 2804 494 Ι.

3621 443 3726 502 τοι

2134 559 2254 613 σῃς
2305 546 2520 616 δοχὴν,
2569 550 2731 604 ἀλλὰ
2787 551 2925 617 τοὺς
2979 555 3236 620 χωλοὺς,
3300 554 3443 621 τοὺς
3492 556 3726 626 ἀναπή-

2123 654 2277 706 ρους
2303 657 2315 670 ·
2357 643 2583 706 εἰκότως
2613 661 2626 674 ·
2663 645 2830 708 πολὺς
2858 644 2969 717 γὰρ
3001 647 3030 698 6
3067 647 3208 717 ὑπὲρ
3265 647 3472 702 τούτων
3505 650 3721 720 μισθός.

2146 732 2283 784 Ἀλλ’
2315 733 2378 786 οὐ
2413 733 2666 799 δύνασαι,
2699 736 2824 790 οὐδέ
2877 738 3047 810 ἀνέχῃ
3091 740 3230 810 μετὰ
3277 741 3466 811 χωλῶν
3496 745 3592 796 καὶ
3626 760 3723 796 τυ-

2133 824 2281 895 φλῶν
2307 828 2614 895 ἑστιᾶσθαι,
2643 830 2780 884 ἀλλά
2801 831 2941 903 βαρύ
2971 834 3067 887 καὶ
3096 834 3356 906 φορτικὸν
3398 836 3505 908 ἡγῇ
3537 836 3720 902 τοῦτο,

2131 918 2226 970 καὶ
2257 922 2502 990 παραιτῇ
2530 937 2544 986 ;
2580 919 2730 994 [527]
2760 921 3018 976 Μάλιστα
3047 924 3144 994 μὲν
3168 921 3266 979 οῦν
3297 927 3398 984 οὐκ
3420 925 3549 995 ἔδει,
3579 927 3722 998 πλὴν

2129 1008 2244 1062 ἀλλ’
2271 1011 2373 1064 οὐκ
2421 1010 2569 1064 ἔστιν
2618 1012 2835 1084 ἀνάγκη
2867 1029 2882 1044 ⁸
2921 1016 3025 1068 κᾶν
3049 1015 3126 1086 μὴ
3151 1016 3490 1089 συγκαθίσῃς
3521 1018 3722 1081 αὐτοὺς

2131 1101 2272 1172 μετά
2301 1102 2419 1168 σοῦ,
2447 1103 2514 1157 :6
2545 1103 2826 1174 ἐδέσματα
2847 1105 3030 1170 αὐτοῖς
3054 1107 3378 1161 ἀπόστειλον
3401 1109 3470 1162 τὰ
3497 1109 3605 1162 ἀπὸ
3620 1111 3721 1176 τῆς

2127 1195 2430 1268 τραπέζης.
2446 1197 2555 1250 Καὶ
2579 1195 2689 1268 769
2709 1200 2736 1252 6
2764 1197 2954 1266 φίλους
2974 1199 3180 1264 καλῶν,
3204 1201 3358 1254 οὐδὲν
3387 1202 3533 1273 μέγα
3561 1201 3716 1254 ἐποί-

2127 1305 2259 1360 ησεν
2293 1306 2307 1321 ⁸
2335 1289 2579 1344 ἀπέλαϐε
2629 1292 2740 1362 769
2771 1292 3011 1348 ἐνταῦθα
3049 1293 3141 1347 τὸν
3175 1293 3367 1364 μισθόν
3395 1311 3408 1324 ·
3441 1297 3468 1348 6
3509 1294 3565 1347 66
3585 1295 3720 1348 ἀνά-

2127 1397 2305 1452 πηρον
2341 1381 2523 1436 καλῶν
2573 1385 2667 1437 καὶ
2699 1383 2932 1457 πένητα,
2971 1383 3086 1457 ἔχει
3116 1384 3209 1438 τὸν
3242 1385 3376 1439 Θεὸν
3407 1384 3719 1457 ὀφειλέτην.

2126 1472 2221 1545 Μὴ
2250 1473 2435 1528 τοίνυν
2464 1474 2850 1547 ἀσχάλλωμεν,
2881 1477 3011 1532 ὅταν
3049 1476 3126 1549 μὴ
3158 1477 3395 1532 ἐνταῦθα
3427 1477 3720 1532 ἀπολάϐω-

2131 1583 2252 1638 μεν,
2282 1566 2398 1619 ἀλλ’
2423 1567 2551 1621 ὅταν
2604 1568 2841 1624 ἐνταῦθα
2870 1569 3241 1641 ἀπολάϐωμεν
3270 1587 3284 1601 ·
3308 1571 3429 1624 ἐκεῖ
3457 1570 3569 1643 γὰρ
3591 1571 3720 1624 οὐκ-

2128 1658 2210 1711 έτι
2269 1658 2687 1730 ἀποληψόμεθα.
2757 1661 3015 1732 Ὁμοίως,
3061 1661 3129 1716 ἂν
3172 1662 3464 1734 ἄνθρωπος
3511 1662 3720 1732 ἀποδῷ,

2125 1751 2260 1816 Θεὸς
2293 1753 2393 1807 οὐκ
2440 1752 2766 1807 ἀποδίδωσιν
2797 1771 2809 1785 ·
2850 1755 2917 1809 ἂν
2961 1747 3120 1819 οὗτος
3193 1755 3268 1826 μὴ
3332 1755 3544 1827 ἀποδῷ,
3596 1756 3722 1810 τότε

2126 1843 2396 1897 ἀποδώσει
2429 1844 2583 1909 Θεός.
2622 1845 2714 1915 Μὴ
2744 1845 2929 1900 τοίνυν
2977 1846 3226 1912 ἐκείνους
3264 1846 3520 1918 ζητῶμεν
3567 1847 3722 1919 εὐερ-

2124 1939 2305 2004 γετεῖν
2358 1937 2487 2002 τοὺς
2543 1937 2948 1992 ἀνταποδοῦναι
2994 1941 3128 2012 ἡμῖν
3177 1939 3540 2011 δυναμένους,
3585 1939 3722 2011 μηδὲ

2124 2031 2218 2084 ἐπὶ
2242 2030 2529 2096 τοιαύταις
2573 2032 2779 2097 αὐτοὺς
2814 2032 3031 2087 ἐλπίσιν
3071 2032 3459 2106 εὐεργετῶμεν
3483 2051 3498 2066 ·
3535 2033 3723 2105 ψυχρά

2125 2122 2264 2195 αὐτη
2326 2126 2360 2195 ἡ
2410 2125 2642 2179 διάνοια.
2681 2125 2786 2179 Τὸν
2847 2127 3000 2197 φίλον
3046 2127 3111 2182 ἂν
3140 2126 3402 2200 καλέσῃς,
3430 2129 3593 2200 μέχρι
3619 2128 3722 2198 τῆς

2125 2218 2364 2289 ἑσπέρας
2398 2219 2431 2289 ἡ
2487 2219 2686 2290 χάρις’
2715 2219 2804 2272 διά
2856 2219 3019 2273 τοῦτο
3058 2221 3168 2276 τῶν
3223 2221 3722 2292 καταϐαλλομένων

2122 2309 2426 2381 ταχύτερον
2465 2311 2498 2384 ἢ
2531 2310 2643 2364 τῶν
2675 2311 2885 2382 καιρῶν
2911 2312 3222 2368 δαπανᾶται
3249 2314 3404 2384 φιλία
3426 2331 3440 2345 ο
3464 2314 3557 2368 τὸν
3589 2315 3721 2385 μέν-

2123 2421 2205 2456 τοι
2238 2403 2446 2474 πένητα
2469 2404 2566 2458 καὶ
2590 2405 2878 2477 ἀνάπηρον
2905 2405 2972 2460 ἂν
3011 2405 3274 2480 καλέσῃς,
3300 2407 3560 2462 οὐδέποτε
3581 2409 3720 2463 ἀπο-

2121 2497 2298 2550 λεῖται
2347 2499 2380 2568 ἡ
2436 2498 2598 2570 χάρις
2633 2515 2646 2527 ’
2707 2498 2798 2552 τὸν
2861 2499 2972 2569 769
3023 2501 3257 2555 πάντοτε
3307 2502 3723 2574 μνημονεύοντα

2123 2589 2277 2655 Θεὸν,
2329 2591 2426 2644 καὶ
2473 2591 2735 2646 οὐδέποτε
2773 2591 3290 2664 ἐπιλανθανόμενον,
3357 2593 3503 2665 ἔχεις
3558 2595 3724 2650 αὐτὸν

2121 2683 2432 2754 ὀφειλέτην.
2472 2684 2657 2754 Πόσης
2722 2683 2777 2737 66
2845 2685 2939 2738 καὶ
2999 2685 3280 2755 βλακείας,
3337 2687 3462 2740 εἰπέ
3520 2705 3631 2758 μοι,
3659 2688 3723 2741 τὸ

2125 2776 2202 2846 μὴ
2224 2774 2487 2829 δύνασθαι
2519 2775 2719 2845 πένησι
2748 2775 3188 2844 συγκαθέζεσθαι
3208 2795 3223 2844 ;
3245 2776 3309 2830 Τί
3335 2776 3546 2846 λέγεις;
3566 2779 3721 2832 Ἀκάο

2123 2866 2323 2938 θαρτός
2343 2868 2481 2932 ἐστι,
2528 2870 2686 2937 φησὶ,
2723 2868 2818 2921 καὶ
2847 2867 3117 2940 ῥυπαρός.
3156 2869 3268 2922 Καὶ
3299 2869 3492 2923 λοῦσον
3530 2871 3719 2938 αὐτὸν,

2123 2959 2219 3012 καὶ
2253 2960 2501 3028 ἀνάγαγε
2547 2960 2641 3012 ἐπὶ
2693 2959 2982 3030 τράπεζαν
3031 2959 3130 3032 τήν
3172 2961 3292 3032 σήν.
3334 2960 3480 3015 Ἀλλ’
3521 2963 3718 3034 ἱμάτια

2123 3049 2238 3120 ἕχει
2293 3050 2710 3122 ἐρῥυπωμένας
2747 3052 2858 3105 Καὶ
2901 3050 3157 3124 ἄμειψον,
3189 3054 3286 3107 καὶ
3338 3051 3428 3118 δὸς
3469 3054 3720 3127 καθαρὰν

2128 3143 2346 3214 στολήν.

2193 3238 2254 3291 δ’.
2299 3238 2413 3309 Οὐχ
2451 3239 2582 3310 ὁρᾷς
2614 3239 2675 3292 τὸ
2708 3239 2899 3310 κέρδος
2931 3240 3057 3294 ὅσον
3086 3258 3104 3309 ;
3138 3241 3166 3294 6
3189 3241 3426 3314 Χριστὸς
3451 3242 3518 3296 δι’
3550 3243 3716 3299 αὐτοῦ

2123 3334 2508 3406 παραγίνεται,
2538 3336 2716 3390 καὶσὺ
2751 3336 2893 3409 ὐπέρ
2926 3337 3118 3392 τούτου
3144 3337 3483 3410 μικρολογῇς
3509 3338 3602 3394 τὸν
3624 3339 3722 3411 βα-

2125 3429 2275 3483 σιλέα
2288 3428 2470 3482 καλῶν
2488 3429 2583 3482 ἐπὶ
2600 3429 2699 3500 τὴν
2711 3428 3018 3500 τράπεζαν,
3038 3430 3180 3502 ὐπέρ
3205 3429 3416 3485 τούτων
3437 3431 3683 3496 δέδοικας
3701 3451 3716 3500 ;

2133 3520 2586 3574 Ὑποκείσθωσαν
2611 3520 2888 3591 τράπεζαι
2916 3521 3029 3588 δύο,
3061 3523 3156 3576 καὶ
3189 3524 3222 3593 ἡ
3261 3522 3365 3594 μὲν
3399 3523 3466 3577 ἐκ
3509 3523 3718 3579 τούτων

2121 3611 2530 3683 πεπληρώσθω,
2565 3613 2662 3665 καὶ
2716 3612 2891 3683 ἐχέτω
2920 3613 3160 3682 τυφλοὺς
3182 3652 3196 3677 ,
3223 3612 3452 3684 χωλοὺς,
3485 3614 3717 3680 κυλλούς

2118 3705 2219 3774 τὴν
2259 3694 2441 3776 χεῖρα,
2480 3705 2540 3758 τὸ
2573 3705 2768 3768 σκέλος
2816 3705 3282 3778 πεπηρωμένους,
3318 3708 3715 3774 ἁνυποδέτους,

2118 3796 2216 3851 ἐνα
2244 3797 2666 3867 περικειμένους
2703 3797 3048 3868 χιτωνίσκον,
3075 3799 3171 3852 καὶ
3203 3799 3394 3852 τοῦτον
3423 3801 3718 3871 ἐκτετριμ-

2121 3888 2300 3960 μένον·
2331 3890 2363 3959 ή
2393 3889 2450 3942 δὲ
2483 3888 2656 3962 ἑτέραν
2675 3889 2848 3960 ἐχέτω
2869 3889 3158 3956 δυνάστας,
3189 3892 3557 3962 στρατηγοὺς,
3582 3909 3718 3946 τοπ-

2113 3980 2314 4051 άρχας,
2348 3979 2620 4050 ἄρχοντας
2659 3979 2956 4051 μεγάλους,
2981 3982 3367 4054 ἐνδεδυμένους
3391 3983 3584 4054 ἱμάτια
3619 4000 3718 4037 πο-

2115 4070 2310 4143 λυτελῆ
2329 4072 2426 4126 καὶ
2449 4073 2643 4138 ὀθόνας
2667 4073 2893 4138 λεπτὰς,
2912 4073 3262 4145 ἐζωσμένους
3277 4078 3490 4146 χρυσᾶς
3511 4073 3713 4140 ζώνας.

2116 4165 2288 4219 Πάλιν
2315 4165 2556 4220 ἐνταῦθα
2579 4167 2637 4219 ἐν
2659 4169 2727 4238 τῇ
2751 4165 2862 4220 τῶν
2888 4167 3144 4238 πενήτων
3170 4168 3422 4240 τραπέζῃ
3457 4169 3599 4238 μήτε
3621 4168 3717 4240 ἀρ-

2115 4277 2285 4332 γυρος
2315 4259 2478 4324 ἔστω,
2508 4261 2648 4331 μήτε
2682 4256 2825 4323 οἶνος
2861 4258 3050 4324 πολὺς,
3076 4259 3194 4313 ἀλλ’
3224 4261 3254 4313 6
3282 4260 3470 4331 ἀρκῶν
3505 4261 3600 4314 καὶ
3623 4262 3717 4314 εὐ-

2117 4354 2320 4424 φρᾶναι
2371 4352 2674 4424 δυνάμενος
2709 4365 2724 4381 ⁸
2769 4351 2842 4405 τὰ
2871 4351 2928 4405 δὲ
2980 4350 3290 4424 ἐκπώματα
3331 4354 3427 4407 καὶ¹
3451 4352 3522 4406 τὰ
3549 4352 3715 4408 λοιπά

2116 4445 2288 4518 σκεύη
2316 4445 2426 4500 ἀπὸ
2450 4445 2606 4500 ὑέλου
2637 4442 3070 4500 κατεσκευάσθω
3096 4445 3265 4514 μόνης
3289 4461 3303 4476 °
3333 4447 3451 4499 ἐκεῖ
3473 4445 3529 4500 δὲ
3560 4447 3619 4498 ἐν
3644 4449 3712 4518 τῇ

2113 4539 2223 4593 τῶν
2261 4539 2534 4592 πλουσίων
2551 4536 2804 4610 τραπέζῃ
2835 4537 2976 4592 ἔστω
3005 4537 3106 4608 μὲν
3137 4537 3307 4609 σκεύη
3343 4539 3411 4593 τὰ
3443 4539 3622 4593 πάντα
3653 4539 3714 4605 ἐξ

2111 4631 2360 4702 ἀργύρου
2416 4630 2512 4684 καὶ
2569 4629 2798 4702 χρυσοῦ,
2829 4631 2924 4685 καὶ
2973 4630 3108 4701 μηδέ
3140 4625 3221 4694 εἷς
3253 4632 3469 4702 φερέτω
3490 4631 3550 4684 τὸ
3577 4633 3708 4702 ἡμι-

2110 4723 2357 4785 κύκλιον,
2389 4722 2528 4777 ἀλλά
2576 4722 2670 4777 δύο
2702 4723 2912 4777 νεανίαι
2945 4723 3101 4794 μόλις
3153 4723 3285 4777 αὐτὸ
3335 4723 3660 4778 κινείτωααν
3693 4737 3709 4751 ⁸

2113 4816 2255 4870 έστω
2284 4815 2343 4870 66
2375 4817 2470 4869 καὶ
2505 4815 2673 4887 φιάλη
2719 4815 3028 4888 ὑπόχρυσος
3063 4814 3307 4884 σταθμὸν
3336 4813 3711 4884 ἡμιτάλαντον

2110 4906 2348 4960 ἕλκουσα
2375 4948 2390 4975 ,
2431 4906 2508 4970 ὼς
2543 4907 2638 4961 δύο
2685 4907 2905 4969 νεανίας
2943 4906 3102 4976 μόλις
3159 4903 3332 4975 αὐτὴν
3383 4906 3578 4967 κινεῖν,
3614 4903 3711 4958 καὶ

2109 5001 2159 5053 οἱ
2192 5000 2466 5071 ἀμφορεῖς
2492 4999 2803 5053 κείσθωσαν
2833 4997 3032 5068 ἐφεξῆς
3047 4995 3228 5067 πολλῷ
3246 4997 3472 5066 ἄμεινον
3487 4993 3582 5047 τοῦ
3604 4996 3708 5065 69-

2109 5089 2282 5163 γύρου
2307 5090 2730 5160 ἀπολάμποντες
2747 5089 2825 5156 τῷ
2846 5088 3034 5160 χρυσῷ
3060 5104 3074 5118 ο
3112 5087 3257 5141 έστω
3288 5086 3347 5140 δέ
3369 5086 3468 5141 καὶ⁵
3494 5085 3555 5138 τὸ
3572 5087 3707 5156 ἡμι-

2109 5183 2331 5237 κύκλιον
2361 5183 2549 5254 ἁπαλῇ
2577 5184 2835 5254 στρωμνῇ
2864 5180 3131 5236 πάντοθεν
3151 5181 3569 5252 ἐστορεσμένον.
3590 5180 3705 5234 Πά-
3740 5223 3749 5229 .

2107 5276 2192 5331 λιν
2239 5275 2474 5330 ἐνταῦθα
2512 5277 2612 5346 μὲν
2652 5275 2900 5330 ἔστωσαν
2933 5275 3172 5330 διάκονοι
3195 5273 3404 5339 πολλοὶ,
3436 5273 3547 5327 τῶν
3568 5275 3705 5328 ἀνα-

2107 5369 2378 5442 κειμένων
2390 5364 2661 5441 οὐχῆττον
2679 5370 3086 5440 κεκοσμημένοι
3095 5371 3208 5432 τοῖς
3227 5367 3486 5438 ἱματίοις,
3506 5367 3603 5420 καὶ
3618 5369 3706 5421 ἐν·

2105 5462 2388 5534 δεδυμένοι
2423 5462 2718 5534 λαμπρῶς,
2750 5463 2845 5517 καὶ
2899 5462 3232 5533 ἀναξυρίδας
3275 5461 3516 5533 ἔχοντες,
3545 5461 3705 5516 καλοὶ

2108 5556 2206 5626 μὲν
2245 5557 2394 5622 ἰδεῖν,
2438 5556 2571 5610 αὐτὸ
2592 5557 2818 5625 ἄγοντες
2850 5557 2951 5628 τῆς
2974 5556 3198 5628 ἡλικίας
3227 5555 3289 5609 τὸ
3323 5555 3510 5621 ἄνθος,
3532 5572 3700 5627 σφρι-

2104 5651 2312 5721 γῶντες
2351 5651 2446 5706 καὶ
2475 5649 2929 5721 εὐσωματοῦντες
2959 5667 2973 5680 ·
2999 5649 3188 5703 ἐκείδέ
3219 5649 3315 5702 δύο
3351 5648 3504 5719 μόνοι
3525 5647 3702 5702 ἐστω-

2106 5762 2204 5798 σαν
2226 5742 2376 5815 [528]
2394 5742 2654 5806 διάκονοι,
2686 5742 2864 5796 πάντα
2884 5741 2977 5795 τὸν
2987 5741 3158 5812 τῦφον
3176 5739 3366 5795 τοῦτον
3381 5740 3703 5810 πεπατηκό-

2103 5852 2194 5898 τες
2212 5851 2224 5864 '
2243 5835 2338 5889 καὶ
2360 5835 2503 5888 ἔστω
2531 5838 2644 5899 τοῖς
2671 5834 2770 5904 μὲν
2792 5833 2863 5886 τὰ
2883 5834 3162 5904 ἐδέσματα
3197 5832 3492 5904 πολυτελῆ,
3511 5833 3626 5895 τοῖς
3641 5831 3698 5884 δέ

2106 5928 2346 5985 τοσαῦτα
2359 5927 2461 5983 ὅσα
2482 5927 2670 5982 σϐέσαι
2694 5926 2785 5982 τὸν
2807 5925 2989 6000 λιμὸν,
3006 5925 3098 5982 καὶ
3118 5924 3456 5999 εὐφροσύνης
3487 5921 3700 5996 ἐμπλῆ-
