4184 6516
353 393 464 451 303

351 526 422 565 an
454 517 645 565 exacte
689 515 746 564 et
795 516 1047 563 accurate
1090 513 1309 561 structae
1349 514 1474 561 sunt
1501 504 1674 558 ambae
1704 497 1954 557 mensae?

351 601 579 657 deestne
603 599 850 672 aliquid?
879 600 989 672 Ego
1008 599 1224 670 quidem
1246 614 1354 653 non
1381 598 1609 667 Opinor:
1638 610 1761 650 nam
1790 602 1845 649 et
1872 593 1957 647 in-

354 694 557 749 vitatos
606 694 852 748 recensui
874 734 890 759 ,
919 693 1249 763 exposuique
1293 705 1452 762 quam
1484 689 1716 759 pretiosa
1746 696 1800 743 et
1839 700 1956 741 nta-

353 786 551 857 gnitica
597 794 783 842 essent
829 800 976 852 vasa,
1027 784 1262 855 stragula
1316 794 1372 841 et
1424 782 1646 838 cibaria.
1675 781 1782 837 Sed
1811 788 1867 835 et
1911 778 1958 834 si

354 878 649 950 quidquam
687 878 1130 949 praetermisimus
1150 916 1167 945 ,
1203 878 1259 933 in
1280 876 1524 933 oratione
1552 875 1961 947 progredientes

357 969 412 1025 id
441 970 799 1025 inveniemus.
821 971 931 1041 Age
957 985 1088 1041 ergo
1111 1011 1125 1034 ,
1156 969 1409 1040 quoniam
1439 967 1583 1039 quod
1627 967 1864 1037 oportuit
1905 975 1962 1020 et

355 1062 542 1117 decuit
567 1062 736 1118 decus
772 1070 828 1116 et
856 1070 1231 1117 ornamentum
1262 1061 1471 1130 accepit
1496 1069 1723 1130 utraque
1750 1070 1958 1121 mensa,

360 1152 639 1209 videamus
680 1154 895 1209 ubinam
937 1168 1035 1208 vos
1069 1152 1421 1208 accumbetis.
1450 1150 1583 1207 Nam
1619 1164 1719 1220 ego
1745 1146 1960 1217 quidem

359 1244 501 1300 vado
528 1244 596 1299 ad
623 1260 869 1300 mensam
890 1259 1159 1300 caecorum
1186 1253 1243 1299 et
1268 1243 1584 1299 claudorum
1615 1260 1628 1296 :
1660 1241 1841 1312 plures
1865 1255 1964 1294 au-

363 1347 470 1392 tem
493 1351 560 1392 ex
587 1337 743 1391 vobis
769 1337 967 1407 eligent
1022 1335 1161 1391 hanc
1206 1335 1438 1391 fortasse
1476 1348 1719 1389 mensam
1768 1332 1963 1386 ducto-

363 1445 481 1484 rum
512 1429 783 1485 exercittts
823 1445 945 1500 quae
994 1438 1079 1485 est
1132 1427 1413 1500 splendida
1441 1435 1497 1483 et
1537 1425 1741 1482 hilaris.
1773 1423 1969 1480 Videa-

364 1537 485 1576 mus
514 1536 642 1592 ergo
669 1530 787 1577 utra
826 1521 896 1576 sit
928 1520 1119 1591 majori
1156 1520 1361 1590 repleta
1389 1518 1696 1589 voluptate;
1726 1515 1966 1572 nondum

364 1612 510 1666 enim
537 1612 713 1666 futura
758 1611 1094 1683 inquiramus
1127 1626 1141 1664 :
1172 1626 1297 1666 nam
1340 1610 1394 1665 in
1442 1608 1548 1664 illis
1584 1606 1798 1679 quidem
1852 1606 1967 1662 haec

368 1718 487 1759 mea
509 1712 593 1759 est
610 1704 878 1775 superior.
897 1702 1116 1771 Quare?
1138 1702 1400 1771 Quoniam
1427 1700 1546 1756 [nec
1568 1699 1785 1772 quidem
1811 1696 1967 1752 Chri-

365 1806 510 1851 stum
540 1796 700 1853 habet
724 1795 1132 1853 accumhentcm
1159 1812 1175 1862 ;
1208 1795 1297 1850 illa
1327 1803 1505 1862 autem
1522 1794 1769 1849 homines
1802 1808 1816 1846 :
1852 1791 1967 1847 lncc

367 1886 676 1955 Dominum,
710 1886 796 1943 illa
818 1901 1027 1943 servos.
1060 1885 1217 1942 Atde
1253 1885 1337 1941 his
1368 1885 1605 1941 nondum
1628 1885 1838 1955 agitur;
1870 1882 1965 1938 sed

368 1978 648 2033 videamus
676 1987 793 2033 utra
835 1977 1094 2048 majorem
1122 1976 1316 2033 habeat
1346 1978 1674 2047 voluptatem
1720 1976 1776 2030 in
1826 1990 1967 2044 pra:-

370 2069 565 2124 sentia.
596 2068 662 2123 Et
704 2069 758 2123 in
809 2066 909 2123 hac
938 2067 1155 2139 quidem
1202 2068 1375 2139 major
1416 2076 1500 2123 est
1530 2066 1647 2121 hac
1675 2065 1920 2135 voluptas
1949 2079 1965 2118 :

373 2176 497 2214 nam
520 2174 640 2215 cum
667 2175 793 2232 rege
818 2160 1139 2217 accumbere
1157 2158 1417 2230 majorem
1437 2158 1595 2215 affert
1614 2157 1966 2227 voluptatem,

369 2267 529 2321 quam
558 2266 679 2307 cum
710 2251 902 2308 servis.
934 2250 1041 2309 Sed
1070 2251 1172 2308 hoc
1192 2266 1410 2323 quoque
1451 2255 1750 2317 mittamus,
1774 2258 1829 2306 et
1854 2263 1968 2304 rem

371 2342 541 2412 ipsam
572 2358 667 2414 per
695 2358 755 2400 se
782 2348 1175 2400 examinemus.
1192 2344 1304 2415 Ego
1330 2343 1530 2413 itaque,
1558 2350 1613 2399 et
1637 2343 1726 2413 qui
1758 2354 1969 2396 mecum

372 2434 510 2490 hanc
537 2450 779 2491 mensam
801 2435 1100 2506 elegerunt,
1128 2449 1250 2491 cum
1277 2449 1469 2507 magna
1492 2434 1743 2490 libertate
1770 2441 1826 2489 et
1850 2433 1973 2487 ani-

372 2526 447 2580 mi
472 2526 859 2598 tranquillitate
883 2535 938 2582 et
963 2526 1346 2592 delectatione,
1373 2534 1430 2583 et
1473 2525 1748 2590 dicemus,
1780 2534 1835 2580 et
1871 2539 1972 2578 au-

371 2616 584 2673 diemus
609 2617 790 2672 omnia
818 2633 833 2675 :
861 2631 955 2673 vos
992 2625 1172 2673 autem
1200 2625 1491 2673 trementes
1517 2625 1572 2672 et
1598 2616 1970 2681 formidantes,

372 2717 428 2764 et
452 2723 544 2764 eos
565 2709 655 2781 qui
694 2710 1022 2766 accumbunt
1047 2718 1380 2775 reverentes,
1411 2724 1480 2765 ne
1509 2724 1725 2765 manum
1755 2708 1973 2778 quidem

373 2801 640 2858 audebitis
659 2802 973 2872 extendere,
1004 2812 1275 2875 tamquam
1306 2803 1363 2859 in
1395 2802 1668 2876 paedagogi
1699 2801 1885 2857 ludum
1908 2801 1975 2856 li-

376 2894 631 2950 terarium
656 2895 908 2966 ingressi,
942 2895 1137 2951 nonad
1163 2895 1469 2967 prandium,
1504 2905 1775 2967 tamquam
1800 2907 1974 2951 savos

373 2988 625 3045 dominos
666 2987 1067 3046 horrescentes.
1098 2987 1205 3044 Sed
1248 3002 1356 3043 non
1404 2988 1482 3043 sic
1512 2986 1611 3043 illi.
1636 2987 1706 3043 At
1744 3001 1970 3058 magna,

376 3079 568 3149 inquit,
598 3093 688 3135 res
714 3088 801 3135 est
831 3078 1025 3135 honor.
1060 3078 1223 3150 Atqui
1248 3094 1349 3150 ego
1375 3077 1592 3151 quidem
1620 3078 1810 3147 majori
1853 3093 1974 3134 sum

376 3172 429 3226 in
463 3172 669 3227 honore
699 3187 714 3225 :
748 3187 873 3227 nam
904 3178 1080 3228 vestra
1124 3172 1299 3242 major
1332 3180 1555 3244 apparet
1597 3171 1776 3228 vilitas
1802 3212 1817 3239 ,
1844 3185 1973 3228 cum

376 3264 539 3319 etiam
576 3263 824 3334 ejusdem
866 3278 1069 3319 mensae
1112 3263 1438 3334 participes,
1480 3262 1768 3335 proferatis
1812 3263 1975 3319 verba

375 3373 680 3415 servorum.
712 3356 927 3413 Etenim
955 3366 1083 3412 tunc
1105 3356 1339 3412 maxime
1362 3364 1588 3427 apparet
1610 3370 1821 3422 servus,
1849 3370 1974 3411 cum

381 3449 692 3506 accubuerit
728 3465 850 3505 cum
885 3448 1108 3505 domino
1137 3466 1153 3503 :
1182 3463 1305 3503 nam
1335 3448 1428 3503 ille
1451 3446 1669 3518 quidem
1697 3455 1782 3504 est
1808 3446 1899 3502 ubi
1924 3445 1975 3503 ci

382 3556 507 3598 esse
544 3556 649 3597 non
688 3543 1062 3609 conveniebat,
1091 3557 1154 3597 ex
1205 3540 1572 3597 familiaritate
1619 3555 1728 3596 non
1767 3549 1976 3595 tantum

382 3634 589 3692 habens
617 3634 901 3701 honorem,
950 3644 1205 3707 quantam
1231 3634 1589 3706 dejectionem
1614 3649 1631 3700 ;
1674 3643 1801 3689 tunc
1830 3634 1977 3689 enim

380 3726 535 3783 valde
574 3726 795 3784 lmmilis
823 3726 1066 3785 redditur
1084 3735 1140 3784 et
1165 3726 1428 3798 abjectus.
1454 3726 1681 3783 Servum
1711 3726 1853 3783 enim
1881 3741 1978 3797 per

378 3835 442 3878 se
465 3820 664 3878 videris
684 3835 806 3877 esse
825 3821 1189 3893 splendidum,
1210 3830 1267 3877 et
1292 3837 1387 3892 per
1411 3836 1471 3878 se
1494 3820 1833 3892 splendidum
1856 3835 1977 3877 esse

380 3926 675 3983 pauperem
699 3952 715 3979 ,
746 3921 803 3967 at
831 3928 939 3968 non
965 3911 1181 3984 quando
1210 3912 1451 3968 ambulat
1485 3928 1606 3969 cum
1633 3912 1801 3969 divite
1826 3931 1841 3968 :
1876 3914 1978 3968 hu-

383 4004 510 4060 mile
537 4003 927 4079 cnimquando
954 4003 1113 4061 fuerit
1154 4018 1325 4075 prope
1365 4004 1625 4070 sublime,
1659 4013 1785 4060 tunc
1809 4019 1976 4074 appa-

381 4106 468 4154 ret
515 4096 756 4163 humile;
796 4105 854 4154 et
887 4096 1221 4168 comparatio
1261 4096 1463 4154 humile
1489 4097 1665 4154 reddit
1690 4097 1977 4164 humilius,

382 4205 492 4247 non
512 4189 695 4247 altius.
729 4190 805 4247 ita
830 4204 929 4247 vos
956 4205 1172 4262 quoque
1203 4190 1517 4247 humiliores
1556 4190 1733 4247 reddit
1756 4200 1811 4246 et
1832 4191 1981 4259 ahje-

382 4284 582 4340 ctiores
608 4298 731 4339 cum
762 4284 867 4339 illis
892 4283 1216 4339 accumbere
1244 4299 1258 4337 :
1289 4281 1384 4338 sed
1408 4296 1514 4337 non
1536 4296 1657 4337 nos.
1688 4282 1744 4337 ln
1771 4282 1982 4339 duobus

380 4374 599 4446 quidem
622 4375 746 4431 illos
762 4388 1100 4446 superamus,
1122 4390 1316 4445 nempe
1336 4374 1389 4430 in
1412 4374 1657 4430 libertate
1671 4382 1726 4430 et
1754 4373 1982 4443 honore,

382 4484 507 4523 cum
537 4469 731 4540 quibus
758 4468 892 4523 nihil
921 4476 1099 4539 potest
1124 4467 1378 4534 conferri,
1410 4467 1553 4539 quod
1580 4468 1775 4524 attinet
1799 4467 1865 4523 ad
1889 4482 1983 4523 vo-

383 4562 665 4630 luptatem.
696 4559 829 4615 Nam
870 4574 971 4631 ego
1014 4559 1231 4630 quidem
1258 4560 1437 4615 malim
1470 4559 1643 4615 solum
1668 4574 1858 4629 panem
1886 4575 1980 4615 su-

384 4666 536 4707 mere
566 4667 688 4706 cum
719 4650 970 4712 libertate
991 4691 1009 4718 ,
1028 4660 1200 4721 quam
1232 4651 1655 4706 innumerabiles
1682 4650 1833 4706 cibos
1857 4666 1979 4705 cum

384 4744 667 4799 servitute.
688 4742 876 4797 Melius
899 4753 973 4799 est
994 4742 1162 4797 vocari
1181 4744 1249 4796 ad
1278 4741 1419 4798 olera
1442 4758 1558 4797 cum
1581 4743 1813 4808 caritate,
1828 4759 1983 4813 quant

382 4835 455 4888 ad
494 4834 704 4889 vitulum
730 4837 1019 4904 saginatum
1046 4850 1159 4888 cum
1187 4834 1305 4889 odio
1333 4836 1351 4905 (
1380 4832 1539 4893 Prov.
1562 4835 1650 4892 i5.
1682 4835 1749 4890 l7
1777 4835 1819 4906 ).
1845 4834 1980 4891 Nam

383 4926 644 4999 quidquid
676 4927 750 4983 illi
776 4926 1031 4995 dixerint,
1065 4942 1289 4983 necesse
1318 4937 1402 4983 est
1428 4936 1486 4983 ut
1522 4930 1612 4998 qui
1641 4927 1836 4983 adsunt
1862 4929 1981 4984 lau-

382 5020 545 5087 dent,
577 5020 659 5075 vel
700 5019 998 5087 offendant,
1030 5035 1090 5075 se
1110 5028 1358 5091 gerentes
1392 5030 1660 5091 tamquam
1694 5021 1979 5091 parasitos,

384 5113 497 5168 imo
528 5128 659 5168 vero
691 5112 796 5168 illis
820 5111 993 5183 pejus.
1021 5111 1156 5167 Nam
1184 5112 1266 5167 eis
1285 5111 1527 5183 quidem,
1558 5121 1612 5168 et
1636 5113 1681 5168 si
1706 5128 1827 5169 cum
1860 5129 1985 5184 pro-

384 5205 485 5259 bro
528 5214 582 5260 et
614 5204 907 5275 ignominia
952 5203 1278 5261 contumelia
1322 5203 1648 5271 afficiantur,
1683 5221 1789 5261 non
1830 5204 1983 5261 deest

384 5310 566 5353 tamen
594 5298 818 5354 libertas
848 5297 1100 5369 loquendi
1126 5315 1142 5355 :
1165 5296 1318 5352 vobis
1347 5308 1525 5352 autem
1553 5312 1621 5352 ne
1646 5299 1747 5353 hoc
1766 5298 1980 5368 quidem

383 5391 559 5447 adest.
578 5391 684 5447 Sed
710 5389 976 5462 ejusmodi
996 5391 1211 5462 quidem
1234 5399 1317 5446 est
1335 5391 1513 5446 vilitas
1526 5400 1581 5447 et
1604 5390 1869 5462 dejectio;
1888 5407 1983 5447 ex-

382 5484 668 5542 timescitis
713 5483 856 5539 enim
881 5492 935 5539 et
971 5482 1281 5553 trepidatis:
1315 5481 1492 5538 nullus
1535 5492 1714 5537 autem
1755 5482 1983 5539 habetur

388 5579 585 5632 honor.
617 5577 757 5646 Ergo
784 5576 874 5630 illa
903 5574 1119 5646 quidem
1150 5575 1295 5630 omni
1325 5577 1597 5645 voluptate
1626 5586 1709 5630 est
1751 5575 1979 5645 privata,

386 5670 504 5725 haec
530 5679 710 5724 autem
733 5668 892 5739 plena
915 5675 1000 5722 est
1027 5668 1170 5723 omni
1199 5667 1362 5723 animi
1390 5667 1765 5724 delectatione.

457 5763 512 5819 5.
553 5760 794 5831 Crapula:
836 5759 1028 5813 malum
1054 5768 1100 5812 et
1129 5758 1366 5814 dedecus.
1396 5758 1592 5816 -Sed
1641 5769 1697 5815 et
1742 5760 1979 5828 ipsarum

383 5869 633 5910 escarum
666 5861 911 5913 naturam
937 5850 1323 5934 examincmus.
1358 5851 1488 5910 Nam
1512 5852 1620 5908 illic
1647 5852 1858 5926 quidem
1884 5871 1979 5913 ne-

1365 381 1576 442 ElIST.
1620 384 1711 439 AD
1749 377 2024 438 CULUSS.
2068 379 2219 436 CAP.
2265 382 2303 436 .
2348 380 2577 438 .
2623 381 2661 437 .

3558 395 3665 450 506

2068 508 2222 551 cosse
2248 498 2442 568 cuique
2467 507 2572 566 est,
2590 498 2799 553 etiamsi
2830 499 2982 568 nolit,
3005 503 3173 561 multo
3204 506 3331 563 vino
3358 506 3618 578 disrumpi
3647 528 3663 567 :

2066 585 2155 642 hic
2185 597 2362 643 autem
2393 588 2519 644 licet
2567 607 2672 645 non
2714 593 3023 663 comedere,
3053 612 3154 652 nec
3202 598 3408 666 bibere,
3433 600 3478 654 si
3506 602 3662 657 nolit.

2065 678 2423 747 Quamobrem
2452 680 2560 737 illic
2580 696 2720 752 eam,
2744 699 2865 754 quae
2880 700 2945 741 ex
2962 686 3203 745 ciborum
3224 692 3533 749 conditione
3557 695 3669 748 ori-

2068 782 2154 828 tur
2175 773 2524 841 voluptatem.
2553 784 2609 831 et
2635 778 2947 846 pracedens
2977 781 3165 838 adimit
3192 783 3448 854 dedecus,
3477 796 3668 858 etquae

2067 866 2369 922 satietatem
2402 869 2645 938 sequitur
2668 871 2939 928 molestia.
2962 874 3078 931 Non
3106 877 3285 933 minus
3316 880 3462 935 enim
3503 896 3666 950 quam

2068 957 2255 1025 fames,
2280 974 2505 1030 corpora
2525 966 2821 1036 corrumpit
2840 967 2995 1025 nobis
3010 978 3065 1025 et
3093 971 3278 1029 dolore
3301 973 3470 1031 afficit
3494 977 3669 1046 reple-

2068 1050 2143 1105 tio
2168 1058 2223 1106 ct
2248 1050 2541 1118 saturitas;
2575 1053 2685 1110 imo
2724 1071 2855 1112 vero
2893 1061 3106 1127 gravius
3134 1080 3150 1117 :
3184 1073 3238 1118 et
3272 1080 3668 1136 quemcumque

2070 1140 2201 1196 mihi
2251 1141 2385 1198 dare
2426 1145 2683 1212 volueris,
2731 1162 2855 1203 eum
2893 1148 3105 1207 facilius
3131 1152 3461 1226 disrumpam
3489 1159 3667 1227 reple-

2071 1236 2240 1301 tione,
2271 1252 2433 1307 quam
2462 1238 2618 1295 fame.
2647 1240 2727 1297 Re
2757 1258 2884 1298 vera
2913 1245 3059 1300 enim
3092 1246 3207 1303 hrec
3234 1259 3314 1303 est
3345 1250 3434 1306 illa
3465 1251 3669 1307 tolera-

2071 1328 2230 1384 bilior
2259 1347 2271 1383 :
2306 1332 2559 1400 quoniam
2590 1333 2783 1389 famem
2811 1337 2895 1391 vel
2925 1337 3110 1409 viginti
3150 1339 3269 1395 dies
3293 1342 3561 1412 quispiam
3588 1353 3672 1397 tu-

2072 1420 2211 1486 lerit,
2245 1422 2598 1491 repletioncm
2645 1434 2826 1481 autem
2867 1442 2937 1484 ne
2980 1428 3117 1485 duos
3163 1430 3383 1500 quidem
3418 1441 3517 1487 :et
3544 1448 3669 1488 cum

2072 1510 2215 1568 fame
2244 1513 2463 1583 quidem
2508 1515 2724 1572 assidue
2752 1517 3019 1575 luctantes
3041 1522 3130 1591 qui
3158 1523 3266 1577 ruri
3300 1523 3521 1595 degunt,
3553 1529 3670 1582 sani

2071 1611 2235 1667 sunt,
2269 1619 2369 1659 nec
2413 1616 2570 1676 egent
2607 1607 2870 1674 medicis;
2898 1610 3037 1667 hanc
3063 1622 3244 1670 autem
3268 1656 3284 1681 ,
3316 1616 3672 1686 repletioncm

2072 1692 2310 1765 inquam,
2340 1711 2448 1751 non
2477 1697 2553 1752 illi
2579 1699 2796 1756 tulerint
2825 1701 2928 1758 nisi
2960 1714 3220 1775 perpetuo
3247 1719 3526 1763 accersam
3557 1727 3671 1764 me-

2072 1784 2258 1850 dicos;
2283 1786 2390 1842 imo
2418 1804 2549 1843 vero
2571 1790 2785 1846 illorum
2815 1808 3029 1864 quoque
3053 1796 3310 1851 auxilium
3337 1813 3482 1869 stepe
3509 1815 3674 1871 supc-

2072 1885 2155 1932 rat
2181 1877 2337 1949 hujus
2364 1880 2605 1951 tyrannis
2642 1881 2806 1954 Ergo,
2835 1884 2978 1955 quod
3008 1887 3199 1944 attinet
3223 1889 3289 1944 ad
3318 1890 3668 1961 voluptatem,

2075 1967 2190 2023 lucc
2220 1970 2417 2039 primas
2450 1969 2609 2028 habet
2636 1982 2837 2044 partes.
2867 1975 3000 2031 Nam
3029 1978 3075 2033 si
3106 1978 3280 2036 honor
3322 1981 3539 2052 quidem
3589 1996 3673 2040 est

2069 2059 2388 2131 jucundior,
2420 2079 2579 2135 quam
2607 2065 2806 2136 probro
2834 2078 2887 2124 et
2936 2073 3264 2127 contumelia
3292 2074 3469 2142 affici;
3496 2087 3549 2131 ct
3580 2094 3675 2147 po-

2076 2161 2323 2210 tcstatcm
2354 2155 2575 2223 habere,
2599 2174 2760 2229 quam
2789 2175 2911 2217 esse
2931 2162 3263 2233 subjectum;
3292 2174 3346 2221 et
3375 2167 3673 2239 conlidere,

2074 2260 2233 2316 quam
2264 2246 2454 2303 timere
2497 2259 2552 2304 et
2594 2257 2865 2319 tremere;
2902 2262 2958 2309 et
2984 2252 3089 2310 frui
3120 2257 3185 2311 iis
3211 2274 3331 2328 qua:
3357 2259 3629 2314 suiciunt
3655 2301 3674 2325 ,

2076 2354 2235 2408 quam
2276 2356 2436 2411 supra
2479 2341 2697 2399 modum
2729 2344 2975 2417 immergi
3005 2349 3059 2403 in
3088 2349 3285 2405 uctus
3310 2351 3622 2407 deliciarum
3657 2370 3673 2408 :

2079 2431 2196 2488 haec
2219 2448 2404 2490 mensa
2435 2434 2526 2490 illa
2557 2444 2641 2491 est
2670 2438 2883 2506 melior,
2912 2441 3075 2496 etiam
3104 2442 3246 2512 quod
3272 2444 3463 2500 attinet
3488 2445 3555 2501 ad
3580 2463 3675 2499 vo-

2078 2523 2358 2596 luptatem.
2384 2527 2687 2596 Quinetiam
2721 2532 2864 2602 quod
2903 2532 2970 2588 ad
2997 2546 3270 2606 sumptum
3298 2539 3529 2607 attinet,
3560 2541 3679 2595 hazc

2076 2630 2290 2687 quoque
2310 2619 2598 2675 estmelior
2617 2639 2630 2675 :
2648 2636 2771 2677 nam
2790 2623 2879 2678 illa
2898 2625 3114 2696 quidem
3136 2628 3360 2683 multum
3383 2635 3676 2697 consumit,

2080 2708 2195 2765 hazc
2224 2724 2352 2767 vero
2391 2727 2749 2784 nequaquam.
2779 2715 2884 2772 Sed
2913 2718 3076 2788 quid?
3105 2735 3234 2775 num
3276 2720 3342 2776 iis
3382 2723 3554 2778 solum
3583 2728 3677 2795 qui

2078 2802 2648 2875 accubantjucundior
2680 2816 2764 2863 est
2807 2807 2923 2864 haec
2966 2825 3176 2879 mensa,
3204 2827 3273 2868 an
3314 2814 3475 2868 etiam
3508 2816 3557 2870 ei
3584 2818 3677 2886 qui

2079 2893 2289 2961 invitat,
2317 2895 2576 2965 majorem
2626 2897 2781 2954 affert
2835 2916 2994 2967 quant
3040 2901 3129 2957 illa
3170 2902 3535 2975 voluptatem?
3563 2906 3677 2963 Hoc

2078 2985 2221 3041 enim
2252 2996 2358 3053 est,
2378 2988 2519 3058 quod
2547 3004 2578 3044 a
2605 2990 2761 3046 nobis
2781 2992 2950 3063 magis
2970 2994 3249 3064 quaeritur.
3278 2995 3379 3065 Qui
3405 3012 3535 3069 ergo
3558 2998 3679 3056 illos

2081 3081 2290 3148 invitat,
2314 3082 2495 3137 multis
2522 3093 2648 3139 ante
2688 3083 2878 3140 diebus
2910 3101 3031 3142 sese
3059 3097 3315 3157 apparat;
3357 3098 3414 3145 et
3455 3106 3681 3148 necesse

2078 3182 2164 3229 est
2192 3182 2251 3229 ut
2292 3173 2486 3229 habeat
2510 3176 2754 3246 negotia,
2783 3191 2944 3232 curas
2969 3186 3023 3232 ct
3048 3178 3437 3237 Sollicitudines
3456 3222 3472 3247 ,
3503 3196 3555 3238 ut
3585 3186 3678 3254 qni

2080 3280 2254 3337 neque
2284 3276 2442 3322 nocte
2488 3265 2757 3335 dormiat,
2785 3283 2961 3338 neque
3004 3269 3237 3325 interdiu
3278 3272 3552 3341 quiescat,
3582 3276 3678 3331 scil

2079 3356 2221 3427 apud
2248 3372 2308 3413 se
2328 3358 2493 3413 multa
2512 3359 2802 3429 conflngat,
2823 3359 3050 3431 loquens
3071 3376 3193 3415 cum
3211 3363 3421 3433 coquis,
3439 3380 3560 3420 cum
3582 3368 3680 3421 oli-

2079 3450 2446 3518 sonatoribus,
2473 3465 2596 3506 cum
2642 3467 2846 3508 mensae
2892 3455 3267 3512 structoribus.
3311 3456 3513 3512 Deinde
3554 3472 3677 3514 cum

2081 3540 2196 3612 ipse
2234 3541 2351 3598 dies
2379 3541 2695 3611 advenerit,
2723 3543 2922 3600 videris
2958 3545 3135 3616 ipsum
3183 3546 3354 3618 magis
3399 3547 3677 3605 timentem

2080 3648 2239 3704 quam
2270 3647 2365 3689 eos
2391 3634 2482 3704 qui
2527 3642 2654 3690 sunt
2694 3636 2886 3706 pugnis
2928 3634 3278 3705 decertaturi,
3310 3652 3378 3693 ne
3416 3639 3542 3708 quid
3590 3641 3681 3696 fiat

2083 3733 2278 3797 praeter
2305 3725 2592 3793 rationem,
2636 3740 2704 3781 ne
2730 3725 2943 3781 invidia:
2973 3727 3176 3784 fascino
3196 3726 3444 3797 feriatur,
3468 3746 3534 3785 ne
3556 3732 3680 3786 inde

2082 3815 2282 3873 multos
2304 3827 2646 3874 accusatores
2670 3817 2770 3874 sibi
2798 3819 2994 3890 pariat.
3025 3819 3123 3877 llic
3150 3829 3327 3876 autem
3350 3832 3433 3877 est
3456 3819 3593 3879 liber
3610 3822 3679 3877 ali

2082 3912 2229 3967 omni
2255 3926 2383 3967 cura
2414 3920 2471 3968 et
2498 3913 2733 3983 negotio,
2758 3928 3002 3970 mensam
3033 3913 3148 3984 ipse
3178 3930 3273 3985 per
3296 3929 3357 3970 se
3387 3930 3606 3986 parans,
3626 3928 3683 3972 ct

2084 4018 2191 4058 non
2220 4002 2402 4058 multis
2427 4014 2555 4060 ante
2583 4004 2775 4061 diebus
2799 4005 2868 4062 de
2893 4020 2960 4063 eo
2984 4006 3268 4063 sollicitus.
3293 4007 3359 4063 Et
3380 4018 3565 4079 postea
3594 4008 3682 4064 hic

2082 4095 2301 4167 quidem
2321 4097 2500 4152 statim
2523 4097 2702 4152 amisit
2722 4099 2948 4168 gratiam
2974 4114 2991 4152 :
3014 4099 3103 4154 ille
3116 4108 3295 4156 autem
3318 4099 3482 4157 habet
3513 4100 3679 4158 Deum

2082 4188 2404 4255 debitorem,
2432 4197 2488 4243 et
2528 4188 2667 4244 bona
2698 4203 2795 4259 spc
2815 4189 2997 4255 alitur,
3031 4190 3256 4261 singulis
3283 4190 3473 4251 diebus
3500 4207 3565 4248 ex
3590 4193 3682 4248 illa

2084 4295 2268 4336 mensa
2285 4279 2594 4335 convivans.
2614 4279 2745 4335 Nam
2763 4280 2869 4335 cibi
2892 4280 3106 4352 quidem
3131 4290 3542 4357 consumuntur,
3560 4298 3684 4353 gra-

2085 4373 2156 4428 tia
2183 4384 2361 4428 autem
2393 4388 2499 4427 non
2527 4374 2894 4439 consumitur;
2926 4373 3020 4429 sed
3064 4372 3304 4445 quotidie
3330 4376 3501 4447 magis
3528 4375 3682 4430 lauta-

2085 4471 2174 4519 tur
2200 4472 2254 4519 et
2278 4463 2537 4531 exsultat,
2569 4479 2731 4534 quam
2756 4466 2849 4535 qui
2878 4464 3052 4520 multo
3080 4465 3206 4521 vino
3232 4480 3292 4521 se
3321 4466 3683 4539 ingurgitave-

2084 4567 2230 4614 runt.
2246 4556 2390 4613 Nihil
2416 4557 2561 4614 enim
2583 4558 2820 4613 animam
2841 4573 2994 4629 aeque
3024 4559 3192 4614 nutrit
3220 4568 3383 4631 atque
3402 4560 3541 4617 bona
3559 4576 3687 4633 spes

2084 4660 2141 4708 et
2160 4651 2298 4709 bona
2328 4652 2678 4722 exspectatio.
2705 4651 2812 4708 Sed
2844 4650 3123 4708 videamus
3144 4667 3208 4709 ea
3234 4668 3355 4724 qua:
3382 4662 3567 4724 postea
3594 4669 3684 4711 se-

2084 4755 2340 4816 quuntur.
2363 4742 2478 4799 lllic
2496 4744 2712 4815 quidem
2734 4752 2860 4799 sunt
2882 4743 3024 4799 tibiae
3043 4752 3099 4799 et
3118 4742 3340 4799 cithara:
3368 4756 3423 4800 et
3452 4743 3643 4799 stula:
3664 4762 3679 4806 ;

2086 4836 2175 4893 hic
2198 4845 2379 4892 autem
2407 4836 2589 4892 nullus
2606 4835 2891 4891 dissonans
2912 4835 3103 4890 modus
3127 4849 3141 4896 ;
3170 4833 3267 4890 sed
3292 4833 3457 4905 quid?
3476 4836 3681 4907 hymni,

2086 4928 2418 5002 psalmodias.
2451 4928 2568 4984 Illic
2604 4927 2819 4999 quidem
2852 4926 3065 4999 hymnis
3104 4926 3448 4982 celebrantur
3482 4926 3684 4982 daemo-

2086 5036 2223 5087 nes;
2259 5020 2345 5076 hic
2372 5027 2553 5074 autem
2590 5018 2733 5073 Deus
2772 5018 3011 5072 omnium
3060 5014 3338 5072 Dominus.
3371 5016 3534 5073 Vides
3559 5018 3680 5088 qni-

2085 5111 2209 5168 dem
2239 5120 2451 5181 quantzc
2480 5110 2550 5164 sit
2576 5108 2693 5164 inec
2718 5109 2937 5179 gratim;
2970 5107 3025 5162 in
3052 5106 3198 5162 illam
3222 5117 3400 5163 autem
3422 5121 3680 5180 quantum

2086 5205 2243 5261 cadat
2274 5204 2464 5274 ingrati
2496 5202 2660 5257 animi
2688 5202 2896 5265 vitium,
2921 5210 3214 5272 stuporque
3242 5210 3299 5257 et
3322 5216 3513 5258 sensus
3553 5220 3682 5274 egc

2086 5296 2235 5352 stas?
2257 5294 2351 5349 llic
2378 5294 2526 5348 enim
2553 5291 2705 5357 mihi,
2736 5300 2787 5347 te
2813 5289 2955 5346 Deus
2982 5290 3115 5345 aluit
3143 5290 3255 5347 suis
3280 5290 3455 5357 bonis,
3480 5300 3680 5349 etcum

2086 5397 2363 5460 oporteret
2391 5388 2500 5443 Deo
2516 5385 2713 5457 gratias
2734 5400 2894 5456 agere
2913 5400 3034 5440 cum
3057 5384 3133 5440 sis
3154 5385 3408 5451 nutritus,
3435 5395 3490 5438 tu
3516 5385 3683 5439 inn-o-

2086 5483 2236 5539 ducis
2256 5482 2566 5539 daemones?
2596 5496 2719 5536 nam
2749 5496 2870 5552 qua:
2908 5488 3176 5535 canuntur
3201 5477 3395 5534 fidibus
3415 5494 3523 5534 non
3558 5488 3682 5534 sunt

2086 5575 2249 5641 aliud,
2279 5591 2438 5645 quam
2464 5573 2769 5629 daemonum
2811 5572 3038 5629 cantica.
3071 5572 3137 5627 Et
3168 5587 3291 5627 cum
3322 5581 3375 5627 te
3408 5581 3683 5641 oporteret

2085 5667 2287 5729 dicere.
2322 5666 2642 5723 Benedictus
2668 5681 2749 5731 es,
2784 5663 3033 5731 Domine,
3060 5662 3186 5733 quia
3216 5677 3303 5718 me
3326 5661 3596 5718 nutriviin
3616 5678 3682 5717 es

2086 5761 2243 5816 bonis
2274 5762 2413 5827 tuis;
2444 5769 2714 5832 tamquam
2742 5757 2957 5814 infamis
2984 5758 3199 5830 quidam
3226 5758 3378 5813 canis
3403 5774 3470 5815 ne
3495 5758 3683 5813 mentis

2088 5854 2213 5911 nisti
2232 5853 2472 5927 quidem,
2484 5853 2576 5911 sed
2598 5851 2894 5912 introducis
2913 5850 3226 5910 daemones?
3246 5851 3359 5910 lmo
3374 5866 3498 5909 vero
3518 5850 3681 5906 etiam
