4184 6502
552 384 652 437 λη

551 513 716 553 canes
745 506 854 551 tam
874 495 960 565 qui
989 499 1308 562 acceperunt
1329 505 1487 559 quam
1515 489 1603 558 qui
1647 504 1751 542 non
1781 495 2136 556 acceperunt,

555 589 894 645 blandiuntur
922 584 1262 647 domesticis;
1293 593 1347 636 tu
1377 592 1554 636 autem
1585 597 1651 635 nc
1676 581 1777 635 hoc
1815 580 2030 650 quidem
2063 579 2138 633 fa-

551 683 649 736 cis.
681 680 858 743 Canis,
893 678 1052 732 etiam
1078 692 1181 729 non
1205 673 1782 742 accipiens,blanditur
1802 673 2056 735 domino‘;
2083 679 2138 725 tu

550 783 749 832 autem,
768 772 925 826 etiam
945 785 1066 824 cum
1085 768 1378 837 acceperis,
1399 766 1652 821 adversus
1669 780 1791 821 eum
1809 767 1985 820 latras.
2004 764 2136 819 Rur-

549 879 638 917 sus
670 864 836 923 canis.
856 861 1063 917 etiamsi
1101 863 1305 916 alienus
1335 860 1381 915 ci
1405 857 1726 922 bcnefaciat,
1745 876 1811 913 ne
1829 859 1903 912 sic
1921 857 2133 928 quidem

547 954 741 1010 desinit
766 968 887 1008 esse
917 953 1162 1006 inimicus
1184 993 1197 1016 ,
1229 966 1402 1021 neque
1430 950 1661 1004 allicitur
1687 945 1754 1003 ad
1797 949 2084 1002 amicitiam
2116 965 2131 1015 ;

545 1056 598 1101 tu
630 1057 808 1102 autem
838 1046 973 1100 mala
1003 1044 1408 1098 innumerabilia
1442 1041 1648 1112 patiens
1692 1057 1720 1094 a
1762 1041 2093 1095 dtcmonibus
2114 1081 2128 1104 ,

544 1139 704 1194 etiam
747 1139 812 1192 ad
847 1137 1061 1206 prandia
1091 1151 1184 1191 eos
1213 1135 1522 1190 introdueis.
1557 1134 1913 1203 Quamobrem
1945 1149 2003 1187 es
2033 1134 2130 1186 dn-

543 1235 629 1300 plo
651 1248 783 1285 cane
801 1231 1049 1284 deterior.
1081 1229 1245 1284 Recte
1267 1237 1443 1282 autem
1473 1227 1522 1280 in
1551 1226 1862 1279 memoriam
1882 1224 2127 1278 revocavi

542 1341 700 1381 canes
725 1323 861 1391 apud
895 1337 987 1377 eos
1014 1363 1028 1386 ,
1057 1322 1146 1391 qui
1179 1331 1303 1374 tunc
1345 1319 1514 1374 solum
1553 1327 1717 1387 agunt
1743 1319 1939 1387 gratias
1959 1356 1973 1380 ,
2004 1330 2124 1370 cum

539 1415 713 1469 affecti
762 1414 954 1468 fuerint
995 1413 1272 1467 beneﬁcio.
1306 1411 1673 1466 Revereamini
1695 1451 1709 1474 ,
1740 1424 1898 1479 rogo,
1927 1423 2086 1462 canes
2107 1450 2121 1474 ,

537 1506 624 1574 qui
655 1507 813 1559 etiam
855 1504 994 1558 fame
1019 1503 1322 1557 laborantes
1352 1501 1635 1556 adulantur
1660 1501 1892 1555 dominis
1918 1519 1929 1555 :
1953 1511 2006 1555 tu
2031 1517 2124 1554 att-

540 1605 665 1659 tem,
696 1596 738 1649 si
771 1595 1002 1649 audieris
1032 1593 1172 1664 quod
1203 1593 1410 1647 dmmon
1434 1593 1638 1647 curavit
1663 1591 1988 1663 quempiam,
2017 1600 2122 1644 sta-

537 1689 629 1742 tim
654 1687 876 1742 dimittis
901 1687 1203 1750 Dominum,
1223 1701 1256 1739 o
1277 1686 1484 1740 ratione
1513 1685 1690 1739 minus
1718 1683 1938 1754 pra-dite
1963 1698 2118 1753 quam

532 1779 730 1834 Canes!
765 1781 830 1832 At
865 1780 1198 1840 meretrices,
1230 1777 1458 1847 inquies,
1492 1775 1617 1830 dum
1651 1775 1999 1844 aspiciuntur,
2025 1789 2118 1827 vo-

535 1874 789 1939 luptatem
817 1870 1089 1925 exhibent.
1119 1869 1286 1937 Quam
1321 1867 1688 1936 voluptatem?
1712 1881 1868 1936 quam
1903 1881 2007 1918 non
2033 1866 2117 1918 in-

531 1959 740 2012 famiam
760 1967 810 2012 et
838 1955 1226 2027 ignominiam?
1249 1955 1494 2023 ananar
1517 1951 1652 2007 facta
1683 1962 1760 2007 est
1795 1961 1878 2006 tua
1900 1951 2113 2014 domus,

528 2051 778 2120 furorque
816 2059 867 2104 et
897 2061 1118 2103 mstrnm
1152 2065 1165 2099 :
1209 2062 1312 2101 non
1347 2053 1399 2101 te
1429 2045 1593 2115 pudet
1633 2061 1694 2100 ea
1734 2059 1926 2099 vocare
1957 2045 2112 2097 volu-

527 2143 769 2212 ptatem?
798 2144 954 2212 Atqui
984 2143 1026 2197 si
1057 2143 1211 2196 liceat
1233 2141 1376 2194 omni
1409 2140 1482 2194 uti
1511 2139 1802 2208 voluptate,
1832 2140 2005 2208 majus
2031 2146 2115 2193 est

527 2237 650 2292 illud
675 2237 947 2308 probrum,
968 2244 1023 2291 et
1045 2235 1211 2305 major
1234 2250 1352 2304 qua:
1379 2250 1442 2289 ex
1476 2247 1535 2286 ca
1562 2232 1818 2301 accipitur
1839 2231 2105 2286 molestia.

523 2321 1057 2399 Quomodo?'Annon
1084 2343 1243 2398 grave
1265 2337 1344 2382 est
1375 2335 1427 2382 te
1449 2327 1674 2396 lupanar
1697 2323 1872 2378 facere
1891 2323 2107 2377 domum

525 2435 688 2486 turum,
712 2423 762 2476 in
789 2437 887 2491 qua
915 2419 1161 2474 homines
1183 2419 1345 2473 veluti
1367 2433 1491 2473 sues
1519 2417 1570 2470 in
1593 2432 1749 2472 coeno
1766 2415 2109 2471 volutentur?

521 2516 572 2570 Si
605 2524 779 2568 autem
813 2530 915 2566 non
945 2529 1010 2567 eo
1033 2527 1197 2582 usque
1223 2509 1612 2581 progrediatur,
1641 2523 1767 2563 ecce
1792 2522 1979 2563 rursus
1996 2523 2107 2561 ma-

515 2605 601 2673 jor
622 2614 704 2659 est
723 2603 877 2659 dolor
898 2621 911 2657 :
936 2614 1183 2672 aspectus
1200 2602 1340 2656 enim
1369 2616 1472 2656 non
1495 2607 1580 2654 est
1606 2600 1870 2668 voluptas,
1891 2598 2106 2669 quando

519 2713 622 2750 non
657 2695 815 2750 fuerit
843 2710 991 2760 usus,
1024 2693 1116 2748 sed
1147 2692 1318 2762 majus
1343 2690 1665 2747 desiderium
1694 2702 1748 2745 et
1778 2692 1990 2745 ﬂamma
2014 2705 2104 2744 ve-

519 2787 836 2840 Itcmenlior.
868 2785 971 2841 Sed
1001 2787 1080 2840 vis
1105 2785 1242 2840 scire
1273 2784 1471 2837 linem?
1514 2783 1590 2838 llli
1618 2783 1830 2854 quidem
1863 2799 1890 2834 a
1918 2797 2101 2837 mensa

514 2887 796 2946 surgentes
825 2886 951 2931 sunt
981 2876 1182 2930 insanis
1209 2876 1418 2930 similes
1447 2884 1501 2929 et
1527 2873 1708 2929 furore
1735 2872 1972 2942 percitis,
2002 2887 2100 2926 au-

513 2968 704 3033 daces,
747 2967 984 3022 iracundi
1012 3009 1027 3032 ,
1054 2968 1212 3022 etiam
1245 2967 1521 3037 mancipiis
1551 2966 1762 3020 ridiculi
1794 2983 1806 3019 :
1837 2974 1890 3020 et
1918 2963 2118 3027 famuli,

511 3059 725 3130 quidam
744 3059 1019 3113 discedunt
1043 3059 1223 3120 sobrii,
1243 3059 1326 3112 isti
1349 3073 1474 3112 vero
1491 3057 1696 3112 ebrii.0
1713 3056 1964 3112 dedecus!
1987 3057 2099 3111 Illic

510 3160 686 3205 autem
711 3150 839 3204 nihil
855 3149 1136 3219 ejusmodi,
1156 3149 1248 3205 sed
1270 3150 1487 3204 domum
1510 3148 1787 3209 recedunt,
1809 3163 1928 3202 cum
1947 3163 2121 3202 men»

509 3259 621 3298 sam
644 3243 1005 3298 concluserint
1024 3243 1309 3313 gratiarum
1343 3243 1573 3308 actione,
1608 3242 1712 3295 [reti
1740 3241 2090 3310 dormientes,

507 3335 611 3390 laeti
643 3335 1173 3406 expergiscentcs,ab
1198 3334 1340 3389 omni
1362 3335 1560 3404 probro
1581 3349 1644 3389 ac
1670 3333 1893 3389 crimine
1923 3334 2092 3388 liberi.

577 3428 628 3481 6.
656 3427 713 3482 Si
736 3427 815 3482 vis
846 3438 1023 3482 autem
1053 3427 1235 3482 videre
1263 3441 1357 3481 eos
1385 3427 1544 3481 etiam
1571 3426 1660 3496 qui
1694 3434 1818 3480 sunt
1847 3425 2088 3490 invitati,

505 3522 709 3577 ridebis
741 3521 842 3576 hos
872 3523 1087 3592 quidem
1120 3521 1268 3574 intus
1297 3534 1416 3575 esse
1450 3519 1583 3574 tales
1606 3560 1619 3582 ,
1653 3518 1840 3588 quales
1871 3518 1945 3572 illi
1991 3533 2094 3573 ex-

505 3616 787 3679 trinsecus,
821 3629 1012 3686 nempe
1039 3629 1229 3679 cureos,
1257 3612 1498 3678 mutilos,
1527 3611 1782 3676 claudos;
1811 3621 1864 3667 et
1912 3611 2089 3683 qualia

503 3717 626 3760 sunt
657 3707 848 3763 horum
874 3722 1121 3777 corpora,
1147 3707 1285 3761 tales
1318 3713 1443 3761 sunt
1473 3705 1685 3759 illorum
1719 3704 1932 3768 anima),
1953 3720 2088 3775 aqua

502 3797 764 3852 intercute
781 3797 1087 3852 laborantes
1108 3804 1163 3852 et
1184 3795 1622 3850 inflammatione.
1647 3793 1920 3863 Ejusmodi
1944 3796 2088 3849 enim

501 3905 589 3944 res
617 3901 697 3945 est
727 3901 780 3944 et
809 3891 1113 3960 arrogantia
1140 3906 1152 3942 :
1175 3905 1296 3942 nam
1321 3897 1440 3956 post
1467 3887 1686 3941 delicias
1711 3887 1768 3939 fit
1794 3887 2085 3940 mutilatio:

501 3999 586 4036 res
615 3984 755 4038 enim
804 3980 1066 4050 ejusmodi
1116 3989 1199 4034 est
1227 3979 1452 4048 repletio
1484 3987 1536 4032 et
1557 3977 1790 4032 ebrietas
1813 4019 1828 4040 ,
1869 3977 2088 4032 claudos

501 4074 729 4127 reddens
757 4083 810 4128 et
838 4071 1079 4126 mutilos.
1111 4074 1180 4126 At
1211 4071 1308 4125 hos
1340 4069 1546 4123 videbis
1569 4069 1706 4123 ‘talcs
1735 4067 1934 4122 habere
1971 4069 2087 4122 ani-

499 4179 644 4230 mas,
693 4163 871 4232 qualia
891 4163 983 4218 isti
1019 4176 1270 4233 corpora,
1300 4161 1638 4231 splendidas,
1679 4169 1917 4214 ornatas.
1953 4159 2084 4214 Nam

499 4255 590 4326 qui
619 4257 803 4310 vivunt
833 4271 954 4310 cum
983 4255 1279 4325 gratiarum
1309 4255 1542 4318 actione,
1574 4253 1660 4322 qui
1692 4253 1826 4307 nihil
1855 4252 2086 4322 amplius

500 4348 780 4418 requirunt
805 4362 962 4416 quam
993 4346 1134 4417 quod
1167 4347 1296 4400 satis
1327 4346 1427 4410 sit,
1451 4346 1538 4415 qui
1571 4345 1652 4400 sic
1698 4345 2084 4414 phil050phan-

496 4452 602 4503 tur,
633 4440 684 4493 in
715 4448 971 4509 perpetua
1004 4450 1128 4495 sunt
1155 4439 1357 4493 lmtitia.
1395 4438 1682 4492 Videamus
1707 4446 1886 4491 autem
1919 4446 1974 4491 et
1997 4437 2085 4492 hic

497 4542 550 4584 et
579 4531 684 4586 illic
715 4530 897 4585 finem.
931 4530 1041 4584 Illic
1067 4531 1279 4599 quidem
1312 4539 1394 4584 est
1418 4530 1664 4598 voluptas
1693 4529 2076 4597 intemperans,

496 4625 634 4678 risus
662 4621 884 4685 effusus,
913 4623 1170 4685 ebrietas,
1203 4621 1522 4685 scurrilitas,
1552 4619 1838 4674 verborum
1870 4619 2084 4674 obscae-

493 4719 664 4782 nitas;
695 4733 816 4771 nam
847 4716 968 4787 quia
996 4715 1159 4784 pudet
1200 4715 1340 4785 loqui
1378 4714 1548 4782 turpia
1575 4754 1590 4778 ,
1617 4728 1711 4781 per
1763 4711 2082 4768 meretrices

496 4808 665 4878 pudor
697 4809 941 4862 tollitur:
977 4807 1063 4862 hic
1084 4817 1263 4860 autem
1295 4815 1376 4859 est
1401 4805 1725 4866 humanitas,
1749 4803 2076 4873 benignitas,

491 4910 545 4955 et
588 4899 962 4956 mansuetudo.
994 4902 1169 4969 Atque
1211 4899 1358 4951 illum
1399 4899 1487 4966 qui
1519 4896 1812 4951 dissolutos
1854 4896 2074 4964 invitat,

487 5000 659 5045 armat
675 4991 847 5045 inanis
858 4990 1028 5060 gloria
1046 5005 1060 5054 ;
1076 4990 1237 5043 alium
1253 4998 1427 5041 autem
1446 4987 2076 5058 lnunanitas,benignitas

487 5093 538 5136 et
563 5083 933 5138 mansuetudo.
957 5081 1089 5136 Nam
1117 5081 1263 5135 illam
1297 5079 1510 5148 quidem
1545 5092 1782 5134 mensam
1801 5078 2079 5133 constituit

487 5175 789 5230 humanitas
817 5189 880 5229 ac
908 5173 1245 5240 benignitas;
1275 5171 1413 5224 hanc
1445 5184 1570 5223 vero
1602 5167 1775 5222 inanis
1820 5169 1989 5238 gloria
2021 5175 2076 5222 et

487 5265 813 5331 crudelitas,
841 5281 906 5320 ex
957 5263 1216 5332 injustitia
1245 5271 1299 5316 et
1340 5261 1582 5315 avaritia.
1616 5261 1682 5313 Et
1724 5261 1809 5313 illa
1856 5260 2073 5328 quidem

480 5357 681 5412 desinit
706 5359 757 5412 in
781 5372 843 5411 ea
867 5373 985 5428 quae
1001 5356 1131 5421 dixi,
1159 5359 1210 5410 in
1229 5353 1607 5424 arrogantiam,
1632 5353 1684 5405 in
1709 5353 1904 5406 mentis
1926 5364 2076 5405 emo-

484 5451 718 5509 tionem.
752 5451 804 5504 in
847 5450 1142 5522 insaniam;
1202 5449 1306 5503 tale
1346 5449 1488 5500 enim
1538 5456 1622 5500 est
1668 5460 1887 5515 germen
1904 5450 2074 5502 'vanat

479 5539 662 5608 gloriae
697 5557 710 5593 :
751 5542 867 5594 hmc
890 5553 1068 5596 autem
1107 5541 1158 5594 in
1208 5540 1500 5610 gratiarum
1535 5527 1802 5591 actionem
1828 5579 1841 5601 ,
1890 5547 1946 5592 et
1977 5539 2071 5594 Dei

478 5630 725 5706 gloriam.
758 5632 927 5686 Porro
953 5632 1074 5686 huic
1099 5646 1314 5701 quoque
1346 5632 1517 5696 major
1546 5628 1664 5682 laus
1687 5629 1844 5683 datur
1869 5629 1938 5683 ab
1967 5629 2038 5683 ho
2058 5658 2072 5670 -

479 5722 756 5776 minibus:
807 5741 926 5776 nam
978 5725 1047 5776 illi
1105 5725 1320 5793 quidem
1371 5721 1646 5787 invident;
1699 5721 1840 5777 hunc
1888 5731 2068 5776 autem

481 5828 671 5868 omnes
715 5815 908 5869 habent
951 5826 1219 5882 tamquam
1264 5828 1604 5871 communem
1635 5823 1860 5882 patrem,
1892 5815 2052 5868 etiam

1251 375 1307 430 S.
1350 372 1626 430 JOANNIS
1650 371 2124 429 CIIRYSOSTOMI
2179 371 2489 426 AllClllEP.
2526 374 3056 434 CONS'I'AN'I'INOP.

3729 392 3832 449 508

2252 487 2283 539 ii
2313 486 2402 557 qui
2433 503 2536 543 non
2569 500 2693 544 sunt
2720 491 2894 546 affecti
2925 491 3202 547 bcne‘icio.
3237 497 3311 549 Ac
3361 498 3498 553 sicut
3543 502 3575 555 ii
3603 506 3693 574 qui
3726 524 3834 563 non

2245 586 2369 631 sunt
2399 579 2592 648 injuria
2640 583 2838 646 affecti,
2869 584 3158 640 comlolent
3197 587 3260 641 iis
3306 590 3394 658 qui
3425 591 3614 662 injuria
3655 598 3834 657 affecti

2243 680 2388 734 sunt,
2421 684 2472 726 et
2499 689 2816 731 communes
2842 677 3027 732 hostes
3057 678 3189 734 fiunt
3217 698 3230 736 :
3265 681 3336 736 ita
3363 684 3522 739 etiam
3567 687 3834 750 beneficio

2241 762 2451 820 affectis
2473 766 2772 837 junguntur
2801 771 2832 823 ii
2858 772 2946 838 qui
2979 771 3297 828 beneficium
3328 790 3434 831 non
3469 793 3830 853 acceperunt,

2241 869 2304 908 ac
2350 855 2667 915 beneficium
2697 875 2801 913 una
2851 860 3070 916 laudant
3114 872 3167 918 et
3195 865 3476 924 mirantur.
3508 871 3620 926 Illic
3661 877 3828 931 multa

2238 956 2320 1000 est
2349 947 2546 1002 invidia
2571 991 2584 1014 ,
2613 950 2700 1005 bic
2739 961 2917 1007 autem
2966 954 3128 1008 multa
3156 958 3360 1026 geritur
3401 976 3527 1015 cura
3551 1004 3564 1028 ,
3596 974 3645 1018 et
3691 966 3828 1023 bene

2239 1050 2527 1106 precantur
2542 1057 2751 1097 omnes.
2776 1045 2839 1098 Et
2866 1046 2915 1099 in
2945 1045 3048 1102 hoc
3073 1049 3273 1104 sarculo
3303 1066 3391 1106 res
3414 1052 3484 1107 ita
3509 1069 3568 1110 se
3592 1057 3822 1117 habent:
3887 1056 3890 1059 ’

2239 1131 2342 1186 illic
2359 1143 2536 1187 autem
2566 1149 2685 1188 cum
2707 1136 2952 1192 Christus
2977 1139 3273 1208 advenerit,
3303 1143 3388 1198 hic
3413 1147 3628 1214 quidem
3657 1153 3821 1208 stabit

2234 1237 2352 1276 cum
2387 1240 2573 1294 magna
2597 1226 2814 1291 fiducia,
2840 1239 2894 1282 et
2919 1229 3100 1284 audiet
3127 1244 3391 1301 praesente
3419 1244 3528 1290 toto
3560 1240 3692 1294 orbe
3715 1251 3821 1296 ter-

2233 1328 2413 1367 rarum
2437 1357 2452 1378 ,
2485 1315 2806 1371 Esurientem
2835 1335 2915 1373 me
2955 1321 3123 1375 vidisti
3146 1362 3162 1387 ,
3190 1332 3237 1376 et
3261 1326 3514 1379 enutriisti
3535 1343 3556 1391 ;
3581 1331 3775 1385 nudum
3799 1376 3819 1397 ,

2231 1413 2276 1456 et
2318 1405 2573 1471 induisti;
2615 1410 2893 1478 hospitem,
2940 1421 2987 1466 et
3033 1413 3252 1480 hospitio
3299 1419 3541 1488 excepisti
3583 1422 3812 1492 (Matth.

2229 1494 2452 1569 25.55),
2482 1509 2536 1552 et
2564 1515 2685 1570 qua:
2728 1513 2852 1557 sunt
2892 1502 3194 1574 hujusmodi
3228 1525 3241 1556 :
3273 1509 3365 1566 ille
3408 1523 3584 1568 autem
3627 1528 3810 1576 contra

2228 1589 2445 1657 audiet,
2481 1591 2635 1647 Serve
2685 1595 2820 1649 male
2871 1607 2917 1650 et
2961 1598 3185 1668 ignave;
3217 1609 3270 1654 et
3313 1617 3499 1659 rursus
3524 1647 3539 1669 ,
3599 1607 3687 1663 νω
3729 1615 3815 1680 qui

2225 1680 2446 1736 molliter
2473 1684 2775 1740 deliciantur
2794 1689 2846 1741 in
2874 1689 3118 1746 cubilibus
3146 1693 3271 1757 suis,
3298 1705 3345 1748 et
3369 1698 3456 1765 qui
3484 1699 3738 1757 dormiunt
3758 1708 3813 1759 in

2224 1773 2364 1826 lectis
2381 1775 2630 1838 eburneis,
2646 1780 2732 1848 qui
2746 1779 3098 1836 bibuntvinum
3114 1784 3413 1853 defwcatum
3439 1787 3636 1861 (Amos.
3653 1795 3706 1850 6.
3728 1796 3807 1866 l);

2223 1875 2277 1919 et
2305 1866 2580 1932 primariis
2628 1873 2914 1941 unguentis
2947 1876 3093 1930 uncti
3144 1875 3259 1932 haec
3300 1887 3570 1950 tamquam
3613 1890 3808 1944 stantia

2223 1966 2535 2026 reputarunt
2557 2002 2571 2026 ,
2603 1971 2658 2016 et
2687 1979 2790 2017 non
2823 1973 3092 2035 tamquam
3126 1967 3401 2039 fugientia.
3437 1972 3560 2030 Hmc
3591 1991 3620 2030 a
3652 1979 3808 2035 nobis

2223 2063 2326 2102 non
2358 2058 2562 2106 temere
2591 2051 2731 2107 dicta
2765 2063 2924 2121 sunt,
2952 2056 3044 2110 sed
3075 2067 3131 2111 ut
3159 2068 3391 2116 vestram
3421 2073 3658 2122 mentem
3705 2069 3807 2124 im-

2219 2149 2443 2209 mutem,
2467 2151 2522 2196 et
2545 2159 2641 2197 vos
2665 2145 2797 2200 nihil
2829 2145 3036 2203 faciatis
3059 2151 3200 2221 quod
3221 2168 3324 2207 non
3359 2155 3564 2212 lucrum
3595 2159 3802 2217 afferat.

2216 2234 2350 2302 Quid
2385 2250 2531 2303 vero,
2561 2236 2755 2308 inquit,
2787 2239 2832 2294 si
2858 2250 2913 2294 et
2937 2239 3050 2295 haec
3072 2252 3123 2297 et
3148 2243 3238 2297 illa
3264 2246 3436 2302 facio?
3467 2249 3576 2305 lloc
3607 2253 3802 2320 passim

2214 2334 2297 2380 est
2326 2326 2379 2381 in
2408 2341 2503 2383 ore
2529 2330 2791 2384 omnium.
2826 2329 2891 2385 Et
2919 2331 3071 2402 quid,
3096 2334 3412 2404 dic,qu:eso,
3445 2355 3674 2398 necesse
3695 2355 3795 2410 est,

2214 2432 2336 2471 cum
2377 2418 2554 2472 omnia
2613 2419 2772 2474 liceat
2818 2420 2994 2477 facere
3026 2425 3262 2492 utiliter,
3291 2425 3536 2485 dividere
3558 2473 3573 2497 ,
3603 2441 3658 2487 et
3693 2433 3798 2488 alia

2210 2507 2422 2577 quidem
2449 2524 2552 2564 non
2578 2510 2750 2565 solum
2776 2510 2843 2566 ad
2875 2512 3101 2579 inutilia,
3135 2515 3229 2570 sed
3264 2519 3423 2572 etiam
3447 2529 3648 2577 temere
3663 2539 3796 2579 con-

2209 2613 2461 2666 sumere;
2494 2599 2597 2655 alia
2634 2609 2814 2658 autem
2843 2603 3085 2659 utiliter?
3117 2605 3210 2661 Dic
3238 2608 3368 2662 mihi
3390 2650 3405 2676 ,
3438 2611 3484 2664 si
3525 2614 3796 2670 seminans

2207 2691 2307 2744 alia
2335 2691 2550 2762 quidem
2575 2693 2783 2762 jaceres
2811 2709 2969 2764 supra
2999 2705 3224 2765 petram,
3249 2699 3350 2752 alia
3379 2709 3556 2756 autem
3587 2704 3638 2757 in
3682 2715 3794 2760 ter-

2206 2797 2320 2836 ram
2352 2783 2629 2852 optimam,
2661 2785 2835 2840 hocne
2859 2787 2950 2840 tibi
2982 2786 3274 2856 sufficeret,
3301 2800 3355 2844 et
3381 2790 3592 2848 diceres
3617 2812 3631 2848 :
3655 2794 3791 2863 Quid

2205 2873 2379 2938 obest,
2410 2874 2453 2928 si
2486 2874 2585 2928 alia
2618 2875 2829 2944 quidem
2863 2884 3084 2943 temere,
3111 2878 3211 2930 alia
3237 2894 3366 2933 vero
3393 2880 3444 2933 in
3476 2889 3670 2937 terram
3695 2901 3791 2953 op-

2205 2963 2386 3017 timam
2413 2963 2703 3033 jecerimns
2726 2967 2748 3018 ?
2774 2965 2904 3020 Nam
2944 2982 3041 3020 cur
3063 2984 3168 3022 non
3197 2971 3376 3024 omnia
3404 2971 3454 3024 in
3492 2975 3788 3042 optimam?

2202 3068 2301 3107 cur
2327 3054 2532 3108 lucrum
2565 3055 2802 3110 minuis?
2835 3057 2900 3112 Et
2925 3058 2966 3111 si
2999 3059 3251 3127 pecunias
3283 3061 3498 3130 quidem
3544 3075 3790 3134 oporteat

2201 3159 2530 3215 cengercrc,
2581 3163 2686 3202 non
2739 3147 2842 3204 hoc
2887 3149 3068 3213 dices,
3116 3152 3209 3206 sed
3242 3153 3475 3224 undique
3506 3160 3784 3229 congeris;

2201 3234 2312 3291 illic
2342 3248 2522 3292 autem
2573 3254 2678 3292 non
2709 3239 2787 3292 sic
2819 3257 2832 3293 :
2865 3249 2920 3294 et
2969 3241 3013 3294 si
3060 3241 3314 3298 ftenerari
3348 3255 3628 3314 oporteat,
3679 3266 3783 3304 non

2199 3327 2364 3394 dices,
2395 3329 2504 3384 Cur
2523 3329 2655 3386 alias
2685 3331 2898 3399 quidem
2932 3335 3276 3403 pauperibus,
3314 3337 3446 3391 alias
3477 3355 3606 3393 vero
3633 3341 3786 3397 dabi-

2199 3433 2317 3472 mus
2344 3419 2638 3485 divitibus;
2667 3421 2761 3475 sed
2793 3422 2897 3475 illis
2927 3438 3116 3478 omnes
3145 3442 3158 3478 :
3193 3425 3280 3480 hic
3319 3437 3497 3482 autem
3519 3470 3536 3495 ,
3581 3431 3666 3484 ubi
3702 3442 3785 3486 est

2199 3519 2403 3565 tantum
2427 3512 2653 3578 lucrum,
2684 3528 2777 3567 cur
2798 3513 2901 3568 hoc
2925 3530 3028 3569 non
3061 3524 3298 3585 reputas,
3332 3533 3430 3573 nec
3450 3535 3630 3576 cessas
3663 3530 3780 3576 tan-

2196 3601 2318 3656 dem
2375 3614 2576 3658 temere
2627 3604 2936 3674 impendere
2991 3615 3046 3659 et
3093 3609 3454 3663 consumere?
3483 3613 3551 3664 At
3582 3611 3778 3677 habet,

2197 3693 2372 3763 inquis
2392 3735 2406 3758 ,
2443 3693 2543 3747 hoc
2585 3709 2797 3764 quoque
2829 3695 3056 3749 lucrttm.
3086 3697 3412 3764 Quodnam?
3436 3700 3736 3770 dic,qn.eso
3762 3742 3775 3755 .

2197 3785 2470 3840 Amicitias
2498 3795 2676 3856 auget.
2703 3785 2845 3840 Nihil
2875 3797 2956 3842 est
2996 3789 3238 3857 frigidius
3271 3789 3574 3845 hominibus
3597 3795 3683 3860 qui
3714 3811 3779 3848 ex

2197 3876 2278 3930 his
2305 3876 2438 3930 liunt
2467 3877 2643 3943 amici,
2679 3893 2744 3932 ex
2776 3894 2958 3933 mensa
2991 3888 3043 3934 et
3070 3880 3352 3935 saturitate
3391 3885 3777 3952 parasitorum;

2195 3968 2323 4022 nihil
2356 3969 2617 4038 ingratius
2634 3971 2865 4025 amicitia
2895 3970 3020 4026 hinc
3048 3983 3183 4027 orta.
3205 3973 3281 4027 Ne
3309 3977 3631 4031 contumelia
3653 3978 3780 4032 affe-

2193 4062 2331 4116 ceris
2360 4075 2469 4114 rem
2502 4061 2636 4115 adeo
2652 4060 3042 4128 admirabilem,
3068 4079 3260 4133 nempe
3276 4066 3581 4122 caritatem:
3609 4083 3780 4138 neque

2193 4153 2396 4208 dixeris
2426 4152 2562 4207 hanc
2591 4168 2711 4208 esse
2740 4154 2856 4224 ejus
2895 4153 3154 4210 radicem.
3190 4155 3258 4210 Ut
3283 4157 3325 4208 si
3353 4156 3561 4211 arboris
3589 4173 3776 4212 aurum

2195 4245 2419 4300 ferentis
2457 4252 2511 4298 et
2555 4243 2759 4314 lapides
2803 4244 3105 4314 pretiosos,
3137 4245 3369 4301 radicem
3419 4263 3524 4301 non
3576 4247 3780 4303 diceret

2193 4335 2458 4406 quispiam
2485 4349 2608 4390 esse
2639 4335 2821 4400 talem,
2849 4336 2943 4389 sed
2975 4336 3120 4390 nasci
3146 4351 3213 4390 ex
3240 4337 3521 4406 putredine
3549 4357 3562 4394 :
3590 4340 3691 4393 hoc
3721 4349 3775 4393 tu

2191 4441 2404 4496 quoque
2436 4425 2604 4480 facis:
2640 4440 2759 4479 nam
2789 4427 2832 4479 si
2855 4424 2981 4480 hinc
3016 4434 3138 4480 nata
3171 4428 3330 4483 fuerit
3354 4429 3608 4490 amicitia,
3645 4429 3776 4483 nihil

2190 4533 2252 4574 ea
2281 4517 2439 4573 fuerit
2465 4517 2727 4587 frigidius.
2761 4517 2865 4572 Sed
2895 4517 3001 4572 illa:
3045 4533 3245 4573 mensae
3275 4519 3564 4573 conciliant
3588 4521 3775 4574 amici-

2195 4611 2318 4663 tiam
2346 4651 2360 4674 ,
2392 4624 2498 4663 non
2527 4609 2666 4678 apud
2695 4608 2941 4663 homines
2967 4650 2982 4674 ,
3022 4608 3117 4662 sed
3145 4609 3285 4678 apud
3317 4611 3479 4663 Deum
3507 4673 3512 4677 _
3549 4625 3778 4680 eamque

2190 4701 2536 4768 uniformem,
2565 4715 2686 4754 cum
2720 4714 2919 4754 mensa:
2951 4699 3149 4754 fuerint
3175 4698 3471 4756 uniformes
3521 4699 3655 4755 Nam
3687 4701 3776 4770 qui

2188 4795 2290 4849 alia
2320 4795 2534 4864 quidem
2588 4795 2708 4859 bie,
2739 4795 2841 4848 alia
2896 4809 3026 4850 vero
3073 4794 3183 4850 illic
3228 4797 3530 4861 consumit,
3563 4796 3773 4850 etiamsi

2186 4887 2354 4942 multa
2383 4887 2610 4951 dederit,
2647 4886 2775 4940 nihil
2797 4902 3045 4956 magnum
3076 4886 3197 4941 facit
3224 4904 3236 4937 :
3263 4888 3354 4955 qui
3383 4896 3560 4942 autem
3596 4889 3775 4942 omnia

2188 4980 2275 5034 hic
2322 4981 2628 5044 consumit,
2661 4979 2873 5034 etiamsi
2908 4993 3074 5049 pauca
3120 4977 3361 5043 dederit,
3396 4986 3563 5032 totum
3588 4977 3772 5034 efficit.

2184 5071 2316 5126 Nam
2346 5071 2488 5142 quod
2519 5072 2811 5141 quaeritur,
2846 5085 2953 5123 non
3004 5078 3121 5133 est,
3153 5069 3400 5124 multane
3447 5067 3658 5124 dederit
3707 5083 3774 5122 an

2185 5177 2388 5233 pauca;
2420 5162 2515 5217 sed
2546 5179 2612 5216 an
2647 5178 2753 5216 non
2786 5163 2962 5215 minus
3004 5176 3162 5230 quam
3197 5159 3338 5217 ferre
3367 5161 3576 5230 possint
3605 5163 3772 5215 vires.

2186 5256 2492 5324 Cogitemus
2533 5269 2658 5308 eum
2711 5254 2801 5322 qui
2845 5254 3079 5322 quinque
3121 5252 3352 5306 lucratus
3382 5263 3465 5307 est
3496 5252 3692 5306 talenta
3721 5261 3778 5306 et

2185 5346 2272 5415 qui
2303 5345 2410 5398 duo
2441 5363 2454 5397 :
2490 5345 2789 5413 cogitemus
2839 5360 2955 5398 eam
3008 5359 3126 5413 qua:
3173 5343 3307 5398 duos
3347 5345 3494 5398 misit
3542 5345 3773 5398 obolos:

2184 5437 2480 5507 cogitemus
2507 5435 2718 5490 viduam
2750 5451 2869 5504 quae
2899 5434 2999 5489 fuit
3040 5445 3279 5505 tempore
3310 5437 3460 5491 Elite.
3495 5437 3609 5491 Non
3641 5435 3779 5491 dixit

2183 5531 2270 5584 illa
2297 5546 2414 5600 qua?
2443 5529 2579 5584 duos
2609 5530 2753 5584 misit
2773 5529 2959 5583 obolos
2982 5529 3146 5597 :Quid
3169 5529 3311 5584 enim
3333 5531 3509 5595 obest,
3536 5530 3578 5583 si
3610 5544 3774 5583 unum

2183 5621 2397 5689 quidem
2453 5619 2669 5674 obolum
2718 5619 2858 5688 apud
2900 5635 2987 5675 me
3029 5619 3342 5688 retinuere,
3385 5636 3546 5675 unum
3593 5628 3774 5675 autem

2182 5713 2420 5768 dedero?
2447 5711 2540 5766 sed
2575 5721 2712 5765 totas
2762 5726 2888 5767 snas
2929 5713 3077 5767 dedit
3109 5711 3410 5768 facultates.
3441 5712 3520 5768 Tu
3547 5724 3726 5768 autem
3752 5753 3771 5778 .

2183 5823 2302 5861 cum
2335 5816 2495 5860 tanta:
2547 5805 2638 5860 tibi
2667 5816 2951 5878 suppetant
2993 5808 3196 5878 capias,
3224 5822 3283 5862 es
3313 5808 3400 5862 illa
3431 5809 3661 5877 parcior.
3691 5806 3773 5862 Ne
