  <div class='ocr_page' id='page_1' title='image "/cluster/home/n/w/nwhite01/storage/ocr_20150623/62:no.11/coo.31924054869627/314.png"; bbox 0 0 4184 6506; ppageno 0'>
   <div class='ocr_carea' id='block_1_1' title="bbox 362 393 462 447">
    <p class='ocr_par' dir='ltr' id='par_1_1' title="bbox 362 393 462 447">
     <span class='ocr_line' id='line_1_1' title="bbox 362 393 462 447; baseline -0.03 0"><span class='ocrx_word' id='word_1_1' title='bbox 362 393 462 447; x_wconf 75' lang='lat'>307</span> 
     </span>
    </p>
   </div>
   <div class='ocr_carea' id='block_1_2' title="bbox 362 493 1956 577">
    <p class='ocr_par' dir='ltr' id='par_1_2' title="bbox 362 493 1956 577">
     <span class='ocr_line' id='line_1_2' title="bbox 362 493 1956 577; baseline -0.001 -30"><span class='ocrx_word' id='word_1_2' title='bbox 362 506 531 577; x_wconf 71' lang='grc' dir='ltr'>γητὺς</span> <span class='ocrx_word' id='word_1_3' title='bbox 566 498 636 568; x_wconf 72' lang='grc' dir='ltr'>εἷ,</span> <span class='ocrx_word' id='word_1_4' title='bbox 673 499 867 574; x_wconf 84' lang='grc' dir='ltr'>Κύριε,</span> <span class='ocrx_word' id='word_1_5' title='bbox 886 498 970 551; x_wconf 78' lang='grc' dir='ltr'>ὅτι</span> <span class='ocrx_word' id='word_1_6' title='bbox 994 495 1230 566; x_wconf 69' lang='grc' dir='ltr'>ἐθρεψάς</span> <span class='ocrx_word' id='word_1_7' title='bbox 1255 511 1322 566; x_wconf 89' lang='grc' dir='ltr'>με</span> <span class='ocrx_word' id='word_1_8' title='bbox 1350 497 1414 548; x_wconf 91' lang='grc' dir='ltr'>ἐκ</span> <span class='ocrx_word' id='word_1_9' title='bbox 1442 495 1553 548; x_wconf 86' lang='grc' dir='ltr'>τῶν</span> <span class='ocrx_word' id='word_1_10' title='bbox 1582 493 1806 563; x_wconf 84' lang='grc' dir='ltr'>ἀγαθῶν</span> <span class='ocrx_word' id='word_1_11' title='bbox 1837 509 1956 553; x_wconf 87' lang='grc' dir='ltr'>σου,</span> 
     </span>
    </p>
   </div>
   <div class='ocr_carea' id='block_1_3' title="bbox 365 585 1960 662">
    <p class='ocr_par' dir='ltr' id='par_1_3' title="bbox 365 585 1960 662">
     <span class='ocr_line' id='line_1_3' title="bbox 365 585 1960 662; baseline -0.01 -11"><span class='ocrx_word' id='word_1_12' title='bbox 365 601 430 652; x_wconf 71' lang='grc' dir='ltr'>σὺ</span> <span class='ocrx_word' id='word_1_13' title='bbox 470 596 549 660; x_wconf 85' lang='grc' dir='ltr'>δέ,</span> <span class='ocrx_word' id='word_1_14' title='bbox 587 593 842 662; x_wconf 88' lang='grc' dir='ltr'>καθάπερ</span> <span class='ocrx_word' id='word_1_15' title='bbox 888 607 974 654; x_wconf 89' lang='grc' dir='ltr'>τις</span> <span class='ocrx_word' id='word_1_16' title='bbox 1025 588 1173 642; x_wconf 92' lang='grc' dir='ltr'>κύων</span> <span class='ocrx_word' id='word_1_17' title='bbox 1219 588 1439 659; x_wconf 75' lang='grc' dir='ltr'>ἄτιμος,</span> <span class='ocrx_word' id='word_1_18' title='bbox 1485 585 1608 639; x_wconf 86' lang='grc' dir='ltr'>οὐδέ</span> <span class='ocrx_word' id='word_1_19' title='bbox 1655 585 1960 656; x_wconf 81' lang='grc' dir='ltr'>μέμνησαι,</span> 
     </span>
    </p>
   </div>
   <div class='ocr_carea' id='block_1_4' title="bbox 365 676 1965 756">
    <p class='ocr_par' dir='ltr' id='par_1_4' title="bbox 365 676 1965 756">
     <span class='ocr_line' id='line_1_4' title="bbox 365 676 1965 756; baseline -0.011 -10"><span class='ocrx_word' id='word_1_20' title='bbox 365 691 506 747; x_wconf 76' lang='grc' dir='ltr'>ἀλλὰ</span> <span class='ocrx_word' id='word_1_21' title='bbox 533 689 664 750; x_wconf 83' lang='grc' dir='ltr'>τούς</span> <span class='ocrx_word' id='word_1_22' title='bbox 696 685 964 756; x_wconf 84' lang='grc' dir='ltr'>δαίμονας</span> <span class='ocrx_word' id='word_1_23' title='bbox 1008 680 1362 750; x_wconf 84' lang='grc' dir='ltr'>ἐπεισάγεις;</span> <span class='ocrx_word' id='word_1_24' title='bbox 1412 679 1630 734; x_wconf 81' lang='grc' dir='ltr'>Μᾶλλον</span> <span class='ocrx_word' id='word_1_25' title='bbox 1662 678 1720 731; x_wconf 85' lang='grc' dir='ltr'>δέ</span> <span class='ocrx_word' id='word_1_26' title='bbox 1777 678 1826 729; x_wconf 88' lang='grc' dir='ltr'>οἱ</span> <span class='ocrx_word' id='word_1_27' title='bbox 1865 676 1965 747; x_wconf 80' lang='grc' dir='ltr'>μὲν</span> 
     </span>
    </p>
   </div>
   <div class='ocr_carea' id='block_1_5' title="bbox 370 771 1967 847">
    <p class='ocr_par' dir='ltr' id='par_1_5' title="bbox 370 771 1967 847">
     <span class='ocr_line' id='line_1_5' title="bbox 370 771 1967 847; baseline -0.009 -8"><span class='ocrx_word' id='word_1_28' title='bbox 370 785 533 847; x_wconf 81' lang='grc' dir='ltr'>κύνες</span> <span class='ocrx_word' id='word_1_29' title='bbox 595 780 856 842; x_wconf 91' lang='grc' dir='ltr'>λαϐόντες</span> <span class='ocrx_word' id='word_1_30' title='bbox 928 778 1025 831; x_wconf 69' lang='grc' dir='ltr'>καὶ</span> <span class='ocrx_word' id='word_1_31' title='bbox 1097 775 1172 847; x_wconf 81' lang='grc' dir='ltr'>μὴ</span> <span class='ocrx_word' id='word_1_32' title='bbox 1229 775 1490 837; x_wconf 88' lang='grc' dir='ltr'>λαϐόντες</span> <span class='ocrx_word' id='word_1_33' title='bbox 1549 772 1793 826; x_wconf 85' lang='grc' dir='ltr'>σαίνουσι</span> <span class='ocrx_word' id='word_1_34' title='bbox 1840 771 1967 834; x_wconf 83' lang='grc' dir='ltr'>τούς</span> 
     </span>
    </p>
   </div>
   <div class='ocr_carea' id='block_1_6' title="bbox 369 863 1967 939">
    <p class='ocr_par' dir='ltr' id='par_1_6' title="bbox 369 863 1967 939">
     <span class='ocr_line' id='line_1_6' title="bbox 369 863 1967 939; baseline -0.008 -9"><span class='ocrx_word' id='word_1_35' title='bbox 369 877 630 939; x_wconf 80' lang='grc' dir='ltr'>οἰκείους,</span> <span class='ocrx_word' id='word_1_36' title='bbox 666 874 730 926; x_wconf 85' lang='grc' dir='ltr'>σὺ</span> <span class='ocrx_word' id='word_1_37' title='bbox 761 871 816 925; x_wconf 84' lang='grc' dir='ltr'>δὲ</span> <span class='ocrx_word' id='word_1_38' title='bbox 852 870 972 925; x_wconf 81' lang='grc' dir='ltr'>οὐδὲ</span> <span class='ocrx_word' id='word_1_39' title='bbox 1007 869 1188 925; x_wconf 89' lang='grc' dir='ltr'>τοῦτο.</span> <span class='ocrx_word' id='word_1_40' title='bbox 1229 869 1288 922; x_wconf 85' lang='grc' dir='ltr'>Ὀ</span> <span class='ocrx_word' id='word_1_41' title='bbox 1318 867 1467 922; x_wconf 84' lang='grc' dir='ltr'>κύων</span> <span class='ocrx_word' id='word_1_42' title='bbox 1512 867 1608 920; x_wconf 75' lang='grc' dir='ltr'>καὶ</span> <span class='ocrx_word' id='word_1_43' title='bbox 1641 866 1715 936; x_wconf 84' lang='grc' dir='ltr'>μὴ</span> <span class='ocrx_word' id='word_1_44' title='bbox 1751 863 1967 935; x_wconf 86' lang='grc' dir='ltr'>λαμϐά-</span> 
     </span>
    </p>
   </div>
   <div class='ocr_carea' id='block_1_7' title="bbox 371 956 1967 1032">
    <p class='ocr_par' dir='ltr' id='par_1_7' title="bbox 371 956 1967 1032">
     <span class='ocr_line' id='line_1_7' title="bbox 371 956 1967 1032; baseline -0.009 -12"><span class='ocrx_word' id='word_1_45' title='bbox 371 985 480 1021; x_wconf 93' lang='grc' dir='ltr'>νων</span> <span class='ocrx_word' id='word_1_46' title='bbox 521 964 695 1018; x_wconf 82' lang='grc' dir='ltr'>σαίνει</span> <span class='ocrx_word' id='word_1_47' title='bbox 730 962 822 1016; x_wconf 79' lang='grc' dir='ltr'>τὸν</span> <span class='ocrx_word' id='word_1_48' title='bbox 847 961 1142 1032; x_wconf 77' lang='grc' dir='ltr'>δεσπότην,</span> <span class='ocrx_word' id='word_1_49' title='bbox 1185 961 1249 1014; x_wconf 82' lang='grc' dir='ltr'>σύ</span> <span class='ocrx_word' id='word_1_50' title='bbox 1293 960 1351 1013; x_wconf 89' lang='grc' dir='ltr'>δέ</span> <span class='ocrx_word' id='word_1_51' title='bbox 1387 959 1480 1028; x_wconf 67' lang='grc' dir='ltr'>καὶ</span> <span class='ocrx_word' id='word_1_52' title='bbox 1503 956 1684 1012; x_wconf 85' lang='grc' dir='ltr'>λαϐὼν</span> <span class='ocrx_word' id='word_1_53' title='bbox 1714 956 1967 1018; x_wconf 85' lang='grc' dir='ltr'>ὐλακτεῖς</span> 
     </span>
    </p>
   </div>
   <div class='ocr_carea' id='block_1_8' title="bbox 294 1047 1968 1123">
    <p class='ocr_par' dir='ltr' id='par_1_8' title="bbox 294 1047 1968 1123">
     <span class='ocr_line' id='line_1_8' title="bbox 294 1047 1968 1123; baseline -0.008 -11"><span class='ocrx_word' id='word_1_54' title='bbox 294 1069 304 1076; x_wconf 79' lang='grc'><em>”</em></span> <span class='ocrx_word' id='word_1_55' title='bbox 371 1061 496 1112; x_wconf 74' lang='grc' dir='ltr'>κατ’</span> <span class='ocrx_word' id='word_1_56' title='bbox 529 1055 720 1111; x_wconf 87' lang='grc' dir='ltr'>αὐτοῦ.</span> <span class='ocrx_word' id='word_1_57' title='bbox 757 1054 927 1108; x_wconf 75' lang='grc' dir='ltr'>Πάλιν</span> <span class='ocrx_word' id='word_1_58' title='bbox 958 1055 987 1106; x_wconf 98' lang='lat'>6</span> <span class='ocrx_word' id='word_1_59' title='bbox 1016 1053 1165 1107; x_wconf 86' lang='grc' dir='ltr'>κύων</span> <span class='ocrx_word' id='word_1_60' title='bbox 1195 1052 1289 1106; x_wconf 73' lang='grc' dir='ltr'>καὶ</span> <span class='ocrx_word' id='word_1_61' title='bbox 1318 1049 1782 1123; x_wconf 82' lang='grc' dir='ltr'>εὐεργετούμενος</span> <span class='ocrx_word' id='word_1_62' title='bbox 1814 1047 1968 1120; x_wconf 83' lang='grc' dir='ltr'>παρά</span> 
     </span>
    </p>
   </div>
   <div class='ocr_carea' id='block_1_9' title="bbox 373 1141 1968 1218">
    <p class='ocr_par' dir='ltr' id='par_1_9' title="bbox 373 1141 1968 1218">
     <span class='ocr_line' id='line_1_9' title="bbox 373 1141 1968 1218; baseline -0.006 -15"><span class='ocrx_word' id='word_1_63' title='bbox 373 1151 470 1203; x_wconf 84' lang='grc' dir='ltr'>τοῦ</span> <span class='ocrx_word' id='word_1_64' title='bbox 498 1147 810 1218; x_wconf 86' lang='grc' dir='ltr'>ἀλλοτρίου,</span> <span class='ocrx_word' id='word_1_65' title='bbox 852 1145 972 1199; x_wconf 87' lang='grc' dir='ltr'>οὐδὲ</span> <span class='ocrx_word' id='word_1_66' title='bbox 1015 1144 1161 1199; x_wconf 85' lang='grc' dir='ltr'>οῦτω</span> <span class='ocrx_word' id='word_1_67' title='bbox 1190 1141 1452 1199; x_wconf 80' lang='grc' dir='ltr'>καταλύει</span> <span class='ocrx_word' id='word_1_68' title='bbox 1499 1145 1602 1213; x_wconf 77' lang='grc' dir='ltr'>τὴν</span> <span class='ocrx_word' id='word_1_69' title='bbox 1639 1143 1840 1214; x_wconf 85' lang='grc' dir='ltr'>έχθραν</span> <span class='ocrx_word' id='word_1_70' title='bbox 1870 1143 1968 1211; x_wconf 79' lang='grc' dir='ltr'>τὴν</span> 
     </span>
    </p>
   </div>
   <div class='ocr_carea' id='block_1_10' title="bbox 375 1233 1972 1313">
    <p class='ocr_par' dir='ltr' id='par_1_10' title="bbox 375 1233 1972 1313">
     <span class='ocr_line' id='line_1_10' title="bbox 375 1233 1972 1313; baseline -0.006 -18"><span class='ocrx_word' id='word_1_71' title='bbox 375 1243 514 1313; x_wconf 80' lang='grc' dir='ltr'>πρὸς</span> <span class='ocrx_word' id='word_1_72' title='bbox 548 1239 738 1306; x_wconf 79' lang='grc' dir='ltr'>αὐτὸν,</span> <span class='ocrx_word' id='word_1_73' title='bbox 767 1238 887 1292; x_wconf 87' lang='grc' dir='ltr'>οὐδέ</span> <span class='ocrx_word' id='word_1_74' title='bbox 919 1239 1226 1290; x_wconf 77' lang='grc' dir='ltr'>ἐπισπᾶται</span> <span class='ocrx_word' id='word_1_75' title='bbox 1257 1235 1396 1307; x_wconf 84' lang='grc' dir='ltr'>πρὸς</span> <span class='ocrx_word' id='word_1_76' title='bbox 1431 1234 1615 1304; x_wconf 80' lang='grc' dir='ltr'>φιλίαν</span> <span class='ocrx_word' id='word_1_77' title='bbox 1641 1250 1654 1263; x_wconf 89' lang='grc'><strong>·</strong></span> <span class='ocrx_word' id='word_1_78' title='bbox 1700 1235 1763 1287; x_wconf 80' lang='grc' dir='ltr'>σὺ</span> <span class='ocrx_word' id='word_1_79' title='bbox 1793 1233 1849 1286; x_wconf 86' lang='grc' dir='ltr'>δέ</span> <span class='ocrx_word' id='word_1_80' title='bbox 1881 1234 1972 1286; x_wconf 74' lang='grc' dir='ltr'>καὶ</span> 
     </span>
    </p>
   </div>
   <div class='ocr_carea' id='block_1_11' title="bbox 380 1325 1972 1404">
    <p class='ocr_par' dir='ltr' id='par_1_11' title="bbox 380 1325 1972 1404">
     <span class='ocr_line' id='line_1_11' title="bbox 380 1325 1972 1404; baseline -0.006 -18"><span class='ocrx_word' id='word_1_81' title='bbox 380 1335 548 1404; x_wconf 88' lang='grc' dir='ltr'>μυρία</span> <span class='ocrx_word' id='word_1_82' title='bbox 572 1333 801 1402; x_wconf 83' lang='grc' dir='ltr'>πάσχων</span> <span class='ocrx_word' id='word_1_83' title='bbox 833 1329 981 1384; x_wconf 78' lang='grc' dir='ltr'>κακά</span> <span class='ocrx_word' id='word_1_84' title='bbox 1008 1330 1161 1400; x_wconf 79' lang='grc' dir='ltr'>παρὰ</span> <span class='ocrx_word' id='word_1_85' title='bbox 1187 1328 1296 1381; x_wconf 89' lang='grc' dir='ltr'>τῶν</span> <span class='ocrx_word' id='word_1_86' title='bbox 1328 1327 1623 1398; x_wconf 82' lang='grc' dir='ltr'>δαιμόνων,</span> <span class='ocrx_word' id='word_1_87' title='bbox 1654 1325 1739 1378; x_wconf 82' lang='grc' dir='ltr'>ἐπ’</span> <span class='ocrx_word' id='word_1_88' title='bbox 1775 1325 1972 1398; x_wconf 78' lang='grc' dir='ltr'>ἄριστα</span> 
     </span>
    </p>
   </div>
   <div class='ocr_carea' id='block_1_12' title="bbox 377 1415 1969 1492">
    <p class='ocr_par' dir='ltr' id='par_1_12' title="bbox 377 1415 1969 1492">
     <span class='ocr_line' id='line_1_12' title="bbox 377 1415 1969 1492; baseline -0.004 -14"><span class='ocrx_word' id='word_1_89' title='bbox 377 1427 581 1488; x_wconf 76' lang='grc' dir='ltr'>αὐτοὺς</span> <span class='ocrx_word' id='word_1_90' title='bbox 610 1425 856 1492; x_wconf 80' lang='grc' dir='ltr'>εἰσάγεις</span> <span class='ocrx_word' id='word_1_91' title='bbox 883 1438 896 1451; x_wconf 88' lang='grc'><strong>·</strong></span> <span class='ocrx_word' id='word_1_92' title='bbox 932 1420 1074 1474; x_wconf 82' lang='grc' dir='ltr'>ὥστε</span> <span class='ocrx_word' id='word_1_93' title='bbox 1117 1420 1280 1490; x_wconf 83' lang='grc' dir='ltr'>διπλῇ</span> <span class='ocrx_word' id='word_1_94' title='bbox 1325 1418 1420 1473; x_wconf 90' lang='grc' dir='ltr'>τοῦ</span> <span class='ocrx_word' id='word_1_95' title='bbox 1457 1419 1621 1482; x_wconf 80' lang='grc' dir='ltr'>κυνὸς</span> <span class='ocrx_word' id='word_1_96' title='bbox 1665 1415 1716 1472; x_wconf 72' lang='grc' dir='ltr'>εἴ</span> <span class='ocrx_word' id='word_1_97' title='bbox 1749 1418 1969 1488; x_wconf 90' lang='grc' dir='ltr'>χείρων.</span> 
     </span>
    </p>
   </div>
   <div class='ocr_carea' id='block_1_13' title="bbox 379 1507 1975 1586">
    <p class='ocr_par' dir='ltr' id='par_1_13' title="bbox 379 1507 1975 1586">
     <span class='ocr_line' id='line_1_13' title="bbox 379 1507 1975 1586; baseline -0.007 -16"><span class='ocrx_word' id='word_1_98' title='bbox 379 1516 578 1580; x_wconf 80' lang='grc' dir='ltr'>Καλῶς</span> <span class='ocrx_word' id='word_1_99' title='bbox 608 1516 665 1570; x_wconf 81' lang='grc' dir='ltr'>δὲ</span> <span class='ocrx_word' id='word_1_100' title='bbox 700 1512 1052 1586; x_wconf 79' lang='grc' dir='ltr'>ἀνεμνήσθην</span> <span class='ocrx_word' id='word_1_101' title='bbox 1076 1511 1172 1565; x_wconf 90' lang='grc' dir='ltr'>νῦν</span> <span class='ocrx_word' id='word_1_102' title='bbox 1202 1511 1312 1564; x_wconf 85' lang='grc' dir='ltr'>τῶν</span> <span class='ocrx_word' id='word_1_103' title='bbox 1331 1509 1510 1564; x_wconf 86' lang='grc' dir='ltr'>κυνῶν</span> <span class='ocrx_word' id='word_1_104' title='bbox 1541 1510 1678 1580; x_wconf 81' lang='grc' dir='ltr'>πρὸς</span> <span class='ocrx_word' id='word_1_105' title='bbox 1703 1510 1827 1571; x_wconf 77' lang='grc' dir='ltr'>τοὺς</span> <span class='ocrx_word' id='word_1_106' title='bbox 1853 1507 1975 1561; x_wconf 87' lang='grc' dir='ltr'>τότε</span> 
     </span>
    </p>
   </div>
   <div class='ocr_carea' id='block_1_14' title="bbox 384 1600 1972 1682">
    <p class='ocr_par' dir='ltr' id='par_1_14' title="bbox 384 1600 1972 1682">
     <span class='ocr_line' id='line_1_14' title="bbox 384 1600 1972 1682; baseline -0.008 -19"><span class='ocrx_word' id='word_1_107' title='bbox 384 1610 544 1682; x_wconf 85' lang='grc' dir='ltr'>μόνον</span> <span class='ocrx_word' id='word_1_108' title='bbox 567 1608 1055 1680; x_wconf 80' lang='grc' dir='ltr'>εὐχαριστοῦντας,</span> <span class='ocrx_word' id='word_1_109' title='bbox 1077 1605 1204 1659; x_wconf 85' lang='grc' dir='ltr'>ὃταν</span> <span class='ocrx_word' id='word_1_110' title='bbox 1231 1600 1290 1658; x_wconf 80' lang='grc' dir='ltr'>εὖ</span> <span class='ocrx_word' id='word_1_111' title='bbox 1321 1605 1627 1674; x_wconf 80' lang='grc' dir='ltr'>πάσχωσιν.</span> <span class='ocrx_word' id='word_1_112' title='bbox 1652 1601 1972 1670; x_wconf 79' lang='grc' dir='ltr'>Αἰδέσθητε,</span> 
     </span>
    </p>
   </div>
   <div class='ocr_carea' id='block_1_15' title="bbox 383 1690 1976 1774">
    <p class='ocr_par' dir='ltr' id='par_1_15' title="bbox 383 1690 1976 1774">
     <span class='ocr_line' id='line_1_15' title="bbox 383 1690 1976 1774; baseline -0.005 -19"><span class='ocrx_word' id='word_1_113' title='bbox 383 1700 712 1774; x_wconf 83' lang='grc' dir='ltr'>παρακαλῶ,</span> <span class='ocrx_word' id='word_1_114' title='bbox 743 1701 873 1765; x_wconf 79' lang='grc' dir='ltr'>τοὺς</span> <span class='ocrx_word' id='word_1_115' title='bbox 906 1690 1098 1763; x_wconf 82' lang='grc' dir='ltr'>κύνας,</span> <span class='ocrx_word' id='word_1_116' title='bbox 1141 1699 1191 1752; x_wconf 80' lang='grc' dir='ltr'>οἳ</span> <span class='ocrx_word' id='word_1_117' title='bbox 1223 1699 1320 1752; x_wconf 63' lang='grc' dir='ltr'>καὶ.</span> <span class='ocrx_word' id='word_1_118' title='bbox 1341 1696 1707 1769; x_wconf 80' lang='grc' dir='ltr'>λιμώττοντες</span> <span class='ocrx_word' id='word_1_119' title='bbox 1731 1695 1976 1749; x_wconf 84' lang='grc' dir='ltr'>σαίνουσι</span> 
     </span>
    </p>
   </div>
   <div class='ocr_carea' id='block_1_16' title="bbox 381 1787 1978 1864">
    <p class='ocr_par' dir='ltr' id='par_1_16' title="bbox 381 1787 1978 1864">
     <span class='ocr_line' id='line_1_16' title="bbox 381 1787 1978 1864; baseline -0.004 -18"><span class='ocrx_word' id='word_1_120' title='bbox 381 1795 511 1857; x_wconf 82' lang='grc' dir='ltr'>τούς</span> <span class='ocrx_word' id='word_1_121' title='bbox 549 1792 818 1856; x_wconf 87' lang='grc' dir='ltr'>δεσπότας</span> <span class='ocrx_word' id='word_1_122' title='bbox 841 1808 855 1822; x_wconf 75' lang='grc'><strong><em>⁸</em></strong></span> <span class='ocrx_word' id='word_1_123' title='bbox 878 1793 943 1846; x_wconf 85' lang='grc' dir='ltr'>σὺ</span> <span class='ocrx_word' id='word_1_124' title='bbox 967 1791 1026 1846; x_wconf 74' lang='grc' dir='ltr'>δὲ</span> <span class='ocrx_word' id='word_1_125' title='bbox 1054 1790 1120 1845; x_wconf 83' lang='grc' dir='ltr'>ἂν</span> <span class='ocrx_word' id='word_1_126' title='bbox 1153 1789 1421 1864; x_wconf 84' lang='grc' dir='ltr'>ἀκούσῃς,</span> <span class='ocrx_word' id='word_1_127' title='bbox 1447 1791 1530 1844; x_wconf 83' lang='grc' dir='ltr'>ὅτι</span> <span class='ocrx_word' id='word_1_128' title='bbox 1557 1791 1584 1843; x_wconf 89' lang='lat'>6</span> <span class='ocrx_word' id='word_1_129' title='bbox 1613 1788 1824 1859; x_wconf 86' lang='grc' dir='ltr'>δαίμων</span> <span class='ocrx_word' id='word_1_130' title='bbox 1853 1787 1978 1840; x_wconf 76' lang='grc' dir='ltr'>τινὰ</span> 
     </span>
    </p>
   </div>
   <div class='ocr_carea' id='block_1_17' title="bbox 386 1875 1980 1958">
    <p class='ocr_par' dir='ltr' id='par_1_17' title="bbox 386 1875 1980 1958">
     <span class='ocr_line' id='line_1_17' title="bbox 386 1875 1980 1958; baseline -0.006 -17"><span class='ocrx_word' id='word_1_131' title='bbox 386 1886 781 1958; x_wconf 82' lang='grc' dir='ltr'>ἐθεράπευσεν,</span> <span class='ocrx_word' id='word_1_132' title='bbox 823 1884 992 1955; x_wconf 82' lang='grc' dir='ltr'>ἀφίης</span> <span class='ocrx_word' id='word_1_133' title='bbox 1026 1883 1229 1946; x_wconf 80' lang='grc' dir='ltr'>εὐθέως</span> <span class='ocrx_word' id='word_1_134' title='bbox 1276 1883 1366 1937; x_wconf 80' lang='grc' dir='ltr'>τὸν</span> <span class='ocrx_word' id='word_1_135' title='bbox 1401 1882 1702 1952; x_wconf 82' lang='grc' dir='ltr'>Δεσπότην,</span> <span class='ocrx_word' id='word_1_136' title='bbox 1728 1875 1980 1935; x_wconf 80' lang='grc' dir='ltr'>ὧ’κυνῶν</span> 
     </span>
    </p>
   </div>
   <div class='ocr_carea' id='block_1_18' title="bbox 389 1973 1980 2050">
    <p class='ocr_par' dir='ltr' id='par_1_18' title="bbox 389 1973 1980 2050">
     <span class='ocr_line' id='line_1_18' title="bbox 389 1973 1980 2050; baseline -0.004 -17"><span class='ocrx_word' id='word_1_137' title='bbox 389 1978 722 2050; x_wconf 82' lang='grc' dir='ltr'>ἁλογὼτερε.</span> <span class='ocrx_word' id='word_1_138' title='bbox 769 1979 911 2032; x_wconf 86' lang='grc' dir='ltr'>Ἀλλ’</span> <span class='ocrx_word' id='word_1_139' title='bbox 957 1980 1014 2033; x_wconf 88' lang='grc' dir='ltr'>αἰ</span> <span class='ocrx_word' id='word_1_140' title='bbox 1050 1978 1267 2050; x_wconf 77' lang='grc' dir='ltr'>πόρναι,</span> <span class='ocrx_word' id='word_1_141' title='bbox 1309 1977 1496 2049; x_wconf 75' lang='grc' dir='ltr'>φησὶν,</span> <span class='ocrx_word' id='word_1_142' title='bbox 1537 1975 1732 2048; x_wconf 83' lang='grc' dir='ltr'>ἡδονὴν</span> <span class='ocrx_word' id='word_1_143' title='bbox 1766 1973 1980 2044; x_wconf 77' lang='grc' dir='ltr'>ἔχουσιν</span> 
     </span>
    </p>
   </div>
   <div class='ocr_carea' id='block_1_19' title="bbox 393 2065 1980 2141">
    <p class='ocr_par' dir='ltr' id='par_1_19' title="bbox 393 2065 1980 2141">
     <span class='ocr_line' id='line_1_19' title="bbox 393 2065 1980 2141; baseline -0.006 -16"><span class='ocrx_word' id='word_1_144' title='bbox 393 2069 690 2141; x_wconf 83' lang='grc' dir='ltr'>ὁρώμεναι.</span> <span class='ocrx_word' id='word_1_145' title='bbox 747 2068 915 2123; x_wconf 88' lang='grc' dir='ltr'>Ποίαν</span> <span class='ocrx_word' id='word_1_146' title='bbox 960 2068 1192 2140; x_wconf 79' lang='grc' dir='ltr'>ἡδονὴνς</span> <span class='ocrx_word' id='word_1_147' title='bbox 1244 2067 1406 2120; x_wconf 89' lang='grc' dir='ltr'>ποίαν</span> <span class='ocrx_word' id='word_1_148' title='bbox 1459 2066 1517 2119; x_wconf 83' lang='grc' dir='ltr'>δὲ</span> <span class='ocrx_word' id='word_1_149' title='bbox 1570 2066 1674 2119; x_wconf 88' lang='grc' dir='ltr'>οὐκ</span> <span class='ocrx_word' id='word_1_150' title='bbox 1721 2065 1980 2134; x_wconf 85' lang='grc' dir='ltr'>ἀτιμίαν;</span> 
     </span>
    </p>
   </div>
   <div class='ocr_carea' id='block_1_20' title="bbox 395 2153 1984 2232">
    <p class='ocr_par' dir='ltr' id='par_1_20' title="bbox 395 2153 1984 2232">
     <span class='ocr_line' id='line_1_20' title="bbox 395 2153 1984 2232; baseline -0.004 -18"><span class='ocrx_word' id='word_1_151' title='bbox 395 2163 652 2232; x_wconf 86' lang='grc' dir='ltr'>Πορνεῖον</span> <span class='ocrx_word' id='word_1_152' title='bbox 687 2159 879 2229; x_wconf 87' lang='grc' dir='ltr'>γέγονέ</span> <span class='ocrx_word' id='word_1_153' title='bbox 905 2175 999 2212; x_wconf 88' lang='grc' dir='ltr'>σου</span> <span class='ocrx_word' id='word_1_154' title='bbox 1027 2159 1060 2230; x_wconf 92' lang='grc' dir='ltr'>ἡ</span> <span class='ocrx_word' id='word_1_155' title='bbox 1085 2159 1253 2224; x_wconf 87' lang='grc' dir='ltr'>οἰκία,</span> <span class='ocrx_word' id='word_1_156' title='bbox 1286 2158 1453 2230; x_wconf 88' lang='grc' dir='ltr'>μανία</span> <span class='ocrx_word' id='word_1_157' title='bbox 1485 2156 1580 2212; x_wconf 79' lang='grc' dir='ltr'>καὶ</span> <span class='ocrx_word' id='word_1_158' title='bbox 1607 2153 1824 2226; x_wconf 74' lang='grc' dir='ltr'>οἶστρος</span> <span class='ocrx_word' id='word_1_159' title='bbox 1843 2173 1857 2187; x_wconf 72' lang='grc' dir='ltr'><strong><em>ο</em></strong></span> <span class='ocrx_word' id='word_1_160' title='bbox 1889 2155 1984 2208; x_wconf 78' lang='grc' dir='ltr'>καὶ</span> 
     </span>
    </p>
   </div>
   <div class='ocr_carea' id='block_1_21' title="bbox 389 2243 1980 2322">
    <p class='ocr_par' dir='ltr' id='par_1_21' title="bbox 389 2243 1980 2322">
     <span class='ocr_line' id='line_1_21' title="bbox 389 2243 1980 2322; baseline -0.002 -18"><span class='ocrx_word' id='word_1_161' title='bbox 389 2252 494 2304; x_wconf 90' lang='grc' dir='ltr'>οὐκ</span> <span class='ocrx_word' id='word_1_162' title='bbox 523 2250 754 2322; x_wconf 88' lang='grc' dir='ltr'>αἰσχύνῃ</span> <span class='ocrx_word' id='word_1_163' title='bbox 795 2251 969 2304; x_wconf 90' lang='grc' dir='ltr'>ταῦτα</span> <span class='ocrx_word' id='word_1_164' title='bbox 999 2250 1194 2322; x_wconf 80' lang='grc' dir='ltr'>ἡδονὴν</span> <span class='ocrx_word' id='word_1_165' title='bbox 1227 2249 1446 2317; x_wconf 88' lang='grc' dir='ltr'>καλῶν;</span> <span class='ocrx_word' id='word_1_166' title='bbox 1491 2250 1590 2302; x_wconf 76' lang='grc' dir='ltr'>’Ἂν</span> <span class='ocrx_word' id='word_1_167' title='bbox 1627 2248 1728 2320; x_wconf 85' lang='grc' dir='ltr'>μὲν</span> <span class='ocrx_word' id='word_1_168' title='bbox 1758 2243 1853 2302; x_wconf 79' lang='grc' dir='ltr'>οὖν</span> <span class='ocrx_word' id='word_1_169' title='bbox 1885 2247 1980 2318; x_wconf 81' lang='grc' dir='ltr'>ἐξῇ</span> 
     </span>
    </p>
   </div>
   <div class='ocr_carea' id='block_1_22' title="bbox 389 2332 1986 2416">
    <p class='ocr_par' dir='ltr' id='par_1_22' title="bbox 389 2332 1986 2416">
     <span class='ocr_line' id='line_1_22' title="bbox 389 2332 1986 2416; baseline -0.001 -21"><span class='ocrx_word' id='word_1_170' title='bbox 389 2342 706 2414; x_wconf 88' lang='grc' dir='ltr'>χρήσασθαι</span> <span class='ocrx_word' id='word_1_171' title='bbox 739 2344 889 2416; x_wconf 73' lang='grc' dir='ltr'>πάσῃ</span> <span class='ocrx_word' id='word_1_172' title='bbox 932 2342 1119 2414; x_wconf 78' lang='grc' dir='ltr'>ἡδονῇ,</span> <span class='ocrx_word' id='word_1_173' title='bbox 1157 2342 1360 2413; x_wconf 77' lang='grc' dir='ltr'>μείζων</span> <span class='ocrx_word' id='word_1_174' title='bbox 1396 2344 1430 2412; x_wconf 94' lang='grc' dir='ltr'>ἡ</span> <span class='ocrx_word' id='word_1_175' title='bbox 1465 2341 1700 2412; x_wconf 90' lang='grc' dir='ltr'>αἰσχύνη</span> <span class='ocrx_word' id='word_1_176' title='bbox 1732 2343 1829 2395; x_wconf 78' lang='grc' dir='ltr'>καὶ</span> <span class='ocrx_word' id='word_1_177' title='bbox 1859 2342 1892 2410; x_wconf 85' lang='grc' dir='ltr'>ἡ</span> <span class='ocrx_word' id='word_1_178' title='bbox 1922 2332 1986 2393; x_wconf 76' lang='grc' dir='ltr'>ἐκ</span> 
     </span>
    </p>
   </div>
   <div class='ocr_carea' id='block_1_23' title="bbox 389 2413 2023 2508">
    <p class='ocr_par' dir='ltr' id='par_1_23' title="bbox 389 2413 2023 2508">
     <span class='ocr_line' id='line_1_23' title="bbox 389 2413 2023 2508; baseline -0.003 -17"><span class='ocrx_word' id='word_1_179' title='bbox 389 2413 598 2506; x_wconf 83' lang='grc' dir='ltr'>ταύτης</span> <span class='ocrx_word' id='word_1_180' title='bbox 645 2435 829 2508; x_wconf 88' lang='grc' dir='ltr'>ἀηδία.</span> <span class='ocrx_word' id='word_1_181' title='bbox 864 2413 996 2500; x_wconf 29' lang='lat' dir='ltr'>WBG);</span> <span class='ocrx_word' id='word_1_182' title='bbox 1029 2413 1152 2501; x_wconf 84' lang='grc' dir='ltr'>δαί;</span> <span class='ocrx_word' id='word_1_183' title='bbox 1186 2436 1260 2489; x_wconf 85' lang='grc' dir='ltr'>Οὐ</span> <span class='ocrx_word' id='word_1_184' title='bbox 1291 2435 1530 2506; x_wconf 85' lang='grc' dir='ltr'>χαλεπὸν</span> <span class='ocrx_word' id='word_1_185' title='bbox 1573 2434 1635 2488; x_wconf 82' lang='grc' dir='ltr'>τὸ</span> <span class='ocrx_word' id='word_1_186' title='bbox 1679 2434 1780 2505; x_wconf 81' lang='grc' dir='ltr'>τὴν</span> <span class='ocrx_word' id='word_1_187' title='bbox 1811 2433 1986 2487; x_wconf 84' lang='grc' dir='ltr'>οἰκίαν</span> <span class='ocrx_word' id='word_1_188' title='bbox 2019 2413 2023 2416; x_wconf 18' lang='grc'><strong><em>⁵</em></strong></span> 
     </span>
    </p>
   </div>
   <div class='ocr_carea' id='block_1_24' title="bbox 393 2525 1985 2600">
    <p class='ocr_par' dir='ltr' id='par_1_24' title="bbox 393 2525 1985 2600">
     <span class='ocr_line' id='line_1_24' title="bbox 393 2525 1985 2600; baseline -0.003 -18"><span class='ocrx_word' id='word_1_189' title='bbox 393 2531 647 2600; x_wconf 87' lang='grc' dir='ltr'>πορνεῖον</span> <span class='ocrx_word' id='word_1_190' title='bbox 709 2530 884 2582; x_wconf 83' lang='grc' dir='ltr'>ποιεῖν</span> <span class='ocrx_word' id='word_1_191' title='bbox 911 2565 927 2592; x_wconf 93' lang='grc'>,</span> <span class='ocrx_word' id='word_1_192' title='bbox 988 2527 1083 2580; x_wconf 69' lang='grc' dir='ltr'>καὶ¹</span> <span class='ocrx_word' id='word_1_193' title='bbox 1130 2525 1355 2597; x_wconf 73' lang='grc' dir='ltr'>ἥδεσθαι</span> <span class='ocrx_word' id='word_1_194' title='bbox 1411 2525 1665 2598; x_wconf 86' lang='grc' dir='ltr'>καθάπερ</span> <span class='ocrx_word' id='word_1_195' title='bbox 1711 2526 1928 2597; x_wconf 82' lang='grc' dir='ltr'>χοίρους</span> <span class='ocrx_word' id='word_1_196' title='bbox 1961 2537 1985 2565; x_wconf 83' lang='grc' dir='ltr'>ιι</span> 
     </span>
    </p>
   </div>
   <div class='ocr_carea' id='block_1_25' title="bbox 392 2617 1986 2692">
    <p class='ocr_par' dir='ltr' id='par_1_25' title="bbox 392 2617 1986 2692">
     <span class='ocr_line' id='line_1_25' title="bbox 392 2617 1986 2692; baseline -0.003 -18"><span class='ocrx_word' id='word_1_197' title='bbox 392 2619 918 2692; x_wconf 65' lang='grc' dir='ltr'>ἐγκαλινδουμένομς</span> <span class='ocrx_word' id='word_1_198' title='bbox 952 2617 1234 2691; x_wconf 84' lang='grc' dir='ltr'>βορϐόρῳ;</span> <span class='ocrx_word' id='word_1_199' title='bbox 1273 2619 1373 2671; x_wconf 76' lang='grc' dir='ltr'>Ἂν</span> <span class='ocrx_word' id='word_1_200' title='bbox 1396 2617 1452 2670; x_wconf 87' lang='grc' dir='ltr'>δέ</span> <span class='ocrx_word' id='word_1_201' title='bbox 1486 2617 1650 2689; x_wconf 87' lang='grc' dir='ltr'>μέχρι</span> <span class='ocrx_word' id='word_1_202' title='bbox 1675 2617 1769 2671; x_wconf 90' lang='grc' dir='ltr'>τοῦ</span> <span class='ocrx_word' id='word_1_203' title='bbox 1805 2617 1986 2687; x_wconf 84' lang='grc' dir='ltr'>φανῆ-</span> 
     </span>
    </p>
   </div>
   <div class='ocr_carea' id='block_1_26' title="bbox 393 2707 1989 2780">
    <p class='ocr_par' dir='ltr' id='par_1_26' title="bbox 393 2707 1989 2780">
     <span class='ocr_line' id='line_1_26' title="bbox 393 2707 1989 2780; baseline -0.004 -15"><span class='ocrx_word' id='word_1_204' title='bbox 393 2726 485 2766; x_wconf 81' lang='grc' dir='ltr'>ναι</span> <span class='ocrx_word' id='word_1_205' title='bbox 519 2708 707 2780; x_wconf 86' lang='grc' dir='ltr'>μόνον,</span> <span class='ocrx_word' id='word_1_206' title='bbox 764 2709 873 2762; x_wconf 83' lang='grc' dir='ltr'>ἰδοὺ</span> <span class='ocrx_word' id='word_1_207' title='bbox 911 2709 1075 2764; x_wconf 83' lang='grc' dir='ltr'>πάλιν</span> <span class='ocrx_word' id='word_1_208' title='bbox 1122 2707 1284 2780; x_wconf 84' lang='grc' dir='ltr'>ὀδύνη</span> <span class='ocrx_word' id='word_1_209' title='bbox 1329 2707 1532 2778; x_wconf 80' lang='grc' dir='ltr'>μείζων</span> <span class='ocrx_word' id='word_1_210' title='bbox 1559 2724 1573 2738; x_wconf 87' lang='grc'><strong>·</strong></span> <span class='ocrx_word' id='word_1_211' title='bbox 1625 2709 1658 2779; x_wconf 84' lang='grc' dir='ltr'>ἡ</span> <span class='ocrx_word' id='word_1_212' title='bbox 1704 2708 1813 2780; x_wconf 81' lang='grc' dir='ltr'>γὰρ</span> <span class='ocrx_word' id='word_1_213' title='bbox 1867 2707 1989 2776; x_wconf 57' lang='grc' dir='ltr'>ὄψις</span> 
     </span>
    </p>
   </div>
   <div class='ocr_carea' id='block_1_27' title="bbox 392 2791 1990 2873">
    <p class='ocr_par' dir='ltr' id='par_1_27' title="bbox 392 2791 1990 2873">
     <span class='ocr_line' id='line_1_27' title="bbox 392 2791 1990 2873; baseline -0.002 -23"><span class='ocrx_word' id='word_1_214' title='bbox 392 2798 495 2869; x_wconf 89' lang='grc' dir='ltr'>οὐχ</span> <span class='ocrx_word' id='word_1_215' title='bbox 524 2797 710 2873; x_wconf 81' lang='grc' dir='ltr'>ἡδονὴ,</span> <span class='ocrx_word' id='word_1_216' title='bbox 742 2797 872 2852; x_wconf 85' lang='grc' dir='ltr'>ὃταν</span> <span class='ocrx_word' id='word_1_217' title='bbox 904 2799 937 2868; x_wconf 85' lang='grc' dir='ltr'>ἡ</span> <span class='ocrx_word' id='word_1_218' title='bbox 971 2797 1168 2869; x_wconf 80' lang='grc' dir='ltr'>χρῆσις</span> <span class='ocrx_word' id='word_1_219' title='bbox 1204 2796 1279 2867; x_wconf 86' lang='grc' dir='ltr'>μὴ</span> <span class='ocrx_word' id='word_1_220' title='bbox 1309 2791 1365 2868; x_wconf 83' lang='grc' dir='ltr'>ᾖ,</span> <span class='ocrx_word' id='word_1_221' title='bbox 1397 2795 1534 2849; x_wconf 85' lang='grc' dir='ltr'>ἀλλά</span> <span class='ocrx_word' id='word_1_222' title='bbox 1573 2797 1668 2850; x_wconf 79' lang='grc' dir='ltr'>καὶ</span> <span class='ocrx_word' id='word_1_223' title='bbox 1718 2795 1924 2866; x_wconf 79' lang='grc' dir='ltr'>μείζων</span> <span class='ocrx_word' id='word_1_224' title='bbox 1957 2797 1990 2866; x_wconf 90' lang='grc' dir='ltr'>ἡ</span> 
     </span>
    </p>
   </div>
   <div class='ocr_carea' id='block_1_28' title="bbox 394 2884 1992 2958">
    <p class='ocr_par' dir='ltr' id='par_1_28' title="bbox 394 2884 1992 2958">
     <span class='ocr_line' id='line_1_28' title="bbox 394 2884 1992 2958; baseline -0.002 -19"><span class='ocrx_word' id='word_1_225' title='bbox 394 2885 705 2956; x_wconf 83' lang='grc' dir='ltr'>ἐπιθυμία,</span> <span class='ocrx_word' id='word_1_226' title='bbox 744 2885 838 2939; x_wconf 72' lang='grc' dir='ltr'>καὶ</span> <span class='ocrx_word' id='word_1_227' title='bbox 873 2885 1212 2958; x_wconf 84' lang='grc' dir='ltr'>σφοδροτέρα</span> <span class='ocrx_word' id='word_1_228' title='bbox 1250 2886 1283 2956; x_wconf 92' lang='grc' dir='ltr'>ἡ</span> <span class='ocrx_word' id='word_1_229' title='bbox 1331 2885 1481 2954; x_wconf 78' lang='grc' dir='ltr'>φλόξ.</span> <span class='ocrx_word' id='word_1_230' title='bbox 1533 2884 1696 2938; x_wconf 82' lang='grc' dir='ltr'>Ἀλλά</span> <span class='ocrx_word' id='word_1_231' title='bbox 1745 2885 1806 2937; x_wconf 79' lang='grc' dir='ltr'>τὸ</span> <span class='ocrx_word' id='word_1_232' title='bbox 1836 2885 1992 2947; x_wconf 81' lang='grc' dir='ltr'>τέλος</span> 
     </span>
    </p>
   </div>
   <div class='ocr_carea' id='block_1_29' title="bbox 399 2976 1991 3049">
    <p class='ocr_par' dir='ltr' id='par_1_29' title="bbox 399 2976 1991 3049">
     <span class='ocr_line' id='line_1_29' title="bbox 399 2976 1991 3049; baseline -0.003 -18"><span class='ocrx_word' id='word_1_233' title='bbox 399 2976 580 3048; x_wconf 86' lang='grc' dir='ltr'>βούλει</span> <span class='ocrx_word' id='word_1_234' title='bbox 625 2976 862 3049; x_wconf 86' lang='grc' dir='ltr'>μαθεῖν;</span> <span class='ocrx_word' id='word_1_235' title='bbox 916 2977 980 3030; x_wconf 80' lang='grc' dir='ltr'>Οἱ</span> <span class='ocrx_word' id='word_1_236' title='bbox 1034 2976 1134 3048; x_wconf 88' lang='grc' dir='ltr'>μέν</span> <span class='ocrx_word' id='word_1_237' title='bbox 1182 2980 1293 3040; x_wconf 84' lang='grc' dir='ltr'>τοῖς</span> <span class='ocrx_word' id='word_1_238' title='bbox 1339 2976 1692 3048; x_wconf 79' lang='grc' dir='ltr'>μαινομένοις</span> <span class='ocrx_word' id='word_1_239' title='bbox 1746 2976 1840 3030; x_wconf 78' lang='grc' dir='ltr'>καὶ</span> <span class='ocrx_word' id='word_1_240' title='bbox 1879 2978 1991 3038; x_wconf 85' lang='grc' dir='ltr'>τοῖς</span> 
     </span>
    </p>
   </div>
   <div class='ocr_carea' id='block_1_30' title="bbox 400 3067 1992 3140">
    <p class='ocr_par' dir='ltr' id='par_1_30' title="bbox 400 3067 1992 3140">
     <span class='ocr_line' id='line_1_30' title="bbox 400 3067 1992 3140; baseline -0.002 -18"><span class='ocrx_word' id='word_1_241' title='bbox 400 3067 757 3140; x_wconf 84' lang='grc' dir='ltr'>παραπλῆξιν</span> <span class='ocrx_word' id='word_1_242' title='bbox 789 3070 1035 3122; x_wconf 77' lang='grc' dir='ltr'>ἐοίκασιν</span> <span class='ocrx_word' id='word_1_243' title='bbox 1055 3067 1163 3122; x_wconf 82' lang='grc' dir='ltr'>ἀπὸ</span> <span class='ocrx_word' id='word_1_244' title='bbox 1183 3068 1284 3137; x_wconf 78' lang='grc' dir='ltr'>τῆς</span> <span class='ocrx_word' id='word_1_245' title='bbox 1309 3067 1590 3138; x_wconf 75' lang='grc' dir='ltr'>τραπέζης</span> <span class='ocrx_word' id='word_1_246' title='bbox 1616 3067 1992 3138; x_wconf 86' lang='grc' dir='ltr'>ἀνιστάμενοι,</span> 
     </span>
    </p>
   </div>
   <div class='ocr_carea' id='block_1_31' title="bbox 401 3149 1996 3232">
    <p class='ocr_par' dir='ltr' id='par_1_31' title="bbox 401 3149 1996 3232">
     <span class='ocr_line' id='line_1_31' title="bbox 401 3149 1996 3232; baseline 0 -19"><span class='ocrx_word' id='word_1_247' title='bbox 401 3160 650 3231; x_wconf 86' lang='grc' dir='ltr'>θρασεῖς.</span> <span class='ocrx_word' id='word_1_248' title='bbox 697 3159 930 3232; x_wconf 84' lang='grc' dir='ltr'>ὀργίλοι,</span> <span class='ocrx_word' id='word_1_249' title='bbox 975 3160 1372 3228; x_wconf 84' lang='grc' dir='ltr'>καταγέλαστοι</span> <span class='ocrx_word' id='word_1_250' title='bbox 1426 3149 1669 3225; x_wconf 78' lang='grc' dir='ltr'>καὶτοῖς</span> <span class='ocrx_word' id='word_1_251' title='bbox 1722 3161 1996 3231; x_wconf 86' lang='grc' dir='ltr'>ἀνδραπό-</span> 
     </span>
    </p>
   </div>
   <div class='ocr_carea' id='block_1_32' title="bbox 399 3247 1996 3325">
    <p class='ocr_par' dir='ltr' id='par_1_32' title="bbox 399 3247 1996 3325">
     <span class='ocr_line' id='line_1_32' title="bbox 399 3247 1996 3325; baseline 0 -19"><span class='ocrx_word' id='word_1_252' title='bbox 399 3252 512 3316; x_wconf 90' lang='grc' dir='ltr'>δοις</span> <span class='ocrx_word' id='word_1_253' title='bbox 536 3269 550 3284; x_wconf 91' lang='grc'><strong>·</strong></span> <span class='ocrx_word' id='word_1_254' title='bbox 583 3253 678 3308; x_wconf 83' lang='grc' dir='ltr'>καί</span> <span class='ocrx_word' id='word_1_255' title='bbox 711 3253 760 3306; x_wconf 87' lang='grc' dir='ltr'>οἰ</span> <span class='ocrx_word' id='word_1_256' title='bbox 787 3253 888 3324; x_wconf 83' lang='grc' dir='ltr'>μὲν</span> <span class='ocrx_word' id='word_1_257' title='bbox 917 3253 1130 3307; x_wconf 89' lang='grc' dir='ltr'>οἰκέται</span> <span class='ocrx_word' id='word_1_258' title='bbox 1155 3252 1503 3324; x_wconf 74' lang='grc' dir='ltr'>ἀναχωροῦσι</span> <span class='ocrx_word' id='word_1_259' title='bbox 1534 3254 1820 3325; x_wconf 83' lang='grc' dir='ltr'>νήφοντες,</span> <span class='ocrx_word' id='word_1_260' title='bbox 1848 3247 1996 3306; x_wconf 80' lang='grc' dir='ltr'>οῦτοι</span> 
     </span>
    </p>
   </div>
   <div class='ocr_carea' id='block_1_33' title="bbox 401 3341 1998 3414">
    <p class='ocr_par' dir='ltr' id='par_1_33' title="bbox 401 3341 1998 3414">
     <span class='ocr_line' id='line_1_33' title="bbox 401 3341 1998 3414; baseline -0.001 -16"><span class='ocrx_word' id='word_1_261' title='bbox 401 3343 463 3398; x_wconf 80' lang='grc' dir='ltr'>δὲ</span> <span class='ocrx_word' id='word_1_262' title='bbox 492 3342 808 3414; x_wconf 86' lang='grc' dir='ltr'>μεθύοντες.</span> <span class='ocrx_word' id='word_1_263' title='bbox 855 3343 920 3396; x_wconf 83' lang='grc' dir='ltr'>’Ὢ</span> <span class='ocrx_word' id='word_1_264' title='bbox 956 3343 1056 3413; x_wconf 83' lang='grc' dir='ltr'>τῆς</span> <span class='ocrx_word' id='word_1_265' title='bbox 1102 3341 1414 3413; x_wconf 81' lang='grc' dir='ltr'>αἰσχύνηςί</span> <span class='ocrx_word' id='word_1_266' title='bbox 1464 3342 1613 3395; x_wconf 88' lang='grc' dir='ltr'>Ἐκεῖ</span> <span class='ocrx_word' id='word_1_267' title='bbox 1653 3342 1711 3397; x_wconf 85' lang='grc' dir='ltr'>δὲ</span> <span class='ocrx_word' id='word_1_268' title='bbox 1754 3343 1998 3397; x_wconf 87' lang='grc' dir='ltr'>τοιοῦτον</span> 
     </span>
    </p>
   </div>
   <div class='ocr_carea' id='block_1_34' title="bbox 407 3433 1997 3508">
    <p class='ocr_par' dir='ltr' id='par_1_34' title="bbox 407 3433 1997 3508">
     <span class='ocr_line' id='line_1_34' title="bbox 407 3433 1997 3508; baseline -0.001 -19"><span class='ocrx_word' id='word_1_269' title='bbox 407 3435 584 3500; x_wconf 79' lang='grc' dir='ltr'>οὐδὲν,</span> <span class='ocrx_word' id='word_1_270' title='bbox 602 3435 715 3489; x_wconf 83' lang='grc' dir='ltr'>ἀλλ’</span> <span class='ocrx_word' id='word_1_271' title='bbox 738 3435 1063 3508; x_wconf 72' lang='grc' dir='ltr'>εὐχαριστίᾳ</span> <span class='ocrx_word' id='word_1_272' title='bbox 1081 3436 1182 3507; x_wconf 78' lang='grc' dir='ltr'>τὴν</span> <span class='ocrx_word' id='word_1_273' title='bbox 1204 3433 1484 3507; x_wconf 81' lang='grc' dir='ltr'>τράπεζαν</span> <span class='ocrx_word' id='word_1_274' title='bbox 1509 3435 1997 3499; x_wconf 87' lang='grc' dir='ltr'>κατακλείσαντες,</span> 
     </span>
    </p>
   </div>
   <div class='ocr_carea' id='block_1_35' title="bbox 411 3523 1997 3599">
    <p class='ocr_par' dir='ltr' id='par_1_35' title="bbox 411 3523 1997 3599">
     <span class='ocr_line' id='line_1_35' title="bbox 411 3523 1997 3599; baseline 0.001 -22"><span class='ocrx_word' id='word_1_275' title='bbox 411 3523 589 3589; x_wconf 83' lang='grc' dir='ltr'>οὓτως</span> <span class='ocrx_word' id='word_1_276' title='bbox 635 3526 1010 3598; x_wconf 84' lang='grc' dir='ltr'>ἀναχωροῦσιν</span> <span class='ocrx_word' id='word_1_277' title='bbox 1052 3526 1258 3591; x_wconf 84' lang='grc' dir='ltr'>οῐκαδε,</span> <span class='ocrx_word' id='word_1_278' title='bbox 1305 3526 1562 3599; x_wconf 80' lang='grc' dir='ltr'>ἡδόμενοι</span> <span class='ocrx_word' id='word_1_279' title='bbox 1617 3524 1997 3590; x_wconf 85' lang='grc' dir='ltr'>καθεύδοντες,</span> 
     </span>
    </p>
   </div>
   <div class='ocr_carea' id='block_1_36' title="bbox 412 3614 2003 3690">
    <p class='ocr_par' dir='ltr' id='par_1_36' title="bbox 412 3614 2003 3690">
     <span class='ocr_line' id='line_1_36' title="bbox 412 3614 2003 3690; baseline 0.003 -22"><span class='ocrx_word' id='word_1_280' title='bbox 412 3614 661 3686; x_wconf 76' lang='grc' dir='ltr'>ἡδόμενοι</span> <span class='ocrx_word' id='word_1_281' title='bbox 681 3617 1045 3689; x_wconf 85' lang='grc' dir='ltr'>ἐγειρόμενοι,</span> <span class='ocrx_word' id='word_1_282' title='bbox 1080 3618 1262 3690; x_wconf 83' lang='grc' dir='ltr'>πάσης</span> <span class='ocrx_word' id='word_1_283' title='bbox 1293 3616 1555 3690; x_wconf 87' lang='grc' dir='ltr'>αἰσχύνης</span> <span class='ocrx_word' id='word_1_284' title='bbox 1589 3617 2003 3689; x_wconf 81' lang='grc' dir='ltr'>ἀπηλλαγμένοι</span> 
     </span>
    </p>
   </div>
   <div class='ocr_carea' id='block_1_37' title="bbox 413 3708 887 3780">
    <p class='ocr_par' dir='ltr' id='par_1_37' title="bbox 413 3708 887 3780">
     <span class='ocr_line' id='line_1_37' title="bbox 413 3708 887 3780; baseline 0.006 -20"><span class='ocrx_word' id='word_1_285' title='bbox 413 3708 508 3762; x_wconf 77' lang='grc' dir='ltr'>καὶ</span> <span class='ocrx_word' id='word_1_286' title='bbox 529 3708 887 3780; x_wconf 87' lang='grc' dir='ltr'>κατηγορίας.</span> 
     </span>
    </p>
   </div>
   <div class='ocr_carea' id='block_1_38' title="bbox 481 3796 2005 3871">
    <p class='ocr_par' dir='ltr' id='par_1_38' title="bbox 481 3796 2005 3871">
     <span class='ocr_line' id='line_1_38' title="bbox 481 3796 2005 3871; baseline 0 -19"><span class='ocrx_word' id='word_1_287' title='bbox 481 3796 631 3871; x_wconf 77' lang='grc'><strong>1551]</strong></span> <span class='ocrx_word' id='word_1_288' title='bbox 673 3805 750 3866; x_wconf 83' lang='grc' dir='ltr'>ς’.</span> <span class='ocrx_word' id='word_1_289' title='bbox 783 3800 846 3853; x_wconf 89' lang='grc' dir='ltr'>Εἰ</span> <span class='ocrx_word' id='word_1_290' title='bbox 874 3798 1059 3871; x_wconf 83' lang='grc' dir='ltr'>βούλει</span> <span class='ocrx_word' id='word_1_291' title='bbox 1099 3800 1194 3854; x_wconf 76' lang='grc' dir='ltr'>καὶ</span> <span class='ocrx_word' id='word_1_292' title='bbox 1229 3799 1429 3864; x_wconf 77' lang='grc' dir='ltr'>αὐτοὺς</span> <span class='ocrx_word' id='word_1_293' title='bbox 1470 3801 1598 3865; x_wconf 84' lang='grc' dir='ltr'>τοὺς</span> <span class='ocrx_word' id='word_1_294' title='bbox 1633 3799 2005 3870; x_wconf 85' lang='grc' dir='ltr'>κεκλημένους</span> 
     </span>
    </p>
   </div>
   <div class='ocr_carea' id='block_1_39' title="bbox 415 3890 2009 3964">
    <p class='ocr_par' dir='ltr' id='par_1_39' title="bbox 415 3890 2009 3964">
     <span class='ocr_line' id='line_1_39' title="bbox 415 3890 2009 3964; baseline 0.001 -21"><span class='ocrx_word' id='word_1_295' title='bbox 415 3890 565 3956; x_wconf 87' lang='grc' dir='ltr'>ἰδεῖν,</span> <span class='ocrx_word' id='word_1_296' title='bbox 591 3890 711 3962; x_wconf 72' lang='grc' dir='ltr'>ὄψει</span> <span class='ocrx_word' id='word_1_297' title='bbox 733 3890 956 3957; x_wconf 88' lang='grc' dir='ltr'>τούτους</span> <span class='ocrx_word' id='word_1_298' title='bbox 990 3892 1090 3963; x_wconf 89' lang='grc' dir='ltr'>μὲν</span> <span class='ocrx_word' id='word_1_299' title='bbox 1129 3893 1409 3956; x_wconf 88' lang='grc' dir='ltr'>τοιούτους</span> <span class='ocrx_word' id='word_1_300' title='bbox 1436 3892 1626 3957; x_wconf 75' lang='grc' dir='ltr'>ὂντας·</span> <span class='ocrx_word' id='word_1_301' title='bbox 1667 3893 1836 3958; x_wconf 81' lang='grc' dir='ltr'>ἔνδον,</span> <span class='ocrx_word' id='word_1_302' title='bbox 1868 3893 2009 3964; x_wconf 81' lang='grc' dir='ltr'>ὅπερ</span> 
     </span>
    </p>
   </div>
   <div class='ocr_carea' id='block_1_40' title="bbox 411 3973 2009 4059">
    <p class='ocr_par' dir='ltr' id='par_1_40' title="bbox 411 3973 2009 4059">
     <span class='ocr_line' id='line_1_40' title="bbox 411 3973 2009 4059; baseline 0.001 -23"><span class='ocrx_word' id='word_1_303' title='bbox 411 3973 558 4036; x_wconf 73' lang='grc' dir='ltr'>οὗτοι</span> <span class='ocrx_word' id='word_1_304' title='bbox 579 3983 686 4048; x_wconf 82' lang='grc' dir='ltr'>ἐξω</span> <span class='ocrx_word' id='word_1_305' title='bbox 706 4026 721 4051; x_wconf 94' lang='grc'>,</span> <span class='ocrx_word' id='word_1_306' title='bbox 739 3985 998 4054; x_wconf 84' lang='grc' dir='ltr'>τυφλοὺς,</span> <span class='ocrx_word' id='word_1_307' title='bbox 1017 3987 1361 4059; x_wconf 83' lang='grc' dir='ltr'>ἀναπήρους,</span> <span class='ocrx_word' id='word_1_308' title='bbox 1381 3985 1589 4058; x_wconf 90' lang='grc' dir='ltr'>χωλούς</span> <span class='ocrx_word' id='word_1_309' title='bbox 1608 4002 1621 4016; x_wconf 82' lang='grc'><em>’</em></span> <span class='ocrx_word' id='word_1_310' title='bbox 1649 3987 1745 4039; x_wconf 75' lang='grc' dir='ltr'>καὶ</span> <span class='ocrx_word' id='word_1_311' title='bbox 1765 3980 1852 4039; x_wconf 79' lang='grc' dir='ltr'>οἷα</span> <span class='ocrx_word' id='word_1_312' title='bbox 1884 3985 2009 4038; x_wconf 89' lang='grc' dir='ltr'>τού-</span> 
     </span>
    </p>
   </div>
   <div class='ocr_carea' id='block_1_41' title="bbox 412 4074 2010 4148">
    <p class='ocr_par' dir='ltr' id='par_1_41' title="bbox 412 4074 2010 4148">
     <span class='ocr_line' id='line_1_41' title="bbox 412 4074 2010 4148; baseline 0.001 -22"><span class='ocrx_word' id='word_1_313' title='bbox 412 4090 522 4127; x_wconf 88' lang='grc' dir='ltr'>των</span> <span class='ocrx_word' id='word_1_314' title='bbox 551 4074 620 4128; x_wconf 84' lang='grc' dir='ltr'>τά</span> <span class='ocrx_word' id='word_1_315' title='bbox 653 4075 907 4148; x_wconf 86' lang='grc' dir='ltr'>σώματα,</span> <span class='ocrx_word' id='word_1_316' title='bbox 953 4077 1204 4132; x_wconf 88' lang='grc' dir='ltr'>τοιαῦται</span> <span class='ocrx_word' id='word_1_317' title='bbox 1249 4077 1477 4132; x_wconf 89' lang='grc' dir='ltr'>ἐκείνων</span> <span class='ocrx_word' id='word_1_318' title='bbox 1509 4077 1568 4131; x_wconf 89' lang='grc' dir='ltr'>αἰ</span> <span class='ocrx_word' id='word_1_319' title='bbox 1597 4077 1792 4147; x_wconf 76' lang='grc' dir='ltr'>ψυχαὶ,</span> <span class='ocrx_word' id='word_1_320' title='bbox 1835 4076 2010 4146; x_wconf 84' lang='grc' dir='ltr'>ὑδέρῳ</span> 
     </span>
    </p>
   </div>
   <div class='ocr_carea' id='block_1_42' title="bbox 415 4168 2006 4242">
    <p class='ocr_par' dir='ltr' id='par_1_42' title="bbox 415 4168 2006 4242">
     <span class='ocr_line' id='line_1_42' title="bbox 415 4168 2006 4242; baseline -0.001 -21"><span class='ocrx_word' id='word_1_321' title='bbox 415 4169 512 4222; x_wconf 82' lang='grc' dir='ltr'>καὶ</span> <span class='ocrx_word' id='word_1_322' title='bbox 541 4169 821 4242; x_wconf 84' lang='grc' dir='ltr'>φλεγμονῇ</span> <span class='ocrx_word' id='word_1_323' title='bbox 851 4170 1240 4242; x_wconf 85' lang='grc' dir='ltr'>κατεχόμεναι.</span> <span class='ocrx_word' id='word_1_324' title='bbox 1274 4169 1529 4223; x_wconf 80' lang='grc' dir='ltr'>Τοιοῦτον</span> <span class='ocrx_word' id='word_1_325' title='bbox 1549 4168 1658 4240; x_wconf 82' lang='grc' dir='ltr'>γὰρ</span> <span class='ocrx_word' id='word_1_326' title='bbox 1680 4170 1716 4239; x_wconf 87' lang='grc' dir='ltr'>ἡ</span> <span class='ocrx_word' id='word_1_327' title='bbox 1741 4168 1969 4221; x_wconf 76' lang='grc' dir='ltr'>ἀπόνοια.</span> <span class='ocrx_word' id='word_1_328' title='bbox 1990 4184 2006 4200; x_wconf 81' lang='grc' dir='ltr'><strong><em>ο</em></strong></span> 
     </span>
    </p>
   </div>
   <div class='ocr_carea' id='block_1_43' title="bbox 421 4260 2012 4336">
    <p class='ocr_par' dir='ltr' id='par_1_43' title="bbox 421 4260 2012 4336">
     <span class='ocr_line' id='line_1_43' title="bbox 421 4260 2012 4336; baseline -0.002 -22"><span class='ocrx_word' id='word_1_329' title='bbox 421 4263 560 4334; x_wconf 88' lang='grc' dir='ltr'>μετά</span> <span class='ocrx_word' id='word_1_330' title='bbox 584 4263 694 4335; x_wconf 68' lang='grc' dir='ltr'>γὰρ</span> <span class='ocrx_word' id='word_1_331' title='bbox 723 4263 824 4334; x_wconf 82' lang='grc' dir='ltr'>τὴν</span> <span class='ocrx_word' id='word_1_332' title='bbox 849 4263 1065 4335; x_wconf 82' lang='grc' dir='ltr'>τρυφὴν</span> <span class='ocrx_word' id='word_1_333' title='bbox 1094 4264 1346 4336; x_wconf 82' lang='grc' dir='ltr'>πήρωσις</span> <span class='ocrx_word' id='word_1_334' title='bbox 1368 4261 1578 4331; x_wconf 89' lang='grc' dir='ltr'>γίνεται</span> <span class='ocrx_word' id='word_1_335' title='bbox 1597 4274 1613 4290; x_wconf 90' lang='grc'><strong>·</strong></span> <span class='ocrx_word' id='word_1_336' title='bbox 1635 4260 1880 4313; x_wconf 87' lang='grc' dir='ltr'>τοιοῦτον</span> <span class='ocrx_word' id='word_1_337' title='bbox 1901 4261 2012 4332; x_wconf 80' lang='grc' dir='ltr'>γὰρ</span> 
     </span>
    </p>
   </div>
   <div class='ocr_carea' id='block_1_44' title="bbox 318 4350 2014 4426">
    <p class='ocr_par' dir='ltr' id='par_1_44' title="bbox 318 4350 2014 4426">
     <span class='ocr_line' id='line_1_44' title="bbox 318 4350 2014 4426; baseline 0.002 -20"><span class='ocrx_word' id='word_1_338' title='bbox 318 4404 344 4412; x_wconf 88' lang='lat'><em>_</em></span> <span class='ocrx_word' id='word_1_339' title='bbox 419 4353 454 4423; x_wconf 89' lang='grc' dir='ltr'>ἡ</span> <span class='ocrx_word' id='word_1_340' title='bbox 472 4353 764 4426; x_wconf 86' lang='grc' dir='ltr'>πλησμονὴ</span> <span class='ocrx_word' id='word_1_341' title='bbox 782 4353 877 4407; x_wconf 79' lang='grc' dir='ltr'>καὶ</span> <span class='ocrx_word' id='word_1_342' title='bbox 898 4356 933 4426; x_wconf 85' lang='grc' dir='ltr'>ἡ</span> <span class='ocrx_word' id='word_1_343' title='bbox 964 4353 1128 4426; x_wconf 85' lang='grc' dir='ltr'>μέθη,</span> <span class='ocrx_word' id='word_1_344' title='bbox 1150 4353 1359 4425; x_wconf 81' lang='grc' dir='ltr'>χωλοὺς</span> <span class='ocrx_word' id='word_1_345' title='bbox 1381 4353 1478 4406; x_wconf 76' lang='grc' dir='ltr'>καὶ</span> <span class='ocrx_word' id='word_1_346' title='bbox 1498 4351 1732 4415; x_wconf 83' lang='grc' dir='ltr'>κυλλούς</span> <span class='ocrx_word' id='word_1_347' title='bbox 1753 4350 2014 4409; x_wconf 87' lang='grc' dir='ltr'>ποιοῦσα.</span> 
     </span>
    </p>
   </div>
   <div class='ocr_carea' id='block_1_45' title="bbox 421 4436 2015 4514">
    <p class='ocr_par' dir='ltr' id='par_1_45' title="bbox 421 4436 2015 4514">
     <span class='ocr_line' id='line_1_45' title="bbox 421 4436 2015 4514; baseline -0.001 -18"><span class='ocrx_word' id='word_1_348' title='bbox 421 4442 536 4496; x_wconf 76' lang='grc' dir='ltr'>Καὶ</span> <span class='ocrx_word' id='word_1_349' title='bbox 574 4442 692 4513; x_wconf 78' lang='grc' dir='ltr'>ὄψει</span> <span class='ocrx_word' id='word_1_350' title='bbox 734 4444 828 4497; x_wconf 75' lang='grc' dir='ltr'>καὶ</span> <span class='ocrx_word' id='word_1_351' title='bbox 872 4443 1100 4507; x_wconf 89' lang='grc' dir='ltr'>τούτους</span> <span class='ocrx_word' id='word_1_352' title='bbox 1149 4442 1404 4506; x_wconf 88' lang='grc' dir='ltr'>τοιαύτας</span> <span class='ocrx_word' id='word_1_353' title='bbox 1433 4441 1657 4514; x_wconf 79' lang='grc' dir='ltr'>ἔχοντας</span> <span class='ocrx_word' id='word_1_354' title='bbox 1696 4441 1899 4514; x_wconf 78' lang='grc' dir='ltr'>ψυχὰς,</span> <span class='ocrx_word' id='word_1_355' title='bbox 1926 4436 2015 4496; x_wconf 75' lang='grc' dir='ltr'>οἷα</span> 
     </span>
    </p>
   </div>
   <div class='ocr_carea' id='block_1_46' title="bbox 421 4526 2017 4606">
    <p class='ocr_par' dir='ltr' id='par_1_46' title="bbox 421 4526 2017 4606">
     <span class='ocr_line' id='line_1_46' title="bbox 421 4526 2017 4606; baseline 0 -20"><span class='ocrx_word' id='word_1_356' title='bbox 421 4526 573 4587; x_wconf 76' lang='grc' dir='ltr'>οῦτοι</span> <span class='ocrx_word' id='word_1_357' title='bbox 612 4534 679 4588; x_wconf 79' lang='grc' dir='ltr'>τὰ</span> <span class='ocrx_word' id='word_1_358' title='bbox 707 4533 959 4605; x_wconf 86' lang='grc' dir='ltr'>σώματα,</span> <span class='ocrx_word' id='word_1_359' title='bbox 991 4534 1277 4606; x_wconf 83' lang='grc' dir='ltr'>λαμπρὰς,</span> <span class='ocrx_word' id='word_1_360' title='bbox 1317 4534 1762 4606; x_wconf 88' lang='grc' dir='ltr'>κεκοσμημένας.</span> <span class='ocrx_word' id='word_1_361' title='bbox 1813 4535 1878 4587; x_wconf 88' lang='grc' dir='ltr'>Οἰ</span> <span class='ocrx_word' id='word_1_362' title='bbox 1907 4534 2017 4605; x_wconf 82' lang='grc' dir='ltr'>γὰρ</span> 
     </span>
    </p>
   </div>
   <div class='ocr_carea' id='block_1_47' title="bbox 423 4625 2016 4698">
    <p class='ocr_par' dir='ltr' id='par_1_47' title="bbox 423 4625 2016 4698">
     <span class='ocr_line' id='line_1_47' title="bbox 423 4625 2016 4698; baseline 0.001 -20"><span class='ocrx_word' id='word_1_363' title='bbox 423 4626 486 4679; x_wconf 82' lang='grc' dir='ltr'>ἐν</span> <span class='ocrx_word' id='word_1_364' title='bbox 509 4625 835 4698; x_wconf 80' lang='grc' dir='ltr'>εὐχαριστίᾳ</span> <span class='ocrx_word' id='word_1_365' title='bbox 856 4626 1079 4691; x_wconf 78' lang='grc' dir='ltr'>ζῶντες,</span> <span class='ocrx_word' id='word_1_366' title='bbox 1106 4628 1155 4680; x_wconf 87' lang='grc' dir='ltr'>οἰ</span> <span class='ocrx_word' id='word_1_367' title='bbox 1170 4626 1270 4698; x_wconf 82' lang='grc' dir='ltr'>τῆς</span> <span class='ocrx_word' id='word_1_368' title='bbox 1294 4626 1629 4698; x_wconf 86' lang='grc' dir='ltr'>αὐταρκείας</span> <span class='ocrx_word' id='word_1_369' title='bbox 1656 4627 1824 4698; x_wconf 83' lang='grc' dir='ltr'>μηδὲν</span> <span class='ocrx_word' id='word_1_370' title='bbox 1853 4626 2016 4680; x_wconf 88' lang='grc' dir='ltr'>πλέον</span> 
     </span>
    </p>
   </div>
   <div class='ocr_carea' id='block_1_48' title="bbox 425 4715 2020 4791">
    <p class='ocr_par' dir='ltr' id='par_1_48' title="bbox 425 4715 2020 4791">
     <span class='ocr_line' id='line_1_48' title="bbox 425 4715 2020 4791; baseline 0.001 -22"><span class='ocrx_word' id='word_1_371' title='bbox 425 4715 840 4787; x_wconf 79' lang='grc' dir='ltr'>ἐπιζητοῦντες,</span> <span class='ocrx_word' id='word_1_372' title='bbox 870 4717 921 4771; x_wconf 81' lang='grc' dir='ltr'>οἰ</span> <span class='ocrx_word' id='word_1_373' title='bbox 956 4716 1375 4788; x_wconf 88' lang='grc' dir='ltr'>φιλοσοφοῦντες</span> <span class='ocrx_word' id='word_1_374' title='bbox 1402 4716 1576 4782; x_wconf 73' lang='grc' dir='ltr'>οὕτως</span> <span class='ocrx_word' id='word_1_375' title='bbox 1603 4718 1743 4772; x_wconf 73' lang='grc' dir='ltr'>εἰσὶν</span> <span class='ocrx_word' id='word_1_376' title='bbox 1777 4719 1835 4771; x_wconf 89' lang='grc' dir='ltr'>ἐν</span> <span class='ocrx_word' id='word_1_377' title='bbox 1867 4718 2020 4791; x_wconf 84' lang='grc' dir='ltr'>πάσῃ</span> 
     </span>
    </p>
   </div>
   <div class='ocr_carea' id='block_1_49' title="bbox 428 4808 2018 4879">
    <p class='ocr_par' dir='ltr' id='par_1_49' title="bbox 428 4808 2018 4879">
     <span class='ocr_line' id='line_1_49' title="bbox 428 4808 2018 4879; baseline 0.002 -18"><span class='ocrx_word' id='word_1_378' title='bbox 428 4808 771 4879; x_wconf 85' lang='grc' dir='ltr'>φαιδρότητι.</span> <span class='ocrx_word' id='word_1_379' title='bbox 804 4809 1035 4879; x_wconf 84' lang='grc' dir='ltr'>Ἰδωμεν</span> <span class='ocrx_word' id='word_1_380' title='bbox 1055 4809 1111 4863; x_wconf 85' lang='grc' dir='ltr'>δὲ</span> <span class='ocrx_word' id='word_1_381' title='bbox 1136 4809 1230 4862; x_wconf 75' lang='grc' dir='ltr'>καὶ</span> <span class='ocrx_word' id='word_1_382' title='bbox 1255 4808 1490 4862; x_wconf 80' lang='grc' dir='ltr'>ἐνταῦθα</span> <span class='ocrx_word' id='word_1_383' title='bbox 1518 4809 1614 4863; x_wconf 71' lang='grc' dir='ltr'>καὶ</span> <span class='ocrx_word' id='word_1_384' title='bbox 1634 4809 1752 4863; x_wconf 86' lang='grc' dir='ltr'>ἐκεῖ</span> <span class='ocrx_word' id='word_1_385' title='bbox 1766 4810 1827 4863; x_wconf 82' lang='lat'>:6</span> <span class='ocrx_word' id='word_1_386' title='bbox 1841 4809 2018 4872; x_wconf 84' lang='grc' dir='ltr'>τέλος.</span> 
     </span>
    </p>
   </div>
   <div class='ocr_carea' id='block_1_50' title="bbox 441 4899 2020 4974">
    <p class='ocr_par' dir='ltr' id='par_1_50' title="bbox 441 4899 2020 4974">
     <span class='ocr_line' id='line_1_50' title="bbox 441 4899 2020 4974; baseline 0.001 -21"><span class='ocrx_word' id='word_1_387' title='bbox 441 4899 594 4953; x_wconf 82' lang='grc' dir='ltr'>Ἐκεῖ</span> <span class='ocrx_word' id='word_1_388' title='bbox 621 4901 721 4971; x_wconf 77' lang='grc' dir='ltr'>μὲν</span> <span class='ocrx_word' id='word_1_389' title='bbox 750 4901 918 4973; x_wconf 81' lang='grc' dir='ltr'>ἡδονὴ</span> <span class='ocrx_word' id='word_1_390' title='bbox 949 4901 1272 4967; x_wconf 84' lang='grc' dir='ltr'>ἀκόλαστος,</span> <span class='ocrx_word' id='word_1_391' title='bbox 1300 4901 1472 4971; x_wconf 81' lang='grc' dir='ltr'>γέλως</span> <span class='ocrx_word' id='word_1_392' title='bbox 1499 4903 1822 4974; x_wconf 82' lang='grc' dir='ltr'>κεχυμένος,</span> <span class='ocrx_word' id='word_1_393' title='bbox 1857 4902 2020 4974; x_wconf 84' lang='grc' dir='ltr'>μέθη,</span> 
     </span>
    </p>
   </div>
   <div class='ocr_carea' id='block_1_51' title="bbox 429 4991 2024 5066">
    <p class='ocr_par' dir='ltr' id='par_1_51' title="bbox 429 4991 2024 5066">
     <span class='ocr_line' id='line_1_51' title="bbox 429 4991 2024 5066; baseline 0 -20"><span class='ocrx_word' id='word_1_394' title='bbox 429 4991 789 5063; x_wconf 88' lang='grc' dir='ltr'>εὐτραπελία,</span> <span class='ocrx_word' id='word_1_395' title='bbox 827 4994 1184 5066; x_wconf 88' lang='grc' dir='ltr'>αἰσχρολογία</span> <span class='ocrx_word' id='word_1_396' title='bbox 1209 5011 1222 5022; x_wconf 87' lang='grc'><strong>·</strong></span> <span class='ocrx_word' id='word_1_397' title='bbox 1254 4994 1444 5065; x_wconf 81' lang='grc' dir='ltr'>ἐπειδὴ</span> <span class='ocrx_word' id='word_1_398' title='bbox 1474 4992 1584 5064; x_wconf 85' lang='grc' dir='ltr'>γὰρ</span> <span class='ocrx_word' id='word_1_399' title='bbox 1615 4994 1768 5046; x_wconf 78' lang='grc' dir='ltr'>αὐτοὶ</span> <span class='ocrx_word' id='word_1_400' title='bbox 1807 4993 2024 5047; x_wconf 84' lang='grc' dir='ltr'>αἰδοῦν-</span> 
     </span>
    </p>
   </div>
   <div class='ocr_carea' id='block_1_52' title="bbox 429 5083 2026 5156">
    <p class='ocr_par' dir='ltr' id='par_1_52' title="bbox 429 5083 2026 5156">
     <span class='ocr_line' id='line_1_52' title="bbox 429 5083 2026 5156; baseline -0.001 -20"><span class='ocrx_word' id='word_1_401' title='bbox 429 5100 525 5136; x_wconf 89' lang='grc' dir='ltr'>ται</span> <span class='ocrx_word' id='word_1_402' title='bbox 558 5085 759 5156; x_wconf 82' lang='grc' dir='ltr'>αἰσχρά</span> <span class='ocrx_word' id='word_1_403' title='bbox 788 5083 1146 5153; x_wconf 86' lang='grc' dir='ltr'>φθέγγεσθαι,</span> <span class='ocrx_word' id='word_1_404' title='bbox 1185 5083 1272 5137; x_wconf 79' lang='grc' dir='ltr'>διὰ</span> <span class='ocrx_word' id='word_1_405' title='bbox 1304 5083 1410 5137; x_wconf 90' lang='grc' dir='ltr'>τῶν</span> <span class='ocrx_word' id='word_1_406' title='bbox 1448 5083 1664 5155; x_wconf 89' lang='grc' dir='ltr'>πορνῶν</span> <span class='ocrx_word' id='word_1_407' title='bbox 1696 5083 1856 5136; x_wconf 88' lang='grc' dir='ltr'>τοῦτο</span> <span class='ocrx_word' id='word_1_408' title='bbox 1881 5083 2026 5149; x_wconf 88' lang='grc' dir='ltr'>γίνε-</span> 
     </span>
    </p>
   </div>
   <div class='ocr_carea' id='block_1_53' title="bbox 430 5176 2028 5252">
    <p class='ocr_par' dir='ltr' id='par_1_53' title="bbox 430 5176 2028 5252">
     <span class='ocr_line' id='line_1_53' title="bbox 430 5176 2028 5252; baseline 0 -22"><span class='ocrx_word' id='word_1_409' title='bbox 430 5192 548 5230; x_wconf 88' lang='grc' dir='ltr'>ται.</span> <span class='ocrx_word' id='word_1_410' title='bbox 589 5177 856 5232; x_wconf 78' lang='grc' dir='ltr'>Ἐνταῦθα</span> <span class='ocrx_word' id='word_1_411' title='bbox 901 5178 960 5232; x_wconf 86' lang='grc' dir='ltr'>δὲ</span> <span class='ocrx_word' id='word_1_412' title='bbox 1001 5179 1406 5252; x_wconf 80' lang='grc' dir='ltr'>φιλανθρωπία,</span> <span class='ocrx_word' id='word_1_413' title='bbox 1448 5177 1749 5250; x_wconf 82' lang='grc' dir='ltr'>ἡμερότης.</span> <span class='ocrx_word' id='word_1_414' title='bbox 1797 5177 1890 5248; x_wconf 84' lang='grc' dir='ltr'>Τῷ</span> <span class='ocrx_word' id='word_1_415' title='bbox 1926 5176 2028 5247; x_wconf 75' lang='grc' dir='ltr'>μὲν</span> 
     </span>
    </p>
   </div>
   <div class='ocr_carea' id='block_1_54' title="bbox 432 5261 2030 5342">
    <p class='ocr_par' dir='ltr' id='par_1_54' title="bbox 432 5261 2030 5342">
     <span class='ocr_line' id='line_1_54' title="bbox 432 5261 2030 5342; baseline -0.001 -20"><span class='ocrx_word' id='word_1_416' title='bbox 432 5261 529 5322; x_wconf 76' lang='grc' dir='ltr'>οὖν</span> <span class='ocrx_word' id='word_1_417' title='bbox 574 5269 817 5332; x_wconf 81' lang='grc' dir='ltr'>ἐκείνους</span> <span class='ocrx_word' id='word_1_418' title='bbox 872 5269 1126 5323; x_wconf 90' lang='grc' dir='ltr'>καλοῦντι</span> <span class='ocrx_word' id='word_1_419' title='bbox 1177 5271 1492 5342; x_wconf 81' lang='grc' dir='ltr'>παρέστηκε</span> <span class='ocrx_word' id='word_1_420' title='bbox 1549 5268 1826 5334; x_wconf 79' lang='grc' dir='ltr'>κενοδοξία</span> <span class='ocrx_word' id='word_1_421' title='bbox 1874 5268 2030 5322; x_wconf 83' lang='grc' dir='ltr'>όπλί-</span> 
     </span>
    </p>
   </div>
   <div class='ocr_carea' id='block_1_55' title="bbox 437 5357 2032 5435">
    <p class='ocr_par' dir='ltr' id='par_1_55' title="bbox 437 5357 2032 5435">
     <span class='ocr_line' id='line_1_55' title="bbox 437 5357 2032 5435; baseline -0.001 -22"><span class='ocrx_word' id='word_1_422' title='bbox 437 5357 608 5424; x_wconf 82' lang='grc' dir='ltr'>ζουσα</span> <span class='ocrx_word' id='word_1_423' title='bbox 635 5361 798 5416; x_wconf 89' lang='grc' dir='ltr'>αὐτόν</span> <span class='ocrx_word' id='word_1_424' title='bbox 823 5377 838 5394; x_wconf 78' lang='grc'><strong><em>⁸</em></strong></span> <span class='ocrx_word' id='word_1_425' title='bbox 869 5362 948 5435; x_wconf 83' lang='grc' dir='ltr'>τῷ</span> <span class='ocrx_word' id='word_1_426' title='bbox 977 5363 1038 5417; x_wconf 84' lang='grc' dir='ltr'>δὲ</span> <span class='ocrx_word' id='word_1_427' title='bbox 1073 5364 1310 5418; x_wconf 88' lang='grc' dir='ltr'>ἐνταῦθα</span> <span class='ocrx_word' id='word_1_428' title='bbox 1351 5361 1739 5434; x_wconf 85' lang='grc' dir='ltr'>φιλανθρωπία</span> <span class='ocrx_word' id='word_1_429' title='bbox 1777 5361 1871 5414; x_wconf 80' lang='grc' dir='ltr'>καὶ</span> <span class='ocrx_word' id='word_1_430' title='bbox 1900 5362 2032 5430; x_wconf 84' lang='grc' dir='ltr'>ἡμε-</span> 
     </span>
    </p>
   </div>
   <div class='ocr_carea' id='block_1_56' title="bbox 442 5451 2032 5528">
    <p class='ocr_par' dir='ltr' id='par_1_56' title="bbox 442 5451 2032 5528">
     <span class='ocr_line' id='line_1_56' title="bbox 442 5451 2032 5528; baseline 0.001 -26"><span class='ocrx_word' id='word_1_431' title='bbox 442 5452 626 5523; x_wconf 87' lang='grc' dir='ltr'>ρότης.</span> <span class='ocrx_word' id='word_1_432' title='bbox 662 5453 914 5525; x_wconf 81' lang='grc' dir='ltr'>Ἐκείνην</span> <span class='ocrx_word' id='word_1_433' title='bbox 949 5457 1046 5526; x_wconf 82' lang='grc' dir='ltr'>μὲν</span> <span class='ocrx_word' id='word_1_434' title='bbox 1071 5456 1180 5528; x_wconf 83' lang='grc' dir='ltr'>γὰρ</span> <span class='ocrx_word' id='word_1_435' title='bbox 1207 5456 1305 5528; x_wconf 79' lang='grc' dir='ltr'>τὴν</span> <span class='ocrx_word' id='word_1_436' title='bbox 1332 5455 1612 5528; x_wconf 77' lang='grc' dir='ltr'>τράπεζαν</span> <span class='ocrx_word' id='word_1_437' title='bbox 1648 5451 2032 5523; x_wconf 85' lang='grc' dir='ltr'>φιλανθρωπία</span> 
     </span>
    </p>
   </div>
   <div class='ocr_carea' id='block_1_57' title="bbox 441 5543 2034 5616">
    <p class='ocr_par' dir='ltr' id='par_1_57' title="bbox 441 5543 2034 5616">
     <span class='ocr_line' id='line_1_57' title="bbox 441 5543 2034 5616; baseline 0.009 -21"><span class='ocrx_word' id='word_1_438' title='bbox 441 5545 747 5616; x_wconf 79' lang='grc' dir='ltr'>συνίττησι,</span> <span class='ocrx_word' id='word_1_439' title='bbox 780 5546 985 5616; x_wconf 84' lang='grc' dir='ltr'>ταύτην</span> <span class='ocrx_word' id='word_1_440' title='bbox 1013 5547 1072 5601; x_wconf 82' lang='grc' dir='ltr'>δὲ</span> <span class='ocrx_word' id='word_1_441' title='bbox 1123 5548 1400 5616; x_wconf 82' lang='grc' dir='ltr'>κενοδοξία</span> <span class='ocrx_word' id='word_1_442' title='bbox 1437 5549 1533 5601; x_wconf 80' lang='grc' dir='ltr'>καὶ</span> <span class='ocrx_word' id='word_1_443' title='bbox 1573 5547 1798 5616; x_wconf 68' lang='grc' dir='ltr'>ὠμύτης</span> <span class='ocrx_word' id='word_1_444' title='bbox 1831 5543 1894 5610; x_wconf 77' lang='grc' dir='ltr'>ἐξ</span> <span class='ocrx_word' id='word_1_445' title='bbox 1917 5544 2034 5597; x_wconf 66' lang='grc' dir='ltr'>ἀδυ-</span> 
     </span>
    </p>
   </div>
   <div class='ocr_carea' id='block_1_58' title="bbox 441 5628 2037 5710">
    <p class='ocr_par' dir='ltr' id='par_1_58' title="bbox 441 5628 2037 5710">
     <span class='ocr_line' id='line_1_58' title="bbox 441 5628 2037 5710; baseline 0 -22"><span class='ocrx_word' id='word_1_446' title='bbox 441 5637 567 5699; x_wconf 78' lang='grc' dir='ltr'>κίας</span> <span class='ocrx_word' id='word_1_447' title='bbox 607 5638 704 5690; x_wconf 75' lang='grc' dir='ltr'>καὶ</span> <span class='ocrx_word' id='word_1_448' title='bbox 756 5638 1089 5703; x_wconf 79' lang='grc' dir='ltr'>πλεονεξίας.</span> <span class='ocrx_word' id='word_1_449' title='bbox 1151 5641 1398 5710; x_wconf 81' lang='grc' dir='ltr'>Κάκείνη</span> <span class='ocrx_word' id='word_1_450' title='bbox 1451 5639 1551 5709; x_wconf 81' lang='grc' dir='ltr'>μὲν</span> <span class='ocrx_word' id='word_1_451' title='bbox 1605 5628 1905 5707; x_wconf 77' lang='grc' dir='ltr'>καταλήγει</span> <span class='ocrx_word' id='word_1_452' title='bbox 1955 5636 2037 5699; x_wconf 87' lang='grc' dir='ltr'>εἰς</span> 
     </span>
    </p>
   </div>
   <div class='ocr_carea' id='block_1_59' title="bbox 509 5741 2065 5814">
    <p class='ocr_par' dir='ltr' id='par_1_59' title="bbox 509 5741 2065 5814">
     <span class='ocr_line' id='line_1_59' title="bbox 509 5741 2065 5814; baseline -0.003 -20"><span class='ocrx_word' id='word_1_453' title='bbox 509 5751 536 5814; x_wconf 51' lang='grc' dir='ltr'><strong>ἔ</strong></span> <span class='ocrx_word' id='word_1_454' title='bbox 560 5747 748 5814; x_wconf 61' lang='lat' dir='ltr'>Regius</span> <span class='ocrx_word' id='word_1_455' title='bbox 769 5749 840 5814; x_wconf 64' lang='grc' dir='ltr'>εἰς</span> <span class='ocrx_word' id='word_1_456' title='bbox 857 5747 1028 5814; x_wconf 53' lang='lat' dir='ltr'>habe},</span> <span class='ocrx_word' id='word_1_457' title='bbox 1053 5741 1518 5814; x_wconf 54' lang='lat' dir='ltr'>xpjago-Oagdcag:</span> <span class='ocrx_word' id='word_1_458' title='bbox 1555 5743 1746 5814; x_wconf 39' lang='grc' dir='ltr'>ἡδοναί-ς</span> <span class='ocrx_word' id='word_1_459' title='bbox 1833 5741 2036 5814; x_wconf 60' lang='grc' dir='ltr'>αἰσχύνῃ</span> <span class='ocrx_word' id='word_1_460' title='bbox 2057 5786 2065 5790; x_wconf 91' lang='grc'>.</span> 
     </span>
    </p>
   </div>
   <div class='ocr_carea' id='block_1_60' title="bbox 445 5805 2047 5884">
    <p class='ocr_par' dir='ltr' id='par_1_60' title="bbox 445 5805 2047 5884">
     <span class='ocr_line' id='line_1_60' title="bbox 445 5805 2047 5884; baseline -0.004 -28"><span class='ocrx_word' id='word_1_461' title='bbox 445 5811 635 5884; x_wconf 54' lang='grc' dir='ltr'>μείζων,</span> <span class='ocrx_word' id='word_1_462' title='bbox 659 5811 790 5884; x_wconf 42' lang='grc' dir='ltr'>κιὶιή</span> <span class='ocrx_word' id='word_1_463' title='bbox 822 5810 878 5856; x_wconf 83' lang='grc' dir='ltr'>ἐκ</span> <span class='ocrx_word' id='word_1_464' title='bbox 903 5805 1263 5866; x_wconf 66' lang='grc' dir='ltr'>ταύτηξάηδία.</span> <span class='ocrx_word' id='word_1_465' title='bbox 1311 5808 1535 5873; x_wconf 81' lang='grc' dir='ltr'>[Ιορνεῖον</span> <span class='ocrx_word' id='word_1_466' title='bbox 1579 5810 1667 5865; x_wconf 68' lang='grc' dir='ltr'>τήν</span> <span class='ocrx_word' id='word_1_467' title='bbox 1691 5805 1850 5854; x_wconf 81' lang='grc' dir='ltr'>οἰκίαν</span> <span class='ocrx_word' id='word_1_468' title='bbox 1887 5805 2047 5852; x_wconf 79' lang='grc' dir='ltr'>ποιεῖν·</span> 
     </span>
    </p>
   </div>
   <div class='ocr_carea' id='block_1_61' title="bbox 445 5872 881 5934">
    <p class='ocr_par' dir='ltr' id='par_1_61' title="bbox 445 5872 881 5934">
     <span class='ocr_line' id='line_1_61' title="bbox 445 5872 881 5934; baseline -0.005 -16"><span class='ocrx_word' id='word_1_469' title='bbox 445 5872 655 5934; x_wconf 82' lang='grc' dir='ltr'>καθάπερ</span> <span class='ocrx_word' id='word_1_470' title='bbox 676 5872 881 5933; x_wconf 83' lang='grc' dir='ltr'>χοίρους.</span> 
     </span>
    </p>
   </div>
   <div class='ocr_carea' id='block_1_62' title="bbox 1305 368 2734 434">
    <p class='ocr_par' dir='ltr' id='par_1_62' title="bbox 1305 368 2734 434">
     <span class='ocr_line' id='line_1_62' title="bbox 1305 368 2734 434; baseline -0.006 -2"><span class='ocrx_word' id='word_1_471' title='bbox 1305 377 1369 433; x_wconf 79' lang='lat' dir='ltr'>IN</span> <span class='ocrx_word' id='word_1_472' title='bbox 1412 376 1634 434; x_wconf 71' lang='lat' dir='ltr'>EPIST.</span> <span class='ocrx_word' id='word_1_473' title='bbox 1677 375 1769 433; x_wconf 84' lang='lat' dir='ltr'>AD</span> <span class='ocrx_word' id='word_1_474' title='bbox 1809 372 2102 433; x_wconf 75' lang='lat' dir='ltr'>COLOSS.</span> <span class='ocrx_word' id='word_1_475' title='bbox 2144 373 2299 429; x_wconf 77' lang='lat' dir='ltr'>CAP.</span> <span class='ocrx_word' id='word_1_476' title='bbox 2331 371 2370 427; x_wconf 84' lang='grc' dir='ltr'>Ι.</span> <span class='ocrx_word' id='word_1_477' title='bbox 2417 368 2651 426; x_wconf 53' lang='grc'><strong>1103111».</strong></span> <span class='ocrx_word' id='word_1_478' title='bbox 2693 369 2734 424; x_wconf 90' lang='grc'><strong>1.</strong></span> 
     </span>
    </p>
   </div>
   <div class='ocr_carea' id='block_1_63' title="bbox 3545 364 3652 420">
    <p class='ocr_par' dir='ltr' id='par_1_63' title="bbox 3545 364 3652 420">
     <span class='ocr_line' id='line_1_63' title="bbox 3545 364 3652 420; baseline 0.047 -5"><span class='ocrx_word' id='word_1_479' title='bbox 3545 364 3652 420; x_wconf 81' lang='grc'><strong>508</strong></span> 
     </span>
    </p>
   </div>
   <div class='ocr_carea' id='block_1_64' title="bbox 2075 474 3651 562">
    <p class='ocr_par' dir='ltr' id='par_1_64' title="bbox 2075 474 3651 562">
     <span class='ocr_line' id='line_1_64' title="bbox 2075 474 3651 562; baseline -0.013 -17"><span class='ocrx_word' id='word_1_480' title='bbox 2075 491 2220 562; x_wconf 67' lang='grc' dir='ltr'>ὅπερ</span> <span class='ocrx_word' id='word_1_481' title='bbox 2245 487 2419 553; x_wconf 88' lang='grc' dir='ltr'>εἷπον,</span> <span class='ocrx_word' id='word_1_482' title='bbox 2455 489 2535 551; x_wconf 92' lang='grc' dir='ltr'>εἰς</span> <span class='ocrx_word' id='word_1_483' title='bbox 2567 486 2854 547; x_wconf 71' lang='grc' dir='ltr'>ἀπένοιαν,</span> <span class='ocrx_word' id='word_1_484' title='bbox 2882 481 2963 546; x_wconf 89' lang='grc' dir='ltr'>εἰς</span> <span class='ocrx_word' id='word_1_485' title='bbox 2997 478 3278 542; x_wconf 79' lang='grc' dir='ltr'>ἔκστασιν,</span> <span class='ocrx_word' id='word_1_486' title='bbox 3311 474 3388 538; x_wconf 82' lang='grc' dir='ltr'>εἰς</span> <span class='ocrx_word' id='word_1_487' title='bbox 3422 475 3651 546; x_wconf 86' lang='grc' dir='ltr'>μανίαν·</span> 
     </span>
    </p>
   </div>
   <div class='ocr_carea' id='block_1_65' title="bbox 2071 565 3660 652">
    <p class='ocr_par' dir='ltr' id='par_1_65' title="bbox 2071 565 3660 652">
     <span class='ocr_line' id='line_1_65' title="bbox 2071 565 3660 652; baseline -0.012 -17"><span class='ocrx_word' id='word_1_488' title='bbox 2071 581 2295 652; x_wconf 86' lang='grc' dir='ltr'>τοιαύτη</span> <span class='ocrx_word' id='word_1_489' title='bbox 2327 580 2436 649; x_wconf 81' lang='grc' dir='ltr'>γὰρ</span> <span class='ocrx_word' id='word_1_490' title='bbox 2474 580 2508 650; x_wconf 89' lang='grc' dir='ltr'>ἡ</span> <span class='ocrx_word' id='word_1_491' title='bbox 2550 577 2654 647; x_wconf 82' lang='grc' dir='ltr'>τῆς</span> <span class='ocrx_word' id='word_1_492' title='bbox 2688 573 2992 640; x_wconf 82' lang='grc' dir='ltr'>κενοδοξίας</span> <span class='ocrx_word' id='word_1_493' title='bbox 3029 571 3268 643; x_wconf 81' lang='grc' dir='ltr'>βλάστη’</span> <span class='ocrx_word' id='word_1_494' title='bbox 3316 566 3456 638; x_wconf 86' lang='grc' dir='ltr'>α’ὐτη</span> <span class='ocrx_word' id='word_1_495' title='bbox 3491 566 3548 618; x_wconf 81' lang='grc' dir='ltr'>δὲ</span> <span class='ocrx_word' id='word_1_496' title='bbox 3577 565 3660 626; x_wconf 87' lang='grc' dir='ltr'>εἰς</span> 
     </span>
    </p>
   </div>
   <div class='ocr_carea' id='block_1_66' title="bbox 2073 659 3662 744">
    <p class='ocr_par' dir='ltr' id='par_1_66' title="bbox 2073 659 3662 744">
     <span class='ocr_line' id='line_1_66' title="bbox 2073 659 3662 744; baseline -0.011 -17"><span class='ocrx_word' id='word_1_497' title='bbox 2073 671 2428 744; x_wconf 87' lang='grc' dir='ltr'>εὐχαριστίαν</span> <span class='ocrx_word' id='word_1_498' title='bbox 2455 667 2730 732; x_wconf 69' lang='grc' dir='ltr'>καὶδόξαν</span> <span class='ocrx_word' id='word_1_499' title='bbox 2756 665 2911 720; x_wconf 87' lang='grc' dir='ltr'>Θεοῦ.</span> <span class='ocrx_word' id='word_1_500' title='bbox 2938 665 3049 718; x_wconf 74' lang='grc' dir='ltr'>Καὶ</span> <span class='ocrx_word' id='word_1_501' title='bbox 3077 666 3105 717; x_wconf 90' lang='grc' dir='ltr'><strong>ὁ</strong></span> <span class='ocrx_word' id='word_1_502' title='bbox 3135 663 3356 724; x_wconf 81' lang='grc' dir='ltr'>ἔπαινος</span> <span class='ocrx_word' id='word_1_503' title='bbox 3375 659 3432 712; x_wconf 83' lang='grc' dir='ltr'>δὲ</span> <span class='ocrx_word' id='word_1_504' title='bbox 3459 661 3487 712; x_wconf 92' lang='lat'>6</span> <span class='ocrx_word' id='word_1_505' title='bbox 3510 665 3662 729; x_wconf 80' lang='grc' dir='ltr'>παρα</span> 
     </span>
    </p>
   </div>
   <div class='ocr_carea' id='block_1_67' title="bbox 2075 749 3659 838">
    <p class='ocr_par' dir='ltr' id='par_1_67' title="bbox 2075 749 3659 838">
     <span class='ocr_line' id='line_1_67' title="bbox 2075 749 3659 838; baseline -0.011 -19"><span class='ocrx_word' id='word_1_506' title='bbox 2075 765 2384 838; x_wconf 80' lang='grc' dir='ltr'>ἀνθρώπων</span> <span class='ocrx_word' id='word_1_507' title='bbox 2416 762 2590 834; x_wconf 82' lang='grc' dir='ltr'>ταύτῃ</span> <span class='ocrx_word' id='word_1_508' title='bbox 2622 760 2824 813; x_wconf 88' lang='grc' dir='ltr'>πλείων</span> <span class='ocrx_word' id='word_1_509' title='bbox 2848 775 2860 787; x_wconf 91' lang='grc'><strong>·</strong></span> <span class='ocrx_word' id='word_1_510' title='bbox 2893 757 3089 828; x_wconf 85' lang='grc' dir='ltr'>ἐκείνῳ</span> <span class='ocrx_word' id='word_1_511' title='bbox 3125 755 3223 826; x_wconf 87' lang='grc' dir='ltr'>μὲν</span> <span class='ocrx_word' id='word_1_512' title='bbox 3271 752 3381 824; x_wconf 86' lang='grc' dir='ltr'>γὰρ</span> <span class='ocrx_word' id='word_1_513' title='bbox 3424 753 3519 805; x_wconf 73' lang='grc' dir='ltr'>καὶ</span> <span class='ocrx_word' id='word_1_514' title='bbox 3551 749 3659 821; x_wconf 84' lang='grc' dir='ltr'>βα-</span> 
     </span>
    </p>
   </div>
   <div class='ocr_carea' id='block_1_68' title="bbox 2077 839 3664 916">
    <p class='ocr_par' dir='ltr' id='par_1_68' title="bbox 2077 839 3664 916">
     <span class='ocr_line' id='line_1_68' title="bbox 2077 839 3664 916; baseline -0.011 -8"><span class='ocrx_word' id='word_1_515' title='bbox 2077 853 2379 916; x_wconf 89' lang='grc' dir='ltr'>σκαίνουσι,</span> <span class='ocrx_word' id='word_1_516' title='bbox 2407 850 2597 905; x_wconf 89' lang='grc' dir='ltr'>τοῦτον</span> <span class='ocrx_word' id='word_1_517' title='bbox 2623 849 2681 903; x_wconf 84' lang='grc' dir='ltr'>δέ</span> <span class='ocrx_word' id='word_1_518' title='bbox 2710 849 2785 912; x_wconf 86' lang='grc' dir='ltr'>ὼς</span> <span class='ocrx_word' id='word_1_519' title='bbox 2806 846 2982 901; x_wconf 81' lang='grc' dir='ltr'>κοινὸν</span> <span class='ocrx_word' id='word_1_520' title='bbox 3011 844 3225 916; x_wconf 84' lang='grc' dir='ltr'>πατέρα</span> <span class='ocrx_word' id='word_1_521' title='bbox 3253 841 3452 904; x_wconf 84' lang='grc' dir='ltr'>πάντες</span> <span class='ocrx_word' id='word_1_522' title='bbox 3480 839 3664 911; x_wconf 82' lang='grc' dir='ltr'>έχουσι</span> 
     </span>
    </p>
   </div>
   <div class='ocr_carea' id='block_1_69' title="bbox 2076 933 3664 1018">
    <p class='ocr_par' dir='ltr' id='par_1_69' title="bbox 2076 933 3664 1018">
     <span class='ocr_line' id='line_1_69' title="bbox 2076 933 3664 1018; baseline -0.013 -15"><span class='ocrx_word' id='word_1_523' title='bbox 2076 949 2171 1004; x_wconf 65' lang='grc' dir='ltr'>καὶ</span> <span class='ocrx_word' id='word_1_524' title='bbox 2199 949 2248 1000; x_wconf 83' lang='grc' dir='ltr'>οί</span> <span class='ocrx_word' id='word_1_525' title='bbox 2282 947 2356 1018; x_wconf 85' lang='grc' dir='ltr'>μὴ</span> <span class='ocrx_word' id='word_1_526' title='bbox 2393 943 2661 1006; x_wconf 86' lang='grc' dir='ltr'>παθόντες</span> <span class='ocrx_word' id='word_1_527' title='bbox 2693 937 2774 995; x_wconf 81' lang='grc' dir='ltr'>εὖ.</span> <span class='ocrx_word' id='word_1_528' title='bbox 2811 941 2922 994; x_wconf 79' lang='grc' dir='ltr'>Καὶ</span> <span class='ocrx_word' id='word_1_529' title='bbox 2951 938 3206 1010; x_wconf 86' lang='grc' dir='ltr'>καθάπερ</span> <span class='ocrx_word' id='word_1_530' title='bbox 3225 936 3318 991; x_wconf 77' lang='grc' dir='ltr'>ἐπὶ</span> <span class='ocrx_word' id='word_1_531' title='bbox 3346 935 3456 989; x_wconf 87' lang='grc' dir='ltr'>τῶν</span> <span class='ocrx_word' id='word_1_532' title='bbox 3475 933 3664 1003; x_wconf 70' lang='grc' dir='ltr'>ἠδικη-</span> 
     </span>
    </p>
   </div>
   <div class='ocr_carea' id='block_1_70' title="bbox 2081 1024 3665 1111">
    <p class='ocr_par' dir='ltr' id='par_1_70' title="bbox 2081 1024 3665 1111">
     <span class='ocr_line' id='line_1_70' title="bbox 2081 1024 3665 1111; baseline -0.011 -18"><span class='ocrx_word' id='word_1_533' title='bbox 2081 1039 2258 1111; x_wconf 90' lang='grc' dir='ltr'>μένων</span> <span class='ocrx_word' id='word_1_534' title='bbox 2312 1035 2407 1090; x_wconf 76' lang='grc' dir='ltr'>καὶ</span> <span class='ocrx_word' id='word_1_535' title='bbox 2451 1037 2499 1088; x_wconf 86' lang='grc' dir='ltr'>οἰ</span> <span class='ocrx_word' id='word_1_536' title='bbox 2561 1034 2726 1105; x_wconf 83' lang='grc' dir='ltr'>μηδὲν</span> <span class='ocrx_word' id='word_1_537' title='bbox 2780 1031 3100 1102; x_wconf 74' lang='grc' dir='ltr'>ἠδικημένοι</span> <span class='ocrx_word' id='word_1_538' title='bbox 3153 1026 3515 1096; x_wconf 87' lang='grc' dir='ltr'>συναλγοῦσι,</span> <span class='ocrx_word' id='word_1_539' title='bbox 3569 1024 3665 1076; x_wconf 74' lang='grc' dir='ltr'>καὶ</span> 
     </span>
    </p>
   </div>
   <div class='ocr_carea' id='block_1_71' title="bbox 2077 1113 3668 1202">
    <p class='ocr_par' dir='ltr' id='par_1_71' title="bbox 2077 1113 3668 1202">
     <span class='ocr_line' id='line_1_71' title="bbox 2077 1113 3668 1202; baseline -0.013 -15"><span class='ocrx_word' id='word_1_540' title='bbox 2077 1133 2234 1202; x_wconf 81' lang='grc' dir='ltr'>κοινῇ</span> <span class='ocrx_word' id='word_1_541' title='bbox 2276 1131 2521 1198; x_wconf 91' lang='grc' dir='ltr'>γίνονται</span> <span class='ocrx_word' id='word_1_542' title='bbox 2574 1128 2775 1189; x_wconf 86' lang='grc' dir='ltr'>πάντες</span> <span class='ocrx_word' id='word_1_543' title='bbox 2829 1121 3054 1194; x_wconf 80' lang='grc' dir='ltr'>ἐχθροί’</span> <span class='ocrx_word' id='word_1_544' title='bbox 3103 1119 3246 1174; x_wconf 73' lang='grc' dir='ltr'>οὕτω</span> <span class='ocrx_word' id='word_1_545' title='bbox 3279 1120 3373 1173; x_wconf 73' lang='grc' dir='ltr'>καὶ</span> <span class='ocrx_word' id='word_1_546' title='bbox 3418 1117 3511 1170; x_wconf 74' lang='grc' dir='ltr'>ἐπὶ</span> <span class='ocrx_word' id='word_1_547' title='bbox 3556 1113 3668 1168; x_wconf 87' lang='grc' dir='ltr'>τῶν</span> 
     </span>
    </p>
   </div>
   <div class='ocr_carea' id='block_1_72' title="bbox 2079 1205 3668 1295">
    <p class='ocr_par' dir='ltr' id='par_1_72' title="bbox 2079 1205 3668 1295">
     <span class='ocr_line' id='line_1_72' title="bbox 2079 1205 3668 1295; baseline -0.014 -16"><span class='ocrx_word' id='word_1_548' title='bbox 2079 1223 2404 1295; x_wconf 70' lang='grc' dir='ltr'>πασχόντων</span> <span class='ocrx_word' id='word_1_549' title='bbox 2454 1216 2514 1274; x_wconf 82' lang='grc' dir='ltr'>εὖ</span> <span class='ocrx_word' id='word_1_550' title='bbox 2566 1219 2660 1273; x_wconf 70' lang='grc' dir='ltr'>καὶ</span> <span class='ocrx_word' id='word_1_551' title='bbox 2691 1220 2738 1271; x_wconf 90' lang='grc' dir='ltr'>οἱ</span> <span class='ocrx_word' id='word_1_552' title='bbox 2773 1217 2848 1287; x_wconf 80' lang='grc' dir='ltr'>μὴ</span> <span class='ocrx_word' id='word_1_553' title='bbox 2896 1213 3164 1276; x_wconf 86' lang='grc' dir='ltr'>παθόντες</span> <span class='ocrx_word' id='word_1_554' title='bbox 3215 1207 3297 1275; x_wconf 83' lang='grc' dir='ltr'>εὖ,</span> <span class='ocrx_word' id='word_1_555' title='bbox 3343 1208 3597 1277; x_wconf 87' lang='grc' dir='ltr'>καθάπερ</span> <span class='ocrx_word' id='word_1_556' title='bbox 3617 1205 3668 1257; x_wconf 91' lang='grc' dir='ltr'>οἰ</span> 
     </span>
    </p>
   </div>
   <div class='ocr_carea' id='block_1_73' title="bbox 2080 1300 3667 1380">
    <p class='ocr_par' dir='ltr' id='par_1_73' title="bbox 2080 1300 3667 1380">
     <span class='ocr_line' id='line_1_73' title="bbox 2080 1300 3667 1380; baseline -0.013 -9"><span class='ocrx_word' id='word_1_557' title='bbox 2080 1317 2366 1380; x_wconf 88' lang='grc' dir='ltr'>παθόντες,</span> <span class='ocrx_word' id='word_1_558' title='bbox 2399 1311 2682 1368; x_wconf 76' lang='grc' dir='ltr'>ἐπαινοῦσι</span> <span class='ocrx_word' id='word_1_559' title='bbox 2715 1306 3167 1380; x_wconf 73' lang='grc' dir='ltr'>καὶθαυμάζουσι</span> <span class='ocrx_word' id='word_1_560' title='bbox 3195 1305 3285 1357; x_wconf 74' lang='grc' dir='ltr'>τὸν</span> <span class='ocrx_word' id='word_1_561' title='bbox 3303 1300 3667 1370; x_wconf 79' lang='grc' dir='ltr'>πεποιηκότα.</span> 
     </span>
    </p>
   </div>
   <div class='ocr_carea' id='block_1_74' title="bbox 2080 1394 3674 1479">
    <p class='ocr_par' dir='ltr' id='par_1_74' title="bbox 2080 1394 3674 1479">
     <span class='ocr_line' id='line_1_74' title="bbox 2080 1394 3674 1479; baseline -0.014 -15"><span class='ocrx_word' id='word_1_562' title='bbox 2080 1410 2262 1464; x_wconf 83' lang='grc' dir='ltr'>Κάκεῖ</span> <span class='ocrx_word' id='word_1_563' title='bbox 2303 1407 2400 1479; x_wconf 87' lang='grc' dir='ltr'>μέν</span> <span class='ocrx_word' id='word_1_564' title='bbox 2432 1406 2601 1468; x_wconf 81' lang='grc' dir='ltr'>πολὺς</span> <span class='ocrx_word' id='word_1_565' title='bbox 2629 1406 2657 1456; x_wconf 89' lang='lat'>6</span> <span class='ocrx_word' id='word_1_566' title='bbox 2686 1404 2900 1472; x_wconf 80' lang='grc' dir='ltr'>φθόνος,</span> <span class='ocrx_word' id='word_1_567' title='bbox 2946 1398 3182 1455; x_wconf 89' lang='grc' dir='ltr'>ἐνταῦθα</span> <span class='ocrx_word' id='word_1_568' title='bbox 3218 1395 3276 1450; x_wconf 84' lang='grc' dir='ltr'>δὲ</span> <span class='ocrx_word' id='word_1_569' title='bbox 3310 1394 3478 1460; x_wconf 80' lang='grc' dir='ltr'>πολλὴ</span> <span class='ocrx_word' id='word_1_570' title='bbox 3506 1395 3540 1463; x_wconf 85' lang='grc' dir='ltr'>ἡ</span> <span class='ocrx_word' id='word_1_571' title='bbox 3575 1408 3674 1461; x_wconf 87' lang='grc' dir='ltr'>κη-</span> 
     </span>
    </p>
   </div>
   <div class='ocr_carea' id='block_1_75' title="bbox 2081 1483 3674 1572">
    <p class='ocr_par' dir='ltr' id='par_1_75' title="bbox 2081 1483 3674 1572">
     <span class='ocr_line' id='line_1_75' title="bbox 2081 1483 3674 1572; baseline -0.013 -16"><span class='ocrx_word' id='word_1_572' title='bbox 2081 1502 2329 1572; x_wconf 89' lang='grc' dir='ltr'>δεμονία,</span> <span class='ocrx_word' id='word_1_573' title='bbox 2365 1499 2560 1552; x_wconf 77' lang='grc' dir='ltr'>πολλαὶ.</span> <span class='ocrx_word' id='word_1_574' title='bbox 2605 1496 2758 1567; x_wconf 87' lang='grc' dir='ltr'>παρὰ</span> <span class='ocrx_word' id='word_1_575' title='bbox 2806 1494 3024 1548; x_wconf 87' lang='grc' dir='ltr'>πάντων</span> <span class='ocrx_word' id='word_1_576' title='bbox 3055 1489 3232 1562; x_wconf 88' lang='grc' dir='ltr'>εὐχαί.</span> <span class='ocrx_word' id='word_1_577' title='bbox 3276 1488 3388 1542; x_wconf 76' lang='grc' dir='ltr'>Καὶ</span> <span class='ocrx_word' id='word_1_578' title='bbox 3437 1483 3674 1538; x_wconf 84' lang='grc' dir='ltr'>ἐνταῦθα</span> 
     </span>
    </p>
   </div>
   <div class='ocr_carea' id='block_1_76' title="bbox 2087 1577 3674 1667">
    <p class='ocr_par' dir='ltr' id='par_1_76' title="bbox 2087 1577 3674 1667">
     <span class='ocr_line' id='line_1_76' title="bbox 2087 1577 3674 1667; baseline -0.015 -18"><span class='ocrx_word' id='word_1_579' title='bbox 2087 1596 2188 1667; x_wconf 83' lang='grc' dir='ltr'>μὲν</span> <span class='ocrx_word' id='word_1_580' title='bbox 2224 1592 2401 1647; x_wconf 90' lang='grc' dir='ltr'>ταῦτα</span> <span class='ocrx_word' id='word_1_581' title='bbox 2429 1609 2444 1625; x_wconf 78' lang='grc' dir='ltr'><strong>ο</strong></span> <span class='ocrx_word' id='word_1_582' title='bbox 2497 1592 2615 1644; x_wconf 84' lang='grc' dir='ltr'>ἐκεῖ</span> <span class='ocrx_word' id='word_1_583' title='bbox 2644 1590 2722 1653; x_wconf 89' lang='grc' dir='ltr'>δέ,</span> <span class='ocrx_word' id='word_1_584' title='bbox 2753 1589 2882 1641; x_wconf 86' lang='grc' dir='ltr'>ὅταν</span> <span class='ocrx_word' id='word_1_585' title='bbox 2921 1588 2949 1640; x_wconf 90' lang='lat'>6</span> <span class='ocrx_word' id='word_1_586' title='bbox 2997 1582 3236 1654; x_wconf 76' lang='grc' dir='ltr'>Χριστὸς</span> <span class='ocrx_word' id='word_1_587' title='bbox 3271 1577 3674 1650; x_wconf 84' lang='grc' dir='ltr'>παραγένηται,</span> 
     </span>
    </p>
   </div>
   <div class='ocr_carea' id='block_1_77' title="bbox 2084 1665 3672 1752">
    <p class='ocr_par' dir='ltr' id='par_1_77' title="bbox 2084 1665 3672 1752">
     <span class='ocr_line' id='line_1_77' title="bbox 2084 1665 3672 1752; baseline -0.007 -17"><span class='ocrx_word' id='word_1_588' title='bbox 2084 1665 2240 1745; x_wconf 75' lang='grc' dir='ltr'>οὗτος</span> <span class='ocrx_word' id='word_1_589' title='bbox 2275 1680 2374 1752; x_wconf 90' lang='grc' dir='ltr'>μέν</span> <span class='ocrx_word' id='word_1_590' title='bbox 2433 1679 2693 1751; x_wconf 83' lang='grc' dir='ltr'>στήσεται</span> <span class='ocrx_word' id='word_1_591' title='bbox 2752 1676 2890 1748; x_wconf 86' lang='grc' dir='ltr'>μετά</span> <span class='ocrx_word' id='word_1_592' title='bbox 2934 1672 3136 1744; x_wconf 85' lang='grc' dir='ltr'>πολλῆς</span> <span class='ocrx_word' id='word_1_593' title='bbox 3184 1670 3283 1741; x_wconf 77' lang='grc' dir='ltr'>τῆς</span> <span class='ocrx_word' id='word_1_594' title='bbox 3333 1665 3672 1740; x_wconf 65' lang='grc' dir='ltr'>παρρησίας.</span> 
     </span>
    </p>
   </div>
   <div class='ocr_carea' id='block_1_78' title="bbox 2085 1756 3678 1840">
    <p class='ocr_par' dir='ltr' id='par_1_78' title="bbox 2085 1756 3678 1840">
     <span class='ocr_line' id='line_1_78' title="bbox 2085 1756 3678 1840; baseline -0.012 -11"><span class='ocrx_word' id='word_1_595' title='bbox 2085 1775 2183 1829; x_wconf 71' lang='grc' dir='ltr'>καὶ</span> <span class='ocrx_word' id='word_1_596' title='bbox 2206 1772 2499 1830; x_wconf 85' lang='grc' dir='ltr'>ἀκούσεται</span> <span class='ocrx_word' id='word_1_597' title='bbox 2526 1772 2620 1824; x_wconf 69' lang='grc' dir='ltr'>ἐπὶ</span> <span class='ocrx_word' id='word_1_598' title='bbox 2644 1771 2824 1840; x_wconf 85' lang='grc' dir='ltr'>πάσης</span> <span class='ocrx_word' id='word_1_599' title='bbox 2855 1768 2955 1838; x_wconf 85' lang='grc' dir='ltr'>τῆς</span> <span class='ocrx_word' id='word_1_600' title='bbox 2983 1763 3338 1836; x_wconf 82' lang='grc' dir='ltr'>οἰκουμένης,</span> <span class='ocrx_word' id='word_1_601' title='bbox 3371 1756 3678 1815; x_wconf 78' lang='grc' dir='ltr'>Πεινῶντά</span> 
     </span>
    </p>
   </div>
   <div class='ocr_carea' id='block_1_79' title="bbox 2081 1852 3674 1938">
    <p class='ocr_par' dir='ltr' id='par_1_79' title="bbox 2081 1852 3674 1938">
     <span class='ocr_line' id='line_1_79' title="bbox 2081 1852 3674 1938; baseline -0.013 -15"><span class='ocrx_word' id='word_1_602' title='bbox 2081 1884 2159 1938; x_wconf 78' lang='grc' dir='ltr'>με</span> <span class='ocrx_word' id='word_1_603' title='bbox 2188 1863 2367 1933; x_wconf 76' lang='grc' dir='ltr'>εἶδες,</span> <span class='ocrx_word' id='word_1_604' title='bbox 2417 1863 2519 1919; x_wconf 75' lang='grc' dir='ltr'>καὶ</span> <span class='ocrx_word' id='word_1_605' title='bbox 2549 1863 2845 1932; x_wconf 75' lang='grc' dir='ltr'>ἔθρεψας·</span> <span class='ocrx_word' id='word_1_606' title='bbox 2884 1859 3140 1930; x_wconf 77' lang='grc' dir='ltr'>γυμνὸν,</span> <span class='ocrx_word' id='word_1_607' title='bbox 3194 1855 3292 1910; x_wconf 82' lang='grc' dir='ltr'>καί</span> <span class='ocrx_word' id='word_1_608' title='bbox 3336 1852 3636 1917; x_wconf 75' lang='grc' dir='ltr'>ἐνέδυσας</span> <span class='ocrx_word' id='word_1_609' title='bbox 3660 1867 3674 1883; x_wconf 81' lang='grc' dir='ltr'><strong><em>ο</em></strong></span> 
     </span>
    </p>
   </div>
   <div class='ocr_carea' id='block_1_80' title="bbox 2089 1943 3676 2025">
    <p class='ocr_par' dir='ltr' id='par_1_80' title="bbox 2089 1943 3676 2025">
     <span class='ocr_line' id='line_1_80' title="bbox 2089 1943 3676 2025; baseline -0.011 -12"><span class='ocrx_word' id='word_1_610' title='bbox 2089 1957 2291 2025; x_wconf 82' lang='grc' dir='ltr'>ξένον,</span> <span class='ocrx_word' id='word_1_611' title='bbox 2327 1956 2427 2012; x_wconf 81' lang='grc' dir='ltr'>καὶ</span> <span class='ocrx_word' id='word_1_612' title='bbox 2453 1954 2820 2023; x_wconf 78' lang='grc' dir='ltr'>συνήγαγες,</span> <span class='ocrx_word' id='word_1_613' title='bbox 2858 1949 2956 2005; x_wconf 77' lang='grc' dir='ltr'>καὶ</span> <span class='ocrx_word' id='word_1_614' title='bbox 2990 1949 3108 2003; x_wconf 81' lang='grc' dir='ltr'>ὅσα</span> <span class='ocrx_word' id='word_1_615' title='bbox 3137 1945 3384 2001; x_wconf 80' lang='grc' dir='ltr'>τοιαῦτα</span> <span class='ocrx_word' id='word_1_616' title='bbox 3410 1958 3422 1972; x_wconf 93' lang='grc'><strong>·</strong></span> <span class='ocrx_word' id='word_1_617' title='bbox 3469 1943 3676 2003; x_wconf 83' lang='grc' dir='ltr'>ἐκεῖνος</span> 
     </span>
    </p>
   </div>
   <div class='ocr_carea' id='block_1_81' title="bbox 2088 2033 3677 2111">
    <p class='ocr_par' dir='ltr' id='par_1_81' title="bbox 2088 2033 3677 2111">
     <span class='ocr_line' id='line_1_81' title="bbox 2088 2033 3677 2111; baseline -0.013 -4"><span class='ocrx_word' id='word_1_618' title='bbox 2088 2054 2148 2107; x_wconf 84' lang='grc' dir='ltr'>δέ</span> <span class='ocrx_word' id='word_1_619' title='bbox 2176 2052 2246 2106; x_wconf 87' lang='grc' dir='ltr'>τὰ</span> <span class='ocrx_word' id='word_1_620' title='bbox 2273 2050 2493 2106; x_wconf 78' lang='grc' dir='ltr'>ἐναντία</span> <span class='ocrx_word' id='word_1_621' title='bbox 2511 2049 2831 2109; x_wconf 85' lang='grc' dir='ltr'>ἀκούσεται,</span> <span class='ocrx_word' id='word_1_622' title='bbox 2864 2041 3096 2111; x_wconf 83' lang='grc' dir='ltr'>Πονηρὲ</span> <span class='ocrx_word' id='word_1_623' title='bbox 3114 2040 3299 2095; x_wconf 81' lang='grc' dir='ltr'>δοῦλε</span> <span class='ocrx_word' id='word_1_624' title='bbox 3320 2039 3417 2092; x_wconf 83' lang='grc' dir='ltr'>καί</span> <span class='ocrx_word' id='word_1_625' title='bbox 3437 2033 3677 2103; x_wconf 70' lang='grc' dir='ltr'>ὀκνηρέο</span> 
     </span>
    </p>
   </div>
   <div class='ocr_carea' id='block_1_82' title="bbox 2092 2124 3682 2208">
    <p class='ocr_par' dir='ltr' id='par_1_82' title="bbox 2092 2124 3682 2208">
     <span class='ocr_line' id='line_1_82' title="bbox 2092 2124 3682 2208; baseline -0.014 -9"><span class='ocrx_word' id='word_1_626' title='bbox 2092 2146 2186 2199; x_wconf 74' lang='grc' dir='ltr'>καὶ</span> <span class='ocrx_word' id='word_1_627' title='bbox 2221 2143 2406 2208; x_wconf 89' lang='grc' dir='ltr'>πάλιν,</span> <span class='ocrx_word' id='word_1_628' title='bbox 2462 2139 2610 2195; x_wconf 78' lang='grc' dir='ltr'>Οὐαὶ</span> <span class='ocrx_word' id='word_1_629' title='bbox 2661 2140 2715 2193; x_wconf 88' lang='grc' dir='ltr'>οἰ</span> <span class='ocrx_word' id='word_1_630' title='bbox 2762 2130 3353 2196; x_wconf 75' lang='grc' dir='ltr'>κατασπαταλῶντες</span> <span class='ocrx_word' id='word_1_631' title='bbox 3402 2127 3502 2182; x_wconf 81' lang='grc' dir='ltr'>ἐπὶ</span> <span class='ocrx_word' id='word_1_632' title='bbox 3551 2124 3682 2190; x_wconf 81' lang='grc' dir='ltr'>ταῖς</span> 
     </span>
    </p>
   </div>
   <div class='ocr_carea' id='block_1_83' title="bbox 2092 2215 3689 2306">
    <p class='ocr_par' dir='ltr' id='par_1_83' title="bbox 2092 2215 3689 2306">
     <span class='ocr_line' id='line_1_83' title="bbox 2092 2215 3689 2306; baseline -0.015 -14"><span class='ocrx_word' id='word_1_633' title='bbox 2092 2233 2435 2306; x_wconf 78' lang='grc' dir='ltr'>στρωμναῖς</span> <span class='ocrx_word' id='word_1_634' title='bbox 2467 2229 2689 2296; x_wconf 82' lang='grc' dir='ltr'>αὐτῶν,</span> <span class='ocrx_word' id='word_1_635' title='bbox 2717 2229 2814 2283; x_wconf 77' lang='grc' dir='ltr'>καὶ</span> <span class='ocrx_word' id='word_1_636' title='bbox 2837 2231 2891 2282; x_wconf 79' lang='grc' dir='ltr'>οἱ</span> <span class='ocrx_word' id='word_1_637' title='bbox 2912 2223 3310 2288; x_wconf 69' lang='grc' dir='ltr'>καθεύδοντες</span> <span class='ocrx_word' id='word_1_638' title='bbox 3333 2220 3431 2274; x_wconf 76' lang='grc' dir='ltr'>ἐπὶ</span> <span class='ocrx_word' id='word_1_639' title='bbox 3459 2215 3689 2273; x_wconf 60' lang='grc' dir='ltr'>κλινῶν</span> 
     </span>
    </p>
   </div>
   <div class='ocr_carea' id='block_1_84' title="bbox 2093 2304 3686 2398">
    <p class='ocr_par' dir='ltr' id='par_1_84' title="bbox 2093 2304 3686 2398">
     <span class='ocr_line' id='line_1_84' title="bbox 2093 2304 3686 2398; baseline -0.014 -15"><span class='ocrx_word' id='word_1_640' title='bbox 2093 2304 2529 2398; x_wconf 73' lang='grc' dir='ltr'>ἐλεφαντίνων,</span> <span class='ocrx_word' id='word_1_641' title='bbox 2551 2325 2605 2376; x_wconf 79' lang='grc' dir='ltr'>οἱ</span> <span class='ocrx_word' id='word_1_642' title='bbox 2629 2322 2914 2385; x_wconf 80' lang='grc' dir='ltr'>πίνοντες</span> <span class='ocrx_word' id='word_1_643' title='bbox 2934 2317 3041 2372; x_wconf 84' lang='grc' dir='ltr'>τὸν</span> <span class='ocrx_word' id='word_1_644' title='bbox 3070 2312 3468 2383; x_wconf 70' lang='grc' dir='ltr'>διυλισμένον</span> <span class='ocrx_word' id='word_1_645' title='bbox 3492 2304 3686 2370; x_wconf 75' lang='grc' dir='ltr'>οἶνον,</span> 
     </span>
    </p>
   </div>
   <div class='ocr_carea' id='block_1_85' title="bbox 2095 2401 3688 2492">
    <p class='ocr_par' dir='ltr' id='par_1_85' title="bbox 2095 2401 3688 2492">
     <span class='ocr_line' id='line_1_85' title="bbox 2095 2401 3688 2492; baseline -0.017 -14"><span class='ocrx_word' id='word_1_646' title='bbox 2095 2424 2191 2478; x_wconf 76' lang='grc' dir='ltr'>καὶ</span> <span class='ocrx_word' id='word_1_647' title='bbox 2231 2421 2300 2476; x_wconf 85' lang='grc' dir='ltr'>τὰ</span> <span class='ocrx_word' id='word_1_648' title='bbox 2335 2418 2530 2492; x_wconf 89' lang='grc' dir='ltr'>πρῶτα</span> <span class='ocrx_word' id='word_1_649' title='bbox 2569 2415 2718 2489; x_wconf 87' lang='grc' dir='ltr'>μύρα</span> <span class='ocrx_word' id='word_1_650' title='bbox 2773 2413 3076 2485; x_wconf 89' lang='grc' dir='ltr'>χριόμενοι,</span> <span class='ocrx_word' id='word_1_651' title='bbox 3134 2409 3210 2472; x_wconf 89' lang='grc' dir='ltr'>ὼς</span> <span class='ocrx_word' id='word_1_652' title='bbox 3257 2405 3470 2460; x_wconf 87' lang='grc' dir='ltr'>έστῶτα</span> <span class='ocrx_word' id='word_1_653' title='bbox 3507 2401 3688 2468; x_wconf 66' lang='grc' dir='ltr'>ἐλογί-</span> 
     </span>
    </p>
   </div>
   <div class='ocr_carea' id='block_1_86' title="bbox 2100 2493 3688 2582">
    <p class='ocr_par' dir='ltr' id='par_1_86' title="bbox 2100 2493 3688 2582">
     <span class='ocr_line' id='line_1_86' title="bbox 2100 2493 3688 2582; baseline -0.017 -10"><span class='ocrx_word' id='word_1_654' title='bbox 2100 2533 2285 2580; x_wconf 93' lang='grc' dir='ltr'>σαντο,</span> <span class='ocrx_word' id='word_1_655' title='bbox 2328 2515 2424 2569; x_wconf 71' lang='grc' dir='ltr'>καὶ</span> <span class='ocrx_word' id='word_1_656' title='bbox 2451 2512 2548 2582; x_wconf 92' lang='grc' dir='ltr'>οὐχ</span> <span class='ocrx_word' id='word_1_657' title='bbox 2573 2511 2650 2574; x_wconf 83' lang='grc' dir='ltr'>ὡς</span> <span class='ocrx_word' id='word_1_658' title='bbox 2676 2510 2968 2580; x_wconf 88' lang='grc' dir='ltr'>φεύγοντα.</span> <span class='ocrx_word' id='word_1_659' title='bbox 3005 2503 3192 2558; x_wconf 87' lang='grc' dir='ltr'>Ταῦτα</span> <span class='ocrx_word' id='word_1_660' title='bbox 3216 2502 3348 2572; x_wconf 84' lang='grc' dir='ltr'>ἡμῖν</span> <span class='ocrx_word' id='word_1_661' title='bbox 3374 2497 3472 2567; x_wconf 92' lang='grc' dir='ltr'>οὐχ</span> <span class='ocrx_word' id='word_1_662' title='bbox 3502 2493 3688 2556; x_wconf 86' lang='grc' dir='ltr'>ἁπλῶς</span> 
     </span>
    </p>
   </div>
   <div class='ocr_carea' id='block_1_87' title="bbox 2098 2586 3687 2684">
    <p class='ocr_par' dir='ltr' id='par_1_87' title="bbox 2098 2586 3687 2684">
     <span class='ocr_line' id='line_1_87' title="bbox 2098 2586 3687 2684; baseline -0.019 -19"><span class='ocrx_word' id='word_1_663' title='bbox 2098 2612 2336 2684; x_wconf 83' lang='grc' dir='ltr'>εἴρηται,</span> <span class='ocrx_word' id='word_1_664' title='bbox 2369 2604 2486 2659; x_wconf 86' lang='grc' dir='ltr'>ἀλλ’</span> <span class='ocrx_word' id='word_1_665' title='bbox 2537 2603 2680 2656; x_wconf 83' lang='grc' dir='ltr'>ὥστε</span> <span class='ocrx_word' id='word_1_666' title='bbox 2733 2599 3048 2672; x_wconf 85' lang='grc' dir='ltr'>μεταθεῖναι</span> <span class='ocrx_word' id='word_1_667' title='bbox 3100 2592 3255 2664; x_wconf 86' lang='grc' dir='ltr'>ὐμῶν</span> <span class='ocrx_word' id='word_1_668' title='bbox 3304 2591 3404 2661; x_wconf 82' lang='grc' dir='ltr'>τὴν</span> <span class='ocrx_word' id='word_1_669' title='bbox 3437 2586 3687 2658; x_wconf 83' lang='grc' dir='ltr'>γνώμην,</span> 
     </span>
    </p>
   </div>
   <div class='ocr_carea' id='block_1_88' title="bbox 2099 2677 3689 2773">
    <p class='ocr_par' dir='ltr' id='par_1_88' title="bbox 2099 2677 3689 2773">
     <span class='ocr_line' id='line_1_88' title="bbox 2099 2677 3689 2773; baseline -0.019 -14"><span class='ocrx_word' id='word_1_670' title='bbox 2099 2677 2220 2759; x_wconf 34' lang='grc' dir='ltr'>καὶ-</span> <span class='ocrx_word' id='word_1_671' title='bbox 2248 2699 2417 2773; x_wconf 80' lang='grc' dir='ltr'>μηδὲν</span> <span class='ocrx_word' id='word_1_672' title='bbox 2446 2698 2592 2767; x_wconf 83' lang='grc' dir='ltr'>ὑμᾶς</span> <span class='ocrx_word' id='word_1_673' title='bbox 2625 2691 2854 2765; x_wconf 76' lang='grc' dir='ltr'>ἀκερδὲς</span> <span class='ocrx_word' id='word_1_674' title='bbox 2885 2690 3082 2742; x_wconf 86' lang='grc' dir='ltr'>ποιεῖν.</span> <span class='ocrx_word' id='word_1_675' title='bbox 3130 2684 3194 2739; x_wconf 88' lang='grc' dir='ltr'>Τί</span> <span class='ocrx_word' id='word_1_676' title='bbox 3233 2679 3348 2748; x_wconf 81' lang='grc' dir='ltr'>οὖν,</span> <span class='ocrx_word' id='word_1_677' title='bbox 3395 2679 3552 2750; x_wconf 73' lang='grc' dir='ltr'>φησί,</span> <span class='ocrx_word' id='word_1_678' title='bbox 3587 2677 3689 2731; x_wconf 82' lang='grc' dir='ltr'>κᾶν</span> 
     </span>
    </p>
   </div>
   <div class='ocr_carea' id='block_1_89' title="bbox 2098 2771 3690 2854">
    <p class='ocr_par' dir='ltr' id='par_1_89' title="bbox 2098 2771 3690 2854">
     <span class='ocr_line' id='line_1_89' title="bbox 2098 2771 3690 2854; baseline -0.017 -4"><span class='ocrx_word' id='word_1_679' title='bbox 2098 2796 2274 2851; x_wconf 88' lang='grc' dir='ltr'>ταῦτα</span> <span class='ocrx_word' id='word_1_680' title='bbox 2300 2792 2529 2845; x_wconf 76' lang='grc' dir='ltr'>κάκεῖνα</span> <span class='ocrx_word' id='word_1_681' title='bbox 2553 2785 2693 2842; x_wconf 80' lang='grc' dir='ltr'>ποιῶ</span> <span class='ocrx_word' id='word_1_682' title='bbox 2712 2803 2728 2854; x_wconf 87' lang='grc'><strong>;</strong></span> <span class='ocrx_word' id='word_1_683' title='bbox 2751 2783 2928 2847; x_wconf 83' lang='grc' dir='ltr'>Πολὺς</span> <span class='ocrx_word' id='word_1_684' title='bbox 2953 2775 3108 2840; x_wconf 65' lang='grc' dir='ltr'>οὗτος</span> <span class='ocrx_word' id='word_1_685' title='bbox 3131 2780 3159 2831; x_wconf 88' lang='lat'>6</span> <span class='ocrx_word' id='word_1_686' title='bbox 3180 2776 3338 2845; x_wconf 87' lang='grc' dir='ltr'>λόγος</span> <span class='ocrx_word' id='word_1_687' title='bbox 3356 2772 3510 2844; x_wconf 82' lang='grc' dir='ltr'>παρὰ</span> <span class='ocrx_word' id='word_1_688' title='bbox 3531 2771 3690 2824; x_wconf 80' lang='grc' dir='ltr'>πᾶσι.</span> 
     </span>
    </p>
   </div>
   <div class='ocr_carea' id='block_1_90' title="bbox 2101 2857 3690 2947">
    <p class='ocr_par' dir='ltr' id='par_1_90' title="bbox 2101 2857 3690 2947">
     <span class='ocr_line' id='line_1_90' title="bbox 2101 2857 3690 2947; baseline -0.021 -6"><span class='ocrx_word' id='word_1_689' title='bbox 2101 2887 2216 2942; x_wconf 75' lang='grc' dir='ltr'>Καὶ</span> <span class='ocrx_word' id='word_1_690' title='bbox 2250 2882 2381 2937; x_wconf 87' lang='grc' dir='ltr'>ποία</span> <span class='ocrx_word' id='word_1_691' title='bbox 2411 2879 2652 2947; x_wconf 84' lang='grc' dir='ltr'>ἀνάγκη,</span> <span class='ocrx_word' id='word_1_692' title='bbox 2689 2873 2810 2929; x_wconf 86' lang='grc' dir='ltr'>εἰπέ</span> <span class='ocrx_word' id='word_1_693' title='bbox 2863 2889 2976 2943; x_wconf 88' lang='grc' dir='ltr'>μοι,</span> <span class='ocrx_word' id='word_1_694' title='bbox 3010 2868 3130 2935; x_wconf 74' lang='grc' dir='ltr'>ἐξὸν</span> <span class='ocrx_word' id='word_1_695' title='bbox 3182 2864 3361 2918; x_wconf 87' lang='grc' dir='ltr'>πάντα</span> <span class='ocrx_word' id='word_1_696' title='bbox 3405 2857 3690 2931; x_wconf 86' lang='grc' dir='ltr'>χρησίμως</span> 
     </span>
    </p>
   </div>
   <div class='ocr_carea' id='block_1_91' title="bbox 2103 2948 3691 3041">
    <p class='ocr_par' dir='ltr' id='par_1_91' title="bbox 2103 2948 3691 3041">
     <span class='ocr_line' id='line_1_91' title="bbox 2103 2948 3691 3041; baseline -0.02 -11"><span class='ocrx_word' id='word_1_697' title='bbox 2103 2977 2300 3038; x_wconf 85' lang='grc' dir='ltr'>ποιεῖν,</span> <span class='ocrx_word' id='word_1_698' title='bbox 2329 2971 2581 3041; x_wconf 89' lang='grc' dir='ltr'>διαιρεῖν,</span> <span class='ocrx_word' id='word_1_699' title='bbox 2604 2967 2698 3020; x_wconf 74' lang='grc' dir='ltr'>καὶ</span> <span class='ocrx_word' id='word_1_700' title='bbox 2733 2964 2799 3016; x_wconf 77' lang='grc' dir='ltr'>τὰ</span> <span class='ocrx_word' id='word_1_701' title='bbox 2833 2961 2932 3033; x_wconf 86' lang='grc' dir='ltr'>μὲν</span> <span class='ocrx_word' id='word_1_702' title='bbox 2981 2960 3056 3030; x_wconf 79' lang='grc' dir='ltr'>μὴ</span> <span class='ocrx_word' id='word_1_703' title='bbox 3093 2957 3254 3028; x_wconf 91' lang='grc' dir='ltr'>μόνον</span> <span class='ocrx_word' id='word_1_704' title='bbox 3278 2955 3357 3016; x_wconf 90' lang='grc' dir='ltr'>εἰς</span> <span class='ocrx_word' id='word_1_705' title='bbox 3378 2951 3529 3005; x_wconf 80' lang='grc' dir='ltr'>οὐδὲν</span> <span class='ocrx_word' id='word_1_706' title='bbox 3548 2948 3691 3010; x_wconf 85' lang='grc' dir='ltr'>δέον,</span> 
     </span>
    </p>
   </div>
   <div class='ocr_carea' id='block_1_92' title="bbox 2102 3038 3692 3130">
    <p class='ocr_par' dir='ltr' id='par_1_92' title="bbox 2102 3038 3692 3130">
     <span class='ocr_line' id='line_1_92' title="bbox 2102 3038 3692 3130; baseline -0.02 -8"><span class='ocrx_word' id='word_1_707' title='bbox 2102 3066 2239 3122; x_wconf 85' lang='grc' dir='ltr'>ἀλλὰ</span> <span class='ocrx_word' id='word_1_708' title='bbox 2285 3063 2384 3119; x_wconf 76' lang='grc' dir='ltr'>καὶ</span> <span class='ocrx_word' id='word_1_709' title='bbox 2433 3038 2560 3130; x_wconf 85' lang='grc' dir='ltr'>εἰκῆ</span> <span class='ocrx_word' id='word_1_710' title='bbox 2587 3055 2926 3118; x_wconf 84' lang='grc' dir='ltr'>ἀναλίσκειν,</span> <span class='ocrx_word' id='word_1_711' title='bbox 2980 3051 3051 3104; x_wconf 85' lang='grc' dir='ltr'>τὰ.</span> <span class='ocrx_word' id='word_1_712' title='bbox 3103 3049 3161 3102; x_wconf 82' lang='grc' dir='ltr'>δὲ</span> <span class='ocrx_word' id='word_1_713' title='bbox 3197 3044 3518 3120; x_wconf 78' lang='grc' dir='ltr'>χρησίμωςς</span> <span class='ocrx_word' id='word_1_714' title='bbox 3555 3038 3692 3093; x_wconf 83' lang='grc' dir='ltr'>Εἰπέ</span> 
     </span>
    </p>
   </div>
   <div class='ocr_carea' id='block_1_93' title="bbox 2111 3136 3693 3232">
    <p class='ocr_par' dir='ltr' id='par_1_93' title="bbox 2111 3136 3693 3232">
     <span class='ocr_line' id='line_1_93' title="bbox 2111 3136 3693 3232; baseline -0.013 -18"><span class='ocrx_word' id='word_1_715' title='bbox 2111 3178 2224 3232; x_wconf 88' lang='grc' dir='ltr'>μοι,</span> <span class='ocrx_word' id='word_1_716' title='bbox 2254 3159 2303 3212; x_wconf 91' lang='grc' dir='ltr'>εἰ</span> <span class='ocrx_word' id='word_1_717' title='bbox 2337 3154 2576 3224; x_wconf 88' lang='grc' dir='ltr'>σπείρων</span> <span class='ocrx_word' id='word_1_718' title='bbox 2606 3150 2676 3204; x_wconf 82' lang='grc' dir='ltr'>τὰ</span> <span class='ocrx_word' id='word_1_719' title='bbox 2717 3149 2815 3220; x_wconf 75' lang='grc' dir='ltr'>μέν</span> <span class='ocrx_word' id='word_1_720' title='bbox 2839 3148 2919 3210; x_wconf 89' lang='grc' dir='ltr'>εἰς</span> <span class='ocrx_word' id='word_1_721' title='bbox 2964 3140 3116 3216; x_wconf 72' lang='grc'><strong>[552]</strong></span> <span class='ocrx_word' id='word_1_722' title='bbox 3151 3142 3359 3209; x_wconf 87' lang='grc' dir='ltr'>πέτραν</span> <span class='ocrx_word' id='word_1_723' title='bbox 3411 3136 3693 3232; x_wconf 59' lang='grc' dir='ltr'>ἕρῤιπτεςς</span> 
     </span>
    </p>
   </div>
   <div class='ocr_carea' id='block_1_94' title="bbox 2105 3221 3692 3317">
    <p class='ocr_par' dir='ltr' id='par_1_94' title="bbox 2105 3221 3692 3317">
     <span class='ocr_line' id='line_1_94' title="bbox 2105 3221 3692 3317; baseline -0.021 -11"><span class='ocrx_word' id='word_1_724' title='bbox 2105 3221 2176 3307; x_wconf 77' lang='grc' dir='ltr'>τὰ</span> <span class='ocrx_word' id='word_1_725' title='bbox 2207 3221 2264 3304; x_wconf 82' lang='grc' dir='ltr'>δὲ</span> <span class='ocrx_word' id='word_1_726' title='bbox 2287 3249 2367 3312; x_wconf 91' lang='grc' dir='ltr'>εἰς</span> <span class='ocrx_word' id='word_1_727' title='bbox 2396 3221 2498 3317; x_wconf 80' lang='grc' dir='ltr'>γῆν</span> <span class='ocrx_word' id='word_1_728' title='bbox 2529 3243 2782 3316; x_wconf 87' lang='grc' dir='ltr'>ἀρίστην,</span> <span class='ocrx_word' id='word_1_729' title='bbox 2813 3235 2924 3310; x_wconf 82' lang='grc' dir='ltr'>ἆρα</span> <span class='ocrx_word' id='word_1_730' title='bbox 2953 3236 3018 3290; x_wconf 83' lang='grc' dir='ltr'>ἀν</span> <span class='ocrx_word' id='word_1_731' title='bbox 3052 3229 3343 3304; x_wconf 83' lang='grc' dir='ltr'>ἀπέχρησέ</span> <span class='ocrx_word' id='word_1_732' title='bbox 3379 3244 3463 3280; x_wconf 90' lang='grc' dir='ltr'>σοι</span> <span class='ocrx_word' id='word_1_733' title='bbox 3510 3221 3692 3317; x_wconf 81' lang='grc' dir='ltr'>τοῦτο,</span> 
     </span>
    </p>
   </div>
   <div class='ocr_carea' id='block_1_95' title="bbox 2107 3315 3702 3406">
    <p class='ocr_par' dir='ltr' id='par_1_95' title="bbox 2107 3315 3702 3406">
     <span class='ocr_line' id='line_1_95' title="bbox 2107 3315 3702 3406; baseline -0.021 -6"><span class='ocrx_word' id='word_1_734' title='bbox 2107 3347 2204 3400; x_wconf 72' lang='grc' dir='ltr'>καὶ</span> <span class='ocrx_word' id='word_1_735' title='bbox 2229 3339 2386 3406; x_wconf 83' lang='grc' dir='ltr'>εῐπες</span> <span class='ocrx_word' id='word_1_736' title='bbox 2408 3315 2486 3394; x_wconf 73' lang='grc' dir='ltr'>ἀν</span> <span class='ocrx_word' id='word_1_737' title='bbox 2507 3355 2521 3369; x_wconf 76' lang='grc' dir='ltr'><strong><em>ο</em></strong></span> <span class='ocrx_word' id='word_1_738' title='bbox 2556 3315 2624 3391; x_wconf 82' lang='grc' dir='ltr'>Τί</span> <span class='ocrx_word' id='word_1_739' title='bbox 2666 3335 2778 3405; x_wconf 83' lang='grc' dir='ltr'>γὰρ</span> <span class='ocrx_word' id='word_1_740' title='bbox 2811 3333 3063 3404; x_wconf 84' lang='grc' dir='ltr'>βλάπτει,</span> <span class='ocrx_word' id='word_1_741' title='bbox 3104 3326 3171 3381; x_wconf 81' lang='grc' dir='ltr'>ἂν</span> <span class='ocrx_word' id='word_1_742' title='bbox 3219 3323 3290 3378; x_wconf 84' lang='grc' dir='ltr'>τὰ</span> <span class='ocrx_word' id='word_1_743' title='bbox 3325 3320 3426 3392; x_wconf 79' lang='grc' dir='ltr'>μὲν</span> <span class='ocrx_word' id='word_1_744' title='bbox 3459 3318 3604 3386; x_wconf 78' lang='grc' dir='ltr'>εἰκῆ,</span> <span class='ocrx_word' id='word_1_745' title='bbox 3630 3315 3702 3368; x_wconf 67' lang='grc' dir='ltr'>τὰ</span> 
     </span>
    </p>
   </div>
   <div class='ocr_carea' id='block_1_96' title="bbox 2107 3408 3703 3505">
    <p class='ocr_par' dir='ltr' id='par_1_96' title="bbox 2107 3408 3703 3505">
     <span class='ocr_line' id='line_1_96' title="bbox 2107 3408 3703 3505; baseline -0.021 -14"><span class='ocrx_word' id='word_1_746' title='bbox 2107 3438 2166 3492; x_wconf 83' lang='grc' dir='ltr'>δὲ</span> <span class='ocrx_word' id='word_1_747' title='bbox 2192 3436 2272 3500; x_wconf 87' lang='grc' dir='ltr'>εἰς</span> <span class='ocrx_word' id='word_1_748' title='bbox 2303 3431 2538 3505; x_wconf 89' lang='grc' dir='ltr'>ἀρίστην</span> <span class='ocrx_word' id='word_1_749' title='bbox 2571 3429 2676 3497; x_wconf 78' lang='grc' dir='ltr'>γῆν</span> <span class='ocrx_word' id='word_1_750' title='bbox 2718 3425 3007 3497; x_wconf 74' lang='grc' dir='ltr'>ρίψωμενς</span> <span class='ocrx_word' id='word_1_751' title='bbox 3040 3419 3139 3472; x_wconf 75' lang='grc' dir='ltr'>Διὰ</span> <span class='ocrx_word' id='word_1_752' title='bbox 3179 3414 3234 3470; x_wconf 89' lang='grc' dir='ltr'>τί</span> <span class='ocrx_word' id='word_1_753' title='bbox 3267 3414 3376 3483; x_wconf 79' lang='grc' dir='ltr'>γὰρ</span> <span class='ocrx_word' id='word_1_754' title='bbox 3409 3408 3703 3505; x_wconf 25' lang='grc' dir='ltr'>μὴᾼπάντα</span> 
     </span>
    </p>
   </div>
   <div class='ocr_carea' id='block_1_97' title="bbox 2107 3498 3708 3598">
    <p class='ocr_par' dir='ltr' id='par_1_97' title="bbox 2107 3498 3708 3598">
     <span class='ocr_line' id='line_1_97' title="bbox 2107 3498 3708 3598; baseline -0.021 -15"><span class='ocrx_word' id='word_1_755' title='bbox 2107 3531 2190 3594; x_wconf 90' lang='grc' dir='ltr'>εἰς</span> <span class='ocrx_word' id='word_1_756' title='bbox 2231 3498 2504 3598; x_wconf 57' lang='grc' dir='ltr'>ἀρίστηνξ</span> <span class='ocrx_word' id='word_1_757' title='bbox 2541 3521 2630 3574; x_wconf 85' lang='grc' dir='ltr'>διὰ</span> <span class='ocrx_word' id='word_1_758' title='bbox 2673 3519 2726 3572; x_wconf 86' lang='grc' dir='ltr'>τί</span> <span class='ocrx_word' id='word_1_759' title='bbox 2761 3517 2822 3570; x_wconf 85' lang='grc' dir='ltr'>τὸ</span> <span class='ocrx_word' id='word_1_760' title='bbox 2874 3513 3064 3585; x_wconf 84' lang='grc' dir='ltr'>κέρδος</span> <span class='ocrx_word' id='word_1_761' title='bbox 3111 3508 3393 3571; x_wconf 84' lang='grc' dir='ltr'>ἐλαττοῖς;</span> <span class='ocrx_word' id='word_1_762' title='bbox 3445 3501 3566 3556; x_wconf 82' lang='grc' dir='ltr'>Κᾶν</span> <span class='ocrx_word' id='word_1_763' title='bbox 3604 3498 3708 3598; x_wconf 81' lang='grc' dir='ltr'>μὲν</span> 
     </span>
    </p>
   </div>
   <div class='ocr_carea' id='block_1_98' title="bbox 2113 3590 3705 3688">
    <p class='ocr_par' dir='ltr' id='par_1_98' title="bbox 2113 3590 3705 3688">
     <span class='ocr_line' id='line_1_98' title="bbox 2113 3590 3705 3688; baseline -0.022 -13"><span class='ocrx_word' id='word_1_764' title='bbox 2113 3590 2371 3688; x_wconf 71' lang='grc' dir='ltr'>συνάγειν</span> <span class='ocrx_word' id='word_1_765' title='bbox 2398 3590 2511 3670; x_wconf 82' lang='grc' dir='ltr'>δέοι</span> <span class='ocrx_word' id='word_1_766' title='bbox 2543 3612 2650 3683; x_wconf 86' lang='grc' dir='ltr'>χρή</span> <span class='ocrx_word' id='word_1_767' title='bbox 2660 3625 2830 3680; x_wconf 89' lang='grc' dir='ltr'>ματα,</span> <span class='ocrx_word' id='word_1_768' title='bbox 2867 3606 2967 3658; x_wconf 86' lang='grc' dir='ltr'>οὐκ</span> <span class='ocrx_word' id='word_1_769' title='bbox 3001 3605 3148 3674; x_wconf 87' lang='grc' dir='ltr'>ἐρεῖς</span> <span class='ocrx_word' id='word_1_770' title='bbox 3180 3598 3360 3663; x_wconf 89' lang='grc' dir='ltr'>τοῦτο,</span> <span class='ocrx_word' id='word_1_771' title='bbox 3397 3592 3533 3646; x_wconf 88' lang='grc' dir='ltr'>ἀλλά</span> <span class='ocrx_word' id='word_1_772' title='bbox 3563 3590 3705 3688; x_wconf 76' lang='grc' dir='ltr'>πάν-</span> 
     </span>
    </p>
   </div>
   <div class='ocr_carea' id='block_1_99' title="bbox 2111 3681 3708 3775">
    <p class='ocr_par' dir='ltr' id='par_1_99' title="bbox 2111 3681 3708 3775">
     <span class='ocr_line' id='line_1_99' title="bbox 2111 3681 3708 3775; baseline -0.023 -8"><span class='ocrx_word' id='word_1_773' title='bbox 2111 3711 2271 3767; x_wconf 86' lang='grc' dir='ltr'>τοθεν</span> <span class='ocrx_word' id='word_1_774' title='bbox 2299 3707 2579 3775; x_wconf 86' lang='grc' dir='ltr'>συνάγεις,</span> <span class='ocrx_word' id='word_1_775' title='bbox 2615 3701 2734 3755; x_wconf 87' lang='grc' dir='ltr'>ἐκεῖ</span> <span class='ocrx_word' id='word_1_776' title='bbox 2777 3699 2836 3751; x_wconf 87' lang='grc' dir='ltr'>δὲ</span> <span class='ocrx_word' id='word_1_777' title='bbox 2874 3697 3095 3750; x_wconf 74' lang='grc' dir='ltr'>οὐκέτιο</span> <span class='ocrx_word' id='word_1_778' title='bbox 3127 3689 3232 3745; x_wconf 80' lang='grc' dir='ltr'>κᾶν</span> <span class='ocrx_word' id='word_1_779' title='bbox 3276 3685 3544 3748; x_wconf 79' lang='grc' dir='ltr'>δανείζειν</span> <span class='ocrx_word' id='word_1_780' title='bbox 3571 3681 3708 3742; x_wconf 87' lang='grc' dir='ltr'>δέοι,</span> 
     </span>
    </p>
   </div>
   <div class='ocr_carea' id='block_1_100' title="bbox 2113 3775 3711 3874">
    <p class='ocr_par' dir='ltr' id='par_1_100' title="bbox 2113 3775 3711 3874">
     <span class='ocr_line' id='line_1_100' title="bbox 2113 3775 3711 3874; baseline -0.021 -15"><span class='ocrx_word' id='word_1_781' title='bbox 2113 3803 2214 3859; x_wconf 90' lang='grc' dir='ltr'>οὐκ</span> <span class='ocrx_word' id='word_1_782' title='bbox 2253 3801 2401 3874; x_wconf 87' lang='grc' dir='ltr'>ἐρεῖ·</span> <span class='ocrx_word' id='word_1_783' title='bbox 2451 3797 2551 3851; x_wconf 86' lang='grc' dir='ltr'>Διά</span> <span class='ocrx_word' id='word_1_784' title='bbox 2585 3794 2638 3848; x_wconf 92' lang='grc' dir='ltr'>τί</span> <span class='ocrx_word' id='word_1_785' title='bbox 2686 3793 2755 3846; x_wconf 86' lang='grc' dir='ltr'>τὰ</span> <span class='ocrx_word' id='word_1_786' title='bbox 2803 3791 2900 3862; x_wconf 77' lang='grc' dir='ltr'>μὲν</span> <span class='ocrx_word' id='word_1_787' title='bbox 2940 3789 3054 3851; x_wconf 89' lang='grc' dir='ltr'>τοῖς</span> <span class='ocrx_word' id='word_1_788' title='bbox 3105 3783 3353 3855; x_wconf 87' lang='grc' dir='ltr'>ἀπόροις,</span> <span class='ocrx_word' id='word_1_789' title='bbox 3384 3779 3454 3833; x_wconf 82' lang='grc' dir='ltr'>τὰ</span> <span class='ocrx_word' id='word_1_790' title='bbox 3503 3776 3561 3830; x_wconf 84' lang='grc' dir='ltr'>δέ</span> <span class='ocrx_word' id='word_1_791' title='bbox 3591 3775 3711 3836; x_wconf 86' lang='grc' dir='ltr'>τοῖς</span> 
     </span>
    </p>
   </div>
   <div class='ocr_carea' id='block_1_101' title="bbox 2115 3865 3810 3967">
    <p class='ocr_par' dir='ltr' id='par_1_101' title="bbox 2115 3865 3810 3967">
     <span class='ocr_line' id='line_1_101' title="bbox 2115 3865 3810 3967; baseline -0.022 -14"><span class='ocrx_word' id='word_1_792' title='bbox 2115 3865 2376 3967; x_wconf 76' lang='grc' dir='ltr'>εὐπόροις</span> <span class='ocrx_word' id='word_1_793' title='bbox 2422 3891 2690 3960; x_wconf 83' lang='grc' dir='ltr'>δώσομεν,</span> <span class='ocrx_word' id='word_1_794' title='bbox 2743 3883 2883 3940; x_wconf 88' lang='grc' dir='ltr'>ἀλλά</span> <span class='ocrx_word' id='word_1_795' title='bbox 2935 3880 3118 3935; x_wconf 86' lang='grc' dir='ltr'>πάντα</span> <span class='ocrx_word' id='word_1_796' title='bbox 3163 3875 3435 3937; x_wconf 84' lang='grc' dir='ltr'>ἐκείνοις·</span> <span class='ocrx_word' id='word_1_797' title='bbox 3472 3865 3709 3924; x_wconf 82' lang='grc' dir='ltr'>ἐνταῦθα</span> <span class='ocrx_word' id='word_1_798' title='bbox 3805 3879 3810 3884; x_wconf 93' lang='grc'>·</span> 
     </span>
    </p>
   </div>
   <div class='ocr_carea' id='block_1_102' title="bbox 2117 3960 3715 4055">
    <p class='ocr_par' dir='ltr' id='par_1_102' title="bbox 2117 3960 3715 4055">
     <span class='ocr_line' id='line_1_102' title="bbox 2117 3960 3715 4055; baseline -0.02 -11"><span class='ocrx_word' id='word_1_799' title='bbox 2117 3989 2196 4055; x_wconf 85' lang='grc' dir='ltr'>δέ,</span> <span class='ocrx_word' id='word_1_800' title='bbox 2246 3960 2379 4041; x_wconf 73' lang='grc' dir='ltr'>ένθα</span> <span class='ocrx_word' id='word_1_801' title='bbox 2416 3981 2673 4037; x_wconf 91' lang='grc' dir='ltr'>τοσοῦτον</span> <span class='ocrx_word' id='word_1_802' title='bbox 2721 3978 2936 4050; x_wconf 87' lang='grc' dir='ltr'>κέρδος,</span> <span class='ocrx_word' id='word_1_803' title='bbox 2975 3973 3066 4028; x_wconf 85' lang='grc' dir='ltr'>διὰ</span> <span class='ocrx_word' id='word_1_804' title='bbox 3097 3971 3150 4026; x_wconf 89' lang='grc' dir='ltr'>τί</span> <span class='ocrx_word' id='word_1_805' title='bbox 3189 3971 3252 4024; x_wconf 84' lang='grc' dir='ltr'>οὐ</span> <span class='ocrx_word' id='word_1_806' title='bbox 3307 3965 3500 4036; x_wconf 78' lang='grc' dir='ltr'>λογίζῃ</span> <span class='ocrx_word' id='word_1_807' title='bbox 3529 3960 3715 4055; x_wconf 83' lang='grc' dir='ltr'>τοῦτο,</span> 
     </span>
    </p>
   </div>
   <div class='ocr_carea' id='block_1_103' title="bbox 2118 4053 3717 4149">
    <p class='ocr_par' dir='ltr' id='par_1_103' title="bbox 2118 4053 3717 4149">
     <span class='ocr_line' id='line_1_103' title="bbox 2118 4053 3717 4149; baseline -0.02 -13"><span class='ocrx_word' id='word_1_808' title='bbox 2118 4053 2216 4137; x_wconf 76' lang='grc' dir='ltr'>καὶ</span> <span class='ocrx_word' id='word_1_809' title='bbox 2244 4077 2430 4149; x_wconf 81' lang='grc' dir='ltr'>παύση</span> <span class='ocrx_word' id='word_1_810' title='bbox 2451 4073 2585 4130; x_wconf 83' lang='grc' dir='ltr'>ποτέ</span> <span class='ocrx_word' id='word_1_811' title='bbox 2614 4070 2709 4125; x_wconf 89' lang='grc' dir='ltr'>τοῦ</span> <span class='ocrx_word' id='word_1_812' title='bbox 2737 4071 2859 4140; x_wconf 79' lang='grc' dir='ltr'>εἰκῇ</span> <span class='ocrx_word' id='word_1_813' title='bbox 2892 4063 3236 4120; x_wconf 79' lang='grc' dir='ltr'>δαπανᾶσθαι</span> <span class='ocrx_word' id='word_1_814' title='bbox 3257 4060 3350 4114; x_wconf 76' lang='grc' dir='ltr'>καί</span> <span class='ocrx_word' id='word_1_815' title='bbox 3377 4058 3553 4129; x_wconf 86' lang='grc' dir='ltr'>μάτην</span> <span class='ocrx_word' id='word_1_816' title='bbox 3581 4053 3717 4107; x_wconf 62' lang='grc' dir='ltr'>ἀνα»</span> 
     </span>
    </p>
   </div>
   <div class='ocr_carea' id='block_1_104' title="bbox 2119 4147 3716 4239">
    <p class='ocr_par' dir='ltr' id='par_1_104' title="bbox 2119 4147 3716 4239">
     <span class='ocr_line' id='line_1_104' title="bbox 2119 4147 3716 4239; baseline -0.02 -11"><span class='ocrx_word' id='word_1_817' title='bbox 2119 4174 2329 4228; x_wconf 90' lang='grc' dir='ltr'>λίσκειν</span> <span class='ocrx_word' id='word_1_818' title='bbox 2355 4188 2373 4239; x_wconf 87' lang='grc'>;</span> <span class='ocrx_word' id='word_1_819' title='bbox 2405 4147 2549 4222; x_wconf 65' lang='grc' dir='ltr'>Ἃλλ⁹</span> <span class='ocrx_word' id='word_1_820' title='bbox 2597 4165 2712 4235; x_wconf 77' lang='grc' dir='ltr'>ἔχει</span> <span class='ocrx_word' id='word_1_821' title='bbox 2746 4161 2844 4216; x_wconf 74' lang='grc' dir='ltr'>καὶ</span> <span class='ocrx_word' id='word_1_822' title='bbox 2896 4159 3056 4214; x_wconf 83' lang='grc' dir='ltr'>τοῦτο</span> <span class='ocrx_word' id='word_1_823' title='bbox 3087 4154 3298 4225; x_wconf 87' lang='grc' dir='ltr'>κέρδος.</span> <span class='ocrx_word' id='word_1_824' title='bbox 3341 4149 3495 4221; x_wconf 87' lang='grc' dir='ltr'>φησί.</span> <span class='ocrx_word' id='word_1_825' title='bbox 3527 4147 3716 4239; x_wconf 77' lang='grc' dir='ltr'>Ποῖον,</span> 
     </span>
    </p>
   </div>
   <div class='ocr_carea' id='block_1_105' title="bbox 2122 4237 3712 4338">
    <p class='ocr_par' dir='ltr' id='par_1_105' title="bbox 2122 4237 3712 4338">
     <span class='ocr_line' id='line_1_105' title="bbox 2122 4237 3712 4338; baseline -0.024 -14"><span class='ocrx_word' id='word_1_826' title='bbox 2122 4267 2246 4324; x_wconf 88' lang='grc' dir='ltr'>εἰπέ</span> <span class='ocrx_word' id='word_1_827' title='bbox 2277 4237 2368 4338; x_wconf 81' lang='grc' dir='ltr'>μοι</span> <span class='ocrx_word' id='word_1_828' title='bbox 2386 4307 2399 4329; x_wconf 95' lang='grc'>,</span> <span class='ocrx_word' id='word_1_829' title='bbox 2426 4262 2538 4324; x_wconf 86' lang='grc' dir='ltr'>Τὰς</span> <span class='ocrx_word' id='word_1_830' title='bbox 2563 4257 2747 4330; x_wconf 84' lang='grc' dir='ltr'>φιλίας</span> <span class='ocrx_word' id='word_1_831' title='bbox 2775 4252 2952 4320; x_wconf 78' lang='grc' dir='ltr'>αῦξει.</span> <span class='ocrx_word' id='word_1_832' title='bbox 2980 4249 3147 4303; x_wconf 84' lang='grc' dir='ltr'>Οὐδὲν</span> <span class='ocrx_word' id='word_1_833' title='bbox 3177 4242 3482 4314; x_wconf 82' lang='grc' dir='ltr'>ἀνθρώπων</span> <span class='ocrx_word' id='word_1_834' title='bbox 3507 4237 3712 4338; x_wconf 66' lang='grc' dir='ltr'>ψυχρό-</span> 
     </span>
    </p>
   </div>
   <div class='ocr_carea' id='block_1_106' title="bbox 2121 4327 3714 4438">
    <p class='ocr_par' dir='ltr' id='par_1_106' title="bbox 2121 4327 3714 4438">
     <span class='ocr_line' id='line_1_106' title="bbox 2121 4327 3714 4438; baseline -0.026 -18"><span class='ocrx_word' id='word_1_835' title='bbox 2121 4327 2290 4438; x_wconf 44' lang='grc' dir='ltr'>τερον.</span> <span class='ocrx_word' id='word_1_836' title='bbox 2312 4327 2423 4415; x_wconf 85' lang='grc' dir='ltr'>ἀπὸ</span> <span class='ocrx_word' id='word_1_837' title='bbox 2445 4327 2651 4409; x_wconf 85' lang='grc' dir='ltr'>τούτων</span> <span class='ocrx_word' id='word_1_838' title='bbox 2685 4347 2855 4420; x_wconf 85' lang='grc' dir='ltr'>φίλων</span> <span class='ocrx_word' id='word_1_839' title='bbox 2884 4341 3207 4415; x_wconf 89' lang='grc' dir='ltr'>γινομένων,</span> <span class='ocrx_word' id='word_1_840' title='bbox 3239 4335 3350 4392; x_wconf 79' lang='grc' dir='ltr'>ἀπὸ</span> <span class='ocrx_word' id='word_1_841' title='bbox 3376 4333 3477 4404; x_wconf 80' lang='grc' dir='ltr'>τῆς</span> <span class='ocrx_word' id='word_1_842' title='bbox 3505 4327 3714 4438; x_wconf 69' lang='grc' dir='ltr'>τραπέ-</span> 
     </span>
    </p>
   </div>
   <div class='ocr_carea' id='block_1_107' title="bbox 2125 4421 3725 4529">
    <p class='ocr_par' dir='ltr' id='par_1_107' title="bbox 2125 4421 3725 4529">
     <span class='ocr_line' id='line_1_107' title="bbox 2125 4421 3725 4529; baseline -0.027 -15"><span class='ocrx_word' id='word_1_843' title='bbox 2125 4421 2227 4529; x_wconf 66' lang='grc' dir='ltr'>ζης</span> <span class='ocrx_word' id='word_1_844' title='bbox 2272 4454 2368 4509; x_wconf 72' lang='grc' dir='ltr'>καὶ</span> <span class='ocrx_word' id='word_1_845' title='bbox 2418 4446 2740 4519; x_wconf 79' lang='grc' dir='ltr'>πλησμονῆς</span> <span class='ocrx_word' id='word_1_846' title='bbox 2783 4440 2893 4494; x_wconf 88' lang='grc' dir='ltr'>τῶν</span> <span class='ocrx_word' id='word_1_847' title='bbox 2933 4433 3256 4508; x_wconf 87' lang='grc' dir='ltr'>παρασίτων</span> <span class='ocrx_word' id='word_1_848' title='bbox 3281 4447 3295 4462; x_wconf 87' lang='grc'><strong>·</strong></span> <span class='ocrx_word' id='word_1_849' title='bbox 3336 4427 3489 4483; x_wconf 85' lang='grc' dir='ltr'>οὐδὲν</span> <span class='ocrx_word' id='word_1_850' title='bbox 3533 4421 3725 4494; x_wconf 83' lang='grc' dir='ltr'>φιλίας</span> 
     </span>
    </p>
   </div>
   <div class='ocr_carea' id='block_1_108' title="bbox 2126 4515 3724 4622">
    <p class='ocr_par' dir='ltr' id='par_1_108' title="bbox 2126 4515 3724 4622">
     <span class='ocr_line' id='line_1_108' title="bbox 2126 4515 3724 4622; baseline -0.024 -17"><span class='ocrx_word' id='word_1_851' title='bbox 2126 4515 2454 4622; x_wconf 68' lang='grc' dir='ltr'>ἀηδέστερον</span> <span class='ocrx_word' id='word_1_852' title='bbox 2501 4515 2752 4595; x_wconf 78' lang='grc' dir='ltr'>ἐντεῦθεν</span> <span class='ocrx_word' id='word_1_853' title='bbox 2787 4534 2888 4604; x_wconf 82' lang='grc' dir='ltr'>τὴν</span> <span class='ocrx_word' id='word_1_854' title='bbox 2942 4527 3117 4602; x_wconf 74' lang='grc' dir='ltr'>ἀρχὴν</span> <span class='ocrx_word' id='word_1_855' title='bbox 3160 4519 3572 4596; x_wconf 88' lang='grc' dir='ltr'>λαμϐανούσης.</span> <span class='ocrx_word' id='word_1_856' title='bbox 3623 4515 3724 4584; x_wconf 77' lang='grc' dir='ltr'>Μὴ</span> 
     </span>
    </p>
   </div>
   <div class='ocr_carea' id='block_1_109' title="bbox 2048 4612 3715 4714">
    <p class='ocr_par' dir='ltr' id='par_1_109' title="bbox 2048 4612 3715 4714">
     <span class='ocr_line' id='line_1_109' title="bbox 2048 4612 3715 4714; baseline -0.025 -12"><span class='ocrx_word' id='word_1_857' title='bbox 2048 4699 2050 4702; x_wconf 76' lang='grc'>,</span> <span class='ocrx_word' id='word_1_858' title='bbox 2129 4612 2376 4714; x_wconf 42' lang='grc' dir='ltr'>ὑϐρίσῃς-</span> <span class='ocrx_word' id='word_1_859' title='bbox 2413 4636 2646 4708; x_wconf 77' lang='grc' dir='ltr'>πρᾶγμα</span> <span class='ocrx_word' id='word_1_860' title='bbox 2692 4629 2842 4714; x_wconf 73' lang='grc' dir='ltr'>οὓτω</span> <span class='ocrx_word' id='word_1_861' title='bbox 2905 4621 3256 4694; x_wconf 84' lang='grc' dir='ltr'>θαυμαστὸν,</span> <span class='ocrx_word' id='word_1_862' title='bbox 3314 4616 3413 4714; x_wconf 72' lang='grc' dir='ltr'>τὴν</span> <span class='ocrx_word' id='word_1_863' title='bbox 3471 4612 3715 4714; x_wconf 38' lang='grc' dir='ltr'>όιγὲιέιτηνἶ</span> 
     </span>
    </p>
   </div>
   <div class='ocr_carea' id='block_1_110' title="bbox 2135 4699 3723 4808">
    <p class='ocr_par' dir='ltr' id='par_1_110' title="bbox 2135 4699 3723 4808">
     <span class='ocr_line' id='line_1_110' title="bbox 2135 4699 3723 4808; baseline -0.026 -19"><span class='ocrx_word' id='word_1_864' title='bbox 2135 4699 2271 4808; x_wconf 72' lang='grc' dir='ltr'>μηδὲ</span> <span class='ocrx_word' id='word_1_865' title='bbox 2303 4699 2519 4799; x_wconf 66' lang='grc' dir='ltr'>⁸ταύτην</span> <span class='ocrx_word' id='word_1_866' title='bbox 2541 4699 2552 4704; x_wconf 32' lang='grc'>⁷</span> <span class='ocrx_word' id='word_1_867' title='bbox 2571 4699 2750 4793; x_wconf 30' lang='grc' dir='ltr'>*αὐτῆς</span> <span class='ocrx_word' id='word_1_868' title='bbox 2796 4713 2936 4772; x_wconf 74' lang='grc' dir='ltr'>εἶναι</span> <span class='ocrx_word' id='word_1_869' title='bbox 2970 4713 3126 4788; x_wconf 74' lang='grc' dir='ltr'>ῥίζαν</span> <span class='ocrx_word' id='word_1_870' title='bbox 3171 4709 3298 4780; x_wconf 83' lang='grc' dir='ltr'>φῄς.</span> <span class='ocrx_word' id='word_1_871' title='bbox 3338 4707 3552 4808; x_wconf 40' lang='lat' dir='ltr'>&quot;(lla-nep</span> <span class='ocrx_word' id='word_1_872' title='bbox 3572 4699 3638 4752; x_wconf 84' lang='grc' dir='ltr'>ἃν</span> <span class='ocrx_word' id='word_1_873' title='bbox 3659 4699 3723 4806; x_wconf 64' lang='grc' dir='ltr'>Ιεἰ</span> 
     </span>
    </p>
   </div>
   <div class='ocr_carea' id='block_1_111' title="bbox 2129 4789 3725 4893">
    <p class='ocr_par' dir='ltr' id='par_1_111' title="bbox 2129 4789 3725 4893">
     <span class='ocr_line' id='line_1_111' title="bbox 2129 4789 3725 4893; baseline -0.025 -14"><span class='ocrx_word' id='word_1_874' title='bbox 2129 4789 2212 4889; x_wconf 69' lang='grc' dir='ltr'>τις</span> <span class='ocrx_word' id='word_1_875' title='bbox 2241 4789 2818 4893; x_wconf 34' lang='grc' dir='ltr'>δένδρουχρυσὸν-καὶ</span> <span class='ocrx_word' id='word_1_876' title='bbox 2847 4807 3030 4868; x_wconf 90' lang='grc' dir='ltr'>λίθους</span> <span class='ocrx_word' id='word_1_877' title='bbox 3072 4801 3289 4893; x_wconf 88' lang='grc' dir='ltr'>τιμίους</span> <span class='ocrx_word' id='word_1_878' title='bbox 3334 4795 3599 4893; x_wconf 70' lang='grc' dir='ltr'>φέροντος</span> <span class='ocrx_word' id='word_1_879' title='bbox 3614 4789 3725 4893; x_wconf 41' lang='grc' dir='ltr'>’τὴν</span> 
     </span>
    </p>
   </div>
   <div class='ocr_carea' id='block_1_112' title="bbox 2135 4883 3725 4988">
    <p class='ocr_par' dir='ltr' id='par_1_112' title="bbox 2135 4883 3725 4988">
     <span class='ocr_line' id='line_1_112' title="bbox 2135 4883 3725 4988; baseline -0.023 -19"><span class='ocrx_word' id='word_1_880' title='bbox 2135 4883 2290 4988; x_wconf 61' lang='grc' dir='ltr'>ῥίξαν</span> <span class='ocrx_word' id='word_1_881' title='bbox 2319 4883 2440 4981; x_wconf 75' lang='grc' dir='ltr'>οὐχὶ</span> <span class='ocrx_word' id='word_1_882' title='bbox 2461 4883 2718 4975; x_wconf 72' lang='grc' dir='ltr'>τοιαύτην</span> <span class='ocrx_word' id='word_1_883' title='bbox 2743 4902 2928 4969; x_wconf 81' lang='grc' dir='ltr'>έλεγεν</span> <span class='ocrx_word' id='word_1_884' title='bbox 2953 4893 3114 4958; x_wconf 82' lang='grc' dir='ltr'>εἶναι,</span> <span class='ocrx_word' id='word_1_885' title='bbox 3137 4892 3252 4946; x_wconf 89' lang='grc' dir='ltr'>ἀλλ’</span> <span class='ocrx_word' id='word_1_886' title='bbox 3283 4887 3392 4942; x_wconf 84' lang='grc' dir='ltr'>ἀπὸ</span> <span class='ocrx_word' id='word_1_887' title='bbox 3423 4883 3725 4988; x_wconf 63' lang='grc' dir='ltr'>σηπεδόνος</span> 
     </span>
    </p>
   </div>
   <div class='ocr_carea' id='block_1_113' title="bbox 2132 4972 3723 5060">
    <p class='ocr_par' dir='ltr' id='par_1_113' title="bbox 2132 4972 3723 5060">
     <span class='ocr_line' id='line_1_113' title="bbox 2132 4972 3723 5060; baseline -0.025 1"><span class='ocrx_word' id='word_1_888' title='bbox 2132 5003 2460 5060; x_wconf 88' lang='grc' dir='ltr'>τίκτεσθαι·</span> <span class='ocrx_word' id='word_1_889' title='bbox 2513 4999 2672 5052; x_wconf 89' lang='grc' dir='ltr'>τοῦτο</span> <span class='ocrx_word' id='word_1_890' title='bbox 2723 4993 2819 5048; x_wconf 80' lang='grc' dir='ltr'>καὶ</span> <span class='ocrx_word' id='word_1_891' title='bbox 2867 4990 2932 5043; x_wconf 83' lang='grc' dir='ltr'>σὺ</span> <span class='ocrx_word' id='word_1_892' title='bbox 2981 4988 3154 5048; x_wconf 84' lang='grc' dir='ltr'>ποιεῖς</span> <span class='ocrx_word' id='word_1_893' title='bbox 3182 5000 3200 5015; x_wconf 85' lang='grc'><strong>·</strong></span> <span class='ocrx_word' id='word_1_894' title='bbox 3242 4979 3346 5034; x_wconf 78' lang='grc' dir='ltr'>κᾶν</span> <span class='ocrx_word' id='word_1_895' title='bbox 3395 4977 3506 5047; x_wconf 89' lang='grc' dir='ltr'>γάρ</span> <span class='ocrx_word' id='word_1_896' title='bbox 3557 4972 3723 5042; x_wconf 80' lang='grc' dir='ltr'>τεχθῇ</span> 
     </span>
    </p>
   </div>
   <div class='ocr_carea' id='block_1_114' title="bbox 2135 5065 3726 5166">
    <p class='ocr_par' dir='ltr' id='par_1_114' title="bbox 2135 5065 3726 5166">
     <span class='ocr_line' id='line_1_114' title="bbox 2135 5065 3726 5166; baseline -0.022 -15"><span class='ocrx_word' id='word_1_897' title='bbox 2135 5097 2290 5166; x_wconf 90' lang='grc' dir='ltr'>φιλία</span> <span class='ocrx_word' id='word_1_898' title='bbox 2319 5089 2592 5153; x_wconf 85' lang='grc' dir='ltr'>ἐντεῦθεν,</span> <span class='ocrx_word' id='word_1_899' title='bbox 2633 5085 2784 5140; x_wconf 77' lang='grc' dir='ltr'>οὐδὲν</span> <span class='ocrx_word' id='word_1_900' title='bbox 2826 5080 2998 5149; x_wconf 77' lang='grc' dir='ltr'>αὐτῆς</span> <span class='ocrx_word' id='word_1_901' title='bbox 3038 5074 3377 5148; x_wconf 77' lang='grc' dir='ltr'>ψυχρότερον</span> <span class='ocrx_word' id='word_1_902' title='bbox 3408 5065 3602 5166; x_wconf 76' lang='grc' dir='ltr'>γένοιτ’</span> <span class='ocrx_word' id='word_1_903' title='bbox 3637 5065 3726 5166; x_wconf 42' lang='grc' dir='ltr'>ᾰὶί.</span> 
     </span>
    </p>
   </div>
   <div class='ocr_carea' id='block_1_115' title="bbox 2149 5155 3731 5249">
    <p class='ocr_par' dir='ltr' id='par_1_115' title="bbox 2149 5155 3731 5249">
     <span class='ocr_line' id='line_1_115' title="bbox 2149 5155 3731 5249; baseline -0.023 -7"><span class='ocrx_word' id='word_1_904' title='bbox 2149 5186 2292 5242; x_wconf 86' lang='grc' dir='ltr'>Ἀλλ’</span> <span class='ocrx_word' id='word_1_905' title='bbox 2321 5184 2529 5237; x_wconf 86' lang='grc' dir='ltr'>ἐκεῖναι</span> <span class='ocrx_word' id='word_1_906' title='bbox 2557 5181 2614 5232; x_wconf 87' lang='grc' dir='ltr'>αἱ</span> <span class='ocrx_word' id='word_1_907' title='bbox 2632 5173 2903 5249; x_wconf 79' lang='grc' dir='ltr'>τράπεζαι</span> <span class='ocrx_word' id='word_1_908' title='bbox 2929 5169 3112 5241; x_wconf 87' lang='grc' dir='ltr'>φιλίαν</span> <span class='ocrx_word' id='word_1_909' title='bbox 3141 5165 3410 5225; x_wconf 90' lang='grc' dir='ltr'>ποιοῦσιν,</span> <span class='ocrx_word' id='word_1_910' title='bbox 3438 5158 3562 5230; x_wconf 67' lang='grc' dir='ltr'>οὐχὶ</span> <span class='ocrx_word' id='word_1_911' title='bbox 3592 5155 3731 5226; x_wconf 81' lang='grc' dir='ltr'>πρὸς</span> 
     </span>
    </p>
   </div>
   <div class='ocr_carea' id='block_1_116' title="bbox 2141 5253 3726 5347">
    <p class='ocr_par' dir='ltr' id='par_1_116' title="bbox 2141 5253 3726 5347">
     <span class='ocr_line' id='line_1_116' title="bbox 2141 5253 3726 5347; baseline -0.023 -11"><span class='ocrx_word' id='word_1_912' title='bbox 2141 5276 2486 5347; x_wconf 80' lang='grc' dir='ltr'>ἀνθρώπους.</span> <span class='ocrx_word' id='word_1_913' title='bbox 2519 5272 2658 5327; x_wconf 86' lang='grc' dir='ltr'>ἀλλὰ</span> <span class='ocrx_word' id='word_1_914' title='bbox 2690 5269 2827 5341; x_wconf 85' lang='grc' dir='ltr'>πρὸς</span> <span class='ocrx_word' id='word_1_915' title='bbox 2860 5265 2950 5320; x_wconf 82' lang='grc' dir='ltr'>τὸν</span> <span class='ocrx_word' id='word_1_916' title='bbox 2984 5263 3141 5327; x_wconf 82' lang='grc' dir='ltr'>Θεὸν,</span> <span class='ocrx_word' id='word_1_917' title='bbox 3177 5260 3272 5314; x_wconf 73' lang='grc' dir='ltr'>καὶ</span> <span class='ocrx_word' id='word_1_918' title='bbox 3299 5253 3726 5322; x_wconf 62' lang='grc' dir='ltr'>ἐπιτεταμένην,</span> 
     </span>
    </p>
   </div>
   <div class='ocr_carea' id='block_1_117' title="bbox 2139 5349 3730 5441">
    <p class='ocr_par' dir='ltr' id='par_1_117' title="bbox 2139 5349 3730 5441">
     <span class='ocr_line' id='line_1_117' title="bbox 2139 5349 3730 5441; baseline -0.02 -9"><span class='ocrx_word' id='word_1_919' title='bbox 2139 5380 2271 5434; x_wconf 83' lang='grc' dir='ltr'>ὃταν</span> <span class='ocrx_word' id='word_1_920' title='bbox 2324 5369 2718 5441; x_wconf 86' lang='grc' dir='ltr'>ἐπιτεταμέναι</span> <span class='ocrx_word' id='word_1_921' title='bbox 2753 5367 3038 5437; x_wconf 88' lang='grc' dir='ltr'>γίνωνται.</span> <span class='ocrx_word' id='word_1_922' title='bbox 3103 5362 3162 5414; x_wconf 85' lang='lat'>&#39;0</span> <span class='ocrx_word' id='word_1_923' title='bbox 3214 5359 3318 5429; x_wconf 88' lang='grc' dir='ltr'>μέν</span> <span class='ocrx_word' id='word_1_924' title='bbox 3369 5354 3480 5424; x_wconf 87' lang='grc' dir='ltr'>γὰρ</span> <span class='ocrx_word' id='word_1_925' title='bbox 3510 5352 3578 5405; x_wconf 87' lang='grc' dir='ltr'>τά</span> <span class='ocrx_word' id='word_1_926' title='bbox 3631 5349 3730 5419; x_wconf 79' lang='grc' dir='ltr'>μὲν</span> 
     </span>
    </p>
   </div>
   <div class='ocr_carea' id='block_1_118' title="bbox 2143 5442 3731 5530">
    <p class='ocr_par' dir='ltr' id='par_1_118' title="bbox 2143 5442 3731 5530">
     <span class='ocr_line' id='line_1_118' title="bbox 2143 5442 3731 5530; baseline -0.02 -6"><span class='ocrx_word' id='word_1_927' title='bbox 2143 5466 2403 5530; x_wconf 88' lang='grc' dir='ltr'>ἐνταῦθα,</span> <span class='ocrx_word' id='word_1_928' title='bbox 2442 5465 2514 5519; x_wconf 89' lang='grc' dir='ltr'>τά</span> <span class='ocrx_word' id='word_1_929' title='bbox 2557 5463 2616 5516; x_wconf 85' lang='grc' dir='ltr'>δὲ</span> <span class='ocrx_word' id='word_1_930' title='bbox 2649 5463 2770 5515; x_wconf 76' lang='grc' dir='ltr'>ἐκεῖ</span> <span class='ocrx_word' id='word_1_931' title='bbox 2797 5455 3235 5526; x_wconf 86' lang='grc' dir='ltr'>καταναλίσκων,</span> <span class='ocrx_word' id='word_1_932' title='bbox 3277 5449 3384 5504; x_wconf 76' lang='grc' dir='ltr'>κᾶν</span> <span class='ocrx_word' id='word_1_933' title='bbox 3432 5444 3604 5500; x_wconf 87' lang='grc' dir='ltr'>πολλά</span> <span class='ocrx_word' id='word_1_934' title='bbox 3635 5442 3731 5512; x_wconf 75' lang='grc' dir='ltr'>δῷ,</span> 
     </span>
    </p>
   </div>
   <div class='ocr_carea' id='block_1_119' title="bbox 2144 5535 3735 5631">
    <p class='ocr_par' dir='ltr' id='par_1_119' title="bbox 2144 5535 3735 5631">
     <span class='ocr_line' id='line_1_119' title="bbox 2144 5535 3735 5631; baseline -0.021 -13"><span class='ocrx_word' id='word_1_935' title='bbox 2144 5563 2297 5618; x_wconf 82' lang='grc' dir='ltr'>οὐδὲν</span> <span class='ocrx_word' id='word_1_936' title='bbox 2335 5558 2479 5631; x_wconf 86' lang='grc' dir='ltr'>μέγα</span> <span class='ocrx_word' id='word_1_937' title='bbox 2517 5555 2856 5624; x_wconf 84' lang='grc' dir='ltr'>πεποίηκεν·</span> <span class='ocrx_word' id='word_1_938' title='bbox 2889 5551 2920 5603; x_wconf 85' lang='lat'>6</span> <span class='ocrx_word' id='word_1_939' title='bbox 2948 5549 3005 5602; x_wconf 87' lang='grc' dir='ltr'>δὲ</span> <span class='ocrx_word' id='word_1_940' title='bbox 3052 5547 3231 5601; x_wconf 87' lang='grc' dir='ltr'>πάντα</span> <span class='ocrx_word' id='word_1_941' title='bbox 3271 5539 3504 5596; x_wconf 81' lang='grc' dir='ltr'>ἐνταῦθα</span> <span class='ocrx_word' id='word_1_942' title='bbox 3549 5535 3735 5591; x_wconf 80' lang='grc' dir='ltr'>ἀναλί-</span> 
     </span>
    </p>
   </div>
   <div class='ocr_carea' id='block_1_120' title="bbox 2147 5626 3743 5716">
    <p class='ocr_par' dir='ltr' id='par_1_120' title="bbox 2147 5626 3743 5716">
     <span class='ocr_line' id='line_1_120' title="bbox 2147 5626 3743 5716; baseline -0.019 -7"><span class='ocrx_word' id='word_1_943' title='bbox 2147 5669 2316 5716; x_wconf 89' lang='grc' dir='ltr'>σκων,</span> <span class='ocrx_word' id='word_1_944' title='bbox 2336 5626 2450 5704; x_wconf 40' lang='grc' dir='ltr'>’κᾶν</span> <span class='ocrx_word' id='word_1_945' title='bbox 2483 5648 2640 5715; x_wconf 80' lang='grc' dir='ltr'>ὀλίγα</span> <span class='ocrx_word' id='word_1_946' title='bbox 2669 5642 2916 5705; x_wconf 86' lang='grc' dir='ltr'>δεδωκὼς</span> <span class='ocrx_word' id='word_1_947' title='bbox 2941 5638 2998 5714; x_wconf 83' lang='grc' dir='ltr'>ᾖ,</span> <span class='ocrx_word' id='word_1_948' title='bbox 3047 5639 3107 5692; x_wconf 76' lang='grc' dir='ltr'>τὸ</span> <span class='ocrx_word' id='word_1_949' title='bbox 3151 5638 3261 5691; x_wconf 80' lang='grc' dir='ltr'>πᾶν</span> <span class='ocrx_word' id='word_1_950' title='bbox 3310 5632 3628 5705; x_wconf 84' lang='grc' dir='ltr'>εἰργάσατο.</span> <span class='ocrx_word' id='word_1_951' title='bbox 3662 5626 3743 5680; x_wconf 78' lang='lat' dir='ltr'><em>T6</em></span> 
     </span>
    </p>
   </div>
   <div class='ocr_carea' id='block_1_121' title="bbox 2147 5719 3742 5816">
    <p class='ocr_par' dir='ltr' id='par_1_121' title="bbox 2147 5719 3742 5816">
     <span class='ocr_line' id='line_1_121' title="bbox 2147 5719 3742 5816; baseline -0.018 -18"><span class='ocrx_word' id='word_1_952' title='bbox 2147 5746 2257 5816; x_wconf 77' lang='grc' dir='ltr'>γὰρ</span> <span class='ocrx_word' id='word_1_953' title='bbox 2291 5739 2624 5811; x_wconf 74' lang='grc' dir='ltr'>ζητούμενον</span> <span class='ocrx_word' id='word_1_954' title='bbox 2679 5737 2800 5806; x_wconf 72' lang='grc' dir='ltr'>οὐχὶ</span> <span class='ocrx_word' id='word_1_955' title='bbox 2838 5732 3012 5788; x_wconf 87' lang='grc' dir='ltr'>πολλά</span> <span class='ocrx_word' id='word_1_956' title='bbox 3054 5729 3258 5792; x_wconf 85' lang='grc' dir='ltr'>δοῦναι,</span> <span class='ocrx_word' id='word_1_957' title='bbox 3304 5726 3338 5798; x_wconf 79' lang='grc' dir='ltr'>ἢ</span> <span class='ocrx_word' id='word_1_958' title='bbox 3388 5724 3566 5792; x_wconf 77' lang='grc' dir='ltr'>ὀλίγα,</span> <span class='ocrx_word' id='word_1_959' title='bbox 3600 5719 3742 5779; x_wconf 60' lang='grc' dir='ltr'>ἀλλὰ</span> 
     </span>
    </p>
   </div>
   <div class='ocr_carea' id='block_1_122' title="bbox 2150 5810 3740 5909">
    <p class='ocr_par' dir='ltr' id='par_1_122' title="bbox 2150 5810 3740 5909">
     <span class='ocr_line' id='line_1_122' title="bbox 2150 5810 3740 5909; baseline -0.02 -15"><span class='ocrx_word' id='word_1_960' title='bbox 2150 5810 2248 5909; x_wconf 70' lang='grc' dir='ltr'>τῆς</span> <span class='ocrx_word' id='word_1_961' title='bbox 2271 5810 2480 5895; x_wconf 87' lang='grc' dir='ltr'>οἰκείας</span> <span class='ocrx_word' id='word_1_962' title='bbox 2514 5830 2794 5900; x_wconf 84' lang='grc' dir='ltr'>δυνάμεως</span> <span class='ocrx_word' id='word_1_963' title='bbox 2840 5826 2914 5899; x_wconf 77' lang='grc' dir='ltr'>μὴ</span> <span class='ocrx_word' id='word_1_964' title='bbox 2955 5825 3198 5879; x_wconf 79' lang='grc' dir='ltr'>ἔλαττον.</span> <span class='ocrx_word' id='word_1_965' title='bbox 3230 5816 3533 5888; x_wconf 82' lang='grc' dir='ltr'>Ἐννοῶμεν</span> <span class='ocrx_word' id='word_1_966' title='bbox 3555 5813 3645 5867; x_wconf 82' lang='grc' dir='ltr'>τὸν</span> <span class='ocrx_word' id='word_1_967' title='bbox 3674 5810 3740 5862; x_wconf 71' lang='grc' dir='ltr'>τὰ</span> 
     </span>
    </p>
   </div>
  </div>
