4184 6524
497 377 603 433 309

495 497 655 547 πέντε
690 493 948 560 τάλαντα,
992 497 1084 548 καὶ
1113 495 1206 547 τὸν
1236 496 1306 548 τά
1346 495 1442 549 δύο
1467 511 1483 527 ·
1518 495 1790 565 ἐννοῶμεν
1816 495 1916 567 τὴν
1949 497 2075 557 τοὺς

490 584 586 638 δύο
617 585 839 648 ὀϐολοὺς
861 585 1278 640 καταϐαλοῦσαν
1301 604 1316 618 ·
1345 586 1618 657 ἐννοῶμεν
1649 586 1749 658 τὴν
1780 588 1953 658 χήραν
1975 587 2076 656 τὴν

493 677 585 730 ἐπὶ
623 677 717 730 τοῦ
762 677 934 730 Ἠλία.
967 678 1081 731 Οὐκ
1113 673 1266 731 εἶπεν
1299 678 1485 750 ἐκείνη
1512 681 1546 752 ὴ
1583 679 1706 741 τοὺς
1733 678 1828 733 δύο
1854 678 2076 741 ὀϐολοὺς

492 767 897 822 καταϐαλοῦσα·
933 769 998 822 Τί
1026 768 1135 840 7&9
1157 769 1408 836 βλάπτει,
1427 770 1494 824 ἃν
1525 771 1617 824 τὸν
1648 770 1746 840 μὲν
1773 771 1868 824 ἕνα
1889 769 2074 823 ὀϐολὸν

491 859 703 928 ἐμαυτῇ
751 859 1028 929 κατάσχω,
1076 859 1168 913 τὸν
1213 859 1272 912 δέ
1319 860 1416 913 ἕνα
1459 859 1568 927 δὼς
1603 861 1718 914 ἀλλ’
1745 860 1866 915 ὄλον
1901 861 2073 914 ἔδωκε

491 946 582 1000 τὸν
617 947 752 1017 βίον.
779 949 854 1002 Σὺ
875 948 932 1002 δέ
957 949 1014 1001 ἐν
1046 949 1287 1022 τοσαύτῃ
1315 949 1548 1021 ἀφθονίᾳ
1576 949 1674 1014 ῶν,
1707 951 1925 1024 ἐκείνης
1955 969 2084 1021 φειέ

490 1036 688 1091 δωλότε
699 1055 787 1109 ρος
804 1033 874 1093 εἴ.
902 1040 995 1109 Μὴ
1017 1040 1196 1094 τοίνυν
1218 1041 1514 1111 ἀμελῶμεν
1536 1042 1637 1111 τῆς
1657 1041 1866 1097 ἑαυτῶν
1898 1059 2074 1115 σωτη-

493 1127 638 1198 ρίας,
691 1129 808 1183 ἀλλ’
859 1129 1178 1202 ἐπιθώμεθα
1220 1134 1286 1202 τῇ
1323 1133 1684 1204 ἐλεημοσύνη.
1743 1133 1911 1188 Οὐδὲν
1960 1135 2071 1206 γὰρ

1218 382 1278 436 S.
1317 381 1609 436 JUANMS
1645 377 2141 437 CHRYSOSTOMI
2181 378 2504 442 AHCIIIEP.
2545 381 3090 442 CONSTANTINOP.

3641 387 3749 443 310

2181 495 2389 567 ταύτης
2417 497 2656 567 βέλτιον·
2701 499 2798 552 καὶ
2843 497 3003 564 δείξει
3034 499 3062 550 ὁ
3108 497 3317 567 μέλλων
3357 497 3582 568 χρόνος·
3631 499 3788 561 τέως

2180 585 2237 638 δὲ
2267 588 2361 640 καὶ
2391 589 2420 640 6
2457 587 2652 659 παρὼν
2685 587 2908 654 ἔδειξεν.
2956 588 3046 650 Et;
3080 585 3238 651 δόξαν
3279 586 3463 639 τοίνυν
3496 586 3589 640 τοῦ
3631 587 3767 640 Θεοῦ

2182 677 2460 749 ζήσωμεν,
2514 681 2608 733 καὶ
2649 681 2719 734 τά
2765 679 2913 750 αὐτῷ
2961 677 3222 733 δοκοῦντα
3274 677 3640 749 πράττωμεν,
3681 677 3770 732 ἴνα

2179 769 2610 840 καταξιωθῶμεν
2648 771 2758 822 τῶν
2791 767 3219 840 ἐπηγγελμένων
3257 766 3511 836 ἀγαθῶν·
3553 759 3631 820 ῶν
3669 767 3767 835 γέ·

2177 877 2323 914 νοιτο
2355 860 2564 925 πάντας
2594 862 2742 932 ἡμᾶς
2767 862 3066 931 ἐπιτυχεῖν,
3108 859 3294 930 χάριτι
3326 859 3420 912 καὶ
3458 857 3767 930 φιλανθρωο

2177 951 2280 1023 πίᾳ
2306 951 2402 1006 τοῦ
2437 953 2642 1024 Κυρίου
2677 952 2834 1023 ἡμῶν
2871 951 3046 1020 Ἰησοῦ
3077 949 3337 1022 Χριστοῦ,
3367 942 3413 1017 ᾧ
3436 950 3470 1020 ὴ
3507 949 3638 1016 δόξα
3667 949 3768 1005 καλ⁹

2175 1043 2239 1096 τὸ
2275 1043 2498 1114 κράτος,
2533 1043 2686 1115 τιμὴ,
2719 1042 2815 1098 νῦν
2860 1043 2956 1098 καὶ
2983 1043 3092 1110 ἀεὶ,
3129 1043 3224 1097 καὶ
3258 1043 3339 1106 εἰς
3379 1042 3506 1106 τοὺς
3553 1041 3763 1106 αιῶνας

2179 1134 2290 1189 τῶν
2328 1136 2566 1190 αἰώνων.
2608 1135 2807 1206 Ἀμήν.

1985 1402 2229 1456 ΟΜῙΛΙΔ
2267 1399 2344 1459 B'.

491 1509 1106 1605 [333:]‘616't05tolxa12‘
1130 1513 1298 1605 ἡμεῖς
1325 1515 1426 1605 ἀφ’
1447 1511 1525 1596 ᾗς
1553 1515 1778 1584 ἡμέρας
1798 1517 2069 1605 ἡκούσα-

555 1599 673 1650 μεν
691 1621 704 1645 ,
736 1585 809 1636 οὐ
838 1584 1145 1650 παυόμεθα
1173 1584 1324 1653 ὑπὲρ
1352 1584 1520 1654 ὑμῶν
1555 1588 2030 1656 προσευχόμενοι
2050 1621 2066 1652 ,

564 1651 663 1726 καί
692 1653 1029 1726 αιτορμενοι
1063 1654 1163 1726 ἵνα
1203 1653 1556 1726 πληρωθῆτε
1594 1655 1708 1722 τὴν
1743 1656 2072 1726 ἐπίγνωσιν

560 1721 667 1775 τοῦ
691 1715 1026 1791 θελήματος
1047 1715 1239 1794 αὑτοῦ
1261 1715 1342 1777 ἐνΤ
1356 1715 1526 1794 πάσῃ
1550 1715 1738 1794 σοφίᾳ
1759 1715 1866 1780 καί
1883 1719 2067 1781 συνέ-

560 1805 658 1843 σει
693 1793 1068 1862 πνευματικῇ
1089 1810 1100 1822 ·
1135 1793 1538 1862 περιπατῆσαι
1571 1793 1727 1862 ὑμᾶς
1756 1795 1939 1862 ἀξίως
1962 1796 2070 1850 τοῦ

559 1861 780 1936 Κυρίου
821 1863 905 1928 εἰς
945 1862 1151 1936 πᾶσαν
1188 1861 1541 1936 ἀρέσκειαν,
1567 1861 1656 1936 ίέν
1696 1861 1874 1919 παντὶ
1916 1866 2072 1936 ἔργω

557 1929 766 2013 ἀγαθῷ,
783 1929 1323 2013 καρποφοροῦντες,
1349 1934 1448 1988 καί
1472 1935 1871 2004 αὐξανόμενοι
1897 1929 1966 1990 ἐν
1993 1929 2069 2006 τῆ

556 1997 875 2068 ἐπιγνώσει
905 1997 1013 2057 τοῦ
1043 1997 1210 2057 Θεοῦ.

555 2097 627 2162 α’.
651 2104 753 2161 Διά
775 2105 972 2172 τοῦτο,
993 2110 1173 2175 ποῖον;
1206 2108 1424 2181 Ἐπειδὴ
1442 2109 1753 2182 ἠκούσαμεν
1769 2110 1867 2183 τὴν
1885 2111 2068 2165 πίστιν

487 2191 639 2262 ὑμῶν
665 2193 761 2247 καὶ
782 2194 881 2264 τὴν
912 2195 1136 2267 ἀγάπην
1153 2211 1169 2227 ·
1195 2196 1383 2267 ἐπειδὴ
1415 2199 1656 2268 χρηστὰς
1693 2195 1888 2269 ἔχομεν
1913 2198 2067 2252 ἐλπί-

483 2278 600 2344 δας,
631 2274 910 2345 εὐέλπιδες
935 2282 1101 2353 ἐσμεν
1130 2283 1227 2337 καὶ
1252 2278 1380 2356 περὶ
1407 2283 1516 2336 τῶν
1539 2279 1844 2355 μελλόντων
1873 2287 2065 2340 αἰτεῖν.

485 2367 753 2441 Καθάπερ
813 2372 922 2442 7&9
959 2374 1017 2425 ἐν
1050 2374 1161 2437 τοῖς
1191 2373 1399 2443 ἀγῶσιν
1441 2370 1684 2437 ἐκείνους
1720 2373 1956 2445 μάλιστα
1987 2372 2068 2429 δι-

485 2455 780 2528 εγείρομεν
808 2459 936 2523 τοὺς
960 2459 1126 2528 ἐγγὺς
1149 2456 1310 2526 ὄντας
1337 2461 1436 2528 τῆς
1460 2452 1639 2531 νίκης·
1671 2453 1813 2514 οῦτω
1831 2456 1895 2533 δὴ
1921 2462 2015 2515 καὶ
2039 2458 2068 2516 6

486 2542 697 2607 Παῦλος
736 2544 961 2610 τούτους
1011 2546 1250 2618 μάλιστα
1291 2548 1604 2620 παρακαλεῖ
1630 2549 1758 2613 τοὺς
1799 2547 1861 2603 τὸ
1904 2547 2067 2605 πλέον

484 2631 934 2703 κατωρθωκότας.
978 2629 1104 2704 Ἀφ’
1125 2631 1200 2706 ἧς
1227 2635 1450 2704 ἡμέρας
1473 2637 1848 2707 ἠκούσαμεν,
1875 2637 2062 2708 φησὶν,

481 2719 556 2773 οὐ
581 2719 890 2789 παυόμεθα
923 2721 1074 2789 ὑπὲρ
1101 2720 1271 2792 ὑμῶν
1299 2725 1795 2794 προσευχόμενοι.
1826 2725 1901 2779 Οὐ
1935 2725 2064 2796 μίαν

481 2808 696 2880 ἡμέραν
727 2810 1162 2882 ὑπερευχόμεθα,
1193 2812 1315 2866 οὐδὶ
1339 2812 1452 2879 δύο,
1487 2813 1548 2868 οῦ
1576 2816 1746 2885 τρεῖς.
1795 2813 2064 2869 Ἐνταῦθα

483 2897 579 2949 καὶ
605 2899 704 2968 τὴν
725 2898 946 2969 ἀγάπην
974 2899 1234 2965 δείκνυσι,
1268 2901 1364 2954 καὶ
1392 2901 1579 2972 ἡρέμα
1607 2901 1805 2965 αὐτοὺς
1831 2901 2056 2956 αίνίττεο

482 3000 572 3037 ται
609 2984 682 3048 ὼς
716 2985 928 3039 οὐδέπω
973 2985 1111 3056 πρὸς
1148 2984 1210 3040 τὸ
1251 2987 1403 3051 τέλος
1441 2988 1782 3057 ἐφθακότας·
1819 2988 1882 3041 τὸ
1919 2987 2059 3060 7&9,

483 3070 619 3126 Ἵνα
649 3071 1030 3140 πληρωθῆτε,
1061 3070 1220 3127 τοῦτο
1247 3073 1537 3145 δηλοῦντος
1563 3071 1650 3146 ἦν.
1685 3073 1794 3128 Καὶ
1831 3074 1934 3146 δρα
1973 3091 2062 3146 μοι

483 3157 582 3228 τὴν
609 3157 824 3211 σύνεσιν
851 3157 946 3212 τοῦ
978 3160 1249 3232 μακαρίου
1283 3160 1476 3214 τούτου
1497 3177 1510 3192 ·
1539 3160 1780 3232 οὐδαμοῦ
1804 3161 1900 3214 τοῦ
1927 3179 2063 3216 παν-

482 3245 574 3309 τὸς
589 3245 783 3310 αὐτοὺς
798 3246 1204 3319 ἀπεστερῆσθαί
1229 3266 1414 3318 φησιν,
1438 3247 1574 3303 ἀλλά
1593 3248 1798 3303 λείπειν
1823 3249 2017 3314 αὐτοὺς
2033 3246 2060 3286 δ

484 3333 758 3405 πανταχοῦ
780 3351 793 3365 ·
834 3334 897 3388 τὸ
927 3336 1057 3406 7&9,
1092 3337 1225 3392 Ἵνα
1256 3336 1643 3406 πληρωθῆτε,
1693 3335 1854 3391 τοῦτο
1889 3337 2059 3407 δηλοῖ.

485 3422 594 3475 Καὶ
622 3421 806 3489 πάλιν,
832 3424 936 3489 Εἰς
975 3421 1185 3478 πᾶσαν
1218 3422 1561 3491 ἀρέσκειαν,
1589 3423 1660 3477 ἐν
1691 3423 1872 3478 παντί
1910 3423 2065 3493 ἔργῳ

482 3506 681 3578 ἀγαθῷ
701 3525 717 3540 ·
761 3508 857 3562 καὶ
897 3508 1092 3573 πάλιν,
1149 3509 1253 3565 Ἐν
1285 3509 1454 3579 πάσῃ
1487 3509 1738 3580 δυνάμει
1765 3510 2065 3580 δυναμού-

478 3613 649 3664 μενοι
671 3613 685 3629 ·
720 3597 812 3648 καὶ
841 3597 1024 3660 πάλιν,
1060 3596 1164 3662 Εὶς
1204 3593 1412 3650 πᾶσαν
1449 3597 1768 3666 ὑπομονὴν
1811 3597 1910 3652 καὶ
1945 3617 2060 3667 μα-

483 3683 830 3751 κροθυμίαν.
864 3681 938 3735 Τὸ
965 3681 1095 3754 γάρ,
1123 3681 1336 3737 Πᾶσαν
1353 3720 1369 3745 ,
1395 3681 1799 3756 μαρτυροῦντος
1826 3684 1942 3738 ἐστι
1967 3684 2063 3739 καί

482 3786 536 3822 τι
573 3773 685 3833 τοῖς
726 3768 1112 3840 κατορθοῦσιν,
1155 3769 1202 3821 εί
1251 3768 1347 3823 καὶ
1382 3769 1457 3840 μὴ
1500 3769 1561 3823 τὸ
1607 3771 1736 3824 πᾶν.
1787 3769 1897 3824 Καὶ
1929 3771 2064 3826 Ἵνα

484 3857 840 3926 πληρωθῆτε
861 3899 875 3923 ,
917 3856 1111 3926 φησιν,
1152 3853 1251 3926 οὐχ
1284 3857 1371 3910 ἴνα
1403 3856 1607 3928 λάϐητε
1629 3873 1643 3888 ·
1686 3857 1878 3912 ἔλαϐον
1913 3858 2022 3930 γάρ
2043 3874 2059 3890 ·

483 3944 618 3998 ἀλλὰ
651 3944 714 3998 τὸ
748 3945 936 3998 λεῖπον
969 3944 1058 3997 ἴνα
1085 3943 1434 4016 πληρωθῆτε.
1467 3937 1624 3998 Οῦτω
1658 3945 1755 4000 καὶ
1784 3947 1814 3999 6
1845 3945 2064 4017 ἐλεγχος

483 4031 796 4102 ἀνεπαχθὴς
838 4029 1076 4099 ἐγένετο,
1115 4031 1211 4084 καὶ
1243 4031 1304 4084 τὸ
1340 4030 1617 4101 ἐγκώμιον
1642 4033 1740 4087 οὐκ
1771 4034 1923 4104 ἠφίει
1964 4034 2062 4088 αὐ-

483 4121 609 4183 τοὺς
639 4119 971 4174 καταπεσεῖν
999 4121 1094 4173 καὶ
1117 4117 1371 4188 γενέσθαι
1401 4120 1626 4185 ὑπτίους
1649 4121 1936 4193 ὁλοσχερὲς
1967 4140 2063 4192 γε-

483 4207 729 4278 νόμενον.
763 4208 828 4262 Τί
854 4203 912 4262 δέ
939 4213 1108 4272 ἐστιν,
1143 4209 1277 4264 Ἵνα
1298 4207 1649 4278 πληρωθῆτε
1678 4206 1794 4280 τὴν
1814 4213 2064 4281 ἐπίγνωο

484 4311 591 4350 σιν
618 4295 724 4350 τοῦ
753 4297 1086 4365 θελήματος
1117 4292 1343 4363 αὑτοῦ;
1370 4297 1627 4352 Τουτέστι
1647 4339 1662 4363 ,
1694 4298 1784 4353 διά
1811 4298 1905 4352 τοῦ
1935 4295 2063 4353 Υίοῦ

486 4382 860 4453 προσάγεσθαι
905 4381 1048 4454 ὑμᾶς
1093 4382 1240 4453 αὐτῷ
1276 4382 1416 4454 χρὴ,
1458 4384 1641 4438 οὐκέτι
1679 4385 1747 4439 δι’
1791 4385 2060 4454 ἀγγέλων.

490 4471 610 4523 Ὅτι
643 4469 742 4540 μέν
767 4465 954 4524 οὖνδεῖ
974 4470 1364 4542 προσάγεσθαι,
1391 4471 1592 4540 ἔγνωτε
1613 4487 1626 4501 ·
1650 4471 1827 4525 λείπει
1849 4470 1904 4526 δὲ
1935 4470 2064 4544 ὑμῖν

487 4559 569 4611 ἐτι
600 4557 756 4611 τοῦτο
800 4557 992 4629 μαθεῖν
1023 4560 1118 4612 καὶ
1168 4558 1348 4612 διά’τί
1381 4556 1473 4614 τὸν
1513 4559 1641 4613 Υίδν
1685 4558 1948 4630 ἐπεμψεν.
2001 4561 2063 4614 Εἰ

485 4644 594 4716 7&9
630 4643 698 4698 δι’
748 4643 996 4714 ἀγγέλων
1043 4645 1150 4699 ἔδει
1206 4645 1511 4712 σώζεσθαι,
1546 4646 1647 4698 οὐκ
1676 4645 1744 4700 ἂν
1790 4645 1882 4700 τὸν
1937 4647 2065 4700 Υἱδν

485 4731 751 4803 ἐπεμψεν,
780 4731 880 4786 οὐκ
911 4732 978 4787 ἀν
1005 4732 1289 4799 ἐξέδωκεν.
1335 4733 1433 4788 Ἐν
1467 4733 1637 4804 πάσῃ
1665 4735 1872 4802 σοφίᾳ,
1908 4735 2062 4804 φησὶ,

485 4819 586 4874 καί
625 4819 877 4874 συνέσει
919 4819 1314 4890 πνευματικῇ.
1366 4820 1584 4888 Ἐπειδὴ
1627 4818 1736 4890 γὰρ
1775 4821 1974 4884 αὐτοὺς
2014 4823 2065 4875 οἱ

486 4907 765 4977 φιλόσοφοι
808 4908 1068 4978 ἡπάτων,
1113 4906 1377 4977 βούλομαι
1407 4907 1552 4977 ὑμᾶς
1586 4909 1643 4960 ἐν
1686 4912 2062 4981 πνευματικῇ,

486 4995 644 5066 φησὶ,
677 4995 839 5067 σοφίᾳ
867 4989 1028 5059 εἴναι,
1063 4994 1139 5065 μὴ
1177 4993 1320 5049 κατά
1348 4993 1447 5064 τὴν
1480 4993 1674 5062 σοφίαν
1708 4993 1817 5048 τῶν
1857 4994 2069 5068 ἀνθρώ-

487 5099 625 5138 πων.
657 5083 720 5136 Εἱ
761 5083 820 5137 δέ
856 5080 997 5136 ὥστε
1040 5080 1101 5136 τὸ
1126 5081 1339 5152 θέλημα
1364 5080 1499 5134 Θεοῦ
1533 5080 1724 5152 μαθεῖν
1760 5097 2066 5154 πνευματι-

487 5171 590 5242 κῆς
612 5172 692 5225 δεῖ
711 5172 923 5242 σοφίας,
950 5171 1092 5225 ῶστε
1117 5172 1214 5242 τὴν
1244 5171 1434 5225 οὐσίαν
1455 5171 1509 5224 τί
1541 5171 1712 5238 ἐστιν,
1743 5171 1920 5243 εὐχῶν
1946 5172 2065 5241 6m-

487 5257 682 5314 νεκῶν.
713 5259 822 5313 Καὶ
849 5257 1120 5314 δείκνυσιν
1153 5257 1406 5321 ἐνταῦθα,
1440 5257 1522 5310 ὅτι
1541 5255 1601 5321 ἐξ
1623 5257 1832 5312 ἐκείνου
1863 5259 1892 5311 6
1923 5258 2067 5312 Παῦ-

485 5346 576 5412 λος
605 5348 843 5420 εὔχεται,
878 5351 971 5402 καὶ
995 5347 1210 5401 οὐδέπω
1238 5347 1403 5417 ὴνυσε
1422 5387 1438 5410 ,
1458 5346 1553 5400 καὶ
1584 5346 1686 5399 οὐκ
1717 5347 1926 5416 ἀπέστη
1951 5365 1968 5380 ·
2003 5347 2064 5401 τὸ

486 5435 615 5504 7&9,
651 5434 778 5502 Ἆρ’
806 5429 882 5504 ἧς
909 5433 1132 5503 ἡμέρας
1160 5434 1532 5502 ἠκούσαμεν,
1560 5432 1718 5486 τοῦτο
1752 5433 1920 5503 δηλοῖ.
1947 5433 2063 5487 Καρ

485 5521 753 5590 τάγνωσιν
782 5522 838 5574 δέ
878 5523 1062 5587 αὐτοῖς
1104 5520 1303 5592 πολλὴν
1335 5520 1526 5592 φέρει,
1559 5521 1606 5574 εί
1639 5521 1698 5588 ἐξ
1729 5520 1935 5574 ἐκείνου
1970 5523 2064 5575 καὶ

487 5609 668 5679 εὐχαῖς
714 5608 1069 5681 βοηθούμενοι
1115 5608 1190 5681 μὴ
1231 5609 1603 5680 ἀνεκτήσαντο
1655 5607 1901 5672 ἑαυτούς.
1952 5609 2062 5664 Καὶ

486 5696 847 5764 αίτούμενοι,
879 5697 1031 5768 φησὶ,
1063 5697 1329 5762 τουτέστι,
1367 5695 1506 5768 μετά
1533 5693 1737 5766 πολλῆς
1766 5695 1866 5767 τῆς
1901 5713 2064 5750 σπου-

546 5805 577 5845 ει
602 5804 783 5857 Mavult
805 5807 966 5865 αὐτοῖς
989 5807 1223 5860 Danaus.

2170 1519 2269 1590 δῆς
2291 1534 2306 1550 ·
2349 1516 2507 1574 τοῦτο
2537 1518 2648 1592 γὰρ
2679 1515 2920 1573 δείκνυσι
2955 1517 3036 1582 τὸ,
3077 1518 3358 1585 Ἕγνωτε.
3400 1514 3562 1570 Ἀ).λά
3597 1515 3677 1570 δεῖ
3700 1531 3754 1570 τι

2170 1606 2266 1660 καὶ
2311 1605 2464 1678 [336]
2516 1604 2835 1674 ἐπιγνῶναι.
2895 1607 2999 1672 Είς
3039 1604 3104 1658 τὸ
3146 1601 3550 1672 περιπατῆσαι
3598 1604 3756 1672 ὑμᾶς

2169 1694 2355 1760 ἀξίως
2380 1693 2488 1748 τοῦ
2515 1693 2759 1762 Κυρίου.
2805 1692 3072 1746 Ἐνταῦθα
3095 1692 3224 1761 περὶ
3251 1690 3367 1760 βίου
3401 1691 3495 1743 καὶ
3521 1689 3631 1744 τῶν
3660 1692 3752 1758 E9-

2169 1799 2281 1851 γων
2305 1781 2473 1853 φησί·
2501 1781 2597 1835 καὶ
2623 1781 2733 1852 γάρ
2760 1781 2857 1835 καὶ
2880 1781 3038 1834 τοῦτο
3062 1778 3340 1850 πανταχοῦ
3367 1781 3544 1832 ποιεῖ·
3573 1779 3660 1832 ἀεὶ
3686 1781 3750 1849 τῇ

2169 1870 2350 1924 πίστει
2393 1868 2718 1940 συζεύγνυσι
2766 1869 2867 1939 τὴν
2903 1868 3204 1922 πολιτείαν.
3245 1869 3349 1933 Εις
3385 1866 3594 1921 πᾶσαν
3621 1867 3753 1936 ἀρέ-

2169 1973 2402 2013 σκειαν.
2448 1959 2575 2022 Πῶς
2615 1957 2671 2010 δὲ
2690 2000 2705 2023 ,
2751 1955 2964 2014 Πᾶσαν
3011 1955 3372 2023 ἀρόσκειανξ
3422 1956 3528 2009 Ἑν
3571 1953 3751 2008 παντὶ

2168 2046 2320 2116 ἔργῳ
2356 2043 2557 2116 ἀγαθῷ
2607 2046 3151 2114 καρποφοροῦντες,
3201 2043 3300 2097 καὶ
3350 2042 3755 2112 αὐξανόμενοι

2169 2133 2241 2187 ἐν
2268 2133 2343 2202 τῇ
2367 2133 2689 2204 ἐπιγνώσει
2708 2132 2818 2186 τοῦ
2852 2130 3022 2186 Θεοῦ.
3056 2125 3288 2202 Ὥσπερ,
3323 2131 3510 2200 φησὶν,
3539 2129 3754 2202 ἀθρόως

2170 2221 2298 2292 ὑμῖν
2325 2215 2521 2276 ἐαυτὸν
2550 2220 2890 2289 ἀπεκάλυψε,
2931 2219 3024 2272 καὶ
3051 2217 3242 2285 ῶσπερ
3270 2212 3604 2288 τηλικαύτην
3633 2216 3754 2272 ἐλάο

2169 2308 2292 2361 ϐετε
2333 2307 2566 2378 γνῶσιν,
2604 2303 2746 2360 οὕτω
2773 2306 2866 2359 καὶ
2901 2303 3179 2358 πολιτείαν
3209 2302 3367 2369 ἀξίαν
3412 2302 3750 2374 ἐπιδείξασθε

2167 2397 2268 2466 τῆς
2302 2395 2579 2460 πίστεως·
2617 2394 2862 2465 μεγάλης
2901 2393 3010 2464 7&9
3051 2390 3187 2463 αῦτη
3233 2392 3404 2445 δεῖται
3447 2389 3746 2454 πολιτείας,

2169 2483 2264 2538 καὶ
2312 2482 2493 2554 πολλῷ
2541 2482 2818 2554 μείζονος,
2851 2481 2884 2554 ἢ
2932 2482 2966 2552 ὴ
2997 2479 3223 2536 παλαιά.
3268 2479 3326 2532 '0
3351 2479 3460 2550 7&9
3495 2478 3590 2532 τὸν
3616 2477 3751 2531 Θεδν

2167 2565 2343 2636 εἰδὼς,
2375 2571 2469 2625 καὶ
2492 2567 2585 2623 τοῦ
2624 2567 2761 2623 Θεοῦ
2792 2568 2978 2631 δοῦλος
3005 2564 3145 2621 εἶναι
3179 2565 3572 2630 καταξιωθεὶς,
3607 2563 3747 2636 μᾶλα-

2166 2659 2260 2712 λον
2285 2652 2343 2711 δέ
2368 2655 2461 2711 καὶ
2494 2655 2628 2723 υἱδς,
2668 2654 2770 2727 ὅρα
2801 2657 2934 2726 ὅσης
2966 2655 3138 2708 δεῖται
3180 2654 3403 2726 ἀρετῆς.
3450 2654 3547 2705 Ἑν
3579 2651 3746 2721 πάσῃ

2169 2743 2416 2815 δυνάμει
2442 2740 2899 2814 δυναμούμενοι.
2953 2735 3218 2795 Ἐνταῦθα
3245 2737 3372 2812 περὶ
3406 2739 3514 2792 τῶν
3556 2752 3748 2808 πειρα-

2172 2832 2325 2903 σμῶν
2349 2829 2442 2886 καὶ
2473 2831 2581 2885 τῶν
2606 2829 2862 2901 διωγμῶν
2894 2844 3078 2900 φησιν,
3106 2823 3390 2898 Εὐχόμεθα
3417 2822 3505 2879 ἵνα
3531 2819 3750 2894 πληρωο

2168 2919 2299 2990 θῆτε
2325 2917 2742 2989 δυναμούμενοι,
2770 2916 2912 2970 ῶστε
2947 2913 3024 2987 μὴ
3058 2915 3368 2986 ἀκηδιᾶσαι,
3422 2912 3557 2984 μηδὲ
3613 2907 3748 2964 ἀπο-

2168 2999 2390 3076 γνῶναι.
2433 3009 2592 3062 Κατιι
2629 3005 2694 3058 τὸ
2742 3003 2958 3072 κράτος
3007 2997 3116 3070 τῆς
3141 2999 3326 3069 δόξης
3357 2999 3567 3055 αὑτοῦ.
3597 2999 3744 3062 Ἵνα,

2169 3095 2334 3166 φησὶ,
2364 3094 2620 3163 τοιαύτην
2667 3089 2972 3163 ἀναλάϐητε
3021 3089 3362 3160 προθυμίαν,
3408 3088 3498 3142 οῖα
3544 3088 3747 3157 πρέπει

2167 3186 2233 3254 τῇ
2266 3182 2409 3253 ίσχύῖ
2433 3185 2528 3254 τῆς
2547 3176 2704 3252 δόξης
2734 3179 2899 3234 αὐτοῦ
2929 3179 3130 3234 δοῦναι.
3161 3180 3266 3244 Εἰς
3285 3175 3495 3232 πᾶσαν
3523 3178 3749 3245 ὐπομο⁴

2167 3268 2288 3337 νὴν
2305 3269 2401 3322 καί
2423 3268 2858 3338 μακροθυμίαν.
2891 3268 2955 3320 '0
2979 3265 3146 3333 λέγει,
3180 3263 3421 3318 τοιοῦτόν
3437 3263 3550 3316 ἐστι
3569 3279 3583 3294 ·
3615 3263 3746 3316 Συν-

2166 3356 2352 3428 τόμως
2392 3354 2682 3427 εὐχόμεθα,
2731 3354 2922 3423 φησὶν,
2968 3351 3109 3406 ῶστε
3154 3352 3409 3421 ἐνάρετον
3454 3348 3599 3420 ὑμᾶς
3634 3342 3749 3418 βίον

2171 3446 2318 3515 σχεῖν
2355 3445 2451 3498 καὶ
2478 3443 2574 3513 τῆς
2608 3441 2882 3506 πολιτείας
2909 3439 3086 3506 ἀξιον,
3117 3439 3212 3493 καὶ
3240 3439 3429 3508 στῆναι
3469 3435 3706 3504 βεϐαίως
3727 3476 3745 3502 ,

2167 3531 2244 3596 ὡς
2283 3530 2428 3593 είκδς
2467 3531 2594 3594 τοὺς
2632 3528 2742 3583 ἀπὸ
2780 3527 2917 3582 Θεοῦ
2955 3525 3393 3598 δυναμωθέντας.
3444 3524 3541 3579 Διά
3589 3523 3748 3577 τοῦτο

2167 3618 2305 3682 τέως
2343 3617 2556 3672 οὐδέπω
2607 3617 2840 3670 ἀπτεται
2890 3613 3212 3685 δογμάτων,
3260 3612 3376 3667 ἀλλ’
3415 3613 3474 3666 ἐν
3515 3610 3596 3682 τῷ
3646 3610 3748 3681 βίῳ

2170 3707 2480 3779 στρέφεται,
2515 3703 2643 3760 ἔνθα
2685 3704 2840 3758 οὐδὲν
2865 3700 3008 3773 εἶχεν
3037 3703 3364 3771 ἐγκαλέσαι·
3397 3701 3492 3756 καὶ
3524 3699 3747 3756 ἐπαινέο

2170 3811 2270 3857 σας
2314 3793 2398 3863 ἐφ’
2428 3786 2511 3856 οἷς
2557 3791 2754 3864 ἐχρῆν,
2802 3790 2923 3845 τότε
2973 3789 3228 3860 καθίησιν
3268 3783 3347 3852 είς
3387 3787 3743 3860 κατηγορίαν.

2168 3880 2340 3936 Τοῦτο
2362 3880 2456 3934 καὶ
2478 3878 2752 3949 πανταχοῦ
2781 3879 2925 3931 ποιεῖ
2947 3892 2958 3906 ·
2985 3877 3114 3930 ὅταν
3144 3877 3250 3948 γάρ
3287 3876 3453 3948 μέλλῃ
3473 3875 3585 3929 τισὶ
3607 3875 3744 3944 794i-

2170 3984 2310 4037 φειν,
2333 3966 2473 4037 ἔχων
2499 3965 2599 4037 μέν
2616 3983 2668 4020 τι
2692 3963 2964 4033 ἐγκαλεῖν,
2993 3965 3132 4035 ἔχων
3151 3964 3209 4018 δέ
3236 3964 3330 4018 καί
3357 3980 3409 4015 τι
3438 3963 3743 4027 ἐπαινέσαι,

2166 4054 2433 4124 πρότερον
2475 4054 2718 4118 ἐπαινεῖ,
2767 4053 2864 4106 καὶ
2895 4052 3016 4105 τότε
3050 4050 3304 4122 καθίησιν
3334 4051 3414 4114 εις
3459 4049 3528 4104 τὰ
3557 4049 3748 4119 ἐγκλήι

2168 4157 2334 4211 ματα.
2376 4138 2685 4193 Οίκειοῦται
2732 4139 2842 4210 γὰρ
2885 4138 3149 4212 πρότερον
3177 4137 3268 4191 τὸν
3299 4137 3607 4208 ἀκροατὴν,
3651 4137 3745 4190 καὶ

2163 4227 2262 4298 τὴν
2285 4225 2617 4298 κατηγορίαν
2650 4225 2981 4280 ἀπαλλάττει
3011 4227 3192 4296 πάσης
3228 4224 3485 4292 ὑποψίας,
3519 4223 3614 4278 καὶ
3640 4222 3751 4276 δείς

2166 4331 2354 4368 κνυσιν
2387 4313 2471 4368 ὅτι
2510 4313 2670 4377 αὐτὸς
2702 4314 2800 4383 μὶν
2831 4312 3086 4366 ἐϐοὐλετο
3126 4312 3302 4366 διόλου
3344 4311 3742 4381 ἐγκωμιάζειν,

2167 4401 2270 4454 ὑπὸ
2299 4401 2356 4454 δὲ
2383 4403 2480 4471 τῆς
2507 4400 2751 4470 ἀνάγκης
2771 4400 2852 4465 είς
2872 4399 3092 4462 τούτους
3123 4397 3478 4470 ἐμϐιϐάζεται
3507 4398 3633 4462 τοὺς
3659 4389 3747 4450 λό-

2166 4503 2316 4556 γους.
2371 4486 2540 4540 Τοῦτο
2594 4487 2686 4541 καὶ
2732 4487 2790 4539 ἐν
2839 4489 2905 4557 τῇ
2957 4487 3196 4557 προτέρᾳ
3245 4486 3382 4556 πρὸς
3427 4484 3744 4554 Κορινθίους

2167 4575 2330 4629 ποιεῖ.
2371 4573 2693 4637 Ἐπαινέσας
2729 4573 2834 4644 7&9
2861 4573 3057 4636 αὐτοὺς
3095 4572 3264 4643 μυρία
3305 4573 3382 4636 ὡς
3415 4571 3746 4641 ἀγαπῶντας

2167 4661 2351 4727 αὐτὸν,
2389 4662 2484 4715 καὶ
2512 4661 2620 4716 ἀπὸ
2649 4659 2743 4714 τοῦ
2777 4661 3226 4732 πεπορνευκότος,
3255 4661 3375 4713 τότε
3403 4661 3482 4724 είς
3511 4675 3746 4728 κατηγο-

2170 4749 2290 4821 ρίαν
2317 4743 2590 4818 καθίησιν.
2633 4747 2722 4802 Ἐν
2747 4748 2805 4801 δέ
2835 4750 2901 4818 τῇ
2937 4748 3073 4819 πρὸς
3102 4743 3344 4812 Γαλάτας
3373 4747 3578 4809 οὐκέτι,
3612 4746 3748 4800 ἀλλά

2166 4837 2506 4893 τούναντίον·
2539 4830 2740 4909 μᾶλλον
2769 4831 2826 4891 δέ
2858 4838 2912 4890 εί
2951 4854 3034 4900 τις
3075 4836 3346 4900 ἐξετάσειε
3367 4878 3382 4902 ,
3413 4836 3639 4906 κάκείνη
3689 4837 3748 4902 ἐξ

2167 4926 2392 4981 ἐπαίνου
2420 4924 2453 4997 ὴ
2479 4925 2804 4997 κατηγορία.
2846 4918 3067 4996 Ἐπειδὴ
3104 4924 3214 4996 γὰρ
3245 4924 3424 4978 αὐτῶν
3455 4923 3607 4978 οὐδὲν
3634 4917 3748 4992 εἶχε

2168 5013 2502 5086 κατόρθωμα
2529 5009 2650 5067 τότε
2679 5010 2872 5078 εἰπεῖν,
2903 5014 2996 5066 καὶ
3023 5005 3250 5084 σφοδρὸν
3278 5013 3340 5066 τὸ
3364 5005 3616 5083 ἔγκλημα
3654 5005 3746 5082 ἦν,

2169 5101 2264 5155 καὶ
2290 5101 2487 5165 πάντες
2508 5100 2898 5173 διεφθάρησαν,
2926 5097 3019 5154 καὶ
3044 5100 3230 5173 φέρειν
3245 5099 3509 5170 ὴδῦναντο
3537 5098 3748 5169 ἰσχυροὶ

2169 5190 2352 5253 δντες,
2390 5188 2500 5243 ἀπὸ
2551 5189 2885 5260 κατηγορίας
2915 5189 3141 5258 ἄρχεται
3185 5187 3394 5256 λέγων,
3433 5179 3746 5255 Θαυμάζω·

2169 5276 2310 5329 ῶστε
2338 5274 2616 5329 καὶτοῦτο
2648 5275 2923 5345 ἐγκώμιόν
2957 5277 3124 5328 ἐστιν.
3155 5274 3421 5346 ’Ὕστερον
3453 5270 3509 5326 δὲ
3549 5267 3746 5334 αὐτοὺς

2171 5362 2404 5427 ἐπαινεῖ,
2431 5361 2532 5414 οὐκ
2561 5362 2655 5414 ἐπὶ
2686 5363 2798 5423 τοῖς
2827 5359 3112 5431 παροῦσιν,
3141 5355 3255 5415 ἀλλ’
3281 5357 3374 5414 ἐπὶ
3399 5357 3511 5423 τοῖς
3546 5359 3748 5430 παρελ-

2171 5447 2352 5515 θοῦσι,
2385 5449 2588 5516 λέγων,
2637 5449 2718 5502 ὅτι
2764 5450 2832 5502 El
2879 5448 3172 5512 δυνατὸν,
3218 5447 3363 5515 τοὺς
3396 5445 3746 5516 ὀφθαλμοὺς

2168 5535 2338 5606 ὑμῶν
2363 5536 2758 5604 ἐξορύξαντες
2793 5535 2870 5590 ἂν
2894 5535 3152 5591 ἐδώκατέ
3181 5555 3305 5606 μοι.

2241 5624 2306 5693 β’.
2342 5622 2909 5692 Καρποφοροῦντες,
2955 5623 3117 5693 φησί·
3163 5622 3320 5676 τοῦτο
3365 5623 3493 5693 περὶ
3536 5621 3714 5693 ἔργων

2171 5711 2615 5778 Δυναμούμενοι
2636 5727 2650 5741 ·
2679 5709 2805 5781 περὶ
2837 5708 3156 5782 πειρασμῶν
3184 5709 3360 5764 τοῦτο.
3403 5711 3505 5774 Εις
3535 5707 3744 5764 πᾶσαν

2172 5795 2490 5867 ὑπομονὴν
2539 5796 2635 5850 καὶ
2676 5797 3129 5867 μακροθυμίαν·
3172 5795 3554 5867 μακροθυμίαν
3607 5793 3749 5865 πρὸς
