4184 6484
397 379 506 444 zeli

397 509 532 565 ergo
558 499 800 548 nostram
845 489 1180 562 negligemus
1211 491 1440 546 salutem
1459 533 1471 554 ,
1502 491 1596 545 sed
1623 487 2001 560 aggrediamur

396 587 827 656 eleemosynam.
853 583 995 637 Nihil
1030 592 1114 639 est
1142 584 1285 637 enim
1317 599 1381 638 ca
1426 584 1618 638 melius
1647 592 1702 637 et
1730 589 2002 651 praestan-

395 678 504 730 tius
537 692 552 729 :
587 674 751 745 idque
771 675 1016 730 ostendet
1049 685 1260 744 tempus
1291 674 1556 740 futurum;
1589 673 1803 728 interim
1823 681 2002 726 autem

392 768 813 824 ostenditetiam
832 785 1093 840 praesens.
1123 769 1204 824 Ad
1231 770 1321 824 Dei
1340 784 1470 839 ergo
1497 772 1739 822 vivamus
1755 765 2001 836 gloriam,

392 871 452 916 et
479 876 599 930 qua:
625 861 676 916 ei
709 863 923 932 placent
951 877 1013 916 ea
1039 877 1280 932 agamus,
1312 871 1369 915 ut
1391 861 1534 931 digni
1567 859 1858 914 habeantur
1882 871 2007 926 pro-

1303 377 1371 432 ΙΝ
1409 377 1631 433 EPIST.
1677 375 1768 432 AD
1806 374 2086 431 COLOSS.
2130 372 2280 428 CAP.
2325 376 2366 431 l.
2413 376 2644 433 llOlill..
2692 379 2756 434 ll.

3600 395 3708 449 510

2111 486 2290 542 missis
2321 488 2476 544 bonis
2507 509 2518 543 :
2553 507 2671 561 qua:
2713 493 2868 547 detttr
2917 496 3069 551 nobis
3115 501 3364 555 omnibus
3411 507 3712 575 consequi,

2111 581 2282 648 gratia
2309 593 2361 634 et
2384 581 2714 652 benignitate
2744 585 2956 641 Domini
2982 593 3152 645 nostri
3184 591 3312 647 .lesu
3354 594 3588 659 Christi,
3621 599 3716 652 cui

2111 671 2302 741 gloria,
2329 673 2632 743 imperium,
2657 676 2845 746 honos,
2871 697 3011 737 nunc
3036 694 3090 738 et
3110 699 3343 756 semper,
3367 697 3421 742 et
3441 689 3494 743 iu
3517 690 3713 745 saecula

2112 763 2453 818 saeculorum.
2483 767 2674 822 Amen.

2153 985 3713 1027 __...___._____________________

1802 1059 2153 1124 HOMlLlA
2195 1061 2275 1123 ll.

392 1220 536 1276 Car.
561 1219 612 1273 l.
647 1233 700 1271 v.
735 1217 789 1273 9.
818 1217 947 1273 Ideo
974 1227 1022 1273 et
1051 1235 1143 1272 nos
1173 1235 1236 1273 ea:
1279 1234 1380 1288 qua
1409 1219 1489 1271 die
1519 1215 1806 1268 audivimus
1840 1255 1853 1279 ,
1905 1227 2007 1265 non

466 1328 727 1366 cessamus
751 1328 844 1382 pro
873 1311 1011 1365 vobis
1038 1320 1260 1375 orantes,
1293 1320 1340 1363 et
1367 1309 1680 1380 postulantes
1707 1317 1761 1360 ut
1790 1305 2005 1374 implea-

470 1405 596 1456 mini
631 1404 893 1474 agnitione
923 1402 1195 1456 voluntatis
1223 1402 1335 1470 ejus
1361 1443 1376 1468 ,
1403 1401 1456 1453 in
1485 1400 1623 1453 omni
1662 1397 1913 1467 sapientia
1959 1407 2006 1448 ct

459 1495 725 1550 intellectu
749 1494 1008 1565 spirituali
1038 1509 1056 1546 :
1082 1493 1169 1548 10.
1193 1503 1246 1546 ut
1264 1490 1527 1546 ambuletis
1557 1491 1710 1560 digne
1760 1488 1882 1552 Deo,
1911 1504 2000 1557 per

469 1586 643 1639 omnia
672 1585 928 1655 placentes
953 1627 968 1652 ,
1000 1584 1055 1637 in
1087 1585 1225 1638 omni
1250 1599 1400 1654 opere
1435 1582 1564 1636 bona
1591 1579 1956 1651 [ructiﬁcantes
1979 1619 1996 1647 ,

469 1687 514 1732 et
539 1687 820 1732 crescentes
853 1677 908 1730 in
946 1678 1162 1730 scientia
1190 1675 1304 1730 Dei.

471 1777 524 1831 1.
550 1773 702 1840 Ideo,
738 1773 946 1844 quare?
971 1771 1106 1838 Quia
1137 1771 1440 1826 audivimus
1475 1769 1637 1824 ﬁdem
1667 1774 1903 1824 vestram
1945 1773 2002 1819 et

389 1868 696 1923 caritatem.
727 1867 992 1932 Quoniam
1024 1865 1219 1921 bonum
1251 1881 1403 1935 spem
1432 1864 1615 1930 habet,
1647 1863 1845 1919 bonam
1867 1874 2004 1931 quo-

397 1976 508 2030 que
529 1977 678 2030 spem
708 1960 985 2028 habemus,
1008 1968 1065 2012 ut
1085 1969 1139 2013 et
1166 1958 1234 2014 de
1256 1956 1447 2011 futuris
1473 1957 1826 2026 postulemus.
1850 1952 2001 2008 Sicut

399 2054 546 2108 enim
575 2053 628 2107 in
679 2053 1060 2109 certaminibus
1105 2053 1227 2107 illos
1277 2052 1510 2106 maxime
1548 2050 1876 2111 excitamus,
1910 2044 1998 2116 qui

398 2158 525 2200 sunt
556 2147 839 2216 propinqui
883 2146 1126 2201 victoria:
1159 2165 1172 2200 :
1205 2145 1276 2199 ita
1307 2145 1466 2200 etiam
1496 2143 1694 2198 Paulus
1740 2157 1834 2196 eos
1879 2155 1996 2194 ma-

397 2239 542 2292 xime
573 2241 850 2305 hortatur,
891 2239 1066 2309 quise
1095 2237 1329 2308 amplius
1373 2246 1520 2290 recte
1566 2243 1871 2305 gesserunt.
1915 2230 2001 2286 Ex

397 2349 500 2397 qua
535 2333 648 2396 die,
674 2332 885 2402 inquit,
929 2331 1252 2396 audivimus,
1285 2346 1388 2383 non
1431 2344 1686 2382 cessamus
1735 2342 1826 2396 pro
1860 2325 1998 2378 vobis

391 2433 619 2478 orantes.
643 2423 762 2478 Non
795 2438 959 2477 unum
989 2422 1129 2477 diem
1165 2437 1261 2491 pro
1288 2419 1441 2476 vobis
1464 2434 1704 2486 oramus,
1735 2425 1828 2472 aut
1859 2417 1996 2471 duos

391 2525 483 2568 aut
518 2525 645 2570 tres.
676 2515 773 2569 llic
821 2515 983 2570 etiam
1012 2513 1248 2568 ostendit
1293 2512 1607 2577 caritatem,
1642 2521 1696 2565 et
1741 2507 1994 2579 paulatim

389 2609 698 2663 subindicat
751 2624 847 2662 eos
895 2606 1132 2661 nondum
1181 2605 1496 2676 pervenisse
1535 2603 1605 2658 ad
1648 2602 1808 2656 linem
1847 2600 2020 2656 :hoc.

388 2703 558 2767 enim,
592 2700 660 2757 Ut
685 2699 1018 2771 impleamini,
1049 2699 1154 2754 hoc
1179 2697 1462 2769 signiﬁcat.
1491 2694 1624 2750 Vide
1651 2704 1830 2748 autem
1861 2691 1990 2745 mihi

389 2795 551 2864 hujus
601 2795 745 2850 beati
797 2792 1143 2864 prudentiam
1187 2804 1497 2862 :nusquam
1546 2787 1676 2843 dicit
1735 2800 1828 2841 eos
1879 2793 1992 2838 toto

388 2906 510 2945 esse
543 2891 803 2960 privatos,
837 2885 930 2941 sed
955 2886 1151 2956 ubique
1177 2899 1272 2940 eos
1291 2883 1523 2940 deﬁcere
1556 2900 1571 2937 :
1598 2881 1703 2937 hoc
1728 2880 1994 2950 significat

388 2983 543 3050 illud,
575 2981 642 3037 Ut
668 2980 1005 3050 impleamini.
1040 2979 1108 3033 Et
1131 2993 1338 3046 rursus,
1371 2977 1478 3032 Per
1503 2977 1674 3032 omnia
1703 2974 1984 3046 placentes,

384 3077 442 3129 in
484 3076 623 3129 omni
647 3089 802 3144 opere
830 3073 960 3126 bono
986 3089 1004 3138 ;
1030 3079 1086 3126 et
1115 3071 1339 3136 iterum,
1371 3069 1440 3123 In
1470 3070 1608 3123 omni
1647 3069 1830 3124 virtute
1869 3083 1991 3121 con-

387 3169 566 3234 fortati
589 3184 610 3233 ;
640 3177 694 3223 et
720 3181 929 3233 rursus,
963 3165 1030 3218 In
1058 3165 1199 3218 omni
1230 3164 1476 3234 patientia
1503 3171 1550 3216 et
1578 3163 1986 3233 longanimitate.

385 3260 518 3314 Illud
549 3261 712 3324 enim,
747 3257 925 3325 Omni,
959 3265 1042 3312 est
1063 3257 1179 3327 ejus
1205 3257 1294 3328 qui
1327 3271 1426 3312 suo
1457 3255 1768 3310 testimonio
1790 3252 1988 3323 aliquid

386 3354 577 3408 tribuit
595 3354 657 3407 iis
678 3354 766 3423 qui
796 3369 855 3407 se
883 3361 1030 3406 recte
1054 3359 1274 3420 gerunt,
1301 3349 1511 3404 etiamsi
1541 3363 1646 3403 non
1671 3346 1984 3402 universim.

391 3445 464 3500 Ut
495 3445 820 3515 impleamini,
853 3445 1042 3514 inquit,
1067 3458 1196 3509 non,
1230 3441 1300 3497 Ut
1321 3441 1632 3511 accipiatis;
1662 3447 1990 3509 acceperunt

387 3539 570 3605 enim;
604 3539 697 3595 sed
737 3548 792 3594 ut
835 3536 1163 3608 impleamiui
1189 3551 1254 3590 eo
1277 3534 1418 3606 quod
1442 3533 1596 3588 vobis
1628 3532 1799 3588 deest.
1823 3532 1899 3586 ita
1933 3541 1988 3587 et

386 3633 738 3704 reprehensio
766 3648 876 3687 non
903 3632 1000 3686 luit
1043 3629 1244 3702 gravis,
1280 3643 1380 3683 nec
1421 3627 1549 3681 sinit
1574 3625 1880 3680 eneomium
1929 3632 1986 3677 ut

381 3728 640 3796 dejiciant
666 3730 940 3792 animum,
977 3735 1032 3780 et
1081 3723 1372 3779 reddantur
1415 3720 1620 3791 supini,
1651 3735 1771 3774 cum
1824 3718 1984 3772 fuerit

385 3821 675 3892 integrum.
709 3819 847 3888 Quid
892 3827 974 3874 est
1015 3826 1193 3871 autem
1218 3860 1232 3883 ,
1270 3815 1336 3870 Ut
1364 3814 1677 3886 impleamini
1717 3812 1976 3883 agnitione

381 3915 655 3968 voluntatis
679 3913 832 3983 ejus?
860 3913 914 3966 ld
947 3922 1060 3978 est,
1092 3926 1190 3982 per
1220 3909 1413 3964 Filium
1444 3924 1540 3962 vos
1565 3907 1630 3960 ad
1680 3907 1854 3976 ipsum
1885 3903 1984 3958 ad-

379 4007 504 4062 duci
553 4016 802 4076 oportet,
837 4021 945 4059 non
993 4005 1176 4073 utique
1224 4018 1322 4072 per
1349 4001 1591 4071 angelos.
1616 4000 1794 4069 Atque
1840 3995 1984 4068 quod

376 4110 626 4170 oporteat
659 4100 874 4170 quidem
899 4097 1112 4162 adduci,
1139 4096 1366 4150 novistis
1393 4113 1405 4149 :
1427 4101 1597 4150 restat
1621 4104 1803 4148 autem
1829 4090 1984 4146 vobis

381 4201 439 4245 ut
472 4193 574 4247 hoc
604 4191 846 4257 discatis,
881 4205 978 4244 cur
1004 4189 1214 4243 miserit
1239 4186 1453 4240 Filium.
1489 4185 1544 4240 Si
1576 4185 1718 4240 enim
1751 4198 1851 4253 per
1882 4198 1981 4236 an-

378 4287 531 4355 gelos
574 4300 673 4339 nos
704 4291 983 4354 oporteret
1027 4298 1152 4337 esse
1179 4281 1362 4335 salvos
1389 4322 1402 4344 ,
1449 4296 1557 4333 non
1607 4279 1844 4333 misisset
1883 4289 1984 4330 nec

379 4377 693 4432 tradidisset
720 4377 936 4430 Filium.
965 4374 1030 4429 In
1058 4375 1195 4429 omni
1223 4373 1498 4443 sapientia,
1524 4371 1730 4442 inquit,
1759 4381 1804 4424 et
1828 4369 1983 4422 intel-

377 4469 514 4522 lectu
549 4469 830 4540 spirituali.
867 4467 1000 4522 Nam
1025 4467 1278 4537 quoniam
1309 4467 1458 4534 ipsos
1495 4464 1834 4532 decipiebant
1867 4459 1983 4532 piti-

379 4561 614 4630 losophi,
647 4560 782 4615 Volo
810 4576 924 4626 vos,
952 4561 1144 4630 inquit,
1174 4573 1296 4614 esse
1327 4560 1379 4612 itt
1406 4556 1665 4627 sapientia
1690 4553 1977 4628 spirituali,

377 4671 489 4710 non
535 4655 832 4708 secundum
882 4652 1202 4722 sapientiam
1258 4651 1558 4705 hominum.
1600 4648 1654 4704 Si
1703 4656 1880 4702 autem
1925 4654 1983 4700 ut

377 4745 652 4801 discamus
680 4744 774 4800 Dei
803 4744 1156 4808 voluntatem,
1190 4743 1452 4813 spirituali
1485 4756 1621 4810 opus
1664 4739 1984 4809 est-sapiet»

379 4840 452 4893 tia
478 4855 491 4892 :
519 4848 575 4893 ut
602 4838 837 4893 essentia
868 4836 992 4906 quid
1015 4837 1085 4890 sit
1109 4835 1402 4900 discamus,
1427 4849 1563 4903 opus
1593 4842 1676 4888 est
1708 4831 1981 4886 continuis

379 4931 656 5000 precibus.
683 4931 750 4984 Et
775 4929 864 4983 hic
888 4929 1142 4993 ostendit,
1173 4927 1312 4999 quod
1342 4942 1409 4981 ex
1457 4926 1551 4979 illo
1580 4934 1823 4995 tempore
1864 4931 1983 4978 oret

377 5025 600 5093 Paulus,
629 5034 685 5081 et
711 5024 948 5079 nondum
981 5023 1224 5093 perfecit,
1260 5037 1359 5075 nec
1382 5019 1623 5076 destitit:
1654 5019 1786 5074 illud
1811 5019 1978 5085 enim,

384 5118 465 5174 Ex
480 5135 583 5190 qua
609 5118 694 5172 die
713 5117 1021 5182 audivimus,
1053 5115 1154 5170 hoc
1171 5113 1456 5184 signiﬁcat.
1487 5112 1598 5168 lllis
1619 5121 1800 5168 autem
1823 5112 1981 5168 all'ert

376 5211 884 5268 condemnationem
904 5249 920 5275 ,
949 5210 994 5263 si
1021 5224 1088 5263 ex
1125 5208 1218 5261 illo
1249 5217 1493 5277 tempore
1534 5205 1694 5260 etiam
1725 5207 1980 5276 precibus

374 5305 545 5374 adjuti
565 5347 579 5370 ,
613 5320 672 5360 se
700 5319 807 5358 non
839 5301 1263 5360 emendaverint.
1295 5299 1360 5352 Et
1383 5298 1731 5369 postulantes,
1767 5300 1974 5370 inquit,

378 5396 428 5448 id
458 5405 696 5463 est,cum
725 5411 920 5465 magno
949 5394 1129 5448 studio
1161 5410 1174 5446 :
1205 5393 1305 5446 hoc
1333 5391 1478 5446 enim
1529 5390 1767 5445 ostendit
1807 5390 1935 5444 illud
1959 5432 1974 5457 ,

372 5485 711 5558 Cognosistis.
761 5486 866 5542 Sed
915 5493 1128 5555 Oportet
1175 5485 1337 5539 etiam
1393 5481 1591 5554 aliquid
1659 5497 1976 5553 agnoscere.

380 5577 448 5634 Ut
479 5596 584 5644 vos,
619 5578 812 5648 inquit,
841 5576 1110 5631 ambuletis
1140 5577 1292 5645 digne
1318 5574 1447 5628 Deo.
1484 5575 1579 5628 llic
1607 5574 1675 5629 de
1707 5575 1812 5629 vita
1841 5575 1974 5629 dicit

376 5683 427 5725 et
475 5673 733 5742 operibus
773 5688 786 5723 :
821 5686 946 5724 nam
998 5669 1102 5724 hoc
1148 5685 1362 5739 quoque
1407 5667 1533 5723 facit
1582 5669 1818 5738 ubique;
1851 5668 1975 5724 ﬁdei

375 5779 593 5832 semper
620 5761 900 5833 conjungit
925 5761 1048 5813 vitze
1090 5760 1311 5829 agendae
1342 5761 1628 5814 rationem.
1670 5759 1775 5814 Per
1801 5761 1974 5814 omnia

376 5859 649 5928 placentes.
684 5855 967 5922 Quomodo
1008 5864 1206 5916 autem,
1240 5851 1340 5906 Per
1381 5855 1552 5907 omnia
1582 5854 1878 5924 placentes?
1908 5851 1973 5907 In

697 5963 962 6020 Puncta
1008 5955 1125 6013 Gn.
1176 5953 1368 6015 LXII.

2113 1206 2251 1257 omni
2280 1222 2429 1276 opere
2453 1211 2583 1264 bono
2614 1215 2986 1284 fructiﬁcantes
3011 1261 3024 1286 ,
3058 1231 3106 1275 et
3149 1235 3424 1280 crescentes
3460 1228 3513 1282 in
3558 1235 3706 1301 agni-

2112 1297 2247 1390 tione
2294 1298 2415 1356 Dei.
2448 1302 2599 1358 Sicut
2642 1310 2786 1362 cnim
2829 1327 2888 1366 se
2929 1322 3097 1369 totum
3145 1318 3298 1373 vobis
3328 1297 3630 1390 revelavitv,
3662 1338 3717 1381 et

2111 1400 2248 1443 srcut
2280 1400 2477 1447 tantam
2501 1399 2783 1466 accepiSIis
2824 1404 3184 1473 cognitionem
3218 1427 3231 1460 :
3276 1410 3349 1466 ita
3383 1423 3431 1467 el
3472 1413 3598 1470 vita:
3617 1433 3714 1471 ve-

2110 1490 2235 1536 strze
2256 1483 2643 1544 institutionem
2665 1495 2930 1552 ostendite
2957 1497 3061 1553 ﬁde
3089 1501 3176 1556 illa
3198 1502 3412 1573 dignam
3436 1524 3449 1573 ;
3481 1522 3545 1562 ea
3563 1510 3707 1564 enim

2108 1589 2244 1645 Opus
2298 1578 2458 1634 habet
2504 1598 2695 1655 magna
2739 1589 2861 1644 vita:
2905 1590 3128 1661 agendae
3172 1597 3420 1666 ratione,
3468 1609 3523 1653 et
3551 1601 3712 1672 longe

2107 1667 2298 1737 majori
2328 1685 2485 1740 quant
2516 1684 2688 1732 vetus.
2721 1677 2854 1734 Nam
2882 1682 2972 1752 qui
3004 1683 3172 1740 Deum
3205 1688 3353 1742 novit
3379 1729 3393 1753 ,
3427 1698 3481 1745 et
3509 1667 3706 1763 dignus

2105 1771 2190 1815 cst
2227 1761 2441 1818 habitus
2459 1766 2548 1838 qui
2572 1767 2667 1823 Dei
2691 1781 2836 1826 esset
2862 1788 3072 1843 servus,
3105 1776 3213 1832 imo
3241 1794 3370 1834 vero
3393 1779 3554 1850 ﬁlius,
3575 1761 3709 1839 vide

2105 1864 2302 1923 quanta
2339 1871 2474 1925 opus
2502 1859 2696 1916 habeat
2735 1863 2951 1921 virtute.
2985 1867 3073 1922 11.
3105 1866 3172 1924 In
3203 1873 3341 1925 omni
3365 1873 3548 1929 virtute
3584 1892 3708 1930 con-

2104 1949 2297 2018 fortati.
2326 1949 2423 2006 l—lic
2447 1952 2574 2008 dicit
2603 1953 2670 2010 de
2697 1960 3082 2016 tentatiouibus
3109 1974 3164 2017 et
3191 1967 3660 2034 persecutionibus
3691 1987 3704 2027 :

2103 2040 2332 2096 Oramus
2362 2052 2420 2097 ut
2454 2045 2782 2118 intpleamiui
2828 2053 3194 2121 corroborati,
3243 2071 3310 2111 ne
3343 2061 3659 2127 torpescatis
3684 2103 3701 2128 ,

2103 2149 2277 2204 neque
2315 2136 2555 2193 animum
2611 2140 3012 2212 despondeatis.
3067 2146 3365 2202 Secundum
3425 2153 3704 2221 potentiam

2103 2225 2349 2281 claritatis
2377 2230 2508 2297 ejus.
2528 2229 2599 2287 Ut
2625 2234 2922 2304 accipiatis,
2955 2237 3144 2308 inquit,
3170 2255 3288 2294 cam
3317 2241 3483 2296 animi
3510 2243 3704 2300 alacri-

2105 2326 2288 2386 tatem,
2322 2336 2481 2390 quam
2505 2323 2620 2392 ejus
2650 2324 2834 2396 gloriae
2863 2325 3235 2386 fortitudinem
3262 2331 3416 2388 decet
3457 2332 3612 2390 dare.
3634 2335 3705 2392 In

2101 2411 2241 2464 omni
2264 2413 2508 2480 patientia
2534 2425 2580 2469 et
2603 2417 3005 2489 longanimitate.
3040 2422 3196 2490 Quod
3227 2424 3378 2492 dicit,
3415 2436 3498 2482 est
3519 2427 3704 2498 hujus-

2100 2504 2245 2558 modi
2276 2522 2288 2559 :
2321 2505 2599 2574 Breviter,
2629 2509 2836 2580 inquit,
2861 2529 3078 2568 oramus
3121 2526 3179 2570 ut
3206 2531 3303 2573 vos
3333 2520 3497 2575 vitam
3525 2523 3699 2591 agatis

2099 2612 2164 2651 cx
2193 2599 2411 2666 virtute,
2443 2601 2769 2673 dignamque
2794 2616 2973 2662 vestro
3001 2609 3215 2664 vivendi
3239 2611 3505 2679 instituto,
3537 2613 3694 2670 forti-

2100 2703 2286 2764 terque
2308 2710 2372 2750 ac
2397 2696 2623 2753 ﬁrmiter
2654 2701 2809 2755 stetis
2850 2703 3209 2770 corroborati,
3232 2714 3290 2760 ut
3320 2717 3534 2776 oportet
3564 2724 3659 2764 eos
3678 2752 3695 2776 ,

2097 2789 2186 2858 qui
2218 2804 2248 2843 a
2282 2789 2390 2845 Deo
2417 2799 2543 2846 sunt
2568 2795 2926 2850 corroborati.
2950 2797 3240 2868 Propterea
3275 2800 3514 2855 nondum
3542 2803 3698 2858 attin-

2095 2883 2172 2953 git
2199 2882 2472 2955 dogmata,
2502 2895 2556 2940 et
2581 2887 2634 2941 in
2661 2887 2768 2942 vita
2797 2899 3062 2956 versatur,
3099 2892 3186 2947 ubi
3215 2891 3346 2947 nihil
3367 2893 3528 2950 habet
3548 2897 3695 2966 quod

2096 2974 2492 3043 reprehendat;
2535 2985 2591 3032 et
2633 2994 2752 3034 cum
2785 2996 2880 3036 eos
2924 2983 3196 3039 laudasset
3224 2987 3274 3039 in
3305 3001 3414 3056 quo
3441 2986 3698 3043 laudandi

2095 3076 2285 3135 erant,
2334 3078 2460 3124 tunc
2509 3071 2716 3126 accedit
2760 3073 2828 3128 ad
2866 3077 3284 3132 accusationem.
3334 3079 3446 3134 lloc
3491 3080 3692 3150 ubique

2094 3158 2221 3215 facit
2259 3202 2274 3227 ,
2332 3162 2547 3233 quando
2595 3165 2782 3220 scribit
2825 3167 2891 3222 ad
2959 3169 3187 3239 aliquos.
3238 3171 3293 3225 Si
3345 3170 3540 3227 habeat
3597 3174 3698 3227 ali-

2093 3254 2218 3324 quid
2266 3255 2408 3326 quod
2454 3257 2816 3327 reprehendat
2855 3301 2872 3328 ,
2927 3271 2979 3316 et
3041 3263 3240 3333 aliquid
3290 3264 3430 3334 quod
3477 3265 3690 3332 laudet;

2093 3345 2240 3415 prius
2266 3347 2449 3402 laudat
2469 3358 2523 3404 et
2554 3358 2681 3405 tunc
2707 3351 2986 3407 descendit
3013 3353 3079 3409 ad
3102 3355 3345 3409 crimina.
3369 3356 3524 3410 Prius
3548 3358 3695 3412 enim

2092 3439 2190 3494 sibi
2218 3439 2472 3496 conciliat
2515 3451 2570 3496 et
2601 3444 2922 3500 benevolum
2964 3446 3141 3502 reddit
3169 3448 3502 3516 auditorem;
3533 3465 3695 3505 accu-

2091 3529 2356 3585 sationem
2391 3532 2584 3589 liberat
2614 3535 2682 3590 ab
2723 3537 2867 3590 onmi
2896 3539 3201 3608 suspicione
3224 3582 3238 3605 ,
3269 3549 3324 3594 et
3356 3541 3592 3596 ostendit
3632 3556 3696 3596 se

2091 3623 2305 3694 quidem
2339 3626 2477 3680 velle
2499 3627 2722 3682 omnino
2751 3629 2989 3696 laudare,
3021 3631 3114 3686 sed
3137 3632 3204 3686 ad
3239 3647 3302 3686 ea
3328 3632 3557 3688 dicenda
3585 3633 3692 3687 im-

2091 3717 2215 3786 pelli
2244 3734 2272 3770 a
2300 3719 2644 3775 necessitate.
2676 3721 2787 3776 lloc
2827 3724 2988 3777 etiam
3031 3725 3156 3779 facit
3206 3726 3257 3779 in
3292 3726 3456 3795 priori
3497 3725 3564 3781 ad
3592 3726 3695 3782 Co-

2088 3810 2317 3866 rinthios
2353 3812 2427 3884 (1.
2457 3811 2574 3866 Cor.
2591 3814 2671 3885 5).
2691 3814 2825 3870 Nam
2847 3832 2968 3871 cum
2988 3833 3082 3872 eos
3104 3819 3393 3888 plurimum
3414 3820 3696 3876 laudasset

2092 3913 2149 3958 ut
2179 3906 2268 3976 qui
2296 3906 2470 3975 ipsum
2495 3907 2802 3978 diligerent,
2835 3918 2961 3965 tunc
2987 3913 3055 3966 ab
3085 3927 3152 3968 eo
3198 3913 3289 3982 qui
3321 3912 3494 3968 fuerat
3517 3912 3686 3968 l'orni-
3719 3915 3723 3923 '

2089 4008 2239 4053 catus
2256 3997 2534 4054 descendit
2555 3999 2623 4055 ad
2640 4003 3059 4058 accusationem.
3089 4003 3143 4058 ln
3165 4004 3405 4074 Epistola
3428 4015 3605 4060 autem
3625 4005 3694 4059 ad

2089 4090 2305 4146 Galatas
2338 4091 2361 4164 (
2380 4091 2552 4147 Galat.
2581 4094 2603 4148 1
2633 4096 2650 4164 )
2686 4108 2792 4148 non
2840 4094 2911 4148 ita
2934 4137 2948 4162 ,
2977 4096 3072 4151 sed
3125 4109 3346 4151 contra:
3396 4099 3504 4152 imo
3557 4113 3692 4152 vero

2087 4187 2130 4240 si
2162 4186 2425 4255 quiSpiam
2458 4188 2843 4243 examinaverit
2866 4231 2882 4255 ,
2915 4189 3002 4244 illa
3047 4205 3260 4259 quoque
3290 4200 3376 4245 est
3411 4206 3476 4246 ex
3522 4191 3685 4245 laude

2086 4278 2378 4332 accusatio.
2410 4277 2542 4332 Nam
2589 4281 2841 4348 quoniam
2892 4281 3023 4334 nihil
3072 4291 3282 4350 poterat
3313 4281 3500 4337 dicere
3537 4283 3686 4352 quod

2087 4369 2189 4438 ipsi
2217 4378 2366 4425 recte
2393 4375 2709 4440 gessissent,
2739 4381 2794 4426 et
2819 4373 3025 4427 crimen
3056 4383 3183 4428 erat.
3200 4374 3494 4430 vehemens
3521 4415 3535 4440 ,
3565 4389 3689 4430 om-

2089 4476 2290 4531 nesque
2313 4462 2559 4530 corrupti
2583 4473 2760 4530 erant,
2793 4474 2861 4520 ct.
2883 4464 3024 4520 ferre
3057 4475 3303 4542 poterant
3351 4483 3473 4522 cum
3505 4481 3692 4525 essent

2086 4553 2274 4619 fortes,
2300 4555 2487 4624 incipit
2503 4555 2570 4610 ab
2595 4558 2938 4613 accusatione
2961 4558 3147 4614 dicens
3170 4578 3182 4614 :
3203 4559 3368 4614 Miror
3384 4560 3692 4632 (lbid.v.6).

2085 4646 2449 4712 Quamobrem
2469 4648 2571 4703 hoc
2597 4665 2812 4721 quoque
2841 4661 2924 4706 est
2945 4654 3271 4707 eneomium.
3298 4654 3491 4710 Postea
3509 4663 3691 4711 autem

2085 4754 2180 4794 eos
2225 4739 2462 4808 laudat,
2502 4757 2610 4796 non
2661 4753 2883 4813 propter
2943 4747 3258 4814 praesentia,
3325 4746 3418 4799 sed
3473 4756 3694 4816 propter

2085 4833 2358 4902 praeterita
2387 4873 2402 4899 ,
2452 4832 2638 4892 dicens
2674 4851 2686 4887 :
2720 4835 2782 4890 Si
2833 4836 2946 4904 ﬁeri
2977 4837 3253 4904 potuisset,
3282 4836 3454 4890 oculos
3499 4848 3690 4892 vestros

2062 4935 2255 4991 .erutos
2293 4926 2419 4978 ini/ti
2446 4926 2710 4980 dedissetis
2737 4925 2900 4997 (Ibid.
2922 4927 2976 4982 4.
3002 4928 3112 4998 15).

2067 5073 2078 5082 ,,
2154 5017 2208 5072 2.
2253 5015 2666 5087 Fructiﬁcantes,
2697 5018 2869 5087 inquit
2893 5036 2906 5071 :
2932 5017 3034 5073 hoc
3057 5019 3125 5074 de
3146 5020 3426 5090 operibus.
3455 5021 3688 5092 Confer-

2087 5109 2176 5162 ttui
2208 5125 2225 5162 :
2255 5107 2360 5162 hoc
2387 5108 2456 5164 de
2479 5107 2888 5164 tentatiouibus.
2930 5107 2997 5162 In
3028 5110 3164 5163 omni
3212 5111 3457 5180 patientia
3493 5122 3540 5165 et
3578 5113 3693 5167 lon-

2084 5203 2383 5273 ganimitate
2410 5217 2430 5256 :
2461 5201 2869 5271 longanimitate
2898 5218 2992 5258 seu
3031 5203 3256 5259 lenitate
3287 5206 3425 5259 inter
3462 5219 3520 5259 se
3540 5246 3554 5268 ,
3588 5222 3689 5276 pa-

2087 5293 2271 5347 tientia
2300 5308 2425 5362 crga
2467 5301 2746 5348 externos.
2790 5293 3140 5365 Longaulmis
3163 5297 3309 5351 enim
3337 5311 3401 5350 ac
3441 5297 3578 5352 lenis
3603 5310 3690 5375 cst

2084 5387 2350 5456 quiSpiam
2383 5386 2436 5440 in
2467 5402 2562 5442 eos
2608 5401 2744 5456 quos
2789 5387 2951 5442 etiam
3002 5399 3180 5459 potest
3220 5389 3446 5454 ulcisci;
3494 5388 3690 5443 tolerat

2083 5494 2215 5533 vero
2246 5494 2340 5533 eos
2357 5495 2572 5548 quoque
2592 5494 2726 5548 quos
2753 5495 2858 5535 non
2879 5490 3056 5549 potest
3087 5483 3290 5537 ulcisci.
3316 5483 3606 5553 Propterea
3628 5482 3682 5537 in

2087 5571 2198 5626 Deo
2237 5571 2453 5640 quidem
2485 5587 2774 5641 numquam
2808 5573 3000 5626 dicitur
3024 5579 3233 5644 ὺπομονή
3265 5589 3358 5628 seu
3389 5574 3684 5646 patientia;

2085 5665 2465 5737 longanimitas
2492 5675 2668 5720 autem
2702 5676 2754 5721 et
2775 5666 2965 5722 leuitas
2991 5681 3136 5736 saepe
3157 5666 3354 5723 dicitur
3385 5687 3398 5723 :
3425 5668 3563 5724 sicut
3596 5669 3684 5724 hic

2083 5757 2198 5827 ipse
2228 5773 2440 5828 quoque
2466 5759 2656 5813 beatus
2686 5759 2874 5813 scribit
2910 5758 3036 5812 alibi
3067 5800 3080 5824 ,
3111 5758 3300 5814 dicens
3331 5781 3343 5814 :
3372 5761 3448 5815 An
3478 5761 3679 5816 divitias

2085 5851 2322 5905 bonitatis
2349 5852 2457 5919 eius
2487 5861 2534 5907 et
2565 5851 2846 5906 tolerantur:
2873 5863 2916 5905 et
2946 5851 3348 5921 longanimitntis
3401 5870 3495 5908 ron
3518 5854 3676 5905 omnis

3268 5952 3350 6011 ‘20
