4184 6516
473 446 589 503 ’3η

498 563 674 634 (itam.
712 557 768 611 2.
817 551 916 622 4)?
951 547 1015 603 In
1053 541 1208 599 omni.
1251 535 1366 592 Non
1405 543 1547 586 nunc
1590 522 1851 624 quidem‘,
1892 524 2079 634 pp'stea

499 607 677 710 autem
706 607 946 703 minime.
976 637 1040 693 In
1067 633 1223 698 omni,
1254 624 1444 698 inquit,
1477 618 1726 691 sapientia
1753 621 1798 667 et
1825 607 2082 665 intellectu

498 742 773 814 Spirituali.

502 793 785 894 liintatem.
828 826 988 896 Atqui
1017 816 1393 877 existimabant
1436 822 1494 863 se
1520 805 1636 874 ejus
1673 800 1873 855 habere
1897 793 2087 847 volun-

499 941 662 985 tatem
687 942 700 989 ;
723 922 818 978 sed
842 936 947 974 non
972 923 1087 971 erat
1112 905 1403 983 spiritualis
1428 897 1705 970 sapientia.
1731 891 1797 948 Ut
1823 885 2086 942 ambulctis

497 1021 646 1089 digne
679 977 811 1067 Deo.
844 1011 958 1065 lloe
990 977 1244 1061 enimvest
1287 998 1371 1051 via
1406 990 1593 1062 optimi
1633 987 1756 1042 vitae
1782 977 2007 1036 instituti
2033 982 2088 1030 et

498 1119 660 1165 recta:
689 1099 1114 1162 conversationis
1136 1115 1148 1150 :
1176 1109 1298 1150 nam
1320 1091 1409 1161 qui
1429 1087 1519 1144 Dei
1538 1080 1781 1140 didicerit
1799 1073 2088 1144 benignita-

502 1215 606 1256 tem
627 1219 641 1264 ;
663 1202 837 1255 discet
856 1204 1032 1251 autem
1073 1191 1117 1246 si
1139 1187 1332 1243 viderit
1354 1181 1600 1237 traditum
1625 1174 1850 1233 Filium;
1875 1165 2092 1221 habebit

503 1284 1311 1363 majoremauimialacritatem.
1345 1273 1555 1343 Alioqui
1577 1279 1755 1323 autem
1783 1278 1887 1318 non
1917 1261 2088 1316 solum

507 1401 745 1446 oramus,
771 1391 829 1437 ut
861 1378 1079 1435 discatis
1103 1417 1116 1439 ,
1136 1371 1230 1429 sed
1249 1370 1406 1426 etiam
1437 1375 1491 1419 ut
1513 1364 1564 1417 in
1584 1359 1732 1413 factis
1753 1352 2045 1411 ostendatis
2074 1367 2087 1403 :

510 1493 632 1531 nam
662 1475 748 1546 qui
773 1472 918 1526 novit
939 1483 1036 1523 nec
1063 1475 1239 1519 tamen
1279 1458 1402 1514 fecit
1425 1498 1440 1522 ,
1469 1462 1550 1510 est
1580 1452 1738 1507 etiam
1767 1442 2088 1517 puniendus.

515 1567 580 1622 Ut
611 1582 715 1627 vos,
741 1561 928 1631 inquit,
952 1554 1230 1611 ambuletis.
1254 1549 1364 1604 Hoc
1386 1555 1488 1613 est,
1510 1555 1722 1611 semper
1741 1559 1756 1606 -,
1776 1551 1883 1592 non
1903 1533 2090 1596 semel,
2111 1519 2115 1522 ⁴

511 1659 603 1714 sed
635 1661 910 1727 perpetuo.
931 1650 1081 1705 Sicut
1101 1645 1245 1701 enim
1267 1639 1540 1696 ambulare
1563 1633 1717 1689 nobis
1742 1639 1825 1687 est
1849 1640 2094 1684 necessa-

511 1751 669 1813 rium,
687 1748 756 1800 ita
782 1745 941 1801 etiam
963 1749 1108 1796 recte
1126 1739 1333 1798 vivere;
1362 1740 1416 1787 et
1437 1729 1487 1784 id
1509 1741 1724 1796 semper
1741 1731 1896 1778 vocat
1919 1719 2097 1774 ambu-

517 1840 789 1902 lationem,
821 1845 873 1890 et
900 1833 1113 1895 merito,
1143 1823 1433 1884 ostendens
1461 1824 1599 1875 hanc
1625 1830 1743 1872 esse
1775 1813 1937 1867 vitam
1979 1822 2096 1879 quae

514 1937 595 1985 est
618 1927 772 1984 nobis
789 1923 1095 1997 proposita:
1119 1919 1213 1976 sed
1248 1913 1516 1971 mundana
1545 1924 1650 1964 non
1669 1915 1749 1962 est
1769 1900 2094 1974 ltujusniodi.

513 2025 698 2093 Magna
739 1995 920 2076 autem
965 2024 1048 2071 est
1094 2015 1230 2070 laus.
1269 2009 1336 2066 Ut
1379 2004 1681 2071 antbuletis,
1716 1998 1920 2070 inquit,
1950 1995 2100 2066 digne

517 2113 759 2179 Domino,
792 2120 846 2167 et
876 2109 943 2164 In
975 2108 1114 2164 omni
1138 2121 1288 2175 opere
1317 2101 1468 2166 bono,
1503 2107 1559 2153 ut
1584 2107 1797 2164 semper
1822 2088 2096 2153 crescatis,

517 2215 569 2260 et
597 2217 856 2273 nusquam
885 2199 1120 2262 sistatis;
1161 2204 1216 2251 et
1241 2189 1636 2261 metaphoriee,
1670 2184 1916 2239 Fructum
1944 2185 2102 2252 feren-

518 2308 607 2361 tes,
640 2304 687 2349 et
716 2301 991 2348 crescentes
1020 2291 1073 2343 in
1118 2287 1376 2359 agnitione
1404 2281 1500 2336 Dei
1530 2298 1547 2345 ;
1590 2286 1649 2334 ut
1687 2278 1763 2332 sic
1786 2273 2103 2330 corrobore—

521 2391 650 2444 mini
674 2385 966 2443 secundum
992 2381 1280 2452 potentiam
1305 2378 1420 2442 Dei,
1445 2384 1698 2443 quantum
1720 2369 1883 2423 homo
1905 2372 2100 2436 potest.

526 2478 631 2533 Per
652 2477 929 2548 potentiam
957 2475 1084 2543 ejus.
1112 2469 1299 2541 Magna
1325 2463 1640 2522 consolatio.
1664 2459 1778 2515 Non
1806 2457 1962 2522 dixit,
1987 2453 2107 2509 Vir-

523 2546 689 2626 tutem
714 2578 804 2624 aut
825 2572 1170 2638 potestatem,
1195 2560 1288 2616 sed
1314 2556 1622 2618 Potentiam,
1645 2550 1785 2622 quod
1808 2557 1890 2604 est
1909 2546 2103 2616 majus.

523 2664 628 2718 Per
654 2660 963 2732 potentiam,
991 2653 1199 2725 inquit,
1231 2665 1324 2706 seu
1353 2648 1684 2704 dominatum
1707 2683 1722 2709 ,
1753 2640 1930 2714 gloriae
1956 2640 2065 2709 ejus
2088 2653 2108 2701 ,°

523 2754 867 2828 quiaubique
894 2749 1063 2820 gloria
1105 2746 1222 2816 ejus
1264 2741 1544 2813 imperium
1573 2737 1801 2792 obtinet.
1833 2731 1950 2788 Jam
1977 2745 2108 2785 con-

525 2851 728 2906 solatus
757 2853 860 2911 est,
890 2840 1034 2913 quod
1060 2854 1180 2895 cum
1210 2838 1263 2892 in
1296 2835 1495 2907 probro
1521 2840 1577 2887 et
1605 2830 1872 2886 dedecore
1896 2824 2107 2888 essetis,

417 2923 434 2939 ⁴
524 2957 712 2996 rursus
735 2936 1049 2992 ambulastis
1071 2933 1228 3003 digne
1253 2928 1504 2984 Domino.
1539 2925 1616 2981 De
1644 2923 1784 2978 Filio
1810 2920 1938 2976 dicit
1960 2916 2110 2983 illud,

529 3032 670 3104 quod
702 3030 815 3098 ipse
847 3027 1042 3096 ubique
1090 3021 1372 3092 imperium
1413 3029 1466 3073 et
1494 3015 1828 3072 dominatum
1871 3009 2114 3067 obtineat

515 3133 585 3179 et
615 3123 666 3178 in
689 3121 823 3176 caalo
845 3127 901 3174 et
925 3118 977 3172 in
995 3125 1155 3179 terra,
1175 3111 1318 3183 quod
1342 3109 1459 3180 ejus
1484 3106 1651 3179 gloria
1681 3104 1876 3174 ubique
1906 3109 2114 3170 regnet.

519 3215 648 3270 Non
676 3212 810 3267 dixit
842 3217 1047 3264 tantum
1070 3248 1086 3273 ,
1117 3201 1529 3264 Confortamini,
1565 3197 1661 3253 sed
1694 3205 1749 3252 ut
1793 3209 1887 3265 par
1917 3201 2000 3249 est
2023 3206 2116 3246 eos

514 3308 624 3376 'qui
654 3303 884 3359 Domino
913 3309 1021 3356 tam
1055 3297 1178 3352 forti
1209 3294 1473 3356 serviunt,
1503 3289 1567 3343 In
1593 3287 1688 3343 Dei
1722 3286 1996 3358 agnitione.
2030 3282 2119 3338 Si-

535 3396 647 3451 mul
668 3394 825 3450 etiam
848 3389 1059 3460 attingit
1084 3386 1346 3441 rationem
1370 3379 1690 3452 cognitionis
1715 3395 1728 3432 :
1753 3391 1906 3432 error
1925 3374 2121 3444 quippe

536 3495 638 3553 est,
678 3486 846 3540 Deum
875 3497 982 3536 non
1024 3488 1080 3533 ut
1109 3485 1324 3547 Oportet
1365 3487 1547 3528 nosse.
1590 3472 1697 3524 Aut
1727 3477 1784 3522 ut
1820 3466 2077 3522 crescetis
2103 3505 2118 3531 ,

537 3577 730 3648 inquit,
761 3576 812 3631 in
841 3573 936 3627 Dei
975 3570 1266 3642 agnitione.
1297 3566 1431 3622 Nam
1475 3564 1519 3619 si
1559 3562 1648 3632 qui
1688 3560 1884 3616 Filium
1916 3558 2119 3622 nescit,

540 3686 640 3726 nec
666 3669 880 3725 Patrem
906 3663 1123 3736 quidem
1146 3661 1283 3726 scit,
1311 3657 1505 3712 merito
1531 3669 1665 3724 opus
1693 3661 1777 3708 est
1808 3650 2077 3721 agnitione
2108 3666 2121 3702 :

521 3761 739 3818 «ctenim
767 3757 967 3828 absque
997 3754 1081 3809 illa
1113 3753 1186 3806 nil
1213 3749 1434 3821 prodest
1464 3747 1596 3801 vita.
1629 3743 1695 3797 In
1725 3742 1863 3796 omni
1884 3740 2127 3812 patientia

529 3863 588 3907 et
611 3849 1011 3920 longanimitate,
1039 3844 1231 3914 inquit,
1257 3855 1369 3894 cum
1391 3836 1600 3910 gaudio,
1631 3835 1716 3889 l2.
1747 3833 1940 3904 gratias
1967 3846 2128 3900 agen-

535 3955 616 3999 tes
647 3942 775 3998 Deo.
814 3938 1019 3996 Deinde
1038 3950 1141 3991 eos
1172 3933 1562 3990 'exhorlaturus
1582 3968 1596 3993 ,
1627 3940 1734 3981 non
1764 3923 2015 3980 meminit
2037 3936 2130 3977 eo-

547 4047 664 4092 rum
697 4043 815 4105 quze
851 4038 977 4087 sunt
1003 4028 1082 4084 eis
1118 4023 1431 4082 recondita:
1459 4019 1556 4076 sed
1586 4019 1688 4075 hoc
1717 4017 1932 4089 quidem
1965 4014 2133 4070 tacite

543 4125 887 4200 significavit,
921 4122 1104 4176 dicens
1135 4117 1314 4181 initio,
1347 4113 1567 4183 Propter
1595 4127 1736 4183 spem
1771 4123 1886 4182 qua:
1912 4108 2134 4177 reposita

538 4230 620 4276 est
646 4219 787 4274 vobis
822 4219 875 4270 in
917 4214 1055 4270 caelis
1081 4228 1100 4266 :
1129 4211 1217 4265 hic
1264 4217 1442 4263 autem
1496 4205 1742 4261 meminit
1785 4215 1972 4259 eorum
2016 4215 2136 4271 quas

547 4313 658 4384 jam
699 4311 914 4364 fuerunt
961 4325 974 4360 :
1023 4306 1138 4358 haec
1180 4303 1322 4358 enim
1366 4308 1490 4355 sunt
1533 4311 1709 4353 causa:
1743 4296 1976 4351 illorum.
2025 4294 2138 4349 Hoc

541 4405 715 4474 porro
745 4399 872 4453 facit
913 4397 965 4450 in
1007 4394 1187 4449 multis
1217 4391 1371 4446 locis.
1401 4389 1534 4445 Nam
1578 4402 1699 4458 qua:
1733 4387 1844 4456 jam
1887 4384 2135 4450 fuerunt,

553 4492 716 4548 fidem
741 4487 958 4554 faciunt,
981 4492 1036 4541 et
1063 4483 1232 4554 magis
1261 4481 1494 4538 excitant
1517 4479 1835 4534 auditorem.
1863 4475 1988 4531 Cum
2013 4492 2142 4547 gau-

558 4586 664 4649 dio,
695 4581 868 4652 inquit
889 4622 903 4645 ,
932 4579 1123 4651 gratias
1148 4585 1349 4649 agentes
1383 4567 1510 4628 Deo.
1538 4569 1668 4627 Hmc
1697 4580 1779 4627 εει
1801 4583 2140 4639 consequen-

557 4679 632 4733 tia
666 4695 679 4731 :
710 4675 826 4732 Non
849 4687 1122 4730 cessamus
1149 4685 1305 4726 orare
1332 4682 1432 4740 pro
1461 4666 1614 4722 vobis
1634 4707 1650 4732 ,
1681 4673 1736 4720 et
1762 4665 1960 4735 gratias
1984 4676 2142 4734 agere

561 4771 628 4828 de
659 4767 945 4852 prioribus.
988 4761 1150 4822 Vides
1179 4761 1450 4834 quomodo
1490 4760 1606 4830 ipse
1631 4757 1970 4830 aggrediatur
1997 4755 2143 4826 loqui

562 4863 628 4920 de
658 4859 838 4917 Filio?
861 4849 996 4916 Nam
1022 4859 1066 4914 si
1098 4871 1217 4911 cum
1245 4865 1439 4924 magno
1465 4851 1660 4922 gaudio
1690 4849 1889 4922 gratias
1916 4848 2144 4919 agimus,

567 4969 762 5024 magna
788 4960 910 5008 sunt
939 4963 1056 5021 qua:
1077 4948 1346 5003 dietmtur.
1371 4935 1506 5001 Nam
1529 4952 1582 4999 et
1606 4942 1791 5014 gratia:
1815 4942 1898 5012 agi
1928 4947 2151 5012 possunt

565 5055 784 5117 prepter
816 5043 989 5098 solum
1025 5046 1262 5105 metum;
1291 5045 1516 5108 possunt
1541 5036 1700 5091 etiam
1742 5033 1826 5104 agi
1867 5031 2053 5103 gratiae
2081 5031 2148 5086 ab

570 5149 635 5194 eo
662 5137 747 5207 qui
784 5144 868 5190 est
896 5133 947 5188 in
993 5141 1228 5186 maerore
1261 5146 1274 5184 :
1307 5136 1366 5184 ut
1399 5136 1545 5198 puta,
1576 5125 1679 5182 Job
1704 5123 1920 5196 quidem
1963 5123 2154 5193 agebat

572 5229 791 5300 gratias,
824 5224 919 5279 sed
948 5223 1135 5278 dolore
1160 5221 1419 5277 affectus:
1445 5209 1672 5289 ideoque
1702 5216 1937 5282 dicebat,
1975 5215 2156 5268 Domi-

577 5333 672 5375 nus
701 5320 836 5374 dedit
861 5359 874 5382 ,
930 5315 1182 5370 Dominus
1217 5315 1422 5368 abstulit
1450 5313 1569 5384 (Job
1595 5314 1647 5366 1.
1693 5313 1810 5381 2|).
1857 5309 1935 5365 Ne
1963 5309 2110 5364 dicas
2140 5350 2154 5375 ,

575 5425 681 5465 non
703 5410 890 5464 dolore
912 5420 1032 5463 eum
1055 5405 1295 5461 affecisse
1321 5419 1382 5460 ea
1410 5421 1528 5475 quae
1556 5403 1694 5458 facta
1725 5403 1954 5466 fuerant,
1987 5417 2159 5472 neque

577 5517 698 5556 eum
723 5500 968 5569 injecisse
992 5499 1044 5553 in
1065 5498 1229 5553 animi
1254 5497 1646 5568 mgritudinem,
1671 5511 1737 5549 ne
1755 5495 1884 5563 justi
1909 5509 2154 5564 magnum

580 5591 789 5645 auferas
815 5590 1140 5644 encomiuni.
1175 5589 1308 5643 Cum
1340 5599 1518 5642 autem
1553 5589 1666 5641 hsce
1695 5587 1802 5639 sint
1832 5585 2158 5655 hujusmodi,

585 5697 690 5735 non
713 5691 930 5750 propter
957 5690 1155 5737 metum
1175 5721 1191 5746 ,
1220 5684 1392 5750 neque
1424 5686 1644 5749 propter
1673 5677 2002 5731 dominatum
2041 5684 2162 5729 tan-

586 5780 722 5836 tum,
755 5772 846 5827 sed
880 5773 1040 5827 etiam
1068 5779 1286 5840 propter
1311 5772 1478 5842 ipsam
1510 5785 1686 5824 rerum
1725 5779 2000 5832 naturam,
2029 5765 2166 5821 Gra-

592 5861 685 5914 tias
713 5863 908 5934 agimus
945 5863 1023 5927 ei,
1052 5863 1138 5930 qui
1182 5862 1362 5932 dignos
1407 5875 1496 5914 nos
1537 5861 1652 5932 fecit
1691 5861 1743 5914 in
1779 5869 1972 5932 partem
2019 5857 2170 5912 sortis

1215 423 1272 479 S.
1310 411 1584 476 JOANNlS
1617 391 2088 466 CIIRYSOSTOMI
2127 384 2441 446 ARCHIEP.
2482 378 3009 443 CONSTANTI'NOP.

823 737 994 792 Aliter
1023 730 1165 785 enim
1206 738 1313 778 non
1364 720 1486 774 licet
1524 714 1640 782 ejus
1681 716 1970 778 agnoscere
1997 712 2084 751 vo-
2121 727 2124 734 -

3649 368 3769 425 διε

2184 516 2469 563 sanctorum
2495 504 2547 559 in
2578 501 2788 558 lumine.
2814 498 3055 567 Magnam
3081 503 3196 548 rem
3219 487 3470 561 loquutus
3491 495 3592 544 est.
3617 486 3768 544 Talia

2184 605 2308 655 sunt
2327 611 2446 667 qua:
2475 595 2596 649 data
2627 601 2772 656 sunt,
2817 588 3026 659 inquit,
3058 593 3118 640 ut
3163 595 3272 638 non
3315 581 3488 636 solum
3520 578 3767 644 dederit,

2185 691 2277 747 sed
2305 690 2464 744 etiam
2498 686 2663 740 fortes
2686 682 2875 738 fecerit
2894 679 2960 734 ad
2986 674 3378 747 accipiendum.
3409 670 3562 739 Quod
3587 679 3768 725 autem

2186 780 2336 843 dixit,
2372 777 2435 830 Ei
2464 775 2549 846 qui
2573 775 2752 844 dignos
2779 787 2871 824 nos
2901 769 3038 839 fecit,
3065 780 3312 836 magnum
3346 761 3556 832 pondus
3580 768 3769 815 osteuw-

2188 872 2281 926 dit.
2317 869 2386 926 Ut
2418 869 2462 923 si
2476 839 2751 937 quispiam
2777 862 2973 916 infimae
2995 856 3320 915 conditionis
3344 867 3439 910 rex
3465 852 3635 908 factus
3657 850 3774 906 fue-
3842 839 3844 842 ’

2188 965 2278 1031 rit,
2307 971 2484 1034 potest
2506 960 2593 1015 cui
2616 958 2744 1013 velit
2769 956 2897 1012 dare
2919 952 3287 1025 prmfecturam
3313 966 3328 1012 ;
3358 957 3411 1004 et
3437 947 3574 1001 hanc
3600 944 3770 1000 solam

2190 1059 2237 1113 ei
2267 1064 2442 1126 potest
2471 1053 2599 1109 dare
2624 1051 2934 1122 dignitatem
2952 1087 2966 1112 ,
2996 1045 3092 1103 sed
3121 1059 3227 1099 non
3267 1042 3518 1098 idoneum
3544 1038 3775 1095 reddere

2189 1149 2254 1203 ad
2283 1145 2572 1219 gerendum
2604 1143 2971 1211 magistratum
3007 1138 3172 1208 (saepe
3200 1134 3360 1190 etiam
3398 1132 3554 1186 talem
3582 1144 3774 1200 quem-

2192 1244 2332 1312 piam
2374 1237 2656 1294 ridiculum
2692 1234 2817 1288 facit
2867 1228 3080 1299 honor)
3107 1245 3120 1282 :
3151 1226 3194 1281 si
3236 1233 3414 1280 autem
3457 1221 3770 1292 dignitatem

2191 1332 2431 1394 dederit,
2463 1339 2516 1384 et
2546 1338 2727 1398 aptum
2769 1323 2959 1380 fecerit
2989 1321 3056 1375 ad
3091 1319 3354 1374 honorem
3377 1355 3390 1380 ,
3429 1323 3486 1370 et
3524 1313 3772 1368 idoneum

2192 1427 2257 1480 ad
2281 1420 2818 1482 administrationem,
2841 1424 2972 1470 tunc
2993 1428 3054 1468 ea
3083 1426 3171 1466 res
3191 1418 3274 1464 est
3295 1409 3488 1462 honor.
3513 1404 3627 1459 Hoc
3647 1416 3776 1473 ergo

2195 1518 2282 1571 hic
2311 1529 2522 1586 quoque
2545 1512 2702 1576 dicit,
2743 1507 2885 1578 quod
2913 1519 3018 1560 non
3054 1502 3226 1557 solum
3255 1498 3412 1553 nobis
3437 1494 3646 1550 dederit
3676 1491 3778 1547 bo-

2195 1622 2404 1670 norem,
2438 1604 2533 1660 sed
2560 1604 2718 1658 etiam
2749 1601 2910 1652 fortes
2943 1593 3131 1649 fecerit
3159 1589 3226 1644 ad
3255 1585 3646 1658 accipiendum.

2268 1701 2319 1755 3.
2368 1697 2566 1766 Duplex
2590 1707 2718 1762 ergo
2744 1699 2828 1745 est
2864 1688 2950 1741 hic
2979 1686 3170 1748 honor,
3198 1679 3341 1750 quod
3373 1687 3424 1732 et
3453 1674 3696 1740 dederit,
3724 1680 3782 1728 et

2198 1764 2508 1862 accipiendo
2531 1787 2672 1843 dono
2697 1782 2887 1840 fecerit
2910 1787 3085 1850 aptos.
3110 1774 3228 1829 Non
3255 1770 3390 1826 dixit
3415 1764 3776 1829 solummodo.

2203 1857 2469 1954 Qui-dedit
2494 1922 2509 1949 ,
2539 1880 2634 1935 sed
2659 1878 2819 1934 etiam
2847 1916 2860 1940 ,
2897 1873 2998 1941 Qui
3026 1870 3324 1940 suﬁcientes
3350 1873 3396 1918 et
3425 1863 3634 1916 idoneos
3662 1857 3784 1930 fecit

2199 1979 2253 2032 in
2282 1987 2477 2049 partem
2514 1974 2664 2029 sortis
2704 1978 3000 2026 smtctorum
3040 1965 3093 2017 in
3139 1961 3347 2015 lumine.
3395 1957 3508 2011 lloc
3543 1962 3663 2020 est,
3693 1951 3785 2022 qui

2201 2085 2300 2125 nos
2327 2065 2614 2124 collocavit
2633 2078 2753 2119 cum
2781 2059 3002 2115 sanctis.
3030 2053 3135 2111 Sed
3161 2067 3266 2106 non
3295 2049 3466 2105 solum
3487 2045 3622 2101 dixit
3640 2085 3657 2112 ,
3683 2043 3783 2111 Qui

2201 2159 2506 2224 collocavit,
2536 2155 2631 2213 sed
2657 2155 2839 2220 etiam,
2870 2150 2971 2219 Qui
3001 2145 3232 2218 praelmit
3260 2151 3317 2197 ut
3357 2141 3546 2195 iisdem
3580 2137 3786 2192 fruere-

2205 2267 2361 2307 mur:
2394 2261 2519 2320 pars
2547 2255 2630 2302 εει
2656 2245 2800 2301 enim
2833 2240 2982 2305 illud,
3017 2235 3158 2308 quod
3185 2232 3550 2303 unusquisque
3574 2228 3786 2298 accipit.

2207 2343 2391 2398 Potest
2417 2340 2558 2394 enim
2591 2337 2708 2392 fieri
2741 2343 2800 2389 ut
2825 2331 3089 2403 quispiam
3120 2328 3189 2382 sit
3228 2326 3279 2380 in
3309 2321 3494 2378 eadem
3538 2319 3785 2378 civitate,

2207 2452 2312 2491 non
2340 2444 2518 2490 autem
2545 2431 2753 2486 fruatur
2781 2425 2968 2481 iisdem
2999 2442 3010 2477 :
3036 2429 3095 2477 ut
3117 2427 3298 2474 autem
3329 2414 3568 2469 eamdem
3598 2410 3792 2465 haheat

2208 2539 2413 2600 partem
2434 2569 2448 2591 ,
2479 2533 2534 2581 et
2559 2537 2663 2578 non
2693 2519 2898 2575 fruatur
2923 2515 3110 2570 iisdem
3137 2553 3152 2578 ,
3198 2509 3416 2564 nti-nime
3441 2518 3563 2560 esse
3593 2509 3788 2572 potest.

2208 2621 2353 2677 Fieri
2394 2625 2570 2688 pOtest
2598 2623 2657 2669 ut
2695 2613 2766 2667 sit
2807 2611 2860 2664 in
2890 2607 3077 2664 eadem
3106 2611 3253 2658 sorte
3277 2640 3292 2666 ,
3327 2607 3379 2653 et
3414 2612 3517 2650 non
3547 2592 3789 2649 eamdem

2213 2714 2405 2769 habeat
2443 2717 2649 2781 partem
2676 2724 2689 2760 :
2713 2700 2947 2770 exempli
2979 2709 3138 2753 causa
3161 2735 3175 2761 ,
3206 2693 3260 2746 in
3289 2699 3434 2746 sorte
3463 2701 3648 2740 sumus
3673 2699 3792 2738 om-

2213 2820 2310 2860 nes
2331 2845 2345 2869 ,
2377 2801 2473 2856 sed
2508 2815 2614 2855 non
2653 2794 2897 2852 eamdem
2933 2791 3194 2844 habemus
3223 2791 3450 2854 partem.
3492 2778 3587 2833 llic
3613 2784 3793 2830 autem

2214 2913 2320 2955 non
2346 2897 2450 2951 hoc
2474 2893 2634 2958 dicit,
2665 2889 2761 2945 sed
2787 2887 2948 2943 etiam
2974 2889 3181 2952 partem
3201 2891 3323 2932 cum
3354 2881 3518 2928 sorte.
3549 2868 3656 2923 Cur
3676 2882 3797 2921 sor-

2217 3001 2322 3046 tem
2347 2984 2541 3042 vocat?
2564 2957 2866 3039 ostendens
2893 2974 3163 3031 neminem
3186 2983 3253 3023 ex
3273 2964 3430 3020 bonis
3455 2961 3566 3016 suis
3591 2957 3798 3014 actibus

2217 3091 2273 3138 ct
2295 3088 2441 3136 recte
2477 3075 2632 3132 factis
2665 3084 2888 3142 regnum
2919 3061 3133 3134 assequi
3169 3077 3182 3114 :
3215 3057 3309 3113 sed
3341 3065 3396 3109 ut
3421 3067 3540 3108 sors
3567 3065 3630 3105 ex
3660 3049 3801 3103 bono

2217 3183 2414 3233 eventu
2456 3170 2634 3242 potius
2664 3139 2890 3224 accidit,
2925 3160 2995 3214 ita
3029 3156 3116 3210 hic
3156 3164 3388 3223 quoque.
3428 3144 3618 3200 Nullus
3654 3139 3799 3196 enim

2224 3267 2330 3323 tale
2357 3233 2478 3319 vitae
2507 3275 2618 3317 sua:
2649 3256 2949 3312 institutum
2979 3244 3220 3309 exhibet,
3243 3251 3302 3296 ut
3326 3237 3520 3308 dignus
3547 3233 3805 3288 habeatur

2223 3371 2392 3429 regno
2416 3397 2430 3421 ,
2459 3351 2554 3408 sed
2583 3358 2752 3405 totum
2794 3351 2876 3400 est
2901 3357 2964 3397 ex
2999 3339 3092 3393 Dei
3123 3335 3288 3390 dono.
3319 3330 3609 3398 Propterea
3636 3321 3802 3384 dicit,

2223 3451 2350 3507 Cum
2399 3444 2614 3519 feceritis
2684 3437 2885 3502 omnia,
2935 3431 3106 3497 dicite,
3157 3425 3301 3482 Servi
3352 3419 3554 3475 inutiles
3598 3425 3811 3468 sumus:

2225 3503 2345 3601 nam
2399 3503 2521 3611 'qute
2563 3533 2822 3590 debuimus
2871 3530 3074 3599 facere,
3115 3519 3323 3591 fecimus
3350 3511 3515 3585 (Luc.
3561 3508 3648 3562 17.
3683 3503 3808 3606 10.).

2228 3638 2296 3694 In
2334 3643 2527 3708 partem
2569 3626 2720 3684 sortis
2770 3628 3061 3676 sanctorum
3097 3613 3151 3666 in
3191 3607 3422 3668 lumine;
3465 3602 3568 3656 hoc
3593 3607 3714 3662 εει,
3757 3595 3810 3648 in

3131 3704 3200 3708 ·--
3274 3701 3285 3708 ·
3388 3699 3400 3708 ·
3462 3696 3495 3708 ι·
3606 3707 3613 3708 κ
3666 3699 3704 3708 μ.
3750 3687 3808 3708 Α-

2229 3687 2554 3800 cognitione.
2602 3718 2827 3774 Videtur
2856 3719 3035 3766 autem
3072 3704 3202 3760 mihi
3244 3699 3403 3756 simul
3445 3696 3626 3749 dicere
3655 3699 3710 3745 et
3745 3687 3813 3742 de

2231 3783 2584 3895 praesentibus
2614 3821 2668 3868 et
2693 3811 2761 3866 de
2786 3805 2995 3864 futuris.
3028 3798 3231 3856 Deinde
3257 3791 3493 3849 ostendit
3514 3803 3598 3853 ea,
3623 3783 3816 3895 quibus

2233 3873 2608 3986 digni—sumus
2636 3901 2826 3959 habiti.
2855 3897 3039 3966 Neque
3060 3891 3204 3946 enim
3239 3887 3343 3940 hoc
3369 3883 3543 3938 solum
3573 3873 3819 3961 mirabile

2238 4155 2393 4260 Duod
2422 4155 2638 4259 quidem
2680 4179 2806 4236 facit
2842 4175 3006 4230 etiam
3049 4170 3100 4223 in
3133 4160 3374 4234 Epistola
3402 4156 3468 4211 ad
3508 4155 3820 4255 Romanos:

2249 4285 2348 4341 Via:
2374 4283 2506 4337 enim
2531 4292 2621 4348 pro
2653 4276 2799 4346 justo
2826 4267 2937 4338 quis
2965 4261 3206 4316 morietur
3239 4270 3254 4308 :
3283 4267 3374 4325 pro
3405 4249 3532 4303 bono
3553 4243 3684 4299 enim
3711 4243 3826 4309 for-

2244 4333 2506 4444 tasse'quis
2531 4333 2682 4422 audet
2710 4333 3041 4427 mori(Rom.
3065 4351 3120 4406 5.
3149 4347 3228 4416 7).
3264 4344 3351 4444 13..
3373 4339 3487 4444 ’ριιὲ
3514 4333 3705 4435 eripuit.
3735 4345 3831 4384 nos

2244 4470 2309 4523 de
2334 4423 2579 4538 poiestate
2623 4423 2972 4510 tenebrarum,
3004 4441 3194 4512 inquit.
3243 4437 3298 4492 In
3329 4433 3424 4488 illo
3449 4438 3620 4485 totum
3663 4423 3829 4479 situm

3369 4524 3380 4536 .
3476 4527 3712 4538 H_.____‘
3749 4517 3829 4538 Μ,

2245 4517 2361 4625 eSI,r
2375 4565 2430 4612 et
2456 4553 2573 4609 hare
2607 4547 2734 4604 dare
2760 4553 2813 4599 et
2841 4540 2927 4595 illa
2955 4557 2967 4592 :
3002 4544 3262 4603 nusquam
3295 4524 3442 4582 enim
3474 4527 3716 4574 nostrum
3746 4517 3834 4566 est

2247 4605 2390 4724 qut’id
2426 4653 2572 4703 recte
2603 4641 2826 4712 geritur.
2859 4632 2936 4687 De
2967 4634 3208 4702 potestate
3235 4619 3550 4674 tenebrarum
3571 4651 3588 4678 ,
3621 4605 3832 4676 inquit;

2904 4723 2907 4724 ν
2975 4721 2986 4724 _
3047 4718 3079 4724 __
3310 4709 3324 4724 ,
3348 4709 3385 4724 ,ν
3446 4703 3560 4724 “__
3594 4698 3718 4724 AM.
3746 4708 3831 4724 HL

2251 4698 2761 4804 ιῖὖξῖεείξξιιεῖτοτο
2785 4769 2800 4794 ,
2829 4741 2860 4781 a
2884 4698 3082 4778 diaboli
3117 4709 3416 4787 tyrannide.
3445 4703 3564 4760 Non
3590 4698 3723 4754 dixit
3746 4708 3841 4797 so-

2251 4837 2362 4891 lum
2391 4874 2404 4898 ,
2436 4787 2512 4884 De
2543 4821 2777 4880 tenebris
2800 4859 2814 4883 ,
2848 4813 2941 4871 sed
2965 4851 2984 4876 ,
3035 4807 3113 4862 De
3145 4811 3431 4876 potestate:
3462 4797 3514 4848 in
3562 4805 3660 4846 nos
3689 4787 3838 4843 enim

2254 4935 2500 4995 magnam
2547 4914 2735 4971 habuit
2781 4912 3138 4980 potestatem,
3181 4905 3240 4951 et
3281 4894 3333 4947 iu
3380 4903 3478 4944 nos
3503 4882 3839 4940 dominatttm

3069 4991 3078 4995 ’
3174 4988 3186 4995 ·
3456 4975 3544 4995 μηι
3578 4970 3788 4995 -I2-L-I..
3820 4982 3834 4994 .

2254 4970 2503 5072 obtinuit.
2538 5009 2633 5062 Est
2653 5004 2794 5060 enim
2819 5010 2982 5069 grave
3002 4991 3083 5046 vel
3110 4988 3281 5044 solum
3308 4995 3428 5037 esse
3449 4975 3551 5034 sub
3573 4970 3790 5029 diabolo
3820 4982 3837 5030 ;

2258 5123 2379 5165 cum
2419 5108 2684 5174 potestate
2726 5102 2904 5148 autem
2929 5129 2943 5154 ,
2977 5095 3060 5141 est
3108 5082 3209 5135 hoc
3246 5087 3458 5148 quoque
3503 5057 3845 5174 gravius.1Et

2261 5151 2540 5258 transtulit,
2572 5189 2762 5260 inquit,
2792 5187 2844 5238 in
2872 5194 3081 5251 regnum
3111 5173 3234 5227 Filii
3264 5162 3547 5222 dilectionis
3572 5172 3697 5214 sua.
3723 5151 3846 5207 Non

2264 5305 2392 5361 ergo
2421 5287 2594 5341 solam
2641 5249 2692 5334 in
2737 5249 3054 5331 liberatione
3081 5282 3107 5318 a
3151 5259 3388 5317 tenebris
3427 5249 3660 5308 ostendit
3691 5256 3846 5299 suam

2265 5346 2646 5452 benignitatem
2677 5391 2689 5424 :
2722 5379 2967 5436 magnum
3000 5358 3214 5430 quidem
3243 5361 3322 5407 cst
3353 5348 3609 5402 liberasse
3635 5355 3666 5393 a
3696 5346 3852 5390 tene-

3163 5449 3171 5452 “
3321 5445 3334 5452 “
3417 5443 3428 5452 ⁵
3579 5450 3587 5452 μ
3605 5441 3644 5452 λ·
3682 5427 3852 5452 ---μὴμ-

2266 5427 2486 5539 Ῑιτὶςῗίη
2517 5481 2736 5538 regnum
2768 5472 2944 5514 autem
2975 5454 3131 5507 etiam
3162 5443 3544 5503 introduxisse,
3569 5441 3650 5488 est
3682 5427 3856 5482 multo

3376 5535 3385 5539 _
3458 5530 3466 5539 .
3712 5515 3850 5539 ML.

2270 5515 2400 5539 um,
2519 5515 2717 5538 ,κυηηη

2270 5568 2462 5637 majus.
2493 5561 2629 5615 Vide
2657 5568 2783 5624 ergo
2828 5562 2988 5619 quam
3026 5540 3299 5608 multiplex
3345 5535 3413 5587 sit
3439 5530 3672 5637 (ιωιιιιιιη
3704 5515 3851 5637 qlu'od

2273 5663 2326 5717 in
2351 5607 2458 5713 imo
2475 5654 2716 5724 jacentes
2740 5657 2836 5696 nos
2858 5633 3162 5694 liberaverit
3185 5645 3199 5692 ;
3224 5623 3362 5698 quod
3396 5636 3500 5675 non
3529 5614 3698 5670 solmu
3727 5607 3861 5660 libe-

2275 5699 2494 5812 raverit:
2521 5743 2613 5798 sed
2644 5748 2801 5792 etiam
2831 5733 2884 5787 in
2914 5741 3138 5798 regnum
3162 5713 3516 5776 transtulerit.
3545 5707 3640 5780 Qui
3667 5699 3860 5763 eritml‘

2277 5864 2387 5902 nos.
2417 5845 2528 5898 heu
2562 5842 2715 5907 dixit,
2747 5836 2916 5906 Ejecit
2940 5874 2956 5903 ,
3000 5836 3092 5891 sed
3119 5871 3134 5899 ,
3170 5821 3390 5893 Eripuit,
3419 5809 3708 5869 ostendens
3733 5807 3860 5847 tua-
