4184 6496
531 406 664 465 ’513

558 526 844 586 σκότους,
868 516 999 589 φησί
1023 533 1051 549 ·’
1076 515 1339 577 τουτέστι,
1375 513 1476 582 τῆς
1506 511 1736 580 πλάνης,
1763 505 1857 561 τοῦ
1891 502 2137 559 διαϐόλου

559 607 660 678 τῆς
691 603 1024 676 τυραννίδος.
1085 601 1202 656 Οὐκ
1259 596 1411 654 εἶπεν
1450 597 1658 662 ἀπλῶς,
1709 597 1955 659 σκότους,
2001 590 2137 657 ἀλλ’,

574 693 925 758 Ἐξουσίας·
989 689 1191 758 πολλὴν
1240 687 1350 760 γὰρ
1388 687 1549 758 ήμῶν
1590 681 1705 754 εἶχε
1737 682 1835 753 τὴν
1866 678 2139 745 ἐξουσίαν,

562 780 658 835 καὶ
690 781 929 849 ἐκράτει*
952 777 1130 849 ἡμῶν.
1174 775 1423 831 Χαλεπὸν
1478 774 1577 845 μὲν
1607 772 1714 842 γὰρ
1746 769 1841 824 καὶ
1870 769 1931 821 τὸ
1958 764 2142 827 ἁπλῶς

559 864 703 922 εἶναι
752 867 859 921 ὐπὸ
920 865 997 936 τῷ
1040 864 1312 935 διαόόλῳ·
1369 862 1431 916 τὸ
1461 862 1517 915 δὲ
1566 860 1663 914 καὶ
1703 858 1819 929 μετ’
1869 854 2138 921 ἐξουσίας,

561 956 719 1010 τοῦτο
752 952 1160 1026 χαλεπώτερον.
1177 951 1289 1006 Καὶ
1319 951 1680 1022 μετέστησε,
1705 946 1891 1018 φησὶν,
1915 945 2003 1009 εἰς
2028 942 2140 1009 τὴν

554 1044 899 1108 βασιλείαν
923 1042 1030 1097 τοῦ
1071 1041 1208 1096 Υιοῦ
1246 1039 1358 1108 τῆς
1382 1037 1621 1108 ἀγάπης
1648 1034 1856 1093 αὐτοῦ.
1894 1032 2007 1085 Οὐκ
2035 1031 2142 1100 ἄρα

564 1133 648 1195 εἰς
680 1130 779 1201 τὴν
807 1128 1134 1200 ἀπαλλαγὴν
1166 1127 1258 1184 τοῦ
1294 1127 1518 1188 σκότους
1552 1125 1711 1195 μόνον
1745 1121 1946 1185 ἔδειξεν
1976 1115 2139 1172 αὐτοῦ

562 1218 663 1289 τὴν
685 1216 1119 1288 φιλανθρωπίαν.
1156 1215 1317 1282 Μέγα
1349 1207 1674 1284 μένιοῦν-καὶ
1704 1208 1765 1261 τὸ
1795 1205 1888 1261 τοῦ
1916 1206 2142 1267 σκότους

564 1305 906 1372 ἀπαλλάξαιο
969 1304 1046 1357 ’τὸ
1089 1303 1145 1356 δέ
1198 1301 1295 1356 καὶ
1346 1302 1426 1364 εἰς
1482 1296 1759 1369 βασιλείαν
1807 1294 2141 1363 εἰσαγαγεῖν,

567 1391 748 1464 πολλῷ
780 1393 984 1465 μεῖξον.
1005 1392 1149 1463 Ὅρα
1178 1386 1273 1444 οὖν
1317 1388 1434 1452 πῶς
1463 1385 1804 1441 πολύπλοκον
1845 1383 2054 1453 γίνεται
2085 1380 2145 1435 τὸ

564 1480 760 1552 δῶρον,
817 1481 902 1532 ὅτι
959 1480 1018 1532 ἐν
1064 1478 1141 1548 τῷ
1176 1475 1435 1546 πυθμένι
1497 1473 1783 1544 κειμένους
1833 1468 2141 1540 ἀπήλλαξεν

567 1571 735 1639 ἡμᾶς,
772 1570 854 1622 ὅτι
880 1570 988 1623 οὐκ
1013 1565 1291 1638 ἀπήλλαξε
1333 1565 1512 1637 μόνον,
1555 1562 1692 1617 ἀλλὰ
1720 1563 1811 1617 καὶ
1841 1560 2138 1633 μετέθηκεν

566 1659 647 1719 εἰς
676 1656 972 1726 βασιλείαν.
1006 1657 1102 1721 ⁸ος
1156 1654 1451 1723 ἐρῤύσατο
1497 1650 1677 1721 ἡμᾶς.
1704 1651 1817 1705 Οὐκ
1848 1645 2020 1713 εἶπεν,
2056 1646 2142 1712 ἐξ-

570 1743 784 1807 έσαλεν,
813 1744 948 1811 ἀλλ’,
986 1744 1330 1813 Ἐρῤ-ὐσατο,
1357 1740 1466 1813 ’τὴν
1522 1739 1721 1811 πολλὴν
1769 1736 2144 1808 ταλαιπωρίαν

567 1834 781 1897 δεικνὺς
812 1832 992 1903 ἡμῶν,
1047 1832 1144 1887 καὶ
1191 1830 1414 1885 ἐκείνων
1457 1829 1556 1901 τὴν
1583 1827 1982 1901 αἰχμαλωσίαν.
2014 1821 2148 1880 Εἶτα

568 1919 665 1971 καὶ
690 1917 751 1972 τὸ
783 1917 1005 1974 εὔκολον
1052 1918 1153 1989 τῆς
1190 1916 1285 1971 τοῦ
1320 1915 1456 1970 Θεοῦ
1500 1916 1814 1986 δυνάμεωςο
1853 1914 1960 1969 Kal
2006 1928 2146 1984 μετ-

567 2005 814 2074 έστησε,
867 2006 1069 2077 φησίψ
1127 2005 1317 2077 ὥσπερ
1350 2004 1416 2059 ἂν
1448 2003 1502 2057 εῐ
1524 2020 1611 2067 τις
1655 2001 1992 2073 στρατιώτην
2041 2000 2149 2055 ἀπὸ

567 2096 738 2149 τόπου
771 2098 849 2160 εἰς
886 2096 1052 2149 τόπον
1098 2095 1424 2166 μεταγάγοι.
1466 2093 1574 2147 Καὶ
1599 2092 1699 2147 οὐκ
1732 2087 1872 2157 εἷπε,
1912 2090 2150 2161 μετήγα-

550 2200 687 2251 -γεν,
714 2183 833 2237 οὐδέ
863 2183 1131 2254 μετέθηκε
1156 2198 1169 2213 ⁶
1208 2182 1271 2235 τὸ
1303 2182 1401 2253 μὲν
1430 2181 1537 2252 γὰρ
1558 2180 1676 2233 ὅλον
1697 2178 1793 2232 τοῦ
1830 2177 2150 2250 μεταθέντος

553 2266 662 2343 ἢν,
683 2271 743 2323 οὐ
771 2270 863 2324 τοῦ
893 2270 1240 2342 μετελθόντος
1264 2281 1289 2309 α
1312 2287 1326 2301 ·
1359 2267 1516 2332 ἀλλὰ,
1545 2267 1952 2335 Μετέστησεν,
1974 2259 2148 2327 εἶπεν,

550 2357 715 2411 -ῶστε
753 2358 846 2411 καὶ
880 2357 1039 2429 ἡμῶν
1066 2358 1160 2411 καὶ
1189 2355 1355 2409 αὐτοῦ
1385 2354 1542 2409 τοῦτο
1582 2353 1862 2424 γενέσθαι.
1898 2354 2002 2419 Εἰς
2036 2350 2152 2420 τὴν

569 2446 901 2511 ,βασιλείαν
952 2445 1060 2499 τοῦ
1126 2444 1263 2499 Υίοῦ
1319 2441 1429 2511 τῆς
1478 2442 1717 2512 ἀγάπης
1767 2440 1974 2495 αὐτοῦ.
2037 2439 2148 2509 Οὐχ

575 2532 763 2596 ἁπλῶς
820 2530 962 2597 εἷπε,
1013 2531 1289 2602 βασιλείαν
1332 2531 1598 2601 οὐρανῶν,
1641 2528 1777 2583 ἀλλά
1825 2527 2148 2599 σεμνότερον

575 2619 870 2690 εἰργάσατο
903 2620 994 2673 τὸν
1020 2619 1200 2687 λόγον,
1248 2618 1577 2672 Βασιλείαν
1618 2616 1754 2671 Υίοῦ
1791 2615 1960 2669 εἰπών
1983 2633 1996 2646 ν
2030 2614 2145 2668 τού·

573 2725 669 2762 του
693 2707 803 2780 γὰρ
819 2708 972 2761 οὐδὲν
1004 2707 1187 2779 μεῖζον
1213 2705 1490 2778 ἐγκώμιον
1507 2723 1521 2739 '
1552 2704 1580 2759 ό
1603 2707 1698 2760 καί
1717 2704 1947 2776 ἀλλαχοῦ
1966 2721 2149 2774 φησιν’

576 2797 650 2850 Εἰ
680 2797 1081 2866 ὑπομένομεν,
1122 2794 1221 2850 καὶ
1271 2794 1867 2865 συμϐασιλεύσομεν.
1900 2792 2023 2846 Τῶν
2054 2794 2154 2846 αὐ-

576 2882 687 2938 τῶν
721 2883 1004 2955 ἡξίωσενή
1016 2885 1140 2955 μᾶς,
1180 2882 1336 2953 φησὶ,
1369 2881 1448 2951 τῷ
1479 2881 1591 2952 Υἱῷ
1610 2898 1624 2912 ο
1656 2882 1755 2935 καὶ
1782 2881 1842 2935 οὐ
1871 2881 2031 2936 τοῦτο
2061 2882 2155 2952 μό-

563 2988 691 3036 νον,
731 2970 868 3025 ἀλλὰ
901 2971 995 3026 καὶ
1030 2973 1063 3042 ἡ
1094 2970 1364 3034 ἐπίτασις,
1412 2969 1491 3039 τῷ
1540 2967 1831 3040 ἀγαπητῷ.
1885 2969 2025 3031 Τοὺς
2058 2970 2153 3040 ἐχ·

580 3060 764 3132 θροῦς,
800 3060 927 3124 τούς
961 3059 1400 3130 ὲσκοτισμένους,
1428 3058 1630 3130 ἀθρόον
1660 3076 1763 3112 που
1799 3059 1998 3123 αὐτοὺς
2026 3076 2157 3129 μετ-

580 3148 829 3218 έστησεν,
864 3146 993 3200 ἔνθα
1041 3149 1079 3201 ό
1106 3147 1253 3211 Υἱὸς,
1288 3148 1368 3209 εἰς
1414 3145 1515 3218 τὴν
1546 3145 1714 3217 αὐτὴν
1749 3145 1941 3217 ἐκείνῳ
1967 3148 2155 3217 τιμήν.

579 3236 691 3290 Καὶ
718 3235 838 3289 οὐδέ⁹
870 3234 1046 3306 τούτῳ
1074 3234 1322 3306 ἠρκέσθη
1352 3233 1520 3304 μόνῳ,
1557 3232 1671 3287 ἀλλ’
1700 3234 1786 3286 ἵνα
1817 3232 1963 3305 δείξῃ
2018 3234 2159 3303 μέγα

580 3324 642 3376 τὸ
669 3323 863 3395 δῶρον,
900 3323 1002 3376 οὐκ
1049 3321 1293 3394 ⁴ἠρκέσθη
1342 3321 1420 3392 τῷ
1455 3322 1650 3384 εἰπεῖν,
1700 3320 1996 3391 βασιλείαν,
2025 3321 2159 3375 ἀλλὰ

581 3413 677 3464 καὶ
703 3411 810 3466 τοῦ
849 3410 986 3466 Υίοῦ
1012 3410 1354 3481 προσέθηκε’
1404 3409 1498 3463 καὶ
1521 3408 1642 3462 οὐδὲ
1675 3409 1872 3478 τούτῳ,
1902 3408 2041 3463 ἀλλὰ
2067 3412 2160 3463 καλ⁸

579 3498 675 3554 τοῦ
709 3500 998 3572 ἀγαπητοῦ
1020 3518 1033 3530 ’
1075 3500 1171 3555 καὶ
1191 3499 1312 3553 οὐδὲ
1333 3499 1528 3570 τούτῳ,
1558 3497 1694 3552 ἀλλά
1728 3498 1903 3553 καὶτὸ
1939 3499 2037 3568 τῆς
2063 3500 2163 3568 φύ-

580 3604 722 3650 σεως
757 3587 996 3659 ἔντιμον.
1027 3587 1092 3640 Τί
1135 3588 1242 3659 γάρ
1272 3601 1477 3657 φησιν;
1515 3585 1625 3651 Ὃς
1656 3585 1830 3638 ἐστιν
1852 3583 2031 3638 εἰκὼν
2055 3584 2162 3639 τοῦ

564 3675 735 3731 Θεοῦ
764 3677 872 3732 τοῦ
909 3676 1187 3746 ἀοράτου,
1231 3676 1370 3730 Ἀλλ’
1398 3676 1498 3729 οὐκ
1525 3673 1729 3737 εὐθέως
1762 3674 1854 3727 ἐπὶ
1883 3672 2041 3727 τοῦτο
2067 3670 2187 3745 ἧλ-,

582 3764 695 3827 θεν,
728 3764 862 3818 ἀλλά
893 3763 1231 3836 παρενέϐαλε
1266 3761 1366 3835 τὴν
1412 3760 1729 3834 εὐεργεσίαν
1757 3761 1857 3830 τὴν
1882 3762 1962 3825 εἰς
1993 3764 2160 3833 ἡμᾶς.

585 3852 703 3907 ἰνα
731 3854 839 3927 γὰρ
876 3855 949 3927 μὴ
984 3854 1219 3921 ἀκούων,
1250 3853 1425 3907 ὅτιτὸ
1454 3853 1563 3905 πᾶν
1590 3849 1683 3905 τοῦ
1715 3851 1927 3922 Πατρὸς
1962 3847 2050 3922 ἦν,
2078 3870 2164 3905 νο-

588 3941 750 4015 μίσῃς
782 3943 873 3997 τὸν
922 3942 1050 3996 Υίὸν
1098 3941 1256 4004 ἐκτὸς
1310 3938 1471 4004 εἶναι,
1518 3939 1701 3993 δίδωσι
1741 3939 1801 4015 τὸ
1832 3940 1940 3992 πᾶν
1967 3942 2057 3993 καὶ
2088 3939 2164 4011 τῷ

584 4013 721 4101 Υίῷ,
753 4031 937 4084 δίδωσι
965 4030 1061 4084 καὶ
1098 4028 1178 4099 τῷ
1229 4027 1425 4098 Πατρί.
1473 4027 1710 4090 Ἐκεῖνος
1756 4013 1854 4097 μὲν
1889 4029 1998 4097 γὰρ
2039 4045 2167 4098 μετ-

582 4117 805 4187 έθηκεν,
832 4117 945 4172 ἀλλ’
961 4108 1116 4179 οὗτος
1144 4115 1243 4187 τὴν
1265 4115 1444 4169 αἰτίαν
1469 4114 1730 4186 παρέσχε.
1757 4114 1823 4167 Τί
1842 4115 1949 4185 γάρ
1973 4132 2160 4185 φησινς

590 4208 692 4273 Ὃς
719 4207 1014 4275 ἐρῤύσατο
1040 4204 1200 4274 ἡμᾶς
1218 4204 1290 4258 ἐκ
1319 4202 1429 4271 τῆς
1442 4201 1854 4267 ἐξουσίαςτοῦ
1882 4204 2164 4271 σκότους.

528 4338 533 4369 τ
582 4295 792 4348 Ταύτὸν
817 4294 1013 4348 δέςέστὶ
1043 4292 1143 4364 τῷ,
1178 4293 1283 4346 Ἐν
1327 4284 1377 4359 ᾧ
1410 4291 1629 4360 ἔχομεν
1654 4290 1771 4358 τὴν
1816 4291 2166 4359 ἀπολύτρω-

562 4398 710 4447 -σιν,
751 4382 870 4451 τὴν
903 4381 1130 4452 ἄφεσιν
1159 4378 1279 4433 τῶν
1314 4377 1767 4449 ἁμαρτημάτων.
1822 4378 1886 4431 Εἰ
1928 4378 2039 4448 γὰρ
2091 4378 2166 4450 μὴ

521 4486 563 4532 ζα
584 4469 894 4540 ἁφείθημεν
931 4467 1040 4522 τῶν
1070 4467 1505 4540 ἁμαρτημάτων,
1535 4465 1635 4519 οὐκ
1682 4464 1748 4519 ἂν
1797 4466 2165 4536 μετέστημεν.

519 4576 523 4586 ί
598 4558 732 4612 ’ἰδοὺ
762 4555 924 4611 πάλιν
957 4554 1193 4609 ἐνταῦθα
1223 4553 1305 4618 τὸ,
1347 4554 1452 4607 Ἐν
1564 4554 1674 4606 Καὶ
1698 4552 1799 4606 οὐκ
1822 4547 1943 4606 εἷπε
1963 4552 2169 4624 λύτρω-

554 4662 695 4705 ⁴σιν.
744 4643 857 4697 ἀλλ’
888 4642 1315 4714 ’Δπολύτρωσιν,
1361 4639 1503 4694 ὥστε
1550 4641 1684 4712 μηδέ
1730 4643 1917 4693 πεσεῖν
1960 4640 2166 4701 λοιπὸν,

588 4732 726 4804 μηδέ
760 4730 1010 4799 γενέσθαι
1043 4729 1291 4802 θνητούς.
1318 4730 1428 4794 ’⁸ος
1468 4728 1642 4781 ἐστιν
1666 4725 1842 4780 εἰκὼν
1869 4725 1975 4780 τοῦ
2020 4726 2168 4781 Θεοῦ

585 4821 690 4876 τοῦ
739 4819 1019 4890 ἀοράτου,
1069 4819 1445 4889 πρωτότοκος
1500 4814 1704 4883 πάσης
1753 4815 2023 4882 κτΙσεως.
2075 4815 2169 4880 Εἰς

584 4909 810 4980 ζήτημα
838 4909 1184 4979 ἐμπίπτομεν
1224 4904 1388 4979 [358]
1443 4903 1716 4975 αἰρετικόν
1738 4920 1753 4934 ο
1811 4903 1892 4957 διὸ
1921 4905 2162 4976 σήμερον

570 4994 1063 5066 ,ἀναϐαλλομένους
1088 4992 1278 5066 αὐριον
1300 4991 1457 5046 τοῦτο
1498 4989 1815 5065 προσθεῖναι
1846 4991 1948 5056 δεῖ,
1976 4993 2161 5061 ἀκμα-

568 5081 807 5149 ζούσαις
843 5082 997 5155 ὐμῶν
1029 5084 1151 5146 ταῖς
1181 5082 1373 5145 ἀκοαῖς
1403 5078 1860 5153 προσϐάλλοντας.
1897 5079 1962 5133 Εἰ
1999 5079 2055 5132 δέ
2086 5078 2166 5132 δεῖ

583 5185 637 5222 τι
664 5169 826 5224 πλέον
855 5170 1050 5235 εἰπεῖν,
1075 5166 1263 5239 μεῖζον
1283 5167 1379 5222 τοῦ
1408 5165 1541 5221 Υἱοῦ
1558 5165 1738 5238 ἔργον.
1771 5165 1927 5233 Πῶς.;
1961 5166 2167 5220 Ἐκεῖνο

556 5292 561 5295 -
588 5256 688 5326 μὲν
721 5257 831 5327 γὰρ
865 5255 1129 5311 ἀδύνατον
1159 5255 1392 5324 γίνεται,
1438 5254 1500 5309 τὸ
1530 5258 1589 5309 ἐν
1640 5258 1752 5319 τοῖς
1807 5255 2170 5326 ἁμαρτήμασι

590 5344 812 5413 μένουσι
842 5390 845 5393 .
871 5342 1055 5398 δοῦναι
1104 5341 1403 5413 βασιλείαν,
1458 5342 1618 5396 τοῦτο
1662 5342 1718 5395 δὲ
1770 5339 2168 5412 εὐκολώτερονο

588 5432 728 5487 ὥστε
760 5433 1040 5506 τῇνδωρεᾷ
1060 5431 1384 5504 ὡδοποίησε.
1415 5429 1482 5485 Τί
1520 5430 1735 5499 λέγεις;
1768 5429 1889 5483 Τῶν
1915 5430 2173 5501 ἁμαρτη-

594 5521 778 5589 μάτων
810 5537 871 5574 σε
895 5520 1055 5584 αὐτὸς
1099 5519 1332 5590 ἀφῆκεν,
1369 5517 1566 5573 οὐκοῦν
1588 5519 1684 5573 καὶ
1708 5517 1871 5582 αὐτὸς
1896 5520 2171 5590 προσήγα-

591 5624 706 5676 γεν.
733 5610 873 5681 Ἤδη
902 5608 1339 5680 πῳκατεὸἀλετο
1361 5607 1459 5662 τοῦ
1494 5607 1768 5678 δόγματος
1797 5607 1894 5679 τὴν
1924 5605 2097 5677 ῥίζαν.

653 5729 673 5753 ⁸
700 5730 849 5794 Marg.
885 5732 1061 5795 δεινὴ,
1094 5734 1216 5795 ,οὔτε
1239 5732 1487 5795 aerio-ma.
1511 5729 1666 5795 ’Ὥστε
1694 5729 1758 5795 μὴ
1784 5727 1881 5795 τοῦ,
1898 5729 2175 5795 μεταθέντος

585 5791 700 5840 ὅλον
715 5797 769 5864 τὸ
789 5790 1074 5855 κατόρθωμα
1091 5790 1378 5855 λογισθῆναι,
1393 5795 1536 5856 μηδὲν
1557 5790 1739 5841 καὶτοῦ
1762 5792 2058 5853 μετελθόντος
2073 5790 2170 5837 εἰσ-

589 5868 874 5917 ενεγκόντος.
898 5903 907 5918 ,

1234 401 1291 458 S.
1329 393 1614 458 JOANNIS
1651 383 2138 450 CHRYSOSTDMI
2189 378 2507 440 ARCIIIEP.
2534 372 3097 438 ’CONSTANTINOP.

3702 363 3816 421 τη

2322 498 2384 554 δ’.
2420 499 2568 561 Τέως
2595 497 2651 551 δὲ
2678 497 2853 550 ἐκεῖνο
2877 492 3123 552 εἰπόντας
3160 482 3507 541 καταπαῦσαι
3539 473 3633 536 ’τὸν
3660 482 3819 551 λόγον

2247 587 2484 656 ἀνάγκη.
2514 586 2672 638 Ποῖον
2703 583 2767 651 δὴ
2799 580 2989 645 τοῦτο;
3028 579 3151 630 Ὅτι
3178 572 3445 642 τοσαύτης
3474 570 3818 626 ἀπολαύσαν-

2246 690 2339 736 τες
2366 671 2684 743 εὐεργεσίας
2708 671 2795 723 an
2815 666 3017 736 ταύτης
3051 660 3362 735 μεμνῆσθαι
3392 659 3700 743 ὀφείλομεν,
3728 660 3824 713 καὶ

2250 741 2503 826 στρέφειν
2531 752 2820 814 διαπαντὸς
2846 752 2904 803 ἐν
2931 749 3143 810 ἑαυτοῖς
3175 746 3272 816 τὴν
3298 743 3393 797 τοῦ
3414 741 3555 796 Θεοῦ
3586 743 3821 814 δωρεὰν,

2248 844 2344 898 καὶ
2372 843 2532 897 τίνων
2556 841 2843 913 ἀπηλλάγη
2854 856 2974 910 μεν,
3005 838 3099 890 καὶ
3117 835 3276 889 τίνων
3310 833 3575 903 ἐτύχομεν
3598 832 3823 885 ἐννοεῖν·

2249 931 2346 984 καὶ
2375 929 2550 994 οῦτως
2608 927 2847 999 ἐσόμεθα
2884 925 3223 996 εὐχάριστοι,
3261 920 3404 975 οῦτω
3460 919 3560 991 τὴν
3602 919 3827 989 ἀγάπην

2247 1018 2345 1090 τήν
2394 1018 2531 1090 πρὸς
2577 1016 2740 1071 αὐτὸν
2778 1011 3151 1083 ἐπιτενοῦμεν.
3198 1010 3263 1063 Τί
3295 1008 3492 1077 λέγεις,
3532 1006 3824 1078 άνθρωπε;

2252 1109 2332 1170 εἰς
2366 1105 2642 1178 βασιλείαν
2668 1104 2955 1175 κέκλησαι,
2983 1104 3061 1165 εἰς
3091 1099 3361 1171 βασιλείαν
3390 1096 3522 1152 Υἰοῦ
3539 1096 3633 1151 τοῦ
3663 1095 3823 1161 Θεοῦ,

2254 1195 2349 1249 καὶ
2381 1195 2599 1265 χάσμης
2634 1189 2961 1263 πληροῦσαι,
2993 1191 3086 1244 καὶ
3109 1189 3325 1249 κνάσαι,
3363 1186 3458 1240 καὶ
3491 1186 3735 1256 ιάρκᾷς
3760 1184 3823 1237 ΕΞ

2254 1283 2365 1355 γὰρ
2392 1283 2471 1345 εἰς
2494 1281 2721 1353 μυρίους
2749 1279 3012 1341 θανάτους
3034 1276 3271 1347 πηδῆσαι
3297 1274 3531 1345 ἑκάστης
3561 1272 3660 1342 τῆς
3689 1271 3825 1342 ἡμέ-

2257 1388 2357 1441 ρας
2387 1369 2517 1436 ἔδει,
2572 1367 2635 1422 οὐ
2694 1367 2873 1421 πάντα
2922 1364 3093 1436 ἐχρῆν
3136 1364 3462 1433 ὐπομεῖναι;
3518 1361 3656 1414 Ἀλλ’
3684 1359 3825 1431 ὐπέρ

2258 1458 2357 1528 μέν
2385 1456 2560 1528 ἀρχῆς
2590 1455 2700 1508 πᾶν
2728 1451 2906 1508 ὁτιοῦν
2940 1453 3134 1517 ποιεῖς,
3171 1451 3266 1519 τῆς
3293 1449 3350 1503 δὲ
3381 1448 3659 1519 βασιλείας
3692 1448 3824 1519 μέ).-

2252 1545 2360 1599 λων
2386 1545 2664 1599 κοινωνεῖν
2695 1542 2794 1612 τῆς
2814 1539 2904 1594 τοῦ
2930 1535 3289 1607 Μονογενοῦς,
3320 1536 3382 1589 οὐ
3413 1535 3654 1609 καθάλλῃ
3683 1535 3827 1590 κατὰ

2258 1632 2467 1705 μυρίων
2501 1629 2691 1701 ξιφῶν,
2733 1630 2833 1682 οὐκ
2888 1626 3135 1698 ἐμπηδᾷς
3173 1627 3252 1689 εἰς
3306 1622 3450 1695 πῦρ;
3512 1624 3623 1677 Καὶ
3656 1622 3826 1679 οὔπω

2255 1722 2414 1777 τοῦτο
2453 1722 2644 1786 δεινὸν,
2676 1719 2791 1774 ἀλλ’
2842 1719 2925 1772 ὃτι
2972 1718 3067 1771 καὶ
3100 1714 3309 1785 μέλλων
3337 1714 3557 1768 ἀπιέναι
3583 1713 3822 1786 θρηνεῖς,

2255 1811 2352 1866 καὶ
2376 1811 2773 1883 ἐμφιλοχωρεῖς
2801 1812 2914 1872 τοῖς
2955 1805 3192 1860 ἐνταῦθα
3223 1804 3601 1875 φιλοσώματος
3628 1802 3725 1858 ὢν.
3760 1804 3827 1857 τί

2253 1900 2320 1972 δὴ
2348 1901 2543 1965 τοῦτο;
2593 1899 2688 1952 καὶ
2743 1896 2835 1950 τὸν
2881 1894 3108 1949 θάνατον
3142 1892 3368 1963 φρικτὸν
3419 1893 3650 1963 πρᾶγμα
3687 1886 3826 1945 εἶναι

2255 1988 2530 2060 νομίζεις-ς
2571 1987 2638 2039 Ἠ
2685 1983 2869 2056 τρυφὴ
2909 1982 3115 2035 τούτων
3153 1980 3322 2045 αἰτία,
3376 1980 3657 2052 ἡάνεσις’
3705 1980 3829 2033 ἐπεὶ

2255 2078 2349 2145 ὅγε
2378 2076 2717 2137 κατάπικρον
2748 2071 2861 2141 βίον
2899 2069 3029 2135 ζῶν,
3057 2071 3152 2123 καὶ
3183 2067 3528 2138 πτερωθῆναι
3557 2068 3731 2120 ἐλοιτο
3762 2066 3829 2119 ἂν

2231 2166 2351 2219 ,καὶ
2383 2162 2764 2231 ἀπαλλαγῆναι
2818 2158 3088 2213 ἐντεῦθεν.
3128 2157 3240 2211 Νῦν
3279 2157 3337 2210 δὲ
3387 2156 3583 2210 ταύτὸν
3622 2155 3829 2226 πάσχοι

2261 2268 2382 2322 μεν,
2416 2246 2526 2304 οἷον
2565 2249 2616 2301 οἰ
2655 2247 2860 2301 νεοττοὶ
2905 2245 3353 2316 μαλακισθέντες,
3392 2243 3683 2308 διαπαντὸς
3735 2243 3829 2295 ἐπὶ

2255 2341 2356 2411 τῆς
2387 2337 2582 2400 καλιᾶς
2628 2322 2812 2407 μένειν
2856 2334 3149 2396 ἐθέλοντες.
3194 2330 3333 2385 Ἀλλ’
3368 2331 3587 2401 ὅσῳπερ
3620 2330 3687 2384 ἂν
3737 2328 3834 2400 μέο

2259 2443 2460 2497 νωμεν,
2488 2422 2729 2492 τοσούτῳ
2766 2419 3003 2490 ἐσόμεθα
3035 2418 3431 2489 ἀσθενέστεροι.

2328 2512 2510 2568 Καλιά
2545 2511 2655 2582 γὰρ
2680 2513 2708 2564 ό
2738 2507 2929 2581 παρὼν
2976 2507 3089 2578 βίος
3122 2508 3290 2573 ἐστὶν,
3336 2506 3445 2560 ἀπὸ
3487 2507 3714 2577 καρφῶν
3740 2503 3835 2558 καὶ

2265 2600 2436 2672 πηλοῦ
2477 2597 2998 2668 συγκεκολλημένος.
3048 2593 3167 2648 Κᾶν
3201 2593 3301 2658 τὰς
3332 2593 3573 2664 μεγάλας
3613 2610 3702 2662 μοι
3728 2592 3836 2645 δεί-

2265 2691 2360 2762 ξῃς
2397 2688 2595 2751 οἰκίας,
2623 2686 2725 2741 κᾶν
2753 2684 2894 2738 αὐτά
2937 2683 3007 2738 τὰ
3052 2682 3301 2754 βασίλεια
3336 2681 3621 2752 λάμποντα
3655 2679 3837 2750 πολλῷ

2260 2778 2337 2849 τῷ
2369 2775 2554 2848 χρυσῷ
2583 2775 2678 2830 καὶ
2717 2775 2830 2837 τοῖς
2859 2771 3050 2836 λίθοις,
3088 2770 3240 2825 οὐδὲν
3265 2772 3522 2841 οἰήσομαι
3557 2769 3837 2840 διαφέρειν

2262 2866 2454 2928 καλιᾶς
2504 2861 2789 2935 χελιδόνων
2814 2880 2827 2893 ·
2868 2858 2963 2914 τοῦ
3019 2858 3129 2932 γὰρ
3176 2858 3447 2929 χειμῶνος
3493 2858 3834 2919 ἐπιστάντος,

2263 2953 2547 3023 αὐτόματα
2573 2950 2752 3004 πάντα
2778 2949 3027 3001 πεσεῖται
3052 2964 3066 2978 °
3115 2946 3359 3018 χειμῶνα
3387 2945 3444 2999 δέ
3487 2944 3585 3016 τὴν
3626 2944 3839 3016 ἡμέραν

2263 3042 2478 3110 ἐκείνην
2504 3038 2669 3106 λέγω,
2701 3034 2824 3105 οὐχί
2862 3032 2997 3090 πᾶσι
3031 3034 3299 3106 χειμῶνα.
3348 3033 3501 3086 Ἐπεὶ
3530 3032 3623 3085 καὶ
3653 3034 3681 3084 ὁ
3705 3031 3839 3095 Θεὸς

2263 3128 2433 3181 νύκτα
2468 3144 2527 3179 τε
2558 3124 2694 3197 ὁμοῦ
2729 3125 2823 3177 καὶ
2856 3124 3068 3194 ἡμέραν
3095 3122 3184 3176 τὸν
3212 3120 3401 3192 καιρὸν
3429 3122 3636 3175 ἐκεῖνον
3664 3120 3837 3182 καλεῖ,

2264 3216 2455 3286 τὸμὲν
2487 3215 2621 3285 πρὸς
2663 3213 2788 3275 τοὺς
2840 3210 3222 3282 ἁμαρτωλοὺς,
3245 3208 3306 3263 τὸ
3327 3208 3387 3262 δέ
3415 3208 3554 3279 πρὸς
3585 3208 3710 3271 τοὺς
3759 3207 3840 3260 διι-

2266 3304 2473 3367 καίους.
2515 3301 2672 3355 Οὐτω
2693 3299 2788 3353 καὶ
2820 3299 2930 3369 ἐγὼ
2962 3298 3056 3351 νῦν
3080 3297 3325 3368 χειμῶνα
3352 3296 3523 3368 αὐτὴν
3548 3294 3713 3349 καλῶ.
3742 3297 3842 3348 Ἂν

2262 3395 2324 3446 ἐν
2350 3391 2426 3462 τῷ
2448 3391 2595 3458 θέρει
2624 3389 2700 3459 μὴ
2733 3387 3096 3458 ἐκτραφῶμεν
3123 3385 3151 3424 b
3187 3383 3387 3448 καλῶς,
3417 3382 3558 3437 ὥστε
3582 3382 3842 3436 δύνασθαι

2268 3480 2526 3535 ἵπτασθαι
2584 3478 2679 3532 τοῦ
2738 3475 3008 3547 χειμῶνος
3059 3475 3402 3538 ἐπιστάντος,
3465 3473 3527 3526 οὐ
3580 3473 3844 3544 λήψονται

2266 3570 2416 3641 ἡμᾶς
2439 3568 2494 3619 αἱ
2526 3566 2776 3637 μητέρες,
2835 3563 2949 3618 ἀλλ’
2985 3563 3205 3617 ἐάσουσι
3254 3560 3333 3631 τῷ
3377 3560 3520 3632 λιμῷ
3545 3560 3847 3631 διαφθαρῆ-

2269 3674 2376 3722 ναι,
2404 3655 2437 3725 ἢ
2461 3653 2562 3724 τῆς
2590 3652 2783 3714 καλιᾶς
2811 3650 3083 3720 πεσούσης
3108 3647 3425 3702 ἀπολέσθαι.
3444 3649 3712 3718 Καθάπερ
3736 3646 3848 3716 γάρ

2271 3742 2485 3808 καλιὰν,
2530 3739 2731 3810 μᾶλλον
2764 3737 2823 3791 δέ
2850 3737 2947 3792 καὶ
2975 3734 3342 3807 εὐκολώτερον
3370 3736 3595 3806 ταύτης,
3631 3735 3848 3789 ἅπαντα

2271 3831 2527 3901 καθαιρεῖ
2544 3828 2664 3882 τότε
2691 3829 2719 3881 ό
2748 3827 2899 3891 Θεὸς,
2935 3823 3321 3888 ἀνασκευάζων
3350 3824 3444 3877 καὶ
3473 3823 3850 3896 μεταρρυθμί-

2275 3919 2381 3984 ζων
2411 3918 2649 3972 ἆπανταῖ
2668 3916 2743 3969 ιΟἱ
2770 3914 2827 3968 δὲ
2855 3915 3091 3984 άπτηνες
3124 3912 3221 3965 καλ⁸
3242 3912 3559 3981 ἀπαντῆσαι
3592 3911 3741 3981 αὐτῷ
3772 3911 3848 3981 μὴ

2272 4008 2561 4079 δυνάμενοι
2588 4007 2667 4067 εἰς
2689 4004 2780 4057 τὸν
2809 4003 2968 4072 ἀέρα,
2987 4000 3101 4055 ἀλλ’
3128 4000 3270 4055 οὓτω
3302 3999 3584 4070 βαναύσως
3615 4000 3853 4072 τραφέν-

2273 4112 2384 4160 τες,
2413 4096 2487 4157 ti);
2516 4093 2591 4163 μὴ
2616 4091 2759 4161 ἔχειν
2779 4089 2839 4143 τὸ
2860 4089 3058 4160 πτερὸν
3081 4087 3304 4156 κοῦφον,
3331 4088 3609 4141 πείσονται
3639 4089 3854 4143 ἅπαντα

2272 4183 2466 4246 ταῦτα,
2497 4182 2639 4251 άπερ
2672 4179 2817 4242 εἰκὸς
2848 4177 2972 4240 τοὺς
3010 4174 3153 4229 οῦτω
3200 4174 3576 4246 διακειμένους
3634 4174 3851 4231 παθεῖν.

2285 4273 2350 4325 Ἠ
2369 4270 2466 4342 μὲν
2485 4265 2578 4323 οὖν
2605 4267 2709 4322 τῶν
2725 4264 3006 4337 χελιδόνων
3022 4263 3256 4327 νεοττιὰ,
3280 4264 3408 4317 ὅταν
3430 4263 3737 4335 καταπέσῃ,
3760 4280 3859 4315 ταο

2273 4359 2412 4430 χέως
2429 4356 2745 4412 ἀπόλλυται·
2772 4356 2935 4427 ἡμεῖς
2952 4351 3106 4425 [559]
3121 4351 3178 4404 δέ
3204 4352 3303 4406 οὐκ
3331 4350 3698 4420 ἀπολούμεθα,
3720 4350 3860 4404 ἀλλὰ

2276 4444 2616 4517 κολαζόμεθα
2647 4440 2932 4514 διηνεκῶς.
2970 4438 3193 4509 Χειμὼν
3229 4438 3381 4493 ἔσται
3409 4440 3438 4492 ό
3477 4439 3599 4492 τότε
3642 4438 3858 4509 καιρὸς,

2280 4536 2480 4608 μᾶλλον
2504 4534 2562 4587 δὲ
2597 4531 2865 4604 χειμῶνος
2895 4528 3299 4601 χαλεπώτερος.
3333 4529 3408 4581 Οὐ
3433 4527 3542 4598 γὰρ
3568 4528 3861 4599 χείμαρροι

2277 4623 2678 4695 κατασύρονται
2708 4619 2923 4685 ὓδατος,
2955 4618 3090 4671 ἀλλά
3125 4616 3361 4687 ποταμοὶ
3397 4616 3588 4685 πυρός·
3635 4616 3697 4669 οὐ
3732 4616 3865 4668 σκό-

2275 4729 2367 4775 τος
2390 4710 2497 4764 ἀπὸ
2522 4708 2698 4778 νεφῶν
2727 4705 2955 4775 γίνεται,
2987 4703 3125 4759 ἀλλά
3149 4704 3338 4767 σκότος
3358 4702 3550 4757 ἄλυτον
3577 4703 3670 4757 καὶ
3691 4704 3868 4770 ἀφεγ-

2276 4801 2391 4871 γὲς,
2421 4798 2562 4853 ὥστε
2595 4798 2733 4868 μήτε
2781 4795 2875 4848 τὸν
2916 4792 3146 4865 οὐρανὸν
3177 4790 3324 4851 ἰδεῖν,
3386 4791 3525 4861 μήτε
3558 4790 3652 4845 τὸν
3694 4789 3865 4860 ἀέρα,

2277 4887 2414 4945 ἀλλὰ
2451 4886 2561 4941 τῶν
2588 4887 2669 4948 εἰς
2698 4884 2796 4954 τὴν
2826 4882 2931 4951 γῆν
2969 4879 3411 4952 κατωρυγμένων
3461 4877 3660 4947 μᾶλλον
3690 4894 3870 4930 στενοε

2280 4979 2599 5054 χωρεῖσθαι.
2647 4975 2915 5038 Πολλάκις
2944 4972 3116 5026 ταῦτα
3152 4971 3404 5040 λέγομεν,
3435 4967 3548 5022 ἀλλ’
3579 4968 3641 5022 οὐ
3673 4966 3866 5021 πείθο·

2282 5053 2384 5140 μέν
2407 5084 2581 5131 τινας.
2615 5065 2727 5119 Καὶ
2754 5062 2904 5117 οὐδὲν
2934 5058 3265 5131 θαυμαστὸν,
3297 5060 3350 5111 et
3375 5074 3437 5126 γε
3469 5059 3629 5128 ἡμεῖς
3652 5053 3871 5127 ἄνθρω-

2283 5174 2376 5211 ποι
2403 5154 2641 5217 εὐτελεῖς
2672 5151 2849 5207 ταῦτα
2894 5149 3179 5218 πάσχομεν
3219 5145 3360 5216 ὑπὲρ
3390 5144 3651 5198 τοιούτων
3684 5142 3871 5196 διαλε-

2281 5245 2526 5316 γόμενοι,
2564 5243 2699 5295 ὅπου
2734 5256 2799 5309 γε
2829 5237 2925 5293 καὶ
2974 5236 3027 5289 οἱ
3074 5233 3352 5306 προφῆται
3396 5232 3634 5303 ἔπασχον
3666 5229 3868 5293 ταῦτα,

2279 5333 2377 5404 οὐχ
2405 5331 2547 5403 ὐπέρ
2573 5327 2831 5383 τοιούτων
2885 5325 3044 5397 μόνον
3078 5323 3422 5395 πραγμάτων
3462 5318 3871 5389 διαλεγόμενοι.

2279 5420 2419 5476 ἀλλὰ
2442 5419 2533 5473 καὶ
2562 5416 2704 5486 ὑπὲρ
2729 5413 2966 5483 πολέμου
2997 5412 3092 5467 καὶ
3133 5407 3532 5481 αἰχμαλωσίας.
3560 5408 3671 5462 Καὶ
3696 5408 3733 5459 ό
3765 5407 3875 5458 Σε-

2279 5509 2464 5574 δεκίας
2495 5506 2599 5562 ὐπὸ
2620 5503 2715 5558 τοῦ
2745 5501 3008 5576 Ἱερεμίου
3028 5501 3310 5574 ἠλέγχετο,
3332 5498 3428 5552 καὶ
3453 5499 3554 5552 οὐκ
3576 5496 3872 5568 ᾐσχύνετο.

2283 5600 2384 5654 Διὰ
2408 5599 2569 5653 τοῦτο
2597 5595 2782 5663 ἔλεγον
2811 5594 2862 5647 οἰ
2891 5591 3170 5664 προφῆται
3191 5607 3204 5621 '
3269 5588 3414 5644 Οὐαί
3453 5590 3509 5642 οί
3549 5585 3877 5655 λέγοντες,

2283 5687 2572 5761 ἐγγισάτω
2600 5682 2667 5737 τὸ
2700 5681 2885 5752 τάχος
2908 5679 2949 5737 ἀ
2969 5679 3212 5752 ποιήσει
3239 5680 3272 5734 ὀ
3298 5675 3461 5746 Θεὸς,
3497 5671 3597 5731 ῖηι
3623 5674 3878 5745 ιδωμεν,

2348 5845 2377 5884 ὶ»
2399 5843 2548 5904 Reg,
2575 5838 2890 5903 ἐιτραφῶμεν.
