4184 6490
387 338 502 399 3-ιὸ

386 475 549 532 gnam
583 466 826 513 nostram
860 457 1207 516 aﬂlietionem
1241 472 1296 516 et
1325 464 1598 519 miseriam
1624 507 1638 529 ,
1681 475 1735 520 et
1777 465 1987 522 illorum

385 551 784 621 captivitatem.
837 550 1044 607 Deinde
1093 554 1347 622 potentia:
1392 554 1490 609 Dei
1539 555 1894 612 facilitatem:
1928 558 1994 612 Et

394 643 685 710 transtulit,
717 643 931 713 inquit;
960 659 1024 699 ac
1049 645 1093 699 si
1123 646 1244 715 quis
1274 646 1497 702 militem
1527 663 1556 702 a
1588 647 1706 704 loco
1733 648 1783 702 in
1818 649 1996 704 locum

389 739 703 792 transferat.
733 735 848 790 Non
877 735 1012 792 dixit
1034 747 1236 806 autem,
1264 739 1545 806 Traduxit,
1578 756 1771 812 neque,
1797 741 1994 796 Trans-

386 830 606 900 posuit;
653 838 821 885 totum
852 833 997 886 enim
1047 833 1238 888 fuisset
1282 833 1400 904 ejus
1427 835 1515 905 qui
1550 844 1952 905 transposuerat
1977 879 1992 903 ,

387 938 494 978 non
542 923 664 994 ejus
714 925 805 994 qui
851 925 1138 981 transierat
1179 945 1190 979 :
1237 927 1370 996 sed,
1424 928 1746 996 Transtulit,
1803 930 1992 1001 inquit.

386 1015 754 1083 Quamobrem
786 1025 842 1072 et
874 1025 1118 1073 nostrum
1146 1027 1251 1085 est,
1279 1030 1331 1074 et
1360 1019 1500 1090 ejus.
1534 1019 1599 1074 In
1628 1037 1840 1092 regnum
1873 1019 1998 1075 Filii

386 1108 678 1164 dilectionis
704 1126 831 1165 sua.
865 1110 983 1165 Non
1012 1111 1146 1166 dixit
1177 1113 1350 1167 solum
1374 1155 1386 1177 ,
1420 1112 1665 1183 Regnum
1699 1115 1950 1169 caelorum
1978 1157 1992 1179 ,

387 1201 485 1259 sed
514 1202 940 1273 splendidiorem
969 1215 1022 1259 et
1052 1205 1360 1275 graviorem
1388 1204 1627 1262 reddidit
1649 1208 1950 1262 oralionem
1977 1249 1990 1273 ,

389 1295 577 1350 dicens
606 1313 620 1351 :
664 1294 893 1366 Regnum
924 1294 1054 1349 Filii
1077 1312 1097 1361 ;
1127 1311 1192 1352 eo
1214 1297 1357 1352 enim
1389 1312 1494 1351 non
1526 1306 1608 1353 est
1636 1298 1807 1368 majus
1827 1313 1992 1368 enco-

389 1388 559 1442 mium
586 1405 600 1441 :
629 1388 773 1458 quod
804 1389 968 1443 etiam
993 1387 1125 1444 dicit
1148 1389 1296 1455 alibi,
1331 1388 1394 1444 Si
1419 1391 1778 1455 sustineantur,
1802 1400 1847 1444 et
1867 1407 1993 1445 con-

388 1479 714 1550 regnabimus
747 1480 822 1551 (2.
858 1479 990 1533 Tim.
1020 1481 1075 1534 2.
1117 1480 1227 1552 l2).
1265 1480 1458 1536 Iisdem
1493 1497 1590 1537 nos
1619 1483 1867 1552 dignatus
1889 1491 1987 1548 est,

390 1575 583 1644 inquit,
617 1574 817 1646 quibus
843 1574 1038 1630 Filium
1073 1592 1085 1628 :
1118 1590 1218 1630 nec
1247 1575 1349 1630 hoc
1375 1576 1548 1630 solum
1576 1619 1592 1644 ,
1621 1577 1714 1632 sed
1741 1578 1990 1644 additur,

391 1669 677 1725 Dilectum.
709 1668 984 1736 Inimicos,
1017 1669 1109 1738 qui
1155 1669 1491 1724 obteuebrati
1535 1680 1725 1736 erant,
1771 1682 1994 1741 repente

391 1761 664 1816 transtulit
689 1761 780 1816 ubi
809 1769 923 1816 erat
973 1760 1144 1816 Filius
1170 1804 1184 1830 ,
1216 1771 1270 1817 ct
1301 1762 1352 1816 in
1380 1762 1630 1818 eumdem
1676 1765 1726 1817 in
1769 1778 1876 1834 quo
1904 1764 1992 1819 ille

389 1861 508 1908 erat
534 1852 818 1908 honorem.
852 1851 962 1908 Nec
1000 1853 1101 1908 hoc
1146 1853 1263 1908 solo
1304 1853 1402 1908 fuit
1445 1863 1766 1919 contentus;
1801 1854 1894 1911 sed
1937 1864 1994 1910 ut

391 1960 645 2015 magnum
672 1944 986 2000 ostenderet
1012 1944 1244 2012 donum,
1279 1961 1385 2000 non
1415 1947 1545 2002 satis
1574 1947 1757 2002 habuit
1785 1947 1992 2004 dixisse

393 2051 618 2106 regnum
641 2079 655 2104 ,
685 2036 779 2092 sed
825 2037 1032 2091 addidit
1063 2038 1222 2092 etiam
1252 2078 1268 2104 ,
1316 2037 1443 2092 Filii
1468 2054 1486 2093 :
1510 2055 1611 2097 nec
1646 2039 1747 2094 hoc
1772 2041 1945 2095 solum
1973 2081 1988 2108 ,

391 2127 490 2184 sed
522 2129 702 2194 etiam,
735 2128 927 2183 Dilecti
953 2146 968 2194 ;
997 2144 1097 2183 nec
1125 2128 1228 2182 hoc
1253 2137 1480 2198 tantum,
1508 2131 1601 2185 sed
1626 2131 1787 2186 etiam
1817 2131 1991 2186 hono-

391 2235 504 2275 rem
534 2228 588 2275 et
615 2220 779 2275 decus
808 2229 1035 2275 natur-te.
1065 2220 1206 2288 Quid
1231 2221 1374 2276 enim
1402 2221 1573 2277 dicit?
1607 2223 1707 2288 Qui
1734 2233 1802 2278 est
1823 2223 1993 2294 imago

388 2309 489 2367 Dei
514 2312 806 2366 invisibilis.
847 2311 953 2368 Sed
985 2326 1091 2367 non
1117 2313 1299 2367 statim
1330 2313 1395 2368 ad
1424 2313 1474 2369 id
1504 2315 1668 2382 venit,
1701 2314 1795 2370 sed
1828 2315 1993 2370 inter-

384 2404 516 2475 jecit
544 2403 801 2460 collatum
835 2404 888 2459 in
935 2419 1035 2459 nos
1067 2404 1408 2460 beneﬁcium.
1442 2405 1574 2461 Nam
1611 2449 1626 2474 ,
1672 2422 1739 2462 ne
1767 2406 1992 2464 audiens

388 2497 531 2566 quod
568 2504 736 2551 totum
768 2496 839 2550 sit
882 2495 1077 2561 Patris,
1114 2497 1390 2552 existimes
1415 2509 1566 2553 extra
1589 2513 1711 2554 esse
1752 2498 1987 2566 Filium,

389 2588 480 2643 dat
513 2598 688 2644 totum
721 2587 860 2642 Filio
885 2630 899 2654 ,
935 2597 990 2643 et
1022 2595 1192 2642 totum
1236 2588 1398 2643 Patri.
1447 2589 1580 2643 Nam
1634 2590 1724 2646 ille
1769 2590 1990 2660 quidem

391 2682 682 2748 transtulit,
715 2681 811 2736 sed
841 2680 926 2736 hic
954 2696 1170 2736 causam
1198 2683 1451 2753 prmbuit.
1487 2682 1624 2750 Quid
1651 2684 1794 2738 enim
1819 2683 1992 2738 dicit?

391 2773 496 2839 Qui
535 2774 724 2844 eripuit
755 2788 847 2828 nos
877 2790 939 2828 ea:
980 2783 1225 2844 potestate
1249 2775 1586 2829 tenebrarum.
1622 2775 1766 2831 Idem
1812 2784 1990 2832 autem

389 2877 472 2922 cst
499 2867 639 2938 quod
674 2867 807 2922 illud
837 2884 851 2921 :
883 2869 969 2923 M.
1015 2868 1085 2922 In
1125 2885 1223 2934 quo
1269 2870 1510 2926 habemus
1553 2871 1988 2944 redemptionem,

390 2961 739 3014 remissionem
768 2969 1110 3030 peccatorum.
1139 2961 1195 3017 Si
1221 2963 1364 3019 enim
1408 2964 1634 3019 remissa
1665 2980 1770 3019 non
1811 2974 1994 3022 essent

390 3063 630 3123 peccata,
666 3069 774 3107 non
804 3068 1048 3109 essemus
1082 3054 1204 3110 hinc
1233 3057 1495 3111 translati.
1527 3058 1666 3113 Ecce
1695 3074 1879 3115 rursus
1905 3059 1994 3116 hic

391 3143 543 3210 illud,
571 3145 625 3199 in
651 3162 772 3216 quo.
808 3145 874 3200 Et
897 3161 1001 3200 non
1034 3147 1185 3215 dicit,
1235 3156 1460 3222 λύτρωσιν
1483 3193 1498 3218 ,
1525 3152 1950 3222 redemptionem
1975 3197 1990 3221 ,

391 3237 489 3292 sed
519 3240 866 3310 ἀπολύτρωσιν,
899 3237 950 3293 id
975 3250 1094 3305 est,
1130 3241 1340 3310 plenam
1369 3252 1424 3298 et
1454 3243 1745 3315 perfectam
1777 3247 1993 3302 redem-

396 3321 669 3400 ptionem;
717 3347 786 3386 ne
831 3333 1061 3403 amplius
1091 3349 1444 3402 corruamus,
1495 3353 1670 3404 neque
1695 3339 1995 3397 efﬁciamur

398 3423 676 3476 mortales.
711 3423 797 3478 15.
837 3423 936 3490 Qui
969 3435 1040 3480 est
1081 3428 1250 3496 imago
1287 3426 1384 3481 Dei
1421 3429 1705 3499 invisibilis,
1738 3434 1994 3504 primoge-

397 3514 534 3567 nitus
559 3515 720 3568 omnis
736 3517 1022 3571 creatures?
1049 3517 1106 3572 In
1137 3519 1490 3588 qumstionem
1519 3520 1805 3577 incidimus
1824 3523 1996 3580 lucre-

399 3607 558 3660 ticam
589 3625 603 3663 :
637 3618 923 3679 propterea
971 3609 1131 3664 hodie
1160 3610 1470 3668 diﬁ'eremus
1503 3655 1518 3681 ,
1559 3624 1614 3669 et
1636 3619 1873 3671 crastina
1908 3618 1997 3674 die

396 3715 510 3756 rem
551 3700 840 3756 aﬂ‘ercmus
874 3703 1070 3759 vestris
1114 3704 1368 3760 audiendi
1400 3706 1609 3779 cupidis
1649 3709 1889 3766 auribus.
1939 3711 1997 3768 Si

393 3791 522 3861 quid
551 3800 735 3848 autem
766 3802 982 3863 oportet
1021 3795 1254 3865 amplius
1280 3797 1461 3853 dicere
1486 3841 1500 3864 ,
1536 3799 1709 3870 majus
1741 3810 1824 3857 est
1862 3818 1998 3873 opus

395 3884 519 3940 Filii
569 3884 854 3953 Quomodo
881 3888 904 3941 ‘l
938 3887 1071 3944 Illud
1101 3891 1245 3945 enim
1278 3891 1394 3948 ﬁeri
1426 3909 1534 3949 non
1569 3904 1763 3965 potest,
1791 3907 1848 3953 ut
1878 3914 1996 3954 ma-

395 3978 650 4034 nentibus
677 3979 730 4033 in
757 3980 995 4049 peccatis
1022 3981 1114 4037 det
1143 3997 1404 4053 regnum;
1440 3985 1543 4041 hoc
1582 3999 1762 4043 autem
1791 3999 1877 4045 est
1915 3989 1996 4045 ia-

394 4069 551 4125 cilius
599 4072 1000 4143 :quamobrcm
1041 4073 1108 4129 ad
1153 4075 1354 4131 donum
1402 4079 1542 4134 viam
1594 4082 1810 4137 muniit.
1860 4083 1998 4152 Quid

398 4161 576 4216 dicis?
608 4163 727 4234 Ipse
758 4165 849 4221 tibi
883 4176 1102 4236 peccata
1142 4170 1385 4224 remisit:
1414 4186 1545 4242 ergo
1569 4180 1620 4228 te
1645 4189 1860 4245 quoque
1904 4177 2002 4232 ad-

393 4254 569 4309 duxit.
621 4255 744 4312 lam
796 4267 1065 4328 tamquam
1119 4259 1522 4318 fundamentum
1567 4264 1697 4336 jecit
1762 4269 2000 4326 radicem

394 4347 685 4417 dogmatis.

467 4447 522 4500 4.
565 4447 647 4500 Ad
686 4464 898 4519 regnum
943 4449 1070 4505 Filii
1102 4449 1200 4507 Dei
1228 4455 1397 4508 vocari
1439 4466 1687 4524 quantum
1717 4458 1782 4513 sit
1807 4459 2001 4531 beneﬂ-

395 4538 552 4593 cium.
579 4537 696 4594 Vita
726 4557 950 4609 prteseus
975 4545 1121 4613 quasi
1145 4545 1318 4600 nidus.
1343 4545 1519 4603 Terra:
1544 4559 1707 4604 motus
1733 4561 1779 4606 et
1801 4552 2001 4609 urbium

375 4633 702 4687 eversiones.
730 4664 801 4674 —
832 4634 1048 4690 Interim
1105 4646 1283 4692 autem
1328 4653 1450 4694 cum
1503 4641 1636 4697 illud
1679 4641 1996 4715 dixerimus,

384 4724 558 4780 ﬁnem
594 4727 932 4797 imponemus
960 4726 1085 4784 huic
1105 4731 1360 4785 orationi.
1401 4732 1668 4798 Quidnam
1696 4745 1874 4792 autem
1899 4738 2001 4795 hoc

393 4819 519 4873 est?
549 4818 703 4886 Quod
719 4821 945 4875 'tantum
972 4823 1246 4892 assequuti
1270 4825 1612 4892 beneﬁcium,
1640 4829 1758 4897 ejus
1782 4844 2000 4902 semper

397 4910 664 4966 debemus
695 4912 1031 4980 meminisse,
1053 4923 1107 4970 et
1129 4915 1221 4970 Dei
1249 4916 1449 4972 donum
1473 4919 1526 4973 in
1550 4921 1705 4975 nobis
1735 4933 2000 4992 perpetuo

392 5019 638 5073 versare,
687 5021 718 5060 a
767 5007 1088 5078 quibusnam
1142 5009 1390 5076 liberati,
1425 5021 1480 5068 et
1519 5029 1765 5084 quzrnam
1820 5017 2000 5088 adepti

392 5115 584 5155 sumus
628 5101 905 5172 cogitare;
958 5110 1015 5157 et
1058 5103 1134 5158 sic
1184 5105 1324 5175 grati
1355 5106 1578 5175 erimus,
1611 5108 1690 5163 sic
1718 5110 1997 5167 caritatem

392 5195 446 5249 in
480 5210 602 5249 cum
636 5195 974 5266 augebimus.
1004 5196 1142 5266 Quid
1175 5198 1333 5263 dicis,
1367 5215 1400 5253 ο
1439 5200 1640 5256 homo?
1683 5215 1904 5258 vocatus
1940 5220 2000 5260 es

387 5289 459 5342 ad
503 5279 750 5359 regnum,
784 5289 852 5343 ad
900 5305 1123 5360 regnum
1157 5291 1277 5346 Filii
1324 5293 1441 5360 Dei,
1477 5292 1701 5364 hiasque
1757 5305 1900 5351 totus
1945 5307 2000 5353 et

387 5382 610 5447 oseitas,
663 5381 935 5452 fricasque
965 5392 1018 5437 et
1047 5385 1264 5454 scalpis,
1306 5394 1364 5441 et
1409 5388 1713 5456 torpescis?
1744 5388 1800 5445 Si
1849 5392 1998 5449 enim

389 5473 475 5527 vel
501 5473 553 5526 in
575 5472 720 5528 mille
738 5483 941 5529 mortes
963 5485 1014 5530 te
1031 5486 1309 5546 oporteret
1328 5478 1528 5534 insilire
1542 5481 1800 5550 quotidie,
1814 5498 1997 5539 annon

393 5579 581 5623 essent
606 5570 787 5623 omnia
831 5570 1187 5624 sustinenda?
1217 5571 1322 5629 Sed
1351 5582 1410 5628 ut
1458 5576 1828 5644 magistratum
1873 5579 1997 5647 qui-

391 5663 516 5717 dem
567 5660 897 5731 assequaris,
928 5661 1060 5715 nihil
1110 5678 1216 5716 non
1267 5662 1448 5730 facis;
1501 5665 1768 5738 Unigcniti
1815 5678 1995 5726 autem

387 5753 546 5826 regni
590 5753 804 5809 futurus
835 5753 1126 5824 particeps,
1157 5770 1267 5809 non
1316 5757 1368 5810 in
1415 5759 1561 5814 mille
1609 5774 1768 5816 enses
1801 5761 1992 5829 iusilis,

389 5863 502 5906 non
533 5848 587 5906 in
634 5848 815 5920 ignem
861 5855 912 5904 te
943 5845 1161 5919 injicis?
1209 5848 1275 5903 Et
1305 5847 1407 5906 hoc
1456 5852 1692 5910 nondum
1726 5855 1796 5911 ita
1827 5869 1990 5926 grave

1291 343 1358 400 IN
1399 342 1611 402 EPIST.
1658 346 1750 402 AD
1789 343 2070 403 COLOSS.
2114 347 2268 404 CAP.
2313 349 2345 404 1.
2395 351 2632 412 ΠΟΜΚΙ..
2679 357 2742 414 II.

3597 374 3702 432 3H

2113 480 2216 539 est,
2259 474 2354 529 sed
2385 478 2527 546 quod
2579 481 2738 535 etiam
2772 497 3114 552 excessurus,
3151 487 3488 555 lamenteris,
3528 500 3581 544 et
3621 491 3707 548 hic

2106 565 2354 622 lubenter
2372 584 2541 624 versat
2559 571 2624 638 is,
2641 587 2759 627 cum
2780 574 2852 628 sis
2875 585 3084 631 amator
3105 577 3513 648 corporis.Quid
3538 583 3706 636 vero?

2106 659 2339 715 etiamne
2371 673 2599 718 mortem
2647 680 2837 721 censes
2888 684 3008 724 esse
3061 671 3396 727 terribilem?
3425 673 3594 743 Hujus
3625 676 3704 730 rei

2106 765 2268 805 causa
2322 763 2447 808 sunt
2489 755 2696 812 deliciae
2725 767 2780 812 et
2825 761 2991 815 otium
3028 781 3039 815 :
3072 779 3192 817 ram
3225 765 3314 834 qui
3347 766 3509 820 vitam
3556 767 3703 837 degit

2106 841 2380 908 acerbam,
2408 845 2488 898 vel
2522 846 2694 902 alatus
2722 863 2842 902 esse
2881 861 3097 920 cuperet
3139 863 3192 906 et
3224 855 3348 910 hinc
3398 855 3701 912 discedere.

2106 931 2255 987 Nunc
2283 941 2460 989 autem
2492 935 2590 991 hoc
2625 938 2796 1008 ipsum
2827 940 2980 995 nobis
3011 947 3255 999 usuvenit
3282 989 3293 1009 ,
3328 945 3466 1016 quod
3519 948 3702 1017 pullis,

2105 1025 2193 1095 qui
2223 1026 2414 1081 molles
2445 1028 2743 1084 redduntur
2767 1041 2818 1086 et
2858 1035 3026 1087 teneri
3057 1035 3106 1088 in
3142 1035 3268 1090 nido
3301 1038 3540 1093 volentes
3585 1055 3702 1093 ma-

2105 1131 2235 1173 nere
2261 1127 2543 1188 perpetuo.
2577 1121 2681 1176 Sed
2713 1136 2818 1193 quo
2848 1123 3050 1180 diutius
3097 1129 3472 1198 manserimus,
3501 1144 3564 1186 eo
3593 1131 3700 1186 eri-

2105 1224 2224 1265 mus
2253 1210 2656 1268 imbecilliores.

2178 1301 2348 1358 Nidus
2376 1306 2521 1360 enim
2552 1316 2636 1361 est
2669 1309 2772 1362 vita
2806 1325 3067 1379 prmsens,
3102 1314 3466 1384 conglutinata
3503 1331 3566 1371 ex
3609 1333 3705 1388 pa-

2103 1395 2200 1450 leis
2245 1404 2300 1451 et
2347 1397 2480 1452 luto.
2537 1401 2757 1455 Etiamsi
2793 1405 2919 1456 mihi
2951 1421 3172 1476 magnas
3203 1409 3349 1462 aedes
3376 1410 3705 1476 ostenderis,

2103 1496 2158 1542 et
2190 1489 2332 1558 ipsas
2369 1491 2544 1561 regias
2569 1492 2737 1549 multo
2767 1510 2898 1550 auro
2927 1506 2978 1552 et
3007 1500 3240 1568 gemmis
3271 1499 3555 1570 fulgentes,
3589 1504 3705 1556 exi-

2103 1587 2338 1642 stimabo
2361 1604 2453 1644 eas
2481 1589 2614 1644 nihil
2643 1590 2862 1649 differre
2905 1609 2931 1646 a
2967 1595 3106 1648 nidis
3161 1595 3528 1650 hirundinum.
3569 1595 3702 1651 Nam

2100 1695 2222 1735 cum
2252 1681 2424 1736 hiems
2456 1682 2756 1750 advenerit,
2778 1687 2960 1738 omnia
2994 1701 3087 1740 sua
3120 1696 3312 1758 sponte
3335 1687 3562 1743 cadent:
3589 1688 3704 1743 hic»

2102 1789 2241 1828 mem
2276 1784 2452 1830 autem
2498 1777 2714 1847 appello
2741 1777 2894 1833 illum
2926 1779 3092 1844 diem,
3123 1783 3214 1852 qui
3256 1798 3363 1836 non
3397 1793 3480 1838 est
3524 1782 3702 1838 hiems

2100 1867 2370 1923 omnibus.
2401 1868 2533 1924 Nam
2569 1870 2710 1926 Deus
2760 1888 2978 1943 quoque
3025 1883 3236 1930 noctem
3286 1885 3340 1930 et
3394 1875 3537 1931 diem
3571 1875 3700 1930 illud

2101 1971 2313 2033 tempus
2344 1965 2599 2034 appellat,
2635 1966 2766 2022 illud
2797 1966 3038 2037 quidem,
3073 1969 3372 2038 respiciens
3413 1968 3477 2023 ad
3511 1985 3702 2040 pecca-

2101 2064 2246 2111 tores
2270 2073 2284 2123 ;
2315 2057 2418 2112 hoc
2445 2073 2595 2125 vero,
2621 2058 2688 2113 ad
2713 2059 2911 2130 justos.
2943 2060 3016 2114 Ita
3045 2077 3143 2131 ego
3172 2077 3314 2117 nunc
3346 2077 3556 2132 quoque
3577 2078 3701 2117 eum

2098 2163 2235 2203 voco
2268 2148 2522 2205 hiemem.
2546 2150 2600 2206 Si
2630 2161 2817 2207 aestate
2847 2167 2956 2207 non
2992 2153 3252 2208 fuerimus
3282 2155 3419 2208 bene
3461 2154 3702 2217 θωπί-ἰή.

2099 2248 2158 2294 ut
2189 2241 2458 2310 possimus
2488 2241 2673 2297 volare
2701 2256 2824 2297 cum
2858 2243 3032 2298 hiems
3078 2244 3382 2312 advenerit,
3415 2259 3522 2298 non
3553 2245 3699 2298 acci-

2100 2334 2249 2404 pient
2280 2348 2381 2388 nos
2430 2343 2654 2400 matres,
2687 2334 2783 2390 sed
2825 2351 2924 2391 nos
2953 2335 3096 2390 fame
3127 2337 3308 2391 sinent
3335 2336 3573 2404 enecari,
3613 2346 3706 2390 aut

2100 2426 2227 2482 nido
2253 2427 2483 2483 cadente
2516 2427 2763 2484 interire.
2794 2428 2925 2484 Nam
2956 2431 3095 2485 sicut
3118 2429 3322 2493 nidum,
3356 2431 3464 2485 imo
3487 2445 3615 2487 vero
3639 2447 3705 2486 eo

2099 2519 2324 2586 facilius,
2349 2519 2533 2574 omnia
2565 2536 2705 2575 nunc
2728 2531 2998 2592 expurgat
3021 2523 3183 2588 Deus,
3214 2526 3392 2578 omnia
3423 2521 3706 2578 destructis

2099 2627 2464 2683 reparansque
2490 2624 2544 2669 et
2570 2628 2924 2685 componens.
2957 2613 3271 2672 Involucres
3302 2625 3504 2685 autem,
3528 2628 3583 2673 et
3610 2620 3705 2687 qui

2099 2722 2205 2762 non
2237 2717 2461 2777 possunt
2488 2708 2536 2762 ei
2566 2707 2779 2762 obviam
2812 2709 3001 2764 venire
3031 2710 3082 2764 iu
3109 2725 3259 2774 aere,
3290 2710 3384 2765 sed
3414 2711 3551 2766 adeo
3578 2726 3700 2766 sor-

2099 2799 2222 2856 dide
2250 2809 2305 2856 et
2330 2800 2670 2857 illiberaliter
2710 2811 2836 2858 sunt
2864 2803 3076 2858 educati
3109 2812 3164 2859 ut
3194 2803 3343 2859 leves
3371 2820 3576 2875 pennas
3609 2807 3704 2860 ha-

2099 2891 2228 2948 bere
2278 2907 2383 2948 non
2439 2894 2666 2965 possint,
2698 2910 2760 2949 ca
2811 2896 3085 2966 patientur
3111 2912 3232 2968 quae
3277 2907 3702 2953 consentaneum

2101 2995 2183 3040 cst
2214 3000 2308 3041 eos
2350 2985 2459 3056 pati
2491 2987 2581 3057 qui
2613 2987 2690 3042 sic
2720 2996 2849 3042 sunt
2890 2987 3085 3044 aﬁ‘ecli.
3138 2991 3312 3060 Atque
3356 2989 3702 3046 hirundinum

2101 3079 2316 3149 quidem
2351 3080 2510 3134 nidus
2535 3096 2654 3135 cum
2707 3079 2986 3148 ceciderit,
3022 3083 3129 3136 cito
3161 3084 3302 3152 perit
3332 3102 3344 3137 :
3377 3100 3474 3138 nos
3523 3094 3699 3139 autem

2103 3186 2209 3226 non
2239 3172 2501 3241 perimus,
2527 3172 2622 3227 sed
2651 3183 2910 3243 perpetuo
2939 3177 3210 3245 punimur.
3232 3174 3417 3230 Hiems
3437 3177 3537 3231 erit
3560 3179 3701 3248 quod

2105 3271 2232 3318 tunc
2261 3263 2365 3319 erit
2388 3273 2622 3334 tempus,
2658 3265 2766 3320 imo
2797 3280 2926 3322 vero
2952 3264 3128 3321 hieme
3166 3267 3386 3339 gravius
3427 3283 3490 3323 ac
3529 3269 3704 3325 mole~

2102 3358 2258 3412 stius.
2282 3356 2400 3412 Non
2423 3358 2567 3413 enim
2603 3358 2889 3414 trahuntur
2922 3367 3190 3415 torrentes
3221 3375 3396 3431 aqum,
3430 3361 3524 3416 sed
3553 3360 3701 3416 ﬂuvii

2103 3449 2240 3520 ignis
2266 3468 2279 3504 :
2309 3465 2418 3505 non
2451 3459 2578 3504 sunt
2607 3450 2847 3506 tenebrat:
2887 3467 2918 3507 e
2949 3451 3202 3517 nubibus,
3228 3451 3322 3508 sed
3357 3453 3590 3508 tenebrat
3619 3454 3703 3506 in-

2104 3543 2476 3611 dissolubiles,
2505 3555 2560 3600 et
2587 3545 2708 3600 luce
2741 3546 2955 3614 penitus
2994 3553 3279 3611 carentes;
3323 3545 3460 3601 adeo
3508 3556 3569 3601 ut
3607 3562 3707 3602 nec

2103 3638 2295 3694 crelum
2323 3639 2541 3694 videant
2581 3653 2683 3694 nec
2712 3653 2918 3706 aerem,
2953 3637 3048 3694 sed
3095 3639 3146 3693 in
3191 3638 3426 3709 majores
3454 3639 3707 3709 redigan-

2105 3740 2192 3786 tur
2237 3731 2534 3801 angustias,
2570 3746 2731 3802 quam
2763 3731 2854 3801 qui
2901 3730 3086 3786 infossi
3131 3738 3258 3785 sunt
3299 3731 3352 3785 in
3385 3739 3549 3786 terra.
3583 3731 3708 3785 Ilzee.

2105 3839 2250 3895 saepe
2275 3824 2531 3892 dicimus,
2563 3823 2659 3880 sed
2709 3839 2818 3878 non
2869 3823 3262 3894 persuademus
3287 3823 3571 3893 aliquibus.
3601 3822 3708 3879 Sed

2107 3935 2215 3975 non
2247 3927 2331 3974 est
2380 3919 2598 3984 mirum,
2631 3916 2677 3972 si
2720 3916 2898 3984 nobis,
2928 3917 3019 3988 qui
3052 3931 3237 3972 sumus
3284 3917 3416 3972 viles
3442 3916 3707 3981 homines,

2105 4010 2554 4067 concionantibus
2605 4010 2721 4064 haec
2750 4007 3020 4074 accidunt,
3052 4024 3175 4064 cum
3225 4007 3342 4063 haec
3373 4009 3537 4064 etiam
3565 4010 3710 4064 acci-

2107 4103 2297 4159 derent
2340 4101 2643 4175 prophetis,
2675 4116 2783 4156 non
2811 4101 2878 4155 de
2919 4101 3006 4156 his
3035 4101 3211 4155 solum
3246 4099 3406 4154 rebus
3435 4101 3710 4156 disseren-

2107 4197 2276 4263 tibus,
2309 4196 2403 4252 sed
2434 4205 2490 4251 et
2528 4195 2598 4251 de
2635 4195 2778 4250 bello
2826 4201 2882 4249 et
2931 4193 3264 4262 captivitate.
3309 4192 3376 4246 Et
3419 4192 3711 4249 Sedechias

2108 4289 2434 4359 arguebatur
2455 4301 2484 4341 a
2516 4286 2774 4351 Jeremia,
2807 4300 2909 4340 nec
2936 4283 3272 4340 afﬁciebatur
3304 4283 3527 4354 pudore.
3573 4284 3709 4339 Pro-

2109 4394 2296 4455 pterea
2327 4381 2580 4437 dicebant
2605 4378 2883 4450 propheta:
2909 4395 2922 4433 :
2965 4375 3053 4432 Va:
3077 4377 3162 4448 qui
3189 4376 3385 4444 dicunt,
3414 4377 3710 4449 .4ppr0pin—

2109 4481 2262 4544 quant
2289 4473 2388 4526 cito
2412 4487 2527 4543 qua:
2553 4471 2704 4542 faciet
2727 4469 2885 4535 Deus,
2917 4478 2975 4522 ut
2995 4469 3274 4535 videamus,
3309 4476 3352 4522 et
3379 4468 3544 4521 veniat
3583 4485 3710 4522 cou-

2109 4567 2284 4621 silium
2329 4564 2510 4620 Sancti
2553 4560 2742 4630 Israel,
2773 4570 2830 4615 ut
2870 4576 3238 4633 cognoscamus
3282 4557 3434 4631 (lsai.
3473 4560 3709 4632 54.19).

2108 4657 2187 4714 Ne
2216 4657 2320 4713 hoc
2363 4657 2644 4711 miremur.“
2676 4654 2810 4710 Nam
2842 4663 2896 4710 et
2937 4655 3028 4725 qui
3078 4665 3234 4709 erant
3277 4663 3518 4724 tempore
3547 4669 3710 4721 areae,

2112 4765 2217 4806 non
2245 4748 2566 4815 credebant,
2599 4747 2696 4804 sed
2723 4746 3088 4810 crediderunt,
3114 4745 3328 4816 quando
3359 4745 3566 4800 nullum
3596 4755 3714 4801 erat

2110 4845 2319 4900 lucrum
2369 4842 2488 4897 ﬁdei
2525 4858 2538 4896 :
2575 4855 2756 4911 neque
2787 4840 2878 4910 qui
2905 4847 3063 4894 erant
3116 4836 3387 4904 Sodomis,
3433 4847 3717 4908 exspecta-

2110 4946 2258 5002 runt,
2299 4935 2407 4992 scd‘
2441 4935 2540 5006 ipsi
2579 4950 2794 5004 quoque
2823 4933 3190 4997 crediderunt,
3225 4932 3440 5003 quando
3469 4932 3603 4988 nihil
3632 4933 3713 4989 eis

2109 5032 2332 5104 profuit.
2366 5031 2431 5084 Et
2476 5028 2604 5100 quid
2634 5027 2757 5083 dico
2802 5027 2870 5083 de
2902 5026 3136 5082 futuris?
3167 5025 3289 5096 quis
3345 5036 3714 5097 exspectasset

2111 5142 2172 5182 ea
2203 5140 2322 5197 qua:
2364 5138 2508 5178 nunc
2536 5122 2668 5176 ﬁunt
2713 5121 2764 5175 in
2797 5121 3027 5176 diversis
3057 5120 3209 5187 locis,
3245 5130 3400 5174 terra:
3433 5131 3632 5183 motus,
3661 5128 3716 5174 et

2113 5218 2322 5273 urbium
2352 5214 2665 5270 eversiones
2687 5210 2762 5284 (η)
2785 5214 2810 5266 ?
2864 5211 3025 5282 Atqui
3077 5210 3196 5265 hinc
3225 5221 3379 5266 erant
3410 5210 3514 5265 illis
3541 5211 3713 5281 magis

2109 5308 2415 5373 credibilia,
2445 5323 2604 5376 quam
2655 5320 2804 5371 arca,
2853 5305 3094 5375 inquam.
3126 5302 3406 5358 Undenam
3455 5302 3558 5356 hoc
3583 5315 3713 5357 con-

2108 5402 2254 5458 stat?
2282 5399 2435 5469 Quod
2484 5400 2556 5454 illi
2587 5397 2803 5470 quidem
2839 5413 2943 5452 non
3002 5397 3276 5467 potuerint
3325 5393 3469 5449 aliud
3517 5409 3710 5449 exem-

2107 5495 2255 5565 pfum
2283 5492 2546 5562 aspicere,
2572 5504 2746 5560 neque
2767 5489 3071 5558 Scripturas
3088 5486 3402 5542 audierunt:
3428 5485 3514 5540 hic
3531 5494 3708 5540 autem

2110 5597 2234 5642 sunt
2277 5584 2712 5652 innumerabilia,
2746 5597 2868 5655 qua:
2897 5591 2952 5637 et
2997 5582 3200 5638 nostris
3243 5579 3381 5636 facta
3418 5592 3538 5636 sunt
3577 5590 3712 5636 tem-

2171 5805 2244 5870 (ῃ)
2269 5803 2345 5852 De
2371 5808 2520 5870 terra;
2543 5803 2757 5870 motibus
2781 5807 2832 5870 et
2855 5800 3050 5870 urbium
3075 5798 3433 5870 everaonibus,
3457 5809 3566 5864 qua”:
3583 5803 3699 5849 tunc

2108 5861 2410 5926 acciderunt,
2431 5865 2544 5917 vide
2567 5877 2676 5929 quae
2700 5864 2915 5914 diximus
2937 5865 2984 5914 in
3009 5861 3209 5912 Monito.
