  <div class='ocr_page' id='page_1' title='image "/cluster/home/n/w/nwhite01/storage/ocr_20150623/62:no.11/coo.31924054869627/321.png"; bbox 0 0 4184 6494; ppageno 0'>
   <div class='ocr_carea' id='block_1_1' title="bbox 503 372 608 426">
    <p class='ocr_par' dir='ltr' id='par_1_1' title="bbox 503 372 608 426">
     <span class='ocr_line' id='line_1_1' title="bbox 503 372 608 426; baseline 0 0"><span class='ocrx_word' id='word_1_1' title='bbox 503 372 608 426; x_wconf 68' lang='grc' dir='ltr'><strong>’ἐιὸ</strong></span> 
     </span>
    </p>
   </div>
   <div class='ocr_carea' id='block_1_2' title="bbox 504 463 2087 558">
    <p class='ocr_par' dir='ltr' id='par_1_2' title="bbox 504 463 2087 558">
     <span class='ocr_line' id='line_1_2' title="bbox 504 463 2087 558; baseline -0.015 -18"><span class='ocrx_word' id='word_1_2' title='bbox 504 489 729 558; x_wconf 86' lang='lat' dir='ltr'><strong>poribus</strong></span> <span class='ocrx_word' id='word_1_3' title='bbox 777 489 835 537; x_wconf 75' lang='lat' dir='ltr'><strong>et</strong></span> <span class='ocrx_word' id='word_1_4' title='bbox 881 475 1326 550; x_wconf 81' lang='lat' dir='ltr'><strong>praecedentibus.</strong></span> <span class='ocrx_word' id='word_1_5' title='bbox 1360 473 1467 534; x_wconf 98' lang='lat' dir='ltr'><strong>Sed</strong></span> <span class='ocrx_word' id='word_1_6' title='bbox 1515 469 1782 525; x_wconf 90' lang='lat' dir='ltr'><strong>undenam</strong></span> <span class='ocrx_word' id='word_1_7' title='bbox 1826 463 2087 558; x_wconf 76' lang='lat' dir='ltr'><strong>processit</strong></span> 
     </span>
    </p>
   </div>
   <div class='ocr_carea' id='block_1_3' title="bbox 509 555 2085 634">
    <p class='ocr_par' dir='ltr' id='par_1_3' title="bbox 509 555 2085 634">
     <span class='ocr_line' id='line_1_3' title="bbox 509 555 2085 634; baseline -0.015 -2"><span class='ocrx_word' id='word_1_8' title='bbox 509 555 698 632; x_wconf 84' lang='lat' dir='ltr'><strong>eorum</strong></span> <span class='ocrx_word' id='word_1_9' title='bbox 731 569 1115 630; x_wconf 74' lang='lat' dir='ltr'><strong>incredulitas?</strong></span> <span class='ocrx_word' id='word_1_10' title='bbox 1159 569 1237 622; x_wconf 88' lang='lat' dir='ltr'><strong>Ex</strong></span> <span class='ocrx_word' id='word_1_11' title='bbox 1267 565 1413 620; x_wconf 87' lang='lat' dir='ltr'><strong>molli</strong></span> <span class='ocrx_word' id='word_1_12' title='bbox 1457 573 1511 619; x_wconf 93' lang='lat' dir='ltr'><strong>et</strong></span> <span class='ocrx_word' id='word_1_13' title='bbox 1537 564 1723 634; x_wconf 83' lang='lat' dir='ltr'><strong>ignava</strong></span> <span class='ocrx_word' id='word_1_14' title='bbox 1751 559 1927 613; x_wconf 89' lang='lat' dir='ltr'><strong>anima</strong></span> <span class='ocrx_word' id='word_1_15' title='bbox 1957 573 1970 610; x_wconf 89' lang='lat'><strong>:</strong></span> <span class='ocrx_word' id='word_1_16' title='bbox 2003 555 2085 610; x_wconf 89' lang='lat' dir='ltr'><strong>bi-</strong></span> 
     </span>
    </p>
   </div>
   <div class='ocr_carea' id='block_1_4' title="bbox 511 649 2085 728">
    <p class='ocr_par' dir='ltr' id='par_1_4' title="bbox 511 649 2085 728">
     <span class='ocr_line' id='line_1_4' title="bbox 511 649 2085 728; baseline -0.015 -3"><span class='ocrx_word' id='word_1_17' title='bbox 511 667 714 726; x_wconf 86' lang='lat' dir='ltr'><strong>bebant</strong></span> <span class='ocrx_word' id='word_1_18' title='bbox 755 673 810 721; x_wconf 83' lang='lat' dir='ltr'><strong>et</strong></span> <span class='ocrx_word' id='word_1_19' title='bbox 835 663 1210 725; x_wconf 89' lang='lat' dir='ltr'><strong>comedehant,</strong></span> <span class='ocrx_word' id='word_1_20' title='bbox 1246 669 1299 713; x_wconf 89' lang='lat' dir='ltr'><strong>et</strong></span> <span class='ocrx_word' id='word_1_21' title='bbox 1327 667 1614 728; x_wconf 75' lang='lat' dir='ltr'><strong>propterea</strong></span> <span class='ocrx_word' id='word_1_22' title='bbox 1644 668 1748 708; x_wconf 93' lang='lat' dir='ltr'><strong>non</strong></span> <span class='ocrx_word' id='word_1_23' title='bbox 1777 649 2085 706; x_wconf 86' lang='lat' dir='ltr'><strong>credebant.</strong></span> 
     </span>
    </p>
   </div>
   <div class='ocr_carea' id='block_1_5' title="bbox 509 748 2085 829">
    <p class='ocr_par' dir='ltr' id='par_1_5' title="bbox 509 748 2085 829">
     <span class='ocr_line' id='line_1_5' title="bbox 509 748 2085 829; baseline -0.015 -14"><span class='ocrx_word' id='word_1_24' title='bbox 509 759 643 816; x_wconf 78' lang='lat' dir='ltr'><strong>Nam</strong></span> <span class='ocrx_word' id='word_1_25' title='bbox 663 773 783 829; x_wconf 76' lang='lat' dir='ltr'><strong>qua:</strong></span> <span class='ocrx_word' id='word_1_26' title='bbox 805 756 918 810; x_wconf 78' lang='lat' dir='ltr'><strong>vult</strong></span> <span class='ocrx_word' id='word_1_27' title='bbox 939 753 1224 824; x_wconf 81' lang='lat' dir='ltr'><strong>quispiam,</strong></span> <span class='ocrx_word' id='word_1_28' title='bbox 1249 766 1312 806; x_wconf 83' lang='lat' dir='ltr'><strong>ea</strong></span> <span class='ocrx_word' id='word_1_29' title='bbox 1335 759 1390 803; x_wconf 91' lang='lat' dir='ltr'><strong>et</strong></span> <span class='ocrx_word' id='word_1_30' title='bbox 1420 757 1589 816; x_wconf 88' lang='lat' dir='ltr'><strong>ptttat,</strong></span> <span class='ocrx_word' id='word_1_31' title='bbox 1612 761 1671 800; x_wconf 88' lang='lat' dir='ltr'><strong>ea</strong></span> <span class='ocrx_word' id='word_1_32' title='bbox 1705 755 1759 800; x_wconf 91' lang='lat' dir='ltr'><strong>et</strong></span> <span class='ocrx_word' id='word_1_33' title='bbox 1783 748 2085 812; x_wconf 85' lang='lat' dir='ltr'><strong>exspectat:</strong></span> 
     </span>
    </p>
   </div>
   <div class='ocr_carea' id='block_1_6' title="bbox 512 839 1815 923">
    <p class='ocr_par' dir='ltr' id='par_1_6' title="bbox 512 839 1815 923">
     <span class='ocr_line' id='line_1_6' title="bbox 512 839 1815 923; baseline -0.014 -16"><span class='ocrx_word' id='word_1_34' title='bbox 512 854 601 923; x_wconf 88' lang='lat' dir='ltr'><strong>qui</strong></span> <span class='ocrx_word' id='word_1_35' title='bbox 633 859 808 906; x_wconf 89' lang='lat' dir='ltr'><strong>autem</strong></span> <span class='ocrx_word' id='word_1_36' title='bbox 839 846 1244 910; x_wconf 89' lang='lat' dir='ltr'><strong>contradicunt,</strong></span> <span class='ocrx_word' id='word_1_37' title='bbox 1273 855 1506 911; x_wconf 86' lang='lat' dir='ltr'><strong>nugaees</strong></span> <span class='ocrx_word' id='word_1_38' title='bbox 1534 839 1815 893; x_wconf 82' lang='lat' dir='ltr'><strong>habentur.</strong></span> 
     </span>
    </p>
   </div>
   <div class='ocr_carea' id='block_1_7' title="bbox 584 925 2090 998">
    <p class='ocr_par' dir='ltr' id='par_1_7' title="bbox 584 925 2090 998">
     <span class='ocr_line' id='line_1_7' title="bbox 584 925 2090 998; baseline -0.015 -1"><span class='ocrx_word' id='word_1_39' title='bbox 584 944 640 998; x_wconf 88' lang='grc'><strong>5.</strong></span> <span class='ocrx_word' id='word_1_40' title='bbox 679 940 787 996; x_wconf 86' lang='lat' dir='ltr'><strong>Sed</strong></span> <span class='ocrx_word' id='word_1_41' title='bbox 818 957 884 994; x_wconf 90' lang='lat' dir='ltr'><strong>ne</strong></span> <span class='ocrx_word' id='word_1_42' title='bbox 921 939 1024 993; x_wconf 87' lang='lat' dir='ltr'><strong>hoc</strong></span> <span class='ocrx_word' id='word_1_43' title='bbox 1054 936 1210 991; x_wconf 90' lang='lat' dir='ltr'><strong>nobis</strong></span> <span class='ocrx_word' id='word_1_44' title='bbox 1237 933 1445 988; x_wconf 90' lang='lat' dir='ltr'><strong>accidat</strong></span> <span class='ocrx_word' id='word_1_45' title='bbox 1475 949 1489 985; x_wconf 92' lang='lat'><strong>:</strong></span> <span class='ocrx_word' id='word_1_46' title='bbox 1539 945 1644 984; x_wconf 90' lang='lat' dir='ltr'><strong>non</strong></span> <span class='ocrx_word' id='word_1_47' title='bbox 1673 928 1816 983; x_wconf 90' lang='lat' dir='ltr'><strong>enim</strong></span> <span class='ocrx_word' id='word_1_48' title='bbox 1848 925 1950 981; x_wconf 89' lang='lat' dir='ltr'><strong>erit</strong></span> <span class='ocrx_word' id='word_1_49' title='bbox 1973 937 2090 976; x_wconf 85' lang='lat' dir='ltr'><strong>am-</strong></span> 
     </span>
    </p>
   </div>
   <div class='ocr_carea' id='block_1_8' title="bbox 515 1014 2093 1104">
    <p class='ocr_par' dir='ltr' id='par_1_8' title="bbox 515 1014 2093 1104">
     <span class='ocr_line' id='line_1_8' title="bbox 515 1014 2093 1104; baseline -0.01 -20"><span class='ocrx_word' id='word_1_50' title='bbox 515 1035 654 1104; x_wconf 83' lang='lat' dir='ltr'><strong>plius</strong></span> <span class='ocrx_word' id='word_1_51' title='bbox 683 1031 966 1095; x_wconf 81' lang='lat' dir='ltr'><strong>diluvium,</strong></span> <span class='ocrx_word' id='word_1_52' title='bbox 999 1043 1172 1098; x_wconf 90' lang='lat' dir='ltr'><strong>neque</strong></span> <span class='ocrx_word' id='word_1_53' title='bbox 1197 1026 1262 1080; x_wconf 83' lang='lat' dir='ltr'><strong>ad</strong></span> <span class='ocrx_word' id='word_1_54' title='bbox 1287 1033 1513 1079; x_wconf 89' lang='lat' dir='ltr'><strong>mortem</strong></span> <span class='ocrx_word' id='word_1_55' title='bbox 1543 1036 1710 1090; x_wconf 90' lang='lat' dir='ltr'><strong>usque</strong></span> <span class='ocrx_word' id='word_1_56' title='bbox 1732 1017 1967 1090; x_wconf 92' lang='lat' dir='ltr'><strong>punitio;</strong></span> <span class='ocrx_word' id='word_1_57' title='bbox 1999 1014 2093 1070; x_wconf 88' lang='lat' dir='ltr'><strong>sed</strong></span> 
     </span>
    </p>
   </div>
   <div class='ocr_carea' id='block_1_9' title="bbox 514 1104 2094 1194">
    <p class='ocr_par' dir='ltr' id='par_1_9' title="bbox 514 1104 2094 1194">
     <span class='ocr_line' id='line_1_9' title="bbox 514 1104 2094 1194; baseline -0.011 -18"><span class='ocrx_word' id='word_1_58' title='bbox 514 1122 902 1194; x_wconf 76' lang='lat' dir='ltr'><strong>suppliciorum</strong></span> <span class='ocrx_word' id='word_1_59' title='bbox 929 1120 1140 1174; x_wconf 91' lang='lat' dir='ltr'><strong>initium</strong></span> <span class='ocrx_word' id='word_1_60' title='bbox 1174 1127 1255 1172; x_wconf 87' lang='lat' dir='ltr'><strong>est</strong></span> <span class='ocrx_word' id='word_1_61' title='bbox 1287 1130 1432 1169; x_wconf 87' lang='lat' dir='ltr'><strong>mors</strong></span> <span class='ocrx_word' id='word_1_62' title='bbox 1460 1129 1566 1167; x_wconf 94' lang='lat' dir='ltr'><strong>non</strong></span> <span class='ocrx_word' id='word_1_63' title='bbox 1597 1111 1932 1166; x_wconf 84' lang='lat' dir='ltr'><strong>credentium</strong></span> <span class='ocrx_word' id='word_1_64' title='bbox 1951 1104 2094 1176; x_wconf 88' lang='lat' dir='ltr'><strong>quod</strong></span> 
     </span>
    </p>
   </div>
   <div class='ocr_carea' id='block_1_10' title="bbox 514 1200 2096 1282">
    <p class='ocr_par' dir='ltr' id='par_1_10' title="bbox 514 1200 2096 1282">
     <span class='ocr_line' id='line_1_10' title="bbox 514 1200 2096 1282; baseline -0.01 -14"><span class='ocrx_word' id='word_1_65' title='bbox 514 1215 584 1268; x_wconf 81' lang='lat' dir='ltr'><strong>sit</strong></span> <span class='ocrx_word' id='word_1_66' title='bbox 611 1212 892 1282; x_wconf 89' lang='lat' dir='ltr'><strong>judicium.</strong></span> <span class='ocrx_word' id='word_1_67' title='bbox 927 1211 991 1263; x_wconf 81' lang='lat' dir='ltr'><strong>Et</strong></span> <span class='ocrx_word' id='word_1_68' title='bbox 1031 1209 1171 1278; x_wconf 87' lang='lat' dir='ltr'><strong>quis,</strong></span> <span class='ocrx_word' id='word_1_69' title='bbox 1197 1207 1384 1277; x_wconf 88' lang='lat' dir='ltr'><strong>inquit,</strong></span> <span class='ocrx_word' id='word_1_70' title='bbox 1417 1203 1540 1260; x_wconf 90' lang='lat' dir='ltr'><strong>inde</strong></span> <span class='ocrx_word' id='word_1_71' title='bbox 1580 1202 1798 1258; x_wconf 86' lang='lat' dir='ltr'><strong>veniens</strong></span> <span class='ocrx_word' id='word_1_72' title='bbox 1829 1200 1946 1254; x_wconf 56' lang='lat' dir='ltr'><strong>haec</strong></span> <span class='ocrx_word' id='word_1_73' title='bbox 1972 1213 2096 1252; x_wconf 88' lang='lat' dir='ltr'><strong>nar-</strong></span> 
     </span>
    </p>
   </div>
   <div class='ocr_carea' id='block_1_11' title="bbox 517 1290 2098 1368">
    <p class='ocr_par' dir='ltr' id='par_1_11' title="bbox 517 1290 2098 1368">
     <span class='ocr_line' id='line_1_11' title="bbox 517 1290 2098 1368; baseline -0.011 -9"><span class='ocrx_word' id='word_1_74' title='bbox 517 1306 675 1368; x_wconf 84' lang='lat' dir='ltr'><strong>ravit,</strong></span> <span class='ocrx_word' id='word_1_75' title='bbox 703 1313 758 1358; x_wconf 91' lang='lat' dir='ltr'><strong>et</strong></span> <span class='ocrx_word' id='word_1_76' title='bbox 784 1304 897 1357; x_wconf 77' lang='lat' dir='ltr'><strong>haec</strong></span> <span class='ocrx_word' id='word_1_77' title='bbox 923 1299 1098 1355; x_wconf 85' lang='lat' dir='ltr'><strong>dixit?</strong></span> <span class='ocrx_word' id='word_1_78' title='bbox 1143 1299 1199 1354; x_wconf 87' lang='lat' dir='ltr'><strong>Si</strong></span> <span class='ocrx_word' id='word_1_79' title='bbox 1229 1298 1417 1352; x_wconf 88' lang='lat' dir='ltr'><strong>ludens</strong></span> <span class='ocrx_word' id='word_1_80' title='bbox 1441 1295 1656 1366; x_wconf 88' lang='lat' dir='ltr'><strong>quidem</strong></span> <span class='ocrx_word' id='word_1_81' title='bbox 1701 1293 1816 1346; x_wconf 82' lang='lat' dir='ltr'><strong>haec</strong></span> <span class='ocrx_word' id='word_1_82' title='bbox 1839 1290 1997 1354; x_wconf 89' lang='lat' dir='ltr'><strong>dicis,</strong></span> <span class='ocrx_word' id='word_1_83' title='bbox 2030 1302 2098 1342; x_wconf 92' lang='lat' dir='ltr'><strong>ne</strong></span> 
     </span>
    </p>
   </div>
   <div class='ocr_carea' id='block_1_12' title="bbox 516 1378 2098 1465">
    <p class='ocr_par' dir='ltr' id='par_1_12' title="bbox 516 1378 2098 1465">
     <span class='ocr_line' id='line_1_12' title="bbox 516 1378 2098 1465; baseline -0.011 -15"><span class='ocrx_word' id='word_1_84' title='bbox 516 1397 596 1451; x_wconf 87' lang='lat' dir='ltr'><strong>sic</strong></span> <span class='ocrx_word' id='word_1_85' title='bbox 623 1395 838 1465; x_wconf 88' lang='lat' dir='ltr'><strong>quidem</strong></span> <span class='ocrx_word' id='word_1_86' title='bbox 864 1401 1048 1456; x_wconf 90' lang='lat' dir='ltr'><strong>recte;</strong></span> <span class='ocrx_word' id='word_1_87' title='bbox 1078 1405 1185 1445; x_wconf 92' lang='lat' dir='ltr'><strong>non</strong></span> <span class='ocrx_word' id='word_1_88' title='bbox 1215 1398 1298 1444; x_wconf 90' lang='lat' dir='ltr'><strong>est</strong></span> <span class='ocrx_word' id='word_1_89' title='bbox 1343 1387 1486 1442; x_wconf 89' lang='lat' dir='ltr'><strong>enim</strong></span> <span class='ocrx_word' id='word_1_90' title='bbox 1517 1383 1808 1440; x_wconf 91' lang='lat' dir='ltr'><strong>ludendum</strong></span> <span class='ocrx_word' id='word_1_91' title='bbox 1849 1381 1903 1436; x_wconf 92' lang='lat' dir='ltr'><strong>in</strong></span> <span class='ocrx_word' id='word_1_92' title='bbox 1935 1378 2098 1435; x_wconf 89' lang='lat' dir='ltr'><strong>rebus</strong></span> 
     </span>
    </p>
   </div>
   <div class='ocr_carea' id='block_1_13' title="bbox 523 1473 2098 1560">
    <p class='ocr_par' dir='ltr' id='par_1_13' title="bbox 523 1473 2098 1560">
     <span class='ocr_line' id='line_1_13' title="bbox 523 1473 2098 1560; baseline -0.009 -18"><span class='ocrx_word' id='word_1_93' title='bbox 523 1487 870 1560; x_wconf 87' lang='lat' dir='ltr'><strong>hujusmodi;</strong></span> <span class='ocrx_word' id='word_1_94' title='bbox 917 1501 1025 1539; x_wconf 90' lang='lat' dir='ltr'><strong>non</strong></span> <span class='ocrx_word' id='word_1_95' title='bbox 1071 1485 1211 1538; x_wconf 89' lang='lat' dir='ltr'><strong>enim</strong></span> <span class='ocrx_word' id='word_1_96' title='bbox 1245 1481 1480 1537; x_wconf 90' lang='lat' dir='ltr'><strong>ludimus</strong></span> <span class='ocrx_word' id='word_1_97' title='bbox 1530 1480 1582 1534; x_wconf 91' lang='lat' dir='ltr'><strong>in</strong></span> <span class='ocrx_word' id='word_1_98' title='bbox 1635 1477 1874 1539; x_wconf 88' lang='lat' dir='ltr'><strong>ludicris,</strong></span> <span class='ocrx_word' id='word_1_99' title='bbox 1905 1473 2001 1530; x_wconf 88' lang='lat' dir='ltr'><strong>sed</strong></span> <span class='ocrx_word' id='word_1_100' title='bbox 2046 1473 2098 1528; x_wconf 92' lang='lat' dir='ltr'><strong>in</strong></span> 
     </span>
    </p>
   </div>
   <div class='ocr_carea' id='block_1_14' title="bbox 520 1564 2100 1645">
    <p class='ocr_par' dir='ltr' id='par_1_14' title="bbox 520 1564 2100 1645">
     <span class='ocr_line' id='line_1_14' title="bbox 520 1564 2100 1645; baseline -0.009 -13"><span class='ocrx_word' id='word_1_101' title='bbox 520 1579 685 1633; x_wconf 86' lang='lat' dir='ltr'><strong>rebus</strong></span> <span class='ocrx_word' id='word_1_102' title='bbox 715 1576 1027 1645; x_wconf 89' lang='lat' dir='ltr'><strong>periculosis</strong></span> <span class='ocrx_word' id='word_1_103' title='bbox 1059 1594 1071 1627; x_wconf 89' lang='lat'><em>:</em></span> <span class='ocrx_word' id='word_1_104' title='bbox 1105 1574 1152 1628; x_wconf 88' lang='lat' dir='ltr'><strong>si</strong></span> <span class='ocrx_word' id='word_1_105' title='bbox 1200 1581 1379 1627; x_wconf 89' lang='lat' dir='ltr'><strong>autem</strong></span> <span class='ocrx_word' id='word_1_106' title='bbox 1411 1587 1532 1626; x_wconf 92' lang='lat' dir='ltr'><strong>cum</strong></span> <span class='ocrx_word' id='word_1_107' title='bbox 1565 1583 1754 1624; x_wconf 85' lang='lat' dir='ltr'><strong>revera</strong></span> <span class='ocrx_word' id='word_1_108' title='bbox 1803 1567 1877 1622; x_wconf 91' lang='lat' dir='ltr'><strong>ita</strong></span> <span class='ocrx_word' id='word_1_109' title='bbox 1924 1575 1976 1620; x_wconf 86' lang='lat' dir='ltr'><strong>te</strong></span> <span class='ocrx_word' id='word_1_110' title='bbox 2005 1564 2100 1619; x_wconf 82' lang='lat' dir='ltr'><strong>ba-</strong></span> 
     </span>
    </p>
   </div>
   <div class='ocr_carea' id='block_1_15' title="bbox 521 1654 2101 1733">
    <p class='ocr_par' dir='ltr' id='par_1_15' title="bbox 521 1654 2101 1733">
     <span class='ocr_line' id='line_1_15' title="bbox 521 1654 2101 1733; baseline -0.007 -12"><span class='ocrx_word' id='word_1_111' title='bbox 521 1669 670 1732; x_wconf 82' lang='lat' dir='ltr'><strong>beas,</strong></span> <span class='ocrx_word' id='word_1_112' title='bbox 707 1683 811 1720; x_wconf 91' lang='lat' dir='ltr'><strong>non</strong></span> <span class='ocrx_word' id='word_1_113' title='bbox 839 1665 1112 1720; x_wconf 74' lang='lat' dir='ltr'><strong>existimas</strong></span> <span class='ocrx_word' id='word_1_114' title='bbox 1141 1672 1260 1733; x_wconf 92' lang='lat' dir='ltr'><strong>post</strong></span> <span class='ocrx_word' id='word_1_115' title='bbox 1304 1663 1420 1717; x_wconf 68' lang='lat' dir='ltr'><strong>haec</strong></span> <span class='ocrx_word' id='word_1_116' title='bbox 1440 1677 1561 1716; x_wconf 91' lang='lat' dir='ltr'><strong>esse</strong></span> <span class='ocrx_word' id='word_1_117' title='bbox 1581 1657 1807 1730; x_wconf 89' lang='lat' dir='ltr'><strong>aliquid,</strong></span> <span class='ocrx_word' id='word_1_118' title='bbox 1833 1654 2101 1727; x_wconf 90' lang='lat' dir='ltr'><strong>quomodo</strong></span> 
     </span>
    </p>
   </div>
   <div class='ocr_carea' id='block_1_16' title="bbox 521 1747 2101 1812">
    <p class='ocr_par' dir='ltr' id='par_1_16' title="bbox 521 1747 2101 1812">
     <span class='ocr_line' id='line_1_16' title="bbox 521 1747 2101 1812; baseline -0.007 -1"><span class='ocrx_word' id='word_1_119' title='bbox 521 1757 656 1812; x_wconf 91' lang='lat' dir='ltr'><strong>dicis</strong></span> <span class='ocrx_word' id='word_1_120' title='bbox 689 1765 740 1811; x_wconf 90' lang='lat' dir='ltr'><strong>te</strong></span> <span class='ocrx_word' id='word_1_121' title='bbox 765 1771 884 1811; x_wconf 91' lang='lat' dir='ltr'><strong>esse</strong></span> <span class='ocrx_word' id='word_1_122' title='bbox 911 1753 1314 1810; x_wconf 88' lang='lat' dir='ltr'><strong>Christianum?</strong></span> <span class='ocrx_word' id='word_1_123' title='bbox 1358 1753 1502 1808; x_wconf 91' lang='lat' dir='ltr'><strong>nulla</strong></span> <span class='ocrx_word' id='word_1_124' title='bbox 1527 1752 1669 1807; x_wconf 91' lang='lat' dir='ltr'><strong>enim</strong></span> <span class='ocrx_word' id='word_1_125' title='bbox 1698 1765 1728 1804; x_wconf 94' lang='lat' dir='ltr'><strong>a</strong></span> <span class='ocrx_word' id='word_1_126' title='bbox 1759 1764 1844 1804; x_wconf 93' lang='lat' dir='ltr'><strong>me</strong></span> <span class='ocrx_word' id='word_1_127' title='bbox 1874 1747 2101 1802; x_wconf 90' lang='lat' dir='ltr'><strong>habetur</strong></span> 
     </span>
    </p>
   </div>
   <div class='ocr_carea' id='block_1_17' title="bbox 525 1840 2104 1913">
    <p class='ocr_par' dir='ltr' id='par_1_17' title="bbox 525 1840 2104 1913">
     <span class='ocr_line' id='line_1_17' title="bbox 525 1840 2104 1913; baseline -0.006 -11"><span class='ocrx_word' id='word_1_128' title='bbox 525 1849 663 1902; x_wconf 70' lang='lat' dir='ltr'><strong>ratio</strong></span> <span class='ocrx_word' id='word_1_129' title='bbox 689 1858 1054 1903; x_wconf 83' lang='lat' dir='ltr'><strong>externorum.</strong></span> <span class='ocrx_word' id='word_1_130' title='bbox 1087 1845 1195 1901; x_wconf 89' lang='lat' dir='ltr'><strong>Cur</strong></span> <span class='ocrx_word' id='word_1_131' title='bbox 1226 1847 1493 1901; x_wconf 81' lang='lat' dir='ltr'><strong>lavacrum</strong></span> <span class='ocrx_word' id='word_1_132' title='bbox 1521 1843 1763 1913; x_wconf 78' lang='lat' dir='ltr'><strong>accipis?</strong></span> <span class='ocrx_word' id='word_1_133' title='bbox 1791 1856 1888 1896; x_wconf 93' lang='lat' dir='ltr'><strong>cur</strong></span> <span class='ocrx_word' id='word_1_134' title='bbox 1931 1840 2104 1895; x_wconf 82' lang='lat' dir='ltr'><strong>eccle-</strong></span> 
     </span>
    </p>
   </div>
   <div class='ocr_carea' id='block_1_18' title="bbox 523 1937 2106 2011">
    <p class='ocr_par' dir='ltr' id='par_1_18' title="bbox 523 1937 2106 2011">
     <span class='ocr_line' id='line_1_18' title="bbox 523 1937 2106 2011; baseline -0.004 -17"><span class='ocrx_word' id='word_1_135' title='bbox 523 1942 657 1995; x_wconf 83' lang='lat' dir='ltr'><strong>siam</strong></span> <span class='ocrx_word' id='word_1_136' title='bbox 687 1940 1023 2011; x_wconf 81' lang='lat' dir='ltr'><strong>ingrederis?</strong></span> <span class='ocrx_word' id='word_1_137' title='bbox 1052 1955 1177 1995; x_wconf 91' lang='lat' dir='ltr'><strong>num</strong></span> <span class='ocrx_word' id='word_1_138' title='bbox 1209 1939 1526 2010; x_wconf 88' lang='lat' dir='ltr'><strong>pollicemur</strong></span> <span class='ocrx_word' id='word_1_139' title='bbox 1564 1937 1895 2008; x_wconf 86' lang='lat' dir='ltr'><strong>principatus</strong></span> <span class='ocrx_word' id='word_1_140' title='bbox 1915 1943 1970 1991; x_wconf 92' lang='lat' dir='ltr'><strong>et</strong></span> <span class='ocrx_word' id='word_1_141' title='bbox 1994 1949 2106 1988; x_wconf 85' lang='lat' dir='ltr'><strong>ma-</strong></span> 
     </span>
    </p>
   </div>
   <div class='ocr_carea' id='block_1_19' title="bbox 523 2027 2107 2101">
    <p class='ocr_par' dir='ltr' id='par_1_19' title="bbox 523 2027 2107 2101">
     <span class='ocr_line' id='line_1_19' title="bbox 523 2027 2107 2101; baseline -0.002 -17"><span class='ocrx_word' id='word_1_142' title='bbox 523 2032 816 2101; x_wconf 70' lang='lat' dir='ltr'><strong>gistratus?</strong></span> <span class='ocrx_word' id='word_1_143' title='bbox 849 2040 959 2086; x_wconf 89' lang='lat' dir='ltr'><strong>tota</strong></span> <span class='ocrx_word' id='word_1_144' title='bbox 1007 2047 1133 2101; x_wconf 89' lang='lat' dir='ltr'><strong>spes</strong></span> <span class='ocrx_word' id='word_1_145' title='bbox 1177 2031 1334 2086; x_wconf 92' lang='lat' dir='ltr'><strong>nobis</strong></span> <span class='ocrx_word' id='word_1_146' title='bbox 1377 2038 1461 2085; x_wconf 91' lang='lat' dir='ltr'><strong>est</strong></span> <span class='ocrx_word' id='word_1_147' title='bbox 1487 2031 1541 2085; x_wconf 93' lang='lat' dir='ltr'><strong>in</strong></span> <span class='ocrx_word' id='word_1_148' title='bbox 1573 2028 1782 2084; x_wconf 81' lang='lat' dir='ltr'><strong>futuris.</strong></span> <span class='ocrx_word' id='word_1_149' title='bbox 1817 2027 1951 2095; x_wconf 85' lang='lat' dir='ltr'><strong>Quid</strong></span> <span class='ocrx_word' id='word_1_150' title='bbox 1980 2040 2107 2096; x_wconf 83' lang='lat' dir='ltr'><strong>ergo</strong></span> 
     </span>
    </p>
   </div>
   <div class='ocr_carea' id='block_1_20' title="bbox 525 2117 2110 2192">
    <p class='ocr_par' dir='ltr' id='par_1_20' title="bbox 525 2117 2110 2192">
     <span class='ocr_line' id='line_1_20' title="bbox 525 2117 2110 2192; baseline -0.005 -14"><span class='ocrx_word' id='word_1_151' title='bbox 525 2124 756 2190; x_wconf 83' lang='lat' dir='ltr'><strong>accedis,</strong></span> <span class='ocrx_word' id='word_1_152' title='bbox 789 2123 836 2179; x_wconf 86' lang='lat' dir='ltr'><strong>si</strong></span> <span class='ocrx_word' id='word_1_153' title='bbox 865 2139 970 2177; x_wconf 92' lang='lat' dir='ltr'><strong>non</strong></span> <span class='ocrx_word' id='word_1_154' title='bbox 1000 2123 1176 2178; x_wconf 89' lang='lat' dir='ltr'><strong>credis</strong></span> <span class='ocrx_word' id='word_1_155' title='bbox 1199 2123 1510 2192; x_wconf 89' lang='lat' dir='ltr'><strong>Scripturis,</strong></span> <span class='ocrx_word' id='word_1_156' title='bbox 1534 2121 1578 2175; x_wconf 93' lang='lat' dir='ltr'><strong>si</strong></span> <span class='ocrx_word' id='word_1_157' title='bbox 1620 2137 1726 2175; x_wconf 93' lang='lat' dir='ltr'><strong>non</strong></span> <span class='ocrx_word' id='word_1_158' title='bbox 1759 2119 1934 2174; x_wconf 85' lang='lat' dir='ltr'><strong>credis</strong></span> <span class='ocrx_word' id='word_1_159' title='bbox 1953 2117 2110 2173; x_wconf 83' lang='lat' dir='ltr'><strong>Chri-</strong></span> 
     </span>
    </p>
   </div>
   <div class='ocr_carea' id='block_1_21' title="bbox 527 2208 2110 2278">
    <p class='ocr_par' dir='ltr' id='par_1_21' title="bbox 527 2208 2110 2278">
     <span class='ocr_line' id='line_1_21' title="bbox 527 2208 2110 2278; baseline -0.004 -9"><span class='ocrx_word' id='word_1_160' title='bbox 527 2217 651 2270; x_wconf 85' lang='lat' dir='ltr'><strong>sto?</strong></span> <span class='ocrx_word' id='word_1_161' title='bbox 678 2215 790 2269; x_wconf 81' lang='lat' dir='ltr'><strong>Non</strong></span> <span class='ocrx_word' id='word_1_162' title='bbox 822 2215 1051 2269; x_wconf 77' lang='lat' dir='ltr'><strong>dixerint</strong></span> <span class='ocrx_word' id='word_1_163' title='bbox 1074 2229 1196 2268; x_wconf 90' lang='lat' dir='ltr'><strong>eum</strong></span> <span class='ocrx_word' id='word_1_164' title='bbox 1227 2229 1346 2270; x_wconf 88' lang='lat' dir='ltr'><strong>esse</strong></span> <span class='ocrx_word' id='word_1_165' title='bbox 1371 2212 1729 2268; x_wconf 87' lang='lat' dir='ltr'><strong>Christianum</strong></span> <span class='ocrx_word' id='word_1_166' title='bbox 1753 2228 1768 2278; x_wconf 71' lang='grc' dir='ltr'><strong>δ</strong></span> <span class='ocrx_word' id='word_1_167' title='bbox 1796 2209 1968 2274; x_wconf 91' lang='lat' dir='ltr'><strong>absit;</strong></span> <span class='ocrx_word' id='word_1_168' title='bbox 2013 2208 2110 2263; x_wconf 88' lang='lat' dir='ltr'><strong>sed</strong></span> 
     </span>
    </p>
   </div>
   <div class='ocr_carea' id='block_1_22' title="bbox 529 2301 2110 2372">
    <p class='ocr_par' dir='ltr' id='par_1_22' title="bbox 529 2301 2110 2372">
     <span class='ocr_line' id='line_1_22' title="bbox 529 2301 2110 2372; baseline -0.002 -14"><span class='ocrx_word' id='word_1_169' title='bbox 529 2307 612 2360; x_wconf 76' lang='lat' dir='ltr'><strong>vel</strong></span> <span class='ocrx_word' id='word_1_170' title='bbox 642 2307 869 2361; x_wconf 91' lang='lat' dir='ltr'><strong>ethnicis</strong></span> <span class='ocrx_word' id='word_1_171' title='bbox 908 2307 1253 2362; x_wconf 89' lang='lat' dir='ltr'><strong>deteriorem.</strong></span> <span class='ocrx_word' id='word_1_172' title='bbox 1300 2307 1411 2372; x_wconf 88' lang='lat' dir='ltr'><strong>Qua</strong></span> <span class='ocrx_word' id='word_1_173' title='bbox 1437 2306 1507 2360; x_wconf 90' lang='lat' dir='ltr'><strong>de</strong></span> <span class='ocrx_word' id='word_1_174' title='bbox 1540 2305 1634 2360; x_wconf 90' lang='lat' dir='ltr'><strong>re?</strong></span> <span class='ocrx_word' id='word_1_175' title='bbox 1678 2305 1754 2359; x_wconf 84' lang='lat' dir='ltr'><strong>Eo</strong></span> <span class='ocrx_word' id='word_1_176' title='bbox 1783 2303 1923 2372; x_wconf 92' lang='lat' dir='ltr'><strong>quod</strong></span> <span class='ocrx_word' id='word_1_177' title='bbox 1953 2301 2110 2357; x_wconf 88' lang='lat' dir='ltr'><strong>Chri-</strong></span> 
     </span>
    </p>
   </div>
   <div class='ocr_carea' id='block_1_23' title="bbox 527 2395 2112 2465">
    <p class='ocr_par' dir='ltr' id='par_1_23' title="bbox 527 2395 2112 2465">
     <span class='ocr_line' id='line_1_23' title="bbox 527 2395 2112 2465; baseline -0.001 -13"><span class='ocrx_word' id='word_1_178' title='bbox 527 2407 667 2452; x_wconf 80' lang='lat' dir='ltr'><strong>sttun</strong></span> <span class='ocrx_word' id='word_1_179' title='bbox 685 2398 1000 2452; x_wconf 76' lang='lat' dir='ltr'><strong>existimans</strong></span> <span class='ocrx_word' id='word_1_180' title='bbox 1021 2413 1142 2452; x_wconf 91' lang='lat' dir='ltr'><strong>esse</strong></span> <span class='ocrx_word' id='word_1_181' title='bbox 1168 2397 1354 2461; x_wconf 89' lang='lat' dir='ltr'><strong>Deum,</strong></span> <span class='ocrx_word' id='word_1_182' title='bbox 1380 2411 1484 2451; x_wconf 92' lang='lat' dir='ltr'><strong>non</strong></span> <span class='ocrx_word' id='word_1_183' title='bbox 1508 2396 1683 2452; x_wconf 85' lang='lat' dir='ltr'><strong>credis</strong></span> <span class='ocrx_word' id='word_1_184' title='bbox 1710 2395 1810 2465; x_wconf 88' lang='lat' dir='ltr'><strong>ipsi</strong></span> <span class='ocrx_word' id='word_1_185' title='bbox 1843 2404 2112 2464; x_wconf 86' lang='lat' dir='ltr'><strong>tamquam</strong></span> 
     </span>
    </p>
   </div>
   <div class='ocr_carea' id='block_1_24' title="bbox 536 2485 2111 2557">
    <p class='ocr_par' dir='ltr' id='par_1_24' title="bbox 536 2485 2111 2557">
     <span class='ocr_line' id='line_1_24' title="bbox 536 2485 2111 2557; baseline -0.003 -15"><span class='ocrx_word' id='word_1_186' title='bbox 536 2492 664 2543; x_wconf 91' lang='lat' dir='ltr'><strong>Deo.</strong></span> <span class='ocrx_word' id='word_1_187' title='bbox 711 2488 845 2543; x_wconf 84' lang='lat' dir='ltr'><strong>Nam</strong></span> <span class='ocrx_word' id='word_1_188' title='bbox 903 2488 978 2542; x_wconf 88' lang='lat' dir='ltr'><strong>illi</strong></span> <span class='ocrx_word' id='word_1_189' title='bbox 1025 2488 1239 2557; x_wconf 84' lang='lat' dir='ltr'><strong>quidem</strong></span> <span class='ocrx_word' id='word_1_190' title='bbox 1289 2487 1526 2556; x_wconf 91' lang='lat' dir='ltr'><strong>opinioni</strong></span> <span class='ocrx_word' id='word_1_191' title='bbox 1580 2486 1828 2556; x_wconf 90' lang='lat' dir='ltr'><strong>adjuncta</strong></span> <span class='ocrx_word' id='word_1_192' title='bbox 1877 2494 1960 2540; x_wconf 90' lang='lat' dir='ltr'><strong>est</strong></span> <span class='ocrx_word' id='word_1_193' title='bbox 2008 2485 2111 2538; x_wconf 85' lang='lat' dir='ltr'><strong>im-</strong></span> 
     </span>
    </p>
   </div>
   <div class='ocr_carea' id='block_1_25' title="bbox 535 2578 2111 2650">
    <p class='ocr_par' dir='ltr' id='par_1_25' title="bbox 535 2578 2111 2650">
     <span class='ocr_line' id='line_1_25' title="bbox 535 2578 2111 2650; baseline -0.002 -16"><span class='ocrx_word' id='word_1_194' title='bbox 535 2583 704 2650; x_wconf 81' lang='lat' dir='ltr'><strong>pietas</strong></span> <span class='ocrx_word' id='word_1_195' title='bbox 739 2599 749 2634; x_wconf 91' lang='lat'><strong>:</strong></span> <span class='ocrx_word' id='word_1_196' title='bbox 792 2596 912 2636; x_wconf 90' lang='lat' dir='ltr'><strong>eum</strong></span> <span class='ocrx_word' id='word_1_197' title='bbox 941 2583 1084 2635; x_wconf 92' lang='lat' dir='ltr'><strong>enim</strong></span> <span class='ocrx_word' id='word_1_198' title='bbox 1113 2581 1203 2649; x_wconf 91' lang='lat' dir='ltr'><strong>qui</strong></span> <span class='ocrx_word' id='word_1_199' title='bbox 1225 2578 1496 2634; x_wconf 83' lang='lat' dir='ltr'><strong>Christum</strong></span> <span class='ocrx_word' id='word_1_200' title='bbox 1540 2595 1648 2634; x_wconf 92' lang='lat' dir='ltr'><strong>non</strong></span> <span class='ocrx_word' id='word_1_201' title='bbox 1688 2579 1960 2633; x_wconf 78' lang='lat' dir='ltr'><strong>existimat</strong></span> <span class='ocrx_word' id='word_1_202' title='bbox 1989 2593 2111 2632; x_wconf 86' lang='lat' dir='ltr'><strong>esse</strong></span> 
     </span>
    </p>
   </div>
   <div class='ocr_carea' id='block_1_26' title="bbox 535 2671 2116 2740">
    <p class='ocr_par' dir='ltr' id='par_1_26' title="bbox 535 2671 2116 2740">
     <span class='ocr_line' id='line_1_26' title="bbox 535 2671 2116 2740; baseline -0.002 -12"><span class='ocrx_word' id='word_1_203' title='bbox 535 2675 722 2738; x_wconf 89' lang='lat' dir='ltr'><strong>Deum,</strong></span> <span class='ocrx_word' id='word_1_204' title='bbox 750 2687 973 2727; x_wconf 88' lang='lat' dir='ltr'><strong>necesse</strong></span> <span class='ocrx_word' id='word_1_205' title='bbox 999 2681 1082 2726; x_wconf 91' lang='lat' dir='ltr'><strong>est</strong></span> <span class='ocrx_word' id='word_1_206' title='bbox 1107 2688 1206 2726; x_wconf 92' lang='lat' dir='ltr'><strong>nec</strong></span> <span class='ocrx_word' id='word_1_207' title='bbox 1234 2672 1456 2727; x_wconf 90' lang='lat' dir='ltr'><strong>credere</strong></span> <span class='ocrx_word' id='word_1_208' title='bbox 1479 2689 1495 2727; x_wconf 83' lang='lat'>:</span> <span class='ocrx_word' id='word_1_209' title='bbox 1523 2671 1639 2726; x_wconf 67' lang='lat' dir='ltr'><strong>haec</strong></span> <span class='ocrx_word' id='word_1_210' title='bbox 1665 2681 1841 2726; x_wconf 86' lang='lat' dir='ltr'><strong>autem</strong></span> <span class='ocrx_word' id='word_1_211' title='bbox 1871 2672 2116 2740; x_wconf 89' lang='lat' dir='ltr'><strong>impietas</strong></span> 
     </span>
    </p>
   </div>
   <div class='ocr_carea' id='block_1_27' title="bbox 533 2762 2119 2833">
    <p class='ocr_par' dir='ltr' id='par_1_27' title="bbox 533 2762 2119 2833">
     <span class='ocr_line' id='line_1_27' title="bbox 533 2762 2119 2833; baseline 0 -17"><span class='ocrx_word' id='word_1_212' title='bbox 533 2779 601 2818; x_wconf 90' lang='lat' dir='ltr'><strong>ne</strong></span> <span class='ocrx_word' id='word_1_213' title='bbox 631 2763 795 2818; x_wconf 84' lang='lat' dir='ltr'><strong>habet</strong></span> <span class='ocrx_word' id='word_1_214' title='bbox 825 2762 1041 2832; x_wconf 89' lang='lat' dir='ltr'><strong>quidem</strong></span> <span class='ocrx_word' id='word_1_215' title='bbox 1069 2763 1530 2833; x_wconf 87' lang='lat' dir='ltr'><strong>consequentiam,</strong></span> <span class='ocrx_word' id='word_1_216' title='bbox 1576 2763 1741 2818; x_wconf 89' lang='lat' dir='ltr'><strong>Deum</strong></span> <span class='ocrx_word' id='word_1_217' title='bbox 1770 2762 2035 2828; x_wconf 79' lang='lat' dir='ltr'><strong>confiteri,</strong></span> <span class='ocrx_word' id='word_1_218' title='bbox 2063 2770 2119 2816; x_wconf 89' lang='lat' dir='ltr'><strong>et</strong></span> 
     </span>
    </p>
   </div>
   <div class='ocr_carea' id='block_1_28' title="bbox 533 2853 2119 2924">
    <p class='ocr_par' dir='ltr' id='par_1_28' title="bbox 533 2853 2119 2924">
     <span class='ocr_line' id='line_1_28' title="bbox 533 2853 2119 2924; baseline -0.001 -15"><span class='ocrx_word' id='word_1_219' title='bbox 533 2854 843 2909; x_wconf 85' lang='lat' dir='ltr'><strong>existimare</strong></span> <span class='ocrx_word' id='word_1_220' title='bbox 889 2869 1012 2909; x_wconf 89' lang='lat' dir='ltr'><strong>eum</strong></span> <span class='ocrx_word' id='word_1_221' title='bbox 1065 2870 1173 2910; x_wconf 92' lang='lat' dir='ltr'><strong>non</strong></span> <span class='ocrx_word' id='word_1_222' title='bbox 1223 2868 1343 2909; x_wconf 88' lang='lat' dir='ltr'><strong>esse</strong></span> <span class='ocrx_word' id='word_1_223' title='bbox 1375 2854 1478 2908; x_wconf 82' lang='lat' dir='ltr'><strong>fide</strong></span> <span class='ocrx_word' id='word_1_224' title='bbox 1527 2853 1746 2924; x_wconf 87' lang='lat' dir='ltr'><strong>dignum</strong></span> <span class='ocrx_word' id='word_1_225' title='bbox 1800 2854 1854 2907; x_wconf 92' lang='lat' dir='ltr'><strong>in</strong></span> <span class='ocrx_word' id='word_1_226' title='bbox 1904 2855 1970 2906; x_wconf 92' lang='lat' dir='ltr'><strong>iis</strong></span> <span class='ocrx_word' id='word_1_227' title='bbox 1998 2869 2119 2922; x_wconf 77' lang='lat' dir='ltr'><strong>qua:</strong></span> 
     </span>
    </p>
   </div>
   <div class='ocr_carea' id='block_1_29' title="bbox 534 2946 2117 3014">
    <p class='ocr_par' dir='ltr' id='par_1_29' title="bbox 534 2946 2117 3014">
     <span class='ocr_line' id='line_1_29' title="bbox 534 2946 2117 3014; baseline -0.003 -10"><span class='ocrx_word' id='word_1_228' title='bbox 534 2951 692 3005; x_wconf 87' lang='lat' dir='ltr'><strong>dixit.</strong></span> <span class='ocrx_word' id='word_1_229' title='bbox 723 2950 1013 3005; x_wconf 84' lang='lat' dir='ltr'><strong>Ebrietatis</strong></span> <span class='ocrx_word' id='word_1_230' title='bbox 1037 2957 1161 3004; x_wconf 92' lang='lat' dir='ltr'><strong>sunt</strong></span> <span class='ocrx_word' id='word_1_231' title='bbox 1211 2948 1327 3004; x_wconf 72' lang='lat' dir='ltr'><strong>hare</strong></span> <span class='ocrx_word' id='word_1_232' title='bbox 1352 2948 1538 3014; x_wconf 90' lang='lat' dir='ltr'><strong>verba,</strong></span> <span class='ocrx_word' id='word_1_233' title='bbox 1569 2947 1883 3003; x_wconf 90' lang='lat' dir='ltr'><strong>deliciarum</strong></span> <span class='ocrx_word' id='word_1_234' title='bbox 1913 2957 1966 3002; x_wconf 90' lang='lat' dir='ltr'><strong>et</strong></span> <span class='ocrx_word' id='word_1_235' title='bbox 1994 2946 2117 3000; x_wconf 89' lang='lat' dir='ltr'><strong>libi-</strong></span> 
     </span>
    </p>
   </div>
   <div class='ocr_carea' id='block_1_30' title="bbox 535 3040 2119 3112">
    <p class='ocr_par' dir='ltr' id='par_1_30' title="bbox 535 3040 2119 3112">
     <span class='ocr_line' id='line_1_30' title="bbox 535 3040 2119 3112; baseline -0.001 -15"><span class='ocrx_word' id='word_1_236' title='bbox 535 3044 742 3097; x_wconf 78' lang='lat' dir='ltr'><strong>dinosa:</strong></span> <span class='ocrx_word' id='word_1_237' title='bbox 771 3043 1198 3112; x_wconf 67' lang='lat' dir='ltr'><strong>intemperantia:</strong></span> <span class='ocrx_word' id='word_1_238' title='bbox 1222 3058 1236 3095; x_wconf 75' lang='grc' dir='ltr'><strong>ε</strong></span> <span class='ocrx_word' id='word_1_239' title='bbox 1267 3040 1603 3096; x_wconf 83' lang='lat' dir='ltr'><strong>Comedamus</strong></span> <span class='ocrx_word' id='word_1_240' title='bbox 1632 3051 1678 3094; x_wconf 84' lang='lat' dir='ltr'><strong>et</strong></span> <span class='ocrx_word' id='word_1_241' title='bbox 1706 3040 1931 3095; x_wconf 81' lang='lat' dir='ltr'><strong>bibamus</strong></span> <span class='ocrx_word' id='word_1_242' title='bbox 1956 3055 1975 3105; x_wconf 91' lang='lat'><strong>;</strong></span> <span class='ocrx_word' id='word_1_243' title='bbox 2005 3056 2119 3095; x_wconf 79' lang='lat' dir='ltr'><strong>cras</strong></span> 
     </span>
    </p>
   </div>
   <div class='ocr_carea' id='block_1_31' title="bbox 537 3131 2119 3203">
    <p class='ocr_par' dir='ltr' id='par_1_31' title="bbox 537 3131 2119 3203">
     <span class='ocr_line' id='line_1_31' title="bbox 537 3131 2119 3203; baseline 0 -16"><span class='ocrx_word' id='word_1_244' title='bbox 537 3135 673 3188; x_wconf 77' lang='lat' dir='ltr'><strong>enim</strong></span> <span class='ocrx_word' id='word_1_245' title='bbox 700 3134 946 3186; x_wconf 77' lang='lat' dir='ltr'><strong>morimur</strong></span> <span class='ocrx_word' id='word_1_246' title='bbox 970 3133 1045 3203; x_wconf 86' lang='grc' dir='ltr'><strong>(ι.</strong></span> <span class='ocrx_word' id='word_1_247' title='bbox 1070 3131 1192 3188; x_wconf 89' lang='lat' dir='ltr'><strong>Cor.</strong></span> <span class='ocrx_word' id='word_1_248' title='bbox 1213 3133 1300 3188; x_wconf 78' lang='grc'><strong>15.</strong></span> <span class='ocrx_word' id='word_1_249' title='bbox 1331 3132 1446 3202; x_wconf 73' lang='grc'><strong>52).</strong></span> <span class='ocrx_word' id='word_1_250' title='bbox 1470 3131 1587 3186; x_wconf 85' lang='lat' dir='ltr'><strong>Non</strong></span> <span class='ocrx_word' id='word_1_251' title='bbox 1613 3146 1756 3197; x_wconf 86' lang='lat' dir='ltr'><strong>cras,</strong></span> <span class='ocrx_word' id='word_1_252' title='bbox 1783 3131 1876 3187; x_wconf 86' lang='lat' dir='ltr'><strong>sed</strong></span> <span class='ocrx_word' id='word_1_253' title='bbox 1905 3131 2119 3202; x_wconf 79' lang='lat' dir='ltr'><strong>quando</strong></span> 
     </span>
    </p>
   </div>
   <div class='ocr_carea' id='block_1_32' title="bbox 538 3221 2118 3294">
    <p class='ocr_par' dir='ltr' id='par_1_32' title="bbox 538 3221 2118 3294">
     <span class='ocr_line' id='line_1_32' title="bbox 538 3221 2118 3294; baseline 0 -16"><span class='ocrx_word' id='word_1_254' title='bbox 538 3227 656 3279; x_wconf 62' lang='lat' dir='ltr'><strong>hac</strong></span> <span class='ocrx_word' id='word_1_255' title='bbox 683 3223 877 3289; x_wconf 87' lang='lat' dir='ltr'><strong>dicitis,</strong></span> <span class='ocrx_word' id='word_1_256' title='bbox 905 3223 1014 3294; x_wconf 87' lang='lat' dir='ltr'><strong>jam</strong></span> <span class='ocrx_word' id='word_1_257' title='bbox 1061 3225 1189 3280; x_wconf 87' lang='lat' dir='ltr'><strong>estis</strong></span> <span class='ocrx_word' id='word_1_258' title='bbox 1215 3225 1432 3278; x_wconf 90' lang='lat' dir='ltr'><strong>mortui.</strong></span> <span class='ocrx_word' id='word_1_259' title='bbox 1461 3221 1602 3277; x_wconf 80' lang='lat' dir='ltr'><strong>Nihil</strong></span> <span class='ocrx_word' id='word_1_260' title='bbox 1633 3238 1762 3294; x_wconf 85' lang='lat' dir='ltr'><strong>ergo</strong></span> <span class='ocrx_word' id='word_1_261' title='bbox 1807 3222 2118 3278; x_wconf 77' lang='lat' dir='ltr'><strong>differemus</strong></span> 
     </span>
    </p>
   </div>
   <div class='ocr_carea' id='block_1_33' title="bbox 536 3314 2120 3386">
    <p class='ocr_par' dir='ltr' id='par_1_33' title="bbox 536 3314 2120 3386">
     <span class='ocr_line' id='line_1_33' title="bbox 536 3314 2120 3386; baseline -0.001 -16"><span class='ocrx_word' id='word_1_262' title='bbox 536 3334 566 3370; x_wconf 71' lang='grc' dir='ltr'><strong>ει</strong></span> <span class='ocrx_word' id='word_1_263' title='bbox 597 3316 771 3386; x_wconf 89' lang='lat' dir='ltr'><strong>porcis</strong></span> <span class='ocrx_word' id='word_1_264' title='bbox 800 3326 854 3372; x_wconf 93' lang='lat' dir='ltr'><strong>et</strong></span> <span class='ocrx_word' id='word_1_265' title='bbox 874 3317 1060 3383; x_wconf 88' lang='lat' dir='ltr'><strong>asinis,</strong></span> <span class='ocrx_word' id='word_1_266' title='bbox 1092 3316 1432 3386; x_wconf 84' lang='lat' dir='ltr'><strong>dic,quaeso?</strong></span> <span class='ocrx_word' id='word_1_267' title='bbox 1461 3314 1518 3371; x_wconf 90' lang='lat' dir='ltr'><strong>Si</strong></span> <span class='ocrx_word' id='word_1_268' title='bbox 1543 3315 1688 3370; x_wconf 89' lang='lat' dir='ltr'><strong>enim</strong></span> <span class='ocrx_word' id='word_1_269' title='bbox 1721 3329 1830 3370; x_wconf 89' lang='lat' dir='ltr'><strong>non</strong></span> <span class='ocrx_word' id='word_1_270' title='bbox 1867 3324 1952 3370; x_wconf 86' lang='lat' dir='ltr'><strong>est</strong></span> <span class='ocrx_word' id='word_1_271' title='bbox 1973 3315 2120 3385; x_wconf 86' lang='lat' dir='ltr'><strong>judi-</strong></span> 
     </span>
    </p>
   </div>
   <div class='ocr_carea' id='block_1_34' title="bbox 537 3405 2120 3477">
    <p class='ocr_par' dir='ltr' id='par_1_34' title="bbox 537 3405 2120 3477">
     <span class='ocr_line' id='line_1_34' title="bbox 537 3405 2120 3477; baseline -0.002 -15"><span class='ocrx_word' id='word_1_272' title='bbox 537 3408 706 3474; x_wconf 82' lang='lat' dir='ltr'><strong>cium,</strong></span> <span class='ocrx_word' id='word_1_273' title='bbox 735 3423 910 3477; x_wconf 71' lang='lat' dir='ltr'><strong>neque</strong></span> <span class='ocrx_word' id='word_1_274' title='bbox 933 3421 1144 3463; x_wconf 87' lang='lat' dir='ltr'><strong>merces</strong></span> <span class='ocrx_word' id='word_1_275' title='bbox 1174 3421 1238 3462; x_wconf 89' lang='lat' dir='ltr'><strong>ac</strong></span> <span class='ocrx_word' id='word_1_276' title='bbox 1262 3406 1647 3471; x_wconf 90' lang='lat' dir='ltr'><strong>remuneratio,</strong></span> <span class='ocrx_word' id='word_1_277' title='bbox 1671 3421 1842 3476; x_wconf 92' lang='lat' dir='ltr'><strong>neque</strong></span> <span class='ocrx_word' id='word_1_278' title='bbox 1868 3405 2120 3472; x_wconf 85' lang='lat' dir='ltr'><strong>tribunal,</strong></span> 
     </span>
    </p>
   </div>
   <div class='ocr_carea' id='block_1_35' title="bbox 541 3496 2122 3567">
    <p class='ocr_par' dir='ltr' id='par_1_35' title="bbox 541 3496 2122 3567">
     <span class='ocr_line' id='line_1_35' title="bbox 541 3496 2122 3567; baseline 0 -17"><span class='ocrx_word' id='word_1_279' title='bbox 541 3513 641 3550; x_wconf 86' lang='lat' dir='ltr'><strong>cur</strong></span> <span class='ocrx_word' id='word_1_280' title='bbox 669 3511 856 3552; x_wconf 87' lang='lat' dir='ltr'><strong>sumus</strong></span> <span class='ocrx_word' id='word_1_281' title='bbox 884 3497 986 3551; x_wconf 92' lang='lat' dir='ltr'><strong>hoc</strong></span> <span class='ocrx_word' id='word_1_282' title='bbox 1007 3498 1180 3551; x_wconf 88' lang='lat' dir='ltr'><strong>ornati</strong></span> <span class='ocrx_word' id='word_1_283' title='bbox 1206 3496 1369 3564; x_wconf 92' lang='lat' dir='ltr'><strong>dono,</strong></span> <span class='ocrx_word' id='word_1_284' title='bbox 1391 3512 1588 3567; x_wconf 88' lang='lat' dir='ltr'><strong>nempe</strong></span> <span class='ocrx_word' id='word_1_285' title='bbox 1608 3497 1837 3565; x_wconf 89' lang='lat' dir='ltr'><strong>ratione,</strong></span> <span class='ocrx_word' id='word_1_286' title='bbox 1861 3505 1914 3551; x_wconf 89' lang='lat' dir='ltr'><strong>et</strong></span> <span class='ocrx_word' id='word_1_287' title='bbox 1942 3497 2122 3552; x_wconf 88' lang='lat' dir='ltr'><strong>omnia</strong></span> 
     </span>
    </p>
   </div>
   <div class='ocr_carea' id='block_1_36' title="bbox 540 3588 2122 3659">
    <p class='ocr_par' dir='ltr' id='par_1_36' title="bbox 540 3588 2122 3659">
     <span class='ocr_line' id='line_1_36' title="bbox 540 3588 2122 3659; baseline 0.002 -19"><span class='ocrx_word' id='word_1_288' title='bbox 540 3588 800 3642; x_wconf 79' lang='lat' dir='ltr'><strong>habemus</strong></span> <span class='ocrx_word' id='word_1_289' title='bbox 831 3588 1114 3657; x_wconf 89' lang='lat' dir='ltr'><strong>subjecta?</strong></span> <span class='ocrx_word' id='word_1_290' title='bbox 1143 3604 1240 3643; x_wconf 92' lang='lat' dir='ltr'><strong>cur</strong></span> <span class='ocrx_word' id='word_1_291' title='bbox 1269 3603 1370 3644; x_wconf 90' lang='lat' dir='ltr'><strong>nos</strong></span> <span class='ocrx_word' id='word_1_292' title='bbox 1399 3588 1613 3658; x_wconf 89' lang='lat' dir='ltr'><strong>quidem</strong></span> <span class='ocrx_word' id='word_1_293' title='bbox 1653 3589 2000 3659; x_wconf 89' lang='lat' dir='ltr'><strong>imperamus,</strong></span> <span class='ocrx_word' id='word_1_294' title='bbox 2029 3589 2122 3643; x_wconf 93' lang='lat' dir='ltr'><strong>illa</strong></span> 
     </span>
    </p>
   </div>
   <div class='ocr_carea' id='block_1_37' title="bbox 539 3678 2125 3749">
    <p class='ocr_par' dir='ltr' id='par_1_37' title="bbox 539 3678 2125 3749">
     <span class='ocr_line' id='line_1_37' title="bbox 539 3678 2125 3749; baseline 0.002 -18"><span class='ocrx_word' id='word_1_295' title='bbox 539 3687 718 3732; x_wconf 88' lang='lat' dir='ltr'><strong>autem</strong></span> <span class='ocrx_word' id='word_1_296' title='bbox 769 3679 1004 3749; x_wconf 88' lang='lat' dir='ltr'><strong>parent?</strong></span> <span class='ocrx_word' id='word_1_297' title='bbox 1054 3678 1215 3734; x_wconf 82' lang='lat' dir='ltr'><strong>Vides</strong></span> <span class='ocrx_word' id='word_1_298' title='bbox 1261 3679 1530 3749; x_wconf 90' lang='lat' dir='ltr'><strong>quomodo</strong></span> <span class='ocrx_word' id='word_1_299' title='bbox 1578 3679 1813 3748; x_wconf 91' lang='lat' dir='ltr'><strong>undique</strong></span> <span class='ocrx_word' id='word_1_300' title='bbox 1869 3689 2024 3748; x_wconf 81' lang='lat' dir='ltr'><strong>urget</strong></span> <span class='ocrx_word' id='word_1_301' title='bbox 2069 3689 2125 3734; x_wconf 91' lang='lat' dir='ltr'><strong>et</strong></span> 
     </span>
    </p>
   </div>
   <div class='ocr_carea' id='block_1_38' title="bbox 543 3771 2126 3843">
    <p class='ocr_par' dir='ltr' id='par_1_38' title="bbox 543 3771 2126 3843">
     <span class='ocr_line' id='line_1_38' title="bbox 543 3771 2126 3843; baseline 0.003 -19"><span class='ocrx_word' id='word_1_302' title='bbox 543 3771 729 3825; x_wconf 87' lang='lat' dir='ltr'><strong>incitat</strong></span> <span class='ocrx_word' id='word_1_303' title='bbox 749 3771 1018 3838; x_wconf 87' lang='lat' dir='ltr'><strong>diabolus,</strong></span> <span class='ocrx_word' id='word_1_304' title='bbox 1037 3779 1094 3826; x_wconf 89' lang='lat' dir='ltr'><strong>ut</strong></span> <span class='ocrx_word' id='word_1_305' title='bbox 1116 3772 1272 3827; x_wconf 87' lang='lat' dir='ltr'><strong>nobis</strong></span> <span class='ocrx_word' id='word_1_306' title='bbox 1301 3771 1618 3843; x_wconf 87' lang='lat' dir='ltr'><strong>persuadeat</strong></span> <span class='ocrx_word' id='word_1_307' title='bbox 1643 3772 1734 3826; x_wconf 91' lang='lat' dir='ltr'><strong>Dei</strong></span> <span class='ocrx_word' id='word_1_308' title='bbox 1757 3771 1956 3827; x_wconf 90' lang='lat' dir='ltr'><strong>donum</strong></span> <span class='ocrx_word' id='word_1_309' title='bbox 1976 3773 2126 3843; x_wconf 86' lang='lat' dir='ltr'><strong>igno-</strong></span> 
     </span>
    </p>
   </div>
   <div class='ocr_carea' id='block_1_39' title="bbox 542 3861 2127 3934">
    <p class='ocr_par' dir='ltr' id='par_1_39' title="bbox 542 3861 2127 3934">
     <span class='ocr_line' id='line_1_39' title="bbox 542 3861 2127 3934; baseline 0.002 -18"><span class='ocrx_word' id='word_1_310' title='bbox 542 3861 701 3916; x_wconf 84' lang='lat' dir='ltr'><strong>rare?</strong></span> <span class='ocrx_word' id='word_1_311' title='bbox 729 3861 930 3917; x_wconf 84' lang='lat' dir='ltr'><strong>Servos</strong></span> <span class='ocrx_word' id='word_1_312' title='bbox 960 3863 1150 3917; x_wconf 88' lang='lat' dir='ltr'><strong>miscet</strong></span> <span class='ocrx_word' id='word_1_313' title='bbox 1171 3877 1292 3917; x_wconf 91' lang='lat' dir='ltr'><strong>cum</strong></span> <span class='ocrx_word' id='word_1_314' title='bbox 1315 3862 1581 3926; x_wconf 85' lang='lat' dir='ltr'><strong>dominis;</strong></span> <span class='ocrx_word' id='word_1_315' title='bbox 1612 3864 1749 3918; x_wconf 91' lang='lat' dir='ltr'><strong>sicut</strong></span> <span class='ocrx_word' id='word_1_316' title='bbox 1771 3863 1986 3934; x_wconf 89' lang='lat' dir='ltr'><strong>quidam</strong></span> <span class='ocrx_word' id='word_1_317' title='bbox 2015 3865 2127 3934; x_wconf 86' lang='lat' dir='ltr'><strong>pla-</strong></span> 
     </span>
    </p>
   </div>
   <div class='ocr_carea' id='block_1_40' title="bbox 540 3953 2126 4025">
    <p class='ocr_par' dir='ltr' id='par_1_40' title="bbox 540 3953 2126 4025">
     <span class='ocr_line' id='line_1_40' title="bbox 540 3953 2126 4025; baseline 0.003 -18"><span class='ocrx_word' id='word_1_318' title='bbox 540 3953 761 4023; x_wconf 87' lang='lat' dir='ltr'><strong>giarius,</strong></span> <span class='ocrx_word' id='word_1_319' title='bbox 814 3962 870 4009; x_wconf 92' lang='lat' dir='ltr'><strong>et</strong></span> <span class='ocrx_word' id='word_1_320' title='bbox 919 3968 1108 4008; x_wconf 88' lang='lat' dir='ltr'><strong>servus</strong></span> <span class='ocrx_word' id='word_1_321' title='bbox 1165 3955 1442 4023; x_wconf 84' lang='lat' dir='ltr'><strong>ingratus,</strong></span> <span class='ocrx_word' id='word_1_322' title='bbox 1485 3955 1672 4008; x_wconf 88' lang='lat' dir='ltr'><strong>nititur</strong></span> <span class='ocrx_word' id='word_1_323' title='bbox 1724 3955 2009 4025; x_wconf 85' lang='lat' dir='ltr'><strong>ingenuum</strong></span> <span class='ocrx_word' id='word_1_324' title='bbox 2057 3956 2126 4012; x_wconf 90' lang='lat' dir='ltr'><strong>ad</strong></span> 
     </span>
    </p>
   </div>
   <div class='ocr_carea' id='block_1_41' title="bbox 541 4047 2126 4122">
    <p class='ocr_par' dir='ltr' id='par_1_41' title="bbox 541 4047 2126 4122">
     <span class='ocr_line' id='line_1_41' title="bbox 541 4047 2126 4122; baseline 0.004 -20"><span class='ocrx_word' id='word_1_325' title='bbox 541 4047 787 4102; x_wconf 81' lang='lat' dir='ltr'><strong>eamdem</strong></span> <span class='ocrx_word' id='word_1_326' title='bbox 811 4047 1078 4104; x_wconf 89' lang='lat' dir='ltr'><strong>deducere</strong></span> <span class='ocrx_word' id='word_1_327' title='bbox 1099 4048 1359 4102; x_wconf 85' lang='lat' dir='ltr'><strong>vilitatem</strong></span> <span class='ocrx_word' id='word_1_328' title='bbox 1387 4059 1441 4104; x_wconf 90' lang='lat' dir='ltr'><strong>et</strong></span> <span class='ocrx_word' id='word_1_329' title='bbox 1467 4049 1842 4119; x_wconf 90' lang='lat' dir='ltr'><strong>abjectionem,</strong></span> <span class='ocrx_word' id='word_1_330' title='bbox 1875 4051 1944 4106; x_wconf 89' lang='lat' dir='ltr'><strong>ad</strong></span> <span class='ocrx_word' id='word_1_331' title='bbox 1967 4067 2126 4122; x_wconf 84' lang='lat' dir='ltr'><strong>quam</strong></span> 
     </span>
    </p>
   </div>
   <div class='ocr_carea' id='block_1_42' title="bbox 543 4138 2129 4212">
    <p class='ocr_par' dir='ltr' id='par_1_42' title="bbox 543 4138 2129 4212">
     <span class='ocr_line' id='line_1_42' title="bbox 543 4138 2129 4212; baseline 0.003 -19"><span class='ocrx_word' id='word_1_332' title='bbox 543 4138 807 4194; x_wconf 84' lang='lat' dir='ltr'><strong>deductus</strong></span> <span class='ocrx_word' id='word_1_333' title='bbox 848 4146 932 4194; x_wconf 91' lang='lat' dir='ltr'><strong>est</strong></span> <span class='ocrx_word' id='word_1_334' title='bbox 979 4140 1026 4194; x_wconf 91' lang='lat' dir='ltr'><strong>is</strong></span> <span class='ocrx_word' id='word_1_335' title='bbox 1050 4139 1140 4209; x_wconf 89' lang='lat' dir='ltr'><strong>qui</strong></span> <span class='ocrx_word' id='word_1_336' title='bbox 1177 4139 1398 4195; x_wconf 77' lang='lat' dir='ltr'><strong>offendit</strong></span> <span class='ocrx_word' id='word_1_337' title='bbox 1425 4157 1438 4194; x_wconf 88' lang='lat'><strong>:</strong></span> <span class='ocrx_word' id='word_1_338' title='bbox 1470 4150 1524 4195; x_wconf 92' lang='lat' dir='ltr'><strong>et</strong></span> <span class='ocrx_word' id='word_1_339' title='bbox 1565 4141 1778 4196; x_wconf 89' lang='lat' dir='ltr'><strong>videtur</strong></span> <span class='ocrx_word' id='word_1_340' title='bbox 1805 4141 2018 4212; x_wconf 88' lang='lat' dir='ltr'><strong>quidem</strong></span> <span class='ocrx_word' id='word_1_341' title='bbox 2060 4142 2129 4199; x_wconf 89' lang='lat' dir='ltr'><strong>de</strong></span> 
     </span>
    </p>
   </div>
   <div class='ocr_carea' id='block_1_43' title="bbox 544 4228 2120 4302">
    <p class='ocr_par' dir='ltr' id='par_1_43' title="bbox 544 4228 2120 4302">
     <span class='ocr_line' id='line_1_43' title="bbox 544 4228 2120 4302; baseline 0.003 -18"><span class='ocrx_word' id='word_1_342' title='bbox 544 4228 725 4286; x_wconf 85' lang='lat' dir='ltr'><strong>medio</strong></span> <span class='ocrx_word' id='word_1_343' title='bbox 754 4231 944 4285; x_wconf 90' lang='lat' dir='ltr'><strong>tollere</strong></span> <span class='ocrx_word' id='word_1_344' title='bbox 983 4230 1264 4301; x_wconf 82' lang='lat' dir='ltr'><strong>judicium,</strong></span> <span class='ocrx_word' id='word_1_345' title='bbox 1302 4231 1438 4286; x_wconf 89' lang='lat' dir='ltr'><strong>tollit</strong></span> <span class='ocrx_word' id='word_1_346' title='bbox 1467 4242 1646 4287; x_wconf 91' lang='lat' dir='ltr'><strong>autem</strong></span> <span class='ocrx_word' id='word_1_347' title='bbox 1675 4232 1819 4302; x_wconf 89' lang='lat' dir='ltr'><strong>quod</strong></span> <span class='ocrx_word' id='word_1_348' title='bbox 1868 4234 1938 4288; x_wconf 89' lang='lat' dir='ltr'><strong>sit</strong></span> <span class='ocrx_word' id='word_1_349' title='bbox 1965 4235 2120 4289; x_wconf 90' lang='lat' dir='ltr'><strong>Deus.</strong></span> 
     </span>
    </p>
   </div>
   <div class='ocr_carea' id='block_1_44' title="bbox 544 4322 2129 4395">
    <p class='ocr_par' dir='ltr' id='par_1_44' title="bbox 544 4322 2129 4395">
     <span class='ocr_line' id='line_1_44' title="bbox 544 4322 2129 4395; baseline 0.003 -20"><span class='ocrx_word' id='word_1_350' title='bbox 544 4322 771 4392; x_wconf 88' lang='lat' dir='ltr'><strong>Semper</strong></span> <span class='ocrx_word' id='word_1_351' title='bbox 797 4323 941 4377; x_wconf 89' lang='lat' dir='ltr'><strong>enim</strong></span> <span class='ocrx_word' id='word_1_352' title='bbox 994 4323 1114 4377; x_wconf 89' lang='lat' dir='ltr'><strong>talis</strong></span> <span class='ocrx_word' id='word_1_353' title='bbox 1141 4333 1220 4378; x_wconf 90' lang='lat' dir='ltr'><strong>est</strong></span> <span class='ocrx_word' id='word_1_354' title='bbox 1247 4322 1527 4390; x_wconf 90' lang='lat' dir='ltr'><strong>diabolus;</strong></span> <span class='ocrx_word' id='word_1_355' title='bbox 1580 4325 1857 4380; x_wconf 77' lang='lat' dir='ltr'><strong>fraudibus</strong></span> <span class='ocrx_word' id='word_1_356' title='bbox 1887 4325 2129 4395; x_wconf 89' lang='lat' dir='ltr'><strong>dolisque</strong></span> 
     </span>
    </p>
   </div>
   <div class='ocr_carea' id='block_1_45' title="bbox 545 4413 2124 4486">
    <p class='ocr_par' dir='ltr' id='par_1_45' title="bbox 545 4413 2124 4486">
     <span class='ocr_line' id='line_1_45' title="bbox 545 4413 2124 4486; baseline 0.001 -18"><span class='ocrx_word' id='word_1_357' title='bbox 545 4423 600 4468; x_wconf 88' lang='lat' dir='ltr'><strong>et</strong></span> <span class='ocrx_word' id='word_1_358' title='bbox 629 4413 856 4481; x_wconf 86' lang='lat' dir='ltr'><strong>insidiis,</strong></span> <span class='ocrx_word' id='word_1_359' title='bbox 882 4429 986 4470; x_wconf 91' lang='lat' dir='ltr'><strong>non</strong></span> <span class='ocrx_word' id='word_1_360' title='bbox 1011 4414 1211 4470; x_wconf 91' lang='lat' dir='ltr'><strong>directe</strong></span> <span class='ocrx_word' id='word_1_361' title='bbox 1243 4417 1708 4486; x_wconf 86' lang='lat' dir='ltr'><strong>proponitomnia,</strong></span> <span class='ocrx_word' id='word_1_362' title='bbox 1739 4427 1797 4471; x_wconf 90' lang='lat' dir='ltr'><strong>ut</strong></span> <span class='ocrx_word' id='word_1_363' title='bbox 1821 4433 2124 4472; x_wconf 84' lang='lat' dir='ltr'><strong>caveamus.</strong></span> 
     </span>
    </p>
   </div>
   <div class='ocr_carea' id='block_1_46' title="bbox 545 4505 2124 4580">
    <p class='ocr_par' dir='ltr' id='par_1_46' title="bbox 545 4505 2124 4580">
     <span class='ocr_line' id='line_1_46' title="bbox 545 4505 2124 4580; baseline 0.001 -20"><span class='ocrx_word' id='word_1_364' title='bbox 545 4505 601 4560; x_wconf 89' lang='lat' dir='ltr'><strong>Si</strong></span> <span class='ocrx_word' id='word_1_365' title='bbox 633 4519 739 4558; x_wconf 92' lang='lat' dir='ltr'><strong>non</strong></span> <span class='ocrx_word' id='word_1_366' title='bbox 767 4515 849 4560; x_wconf 90' lang='lat' dir='ltr'><strong>est</strong></span> <span class='ocrx_word' id='word_1_367' title='bbox 871 4505 1151 4575; x_wconf 85' lang='lat' dir='ltr'><strong>judicium,</strong></span> <span class='ocrx_word' id='word_1_368' title='bbox 1184 4508 1322 4564; x_wconf 85' lang='lat' dir='ltr'><strong>Deus</strong></span> <span class='ocrx_word' id='word_1_369' title='bbox 1353 4524 1458 4562; x_wconf 90' lang='lat' dir='ltr'><strong>non</strong></span> <span class='ocrx_word' id='word_1_370' title='bbox 1481 4517 1564 4564; x_wconf 90' lang='lat' dir='ltr'><strong>est</strong></span> <span class='ocrx_word' id='word_1_371' title='bbox 1587 4509 1799 4580; x_wconf 87' lang='lat' dir='ltr'><strong>justus;</strong></span> <span class='ocrx_word' id='word_1_372' title='bbox 1833 4508 2124 4564; x_wconf 90' lang='lat' dir='ltr'><strong>secundum</strong></span> 
     </span>
    </p>
   </div>
   <div class='ocr_carea' id='block_1_47' title="bbox 548 4595 2124 4669">
    <p class='ocr_par' dir='ltr' id='par_1_47' title="bbox 548 4595 2124 4669">
     <span class='ocr_line' id='line_1_47' title="bbox 548 4595 2124 4669; baseline 0.004 -22"><span class='ocrx_word' id='word_1_373' title='bbox 548 4595 818 4650; x_wconf 87' lang='lat' dir='ltr'><strong>hominem</strong></span> <span class='ocrx_word' id='word_1_374' title='bbox 837 4597 991 4652; x_wconf 89' lang='lat' dir='ltr'><strong>dico:</strong></span> <span class='ocrx_word' id='word_1_375' title='bbox 1014 4597 1060 4652; x_wconf 90' lang='lat' dir='ltr'><strong>si</strong></span> <span class='ocrx_word' id='word_1_376' title='bbox 1089 4599 1228 4654; x_wconf 92' lang='lat' dir='ltr'><strong>Deus</strong></span> <span class='ocrx_word' id='word_1_377' title='bbox 1259 4615 1363 4654; x_wconf 93' lang='lat' dir='ltr'><strong>non</strong></span> <span class='ocrx_word' id='word_1_378' title='bbox 1389 4608 1472 4655; x_wconf 89' lang='lat' dir='ltr'><strong>est</strong></span> <span class='ocrx_word' id='word_1_379' title='bbox 1496 4600 1693 4669; x_wconf 89' lang='lat' dir='ltr'><strong>justus,</strong></span> <span class='ocrx_word' id='word_1_380' title='bbox 1718 4615 1818 4654; x_wconf 90' lang='lat' dir='ltr'><strong>nec</strong></span> <span class='ocrx_word' id='word_1_381' title='bbox 1847 4609 1928 4655; x_wconf 91' lang='lat' dir='ltr'><strong>est</strong></span> <span class='ocrx_word' id='word_1_382' title='bbox 1952 4600 2124 4654; x_wconf 89' lang='lat' dir='ltr'><strong>Deus:</strong></span> 
     </span>
    </p>
   </div>
   <div class='ocr_carea' id='block_1_48' title="bbox 547 4687 2128 4757">
    <p class='ocr_par' dir='ltr' id='par_1_48' title="bbox 547 4687 2128 4757">
     <span class='ocr_line' id='line_1_48' title="bbox 547 4687 2128 4757; baseline 0.002 -13"><span class='ocrx_word' id='word_1_383' title='bbox 547 4687 593 4744; x_wconf 94' lang='lat' dir='ltr'><strong>si</strong></span> <span class='ocrx_word' id='word_1_384' title='bbox 637 4687 776 4743; x_wconf 86' lang='lat' dir='ltr'><strong>Deus</strong></span> <span class='ocrx_word' id='word_1_385' title='bbox 819 4705 925 4744; x_wconf 89' lang='lat' dir='ltr'><strong>non</strong></span> <span class='ocrx_word' id='word_1_386' title='bbox 963 4699 1066 4757; x_wconf 90' lang='lat' dir='ltr'><strong>est,</strong></span> <span class='ocrx_word' id='word_1_387' title='bbox 1096 4699 1300 4747; x_wconf 85' lang='lat' dir='ltr'><strong>temere</strong></span> <span class='ocrx_word' id='word_1_388' title='bbox 1348 4691 1591 4747; x_wconf 88' lang='lat' dir='ltr'><strong>feruntur</strong></span> <span class='ocrx_word' id='word_1_389' title='bbox 1638 4691 1848 4755; x_wconf 89' lang='lat' dir='ltr'><strong>omnia,</strong></span> <span class='ocrx_word' id='word_1_390' title='bbox 1876 4691 2006 4745; x_wconf 87' lang='lat' dir='ltr'><strong>nihil</strong></span> <span class='ocrx_word' id='word_1_391' title='bbox 2045 4701 2128 4747; x_wconf 79' lang='lat' dir='ltr'><strong>est</strong></span> 
     </span>
    </p>
   </div>
   <div class='ocr_carea' id='block_1_49' title="bbox 548 4781 2125 4853">
    <p class='ocr_par' dir='ltr' id='par_1_49' title="bbox 548 4781 2125 4853">
     <span class='ocr_line' id='line_1_49' title="bbox 548 4781 2125 4853; baseline 0.002 -20"><span class='ocrx_word' id='word_1_392' title='bbox 548 4781 740 4847; x_wconf 82' lang='lat' dir='ltr'><strong>virtus,</strong></span> <span class='ocrx_word' id='word_1_393' title='bbox 772 4781 902 4836; x_wconf 86' lang='lat' dir='ltr'><strong>nihil</strong></span> <span class='ocrx_word' id='word_1_394' title='bbox 944 4783 1151 4837; x_wconf 90' lang='lat' dir='ltr'><strong>vitium.</strong></span> <span class='ocrx_word' id='word_1_395' title='bbox 1194 4782 1298 4838; x_wconf 89' lang='lat' dir='ltr'><strong>Sed</strong></span> <span class='ocrx_word' id='word_1_396' title='bbox 1343 4783 1474 4837; x_wconf 90' lang='lat' dir='ltr'><strong>nihil</strong></span> <span class='ocrx_word' id='word_1_397' title='bbox 1521 4783 1712 4838; x_wconf 91' lang='lat' dir='ltr'><strong>horum</strong></span> <span class='ocrx_word' id='word_1_398' title='bbox 1741 4782 1870 4838; x_wconf 90' lang='lat' dir='ltr'><strong>dicit</strong></span> <span class='ocrx_word' id='word_1_399' title='bbox 1918 4793 2125 4853; x_wconf 85' lang='lat' dir='ltr'><strong>aperte.</strong></span> 
     </span>
    </p>
   </div>
   <div class='ocr_carea' id='block_1_50' title="bbox 553 4873 2127 4946">
    <p class='ocr_par' dir='ltr' id='par_1_50' title="bbox 553 4873 2127 4946">
     <span class='ocr_line' id='line_1_50' title="bbox 553 4873 2127 4946; baseline 0.003 -20"><span class='ocrx_word' id='word_1_400' title='bbox 553 4873 816 4928; x_wconf 83' lang='lat' dir='ltr'><strong>Satanicae</strong></span> <span class='ocrx_word' id='word_1_401' title='bbox 861 4875 1200 4946; x_wconf 82' lang='lat' dir='ltr'><strong>cogitationis</strong></span> <span class='ocrx_word' id='word_1_402' title='bbox 1243 4873 1423 4930; x_wconf 87' lang='lat' dir='ltr'><strong>vidisti</strong></span> <span class='ocrx_word' id='word_1_403' title='bbox 1463 4875 1722 4941; x_wconf 90' lang='lat' dir='ltr'><strong>animum,</strong></span> <span class='ocrx_word' id='word_1_404' title='bbox 1756 4875 2024 4946; x_wconf 90' lang='lat' dir='ltr'><strong>quomodo</strong></span> <span class='ocrx_word' id='word_1_405' title='bbox 2061 4892 2127 4931; x_wconf 83' lang='lat' dir='ltr'><strong>ex</strong></span> 
     </span>
    </p>
   </div>
   <div class='ocr_carea' id='block_1_51' title="bbox 545 4962 2126 5037">
    <p class='ocr_par' dir='ltr' id='par_1_51' title="bbox 545 4962 2126 5037">
     <span class='ocr_line' id='line_1_51' title="bbox 545 4962 2126 5037; baseline 0.004 -21"><span class='ocrx_word' id='word_1_406' title='bbox 545 4962 850 5019; x_wconf 88' lang='lat' dir='ltr'><strong>hominibus</strong></span> <span class='ocrx_word' id='word_1_407' title='bbox 904 4964 1032 5020; x_wconf 90' lang='lat' dir='ltr'><strong>velit</strong></span> <span class='ocrx_word' id='word_1_408' title='bbox 1079 4981 1178 5020; x_wconf 91' lang='lat' dir='ltr'><strong>nos</strong></span> <span class='ocrx_word' id='word_1_409' title='bbox 1225 4965 1378 5020; x_wconf 89' lang='lat' dir='ltr'><strong>bruta</strong></span> <span class='ocrx_word' id='word_1_410' title='bbox 1422 4965 1618 5031; x_wconf 84' lang='lat' dir='ltr'><strong>facere,</strong></span> <span class='ocrx_word' id='word_1_411' title='bbox 1647 4966 1729 5021; x_wconf 90' lang='lat' dir='ltr'><strong>vel</strong></span> <span class='ocrx_word' id='word_1_412' title='bbox 1760 4967 1937 5037; x_wconf 92' lang='lat' dir='ltr'><strong>potius</strong></span> <span class='ocrx_word' id='word_1_413' title='bbox 1985 4967 2126 5022; x_wconf 90' lang='lat' dir='ltr'><strong>feras</strong></span> 
     </span>
    </p>
   </div>
   <div class='ocr_carea' id='block_1_52' title="bbox 548 5053 2129 5127">
    <p class='ocr_par' dir='ltr' id='par_1_52' title="bbox 548 5053 2129 5127">
     <span class='ocr_line' id='line_1_52' title="bbox 548 5053 2129 5127; baseline 0.003 -22"><span class='ocrx_word' id='word_1_414' title='bbox 548 5067 611 5107; x_wconf 82' lang='lat' dir='ltr'><strong>ac</strong></span> <span class='ocrx_word' id='word_1_415' title='bbox 637 5053 857 5119; x_wconf 85' lang='lat' dir='ltr'><strong>bestias,</strong></span> <span class='ocrx_word' id='word_1_416' title='bbox 886 5055 994 5109; x_wconf 92' lang='lat' dir='ltr'><strong>imo</strong></span> <span class='ocrx_word' id='word_1_417' title='bbox 1020 5070 1149 5111; x_wconf 88' lang='lat' dir='ltr'><strong>vero</strong></span> <span class='ocrx_word' id='word_1_418' title='bbox 1175 5055 1490 5110; x_wconf 73' lang='lat' dir='ltr'><strong>dmmones?</strong></span> <span class='ocrx_word' id='word_1_419' title='bbox 1533 5057 1612 5112; x_wconf 86' lang='lat' dir='ltr'><strong>Ne</strong></span> <span class='ocrx_word' id='word_1_420' title='bbox 1636 5073 1764 5127; x_wconf 86' lang='lat' dir='ltr'><strong>ergo</strong></span> <span class='ocrx_word' id='word_1_421' title='bbox 1804 5057 2129 5127; x_wconf 74' lang='lat' dir='ltr'><strong>persuades-</strong></span> 
     </span>
    </p>
   </div>
   <div class='ocr_carea' id='block_1_53' title="bbox 552 5146 2128 5218">
    <p class='ocr_par' dir='ltr' id='par_1_53' title="bbox 552 5146 2128 5218">
     <span class='ocr_line' id='line_1_53' title="bbox 552 5146 2128 5218; baseline 0.005 -21"><span class='ocrx_word' id='word_1_422' title='bbox 552 5161 690 5198; x_wconf 90' lang='lat' dir='ltr'><strong>mur.</strong></span> <span class='ocrx_word' id='word_1_423' title='bbox 739 5146 834 5201; x_wconf 89' lang='lat' dir='ltr'><strong>Est</strong></span> <span class='ocrx_word' id='word_1_424' title='bbox 877 5146 1018 5201; x_wconf 89' lang='lat' dir='ltr'><strong>enim</strong></span> <span class='ocrx_word' id='word_1_425' title='bbox 1054 5147 1335 5218; x_wconf 91' lang='lat' dir='ltr'><strong>judicium,</strong></span> <span class='ocrx_word' id='word_1_426' title='bbox 1378 5165 1410 5202; x_wconf 94' lang='grc' dir='ltr'>ο</span> <span class='ocrx_word' id='word_1_427' title='bbox 1451 5150 1613 5205; x_wconf 90' lang='lat' dir='ltr'><strong>miser</strong></span> <span class='ocrx_word' id='word_1_428' title='bbox 1654 5160 1707 5206; x_wconf 91' lang='lat' dir='ltr'><strong>et</strong></span> <span class='ocrx_word' id='word_1_429' title='bbox 1755 5150 1970 5206; x_wconf 80' lang='lat' dir='ltr'><strong>infelix!</strong></span> <span class='ocrx_word' id='word_1_430' title='bbox 2007 5151 2128 5206; x_wconf 88' lang='lat' dir='ltr'><strong>Scio</strong></span> 
     </span>
    </p>
   </div>
   <div class='ocr_carea' id='block_1_54' title="bbox 550 5231 2128 5295">
    <p class='ocr_par' dir='ltr' id='par_1_54' title="bbox 550 5231 2128 5295">
     <span class='ocr_line' id='line_1_54' title="bbox 550 5231 2128 5295; baseline 0.004 -8"><span class='ocrx_word' id='word_1_431' title='bbox 550 5231 817 5292; x_wconf 86' lang='lat' dir='ltr'><strong>undenam</strong></span> <span class='ocrx_word' id='word_1_432' title='bbox 868 5238 1052 5292; x_wconf 88' lang='lat' dir='ltr'><strong>venias</strong></span> <span class='ocrx_word' id='word_1_433' title='bbox 1081 5239 1148 5293; x_wconf 93' lang='lat' dir='ltr'><strong>ad</strong></span> <span class='ocrx_word' id='word_1_434' title='bbox 1195 5238 1310 5293; x_wconf 69' lang='lat' dir='ltr'><strong>hrec</strong></span> <span class='ocrx_word' id='word_1_435' title='bbox 1340 5239 1612 5294; x_wconf 88' lang='lat' dir='ltr'><strong>dicenda:</strong></span> <span class='ocrx_word' id='word_1_436' title='bbox 1659 5256 1688 5292; x_wconf 91' lang='lat' dir='ltr'><strong>a</strong></span> <span class='ocrx_word' id='word_1_437' title='bbox 1733 5250 1784 5294; x_wconf 90' lang='lat' dir='ltr'><strong>te</strong></span> <span class='ocrx_word' id='word_1_438' title='bbox 1835 5241 1998 5295; x_wconf 89' lang='lat' dir='ltr'><strong>multa</strong></span> <span class='ocrx_word' id='word_1_439' title='bbox 2031 5240 2128 5294; x_wconf 85' lang='lat' dir='ltr'><strong>ad-</strong></span> 
     </span>
    </p>
   </div>
   <div class='ocr_carea' id='block_1_55' title="bbox 551 5320 2124 5398">
    <p class='ocr_par' dir='ltr' id='par_1_55' title="bbox 551 5320 2124 5398">
     <span class='ocr_line' id='line_1_55' title="bbox 551 5320 2124 5398; baseline 0.004 -17"><span class='ocrx_word' id='word_1_440' title='bbox 551 5327 713 5382; x_wconf 88' lang='lat' dir='ltr'><strong>missa</strong></span> <span class='ocrx_word' id='word_1_441' title='bbox 752 5337 879 5382; x_wconf 90' lang='lat' dir='ltr'><strong>sunt</strong></span> <span class='ocrx_word' id='word_1_442' title='bbox 923 5338 1162 5398; x_wconf 89' lang='lat' dir='ltr'><strong>peccata,</strong></span> <span class='ocrx_word' id='word_1_443' title='bbox 1189 5320 1480 5396; x_wconf 69' lang='lat' dir='ltr'><strong>offendisti,</strong></span> <span class='ocrx_word' id='word_1_444' title='bbox 1528 5347 1636 5386; x_wconf 91' lang='lat' dir='ltr'><strong>non</strong></span> <span class='ocrx_word' id='word_1_445' title='bbox 1666 5342 1748 5384; x_wconf 92' lang='lat' dir='ltr'><strong>est</strong></span> <span class='ocrx_word' id='word_1_446' title='bbox 1778 5331 1872 5386; x_wconf 91' lang='lat' dir='ltr'><strong>tibi</strong></span> <span class='ocrx_word' id='word_1_447' title='bbox 1917 5331 2124 5387; x_wconf 90' lang='lat' dir='ltr'><strong>dicendi</strong></span> 
     </span>
    </p>
   </div>
   <div class='ocr_carea' id='block_1_56' title="bbox 554 5411 2129 5486">
    <p class='ocr_par' dir='ltr' id='par_1_56' title="bbox 554 5411 2129 5486">
     <span class='ocr_line' id='line_1_56' title="bbox 554 5411 2129 5486; baseline 0.006 -18"><span class='ocrx_word' id='word_1_448' title='bbox 554 5411 773 5471; x_wconf 84' lang='lat' dir='ltr'><strong>libertas</strong></span> <span class='ocrx_word' id='word_1_449' title='bbox 796 5426 850 5472; x_wconf 91' lang='lat' dir='ltr'><strong>et</strong></span> <span class='ocrx_word' id='word_1_450' title='bbox 877 5417 1090 5486; x_wconf 81' lang='lat' dir='ltr'><strong>fiducia,</strong></span> <span class='ocrx_word' id='word_1_451' title='bbox 1108 5420 1382 5474; x_wconf 77' lang='lat' dir='ltr'><strong>existimas</strong></span> <span class='ocrx_word' id='word_1_452' title='bbox 1410 5435 1588 5474; x_wconf 88' lang='lat' dir='ltr'><strong>rerum</strong></span> <span class='ocrx_word' id='word_1_453' title='bbox 1614 5431 1856 5474; x_wconf 91' lang='lat' dir='ltr'><strong>naturam</strong></span> <span class='ocrx_word' id='word_1_454' title='bbox 1881 5421 1985 5475; x_wconf 89' lang='lat' dir='ltr'><strong>tuis</strong></span> <span class='ocrx_word' id='word_1_455' title='bbox 2010 5436 2129 5478; x_wconf 88' lang='lat' dir='ltr'><strong>esse</strong></span> 
     </span>
    </p>
   </div>
   <div class='ocr_carea' id='block_1_57' title="bbox 551 5507 2127 5580">
    <p class='ocr_par' dir='ltr' id='par_1_57' title="bbox 551 5507 2127 5580">
     <span class='ocr_line' id='line_1_57' title="bbox 551 5507 2127 5580; baseline 0.004 -21"><span class='ocrx_word' id='word_1_456' title='bbox 551 5507 730 5562; x_wconf 85' lang='lat' dir='ltr'><strong>verbis</strong></span> <span class='ocrx_word' id='word_1_457' title='bbox 767 5521 1205 5580; x_wconf 90' lang='lat' dir='ltr'><strong>consequentem.</strong></span> <span class='ocrx_word' id='word_1_458' title='bbox 1254 5510 1491 5578; x_wconf 87' lang='lat' dir='ltr'><strong>Interim,</strong></span> <span class='ocrx_word' id='word_1_459' title='bbox 1526 5511 1714 5580; x_wconf 88' lang='lat' dir='ltr'><strong>inquit,</strong></span> <span class='ocrx_word' id='word_1_460' title='bbox 1743 5526 1846 5565; x_wconf 92' lang='lat' dir='ltr'><strong>non</strong></span> <span class='ocrx_word' id='word_1_461' title='bbox 1875 5513 2127 5566; x_wconf 87' lang='lat' dir='ltr'><strong>cruciabo</strong></span> 
     </span>
    </p>
   </div>
   <div class='ocr_carea' id='block_1_58' title="bbox 551 5599 2126 5672">
    <p class='ocr_par' dir='ltr' id='par_1_58' title="bbox 551 5599 2126 5672">
     <span class='ocr_line' id='line_1_58' title="bbox 551 5599 2126 5672; baseline 0.004 -23"><span class='ocrx_word' id='word_1_462' title='bbox 551 5599 783 5652; x_wconf 88' lang='lat' dir='ltr'><strong>animam</strong></span> <span class='ocrx_word' id='word_1_463' title='bbox 829 5601 1088 5669; x_wconf 73' lang='lat' dir='ltr'><strong>gehennte</strong></span> <span class='ocrx_word' id='word_1_464' title='bbox 1115 5604 1559 5670; x_wconf 82' lang='lat' dir='ltr'><strong>exspectatione;</strong></span> <span class='ocrx_word' id='word_1_465' title='bbox 1593 5611 1647 5656; x_wconf 90' lang='lat' dir='ltr'><strong>et</strong></span> <span class='ocrx_word' id='word_1_466' title='bbox 1689 5603 1732 5656; x_wconf 89' lang='lat' dir='ltr'><strong>si</strong></span> <span class='ocrx_word' id='word_1_467' title='bbox 1775 5603 1864 5668; x_wconf 81' lang='lat' dir='ltr'><strong>sit,</strong></span> <span class='ocrx_word' id='word_1_468' title='bbox 1896 5602 1944 5657; x_wconf 93' lang='lat' dir='ltr'><strong>ei</strong></span> <span class='ocrx_word' id='word_1_469' title='bbox 1985 5603 2126 5672; x_wconf 91' lang='lat' dir='ltr'><strong>quod</strong></span> 
     </span>
    </p>
   </div>
   <div class='ocr_carea' id='block_1_59' title="bbox 548 5688 2118 5758">
    <p class='ocr_par' dir='ltr' id='par_1_59' title="bbox 548 5688 2118 5758">
     <span class='ocr_line' id='line_1_59' title="bbox 548 5688 2118 5758; baseline 0.006 -21"><span class='ocrx_word' id='word_1_470' title='bbox 548 5699 655 5739; x_wconf 89' lang='lat' dir='ltr'><strong>non</strong></span> <span class='ocrx_word' id='word_1_471' title='bbox 693 5688 761 5740; x_wconf 86' lang='lat' dir='ltr'><strong>sit</strong></span> <span class='ocrx_word' id='word_1_472' title='bbox 784 5691 1117 5758; x_wconf 87' lang='lat' dir='ltr'><strong>persuadebo</strong></span> <span class='ocrx_word' id='word_1_473' title='bbox 1149 5711 1162 5746; x_wconf 88' lang='lat'>:</span> <span class='ocrx_word' id='word_1_474' title='bbox 1209 5693 1420 5748; x_wconf 89' lang='lat' dir='ltr'><strong>interim</strong></span> <span class='ocrx_word' id='word_1_475' title='bbox 1451 5692 1538 5748; x_wconf 90' lang='lat' dir='ltr'><strong>hic</strong></span> <span class='ocrx_word' id='word_1_476' title='bbox 1563 5708 1647 5747; x_wconf 90' lang='lat' dir='ltr'><strong>me</strong></span> <span class='ocrx_word' id='word_1_477' title='bbox 1675 5693 1869 5748; x_wconf 88' lang='lat' dir='ltr'><strong>dedam</strong></span> <span class='ocrx_word' id='word_1_478' title='bbox 1897 5693 2118 5748; x_wconf 87' lang='lat' dir='ltr'><strong>deliciis.</strong></span> 
     </span>
    </p>
   </div>
   <div class='ocr_carea' id='block_1_60' title="bbox 547 5775 2121 5855">
    <p class='ocr_par' dir='ltr' id='par_1_60' title="bbox 547 5775 2121 5855">
     <span class='ocr_line' id='line_1_60' title="bbox 547 5775 2121 5855; baseline 0.008 -26"><span class='ocrx_word' id='word_1_479' title='bbox 547 5775 653 5831; x_wconf 83' lang='lat' dir='ltr'><strong>Cur</strong></span> <span class='ocrx_word' id='word_1_480' title='bbox 696 5782 928 5848; x_wconf 73' lang='lat' dir='ltr'><strong>peccatis</strong></span> <span class='ocrx_word' id='word_1_481' title='bbox 949 5782 1100 5840; x_wconf 87' lang='lat' dir='ltr'><strong>addis</strong></span> <span class='ocrx_word' id='word_1_482' title='bbox 1129 5788 1382 5855; x_wconf 85' lang='lat' dir='ltr'><strong>peccata?</strong></span> <span class='ocrx_word' id='word_1_483' title='bbox 1425 5787 1483 5842; x_wconf 90' lang='lat' dir='ltr'><strong>Si</strong></span> <span class='ocrx_word' id='word_1_484' title='bbox 1530 5801 1648 5841; x_wconf 89' lang='lat' dir='ltr'><strong>cum</strong></span> <span class='ocrx_word' id='word_1_485' title='bbox 1682 5787 1913 5855; x_wconf 87' lang='lat' dir='ltr'><strong>peccatis</strong></span> <span class='ocrx_word' id='word_1_486' title='bbox 1946 5785 2121 5842; x_wconf 84' lang='lat' dir='ltr'><strong>credi-</strong></span> 
     </span>
    </p>
   </div>
   <div class='ocr_carea' id='block_1_61' title="bbox 1246 347 3037 418">
    <p class='ocr_par' dir='ltr' id='par_1_61' title="bbox 1246 347 3037 418">
     <span class='ocr_line' id='line_1_61' title="bbox 1246 347 3037 418; baseline -0.004 -1"><span class='ocrx_word' id='word_1_487' title='bbox 1246 363 1302 418; x_wconf 87' lang='lat' dir='ltr'><strong>S.</strong></span> <span class='ocrx_word' id='word_1_488' title='bbox 1332 359 1606 417; x_wconf 64' lang='lat' dir='ltr'><strong>JOANNIS</strong></span> <span class='ocrx_word' id='word_1_489' title='bbox 1644 348 2114 412; x_wconf 70' lang='lat' dir='ltr'><strong>CllRYSUSTOMl</strong></span> <span class='ocrx_word' id='word_1_490' title='bbox 2151 349 2467 406; x_wconf 75' lang='lat' dir='ltr'><strong>ARCHIEP.</strong></span> <span class='ocrx_word' id='word_1_491' title='bbox 2507 347 3037 410; x_wconf 72' lang='lat' dir='ltr'><strong>CONSTANTINOP.</strong></span> 
     </span>
    </p>
   </div>
   <div class='ocr_carea' id='block_1_62' title="bbox 3665 363 3776 419">
    <p class='ocr_par' dir='ltr' id='par_1_62' title="bbox 3665 363 3776 419">
     <span class='ocr_line' id='line_1_62' title="bbox 3665 363 3776 419; baseline 0.009 -1"><span class='ocrx_word' id='word_1_492' title='bbox 3665 363 3776 419; x_wconf 79' lang='lat' dir='ltr'><strong>5l6</strong></span> 
     </span>
    </p>
   </div>
   <div class='ocr_carea' id='block_1_63' title="bbox 2195 461 3778 540">
    <p class='ocr_par' dir='ltr' id='par_1_63' title="bbox 2195 461 3778 540">
     <span class='ocr_line' id='line_1_63' title="bbox 2195 461 3778 540; baseline 0.008 -24"><span class='ocrx_word' id='word_1_493' title='bbox 2195 461 2342 518; x_wconf 91' lang='lat' dir='ltr'><strong>deris</strong></span> <span class='ocrx_word' id='word_1_494' title='bbox 2367 479 2488 519; x_wconf 89' lang='lat' dir='ltr'><strong>esse</strong></span> <span class='ocrx_word' id='word_1_495' title='bbox 2516 465 2839 534; x_wconf 78' lang='lat' dir='ltr'><strong>gehennam,</strong></span> <span class='ocrx_word' id='word_1_496' title='bbox 2873 468 3045 522; x_wconf 85' lang='lat' dir='ltr'><strong>abibis</strong></span> <span class='ocrx_word' id='word_1_497' title='bbox 3085 467 3240 522; x_wconf 86' lang='lat' dir='ltr'><strong>luens</strong></span> <span class='ocrx_word' id='word_1_498' title='bbox 3267 481 3481 540; x_wconf 69' lang='lat' dir='ltr'><strong>panem</strong></span> <span class='ocrx_word' id='word_1_499' title='bbox 3529 483 3778 539; x_wconf 81' lang='lat' dir='ltr'><strong>peccato-</strong></span> 
     </span>
    </p>
   </div>
   <div class='ocr_carea' id='block_1_64' title="bbox 2197 556 3780 630">
    <p class='ocr_par' dir='ltr' id='par_1_64' title="bbox 2197 556 3780 630">
     <span class='ocr_line' id='line_1_64' title="bbox 2197 556 3780 630; baseline 0.008 -23"><span class='ocrx_word' id='word_1_500' title='bbox 2197 569 2359 608; x_wconf 87' lang='lat' dir='ltr'><strong>rum:</strong></span> <span class='ocrx_word' id='word_1_501' title='bbox 2405 556 2488 609; x_wconf 90' lang='lat' dir='ltr'><strong>sin</strong></span> <span class='ocrx_word' id='word_1_502' title='bbox 2529 566 2705 611; x_wconf 88' lang='lat' dir='ltr'><strong>autem</strong></span> <span class='ocrx_word' id='word_1_503' title='bbox 2753 558 2853 612; x_wconf 93' lang='lat' dir='ltr'><strong>hoc</strong></span> <span class='ocrx_word' id='word_1_504' title='bbox 2880 574 3093 629; x_wconf 89' lang='lat' dir='ltr'><strong>quoque</strong></span> <span class='ocrx_word' id='word_1_505' title='bbox 3123 559 3342 630; x_wconf 87' lang='lat' dir='ltr'><strong>impium</strong></span> <span class='ocrx_word' id='word_1_506' title='bbox 3388 561 3680 626; x_wconf 82' lang='lat' dir='ltr'><strong>addideris,</strong></span> <span class='ocrx_word' id='word_1_507' title='bbox 3722 573 3780 619; x_wconf 89' lang='lat' dir='ltr'><strong>et</strong></span> 
     </span>
    </p>
   </div>
   <div class='ocr_carea' id='block_1_65' title="bbox 2200 643 3778 722">
    <p class='ocr_par' dir='ltr' id='par_1_65' title="bbox 2200 643 3778 722">
     <span class='ocr_line' id='line_1_65' title="bbox 2200 643 3778 722; baseline 0.008 -26"><span class='ocrx_word' id='word_1_508' title='bbox 2200 643 2488 714; x_wconf 89' lang='lat' dir='ltr'><strong>impietatis</strong></span> <span class='ocrx_word' id='word_1_509' title='bbox 2515 657 2568 700; x_wconf 90' lang='lat' dir='ltr'><strong>et</strong></span> <span class='ocrx_word' id='word_1_510' title='bbox 2596 648 2754 717; x_wconf 92' lang='lat' dir='ltr'><strong>hujus</strong></span> <span class='ocrx_word' id='word_1_511' title='bbox 2775 648 3114 718; x_wconf 87' lang='lat' dir='ltr'><strong>cogitationis</strong></span> <span class='ocrx_word' id='word_1_512' title='bbox 3140 651 3386 704; x_wconf 85' lang='lat' dir='ltr'><strong>ultimum</strong></span> <span class='ocrx_word' id='word_1_513' title='bbox 3418 653 3556 706; x_wconf 82' lang='lat' dir='ltr'><strong>feres</strong></span> <span class='ocrx_word' id='word_1_514' title='bbox 3577 655 3778 722; x_wconf 80' lang='lat' dir='ltr'><strong>suppli-</strong></span> 
     </span>
    </p>
   </div>
   <div class='ocr_carea' id='block_1_66' title="bbox 2197 736 3778 811">
    <p class='ocr_par' dir='ltr' id='par_1_66' title="bbox 2197 736 3778 811">
     <span class='ocr_line' id='line_1_66' title="bbox 2197 736 3778 811; baseline 0.006 -21"><span class='ocrx_word' id='word_1_515' title='bbox 2197 736 2377 801; x_wconf 91' lang='lat' dir='ltr'><strong>cium;</strong></span> <span class='ocrx_word' id='word_1_516' title='bbox 2413 749 2464 791; x_wconf 89' lang='lat' dir='ltr'><strong>et</strong></span> <span class='ocrx_word' id='word_1_517' title='bbox 2497 754 2612 808; x_wconf 72' lang='lat' dir='ltr'><strong>qua:</strong></span> <span class='ocrx_word' id='word_1_518' title='bbox 2645 740 2737 793; x_wconf 89' lang='lat' dir='ltr'><strong>tibi</strong></span> <span class='ocrx_word' id='word_1_519' title='bbox 2763 740 2941 795; x_wconf 85' lang='lat' dir='ltr'><strong>brevis</strong></span> <span class='ocrx_word' id='word_1_520' title='bbox 2979 751 3032 796; x_wconf 88' lang='lat' dir='ltr'><strong>et</strong></span> <span class='ocrx_word' id='word_1_521' title='bbox 3059 741 3248 811; x_wconf 81' lang='lat' dir='ltr'><strong>frigida</strong></span> <span class='ocrx_word' id='word_1_522' title='bbox 3276 741 3434 797; x_wconf 86' lang='lat' dir='ltr'><strong>fuerit</strong></span> <span class='ocrx_word' id='word_1_523' title='bbox 3459 745 3778 811; x_wconf 89' lang='lat' dir='ltr'><strong>consolatio,</strong></span> 
     </span>
    </p>
   </div>
   <div class='ocr_carea' id='block_1_67' title="bbox 2199 827 3778 905">
    <p class='ocr_par' dir='ltr' id='par_1_67' title="bbox 2199 827 3778 905">
     <span class='ocr_line' id='line_1_67' title="bbox 2199 827 3778 905; baseline 0.009 -27"><span class='ocrx_word' id='word_1_524' title='bbox 2199 827 2302 879; x_wconf 89' lang='lat' dir='ltr'><strong>erit</strong></span> <span class='ocrx_word' id='word_1_525' title='bbox 2347 827 2438 880; x_wconf 90' lang='lat' dir='ltr'><strong>tibi</strong></span> <span class='ocrx_word' id='word_1_526' title='bbox 2487 839 2858 897; x_wconf 81' lang='lat' dir='ltr'><strong>argumentum</strong></span> <span class='ocrx_word' id='word_1_527' title='bbox 2892 831 3136 899; x_wconf 87' lang='lat' dir='ltr'><strong>perpetui</strong></span> <span class='ocrx_word' id='word_1_528' title='bbox 3180 833 3448 903; x_wconf 91' lang='lat' dir='ltr'><strong>supplicii.</strong></span> <span class='ocrx_word' id='word_1_529' title='bbox 3476 834 3625 900; x_wconf 85' lang='lat' dir='ltr'><strong>Esto,</strong></span> <span class='ocrx_word' id='word_1_530' title='bbox 3651 851 3778 905; x_wconf 83' lang='lat' dir='ltr'><strong>pec-</strong></span> 
     </span>
    </p>
   </div>
   <div class='ocr_carea' id='block_1_68' title="bbox 2200 918 3779 995">
    <p class='ocr_par' dir='ltr' id='par_1_68' title="bbox 2200 918 3779 995">
     <span class='ocr_line' id='line_1_68' title="bbox 2200 918 3779 995; baseline 0.007 -24"><span class='ocrx_word' id='word_1_531' title='bbox 2200 919 2365 972; x_wconf 89' lang='lat' dir='ltr'><strong>casti:</strong></span> <span class='ocrx_word' id='word_1_532' title='bbox 2392 918 2518 988; x_wconf 91' lang='lat' dir='ltr'><strong>quid</strong></span> <span class='ocrx_word' id='word_1_533' title='bbox 2545 920 2679 974; x_wconf 87' lang='lat' dir='ltr'><strong>alios</strong></span> <span class='ocrx_word' id='word_1_534' title='bbox 2707 935 2921 990; x_wconf 90' lang='lat' dir='ltr'><strong>quoque</strong></span> <span class='ocrx_word' id='word_1_535' title='bbox 2960 921 3192 977; x_wconf 87' lang='lat' dir='ltr'><strong>hortaris</strong></span> <span class='ocrx_word' id='word_1_536' title='bbox 3226 924 3292 978; x_wconf 87' lang='lat' dir='ltr'><strong>ad</strong></span> <span class='ocrx_word' id='word_1_537' title='bbox 3325 927 3670 995; x_wconf 83' lang='lat' dir='ltr'><strong>peccandum,</strong></span> <span class='ocrx_word' id='word_1_538' title='bbox 3693 928 3779 983; x_wconf 84' lang='lat' dir='ltr'><strong>di-</strong></span> 
     </span>
    </p>
   </div>
   <div class='ocr_carea' id='block_1_69' title="bbox 2201 1010 3784 1089">
    <p class='ocr_par' dir='ltr' id='par_1_69' title="bbox 2201 1010 3784 1089">
     <span class='ocr_line' id='line_1_69' title="bbox 2201 1010 3784 1089; baseline 0.009 -28"><span class='ocrx_word' id='word_1_539' title='bbox 2201 1022 2328 1062; x_wconf 82' lang='lat' dir='ltr'><strong>cens</strong></span> <span class='ocrx_word' id='word_1_540' title='bbox 2357 1024 2462 1063; x_wconf 90' lang='lat' dir='ltr'><strong>non</strong></span> <span class='ocrx_word' id='word_1_541' title='bbox 2489 1024 2608 1064; x_wconf 91' lang='lat' dir='ltr'><strong>esse</strong></span> <span class='ocrx_word' id='word_1_542' title='bbox 2635 1010 2978 1080; x_wconf 85' lang='lat' dir='ltr'><strong>gehennam?</strong></span> <span class='ocrx_word' id='word_1_543' title='bbox 3006 1013 3132 1083; x_wconf 89' lang='lat' dir='ltr'><strong>quid</strong></span> <span class='ocrx_word' id='word_1_544' title='bbox 3158 1013 3361 1085; x_wconf 84' lang='lat' dir='ltr'><strong>decipis</strong></span> <span class='ocrx_word' id='word_1_545' title='bbox 3389 1019 3784 1089; x_wconf 79' lang='lat' dir='ltr'><strong>simpliciores?</strong></span> 
     </span>
    </p>
   </div>
   <div class='ocr_carea' id='block_1_70' title="bbox 2202 1102 3784 1176">
    <p class='ocr_par' dir='ltr' id='par_1_70' title="bbox 2202 1102 3784 1176">
     <span class='ocr_line' id='line_1_70' title="bbox 2202 1102 3784 1176; baseline 0.006 -20"><span class='ocrx_word' id='word_1_546' title='bbox 2202 1115 2299 1156; x_wconf 92' lang='lat' dir='ltr'><strong>cur</strong></span> <span class='ocrx_word' id='word_1_547' title='bbox 2344 1102 2523 1171; x_wconf 90' lang='lat' dir='ltr'><strong>populi</strong></span> <span class='ocrx_word' id='word_1_548' title='bbox 2575 1118 2765 1158; x_wconf 91' lang='lat' dir='ltr'><strong>manus</strong></span> <span class='ocrx_word' id='word_1_549' title='bbox 2803 1103 3056 1159; x_wconf 90' lang='lat' dir='ltr'><strong>dissolvis</strong></span> <span class='ocrx_word' id='word_1_550' title='bbox 3099 1115 3154 1161; x_wconf 91' lang='lat' dir='ltr'><strong>ct</strong></span> <span class='ocrx_word' id='word_1_551' title='bbox 3205 1110 3468 1163; x_wconf 85' lang='lat' dir='ltr'><strong>enervas?</strong></span> <span class='ocrx_word' id='word_1_552' title='bbox 3515 1109 3784 1176; x_wconf 88' lang='lat' dir='ltr'><strong>Quantum</strong></span> 
     </span>
    </p>
   </div>
   <div class='ocr_carea' id='block_1_71' title="bbox 2204 1191 3786 1272">
    <p class='ocr_par' dir='ltr' id='par_1_71' title="bbox 2204 1191 3786 1272">
     <span class='ocr_line' id='line_1_71' title="bbox 2204 1191 3786 1272; baseline 0.009 -28"><span class='ocrx_word' id='word_1_553' title='bbox 2204 1191 2419 1261; x_wconf 90' lang='lat' dir='ltr'><strong>quidem</strong></span> <span class='ocrx_word' id='word_1_554' title='bbox 2469 1193 2522 1247; x_wconf 90' lang='lat' dir='ltr'><strong>in</strong></span> <span class='ocrx_word' id='word_1_555' title='bbox 2571 1201 2624 1248; x_wconf 91' lang='lat' dir='ltr'><strong>te</strong></span> <span class='ocrx_word' id='word_1_556' title='bbox 2662 1203 2766 1258; x_wconf 88' lang='lat' dir='ltr'><strong>est,</strong></span> <span class='ocrx_word' id='word_1_557' title='bbox 2800 1195 2980 1250; x_wconf 86' lang='lat' dir='ltr'><strong>omnia</strong></span> <span class='ocrx_word' id='word_1_558' title='bbox 3027 1205 3155 1251; x_wconf 90' lang='lat' dir='ltr'><strong>sunt</strong></span> <span class='ocrx_word' id='word_1_559' title='bbox 3202 1213 3387 1253; x_wconf 86' lang='lat' dir='ltr'><strong>eversa</strong></span> <span class='ocrx_word' id='word_1_560' title='bbox 3423 1216 3436 1253; x_wconf 87' lang='lat'><strong>:</strong></span> <span class='ocrx_word' id='word_1_561' title='bbox 3469 1213 3645 1272; x_wconf 88' lang='lat' dir='ltr'><strong>neque</strong></span> <span class='ocrx_word' id='word_1_562' title='bbox 3681 1205 3786 1259; x_wconf 85' lang='lat' dir='ltr'><strong>viri</strong></span> 
     </span>
    </p>
   </div>
   <div class='ocr_carea' id='block_1_72' title="bbox 2207 1284 3787 1366">
    <p class='ocr_par' dir='ltr' id='par_1_72' title="bbox 2207 1284 3787 1366">
     <span class='ocr_line' id='line_1_72' title="bbox 2207 1284 3787 1366; baseline 0.008 -29"><span class='ocrx_word' id='word_1_563' title='bbox 2207 1284 2359 1354; x_wconf 90' lang='lat' dir='ltr'><strong>probi</strong></span> <span class='ocrx_word' id='word_1_564' title='bbox 2391 1293 2550 1339; x_wconf 89' lang='lat' dir='ltr'><strong>erunt</strong></span> <span class='ocrx_word' id='word_1_565' title='bbox 2577 1286 2849 1352; x_wconf 86' lang='lat' dir='ltr'><strong>meliores,</strong></span> <span class='ocrx_word' id='word_1_566' title='bbox 2882 1286 2978 1342; x_wconf 88' lang='lat' dir='ltr'><strong>sed</strong></span> <span class='ocrx_word' id='word_1_567' title='bbox 3022 1287 3199 1358; x_wconf 83' lang='lat' dir='ltr'><strong>ignavi</strong></span> <span class='ocrx_word' id='word_1_568' title='bbox 3225 1304 3289 1344; x_wconf 93' lang='lat' dir='ltr'><strong>ac</strong></span> <span class='ocrx_word' id='word_1_569' title='bbox 3312 1289 3562 1358; x_wconf 90' lang='lat' dir='ltr'><strong>desides;</strong></span> <span class='ocrx_word' id='word_1_570' title='bbox 3611 1305 3787 1366; x_wconf 82' lang='lat' dir='ltr'><strong>neque</strong></span> 
     </span>
    </p>
   </div>
   <div class='ocr_carea' id='block_1_73' title="bbox 2207 1377 3790 1457">
    <p class='ocr_par' dir='ltr' id='par_1_73' title="bbox 2207 1377 3790 1457">
     <span class='ocr_line' id='line_1_73' title="bbox 2207 1377 3790 1457; baseline 0.009 -28"><span class='ocrx_word' id='word_1_571' title='bbox 2207 1377 2333 1430; x_wconf 90' lang='lat' dir='ltr'><strong>mali</strong></span> <span class='ocrx_word' id='word_1_572' title='bbox 2363 1377 2626 1432; x_wconf 90' lang='lat' dir='ltr'><strong>desistent</strong></span> <span class='ocrx_word' id='word_1_573' title='bbox 2651 1393 2680 1432; x_wconf 92' lang='lat' dir='ltr'><strong>a</strong></span> <span class='ocrx_word' id='word_1_574' title='bbox 2714 1379 2864 1434; x_wconf 91' lang='lat' dir='ltr'><strong>vitio.</strong></span> <span class='ocrx_word' id='word_1_575' title='bbox 2895 1379 3034 1434; x_wconf 87' lang='lat' dir='ltr'><strong>Num</strong></span> <span class='ocrx_word' id='word_1_576' title='bbox 3081 1382 3127 1435; x_wconf 89' lang='lat' dir='ltr'><strong>si</strong></span> <span class='ocrx_word' id='word_1_577' title='bbox 3175 1382 3315 1437; x_wconf 85' lang='lat' dir='ltr'><strong>alios</strong></span> <span class='ocrx_word' id='word_1_578' title='bbox 3357 1395 3790 1457; x_wconf 83' lang='lat' dir='ltr'><strong>corrumpamus.</strong></span> 
     </span>
    </p>
   </div>
   <div class='ocr_carea' id='block_1_74' title="bbox 2208 1465 3791 1547">
    <p class='ocr_par' dir='ltr' id='par_1_74' title="bbox 2208 1465 3791 1547">
     <span class='ocr_line' id='line_1_74' title="bbox 2208 1465 3791 1547; baseline 0.009 -27"><span class='ocrx_word' id='word_1_579' title='bbox 2208 1465 2467 1523; x_wconf 92' lang='lat' dir='ltr'><strong>habemus</strong></span> <span class='ocrx_word' id='word_1_580' title='bbox 2497 1470 2707 1523; x_wconf 79' lang='lat' dir='ltr'><strong>veniam</strong></span> <span class='ocrx_word' id='word_1_581' title='bbox 2733 1471 3116 1540; x_wconf 87' lang='lat' dir='ltr'><strong>peccatorum?</strong></span> <span class='ocrx_word' id='word_1_582' title='bbox 3155 1472 3270 1528; x_wconf 87' lang='lat' dir='ltr'><strong>Non</strong></span> <span class='ocrx_word' id='word_1_583' title='bbox 3315 1474 3492 1531; x_wconf 89' lang='lat' dir='ltr'><strong>vidisti</strong></span> <span class='ocrx_word' id='word_1_584' title='bbox 3519 1479 3791 1547; x_wconf 88' lang='lat' dir='ltr'><strong>quomodo</strong></span> 
     </span>
    </p>
   </div>
   <div class='ocr_carea' id='block_1_75' title="bbox 2207 1557 3790 1638">
    <p class='ocr_par' dir='ltr' id='par_1_75' title="bbox 2207 1557 3790 1638">
     <span class='ocr_line' id='line_1_75' title="bbox 2207 1557 3790 1638; baseline 0.011 -25"><span class='ocrx_word' id='word_1_585' title='bbox 2207 1557 2454 1614; x_wconf 89' lang='lat' dir='ltr'><strong>diabolus</strong></span> <span class='ocrx_word' id='word_1_586' title='bbox 2492 1573 2775 1630; x_wconf 82' lang='lat' dir='ltr'><strong>aggressus</strong></span> <span class='ocrx_word' id='word_1_587' title='bbox 2803 1563 2874 1616; x_wconf 90' lang='lat' dir='ltr'><strong>sit</strong></span> <span class='ocrx_word' id='word_1_588' title='bbox 2917 1573 3259 1633; x_wconf 90' lang='lat' dir='ltr'><strong>prosternere</strong></span> <span class='ocrx_word' id='word_1_589' title='bbox 3284 1576 3340 1622; x_wconf 93' lang='lat' dir='ltr'><strong>et</strong></span> <span class='ocrx_word' id='word_1_590' title='bbox 3365 1567 3602 1638; x_wconf 89' lang='lat' dir='ltr'><strong>dejicere</strong></span> <span class='ocrx_word' id='word_1_591' title='bbox 3643 1571 3790 1631; x_wconf 58' lang='lat' dir='ltr'><strong>Ada:</strong></span> 
     </span>
    </p>
   </div>
   <div class='ocr_carea' id='block_1_76' title="bbox 2211 1652 3792 1728">
    <p class='ocr_par' dir='ltr' id='par_1_76' title="bbox 2211 1652 3792 1728">
     <span class='ocr_line' id='line_1_76' title="bbox 2211 1652 3792 1728; baseline 0.01 -24"><span class='ocrx_word' id='word_1_592' title='bbox 2211 1652 2397 1706; x_wconf 88' lang='lat' dir='ltr'><strong>mum?</strong></span> <span class='ocrx_word' id='word_1_593' title='bbox 2423 1666 2492 1705; x_wconf 92' lang='lat' dir='ltr'><strong>an</strong></span> <span class='ocrx_word' id='word_1_594' title='bbox 2521 1653 2570 1706; x_wconf 88' lang='lat' dir='ltr'><strong>ei</strong></span> <span class='ocrx_word' id='word_1_595' title='bbox 2599 1652 2720 1707; x_wconf 89' lang='lat' dir='ltr'><strong>data</strong></span> <span class='ocrx_word' id='word_1_596' title='bbox 2743 1663 2824 1708; x_wconf 90' lang='lat' dir='ltr'><strong>est</strong></span> <span class='ocrx_word' id='word_1_597' title='bbox 2841 1655 3034 1710; x_wconf 86' lang='lat' dir='ltr'><strong>venia?</strong></span> <span class='ocrx_word' id='word_1_598' title='bbox 3057 1655 3226 1727; x_wconf 80' lang='lat' dir='ltr'><strong>Major</strong></span> <span class='ocrx_word' id='word_1_599' title='bbox 3247 1658 3460 1728; x_wconf 87' lang='lat' dir='ltr'><strong>quidem</strong></span> <span class='ocrx_word' id='word_1_600' title='bbox 3488 1670 3633 1716; x_wconf 90' lang='lat' dir='ltr'><strong>certe</strong></span> <span class='ocrx_word' id='word_1_601' title='bbox 3661 1663 3792 1720; x_wconf 85' lang='lat' dir='ltr'><strong>hinc</strong></span> 
     </span>
    </p>
   </div>
   <div class='ocr_carea' id='block_1_77' title="bbox 2211 1741 3794 1820">
    <p class='ocr_par' dir='ltr' id='par_1_77' title="bbox 2211 1741 3794 1820">
     <span class='ocr_line' id='line_1_77' title="bbox 2211 1741 3794 1820; baseline 0.009 -26"><span class='ocrx_word' id='word_1_602' title='bbox 2211 1741 2311 1795; x_wconf 90' lang='lat' dir='ltr'><strong>fuit</strong></span> <span class='ocrx_word' id='word_1_603' title='bbox 2335 1743 2547 1797; x_wconf 90' lang='lat' dir='ltr'><strong>occasio</strong></span> <span class='ocrx_word' id='word_1_604' title='bbox 2570 1744 2836 1813; x_wconf 91' lang='lat' dir='ltr'><strong>supplicii.</strong></span> <span class='ocrx_word' id='word_1_605' title='bbox 2868 1743 2937 1800; x_wconf 90' lang='lat' dir='ltr'><strong>Ut</strong></span> <span class='ocrx_word' id='word_1_606' title='bbox 2977 1746 3122 1801; x_wconf 88' lang='lat' dir='ltr'><strong>enim</strong></span> <span class='ocrx_word' id='word_1_607' title='bbox 3154 1763 3260 1802; x_wconf 93' lang='lat' dir='ltr'><strong>non</strong></span> <span class='ocrx_word' id='word_1_608' title='bbox 3293 1764 3389 1820; x_wconf 86' lang='lat' dir='ltr'><strong>pro</strong></span> <span class='ocrx_word' id='word_1_609' title='bbox 3432 1752 3631 1807; x_wconf 89' lang='lat' dir='ltr'><strong>nostris</strong></span> <span class='ocrx_word' id='word_1_610' title='bbox 3669 1763 3794 1808; x_wconf 87' lang='lat' dir='ltr'><strong>tan-</strong></span> 
     </span>
    </p>
   </div>
   <div class='ocr_carea' id='block_1_78' title="bbox 2213 1833 3796 1910">
    <p class='ocr_par' dir='ltr' id='par_1_78' title="bbox 2213 1833 3796 1910">
     <span class='ocr_line' id='line_1_78' title="bbox 2213 1833 3796 1910; baseline 0.007 -22"><span class='ocrx_word' id='word_1_611' title='bbox 2213 1843 2345 1898; x_wconf 89' lang='lat' dir='ltr'><strong>tutu,</strong></span> <span class='ocrx_word' id='word_1_612' title='bbox 2370 1833 2464 1888; x_wconf 91' lang='lat' dir='ltr'><strong>sed</strong></span> <span class='ocrx_word' id='word_1_613' title='bbox 2496 1833 2654 1889; x_wconf 89' lang='lat' dir='ltr'><strong>etiam</strong></span> <span class='ocrx_word' id='word_1_614' title='bbox 2690 1851 2785 1904; x_wconf 91' lang='lat' dir='ltr'><strong>pro</strong></span> <span class='ocrx_word' id='word_1_615' title='bbox 2805 1836 2995 1891; x_wconf 89' lang='lat' dir='ltr'><strong>alienis</strong></span> <span class='ocrx_word' id='word_1_616' title='bbox 3022 1839 3254 1907; x_wconf 80' lang='lat' dir='ltr'><strong>peccatis</strong></span> <span class='ocrx_word' id='word_1_617' title='bbox 3284 1841 3586 1910; x_wconf 87' lang='lat' dir='ltr'><strong>puniamur,</strong></span> <span class='ocrx_word' id='word_1_618' title='bbox 3611 1845 3796 1900; x_wconf 82' lang='lat' dir='ltr'><strong>omnia</strong></span> 
     </span>
    </p>
   </div>
   <div class='ocr_carea' id='block_1_79' title="bbox 2214 1925 3769 2002">
    <p class='ocr_par' dir='ltr' id='par_1_79' title="bbox 2214 1925 3769 2002">
     <span class='ocr_line' id='line_1_79' title="bbox 2214 1925 3769 2002; baseline 0.007 -22"><span class='ocrx_word' id='word_1_619' title='bbox 2214 1925 2568 1982; x_wconf 89' lang='lat' dir='ltr'><strong>machinatur.</strong></span> <span class='ocrx_word' id='word_1_620' title='bbox 2597 1927 2673 1982; x_wconf 85' lang='lat' dir='ltr'><strong>Ne</strong></span> <span class='ocrx_word' id='word_1_621' title='bbox 2701 1943 2829 1998; x_wconf 91' lang='lat' dir='ltr'><strong>ergo</strong></span> <span class='ocrx_word' id='word_1_622' title='bbox 2853 1929 3238 1996; x_wconf 81' lang='lat' dir='ltr'><strong>existimemus,</strong></span> <span class='ocrx_word' id='word_1_623' title='bbox 3255 1933 3397 2002; x_wconf 89' lang='lat' dir='ltr'><strong>quod</strong></span> <span class='ocrx_word' id='word_1_624' title='bbox 3419 1934 3549 1988; x_wconf 91' lang='lat' dir='ltr'><strong>alios</strong></span> <span class='ocrx_word' id='word_1_625' title='bbox 3570 1950 3769 1991; x_wconf 86' lang='lat' dir='ltr'><strong>conver</strong></span> 
     </span>
    </p>
   </div>
   <div class='ocr_carea' id='block_1_80' title="bbox 2216 2020 3797 2092">
    <p class='ocr_par' dir='ltr' id='par_1_80' title="bbox 2216 2020 3797 2092">
     <span class='ocr_line' id='line_1_80' title="bbox 2216 2020 3797 2092; baseline 0.006 -18"><span class='ocrx_word' id='word_1_626' title='bbox 2216 2030 2387 2074; x_wconf 88' lang='lat' dir='ltr'><strong>tantus</strong></span> <span class='ocrx_word' id='word_1_627' title='bbox 2431 2020 2498 2076; x_wconf 88' lang='lat' dir='ltr'><strong>ad</strong></span> <span class='ocrx_word' id='word_1_628' title='bbox 2547 2020 2795 2076; x_wconf 86' lang='lat' dir='ltr'><strong>eumdem</strong></span> <span class='ocrx_word' id='word_1_629' title='bbox 2849 2021 3005 2077; x_wconf 90' lang='lat' dir='ltr'><strong>nobis</strong></span> <span class='ocrx_word' id='word_1_630' title='bbox 3051 2033 3295 2092; x_wconf 90' lang='lat' dir='ltr'><strong>paratum</strong></span> <span class='ocrx_word' id='word_1_631' title='bbox 3348 2024 3650 2092; x_wconf 90' lang='lat' dir='ltr'><strong>interitum,</strong></span> <span class='ocrx_word' id='word_1_632' title='bbox 3697 2043 3797 2083; x_wconf 88' lang='lat' dir='ltr'><strong>nos</strong></span> 
     </span>
    </p>
   </div>
   <div class='ocr_carea' id='block_1_81' title="bbox 2215 2112 3794 2188">
    <p class='ocr_par' dir='ltr' id='par_1_81' title="bbox 2215 2112 3794 2188">
     <span class='ocr_line' id='line_1_81' title="bbox 2215 2112 3794 2188; baseline 0.004 -22"><span class='ocrx_word' id='word_1_633' title='bbox 2215 2113 2368 2166; x_wconf 90' lang='lat' dir='ltr'><strong>nobis</strong></span> <span class='ocrx_word' id='word_1_634' title='bbox 2412 2113 2595 2167; x_wconf 92' lang='lat' dir='ltr'><strong>mitius</strong></span> <span class='ocrx_word' id='word_1_635' title='bbox 2639 2112 2814 2168; x_wconf 88' lang='lat' dir='ltr'><strong>facere</strong></span> <span class='ocrx_word' id='word_1_636' title='bbox 2851 2114 3110 2182; x_wconf 89' lang='lat' dir='ltr'><strong>judicium</strong></span> <span class='ocrx_word' id='word_1_637' title='bbox 3145 2132 3161 2168; x_wconf 93' lang='lat'><strong>:</strong></span> <span class='ocrx_word' id='word_1_638' title='bbox 3213 2115 3316 2170; x_wconf 90' lang='lat' dir='ltr'><strong>hoc</strong></span> <span class='ocrx_word' id='word_1_639' title='bbox 3369 2115 3544 2185; x_wconf 90' lang='lat' dir='ltr'><strong>ipsum</strong></span> <span class='ocrx_word' id='word_1_640' title='bbox 3579 2118 3794 2188; x_wconf 90' lang='lat' dir='ltr'><strong>quidem</strong></span> 
     </span>
    </p>
   </div>
   <div class='ocr_carea' id='block_1_82' title="bbox 2215 2205 3797 2281">
    <p class='ocr_par' dir='ltr' id='par_1_82' title="bbox 2215 2205 3797 2281">
     <span class='ocr_line' id='line_1_82' title="bbox 2215 2205 3797 2281; baseline 0.003 -22"><span class='ocrx_word' id='word_1_641' title='bbox 2215 2214 2364 2260; x_wconf 90' lang='lat' dir='ltr'><strong>certe</strong></span> <span class='ocrx_word' id='word_1_642' title='bbox 2387 2205 2544 2259; x_wconf 89' lang='lat' dir='ltr'><strong>faciet</strong></span> <span class='ocrx_word' id='word_1_643' title='bbox 2566 2205 2783 2275; x_wconf 89' lang='lat' dir='ltr'><strong>gravius</strong></span> <span class='ocrx_word' id='word_1_644' title='bbox 2811 2215 2866 2260; x_wconf 92' lang='lat' dir='ltr'><strong>et</strong></span> <span class='ocrx_word' id='word_1_645' title='bbox 2894 2206 3160 2276; x_wconf 90' lang='lat' dir='ltr'><strong>asperius.</strong></span> <span class='ocrx_word' id='word_1_646' title='bbox 3192 2206 3332 2274; x_wconf 83' lang='lat' dir='ltr'><strong>Quid</strong></span> <span class='ocrx_word' id='word_1_647' title='bbox 3376 2221 3475 2262; x_wconf 90' lang='lat' dir='ltr'><strong>nos</strong></span> <span class='ocrx_word' id='word_1_648' title='bbox 3500 2210 3643 2281; x_wconf 88' lang='lat' dir='ltr'><strong>ipsos</strong></span> <span class='ocrx_word' id='word_1_649' title='bbox 3669 2225 3797 2280; x_wconf 72' lang='lat' dir='ltr'><strong>pro-</strong></span> 
     </span>
    </p>
   </div>
   <div class='ocr_carea' id='block_1_83' title="bbox 2219 2297 3796 2367">
    <p class='ocr_par' dir='ltr' id='par_1_83' title="bbox 2219 2297 3796 2367">
     <span class='ocr_line' id='line_1_83' title="bbox 2219 2297 3796 2367; baseline 0.004 -17"><span class='ocrx_word' id='word_1_650' title='bbox 2219 2297 2483 2352; x_wconf 89' lang='lat' dir='ltr'><strong>trudimus</strong></span> <span class='ocrx_word' id='word_1_651' title='bbox 2511 2307 2566 2352; x_wconf 93' lang='lat' dir='ltr'><strong>et</strong></span> <span class='ocrx_word' id='word_1_652' title='bbox 2612 2297 2930 2367; x_wconf 81' lang='lat' dir='ltr'><strong>perdimus?</strong></span> <span class='ocrx_word' id='word_1_653' title='bbox 2980 2298 3093 2353; x_wconf 84' lang='lat' dir='ltr'><strong>Hoc</strong></span> <span class='ocrx_word' id='word_1_654' title='bbox 3139 2308 3309 2355; x_wconf 91' lang='lat' dir='ltr'><strong>totum</strong></span> <span class='ocrx_word' id='word_1_655' title='bbox 3355 2310 3440 2355; x_wconf 89' lang='lat' dir='ltr'><strong>est</strong></span> <span class='ocrx_word' id='word_1_656' title='bbox 3479 2305 3796 2357; x_wconf 87' lang='lat' dir='ltr'><strong>satanicum.</strong></span> 
     </span>
    </p>
   </div>
   <div class='ocr_carea' id='block_1_84' title="bbox 2219 2388 3800 2460">
    <p class='ocr_par' dir='ltr' id='par_1_84' title="bbox 2219 2388 3800 2460">
     <span class='ocr_line' id='line_1_84' title="bbox 2219 2388 3800 2460; baseline 0.005 -18"><span class='ocrx_word' id='word_1_657' title='bbox 2219 2388 2410 2454; x_wconf 88' lang='lat' dir='ltr'><strong>llomo,</strong></span> <span class='ocrx_word' id='word_1_658' title='bbox 2441 2390 2713 2458; x_wconf 89' lang='lat' dir='ltr'><strong>peccasti?</strong></span> <span class='ocrx_word' id='word_1_659' title='bbox 2742 2390 3040 2460; x_wconf 90' lang='lat' dir='ltr'><strong>Benignum</strong></span> <span class='ocrx_word' id='word_1_660' title='bbox 3068 2401 3124 2446; x_wconf 90' lang='lat' dir='ltr'><strong>et</strong></span> <span class='ocrx_word' id='word_1_661' title='bbox 3153 2391 3480 2448; x_wconf 91' lang='lat' dir='ltr'><strong>clementem</strong></span> <span class='ocrx_word' id='word_1_662' title='bbox 3511 2394 3674 2449; x_wconf 88' lang='lat' dir='ltr'><strong>habes</strong></span> <span class='ocrx_word' id='word_1_663' title='bbox 3697 2395 3800 2451; x_wconf 88' lang='lat' dir='ltr'><strong>Do-</strong></span> 
     </span>
    </p>
   </div>
   <div class='ocr_carea' id='block_1_85' title="bbox 2221 2480 3802 2554">
    <p class='ocr_par' dir='ltr' id='par_1_85' title="bbox 2221 2480 3802 2554">
     <span class='ocr_line' id='line_1_85' title="bbox 2221 2480 3802 2554; baseline 0.005 -20"><span class='ocrx_word' id='word_1_664' title='bbox 2221 2480 2450 2545; x_wconf 89' lang='lat' dir='ltr'><strong>minum,</strong></span> <span class='ocrx_word' id='word_1_665' title='bbox 2503 2495 2653 2550; x_wconf 91' lang='lat' dir='ltr'><strong>roga,</strong></span> <span class='ocrx_word' id='word_1_666' title='bbox 2705 2482 2970 2550; x_wconf 86' lang='lat' dir='ltr'><strong>supplica,</strong></span> <span class='ocrx_word' id='word_1_667' title='bbox 3023 2481 3340 2554; x_wconf 84' lang='lat' dir='ltr'><strong>lacrymare,</strong></span> <span class='ocrx_word' id='word_1_668' title='bbox 3392 2483 3700 2554; x_wconf 88' lang='lat' dir='ltr'><strong>ingemisee,</strong></span> <span class='ocrx_word' id='word_1_669' title='bbox 3746 2497 3802 2542; x_wconf 88' lang='lat' dir='ltr'><strong>et</strong></span> 
     </span>
    </p>
   </div>
   <div class='ocr_carea' id='block_1_86' title="bbox 2219 2572 3804 2647">
    <p class='ocr_par' dir='ltr' id='par_1_86' title="bbox 2219 2572 3804 2647">
     <span class='ocr_line' id='line_1_86' title="bbox 2219 2572 3804 2647; baseline 0.006 -23"><span class='ocrx_word' id='word_1_670' title='bbox 2219 2572 2357 2627; x_wconf 87' lang='lat' dir='ltr'><strong>alios</strong></span> <span class='ocrx_word' id='word_1_671' title='bbox 2403 2581 2567 2634; x_wconf 86' lang='lat' dir='ltr'><strong>terre,</strong></span> <span class='ocrx_word' id='word_1_672' title='bbox 2600 2583 2653 2627; x_wconf 88' lang='lat' dir='ltr'><strong>et</strong></span> <span class='ocrx_word' id='word_1_673' title='bbox 2703 2583 2826 2644; x_wconf 86' lang='lat' dir='ltr'><strong>pete</strong></span> <span class='ocrx_word' id='word_1_674' title='bbox 2871 2584 2940 2628; x_wconf 88' lang='lat' dir='ltr'><strong>ne</strong></span> <span class='ocrx_word' id='word_1_675' title='bbox 2973 2574 3024 2628; x_wconf 92' lang='lat' dir='ltr'><strong>in</strong></span> <span class='ocrx_word' id='word_1_676' title='bbox 3054 2574 3242 2629; x_wconf 87' lang='lat' dir='ltr'><strong>eadem</strong></span> <span class='ocrx_word' id='word_1_677' title='bbox 3294 2575 3552 2631; x_wconf 89' lang='lat' dir='ltr'><strong>incidant.</strong></span> <span class='ocrx_word' id='word_1_678' title='bbox 3584 2577 3640 2633; x_wconf 89' lang='lat' dir='ltr'><strong>Si</strong></span> <span class='ocrx_word' id='word_1_679' title='bbox 3681 2579 3804 2647; x_wconf 85' lang='lat' dir='ltr'><strong>quis</strong></span> 
     </span>
    </p>
   </div>
   <div class='ocr_carea' id='block_1_87' title="bbox 2220 2665 3807 2736">
    <p class='ocr_par' dir='ltr' id='par_1_87' title="bbox 2220 2665 3807 2736">
     <span class='ocr_line' id='line_1_87' title="bbox 2220 2665 3807 2736; baseline 0.003 -16"><span class='ocrx_word' id='word_1_680' title='bbox 2220 2677 2410 2720; x_wconf 86' lang='lat' dir='ltr'><strong>servus</strong></span> <span class='ocrx_word' id='word_1_681' title='bbox 2451 2681 2636 2720; x_wconf 90' lang='lat' dir='ltr'><strong>eorum</strong></span> <span class='ocrx_word' id='word_1_682' title='bbox 2682 2667 2772 2736; x_wconf 91' lang='lat' dir='ltr'><strong>qui</strong></span> <span class='ocrx_word' id='word_1_683' title='bbox 2800 2665 3075 2721; x_wconf 88' lang='lat' dir='ltr'><strong>dominum</strong></span> <span class='ocrx_word' id='word_1_684' title='bbox 3118 2666 3475 2736; x_wconf 85' lang='lat' dir='ltr'><strong>offenderunt,</strong></span> <span class='ocrx_word' id='word_1_685' title='bbox 3507 2669 3649 2725; x_wconf 89' lang='lat' dir='ltr'><strong>dicat</strong></span> <span class='ocrx_word' id='word_1_686' title='bbox 3694 2672 3807 2725; x_wconf 85' lang='lat' dir='ltr'><strong>lilio</strong></span> 
     </span>
    </p>
   </div>
   <div class='ocr_carea' id='block_1_88' title="bbox 2219 2756 3806 2831">
    <p class='ocr_par' dir='ltr' id='par_1_88' title="bbox 2219 2756 3806 2831">
     <span class='ocr_line' id='line_1_88' title="bbox 2219 2756 3806 2831; baseline 0.005 -20"><span class='ocrx_word' id='word_1_687' title='bbox 2219 2771 2339 2822; x_wconf 83' lang='lat' dir='ltr'><strong>suo,</strong></span> <span class='ocrx_word' id='word_1_688' title='bbox 2388 2756 2510 2824; x_wconf 87' lang='lat' dir='ltr'><strong>Fili,</strong></span> <span class='ocrx_word' id='word_1_689' title='bbox 2547 2772 2648 2826; x_wconf 86' lang='lat' dir='ltr'><strong>ego</strong></span> <span class='ocrx_word' id='word_1_690' title='bbox 2690 2757 2887 2812; x_wconf 78' lang='lat' dir='ltr'><strong>oﬂ&#39;endi</strong></span> <span class='ocrx_word' id='word_1_691' title='bbox 2916 2758 3192 2814; x_wconf 88' lang='lat' dir='ltr'><strong>dominum</strong></span> <span class='ocrx_word' id='word_1_692' title='bbox 3221 2777 3235 2814; x_wconf 90' lang='lat'><strong>:</strong></span> <span class='ocrx_word' id='word_1_693' title='bbox 3269 2769 3324 2815; x_wconf 92' lang='lat' dir='ltr'><strong>tu</strong></span> <span class='ocrx_word' id='word_1_694' title='bbox 3373 2759 3439 2815; x_wconf 90' lang='lat' dir='ltr'><strong>da</strong></span> <span class='ocrx_word' id='word_1_695' title='bbox 3483 2777 3700 2831; x_wconf 90' lang='lat' dir='ltr'><strong>operam</strong></span> <span class='ocrx_word' id='word_1_696' title='bbox 3749 2774 3806 2819; x_wconf 87' lang='lat' dir='ltr'><strong>ut</strong></span> 
     </span>
    </p>
   </div>
   <div class='ocr_carea' id='block_1_89' title="bbox 2223 2848 3807 2921">
    <p class='ocr_par' dir='ltr' id='par_1_89' title="bbox 2223 2848 3807 2921">
     <span class='ocr_line' id='line_1_89' title="bbox 2223 2848 3807 2921; baseline 0.003 -18"><span class='ocrx_word' id='word_1_697' title='bbox 2223 2848 2273 2903; x_wconf 91' lang='lat' dir='ltr'><strong>ei</strong></span> <span class='ocrx_word' id='word_1_698' title='bbox 2319 2848 2553 2918; x_wconf 86' lang='lat' dir='ltr'><strong>placeas,</strong></span> <span class='ocrx_word' id='word_1_699' title='bbox 2585 2864 2653 2904; x_wconf 91' lang='lat' dir='ltr'><strong>ne</strong></span> <span class='ocrx_word' id='word_1_700' title='bbox 2703 2848 2892 2904; x_wconf 90' lang='lat' dir='ltr'><strong>eadem</strong></span> <span class='ocrx_word' id='word_1_701' title='bbox 2941 2849 3037 2904; x_wconf 91' lang='lat' dir='ltr'><strong>tibi</strong></span> <span class='ocrx_word' id='word_1_702' title='bbox 3088 2851 3370 2905; x_wconf 84' lang='lat' dir='ltr'><strong>accidant:</strong></span> <span class='ocrx_word' id='word_1_703' title='bbox 3401 2867 3505 2906; x_wconf 91' lang='lat' dir='ltr'><strong>non</strong></span> <span class='ocrx_word' id='word_1_704' title='bbox 3549 2854 3807 2921; x_wconf 87' lang='lat' dir='ltr'><strong>aliquam,</strong></span> 
     </span>
    </p>
   </div>
   <div class='ocr_carea' id='block_1_90' title="bbox 2223 2942 3808 3014">
    <p class='ocr_par' dir='ltr' id='par_1_90' title="bbox 2223 2942 3808 3014">
     <span class='ocr_line' id='line_1_90' title="bbox 2223 2942 3808 3014; baseline 0.004 -21"><span class='ocrx_word' id='word_1_705' title='bbox 2223 2955 2407 3010; x_wconf 58' lang='lat' dir='ltr'><strong>quaso</strong></span> <span class='ocrx_word' id='word_1_706' title='bbox 2434 2951 2506 3005; x_wconf 92' lang='lat' dir='ltr'><strong>te,</strong></span> <span class='ocrx_word' id='word_1_707' title='bbox 2530 2952 2848 3012; x_wconf 91' lang='lat' dir='ltr'><strong>assequetur</strong></span> <span class='ocrx_word' id='word_1_708' title='bbox 2876 2942 3127 2997; x_wconf 80' lang='lat' dir='ltr'><strong>veniam?</strong></span> <span class='ocrx_word' id='word_1_709' title='bbox 3171 2957 3282 2998; x_wconf 88' lang='lat' dir='ltr'><strong>non</strong></span> <span class='ocrx_word' id='word_1_710' title='bbox 3310 2943 3518 3014; x_wconf 84' lang='lat' dir='ltr'><strong>franget</strong></span> <span class='ocrx_word' id='word_1_711' title='bbox 3547 2954 3602 2999; x_wconf 92' lang='lat' dir='ltr'><strong>et</strong></span> <span class='ocrx_word' id='word_1_712' title='bbox 3629 2945 3808 3000; x_wconf 84' lang='lat' dir='ltr'><strong>ﬂectet</strong></span> 
     </span>
    </p>
   </div>
   <div class='ocr_carea' id='block_1_91' title="bbox 2225 3031 3811 3093">
    <p class='ocr_par' dir='ltr' id='par_1_91' title="bbox 2225 3031 3811 3093">
     <span class='ocr_line' id='line_1_91' title="bbox 2225 3031 3811 3093; baseline 0.003 -6"><span class='ocrx_word' id='word_1_713' title='bbox 2225 3031 2539 3087; x_wconf 88' lang='lat' dir='ltr'><strong>dominum?</strong></span> <span class='ocrx_word' id='word_1_714' title='bbox 2588 3033 2680 3089; x_wconf 89' lang='lat' dir='ltr'><strong>Sin</strong></span> <span class='ocrx_word' id='word_1_715' title='bbox 2729 3042 2906 3089; x_wconf 89' lang='lat' dir='ltr'><strong>autem</strong></span> <span class='ocrx_word' id='word_1_716' title='bbox 2965 3033 3048 3089; x_wconf 90' lang='lat' dir='ltr'><strong>his</strong></span> <span class='ocrx_word' id='word_1_717' title='bbox 3092 3034 3272 3091; x_wconf 89' lang='lat' dir='ltr'><strong>missis</strong></span> <span class='ocrx_word' id='word_1_718' title='bbox 3319 3035 3501 3091; x_wconf 81' lang='lat' dir='ltr'><strong>verbis</strong></span> <span class='ocrx_word' id='word_1_719' title='bbox 3528 3036 3669 3091; x_wconf 86' lang='lat' dir='ltr'><strong>dicat</strong></span> <span class='ocrx_word' id='word_1_720' title='bbox 3697 3037 3811 3093; x_wconf 84' lang='lat' dir='ltr'><strong>fere</strong></span> 
     </span>
    </p>
   </div>
   <div class='ocr_carea' id='block_1_92' title="bbox 2229 3125 3809 3197">
    <p class='ocr_par' dir='ltr' id='par_1_92' title="bbox 2229 3125 3809 3197">
     <span class='ocr_line' id='line_1_92' title="bbox 2229 3125 3809 3197; baseline 0.002 -15"><span class='ocrx_word' id='word_1_721' title='bbox 2229 3126 2376 3192; x_wconf 85' lang='lat' dir='ltr'><strong>talia,</strong></span> <span class='ocrx_word' id='word_1_722' title='bbox 2402 3125 2677 3180; x_wconf 88' lang='lat' dir='ltr'><strong>dominum</strong></span> <span class='ocrx_word' id='word_1_723' title='bbox 2702 3141 2810 3181; x_wconf 89' lang='lat' dir='ltr'><strong>non</strong></span> <span class='ocrx_word' id='word_1_724' title='bbox 2841 3137 2939 3196; x_wconf 93' lang='lat' dir='ltr'><strong>pro</strong></span> <span class='ocrx_word' id='word_1_725' title='bbox 2967 3127 3159 3182; x_wconf 90' lang='lat' dir='ltr'><strong>merito</strong></span> <span class='ocrx_word' id='word_1_726' title='bbox 3207 3127 3433 3197; x_wconf 82' lang='lat' dir='ltr'><strong>singulis</strong></span> <span class='ocrx_word' id='word_1_727' title='bbox 3479 3128 3809 3185; x_wconf 86' lang='lat' dir='ltr'><strong>redditurum</strong></span> 
     </span>
    </p>
   </div>
   <div class='ocr_carea' id='block_1_93' title="bbox 2228 3217 3811 3284">
    <p class='ocr_par' dir='ltr' id='par_1_93' title="bbox 2228 3217 3811 3284">
     <span class='ocr_line' id='line_1_93' title="bbox 2228 3217 3811 3284; baseline 0.001 -10"><span class='ocrx_word' id='word_1_728' title='bbox 2228 3229 2369 3284; x_wconf 87' lang='lat' dir='ltr'><strong>esse,</strong></span> <span class='ocrx_word' id='word_1_729' title='bbox 2400 3217 2581 3272; x_wconf 91' lang='lat' dir='ltr'><strong>omnia</strong></span> <span class='ocrx_word' id='word_1_730' title='bbox 2614 3226 2726 3271; x_wconf 90' lang='lat' dir='ltr'><strong>tum</strong></span> <span class='ocrx_word' id='word_1_731' title='bbox 2776 3217 2913 3271; x_wconf 90' lang='lat' dir='ltr'><strong>bona</strong></span> <span class='ocrx_word' id='word_1_732' title='bbox 2943 3225 3053 3272; x_wconf 90' lang='lat' dir='ltr'><strong>tum</strong></span> <span class='ocrx_word' id='word_1_733' title='bbox 3101 3218 3236 3273; x_wconf 87' lang='lat' dir='ltr'><strong>mala</strong></span> <span class='ocrx_word' id='word_1_734' title='bbox 3267 3218 3484 3274; x_wconf 84' lang='lat' dir='ltr'><strong>misceri</strong></span> <span class='ocrx_word' id='word_1_735' title='bbox 3510 3229 3564 3274; x_wconf 91' lang='lat' dir='ltr'><strong>et</strong></span> <span class='ocrx_word' id='word_1_736' title='bbox 3587 3218 3811 3276; x_wconf 81' lang='lat' dir='ltr'><strong>confusa</strong></span> 
     </span>
    </p>
   </div>
   <div class='ocr_carea' id='block_1_94' title="bbox 2227 3305 3812 3380">
    <p class='ocr_par' dir='ltr' id='par_1_94' title="bbox 2227 3305 3812 3380">
     <span class='ocr_line' id='line_1_94' title="bbox 2227 3305 3812 3380; baseline 0.003 -16"><span class='ocrx_word' id='word_1_737' title='bbox 2227 3323 2368 3374; x_wconf 87' lang='lat' dir='ltr'><strong>esse,</strong></span> <span class='ocrx_word' id='word_1_738' title='bbox 2399 3308 2709 3378; x_wconf 83' lang='lat' dir='ltr'><strong>nullamque</strong></span> <span class='ocrx_word' id='word_1_739' title='bbox 2735 3307 2788 3362; x_wconf 90' lang='lat' dir='ltr'><strong>in</strong></span> <span class='ocrx_word' id='word_1_740' title='bbox 2814 3305 2922 3363; x_wconf 93' lang='lat' dir='ltr'><strong>hac</strong></span> <span class='ocrx_word' id='word_1_741' title='bbox 2957 3309 3121 3364; x_wconf 90' lang='lat' dir='ltr'><strong>domo</strong></span> <span class='ocrx_word' id='word_1_742' title='bbox 3165 3308 3348 3364; x_wconf 89' lang='lat' dir='ltr'><strong>haberi</strong></span> <span class='ocrx_word' id='word_1_743' title='bbox 3386 3311 3652 3380; x_wconf 85' lang='lat' dir='ltr'><strong>gratiam:</strong></span> <span class='ocrx_word' id='word_1_744' title='bbox 3683 3311 3812 3380; x_wconf 84' lang='lat' dir='ltr'><strong>quid</strong></span> 
     </span>
    </p>
   </div>
   <div class='ocr_carea' id='block_1_95' title="bbox 2229 3400 3814 3473">
    <p class='ocr_par' dir='ltr' id='par_1_95' title="bbox 2229 3400 3814 3473">
     <span class='ocr_line' id='line_1_95' title="bbox 2229 3400 3814 3473; baseline 0.001 -16"><span class='ocrx_word' id='word_1_745' title='bbox 2229 3402 2506 3458; x_wconf 86' lang='lat' dir='ltr'><strong>existimas</strong></span> <span class='ocrx_word' id='word_1_746' title='bbox 2525 3400 2801 3456; x_wconf 91' lang='lat' dir='ltr'><strong>dominum</strong></span> <span class='ocrx_word' id='word_1_747' title='bbox 2825 3401 2892 3456; x_wconf 90' lang='lat' dir='ltr'><strong>de</strong></span> <span class='ocrx_word' id='word_1_748' title='bbox 2915 3400 3009 3455; x_wconf 92' lang='lat' dir='ltr'><strong>illo</strong></span> <span class='ocrx_word' id='word_1_749' title='bbox 3035 3401 3276 3457; x_wconf 87' lang='lat' dir='ltr'><strong>sentire?</strong></span> <span class='ocrx_word' id='word_1_750' title='bbox 3304 3415 3484 3457; x_wconf 87' lang='lat' dir='ltr'><strong>annon</strong></span> <span class='ocrx_word' id='word_1_751' title='bbox 3510 3404 3598 3458; x_wconf 89' lang='lat' dir='ltr'><strong>ille</strong></span> <span class='ocrx_word' id='word_1_752' title='bbox 3625 3419 3814 3473; x_wconf 78' lang='lat' dir='ltr'><strong>pecca-</strong></span> 
     </span>
    </p>
   </div>
   <div class='ocr_carea' id='block_1_96' title="bbox 2232 3492 3811 3564">
    <p class='ocr_par' dir='ltr' id='par_1_96' title="bbox 2232 3492 3811 3564">
     <span class='ocr_line' id='line_1_96' title="bbox 2232 3492 3811 3564; baseline 0.002 -16"><span class='ocrx_word' id='word_1_753' title='bbox 2232 3504 2406 3549; x_wconf 91' lang='lat' dir='ltr'><strong>torum</strong></span> <span class='ocrx_word' id='word_1_754' title='bbox 2438 3507 2658 3548; x_wconf 91' lang='lat' dir='ltr'><strong>suorum</strong></span> <span class='ocrx_word' id='word_1_755' title='bbox 2688 3493 2923 3563; x_wconf 89' lang='lat' dir='ltr'><strong>majores</strong></span> <span class='ocrx_word' id='word_1_756' title='bbox 2965 3492 3115 3548; x_wconf 86' lang='lat' dir='ltr'><strong>dabit</strong></span> <span class='ocrx_word' id='word_1_757' title='bbox 3137 3495 3366 3564; x_wconf 71' lang='lat' dir='ltr'><strong>pmnas?</strong></span> <span class='ocrx_word' id='word_1_758' title='bbox 3413 3494 3602 3551; x_wconf 75' lang='lat' dir='ltr'><strong>Merito</strong></span> <span class='ocrx_word' id='word_1_759' title='bbox 3628 3506 3811 3551; x_wconf 88' lang='lat' dir='ltr'><strong>certe:</strong></span> 
     </span>
    </p>
   </div>
   <div class='ocr_carea' id='block_1_97' title="bbox 2232 3584 3812 3655">
    <p class='ocr_par' dir='ltr' id='par_1_97' title="bbox 2232 3584 3812 3655">
     <span class='ocr_line' id='line_1_97' title="bbox 2232 3584 3812 3655; baseline -0.001 -15"><span class='ocrx_word' id='word_1_760' title='bbox 2232 3601 2354 3640; x_wconf 91' lang='lat' dir='ltr'><strong>nam</strong></span> <span class='ocrx_word' id='word_1_761' title='bbox 2387 3585 2496 3639; x_wconf 91' lang='lat' dir='ltr'><strong>illic</strong></span> <span class='ocrx_word' id='word_1_762' title='bbox 2525 3584 2739 3654; x_wconf 87' lang='lat' dir='ltr'><strong>quidem</strong></span> <span class='ocrx_word' id='word_1_763' title='bbox 2778 3585 3054 3639; x_wconf 90' lang='lat' dir='ltr'><strong>excusabit</strong></span> <span class='ocrx_word' id='word_1_764' title='bbox 3081 3585 3244 3640; x_wconf 89' lang='lat' dir='ltr'><strong>animi</strong></span> <span class='ocrx_word' id='word_1_765' title='bbox 3284 3597 3464 3640; x_wconf 89' lang='lat' dir='ltr'><strong>motus</strong></span> <span class='ocrx_word' id='word_1_766' title='bbox 3502 3598 3556 3641; x_wconf 92' lang='lat' dir='ltr'><strong>et</strong></span> <span class='ocrx_word' id='word_1_767' title='bbox 3597 3597 3812 3655; x_wconf 85' lang='lat' dir='ltr'><strong>pertur-</strong></span> 
     </span>
    </p>
   </div>
   <div class='ocr_carea' id='block_1_98' title="bbox 2232 3676 3816 3748">
    <p class='ocr_par' dir='ltr' id='par_1_98' title="bbox 2232 3676 3816 3748">
     <span class='ocr_line' id='line_1_98' title="bbox 2232 3676 3816 3748; baseline -0.001 -15"><span class='ocrx_word' id='word_1_768' title='bbox 2232 3677 2399 3743; x_wconf 89' lang='lat' dir='ltr'><strong>batio,</strong></span> <span class='ocrx_word' id='word_1_769' title='bbox 2423 3677 2524 3733; x_wconf 86' lang='lat' dir='ltr'><strong>etsi</strong></span> <span class='ocrx_word' id='word_1_770' title='bbox 2550 3676 2833 3742; x_wconf 88' lang='lat' dir='ltr'><strong>debiliter;</strong></span> <span class='ocrx_word' id='word_1_771' title='bbox 2861 3676 2950 3731; x_wconf 86' lang='lat' dir='ltr'><strong>hic</strong></span> <span class='ocrx_word' id='word_1_772' title='bbox 2977 3686 3154 3731; x_wconf 89' lang='lat' dir='ltr'><strong>autem</strong></span> <span class='ocrx_word' id='word_1_773' title='bbox 3193 3677 3345 3732; x_wconf 89' lang='lat' dir='ltr'><strong>nihil.</strong></span> <span class='ocrx_word' id='word_1_774' title='bbox 3368 3679 3423 3733; x_wconf 90' lang='lat' dir='ltr'><strong>Si</strong></span> <span class='ocrx_word' id='word_1_775' title='bbox 3453 3693 3580 3748; x_wconf 87' lang='lat' dir='ltr'><strong>ergo</strong></span> <span class='ocrx_word' id='word_1_776' title='bbox 3607 3679 3816 3733; x_wconf 89' lang='lat' dir='ltr'><strong>nullum</strong></span> 
     </span>
    </p>
   </div>
   <div class='ocr_carea' id='block_1_99' title="bbox 2231 3769 3812 3842">
    <p class='ocr_par' dir='ltr' id='par_1_99' title="bbox 2231 3769 3812 3842">
     <span class='ocr_line' id='line_1_99' title="bbox 2231 3769 3812 3842; baseline -0.001 -16"><span class='ocrx_word' id='word_1_777' title='bbox 2231 3771 2429 3836; x_wconf 91' lang='lat' dir='ltr'><strong>alium,</strong></span> <span class='ocrx_word' id='word_1_778' title='bbox 2463 3778 2583 3826; x_wconf 88' lang='lat' dir='ltr'><strong>eum</strong></span> <span class='ocrx_word' id='word_1_779' title='bbox 2638 3769 2852 3840; x_wconf 83' lang='lat' dir='ltr'><strong>quidem</strong></span> <span class='ocrx_word' id='word_1_780' title='bbox 2901 3779 3050 3825; x_wconf 88' lang='lat' dir='ltr'><strong>certe</strong></span> <span class='ocrx_word' id='word_1_781' title='bbox 3098 3770 3307 3825; x_wconf 81' lang='lat' dir='ltr'><strong>imitare</strong></span> <span class='ocrx_word' id='word_1_782' title='bbox 3351 3769 3571 3826; x_wconf 84' lang='lat' dir='ltr'><strong>divitem</strong></span> <span class='ocrx_word' id='word_1_783' title='bbox 3619 3772 3707 3842; x_wconf 90' lang='lat' dir='ltr'><strong>qui</strong></span> <span class='ocrx_word' id='word_1_784' title='bbox 3759 3772 3812 3825; x_wconf 92' lang='lat' dir='ltr'><strong>in</strong></span> 
     </span>
    </p>
   </div>
   <div class='ocr_carea' id='block_1_100' title="bbox 2232 3859 3814 3932">
    <p class='ocr_par' dir='ltr' id='par_1_100' title="bbox 2232 3859 3814 3932">
     <span class='ocr_line' id='line_1_100' title="bbox 2232 3859 3814 3932; baseline 0 -15"><span class='ocrx_word' id='word_1_785' title='bbox 2232 3862 2476 3932; x_wconf 76' lang='lat' dir='ltr'><strong>gehenna</strong></span> <span class='ocrx_word' id='word_1_786' title='bbox 2504 3861 2734 3925; x_wconf 85' lang='lat' dir='ltr'><strong>dicebat,</strong></span> <span class='ocrx_word' id='word_1_787' title='bbox 2785 3859 2944 3914; x_wconf 81' lang='lat' dir='ltr'><strong>Pater</strong></span> <span class='ocrx_word' id='word_1_788' title='bbox 2987 3861 3263 3926; x_wconf 78' lang='lat' dir='ltr'><strong>Abraham,</strong></span> <span class='ocrx_word' id='word_1_789' title='bbox 3295 3863 3434 3916; x_wconf 80' lang='lat' dir='ltr'><strong>mitte</strong></span> <span class='ocrx_word' id='word_1_790' title='bbox 3459 3861 3710 3916; x_wconf 76' lang='lat' dir='ltr'><strong>Lazarum</strong></span> <span class='ocrx_word' id='word_1_791' title='bbox 3745 3864 3814 3916; x_wconf 80' lang='lat' dir='ltr'><strong>ad</strong></span> 
     </span>
    </p>
   </div>
   <div class='ocr_carea' id='block_1_101' title="bbox 2233 3952 3813 4025">
    <p class='ocr_par' dir='ltr' id='par_1_101' title="bbox 2233 3952 3813 4025">
     <span class='ocr_line' id='line_1_101' title="bbox 2233 3952 3813 4025; baseline 0.001 -19"><span class='ocrx_word' id='word_1_792' title='bbox 2233 3963 2473 4025; x_wconf 76' lang='lat' dir='ltr'><strong>ceguatos</strong></span> <span class='ocrx_word' id='word_1_793' title='bbox 2514 3969 2672 4018; x_wconf 82' lang='lat' dir='ltr'><strong>meos,</strong></span> <span class='ocrx_word' id='word_1_794' title='bbox 2701 3968 2764 4007; x_wconf 81' lang='lat' dir='ltr'><strong>ne</strong></span> <span class='ocrx_word' id='word_1_795' title='bbox 2802 3952 3004 4007; x_wconf 71' lang='lat' dir='ltr'><strong>veniant</strong></span> <span class='ocrx_word' id='word_1_796' title='bbox 3040 3953 3094 4006; x_wconf 85' lang='lat' dir='ltr'><strong>in</strong></span> <span class='ocrx_word' id='word_1_797' title='bbox 3133 3953 3269 4006; x_wconf 77' lang='lat' dir='ltr'><strong>hunc</strong></span> <span class='ocrx_word' id='word_1_798' title='bbox 3313 3953 3479 4007; x_wconf 79' lang='lat' dir='ltr'><strong>locum</strong></span> <span class='ocrx_word' id='word_1_799' title='bbox 3509 3953 3658 4025; x_wconf 81' lang='lat' dir='ltr'><strong>(Luc.</strong></span> <span class='ocrx_word' id='word_1_800' title='bbox 3691 3954 3813 4022; x_wconf 86' lang='lat' dir='ltr'><strong>l6);</strong></span> 
     </span>
    </p>
   </div>
   <div class='ocr_carea' id='block_1_102' title="bbox 2232 4044 3814 4116">
    <p class='ocr_par' dir='ltr' id='par_1_102' title="bbox 2232 4044 3814 4116">
     <span class='ocr_line' id='line_1_102' title="bbox 2232 4044 3814 4116; baseline 0.001 -17"><span class='ocrx_word' id='word_1_801' title='bbox 2232 4046 2483 4116; x_wconf 90' lang='lat' dir='ltr'><strong>quoniam</strong></span> <span class='ocrx_word' id='word_1_802' title='bbox 2515 4045 2634 4115; x_wconf 89' lang='lat' dir='ltr'><strong>ipse</strong></span> <span class='ocrx_word' id='word_1_803' title='bbox 2660 4044 2810 4100; x_wconf 84' lang='lat' dir='ltr'><strong>abire</strong></span> <span class='ocrx_word' id='word_1_804' title='bbox 2835 4059 2941 4098; x_wconf 91' lang='lat' dir='ltr'><strong>non</strong></span> <span class='ocrx_word' id='word_1_805' title='bbox 2965 4050 3211 4114; x_wconf 80' lang='lat' dir='ltr'><strong>poterat;</strong></span> <span class='ocrx_word' id='word_1_806' title='bbox 3242 4059 3308 4098; x_wconf 90' lang='lat' dir='ltr'><strong>ne</strong></span> <span class='ocrx_word' id='word_1_807' title='bbox 3333 4045 3384 4098; x_wconf 94' lang='lat' dir='ltr'><strong>in</strong></span> <span class='ocrx_word' id='word_1_808' title='bbox 3414 4045 3504 4099; x_wconf 90' lang='lat' dir='ltr'><strong>illa</strong></span> <span class='ocrx_word' id='word_1_809' title='bbox 3535 4045 3646 4116; x_wconf 90' lang='lat' dir='ltr'><strong>ipsa</strong></span> <span class='ocrx_word' id='word_1_810' title='bbox 3680 4045 3814 4100; x_wconf 86' lang='lat' dir='ltr'><strong>inci-</strong></span> 
     </span>
    </p>
   </div>
   <div class='ocr_carea' id='block_1_103' title="bbox 2233 4135 3512 4194">
    <p class='ocr_par' dir='ltr' id='par_1_103' title="bbox 2233 4135 3512 4194">
     <span class='ocr_line' id='line_1_103' title="bbox 2233 4135 3512 4194; baseline -0.003 0"><span class='ocrx_word' id='word_1_811' title='bbox 2233 4139 2382 4194; x_wconf 88' lang='lat' dir='ltr'><strong>dant.</strong></span> <span class='ocrx_word' id='word_1_812' title='bbox 2413 4137 2793 4193; x_wconf 84' lang='lat' dir='ltr'><strong>Abstineamus</strong></span> <span class='ocrx_word' id='word_1_813' title='bbox 2822 4135 2892 4191; x_wconf 91' lang='lat' dir='ltr'><strong>ah</strong></span> <span class='ocrx_word' id='word_1_814' title='bbox 2921 4136 3006 4190; x_wconf 89' lang='lat' dir='ltr'><strong>his</strong></span> <span class='ocrx_word' id='word_1_815' title='bbox 3033 4136 3210 4191; x_wconf 82' lang='lat' dir='ltr'><strong>verbis</strong></span> <span class='ocrx_word' id='word_1_816' title='bbox 3237 4137 3512 4192; x_wconf 86' lang='lat' dir='ltr'><strong>satanicis.</strong></span> 
     </span>
    </p>
   </div>
   <div class='ocr_carea' id='block_1_104' title="bbox 2305 4226 3816 4298">
    <p class='ocr_par' dir='ltr' id='par_1_104' title="bbox 2305 4226 3816 4298">
     <span class='ocr_line' id='line_1_104' title="bbox 2305 4226 3816 4298; baseline -0.001 -13"><span class='ocrx_word' id='word_1_817' title='bbox 2305 4230 2359 4285; x_wconf 87' lang='lat'><strong>6.</strong></span> <span class='ocrx_word' id='word_1_818' title='bbox 2401 4228 2538 4295; x_wconf 82' lang='lat' dir='ltr'><strong>Quid</strong></span> <span class='ocrx_word' id='word_1_819' title='bbox 2583 4241 2738 4298; x_wconf 87' lang='lat' dir='ltr'><strong>ergo,</strong></span> <span class='ocrx_word' id='word_1_820' title='bbox 2787 4227 3034 4297; x_wconf 86' lang='lat' dir='ltr'><strong>inquies,</strong></span> <span class='ocrx_word' id='word_1_821' title='bbox 3082 4226 3297 4297; x_wconf 86' lang='lat' dir='ltr'><strong>quando</strong></span> <span class='ocrx_word' id='word_1_822' title='bbox 3342 4241 3443 4282; x_wconf 89' lang='lat' dir='ltr'><strong>nos</strong></span> <span class='ocrx_word' id='word_1_823' title='bbox 3487 4227 3816 4298; x_wconf 84' lang='lat' dir='ltr'><strong>interrogant</strong></span> 
     </span>
    </p>
   </div>
   <div class='ocr_carea' id='block_1_105' title="bbox 2235 4319 3817 4386">
    <p class='ocr_par' dir='ltr' id='par_1_105' title="bbox 2235 4319 3817 4386">
     <span class='ocr_line' id='line_1_105' title="bbox 2235 4319 3817 4386; baseline -0.002 -9"><span class='ocrx_word' id='word_1_824' title='bbox 2235 4321 2411 4378; x_wconf 82' lang='lat' dir='ltr'><strong>Graeci</strong></span> <span class='ocrx_word' id='word_1_825' title='bbox 2437 4337 2534 4377; x_wconf 89' lang='lat' dir='ltr'><strong>seu</strong></span> <span class='ocrx_word' id='word_1_826' title='bbox 2575 4320 2799 4386; x_wconf 90' lang='lat' dir='ltr'><strong>ethnici,</strong></span> <span class='ocrx_word' id='word_1_827' title='bbox 2830 4320 2948 4375; x_wconf 85' lang='lat' dir='ltr'><strong>Non</strong></span> <span class='ocrx_word' id='word_1_828' title='bbox 2993 4320 3071 4374; x_wconf 90' lang='lat' dir='ltr'><strong>vis</strong></span> <span class='ocrx_word' id='word_1_829' title='bbox 3104 4319 3225 4374; x_wconf 89' lang='lat' dir='ltr'><strong>illos</strong></span> <span class='ocrx_word' id='word_1_830' title='bbox 3266 4320 3495 4376; x_wconf 89' lang='lat' dir='ltr'><strong>curare?</strong></span> <span class='ocrx_word' id='word_1_831' title='bbox 3547 4320 3652 4375; x_wconf 91' lang='lat' dir='ltr'><strong>Sed</strong></span> <span class='ocrx_word' id='word_1_832' title='bbox 3693 4335 3817 4374; x_wconf 90' lang='lat' dir='ltr'><strong>cum</strong></span> 
     </span>
    </p>
   </div>
   <div class='ocr_carea' id='block_1_106' title="bbox 2235 4411 3817 4480">
    <p class='ocr_par' dir='ltr' id='par_1_106' title="bbox 2235 4411 3817 4480">
     <span class='ocr_line' id='line_1_106' title="bbox 2235 4411 3817 4480; baseline 0 -12"><span class='ocrx_word' id='word_1_833' title='bbox 2235 4413 2599 4469; x_wconf 87' lang='lat' dir='ltr'><strong>Christianum</strong></span> <span class='ocrx_word' id='word_1_834' title='bbox 2646 4411 2900 4480; x_wconf 87' lang='lat' dir='ltr'><strong>injeceris</strong></span> <span class='ocrx_word' id='word_1_835' title='bbox 2930 4411 2986 4466; x_wconf 84' lang='lat' dir='ltr'><strong>in</strong></span> <span class='ocrx_word' id='word_1_836' title='bbox 3015 4411 3428 4476; x_wconf 89' lang='lat' dir='ltr'><strong>dubitationem,</strong></span> <span class='ocrx_word' id='word_1_837' title='bbox 3467 4413 3686 4468; x_wconf 88' lang='lat' dir='ltr'><strong>obtentu</strong></span> <span class='ocrx_word' id='word_1_838' title='bbox 3716 4429 3817 4468; x_wconf 92' lang='lat' dir='ltr'><strong>cu-</strong></span> 
     </span>
    </p>
   </div>
   <div class='ocr_carea' id='block_1_107' title="bbox 2237 4502 3816 4572">
    <p class='ocr_par' dir='ltr' id='par_1_107' title="bbox 2237 4502 3816 4572">
     <span class='ocr_line' id='line_1_107' title="bbox 2237 4502 3816 4572; baseline -0.002 -11"><span class='ocrx_word' id='word_1_839' title='bbox 2237 4505 2389 4561; x_wconf 88' lang='lat' dir='ltr'><strong>randi</strong></span> <span class='ocrx_word' id='word_1_840' title='bbox 2422 4503 2618 4569; x_wconf 69' lang='lat' dir='ltr'><strong>Graeci,</strong></span> <span class='ocrx_word' id='word_1_841' title='bbox 2647 4504 2729 4558; x_wconf 90' lang='lat' dir='ltr'><strong>vis</strong></span> <span class='ocrx_word' id='word_1_842' title='bbox 2756 4502 2950 4572; x_wconf 86' lang='lat' dir='ltr'><strong>dogma</strong></span> <span class='ocrx_word' id='word_1_843' title='bbox 2980 4503 3305 4557; x_wconf 79' lang='lat' dir='ltr'><strong>confirmare</strong></span> <span class='ocrx_word' id='word_1_844' title='bbox 3334 4504 3651 4560; x_wconf 89' lang='lat' dir='ltr'><strong>satanicum.</strong></span> <span class='ocrx_word' id='word_1_845' title='bbox 3683 4504 3816 4558; x_wconf 66' lang='lat' dir='ltr'><strong>Nam</strong></span> 
     </span>
    </p>
   </div>
   <div class='ocr_carea' id='block_1_108' title="bbox 2235 4594 3820 4668">
    <p class='ocr_par' dir='ltr' id='par_1_108' title="bbox 2235 4594 3820 4668">
     <span class='ocr_line' id='line_1_108' title="bbox 2235 4594 3820 4668; baseline 0 -18"><span class='ocrx_word' id='word_1_846' title='bbox 2235 4596 2490 4667; x_wconf 88' lang='lat' dir='ltr'><strong>quoniam</strong></span> <span class='ocrx_word' id='word_1_847' title='bbox 2521 4597 2637 4664; x_wconf 88' lang='lat' dir='ltr'><strong>ipse</strong></span> <span class='ocrx_word' id='word_1_848' title='bbox 2666 4610 2733 4649; x_wconf 84' lang='lat' dir='ltr'><strong>ex</strong></span> <span class='ocrx_word' id='word_1_849' title='bbox 2764 4595 2882 4648; x_wconf 92' lang='lat' dir='ltr'><strong>solo</strong></span> <span class='ocrx_word' id='word_1_850' title='bbox 2915 4594 3141 4663; x_wconf 84' lang='lat' dir='ltr'><strong>loquens</strong></span> <span class='ocrx_word' id='word_1_851' title='bbox 3169 4595 3351 4650; x_wconf 87' lang='lat' dir='ltr'><strong>animo</strong></span> <span class='ocrx_word' id='word_1_852' title='bbox 3389 4595 3504 4651; x_wconf 66' lang='lat' dir='ltr'><strong>haec</strong></span> <span class='ocrx_word' id='word_1_853' title='bbox 3549 4612 3655 4652; x_wconf 91' lang='lat' dir='ltr'><strong>non</strong></span> <span class='ocrx_word' id='word_1_854' title='bbox 3699 4612 3820 4668; x_wconf 87' lang='lat' dir='ltr'><strong>per-</strong></span> 
     </span>
    </p>
   </div>
   <div class='ocr_carea' id='block_1_109' title="bbox 2236 4685 3819 4754">
    <p class='ocr_par' dir='ltr' id='par_1_109' title="bbox 2236 4685 3819 4754">
     <span class='ocr_line' id='line_1_109' title="bbox 2236 4685 3819 4754; baseline -0.001 -10"><span class='ocrx_word' id='word_1_855' title='bbox 2236 4689 2468 4754; x_wconf 91' lang='lat' dir='ltr'><strong>suades,</strong></span> <span class='ocrx_word' id='word_1_856' title='bbox 2511 4687 2648 4742; x_wconf 88' lang='lat' dir='ltr'><strong>alios</strong></span> <span class='ocrx_word' id='word_1_857' title='bbox 2693 4697 2858 4741; x_wconf 90' lang='lat' dir='ltr'><strong>testes</strong></span> <span class='ocrx_word' id='word_1_858' title='bbox 2898 4687 2980 4740; x_wconf 90' lang='lat' dir='ltr'><strong>vis</strong></span> <span class='ocrx_word' id='word_1_859' title='bbox 3031 4685 3320 4742; x_wconf 88' lang='lat' dir='ltr'><strong>adducere.</strong></span> <span class='ocrx_word' id='word_1_860' title='bbox 3369 4687 3427 4743; x_wconf 90' lang='lat' dir='ltr'><strong>Si</strong></span> <span class='ocrx_word' id='word_1_861' title='bbox 3469 4699 3647 4743; x_wconf 89' lang='lat' dir='ltr'><strong>autem</strong></span> <span class='ocrx_word' id='word_1_862' title='bbox 3695 4703 3819 4742; x_wconf 83' lang='lat' dir='ltr'><strong>cum</strong></span> 
     </span>
    </p>
   </div>
   <div class='ocr_carea' id='block_1_110' title="bbox 2237 4778 3817 4850">
    <p class='ocr_par' dir='ltr' id='par_1_110' title="bbox 2237 4778 3817 4850">
     <span class='ocr_line' id='line_1_110' title="bbox 2237 4778 3817 4850; baseline -0.003 -14"><span class='ocrx_word' id='word_1_863' title='bbox 2237 4781 2426 4837; x_wconf 69' lang='lat' dir='ltr'><strong>Graeco</strong></span> <span class='ocrx_word' id='word_1_864' title='bbox 2452 4790 2665 4850; x_wconf 90' lang='lat' dir='ltr'><strong>oportet</strong></span> <span class='ocrx_word' id='word_1_865' title='bbox 2694 4778 2985 4844; x_wconf 90' lang='lat' dir='ltr'><strong>disserere,</strong></span> <span class='ocrx_word' id='word_1_866' title='bbox 3019 4795 3124 4832; x_wconf 90' lang='lat' dir='ltr'><strong>non</strong></span> <span class='ocrx_word' id='word_1_867' title='bbox 3179 4779 3306 4834; x_wconf 92' lang='lat' dir='ltr'><strong>hinc</strong></span> <span class='ocrx_word' id='word_1_868' title='bbox 3350 4780 3667 4834; x_wconf 88' lang='lat' dir='ltr'><strong>sumendum</strong></span> <span class='ocrx_word' id='word_1_869' title='bbox 3713 4781 3817 4834; x_wconf 83' lang='lat' dir='ltr'><strong>iui-</strong></span> 
     </span>
    </p>
   </div>
   <div class='ocr_carea' id='block_1_111' title="bbox 2240 4868 3820 4940">
    <p class='ocr_par' dir='ltr' id='par_1_111' title="bbox 2240 4868 3820 4940">
     <span class='ocr_line' id='line_1_111' title="bbox 2240 4868 3820 4940; baseline -0.003 -13"><span class='ocrx_word' id='word_1_870' title='bbox 2240 4873 2370 4927; x_wconf 90' lang='lat' dir='ltr'><strong>tium</strong></span> <span class='ocrx_word' id='word_1_871' title='bbox 2392 4870 2796 4940; x_wconf 88' lang='lat' dir='ltr'><strong>disputationis,</strong></span> <span class='ocrx_word' id='word_1_872' title='bbox 2824 4869 2917 4924; x_wconf 89' lang='lat' dir='ltr'><strong>sed</strong></span> <span class='ocrx_word' id='word_1_873' title='bbox 2966 4883 3033 4922; x_wconf 86' lang='lat' dir='ltr'><strong>an</strong></span> <span class='ocrx_word' id='word_1_874' title='bbox 3063 4868 3307 4924; x_wconf 84' lang='lat' dir='ltr'><strong>Christus</strong></span> <span class='ocrx_word' id='word_1_875' title='bbox 3348 4871 3419 4924; x_wconf 90' lang='lat' dir='ltr'><strong>sit</strong></span> <span class='ocrx_word' id='word_1_876' title='bbox 3467 4871 3605 4925; x_wconf 90' lang='lat' dir='ltr'><strong>Deus</strong></span> <span class='ocrx_word' id='word_1_877' title='bbox 3631 4880 3686 4924; x_wconf 89' lang='lat' dir='ltr'><strong>et</strong></span> <span class='ocrx_word' id='word_1_878' title='bbox 3727 4870 3820 4924; x_wconf 89' lang='lat' dir='ltr'><strong>Dei</strong></span> 
     </span>
    </p>
   </div>
   <div class='ocr_carea' id='block_1_112' title="bbox 2237 4959 3820 5030">
    <p class='ocr_par' dir='ltr' id='par_1_112' title="bbox 2237 4959 3820 5030">
     <span class='ocr_line' id='line_1_112' title="bbox 2237 4959 3820 5030; baseline -0.002 -13"><span class='ocrx_word' id='word_1_879' title='bbox 2237 4962 2438 5028; x_wconf 80' lang='lat' dir='ltr'><strong>Filius;</strong></span> <span class='ocrx_word' id='word_1_880' title='bbox 2476 4977 2544 5016; x_wconf 92' lang='lat' dir='ltr'><strong>an</strong></span> <span class='ocrx_word' id='word_1_881' title='bbox 2584 4961 2856 5016; x_wconf 71' lang='lat' dir='ltr'><strong>daemones</strong></span> <span class='ocrx_word' id='word_1_882' title='bbox 2881 4960 2990 5015; x_wconf 90' lang='lat' dir='ltr'><strong>sint</strong></span> <span class='ocrx_word' id='word_1_883' title='bbox 3017 4959 3108 5030; x_wconf 89' lang='lat' dir='ltr'><strong>qui</strong></span> <span class='ocrx_word' id='word_1_884' title='bbox 3135 4969 3259 5014; x_wconf 92' lang='lat' dir='ltr'><strong>sunt</strong></span> <span class='ocrx_word' id='word_1_885' title='bbox 3283 4959 3426 5030; x_wconf 87' lang='lat' dir='ltr'><strong>apud</strong></span> <span class='ocrx_word' id='word_1_886' title='bbox 3449 4960 3570 5014; x_wconf 90' lang='lat' dir='ltr'><strong>illos</strong></span> <span class='ocrx_word' id='word_1_887' title='bbox 3600 4960 3694 5014; x_wconf 94' lang='lat' dir='ltr'><strong>dii.</strong></span> <span class='ocrx_word' id='word_1_888' title='bbox 3725 4960 3820 5015; x_wconf 90' lang='lat' dir='ltr'><strong>Sin</strong></span> 
     </span>
    </p>
   </div>
   <div class='ocr_carea' id='block_1_113' title="bbox 2237 5053 3820 5126">
    <p class='ocr_par' dir='ltr' id='par_1_113' title="bbox 2237 5053 3820 5126">
     <span class='ocr_line' id='line_1_113' title="bbox 2237 5053 3820 5126; baseline -0.003 -15"><span class='ocrx_word' id='word_1_889' title='bbox 2237 5056 2354 5112; x_wconf 65' lang='lat' dir='ltr'><strong>haec</strong></span> <span class='ocrx_word' id='word_1_890' title='bbox 2384 5054 2605 5126; x_wconf 89' lang='lat' dir='ltr'><strong>probata</strong></span> <span class='ocrx_word' id='word_1_891' title='bbox 2637 5053 2871 5120; x_wconf 84' lang='lat' dir='ltr'><strong>fuerint,</strong></span> <span class='ocrx_word' id='word_1_892' title='bbox 2913 5053 3018 5108; x_wconf 89' lang='lat' dir='ltr'><strong>alia</strong></span> <span class='ocrx_word' id='word_1_893' title='bbox 3058 5054 3238 5109; x_wconf 89' lang='lat' dir='ltr'><strong>omnia</strong></span> <span class='ocrx_word' id='word_1_894' title='bbox 3286 5062 3603 5124; x_wconf 91' lang='lat' dir='ltr'><strong>sequuntur.</strong></span> <span class='ocrx_word' id='word_1_895' title='bbox 3636 5053 3820 5108; x_wconf 88' lang='lat' dir='ltr'><strong>Prius-</strong></span> 
     </span>
    </p>
   </div>
   <div class='ocr_carea' id='block_1_114' title="bbox 2237 5145 3822 5218">
    <p class='ocr_par' dir='ltr' id='par_1_114' title="bbox 2237 5145 3822 5218">
     <span class='ocr_line' id='line_1_114' title="bbox 2237 5145 3822 5218; baseline -0.003 -16"><span class='ocrx_word' id='word_1_896' title='bbox 2237 5163 2395 5218; x_wconf 91' lang='lat' dir='ltr'><strong>quam</strong></span> <span class='ocrx_word' id='word_1_897' title='bbox 2421 5157 2597 5202; x_wconf 90' lang='lat' dir='ltr'><strong>autem</strong></span> <span class='ocrx_word' id='word_1_898' title='bbox 2625 5146 2856 5216; x_wconf 91' lang='lat' dir='ltr'><strong>positum</strong></span> <span class='ocrx_word' id='word_1_899' title='bbox 2886 5146 2955 5200; x_wconf 89' lang='lat' dir='ltr'><strong>sit</strong></span> <span class='ocrx_word' id='word_1_900' title='bbox 2984 5145 3302 5215; x_wconf 90' lang='lat' dir='ltr'><strong>principium</strong></span> <span class='ocrx_word' id='word_1_901' title='bbox 3323 5186 3339 5211; x_wconf 96' lang='lat'><strong>,</strong></span> <span class='ocrx_word' id='word_1_902' title='bbox 3376 5161 3569 5200; x_wconf 88' lang='lat' dir='ltr'><strong>vanum</strong></span> <span class='ocrx_word' id='word_1_903' title='bbox 3598 5156 3683 5201; x_wconf 78' lang='lat' dir='ltr'><strong>est</strong></span> <span class='ocrx_word' id='word_1_904' title='bbox 3709 5145 3822 5199; x_wconf 90' lang='lat' dir='ltr'><strong>dis-</strong></span> 
     </span>
    </p>
   </div>
   <div class='ocr_carea' id='block_1_115' title="bbox 2237 5238 3816 5309">
    <p class='ocr_par' dir='ltr' id='par_1_115' title="bbox 2237 5238 3816 5309">
     <span class='ocr_line' id='line_1_115' title="bbox 2237 5238 3816 5309; baseline -0.003 -15"><span class='ocrx_word' id='word_1_905' title='bbox 2237 5255 2419 5295; x_wconf 86' lang='lat' dir='ltr'><strong>serere</strong></span> <span class='ocrx_word' id='word_1_906' title='bbox 2447 5239 2516 5294; x_wconf 90' lang='lat' dir='ltr'><strong>de</strong></span> <span class='ocrx_word' id='word_1_907' title='bbox 2544 5238 2648 5294; x_wconf 84' lang='lat' dir='ltr'><strong>line</strong></span> <span class='ocrx_word' id='word_1_908' title='bbox 2673 5257 2686 5293; x_wconf 89' lang='lat'>:</span> <span class='ocrx_word' id='word_1_909' title='bbox 2714 5239 3024 5309; x_wconf 86' lang='lat' dir='ltr'><strong>priusquam</strong></span> <span class='ocrx_word' id='word_1_910' title='bbox 3052 5239 3223 5308; x_wconf 88' lang='lat' dir='ltr'><strong>prima</strong></span> <span class='ocrx_word' id='word_1_911' title='bbox 3251 5239 3517 5294; x_wconf 82' lang='lat' dir='ltr'><strong>elementa</strong></span> <span class='ocrx_word' id='word_1_912' title='bbox 3545 5238 3816 5300; x_wconf 86' lang='lat' dir='ltr'><strong>didiceris,</strong></span> 
     </span>
    </p>
   </div>
   <div class='ocr_carea' id='block_1_116' title="bbox 2238 5330 3822 5402">
    <p class='ocr_par' dir='ltr' id='par_1_116' title="bbox 2238 5330 3822 5402">
     <span class='ocr_line' id='line_1_116' title="bbox 2238 5330 3822 5402; baseline -0.002 -15"><span class='ocrx_word' id='word_1_913' title='bbox 2238 5346 2692 5402; x_wconf 83' lang='lat' dir='ltr'><strong>supervacaneum</strong></span> <span class='ocrx_word' id='word_1_914' title='bbox 2734 5339 2791 5384; x_wconf 89' lang='lat' dir='ltr'><strong>et</strong></span> <span class='ocrx_word' id='word_1_915' title='bbox 2820 5331 3007 5384; x_wconf 90' lang='lat' dir='ltr'><strong>inutile</strong></span> <span class='ocrx_word' id='word_1_916' title='bbox 3044 5341 3127 5384; x_wconf 89' lang='lat' dir='ltr'><strong>est</strong></span> <span class='ocrx_word' id='word_1_917' title='bbox 3165 5331 3231 5386; x_wconf 89' lang='lat' dir='ltr'><strong>ad</strong></span> <span class='ocrx_word' id='word_1_918' title='bbox 3269 5331 3428 5385; x_wconf 81' lang='lat' dir='ltr'><strong>finem</strong></span> <span class='ocrx_word' id='word_1_919' title='bbox 3458 5333 3661 5386; x_wconf 89' lang='lat' dir='ltr'><strong>venire.</strong></span> <span class='ocrx_word' id='word_1_920' title='bbox 3704 5330 3822 5385; x_wconf 84' lang='lat' dir='ltr'><strong>Non</strong></span> 
     </span>
    </p>
   </div>
   <div class='ocr_carea' id='block_1_117' title="bbox 2239 5422 3820 5493">
    <p class='ocr_par' dir='ltr' id='par_1_117' title="bbox 2239 5422 3820 5493">
     <span class='ocr_line' id='line_1_117' title="bbox 2239 5422 3820 5493; baseline -0.001 -14"><span class='ocrx_word' id='word_1_921' title='bbox 2239 5425 2408 5480; x_wconf 89' lang='lat' dir='ltr'><strong>credit</strong></span> <span class='ocrx_word' id='word_1_922' title='bbox 2435 5424 2653 5479; x_wconf 66' lang='lat' dir='ltr'><strong>Graecus</strong></span> <span class='ocrx_word' id='word_1_923' title='bbox 2680 5422 2880 5490; x_wconf 91' lang='lat' dir='ltr'><strong>judicio</strong></span> <span class='ocrx_word' id='word_1_924' title='bbox 2900 5462 2916 5482; x_wconf 89' lang='lat'><strong>.</strong></span> <span class='ocrx_word' id='word_1_925' title='bbox 2963 5433 3017 5477; x_wconf 93' lang='lat' dir='ltr'><strong>et</strong></span> <span class='ocrx_word' id='word_1_926' title='bbox 3046 5423 3122 5477; x_wconf 92' lang='lat' dir='ltr'><strong>illi</strong></span> <span class='ocrx_word' id='word_1_927' title='bbox 3151 5424 3288 5478; x_wconf 91' lang='lat' dir='ltr'><strong>idem</strong></span> <span class='ocrx_word' id='word_1_928' title='bbox 3317 5423 3459 5493; x_wconf 92' lang='lat' dir='ltr'><strong>quod</strong></span> <span class='ocrx_word' id='word_1_929' title='bbox 3488 5425 3580 5478; x_wconf 90' lang='lat' dir='ltr'><strong>tibi</strong></span> <span class='ocrx_word' id='word_1_930' title='bbox 3607 5424 3820 5478; x_wconf 84' lang='lat' dir='ltr'><strong>accidit.</strong></span> 
     </span>
    </p>
   </div>
   <div class='ocr_carea' id='block_1_118' title="bbox 2237 5513 3827 5586">
    <p class='ocr_par' dir='ltr' id='par_1_118' title="bbox 2237 5513 3827 5586">
     <span class='ocr_line' id='line_1_118' title="bbox 2237 5513 3827 5586; baseline -0.001 -16"><span class='ocrx_word' id='word_1_931' title='bbox 2237 5515 2370 5570; x_wconf 86' lang='lat' dir='ltr'><strong>Nam</strong></span> <span class='ocrx_word' id='word_1_932' title='bbox 2401 5516 2516 5586; x_wconf 92' lang='lat' dir='ltr'><strong>ipse</strong></span> <span class='ocrx_word' id='word_1_933' title='bbox 2541 5529 2754 5584; x_wconf 90' lang='lat' dir='ltr'><strong>quoque</strong></span> <span class='ocrx_word' id='word_1_934' title='bbox 2798 5513 2993 5568; x_wconf 89' lang='lat' dir='ltr'><strong>multos</strong></span> <span class='ocrx_word' id='word_1_935' title='bbox 3035 5514 3197 5569; x_wconf 88' lang='lat' dir='ltr'><strong>habet</strong></span> <span class='ocrx_word' id='word_1_936' title='bbox 3239 5515 3330 5585; x_wconf 88' lang='lat' dir='ltr'><strong>qui</strong></span> <span class='ocrx_word' id='word_1_937' title='bbox 3375 5530 3439 5570; x_wconf 86' lang='lat' dir='ltr'><strong>ea</strong></span> <span class='ocrx_word' id='word_1_938' title='bbox 3485 5516 3554 5570; x_wconf 90' lang='lat' dir='ltr'><strong>de</strong></span> <span class='ocrx_word' id='word_1_939' title='bbox 3597 5531 3656 5570; x_wconf 90' lang='lat' dir='ltr'><strong>re</strong></span> <span class='ocrx_word' id='word_1_940' title='bbox 3699 5525 3827 5570; x_wconf 91' lang='lat' dir='ltr'><strong>sunt</strong></span> 
     </span>
    </p>
   </div>
   <div class='ocr_carea' id='block_1_119' title="bbox 2240 5605 3824 5677">
    <p class='ocr_par' dir='ltr' id='par_1_119' title="bbox 2240 5605 3824 5677">
     <span class='ocr_line' id='line_1_119' title="bbox 2240 5605 3824 5677; baseline 0.001 -16"><span class='ocrx_word' id='word_1_941' title='bbox 2240 5606 2634 5677; x_wconf 88' lang='lat' dir='ltr'><strong>philosophati;</strong></span> <span class='ocrx_word' id='word_1_942' title='bbox 2666 5606 2878 5660; x_wconf 85' lang='lat' dir='ltr'><strong>etiamsi</strong></span> <span class='ocrx_word' id='word_1_943' title='bbox 2911 5606 3012 5661; x_wconf 91' lang='lat' dir='ltr'><strong>hoc</strong></span> <span class='ocrx_word' id='word_1_944' title='bbox 3051 5605 3282 5661; x_wconf 88' lang='lat' dir='ltr'><strong>dixerint</strong></span> <span class='ocrx_word' id='word_1_945' title='bbox 3308 5607 3375 5662; x_wconf 89' lang='lat' dir='ltr'><strong>de</strong></span> <span class='ocrx_word' id='word_1_946' title='bbox 3403 5623 3630 5675; x_wconf 91' lang='lat' dir='ltr'><strong>corpore</strong></span> <span class='ocrx_word' id='word_1_947' title='bbox 3665 5623 3824 5677; x_wconf 83' lang='lat' dir='ltr'><strong>sepa-</strong></span> 
     </span>
    </p>
   </div>
   <div class='ocr_carea' id='block_1_120' title="bbox 2239 5697 3825 5768">
    <p class='ocr_par' dir='ltr' id='par_1_120' title="bbox 2239 5697 3825 5768">
     <span class='ocr_line' id='line_1_120' title="bbox 2239 5697 3825 5768; baseline 0.003 -16"><span class='ocrx_word' id='word_1_948' title='bbox 2239 5707 2353 5753; x_wconf 88' lang='lat' dir='ltr'><strong>rato</strong></span> <span class='ocrx_word' id='word_1_949' title='bbox 2380 5698 2446 5753; x_wconf 90' lang='lat' dir='ltr'><strong>ab</strong></span> <span class='ocrx_word' id='word_1_950' title='bbox 2475 5697 2672 5758; x_wconf 87' lang='lat' dir='ltr'><strong>anima,</strong></span> <span class='ocrx_word' id='word_1_951' title='bbox 2707 5697 2803 5752; x_wconf 90' lang='lat' dir='ltr'><strong>sed</strong></span> <span class='ocrx_word' id='word_1_952' title='bbox 2837 5709 3011 5753; x_wconf 88' lang='lat' dir='ltr'><strong>tamen</strong></span> <span class='ocrx_word' id='word_1_953' title='bbox 3039 5697 3294 5768; x_wconf 89' lang='lat' dir='ltr'><strong>judicium</strong></span> <span class='ocrx_word' id='word_1_954' title='bbox 3322 5700 3734 5755; x_wconf 83' lang='lat' dir='ltr'><strong>constituerunt.</strong></span> <span class='ocrx_word' id='word_1_955' title='bbox 3761 5701 3825 5756; x_wconf 80' lang='lat' dir='ltr'><strong>E-t</strong></span> 
     </span>
    </p>
   </div>
   <div class='ocr_carea' id='block_1_121' title="bbox 2241 5789 3829 5866">
    <p class='ocr_par' dir='ltr' id='par_1_121' title="bbox 2241 5789 3829 5866">
     <span class='ocr_line' id='line_1_121' title="bbox 2241 5789 3829 5866; baseline -0.002 -21"><span class='ocrx_word' id='word_1_956' title='bbox 2241 5807 2326 5847; x_wconf 85' lang='lat' dir='ltr'><strong>res</strong></span> <span class='ocrx_word' id='word_1_957' title='bbox 2357 5801 2438 5846; x_wconf 82' lang='lat' dir='ltr'><strong>est</strong></span> <span class='ocrx_word' id='word_1_958' title='bbox 2486 5800 2591 5845; x_wconf 88' lang='lat' dir='ltr'><strong>tant</strong></span> <span class='ocrx_word' id='word_1_959' title='bbox 2625 5792 2765 5845; x_wconf 81' lang='lat' dir='ltr'><strong>clara</strong></span> <span class='ocrx_word' id='word_1_960' title='bbox 2797 5799 2852 5845; x_wconf 81' lang='grc' dir='ltr'><strong>ιιι</strong></span> <span class='ocrx_word' id='word_1_961' title='bbox 2895 5805 3053 5846; x_wconf 85' lang='lat' dir='ltr'><strong>nemo</strong></span> <span class='ocrx_word' id='word_1_962' title='bbox 3085 5789 3197 5847; x_wconf 80' lang='lat' dir='ltr'><strong>fere</strong></span> <span class='ocrx_word' id='word_1_963' title='bbox 3242 5789 3342 5845; x_wconf 86' lang='lat' dir='ltr'><strong>hoc</strong></span> <span class='ocrx_word' id='word_1_964' title='bbox 3383 5791 3606 5866; x_wconf 70' lang='lat' dir='ltr'><strong>ignoret.</strong></span> <span class='ocrx_word' id='word_1_965' title='bbox 3637 5793 3730 5848; x_wconf 84' lang='lat' dir='ltr'><strong>scd</strong></span> <span class='ocrx_word' id='word_1_966' title='bbox 3776 5798 3829 5842; x_wconf 77' lang='lat' dir='ltr'><strong>et</strong></span> 
     </span>
    </p>
   </div>
  </div>
