4184 6486
447 358 556 416 τις

450 473 551 530 καί
581 472 804 528 ἐλθέτω
828 475 864 544 ἠ
891 475 1098 544 βουλὴ
1121 476 1227 531 τοῦ
1250 478 1424 546 ἁγίου
1455 475 1728 545 Ἰσραὴλ,
1765 477 1867 530 ἵνα
1896 473 2045 545 γνῶ-

446 580 582 634 μεν-
618 564 710 634 Μὴ
742 562 1323 634 θαυμάζωμεν
1359 566 1496 620 οὐδὲ
1544 565 1654 634 γὰρ
1706 566 1756 617 οἱ
1806 565 1901 616 ἐπὶ
1947 564 2048 634 τῆς

452 649 689 705 κιϐωτοῦ
721 650 1032 716 ἐπίστευον,
1059 653 1174 706 ἀλλ’
1203 652 1535 707 ἐπίστευσαν
1567 653 1656 705 ὅτε
1680 652 1776 721 τῆς
1808 652 2049 714 πίστεως

451 739 644 810 κέρδος
677 734 744 809 ῆν
785 739 969 794 οὐδὲν⁸
1004 740 1124 793 οὐδὲ
1146 741 1196 793 οί
1229 741 1288 793 ἐν
1318 740 1573 811 Σοδόμοις
1606 738 2042 810 προσεδόκησαν,

451 826 569 880 ἀλλ’
605 826 938 881 ἐπίστευσαν
972 828 1066 880 καὶ
1119 828 1297 893 αὐτοὶ,
1343 828 1431 881 ὅτε
1482 827 1633 882 οὐδὲν
1671 827 1833 879 πλέον
1865 827 2048 887 αὐτοῖς

452 914 666 984 γέγονε.
721 916 834 970 Καὶ
874 915 927 970 τί
981 915 1129 984 λέγω
1160 915 1229 969 τὰ
1254 915 1588 987 ,μέλλοντας
1639 915 1724 978 τίς
1771 913 1838 967 ἂν
1870 912 2047 966 ταῦτα

451 1001 829 1074 προσεδόκησε
887 1004 956 1058 τὰ
1009 1002 1109 1058 νῦν
1153 1005 1418 1074 γινόμενα
1465 1002 1606 1057 κατά
1649 1001 1937 1072 διαφόρους
1960 1000 2048 1054 τό-

451 1105 610 1159 πους,
642 1093 771 1155 τοὺς
821 1092 1106 1164 σεισμοὺς,
1141 1091 1251 1146 τῶν
1295 1091 1506 1144 πόλεων
1541 1089 1642 1154 τὰς
1692 1089 2044 1159 ἁναιρέσειςς

452 1180 649 1236 Καίτοι
697 1197 760 1250 γε
792 1180 970 1238 ταῦτα
1020 1181 1248 1237 ἐκείνων
1295 1180 1617 1252 πιστότερα,
1657 1179 1756 1247 τῆς
1809 1176 2047 1232 κιϐωτοῦ

453 1267 633 1336 λέγω..
659 1267 836 1322 Πόθεν
881 1267 1082 1340 δῆλον;
1129 1268 1254 1322 Ὀτι
1291 1269 1488 1322 ἐκεῖνοι
1527 1267 1625 1339 μὲν
1657 1267 1757 1320 οὐκ
1799 1261 1944 1338 εἶχον
1967 1267 2048 1330 εἰς

453 1355 583 1412 ἄλλο
617 1356 976 1428 παράδειγμα
1019 1357 1168 1422 ἰδεῖν,
1220 1357 1342 1410 ούδέ
1365 1355 1477 1410 τῶν
1505 1356 1542 1408 Γ
1547 1354 1736 1426 ραφῶν
1767 1355 2009 1424 ἥκουσαν
2028 1369 2045 1383 ⁸

454 1443 692 1500 ἐνταῦθα
725 1443 784 1498 δὲ
816 1445 994 1517 μυρία
1015 1445 1117 1498 ὅσα
1146 1443 1362 1514 γέγονε,
1396 1445 1493 1497 καὶ
1520 1442 1611 1496 ἐπὶ
1635 1441 1743 1496 τῶν
1779 1441 1915 1494 ἐτῶν
1939 1441 2047 1494 τῶν

453 1531 780 1604 ⁴ἡμετέρων,
821 1532 914 1586 καὶ
957 1530 1188 1586 ἐπὶτῶν
1234 1531 1539 1604 προτέρων.
1585 1529 1751 1585 Ἀλλά
1801 1528 1968 1583 πόθεν
2013 1527 2046 1598 ἡ

454 1622 686 1679 ἀπιστία
714 1620 824 1675 τῶν
853 1620 1147 1686 τοιούτων;
1184 1621 1321 1676 Ἀπὸ
1351 1619 1603 1691 μαλακῆς
1624 1618 1804 1690 ψυχῆς
1822 1636 1836 1650 ·
1865 1616 2050 1670 ἔπινον

453 1706 551 1762 καὶ
580 1705 791 1779 ἤσθιον,
823 1707 917 1761 καὶ
938 1707 1029 1763 διὰ
1059 1705 1218 1762 τοῦτο
1246 1709 1346 1760 οὐκ
1364 1706 1667 1761 ἐπίστευον.
1698 1706 1765 1758 Ἃ
1789 1705 1899 1776 γάρ
1927 1703 2050 1775 βού-

453 1792 606 1850 λεταί
632 1811 740 1860 τις,
763 1793 937 1849 ταῦτα
962 1795 1058 1848 καὶ
1088 1794 1284 1861 οἴεται,
1313 1793 1487 1850 ταῦτα
1517 1795 1613 1848 καὶ
1643 1792 1952 1865 προσδοκᾷ’
1990 1793 2039 1846 οξ

460 1883 843 1953 ἀντιλέγοντες
868 1883 1038 1955 λῆρός
1065 1885 1224 1938 εἰσιν.

443 2009 448 2015 α
548 1975 612 2035 ι’.
661 1974 820 2030 Ἀλλά
855 1973 932 2046 μὴ
975 1973 1236 2046 πάθωμεν
1277 1975 1506 2029 ταύτόν·
1537 1974 1597 2028 οὔ
1628 1972 1737 2044 γάρ
1783 1971 2054 2026 κατακλυ-

462 2061 600 2133 σμὸς
621 2059 770 2116 ἔσται
793 2061 999 2126 λοιπὸν,
1015 2060 1138 2114 οὐδὲ
1159 2061 1321 2133 μέχρι
1337 2061 1596 2132 τελευτῆς
1616 2064 1649 2133 ἡ
1672 2060 1914 2125 κόλασις,
1935 2057 2051 2114 ἀλλ’

458 2149 604 2221 ἀρχὴ
638 2147 924 2220 τιμωριῶν
943 2151 972 2202 6
994 2148 1228 2212 Θάνατος
1255 2150 1634 2204 ἀπιστούντων
1661 2149 1744 2203 ὅτι
1783 2149 1902 2201 ἐστὶ
1928 2147 2052 2218 κρί-

453 2255 565 2303 σις.
623 2239 733 2296 Καὶ
763 2239 852 2303 τίς
901 2239 1116 2296 ἐκεῖθεν
1143 2234 1298 2310 ἦλθε,
1349 2240 1504 2310 φησὶ,
1536 2239 1630 2293 καὶ
1657 2238 1832 2292 ταῦτα
1860 2236 2055 2306 ἐφθέγ-

455 2325 586 2392 ξατο
608 2343 623 2391 ;
663 2327 725 2380 ΕΙ
753 2327 853 2397 μὲν
891 2325 1104 2393 παίζων
1129 2326 1304 2381 ταῦτα
1320 2326 1521 2394 λέγεις,
1547 2324 1670 2379 ούδέ
1687 2324 1830 2378 οὕτω
1849 2320 2049 2386 καλῶς’

453 2417 518 2470 οὐ
551 2417 660 2487 γὰρ
689 2415 777 2469 δεῖ·
793 2418 861 2470 ὲν·
885 2417 998 2479 τοῖς
1028 2414 1294 2478 τοιούτοις
1321 2413 1540 2479 παίζειν
1569 2431 1582 2446 ο
1626 2415 1687 2467 οὐ
1711 2414 1822 2484 γὰρ
1851 2414 1910 2467 ἐν
1935 2427 2056 2465 παι-

456 2503 630 2566 κτοῖς,
650 2501 770 2554 ἀλλ’
799 2499 1159 2564 ἐπικινδύνως
1184 2501 1479 2572 παίζομεν·
1518 2501 1569 2552 εί
1596 2499 1651 2552 δὲ
1682 2498 1855 2561 ὅντως
1882 2495 2055 2558 οὕτως

455 2587 620 2661 ἔχων,
663 2589 760 2642 καὶ
809 2589 912 2642 οὐκ
943 2589 1044 2642 οῐει
1097 2585 1238 2642 εἶναί
1267 2605 1319 2641 τι
1357 2587 1494 2659 μετά
1532 2586 1726 2652 ταῦτα,
1772 2585 1888 2650 πῶς
1918 2581 2055 2642 εἶναι

458 2677 567 2749 φὴς
601 2677 964 2749 Χριστιανόςς
999 2676 1178 2747 οὐδεὶς
1211 2677 1321 2747 γάρ
1349 2694 1442 2746 μοι
1476 2675 1586 2729 τῶν
1615 2675 1720 2740 ἔξω
1751 2674 1934 2743 λόγος.
1959 2674 2059 2728 Διά

456 2767 513 2820 τί
546 2766 777 2837 λουτρὸν
807 2764 1145 2837 λαμϐάνεις;
1174 2765 1263 2819 διά
1291 2765 1344 2818 τί
1386 2767 1486 2836 τῆς
1511 2763 1808 2834 ἐκκλησίας
1843 2761 2060 2816 ἐπιϐαί-

458 2871 606 2920 νεις;
639 2853 717 2927 μὴ
747 2856 858 2927 γὰρ
894 2855 1070 2926 ἀρχὰς
1098 2851 1550 2924 ὑπισχνούμεθας
1583 2853 1733 2904 πᾶσα
1762 2849 1920 2922 ἡμῶν
1955 2851 2045 2903 ὲλ-

458 2943 557 3008 πἰς
585 2945 643 2999 ἐν
663 2945 778 3007 τοῖς
814 2941 1093 3014 μέλλουσι.
1137 2942 1203 2994 Τί
1233 2941 1412 2996 τοίνυν
1453 2938 1762 3011 προσέρχῃ,
1789 2939 1837 2993 εί
1871 2937 1932 2991 ού
1969 2954 2060 2990 πι-

461 3030 678 3096 στεύεις
701 3034 822 3096 ταῖς
846 3031 1115 3103 Γραφαῖς,
1157 3031 1206 3082 εί
1258 3028 1333 3100 μὴ
1375 3026 1656 3090 πιστεύεις
1687 3025 1764 3096 τῷ
1792 3025 2014 3097 Χριστῷ
2042 3043 2066 3092 ;

461 3119 576 3174 Οὐκ
611 3119 678 3174 ἂν
712 3118 930 3189 εἴποιμι
958 3119 1052 3173 τὸν
1078 3117 1318 3172 τοιοῦτον
1341 3115 1689 3188 Χριστιανὸν,
1725 3113 1800 3184 μὴ
1827 3112 2059 3182 γένοιτο,

459 3206 598 3264 ἀλλά
623 3209 718 3263 καὶ
745 3207 1016 3279 Ἑλλήνων
1039 3205 1229 3279 χείρω.
1253 3205 1413 3260 Κατά
1442 3205 1496 3258 τί
1519 3222 1532 3267 ;
1577 3204 1732 3258 Κατά
1765 3201 1946 3267 τοῦτο,
1977 3203 2059 3258 ὅτι

459 3296 557 3352 τὸν
597 3298 836 3370 Χριστὸν
876 3297 1115 3368 νομίζων
1163 3291 1304 3349 εἶναι
1352 3293 1506 3354 Θεὸν,
1539 3293 1599 3346 ού
1657 3289 1937 3354 πιστεύεις
1987 3293 2063 3356 ὡς

464 3385 607 3457 Θεῷ.
643 3385 856 3456 Ἑκείνη
894 3385 994 3456 μὲν
1020 3384 1128 3455 γὰρ
1157 3381 1484 3445 ἀκολουθίας
1528 3380 1715 3451 ἔχεται
1748 3382 1779 3450 ὴ
1808 3379 2058 3433 ἀσέϐειαο

467 3473 562 3527 τὸν
583 3473 690 3544 γάρ
713 3472 786 3546 μὴ
813 3472 1106 3544 νομίζοντα
1134 3467 1273 3524 εἶναι
1292 3469 1425 3524 Θεὸν
1448 3468 1538 3522 τὸν
1565 3467 1821 3537 Χριστὸν,
1843 3466 2058 3535 ἀνάγκη

473 3563 611 3636 μηδέ
642 3561 918 3617 πιστεύειν
943 3578 958 3594 ’
999 3560 1141 3634 αὕτη
1170 3559 1228 3613 δέ
1257 3561 1290 3630 ἠ
1329 3556 1557 3611 ἀσέϐεια
1583 3556 1705 3609 οὐδὲ
1738 3554 2063 3608 ἀκολουθίαν

469 3652 622 3730 [340]
651 3652 789 3738 ἔχει,
815 3651 950 3706 Θεὸν
985 3651 1292 3722 ὁμολογεῖν,
1337 3648 1434 3701 καὶ
1470 3646 1542 3717 μὴ
1575 3644 1821 3717 νομίζειν
1849 3643 2067 3708 ἀξιόπι-

469 3765 596 3801 στον
626 3733 767 3800 εἶναι
800 3743 945 3815 ὑπὲρ
980 3737 1057 3797 ὧν
1092 3740 1221 3813 ἔφη.
1255 3740 1368 3811 Τῆς
1405 3736 1580 3808 μέθης
1639 3735 1816 3789 ταῦτα
1845 3734 1916 3788 τὰ
1963 3733 2065 3804 ῥή-

471 3851 641 3910 ματα,
697 3834 800 3905 τῆς
849 3828 1088 3903 τρυφῆς,
1135 3829 1236 3901 τῆς
1289 3825 1610 3896 σπατάληςο
1647 3822 1938 3892 Φᾰτωμεν
1967 3820 2067 3875 καὶ

468 3926 702 3996 πίωμεν·
723 3941 737 3956 ’
783 3922 1003 3992 αὔριον
1031 3917 1143 3991 γὰρ
1175 3913 1668 3984 ἀποθνήσκομεν.
1701 3913 1816 3967 Οὐκ
1853 3910 2073 3996 αἴθριον,

468 3995 589 4070 an"
623 4015 756 4067 ὅταν
788 4009 970 4066 ταῦτα
999 4007 1226 4080 λέγητε,
1272 4004 1373 4076 ήδη
1417 4003 1742 4074 τεθνήκατε.
1775 4000 1942 4054 Οὐδὲν
1976 3995 2071 4053 οὖν

469 4102 579 4157 τῶν
617 4101 819 4174 χοίρων
848 4097 1121 4167 διοίσομεν
1162 4093 1284 4147 ούδέ
1325 4091 1437 4146 τών
1469 4090 1629 4154 ὄνων,
1671 4089 1794 4144 είπέ
1836 4105 1964 4158 μοι;
2007 4088 2076 4142 Et

469 4191 582 4262 γὰρ
618 4190 756 4262 μήτε
785 4185 968 4258 κρίσις
995 4184 1134 4247 ἐστὶ,
1157 4182 1295 4253 μήτε
1321 4179 1612 4242 ἀντίδοσις,
1640 4179 1779 4249 μήτε
1813 4176 2072 4262 δικαστήέ

473 4261 627 4352 ριον,
649 4277 793 4340 τίνος
841 4274 1032 4328 ’ένεκεν
1068 4268 1300 4340 τοιούτῳ
1351 4267 1701 4337 τετιμήμεθα
1757 4263 1938 4335 δώρῳ,
1994 4261 2073 4333 τῷ

471 4366 639 4438 λόγῳ,
669 4365 765 4420 καὶ
789 4363 970 4418 πάντα
1007 4360 1204 4431 ἔχομεν
1229 4355 1646 4426 ὑποτεταγμένα
1664 4370 1686 4421 ;.
1710 4353 1800 4408 διὰ
1835 4352 1887 4406 τί
1914 4353 2074 4424 ἡμεῖς

476 4457 580 4528 μὲν
605 4455 870 4526 ἄρχομεν,
901 4452 1086 4505 ἐκεῖνα
1123 4447 1180 4502 δὲ
1219 4447 1514 4518 ἄρχονται;
1552 4443 1693 4514 Ὅρα
1725 4441 1841 4506 πῶς
1877 4441 2078 4496 πάντο-

475 4545 570 4601 θεν
603 4546 631 4600 6
656 4542 905 4604 διάϐολος
932 4536 1215 4607 ἐπείγεται
1245 4535 1396 4606 ἡμᾶς
1442 4535 1630 4586 πεῖσαι
1671 4530 1941 4600 ἀγνοῆσαι
1970 4528 2073 4599 τὴν

471 4631 688 4702 δωρεὰν
713 4629 808 4686 τοῦ
837 4626 998 4682 Θεοῦ.
1047 4625 1190 4689 Τοὺς
1217 4620 1441 4684 δούλους
1485 4619 1820 4689 ἀναμίγνυσι
1852 4621 1965 4682 τοῖς
1988 4617 2076 4670 δε-

479 4721 730 4784 σπόταις
781 4715 1038 4786 καθάπερ
1083 4729 1170 4775 τις
1226 4708 1660 4782 ἀνδραποδιστὴς
1705 4706 1801 4760 καὶ
1856 4705 2078 4776 οἰκέτης

477 4808 778 4881 ἀγνώμων,
816 4805 910 4860 τὸν
942 4800 1226 4873 ἐλεύθερον
1252 4799 1334 4862 είς
1366 4796 1468 4868 τὴν
1505 4795 1676 4866 αὐτὴν
1714 4793 1961 4866 βιάζεται
1998 4792 2079 4864 τῷ

479 4893 972 4971 προσκεκρουκότι
1002 4889 1340 4957 καταγαγεῖν
1401 4884 1704 4938 εὐτέλειαν.
1765 4882 1879 4971 δία).
1933 4881 2083 4937 δοκεῖ

484 4966 586 5059 μέν
613 4985 716 5057 τὴν
741 4966 951 5054 *κρίσιν
975 4979 1244 5050 ἀναιρεῖν,
1276 4975 1497 5046 ἀναιρεῖ
1541 4971 1600 5026 δὲ
1648 4972 1710 5024 τὸ
1737 4966 1880 5059 εἶναι
1921 4970 2078 5026 Θεόν.

481 5057 739 5136 Τοιοῦτος
777 5071 888 5142 γὰρ
921 5068 1010 5124 ἀεὶ⁵
1038 5070 1069 5121 6
1110 5063 1385 5126 διάϐολος,
1437 5059 1694 5132 μεθοδείᾳ
1740 5057 1940 5124 πάντα,
1984 5058 2081 5112 καὶ

481 5164 584 5220 οὐκ
617 5163 678 5229 ἐξ
701 5160 920 5224 εὐθείας
951 5154 1268 5230 προϐάλλει,
1302 5152 1387 5205 ἵνα
1419 5147 1840 5220 φυλαττώμεθα.
1866 5148 1934 5200 Et
1959 5147 2082 5220 κρί-

486 5269 572 5316 σις
605 5251 707 5306 οὐκ
731 5248 900 5311 ἐστιν,
929 5246 1032 5300 οὒκ
1061 5244 1177 5298 ἐστι
1209 5241 1415 5303 δίκαιος
1444 5240 1473 5292 6
1502 5238 1634 5301 Θεός
1658 5255 1670 5265 ·
1707 5237 1848 5290 κατὰ
1881 5235 2086 5307 ἀνθρω-

485 5356 590 5394 πον
614 5338 798 5408 λέγω·
839 5338 887 5390 εί
922 5335 1132 5396 δίκαιος
1179 5333 1278 5385 οὐκ
1327 5327 1475 5382 ἔστιν
1516 5328 1544 5380 ὁ
1589 5325 1746 5389 Θεὸς,
1792 5323 1916 5377 οὐδὲ
1951 5323 2085 5386 Θεὸς

484 5430 638 5487 ἔστιν
660 5444 677 5461 ·
738 5427 789 5478 εἰ
821 5424 956 5487 Θεὸς
989 5422 1090 5477 οὐκ
1144 5419 1313 5483 ἔστιν,
1344 5416 1532 5480 ἁπλῶς
1583 5415 1800 5469 ἅπαντα
1836 5413 2082 5482 φέρεται,

485 5517 642 5570 οὐδὲν
681 5513 874 5586 ἀρετὴ,
912 5511 1065 5566 οὐδὲν
1101 5510 1291 5563 κακία.
1335 5505 1476 5560 Ἀλλ’
1516 5503 1669 5558 οὐδὲν
1701 5501 1908 5555 τούτων
1937 5500 2085 5570 λέγει

489 5602 764 5678 φανερῶς.
792 5597 948 5662 Εἶδες
978 5599 1071 5654 τοῦ
1106 5595 1396 5652 σατανικοῦ
1430 5593 1814 5664 ἐνθυμήματος
1843 5591 1939 5662 τὴν
1973 5591 2077 5645 διά·

491 5709 688 5760 νοιαν;
733 5690 850 5756 πῶς
877 5688 940 5752 ἐξ
969 5685 1276 5758 ἀνθρώπων
1325 5683 1497 5751 ἄλογα
1534 5681 1788 5752 βούλεται
1837 5681 2084 5748 ποιῆσαι,

498 5781 702 5852 μᾶλλον
734 5778 794 5834 δὲ
849 5776 1040 5848 θηρία,
1093 5772 1296 5844 μᾶλλον
1345 5771 1400 5824 δέ
1434 5771 1727 5842 δαίμονας;
1767 5767 1859 5839 Μὴ
1909 5769 2088 5822 τοίνυν

495 5868 840 5940 πειθώμεθα.
870 5865 1027 5922 Ἐστι
1053 5861 1162 5932 γὰρ
1197 5859 1398 5931 κρίσις,
1431 5857 1582 5912 ἄθλιε
1621 5859 1712 5913 καὶ
1743 5857 2081 5927 ταλαίπωρε.

1381 357 1450 413 IN
1486 357 1706 414 EPIST.
1758 356 1848 412 AD
1888 356 2173 413 εοιοεει
2215 357 2368 414 CAP.
2412 357 2449 412 Ι.
2492 356 2728 414 IIOMIL.
2772 358 2837 414 ll.

3631 360 3740 415 516

2155 471 2285 530 Οἶδα
2333 476 2494 530 πόθεν
2542 476 2680 549 ἔρχῃ
2735 477 2828 528 ἐπὶ
2871 477 3092 540 τούτους
3129 475 3255 540 τοῦς
3306 474 3531 543 λόγους’
3569 474 3744 528 πολλά
3834 533 3839 538 ,

2155 584 2235 620 σοι
2261 567 2598 639 ἡμάρτηται,
2620 568 3094 639 προσκέκρουκας,
3130 565 3443 638 παρρησίαν
3459 565 3558 618 οὐκ
3575 565 3739 635 εχεις,

2151 655 2252 708 οίει
2278 658 2389 719 τοῖς
2411 659 2523 714 σοῖς
2554 655 2731 724 λόγοις
2763 655 3078 708 ἀκολουθεῖν
3109 657 3203 706 καὶ.
3227 653 3326 725 τὴν
3352 652 3460 705 τῶν
3485 657 3744 723 πραγμά-

2150 761 2260 798 των
2292 743 2474 812 φύσιν.
2511 745 2552 796 Τ
2557 743 2660 807 έως
2696 745 2769 815 μὴ
2804 745 3074 814 όδυνήσω,
3131 744 3287 813 φησὶ,
3331 742 3430 812 τὴν
3473 741 3650 812 ψυχὴν
3673 744 3740 811 τῇ

2151 832 2451 903 προσδοκίᾳ
2487 834 2587 903 τῆς
2612 831 2864 901 γεέννης·
2912 832 3011 885 κᾶν
3114 831 3328 899 γέεννα,
3364 829 3540 882 πείσω
3574 825 3744 900 αὐτὴν

2150 923 2232 975 ὅτι
2261 922 2363 975 οὐκ
2382 921 2498 974 ἔστι
2518 936 2531 948 ·
2563 921 2702 984 τέως
2731 919 2966 973 ἐνταῦθα
2991 922 3278 990 τρυφὴσω.
3310 920 3411 971 Διὰ
3441 918 3494 971 τί
3520 934 3746 990 προστιι
3837 934 3841 988 ς

2152 1010 2265 1073 θεῖς
2331 1010 2709 1080 ἁμαρτήματα
2785 1009 3213 1079 ἀμαρτήμασινς
3275 1009 3372 1060 Ἂν
3418 1007 3744 1078 ἁμαρτήσας

2153 1100 2453 1170 πιστεύσῃς
2487 1091 2628 1150 εἶναι
2671 1096 2920 1166 γέενναν,
2944 1096 3225 1166 ἀπελεύσῃ
3263 1094 3372 1147 τῶν
3408 1095 3744 1164 ἁμαρτημά-

2150 1203 2258 1239 των
2287 1185 2448 1256 μόνον
2487 1185 2646 1238 τίνων
2670 1185 2828 1255 δίκην
2848 1199 2860 1212 ·
2913 1181 2980 1236 ἂν
3016 1182 3072 1235 δὲ
3103 1182 3198 1234 καὶ
3225 1182 3384 1234 τοῦτο
3420 1179 3662 1252 προσθῇς
3687 1180 3750 1232 τὸ

2152 1273 2430 1346 ἀσέϐημα,
2463 1274 2559 1327 καὶ
2593 1275 2691 1345 τῆς
2719 1272 2978 1336 ἀσεϐείας
3003 1272 3098 1326 καὶ
3130 1269 3224 1324 τοῦ
3265 1269 3528 1340 λογισμοῦ
3557 1267 3760 1322 τούτου-

2151 1361 2345 1425 δώσεις
2378 1361 2477 1434 τὴν
2498 1363 2736 1433 ἐσχάτην
2759 1360 2984 1414 κόλασιν
3009 1375 3023 1389 ⁸
3057 1359 3153 1412 καὶ
3182 1360 3216 1431 ἡ
3263 1360 3323 1412 ἐν
3352 1357 3547 1429 βραχεῖ
3594 1373 3750 1426 γενο-

2155 1451 2289 1524 μένη
2323 1468 2405 1505 σοι
2437 1449 2765 1522 παραμυθία
2788 1448 2973 1522 ψυχρὰ
3003 1448 3157 1502 ἔσται
3188 1465 3270 1500 σοι
3291 1444 3574 1518 διηνεκοῦς
3597 1446 3753 1499 κολά-

2156 1556 2293 1605 σεως
2322 1538 2600 1602 ὑπόθεσις.
2626 1538 2828 1602 Ἔστω,
2855 1537 3102 1608 ἥμαρτες
3130 1550 3144 1565 °
3180 1535 3234 1589 τί
3271 1535 3364 1589 καὶ
3401 1534 3528 1598 τοὺς
3556 1532 3751 1596 ἀλλους

2156 1627 2493 1700 ἁμαρτάνειν
2524 1625 2882 1698 προτρέπεις,
2907 1623 3086 1693 λέγων
3130 1622 3206 1694 μὴ
3239 1617 3382 1675 εἶναι
3405 1620 3666 1689 γέενναν;
3699 1619 3752 1673 τί

2154 1717 2370 1787 ἀπατᾷς
2392 1714 2520 1780 τοὺς
2568 1711 3008 1782 ἀφελεστέρουςς
3049 1709 3102 1762 τί
3155 1707 3253 1772 τὰς
3303 1710 3492 1780 χεῖρας
3537 1705 3754 1771 ἐξέλυες

2154 1803 2247 1857 τοῦ
2271 1802 2403 1858 λαοῦ
2429 1820 2443 1870 ;
2481 1801 2554 1854 Τὸ
2584 1801 2676 1854 σὺν
2703 1801 2889 1871 μέρος,
2923 1799 3141 1854 ἅπαντα
3163 1796 3598 1866 ἀνατέτραπταιο
3628 1792 3752 1846 οὔτε

2154 1894 2202 1946 οἱ
2238 1891 2516 1946 σπουδαῖοι
2547 1888 2958 1959 σπουδαιότεροι
3001 1885 3240 1950 ἔσονται,
3289 1884 3426 1938 ἀλλὰ
3479 1883 3710 1956 ῥᾴθυμοι
3737 1898 3751 1911 ·

2155 1977 2278 2033 οὔτε
2301 1981 2352 2032 οἱ
2383 1979 2546 2033 κακοὶ
2589 1977 2994 2047 ἀποστήσονται
3031 1974 3126 2045 τῆς
3161 1972 3380 2037 κακίας.
3411 1971 3502 2042 Μὴ
3531 1969 3660 2041 γὰρ,
3689 1968 3756 2022 ἂν

2156 2066 2378 2138 ἐτέρους
2405 2064 2836 2136 διαφθείρωμεν,
2865 2061 3198 2131 συγγνώμην
3223 2060 3422 2131 ἔχομεν
3448 2057 3556 2112 τῶν
3578 2059 3759 2129 ἀμαρ-

2156 2152 2458 2225 τημάτωνς
2519 2153 2631 2222 Οὐχ
2672 2151 2809 2220 δρᾷς
2856 2150 2948 2202 τὸν
2997 2148 3246 2203 διάϐολον
3277 2147 3393 2210 πῶς
3430 2145 3758 2216 ἐπεχείρησε

2159 2243 2510 2310 κατενεγκεῖν
2555 2240 2645 2294 τὸν
2676 2239 2881 2308 ’Δδάμ;
2919 2233 3033 2308 ἆρα
3086 2235 3262 2307 τούτῳ
3315 2233 3615 2303 συγγνώμη
3663 2232 3758 2299 γέ-

2157 2347 2321 2401 γονε;
2349 2327 2616 2393 Μείζονος
2651 2326 2752 2398 μὲν
2778 2321 2874 2379 οὖν
2913 2324 3194 2378 κολάσεως
3223 2323 3472 2394 ἀφορμή.
3501 2320 3618 2373 ’Ὶνα
3654 2318 3762 2388 γὰρ

2163 2419 2239 2491 μὴ
2273 2418 2414 2490 ὑπὲρ
2436 2416 2546 2470 τῶν
2577 2415 2823 2477 οἰκείων,
2856 2413 2994 2468 ἀλλά
3025 2413 3120 2467 καὶ
3147 2412 3289 2482 ὑπὲρ
3319 2411 3430 2464 τῶν
3460 2405 3762 2478 ἀλλοτρίων

2161 2507 2581 2579 ἁμαρτημάτων
2630 2501 3020 2574 κολαζώμεθα,
3074 2503 3253 2556 πάντα
3301 2498 3632 2570 μηχανᾶται.
3668 2494 3761 2561 Μὴ

2161 2596 2473 2665 νομίζωμεν
2497 2595 2681 2648 τοίνυν
2711 2592 2772 2646 τὸ
2803 2591 3028 2662 ἐτέρους
3061 2589 3396 2660 καταφέρειν
3425 2588 3505 2650 είς
3530 2584 3631 2656 τὴν
3663 2584 3764 2639 αύ-

2161 2686 2259 2756 τὴν
2289 2686 2423 2754 ἡμῖν
2446 2681 2752 2747 ἀπώλειαν,
2786 2677 3141 2751 ἡμερώτερον
3159 2677 3292 2747 ἡμῖν
3321 2675 3382 2728 τὸ
3413 2673 3764 2744 δικαστήριον

2161 2772 2526 2845 ἐργάζεσθαιο
2560 2769 2722 2823 τοῦτο
2760 2767 2862 2839 μὲν
2899 2761 2991 2821 οὖν
3022 2763 3405 2836 χαλεπώτερον
3435 2760 3567 2819 αὐτὸ
3607 2760 3765 2829 ποιή-

2164 2879 2268 2916 σει.
2290 2860 2354 2914 Τί
2376 2858 2629 2928 ώθοῦμεν
2660 2856 2916 2920 ἑαυτοὺς,
2945 2853 3041 2908 καὶ
3077 2849 3431 2920 ἁπόλλυμενς
3464 2845 3622 2921 [541]
3659 2845 3763 2898 Σα-

2160 2947 2382 3002 τανικὸν
2409 2943 2572 2999 τοῦτο
2601 2943 2722 2997 ὅλον
2757 2941 2926 2996 ἐστίν.
2957 2939 3275 3011 Ἄνθρωπε,
3319 2937 3603 3008 ἦμαρτες;
3635 2931 3764 2986 Φιλ-

2164 3033 2452 3105 άνθρωπον
2488 3031 2629 3100 ἔχεις
2664 3029 2758 3083 τὸν
2791 3028 3073 3097 Δεσπότην
3095 3043 3107 3056 ·
3166 3023 3496 3098 παρακάλει,
3530 3021 3764 3081 ἱκέτευε,

2163 3122 2391 3193 δάκρυε,
2435 3118 2688 3184 στέναζε,
2722 3119 2817 3172 καὶ
2859 3119 2985 3180 τοὺς
3018 3114 3215 3178 ἄλλους
3250 3112 3428 3181 φόϐει,
3465 3110 3562 3164 καὶ
3613 3107 3766 3175 ἀξίου

2169 3209 2243 3280 μὴ
2268 3211 2379 3272 τοῖς
2409 3208 2595 3271 αὐτοῖς
2628 3205 2972 3276 περιπεσεῖν.
3007 3204 3074 3256 Ei’
3104 3220 3186 3263 τις
3214 3202 3272 3254 ἐν
3301 3198 3452 3269 οίκία
3471 3196 3658 3259 δοῦλος
3691 3194 3766 3248 ὢν

2164 3295 2272 3350 ’τῶν
2309 3293 2840 3367 προσκεκρουκότων
2887 3291 3035 3359 λέγει
3070 3290 3205 3360 πρὸς
3234 3289 3326 3342 τὸν
3359 3285 3554 3340 ἑαυτοῦ
3582 3284 3765 3337 παῖδα·

2167 3387 2392 3450 Τέκνον,
2425 3380 2538 3450 ἐγὼ
2554 3381 2942 3453 προσέκρουσα
2970 3378 3048 3449 τῷ
3070 3376 3339 3450 Δεσπότῃ,
3371 3375 3434 3427 σὺ
3469 3372 3768 3426 σπούδασον

2169 3474 2386 3542 ἀρέσαι,
2422 3471 2509 3524 ἴνα
2569 3473 2645 3540 μὴ
2683 3469 2749 3521 τὰ
2791 3466 2934 3521 αὐτά
2961 3466 3174 3539 πάθῃς
3205 3464 3304 3534 οὐχ
3334 3461 3446 3526 ἕξει
3482 3458 3605 3514 τινὰ
3639 3473 3771 3525 συγ-

2168 3562 2419 3632 γνώμην,
2457 3560 2581 3612 εἶπέ
2610 3576 2736 3630 μοι;
2792 3558 2892 3610 οὐκ
2943 3555 3235 3610 ἐπικλάσει
3284 3553 3380 3606 καὶ
3415 3547 3769 3618 κατακάμψει

2167 3650 2259 3704 τὸν
2293 3647 2596 3719 δεσπότην;
2626 3647 2723 3699 Ἂν
2755 3645 2811 3698 δὲ
2842 3642 3016 3698 ταῦτα
3051 3641 3211 3712 ἀφεὶς
3240 3639 3312 3693 τὰ
3343 3641 3592 3710 ῥήματα,
3635 3635 3773 3708 λέγῃ

2172 3740 2379 3803 ἐκεῖνα,
2403 3731 2537 3802 οἷον,
2568 3735 2651 3788 ὅτι
2677 3733 2737 3787 τὸ
2768 3731 2890 3786 κατ’
2915 3730 3073 3795 ἀξίαν
3103 3727 3321 3798 ἑκάστῳ
3347 3726 3450 3779 οὐκ
3476 3722 3768 3784 ἀποδώσει,

2170 3827 2251 3882 ὅτι
2286 3824 2476 3889 ἁπλῶς
2519 3825 2701 3882 πάντα
2733 3820 3134 3892 ἀναμέμικται,
3167 3816 3263 3870 καὶ
3295 3815 3367 3868 τὰ
3406 3813 3550 3868 καλὰ
3581 3813 3675 3870 καὶ
3702 3811 3772 3863 τά

2171 3915 2340 3981 κακὰ,
2387 3917 2468 3970 ὅτι
2513 3913 2614 3966 ούκ
2643 3911 2791 3965 ἐστιν
2821 3905 3143 3978 εὐχαριστία
3191 3905 3248 3957 ἐν
3281 3901 3360 3975 τῷ
3395 3901 3531 3972 οίκῳ
3575 3898 3772 3968 τούτῳ,

2170 4006 2296 4059 τίνα
2338 4001 2582 4074 νομίζεις
2615 4001 2708 4054 τὸν
2738 3998 3012 4067 δεσπότην
3051 3993 3179 4048 νοῦν
3220 3991 3366 4063 ἔχειν
3399 3989 3532 4062 περὶ
3554 3986 3774 4051 -αὑτοῦς

2174 4090 2286 4166 ἄρα
2324 4093 2445 4163 οὐχὶ
2488 4091 2597 4144 τῶν
2645 4087 2868 4143 οἰκείων
2900 4081 3322 4155 ἁμαρτημάτων
3351 4078 3580 4166 μείζονα
3613 4074 3778 4166 δώσει

2175 4165 2334 4252 δίκην
2357 4197 2372 4248 ;
2414 4180 2658 4242 Είκότως
2680 4195 2694 4208 ο
2737 4177 2857 4231 ἐκεῖ
2891 4175 2990 4244 μὲν
3016 4172 3125 4243 γὰρ
3150 4169 3212 4224 τὸ
3238 4167 3410 4231 πάθος
3439 4165 3779 4233 ἀπολογήσεο

2175 4251 2298 4337 ται,
2326 4271 2375 4322 εί
2425 4267 2521 4323 καὶ
2544 4264 2815 4328 ἀσθενῶς,
2851 4260 3091 4317 ἐνταῦθα
3127 4259 3184 4312 δὲ
3221 4256 3397 4316 οὐδέν.
3451 4255 3514 4307 Εἰ
3572 4251 3777 4324 μηδένα

2176 4359 2356 4414 τοίνυν
2377 4357 2593 4427 ἕτερον,
2617 4353 2712 4408 τὸν
2755 4351 2891 4420 γοῦν
2926 4349 3184 4404 πλούσιον
3221 4347 3462 4418 μίμησαι
3490 4342 3584 4396 τὸν
3610 4343 3667 4394 ἐν
3706 4343 3774 4411 τῇ

2177 4447 2400 4520 γεέννῃ,
2431 4447 2522 4498 τὸν
2564 4442 2819 4512 λέγοντα,
2855 4439 3048 4508 Πάτερ
3077 4435 3357 4506 Ἀϐραὰμ,
3391 4431 3636 4502 πέμψον
3661 4428 3780 4484 Λά-

2181 4537 2357 4608 ζαρον
2385 4535 2484 4590 ἐπὶ
2537 4533 2682 4600 τοὺς
2726 4528 3050 4600 συγγενεῖς
3090 4545 3233 4597 μου,
3266 4526 3369 4579 ἵνα
3397 4522 3482 4594 μὴ
3516 4521 3781 4575 ἔλθωσιν

2180 4631 2268 4695 είς
2302 4626 2412 4682 τὸν
2442 4625 2634 4679 τόπον
2681 4621 2920 4685 τοῦτον,
2962 4616 3155 4688 ἐπειδὴ
3193 4614 3358 4677 αὐτὸς
3391 4610 3649 4667 ἀπελθεῖν
3680 4609 3781 4661 οὐκ

2181 4717 2435 4787 ἠδύνατο,
2487 4712 2630 4768 ὥστε
2675 4711 2750 4783 μὴ
2780 4711 2894 4772 τοῖς
2945 4707 3132 4769 αὐτοῖς
3161 4702 3408 4764 ἐκείνους
3436 4698 3778 4770 περιπεσεῖν.

2196 4803 2551 4873 Ἀποστῶμεν
2583 4799 2697 4853 τῶν
2753 4796 3014 4871 ῥημάτων
3049 4791 3258 4847 τούτων
3303 4788 3413 4841 τῶν
3448 4781 3781 4839 σατανικῶν.

2254 4901 2330 4960 ς’.
2370 4871 2588 4955 Τίοῦν,
2619 4889 2748 4942 ὅταν
2784 4884 3046 4954 ’Έλληνες
3097 4881 3244 4950 ἡμᾶς
3289 4874 3558 4945 ἐρωτῶσι,
3593 4871 3781 4960 φησλν,

2183 4957 2285 5038 οὐκ
2329 4977 2569 5039 ἐκείνους
2605 4973 2784 5046 βούλει
2829 4969 3208 5043 θεραπεῦσαι;
3259 4964 3400 5022 Ἀλλ’
3432 4964 3513 5026 είς
3547 4957 3785 5030 ἀπορίαν

2186 5065 2441 5142 ἐμϐαλὼν
2464 5064 2555 5118 τὸν
2575 5059 2902 5134 Χριστιανὸν
2927 5055 3280 5142 προσχήματι
3301 5050 3392 5105 τοῦ
3426 5049 3516 5103 τὸν
3541 5047 3782 5142 Ἕλληνα

2187 5131 2535 5228 θεραπεύειν,
2565 5131 2813 5220 κυρῶσαι
2850 5144 3033 5217 βούλει
3067 5141 3129 5195 τὸ
3155 5141 3336 5210 δόγμα
3363 5138 3428 5192 τὸ
3467 5131 3784 5191 σατανικόν.

2198 5220 2418 5316 Ἐπειδὴ
2438 5241 2548 5312 γὰρ
2580 5238 2743 5302 αὐτὸς
2782 5236 2918 5306 μόνῃ
2953 5235 3019 5302 τῇ
3049 5231 3196 5302 ψυχῇ
3223 5227 3608 5316 διαλεγόμενος
3646 5220 3790 5292 ὑπὲρ

2185 5333 2390 5388 τούτων
2403 5313 2463 5384 οὐ
2484 5326 2716 5390 πείθεις,
2735 5323 2958 5394 ἐτέρους
2978 5320 3156 5380 θέλεις
3176 5316 3451 5388 παράγειν
3478 5313 3786 5382 μάρτυρας.

2185 5422 2249 5475 El
2285 5421 2343 5474 δὲ
2363 5417 2589 5488 ’Έλληνι
2626 5414 2734 5486 χρὴ
2773 5407 3140 5475 διαλέγεσθαι,
3177 5403 3278 5456 οὐκ
3301 5399 3553 5488 ἐντεῦθεν
3570 5399 3617 5488 -ὴ
3645 5395 3790 5488 ἀρχῆ

2186 5509 2288 5580 τῆς
2328 5480 2790 5572 διαλέξςεωςξηάλλν
2853 5499 2901 5550 εἰ
2955 5493 3090 5556 Θεὸς
3127 5493 3154 5544 6
3193 5487 3450 5560 Χριστὸς,
3498 5485 3594 5540 καὶ
3652 5480 3790 5580 Θεοῦ

2185 5569 2346 5660 Παῖς,
2377 5597 2426 5648 εί
2457 5569 2708 5663 δαίμονες
2737 5589 2786 5641 οί
2835 5586 2963 5657 παρ’
2996 5581 3226 5641 ἐκείνοις
3262 5576 3397 5630 θεοί.
3447 5575 3578 5627 Ἐὰν
3609 5569 3788 5623 ταῦτα

2191 5654 2639 5749 κατασκευασθῇ,
2693 5673 2873 5728 πάντα
2919 5654 2994 5721 τὰ
3031 5664 3167 5749 ἄλλα
3189 5663 3379 5749 ἕπεται
3400 5677 3412 5690 ·
3435 5659 3584 5749 ῂπρὶν
3607 5657 3662 5749 δέ
3680 5654 3793 5749 ,τὴν

2187 5765 2365 5837 ἀρχὴν
2413 5739 2633 5823 θέσθαί,
2668 5757 2900 5830 μάταιον
2941 5749 3068 5822 περὶ
3108 5748 3209 5837 τῆς
3238 5745 3505 5837 τελειδτῆς¹
3546 5739 3793 5832 διαλέγε⁶

2200 5829 2361 5904 σθαιλ
2405 5847 2534 5917 πρὶν
2582 5829 2712 5915 ἢτὰ
2748 5840 2938 5912 πρώτα
3001 5833 3239 5904 στοιχεῖα
3283 5829 3496 5902 μαθεῖν,
3537 5829 3805 5906 περιττὸν⁸
