  <div class='ocr_page' id='page_1' title='image "/cluster/home/n/w/nwhite01/storage/ocr_20150623/62:no.11/coo.31924054869627/323.png"; bbox 0 0 4184 6492; ppageno 0'>
   <div class='ocr_carea' id='block_1_1' title="bbox 518 364 623 419">
    <p class='ocr_par' dir='ltr' id='par_1_1' title="bbox 518 364 623 419">
     <span class='ocr_line' id='line_1_1' title="bbox 518 364 623 419; baseline -0.01 0"><span class='ocrx_word' id='word_1_1' title='bbox 518 364 623 419; x_wconf 73' lang='grc'>317</span> 
     </span>
    </p>
   </div>
   <div class='ocr_carea' id='block_1_2' title="bbox 512 468 2101 544">
    <p class='ocr_par' dir='ltr' id='par_1_2' title="bbox 512 468 2101 544">
     <span class='ocr_line' id='line_1_2' title="bbox 512 468 2101 544; baseline -0.004 -13"><span class='ocrx_word' id='word_1_2' title='bbox 512 477 611 531; x_wconf 75' lang='grc' dir='ltr'>καὶ</span> <span class='ocrx_word' id='word_1_3' title='bbox 634 474 892 544; x_wconf 82' lang='grc' dir='ltr'>ἀνόνητον</span> <span class='ocrx_word' id='word_1_4' title='bbox 924 470 1049 543; x_wconf 75' lang='grc' dir='ltr'>περὶ</span> <span class='ocrx_word' id='word_1_5' title='bbox 1078 469 1137 523; x_wconf 86' lang='grc' dir='ltr'>τὸ</span> <span class='ocrx_word' id='word_1_6' title='bbox 1161 469 1310 532; x_wconf 77' lang='grc' dir='ltr'>τέλος</span> <span class='ocrx_word' id='word_1_7' title='bbox 1327 468 1602 540; x_wconf 71' lang='grc' dir='ltr'>ἔρχεσθαι.</span> <span class='ocrx_word' id='word_1_8' title='bbox 1651 471 1896 525; x_wconf 83' lang='grc' dir='ltr'>Ἀπιστεῖ</span> <span class='ocrx_word' id='word_1_9' title='bbox 1914 473 1942 525; x_wconf 91' lang='lat'>6</span> <span class='ocrx_word' id='word_1_10' title='bbox 1967 472 2101 525; x_wconf 85' lang='grc' dir='ltr'>Ἔλ-</span> 
     </span>
    </p>
   </div>
   <div class='ocr_carea' id='block_1_3' title="bbox 511 554 2100 630">
    <p class='ocr_par' dir='ltr' id='par_1_3' title="bbox 511 554 2100 630">
     <span class='ocr_line' id='line_1_3' title="bbox 511 554 2100 630; baseline -0.003 -18"><span class='ocrx_word' id='word_1_11' title='bbox 511 559 613 630; x_wconf 90' lang='grc' dir='ltr'>λην</span> <span class='ocrx_word' id='word_1_12' title='bbox 645 560 711 630; x_wconf 74' lang='grc' dir='ltr'>τῇ</span> <span class='ocrx_word' id='word_1_13' title='bbox 742 558 944 629; x_wconf 82' lang='grc' dir='ltr'>κρίσει,</span> <span class='ocrx_word' id='word_1_14' title='bbox 990 556 1084 608; x_wconf 67' lang='grc' dir='ltr'>κα)⁵</span> <span class='ocrx_word' id='word_1_15' title='bbox 1122 554 1285 616; x_wconf 77' lang='grc' dir='ltr'>αὐτὸς</span> <span class='ocrx_word' id='word_1_16' title='bbox 1322 554 1383 606; x_wconf 89' lang='grc' dir='ltr'>τὸ</span> <span class='ocrx_word' id='word_1_17' title='bbox 1414 555 1548 608; x_wconf 86' lang='grc' dir='ltr'>αύτό</span> <span class='ocrx_word' id='word_1_18' title='bbox 1587 572 1670 609; x_wconf 86' lang='grc' dir='ltr'>σοι</span> <span class='ocrx_word' id='word_1_19' title='bbox 1709 556 1948 626; x_wconf 84' lang='grc' dir='ltr'>πάσχει·</span> <span class='ocrx_word' id='word_1_20' title='bbox 1973 555 2100 609; x_wconf 76' lang='grc' dir='ltr'>ἐπεὶ</span> 
     </span>
    </p>
   </div>
   <div class='ocr_carea' id='block_1_4' title="bbox 512 636 2097 712">
    <p class='ocr_par' dir='ltr' id='par_1_4' title="bbox 512 636 2097 712">
     <span class='ocr_line' id='line_1_4' title="bbox 512 636 2097 712; baseline -0.001 -19"><span class='ocrx_word' id='word_1_21' title='bbox 512 641 628 712; x_wconf 70' lang='grc' dir='ltr'>ἔχει</span> <span class='ocrx_word' id='word_1_22' title='bbox 652 642 750 695; x_wconf 77' lang='grc' dir='ltr'>καὶ</span> <span class='ocrx_word' id='word_1_23' title='bbox 775 640 935 703; x_wconf 82' lang='grc' dir='ltr'>αὐτὸς</span> <span class='ocrx_word' id='word_1_24' title='bbox 966 637 1193 700; x_wconf 80' lang='grc' dir='ltr'>πολλοὺς</span> <span class='ocrx_word' id='word_1_25' title='bbox 1223 636 1363 707; x_wconf 76' lang='grc' dir='ltr'>ὑπὲρ</span> <span class='ocrx_word' id='word_1_26' title='bbox 1379 636 1584 690; x_wconf 87' lang='grc' dir='ltr'>τούτων</span> <span class='ocrx_word' id='word_1_27' title='bbox 1603 637 2097 710; x_wconf 75' lang='grc' dir='ltr'>φιλοσοφήσαντας,</span> 
     </span>
    </p>
   </div>
   <div class='ocr_carea' id='block_1_5' title="bbox 512 718 2095 792">
    <p class='ocr_par' dir='ltr' id='par_1_5' title="bbox 512 718 2095 792">
     <span class='ocr_line' id='line_1_5' title="bbox 512 718 2095 792; baseline -0.003 -15"><span class='ocrx_word' id='word_1_28' title='bbox 512 725 563 776; x_wconf 68' lang='grc' dir='ltr'>τί</span> <span class='ocrx_word' id='word_1_29' title='bbox 592 724 685 777; x_wconf 62' lang='grc' dir='ltr'>κα)⁵</span> <span class='ocrx_word' id='word_1_30' title='bbox 711 723 771 775; x_wconf 83' lang='grc' dir='ltr'>τὸ</span> <span class='ocrx_word' id='word_1_31' title='bbox 793 722 951 792; x_wconf 69' lang='grc' dir='ltr'>σῶμα</span> <span class='ocrx_word' id='word_1_32' title='bbox 976 719 1372 789; x_wconf 85' lang='grc' dir='ltr'>ἀποσχίσαντες</span> <span class='ocrx_word' id='word_1_33' title='bbox 1390 720 1489 788; x_wconf 84' lang='grc' dir='ltr'>τῆς</span> <span class='ocrx_word' id='word_1_34' title='bbox 1515 718 1697 789; x_wconf 79' lang='grc' dir='ltr'>ψυχῆς</span> <span class='ocrx_word' id='word_1_35' title='bbox 1719 719 1879 772; x_wconf 87' lang='grc' dir='ltr'>τοῦτο</span> <span class='ocrx_word' id='word_1_36' title='bbox 1901 720 2056 773; x_wconf 74' lang='grc' dir='ltr'>εἶπον</span> <span class='ocrx_word' id='word_1_37' title='bbox 2082 736 2095 749; x_wconf 84' lang='lat'>&#39;</span> 
     </span>
    </p>
   </div>
   <div class='ocr_carea' id='block_1_6' title="bbox 513 800 2100 873">
    <p class='ocr_par' dir='ltr' id='par_1_6' title="bbox 513 800 2100 873">
     <span class='ocr_line' id='line_1_6' title="bbox 513 800 2100 873; baseline -0.002 -15"><span class='ocrx_word' id='word_1_38' title='bbox 513 804 631 858; x_wconf 84' lang='grc' dir='ltr'>ἀλλ’</span> <span class='ocrx_word' id='word_1_39' title='bbox 660 805 810 873; x_wconf 83' lang='grc' dir='ltr'>ὅμως</span> <span class='ocrx_word' id='word_1_40' title='bbox 858 803 1217 873; x_wconf 84' lang='grc' dir='ltr'>δικαστήριον</span> <span class='ocrx_word' id='word_1_41' title='bbox 1251 800 1534 854; x_wconf 83' lang='grc' dir='ltr'>ἐκάθισαν.</span> <span class='ocrx_word' id='word_1_42' title='bbox 1567 803 1677 855; x_wconf 67' lang='grc' dir='ltr'>Καὶ</span> <span class='ocrx_word' id='word_1_43' title='bbox 1715 802 1954 873; x_wconf 79' lang='grc' dir='ltr'>τοσαύτη</span> <span class='ocrx_word' id='word_1_44' title='bbox 1981 804 2100 855; x_wconf 84' lang='grc' dir='ltr'>ἐστί</span> 
     </span>
    </p>
   </div>
   <div class='ocr_carea' id='block_1_7' title="bbox 511 884 2097 958">
    <p class='ocr_par' dir='ltr' id='par_1_7' title="bbox 511 884 2097 958">
     <span class='ocr_line' id='line_1_7' title="bbox 511 884 2097 958; baseline -0.002 -16"><span class='ocrx_word' id='word_1_45' title='bbox 511 888 609 942; x_wconf 87' lang='grc' dir='ltr'>τοῦ</span> <span class='ocrx_word' id='word_1_46' title='bbox 655 888 979 958; x_wconf 86' lang='grc' dir='ltr'>πράγματος</span> <span class='ocrx_word' id='word_1_47' title='bbox 1017 888 1052 957; x_wconf 86' lang='grc' dir='ltr'>ή</span> <span class='ocrx_word' id='word_1_48' title='bbox 1117 885 1481 958; x_wconf 82' lang='grc' dir='ltr'>περιφάνεια,</span> <span class='ocrx_word' id='word_1_49' title='bbox 1534 885 1610 947; x_wconf 88' lang='grc' dir='ltr'>ὼς</span> <span class='ocrx_word' id='word_1_50' title='bbox 1651 884 1858 955; x_wconf 82' lang='grc' dir='ltr'>μηδένα</span> <span class='ocrx_word' id='word_1_51' title='bbox 1911 885 2097 955; x_wconf 83' lang='grc' dir='ltr'>σχεδὸν</span> 
     </span>
    </p>
   </div>
   <div class='ocr_carea' id='block_1_8' title="bbox 513 966 2101 1041">
    <p class='ocr_par' dir='ltr' id='par_1_8' title="bbox 513 966 2101 1041">
     <span class='ocr_line' id='line_1_8' title="bbox 513 966 2101 1041; baseline -0.003 -17"><span class='ocrx_word' id='word_1_52' title='bbox 513 970 782 1041; x_wconf 78' lang='grc' dir='ltr'>ἀγνοῆσαι</span> <span class='ocrx_word' id='word_1_53' title='bbox 811 968 989 1035; x_wconf 91' lang='grc' dir='ltr'>τοῦτο,</span> <span class='ocrx_word' id='word_1_54' title='bbox 1030 968 1165 1022; x_wconf 90' lang='grc' dir='ltr'>ἀλλά</span> <span class='ocrx_word' id='word_1_55' title='bbox 1194 968 1288 1022; x_wconf 72' lang='grc' dir='ltr'>καὶ</span> <span class='ocrx_word' id='word_1_56' title='bbox 1330 966 1580 1037; x_wconf 80' lang='grc' dir='ltr'>ποιητὰς,</span> <span class='ocrx_word' id='word_1_57' title='bbox 1605 968 1700 1020; x_wconf 78' lang='grc' dir='ltr'>καὶ</span> <span class='ocrx_word' id='word_1_58' title='bbox 1731 967 1941 1030; x_wconf 78' lang='grc' dir='ltr'>πάντας</span> <span class='ocrx_word' id='word_1_59' title='bbox 1966 984 2101 1039; x_wconf 85' lang='grc' dir='ltr'>συμ-</span> 
     </span>
    </p>
   </div>
   <div class='ocr_carea' id='block_1_9' title="bbox 515 1050 2100 1126">
    <p class='ocr_par' dir='ltr' id='par_1_9' title="bbox 515 1050 2100 1126">
     <span class='ocr_line' id='line_1_9' title="bbox 515 1050 2100 1126; baseline -0.004 -17"><span class='ocrx_word' id='word_1_60' title='bbox 515 1055 762 1126; x_wconf 81' lang='grc' dir='ltr'>φωνῆσαι</span> <span class='ocrx_word' id='word_1_61' title='bbox 786 1056 999 1117; x_wconf 78' lang='grc' dir='ltr'>ἑαυτοῖς</span> <span class='ocrx_word' id='word_1_62' title='bbox 1030 1054 1124 1108; x_wconf 70' lang='grc' dir='ltr'>καὶ</span> <span class='ocrx_word' id='word_1_63' title='bbox 1148 1054 1276 1124; x_wconf 73' lang='grc' dir='ltr'>περὶ</span> <span class='ocrx_word' id='word_1_64' title='bbox 1304 1050 1657 1121; x_wconf 75' lang='grc' dir='ltr'>δικαστηρίου</span> <span class='ocrx_word' id='word_1_65' title='bbox 1687 1050 1783 1103; x_wconf 71' lang='grc' dir='ltr'>καὶ</span> <span class='ocrx_word' id='word_1_66' title='bbox 1814 1050 1944 1119; x_wconf 76' lang='grc' dir='ltr'>περὶ</span> <span class='ocrx_word' id='word_1_67' title='bbox 1978 1050 2100 1121; x_wconf 86' lang='grc' dir='ltr'>κρί-</span> 
     </span>
    </p>
   </div>
   <div class='ocr_carea' id='block_1_10' title="bbox 514 1131 2101 1201">
    <p class='ocr_par' dir='ltr' id='par_1_10' title="bbox 514 1131 2101 1201">
     <span class='ocr_line' id='line_1_10' title="bbox 514 1131 2101 1201; baseline -0.003 -12"><span class='ocrx_word' id='word_1_68' title='bbox 514 1155 676 1201; x_wconf 88' lang='grc' dir='ltr'>σεως.</span> <span class='ocrx_word' id='word_1_69' title='bbox 708 1138 874 1190; x_wconf 81' lang='grc' dir='ltr'>Ὠστε</span> <span class='ocrx_word' id='word_1_70' title='bbox 904 1138 1158 1199; x_wconf 87' lang='grc' dir='ltr'>κάκεῖνος</span> <span class='ocrx_word' id='word_1_71' title='bbox 1186 1138 1296 1198; x_wconf 90' lang='grc' dir='ltr'>τοῖς</span> <span class='ocrx_word' id='word_1_72' title='bbox 1319 1132 1540 1196; x_wconf 78' lang='grc' dir='ltr'>οἰκείοις</span> <span class='ocrx_word' id='word_1_73' title='bbox 1567 1134 1667 1185; x_wconf 85' lang='grc' dir='ltr'>ούκ</span> <span class='ocrx_word' id='word_1_74' title='bbox 1699 1135 1937 1195; x_wconf 85' lang='grc' dir='ltr'>ἀπιστεῖ,</span> <span class='ocrx_word' id='word_1_75' title='bbox 1972 1131 2101 1186; x_wconf 76' lang='grc' dir='ltr'>οὔτε</span> 
     </span>
    </p>
   </div>
   <div class='ocr_carea' id='block_1_11' title="bbox 526 1215 2101 1290">
    <p class='ocr_par' dir='ltr' id='par_1_11' title="bbox 526 1215 2101 1290">
     <span class='ocr_line' id='line_1_11' title="bbox 526 1215 2101 1290; baseline -0.004 -16"><span class='ocrx_word' id='word_1_76' title='bbox 526 1222 782 1284; x_wconf 88' lang='grc' dir='ltr'>Ἰουδαῖος</span> <span class='ocrx_word' id='word_1_77' title='bbox 830 1218 1169 1290; x_wconf 85' lang='grc' dir='ltr'>ἀμφισϐητεῖ</span> <span class='ocrx_word' id='word_1_78' title='bbox 1217 1216 1594 1289; x_wconf 74' lang='grc' dir='ltr'>περὶτούτων,</span> <span class='ocrx_word' id='word_1_79' title='bbox 1646 1216 1770 1268; x_wconf 71' lang='grc' dir='ltr'>οὔτε</span> <span class='ocrx_word' id='word_1_80' title='bbox 1796 1233 1881 1279; x_wconf 88' lang='grc' dir='ltr'>τις</span> <span class='ocrx_word' id='word_1_81' title='bbox 1910 1215 2101 1279; x_wconf 86' lang='grc' dir='ltr'>ἀπλῶς</span> 
     </span>
    </p>
   </div>
   <div class='ocr_carea' id='block_1_12' title="bbox 514 1297 2100 1373">
    <p class='ocr_par' dir='ltr' id='par_1_12' title="bbox 514 1297 2100 1373">
     <span class='ocr_line' id='line_1_12' title="bbox 514 1297 2100 1373; baseline -0.003 -16"><span class='ocrx_word' id='word_1_82' title='bbox 514 1303 821 1373; x_wconf 83' lang='grc' dir='ltr'>ἄνθρωπος.</span> <span class='ocrx_word' id='word_1_83' title='bbox 843 1301 910 1354; x_wconf 89' lang='grc' dir='ltr'>Τί</span> <span class='ocrx_word' id='word_1_84' title='bbox 939 1303 1117 1355; x_wconf 88' lang='grc' dir='ltr'>τοίνυν</span> <span class='ocrx_word' id='word_1_85' title='bbox 1136 1300 1435 1369; x_wconf 78' lang='grc' dir='ltr'>ἀπαιτῶμεν</span> <span class='ocrx_word' id='word_1_86' title='bbox 1457 1298 1717 1363; x_wconf 80' lang='grc' dir='ltr'>ἐαυτούς;</span> <span class='ocrx_word' id='word_1_87' title='bbox 1765 1298 1898 1350; x_wconf 78' lang='grc' dir='ltr'>Ἰδοὺ</span> <span class='ocrx_word' id='word_1_88' title='bbox 1925 1297 2100 1352; x_wconf 89' lang='grc' dir='ltr'>ταῦτα</span> 
     </span>
    </p>
   </div>
   <div class='ocr_carea' id='block_1_13' title="bbox 513 1381 2100 1457">
    <p class='ocr_par' dir='ltr' id='par_1_13' title="bbox 513 1381 2100 1457">
     <span class='ocr_line' id='line_1_13' title="bbox 513 1381 2100 1457; baseline -0.002 -19"><span class='ocrx_word' id='word_1_89' title='bbox 513 1386 695 1455; x_wconf 86' lang='grc' dir='ltr'>λέγεις</span> <span class='ocrx_word' id='word_1_90' title='bbox 734 1385 868 1457; x_wconf 77' lang='grc' dir='ltr'>πρὸς</span> <span class='ocrx_word' id='word_1_91' title='bbox 918 1384 1020 1454; x_wconf 85' lang='grc' dir='ltr'>ἐμέ</span> <span class='ocrx_word' id='word_1_92' title='bbox 1045 1401 1058 1414; x_wconf 93' lang='grc'><strong>·</strong></span> <span class='ocrx_word' id='word_1_93' title='bbox 1089 1383 1144 1437; x_wconf 86' lang='grc' dir='ltr'>τί</span> <span class='ocrx_word' id='word_1_94' title='bbox 1177 1384 1311 1453; x_wconf 83' lang='grc' dir='ltr'>πρὸς</span> <span class='ocrx_word' id='word_1_95' title='bbox 1346 1383 1437 1434; x_wconf 78' lang='grc' dir='ltr'>τὸν</span> <span class='ocrx_word' id='word_1_96' title='bbox 1465 1381 1597 1434; x_wconf 86' lang='grc' dir='ltr'>Θεὸν</span> <span class='ocrx_word' id='word_1_97' title='bbox 1641 1382 1787 1451; x_wconf 80' lang='grc' dir='ltr'>ἐρεῖς</span> <span class='ocrx_word' id='word_1_98' title='bbox 1818 1381 1911 1433; x_wconf 89' lang='grc' dir='ltr'>τὸν</span> <span class='ocrx_word' id='word_1_99' title='bbox 1956 1381 2100 1436; x_wconf 89' lang='grc' dir='ltr'>πλά-</span> 
     </span>
    </p>
   </div>
   <div class='ocr_carea' id='block_1_14' title="bbox 516 1462 2103 1539">
    <p class='ocr_par' dir='ltr' id='par_1_14' title="bbox 516 1462 2103 1539">
     <span class='ocr_line' id='line_1_14' title="bbox 516 1462 2103 1539; baseline -0.003 -17"><span class='ocrx_word' id='word_1_100' title='bbox 516 1487 685 1523; x_wconf 89' lang='grc' dir='ltr'>σαντα</span> <span class='ocrx_word' id='word_1_101' title='bbox 717 1469 1029 1539; x_wconf 83' lang='grc' dir='ltr'>καταμόνας</span> <span class='ocrx_word' id='word_1_102' title='bbox 1069 1466 1168 1529; x_wconf 72' lang='grc' dir='ltr'>τὰς</span> <span class='ocrx_word' id='word_1_103' title='bbox 1215 1464 1445 1536; x_wconf 83' lang='grc' dir='ltr'>καρδίας</span> <span class='ocrx_word' id='word_1_104' title='bbox 1490 1462 1679 1534; x_wconf 82' lang='grc' dir='ltr'>ήμῶν;</span> <span class='ocrx_word' id='word_1_105' title='bbox 1712 1462 1803 1516; x_wconf 79' lang='grc' dir='ltr'>τὸν</span> <span class='ocrx_word' id='word_1_106' title='bbox 1832 1462 2010 1516; x_wconf 84' lang='grc' dir='ltr'>είδότα</span> <span class='ocrx_word' id='word_1_107' title='bbox 2034 1464 2103 1518; x_wconf 76' lang='grc' dir='ltr'>τά</span> 
     </span>
    </p>
   </div>
   <div class='ocr_carea' id='block_1_15' title="bbox 515 1543 2103 1624">
    <p class='ocr_par' dir='ltr' id='par_1_15' title="bbox 515 1543 2103 1624">
     <span class='ocr_line' id='line_1_15' title="bbox 515 1543 2103 1624; baseline -0.004 -17"><span class='ocrx_word' id='word_1_108' title='bbox 515 1556 574 1607; x_wconf 86' lang='grc' dir='ltr'>ἐν</span> <span class='ocrx_word' id='word_1_109' title='bbox 601 1556 667 1624; x_wconf 78' lang='grc' dir='ltr'>τῇ</span> <span class='ocrx_word' id='word_1_110' title='bbox 698 1552 906 1622; x_wconf 75' lang='grc' dir='ltr'>διανοίᾳ</span> <span class='ocrx_word' id='word_1_111' title='bbox 945 1550 1120 1603; x_wconf 89' lang='grc' dir='ltr'>πάντα</span> <span class='ocrx_word' id='word_1_112' title='bbox 1144 1566 1159 1615; x_wconf 87' lang='lat'><strong>;</strong></span> <span class='ocrx_word' id='word_1_113' title='bbox 1190 1548 1280 1600; x_wconf 87' lang='grc' dir='ltr'>τὸν</span> <span class='ocrx_word' id='word_1_114' title='bbox 1310 1546 1490 1611; x_wconf 81' lang='grc' dir='ltr'>ζῶντα</span> <span class='ocrx_word' id='word_1_115' title='bbox 1521 1546 1620 1599; x_wconf 76' lang='grc' dir='ltr'>καὶ</span> <span class='ocrx_word' id='word_1_116' title='bbox 1648 1543 1979 1615; x_wconf 74' lang='grc' dir='ltr'>ἐνεργοῦντα</span> <span class='ocrx_word' id='word_1_117' title='bbox 2007 1546 2103 1600; x_wconf 65' lang='grc' dir='ltr'>καὶ</span> 
     </span>
    </p>
   </div>
   <div class='ocr_carea' id='block_1_16' title="bbox 514 1629 2103 1706">
    <p class='ocr_par' dir='ltr' id='par_1_16' title="bbox 514 1629 2103 1706">
     <span class='ocr_line' id='line_1_16' title="bbox 514 1629 2103 1706; baseline -0.004 -16"><span class='ocrx_word' id='word_1_118' title='bbox 514 1636 829 1706; x_wconf 88' lang='grc' dir='ltr'>τομώτατον</span> <span class='ocrx_word' id='word_1_119' title='bbox 881 1634 1022 1705; x_wconf 83' lang='grc' dir='ltr'>ὑπὲρ</span> <span class='ocrx_word' id='word_1_120' title='bbox 1072 1633 1256 1686; x_wconf 78' lang='grc' dir='ltr'>πᾶσαν</span> <span class='ocrx_word' id='word_1_121' title='bbox 1303 1630 1580 1702; x_wconf 88' lang='grc' dir='ltr'>μάχαιραν</span> <span class='ocrx_word' id='word_1_122' title='bbox 1622 1629 1917 1701; x_wconf 86' lang='grc' dir='ltr'>δίστομον;</span> <span class='ocrx_word' id='word_1_123' title='bbox 1967 1630 2103 1684; x_wconf 72' lang='grc' dir='ltr'><strong>Εἰπὲ</strong></span> 
     </span>
    </p>
   </div>
   <div class='ocr_carea' id='block_1_17' title="bbox 513 1710 2098 1791">
    <p class='ocr_par' dir='ltr' id='par_1_17' title="bbox 513 1710 2098 1791">
     <span class='ocr_line' id='line_1_17' title="bbox 513 1710 2098 1791; baseline -0.004 -18"><span class='ocrx_word' id='word_1_124' title='bbox 513 1721 623 1791; x_wconf 79' lang='grc' dir='ltr'>γάρ</span> <span class='ocrx_word' id='word_1_125' title='bbox 651 1736 742 1789; x_wconf 92' lang='grc' dir='ltr'>μοι</span> <span class='ocrx_word' id='word_1_126' title='bbox 769 1718 906 1788; x_wconf 87' lang='grc' dir='ltr'>μετά</span> <span class='ocrx_word' id='word_1_127' title='bbox 931 1715 1190 1787; x_wconf 75' lang='grc' dir='ltr'>ἀληθείας</span> <span class='ocrx_word' id='word_1_128' title='bbox 1215 1732 1229 1746; x_wconf 89' lang='grc'><strong>·</strong></span> <span class='ocrx_word' id='word_1_129' title='bbox 1262 1715 1326 1767; x_wconf 81' lang='grc' dir='ltr'>σὺ</span> <span class='ocrx_word' id='word_1_130' title='bbox 1353 1715 1414 1766; x_wconf 82' lang='grc' dir='ltr'>ού</span> <span class='ocrx_word' id='word_1_131' title='bbox 1438 1710 1874 1781; x_wconf 86' lang='grc' dir='ltr'>καταγινώσκεις</span> <span class='ocrx_word' id='word_1_132' title='bbox 1898 1712 2098 1767; x_wconf 80' lang='grc' dir='ltr'>σαυτοῦ</span> 
     </span>
    </p>
   </div>
   <div class='ocr_carea' id='block_1_18' title="bbox 514 1796 2100 1874">
    <p class='ocr_par' dir='ltr' id='par_1_18' title="bbox 514 1796 2100 1874">
     <span class='ocr_line' id='line_1_18' title="bbox 514 1796 2100 1874; baseline -0.004 -17"><span class='ocrx_word' id='word_1_133' title='bbox 514 1804 950 1874; x_wconf 85' lang='grc' dir='ltr'>ἀμαρτάνοντος;</span> <span class='ocrx_word' id='word_1_134' title='bbox 986 1801 1099 1853; x_wconf 79' lang='grc' dir='ltr'>ἔστι</span> <span class='ocrx_word' id='word_1_135' title='bbox 1134 1799 1191 1851; x_wconf 90' lang='grc' dir='ltr'>δέ</span> <span class='ocrx_word' id='word_1_136' title='bbox 1214 1816 1298 1863; x_wconf 70' lang='grc' dir='ltr'>τις</span> <span class='ocrx_word' id='word_1_137' title='bbox 1319 1796 1428 1851; x_wconf 85' lang='grc' dir='ltr'>τῶν</span> <span class='ocrx_word' id='word_1_138' title='bbox 1458 1800 1515 1850; x_wconf 89' lang='grc' dir='ltr'>ἐν</span> <span class='ocrx_word' id='word_1_139' title='bbox 1535 1796 1865 1868; x_wconf 88' lang='grc' dir='ltr'>ἀνθρώποις,</span> <span class='ocrx_word' id='word_1_140' title='bbox 1894 1797 1953 1861; x_wconf 82' lang='grc' dir='ltr'>ὃς</span> <span class='ocrx_word' id='word_1_141' title='bbox 1974 1800 2100 1851; x_wconf 88' lang='grc' dir='ltr'>ἐαυ-</span> 
     </span>
    </p>
   </div>
   <div class='ocr_carea' id='block_1_19' title="bbox 512 1880 2099 1957">
    <p class='ocr_par' dir='ltr' id='par_1_19' title="bbox 512 1880 2099 1957">
     <span class='ocr_line' id='line_1_19' title="bbox 512 1880 2099 1957; baseline -0.004 -17"><span class='ocrx_word' id='word_1_142' title='bbox 512 1886 593 1957; x_wconf 83' lang='grc' dir='ltr'>τῷ</span> <span class='ocrx_word' id='word_1_143' title='bbox 613 1888 674 1939; x_wconf 83' lang='grc' dir='ltr'>ού</span> <span class='ocrx_word' id='word_1_144' title='bbox 716 1885 991 1956; x_wconf 86' lang='grc' dir='ltr'>μέμφεται</span> <span class='ocrx_word' id='word_1_145' title='bbox 1037 1881 1403 1954; x_wconf 80' lang='grc' dir='ltr'>ρᾳθυμοῦντι;</span> <span class='ocrx_word' id='word_1_146' title='bbox 1443 1880 1551 1933; x_wconf 74' lang='grc' dir='ltr'>Καὶ</span> <span class='ocrx_word' id='word_1_147' title='bbox 1596 1881 1716 1942; x_wconf 83' lang='grc' dir='ltr'>πῶς</span> <span class='ocrx_word' id='word_1_148' title='bbox 1749 1881 1814 1934; x_wconf 86' lang='grc' dir='ltr'>ἂν</span> <span class='ocrx_word' id='word_1_149' title='bbox 1833 1881 1943 1933; x_wconf 86' lang='grc' dir='ltr'>ἀπὸ</span> <span class='ocrx_word' id='word_1_150' title='bbox 1971 1882 2099 1934; x_wconf 81' lang='grc' dir='ltr'>ταύ-</span> 
     </span>
    </p>
   </div>
   <div class='ocr_carea' id='block_1_20' title="bbox 513 1964 2100 2041">
    <p class='ocr_par' dir='ltr' id='par_1_20' title="bbox 513 1964 2100 2041">
     <span class='ocr_line' id='line_1_20' title="bbox 513 1964 2100 2041; baseline -0.003 -18"><span class='ocrx_word' id='word_1_151' title='bbox 513 1970 751 2041; x_wconf 89' lang='grc' dir='ltr'>τομάτου</span> <span class='ocrx_word' id='word_1_152' title='bbox 800 1970 1037 2036; x_wconf 80' lang='grc' dir='ltr'>τοσαύτη</span> <span class='ocrx_word' id='word_1_153' title='bbox 1087 1966 1250 2034; x_wconf 84' lang='grc' dir='ltr'>σοφία</span> <span class='ocrx_word' id='word_1_154' title='bbox 1298 1967 1559 2035; x_wconf 85' lang='grc' dir='ltr'>γέγονεν,</span> <span class='ocrx_word' id='word_1_155' title='bbox 1597 1964 1739 2017; x_wconf 87' lang='grc' dir='ltr'>ὥστε</span> <span class='ocrx_word' id='word_1_156' title='bbox 1790 1964 1955 2018; x_wconf 77' lang='grc' dir='ltr'>αὐτὸν</span> <span class='ocrx_word' id='word_1_157' title='bbox 2006 1967 2100 2019; x_wconf 91' lang='grc' dir='ltr'>τὸν</span> 
     </span>
    </p>
   </div>
   <div class='ocr_carea' id='block_1_21' title="bbox 517 2048 2093 2125">
    <p class='ocr_par' dir='ltr' id='par_1_21' title="bbox 517 2048 2093 2125">
     <span class='ocr_line' id='line_1_21' title="bbox 517 2048 2093 2125; baseline -0.003 -18"><span class='ocrx_word' id='word_1_158' title='bbox 517 2053 898 2125; x_wconf 66' lang='grc' dir='ltr'>ἀμαριεάνοντα</span> <span class='ocrx_word' id='word_1_159' title='bbox 929 2050 1360 2118; x_wconf 82' lang='grc' dir='ltr'>καταγινώσκειν</span> <span class='ocrx_word' id='word_1_160' title='bbox 1388 2048 1584 2101; x_wconf 88' lang='grc' dir='ltr'>ἐαυτοῦ</span> <span class='ocrx_word' id='word_1_161' title='bbox 1612 2065 1625 2113; x_wconf 90' lang='grc'>;</span> <span class='ocrx_word' id='word_1_162' title='bbox 1662 2048 1821 2101; x_wconf 90' lang='grc' dir='ltr'>τοῦτο</span> <span class='ocrx_word' id='word_1_163' title='bbox 1850 2049 1959 2121; x_wconf 69' lang='grc' dir='ltr'>γὰρ</span> <span class='ocrx_word' id='word_1_164' title='bbox 1995 2066 2093 2119; x_wconf 84' lang='grc' dir='ltr'>με-</span> 
     </span>
    </p>
   </div>
   <div class='ocr_carea' id='block_1_22' title="bbox 515 2129 2090 2207">
    <p class='ocr_par' dir='ltr' id='par_1_22' title="bbox 515 2129 2090 2207">
     <span class='ocr_line' id='line_1_22' title="bbox 515 2129 2090 2207; baseline -0.004 -17"><span class='ocrx_word' id='word_1_165' title='bbox 515 2136 687 2206; x_wconf 88' lang='grc' dir='ltr'>γάλης</span> <span class='ocrx_word' id='word_1_166' title='bbox 710 2133 860 2207; x_wconf 63' lang='grc'>[542]</span> <span class='ocrx_word' id='word_1_167' title='bbox 880 2133 1071 2202; x_wconf 80' lang='grc' dir='ltr'>σοφίας</span> <span class='ocrx_word' id='word_1_168' title='bbox 1089 2131 1224 2185; x_wconf 88' lang='grc' dir='ltr'>ἐστί.</span> <span class='ocrx_word' id='word_1_169' title='bbox 1248 2132 1319 2184; x_wconf 74' lang='grc' dir='ltr'><strong>Σὺ</strong></span> <span class='ocrx_word' id='word_1_170' title='bbox 1342 2129 1542 2183; x_wconf 86' lang='grc' dir='ltr'>σαυτοῦ</span> <span class='ocrx_word' id='word_1_171' title='bbox 1566 2130 2003 2197; x_wconf 86' lang='grc' dir='ltr'>καταγινώσκεις</span> <span class='ocrx_word' id='word_1_172' title='bbox 2025 2148 2037 2160; x_wconf 87' lang='grc'><strong>·</strong></span> <span class='ocrx_word' id='word_1_173' title='bbox 2061 2133 2090 2184; x_wconf 98' lang='lat'>6</span> 
     </span>
    </p>
   </div>
   <div class='ocr_carea' id='block_1_23' title="bbox 515 2214 2097 2289">
    <p class='ocr_par' dir='ltr' id='par_1_23' title="bbox 515 2214 2097 2289">
     <span class='ocr_line' id='line_1_23' title="bbox 515 2214 2097 2289; baseline -0.003 -16"><span class='ocrx_word' id='word_1_174' title='bbox 515 2219 683 2289; x_wconf 77' lang='grc' dir='ltr'>δὲτὴν</span> <span class='ocrx_word' id='word_1_175' title='bbox 698 2216 951 2286; x_wconf 84' lang='grc' dir='ltr'>τοιαύτην</span> <span class='ocrx_word' id='word_1_176' title='bbox 965 2233 1045 2270; x_wconf 93' lang='grc' dir='ltr'>σοι</span> <span class='ocrx_word' id='word_1_177' title='bbox 1060 2216 1233 2278; x_wconf 82' lang='grc' dir='ltr'>διδοὺς</span> <span class='ocrx_word' id='word_1_178' title='bbox 1248 2214 1485 2267; x_wconf 85' lang='grc' dir='ltr'>διάνοιαν</span> <span class='ocrx_word' id='word_1_179' title='bbox 1504 2214 1678 2268; x_wconf 89' lang='grc' dir='ltr'>πάντα</span> <span class='ocrx_word' id='word_1_180' title='bbox 1692 2214 1878 2279; x_wconf 82' lang='grc' dir='ltr'>ἁπλῶς</span> <span class='ocrx_word' id='word_1_181' title='bbox 1897 2216 2097 2285; x_wconf 80' lang='grc' dir='ltr'>ἀφήσει</span> 
     </span>
    </p>
   </div>
   <div class='ocr_carea' id='block_1_24' title="bbox 518 2290 2101 2372">
    <p class='ocr_par' dir='ltr' id='par_1_24' title="bbox 518 2290 2101 2372">
     <span class='ocr_line' id='line_1_24' title="bbox 518 2290 2101 2372; baseline -0.002 -18"><span class='ocrx_word' id='word_1_182' title='bbox 518 2300 818 2372; x_wconf 73' lang='grc' dir='ltr'>φέρεσθαις</span> <span class='ocrx_word' id='word_1_183' title='bbox 886 2300 1080 2352; x_wconf 83' lang='grc' dir='ltr'>Κανὼν</span> <span class='ocrx_word' id='word_1_184' title='bbox 1125 2295 1217 2352; x_wconf 87' lang='grc' dir='ltr'>οῦν</span> <span class='ocrx_word' id='word_1_185' title='bbox 1251 2290 1404 2360; x_wconf 74' lang='grc' dir='ltr'>οὗτος</span> <span class='ocrx_word' id='word_1_186' title='bbox 1454 2297 1607 2350; x_wconf 77' lang='grc' dir='ltr'>ἐσται</span> <span class='ocrx_word' id='word_1_187' title='bbox 1645 2297 1952 2365; x_wconf 85' lang='grc' dir='ltr'>καθολικὸς,</span> <span class='ocrx_word' id='word_1_188' title='bbox 2005 2300 2101 2351; x_wconf 80' lang='grc' dir='ltr'>καὶ</span> 
     </span>
    </p>
   </div>
   <div class='ocr_carea' id='block_1_25' title="bbox 517 2380 2100 2455">
    <p class='ocr_par' dir='ltr' id='par_1_25' title="bbox 517 2380 2100 2455">
     <span class='ocr_line' id='line_1_25' title="bbox 517 2380 2100 2455; baseline -0.003 -18"><span class='ocrx_word' id='word_1_189' title='bbox 517 2387 644 2455; x_wconf 79' lang='grc' dir='ltr'>ὄρος</span> <span class='ocrx_word' id='word_1_190' title='bbox 668 2401 682 2414; x_wconf 82' lang='grc'><em>’</em></span> <span class='ocrx_word' id='word_1_191' title='bbox 717 2384 890 2446; x_wconf 73' lang='grc' dir='ltr'>οὐδεὶς</span> <span class='ocrx_word' id='word_1_192' title='bbox 928 2384 1037 2435; x_wconf 82' lang='grc' dir='ltr'>τῶν</span> <span class='ocrx_word' id='word_1_193' title='bbox 1069 2384 1125 2436; x_wconf 83' lang='grc' dir='ltr'>ἐν</span> <span class='ocrx_word' id='word_1_194' title='bbox 1150 2382 1318 2452; x_wconf 80' lang='grc' dir='ltr'>ἀρετῇ</span> <span class='ocrx_word' id='word_1_195' title='bbox 1345 2380 1563 2445; x_wconf 85' lang='grc' dir='ltr'>ζώντων</span> <span class='ocrx_word' id='word_1_196' title='bbox 1593 2384 1867 2435; x_wconf 79' lang='grc' dir='ltr'>διαπιστεῖ</span> <span class='ocrx_word' id='word_1_197' title='bbox 1894 2380 1972 2451; x_wconf 82' lang='grc' dir='ltr'>τῷ</span> <span class='ocrx_word' id='word_1_198' title='bbox 2000 2382 2100 2451; x_wconf 80' lang='grc' dir='ltr'>τῆς</span> 
     </span>
    </p>
   </div>
   <div class='ocr_carea' id='block_1_26' title="bbox 517 2461 2099 2537">
    <p class='ocr_par' dir='ltr' id='par_1_26' title="bbox 517 2461 2099 2537">
     <span class='ocr_line' id='line_1_26' title="bbox 517 2461 2099 2537; baseline -0.002 -18"><span class='ocrx_word' id='word_1_199' title='bbox 517 2466 755 2536; x_wconf 71' lang='grc' dir='ltr'>κρίσεως</span> <span class='ocrx_word' id='word_1_200' title='bbox 782 2466 948 2537; x_wconf 83' lang='grc' dir='ltr'>λόγῳ,</span> <span class='ocrx_word' id='word_1_201' title='bbox 981 2465 1083 2520; x_wconf 69' lang='grc' dir='ltr'>κᾶν</span> <span class='ocrx_word' id='word_1_202' title='bbox 1112 2465 1311 2534; x_wconf 84' lang='grc' dir='ltr'>Ἕλλην</span> <span class='ocrx_word' id='word_1_203' title='bbox 1395 2506 1409 2530; x_wconf 93' lang='grc'>,</span> <span class='ocrx_word' id='word_1_204' title='bbox 1443 2464 1549 2517; x_wconf 72' lang='grc' dir='ltr'>κᾶν</span> <span class='ocrx_word' id='word_1_205' title='bbox 1582 2464 1856 2534; x_wconf 82' lang='grc' dir='ltr'>αίρετικὸς</span> <span class='ocrx_word' id='word_1_206' title='bbox 1885 2481 1899 2496; x_wconf 89' lang='grc'><strong>·</strong></span> <span class='ocrx_word' id='word_1_207' title='bbox 1925 2464 2099 2529; x_wconf 75' lang='grc' dir='ltr'>οὐδεὶς</span> 
     </span>
    </p>
   </div>
   <div class='ocr_carea' id='block_1_27' title="bbox 516 2546 2092 2620">
    <p class='ocr_par' dir='ltr' id='par_1_27' title="bbox 516 2546 2092 2620">
     <span class='ocr_line' id='line_1_27' title="bbox 516 2546 2092 2620; baseline -0.001 -17"><span class='ocrx_word' id='word_1_208' title='bbox 516 2550 628 2604; x_wconf 83' lang='grc' dir='ltr'>τῶν</span> <span class='ocrx_word' id='word_1_209' title='bbox 652 2551 710 2602; x_wconf 88' lang='grc' dir='ltr'>ἐν</span> <span class='ocrx_word' id='word_1_210' title='bbox 736 2548 903 2620; x_wconf 75' lang='grc' dir='ltr'>κακίᾳ</span> <span class='ocrx_word' id='word_1_211' title='bbox 928 2547 1415 2618; x_wconf 78' lang='grc' dir='ltr'>ἀναστρεφομένων</span> <span class='ocrx_word' id='word_1_212' title='bbox 1447 2546 1647 2617; x_wconf 82' lang='grc' dir='ltr'>πολλῇ,</span> <span class='ocrx_word' id='word_1_213' title='bbox 1690 2547 1832 2619; x_wconf 81' lang='grc' dir='ltr'>πλὴν</span> <span class='ocrx_word' id='word_1_214' title='bbox 1866 2547 2092 2617; x_wconf 80' lang='grc' dir='ltr'>ὀλίγων,</span> 
     </span>
    </p>
   </div>
   <div class='ocr_carea' id='block_1_28' title="bbox 517 2630 2095 2703">
    <p class='ocr_par' dir='ltr' id='par_1_28' title="bbox 517 2630 2095 2703">
     <span class='ocr_line' id='line_1_28' title="bbox 517 2630 2095 2703; baseline -0.001 -17"><span class='ocrx_word' id='word_1_215' title='bbox 517 2632 884 2703; x_wconf 71' lang='grc' dir='ltr'>παραδέχεται</span> <span class='ocrx_word' id='word_1_216' title='bbox 915 2632 1006 2685; x_wconf 88' lang='grc' dir='ltr'>τὸν</span> <span class='ocrx_word' id='word_1_217' title='bbox 1048 2632 1147 2701; x_wconf 84' lang='grc' dir='ltr'>τῆς</span> <span class='ocrx_word' id='word_1_218' title='bbox 1187 2630 1537 2693; x_wconf 76' lang='grc' dir='ltr'>ἀναστάσεως</span> <span class='ocrx_word' id='word_1_219' title='bbox 1570 2630 1749 2699; x_wconf 88' lang='grc' dir='ltr'>λόγον.</span> <span class='ocrx_word' id='word_1_220' title='bbox 1797 2632 1902 2684; x_wconf 67' lang='grc' dir='ltr'>Καὶ</span> <span class='ocrx_word' id='word_1_221' title='bbox 1935 2633 2095 2685; x_wconf 86' lang='grc' dir='ltr'>τοῦτό</span> 
     </span>
    </p>
   </div>
   <div class='ocr_carea' id='block_1_29' title="bbox 518 2713 2097 2786">
    <p class='ocr_par' dir='ltr' id='par_1_29' title="bbox 518 2713 2097 2786">
     <span class='ocr_line' id='line_1_29' title="bbox 518 2713 2097 2786; baseline 0.001 -18"><span class='ocrx_word' id='word_1_222' title='bbox 518 2733 682 2785; x_wconf 86' lang='grc' dir='ltr'>φησιν</span> <span class='ocrx_word' id='word_1_223' title='bbox 698 2716 726 2767; x_wconf 90' lang='lat'>6</span> <span class='ocrx_word' id='word_1_224' title='bbox 745 2715 1049 2786; x_wconf 79' lang='grc' dir='ltr'>Ψαλμῳδός</span> <span class='ocrx_word' id='word_1_225' title='bbox 1065 2731 1077 2744; x_wconf 82' lang='grc'><em>’</em></span> <span class='ocrx_word' id='word_1_226' title='bbox 1116 2713 1567 2783; x_wconf 79' lang='grc' dir='ltr'>Ἀνταναιρεῖται</span> <span class='ocrx_word' id='word_1_227' title='bbox 1596 2715 1669 2768; x_wconf 86' lang='grc' dir='ltr'>τὰ</span> <span class='ocrx_word' id='word_1_228' title='bbox 1695 2715 1951 2783; x_wconf 80' lang='grc' dir='ltr'>κρίματά</span> <span class='ocrx_word' id='word_1_229' title='bbox 1977 2729 2097 2770; x_wconf 85' lang='grc' dir='ltr'>σου</span> 
     </span>
    </p>
   </div>
   <div class='ocr_carea' id='block_1_30' title="bbox 515 2796 2098 2868">
    <p class='ocr_par' dir='ltr' id='par_1_30' title="bbox 515 2796 2098 2868">
     <span class='ocr_line' id='line_1_30' title="bbox 515 2796 2098 2868; baseline -0.001 -15"><span class='ocrx_word' id='word_1_230' title='bbox 515 2798 635 2853; x_wconf 75' lang='grc' dir='ltr'>ά.τό</span> <span class='ocrx_word' id='word_1_231' title='bbox 659 2798 984 2868; x_wconf 75' lang='grc' dir='ltr'>προσώπου</span> <span class='ocrx_word' id='word_1_232' title='bbox 1016 2796 1225 2851; x_wconf 85' lang='grc' dir='ltr'>αὐτοῦ.</span> <span class='ocrx_word' id='word_1_233' title='bbox 1257 2799 1355 2850; x_wconf 83' lang='grc' dir='ltr'>Διά</span> <span class='ocrx_word' id='word_1_234' title='bbox 1378 2797 1466 2865; x_wconf 88' lang='grc' dir='ltr'>τί;</span> <span class='ocrx_word' id='word_1_235' title='bbox 1501 2797 1624 2851; x_wconf 87' lang='grc' dir='ltr'>Ὅτι</span> <span class='ocrx_word' id='word_1_236' title='bbox 1655 2797 2013 2868; x_wconf 82' lang='grc' dir='ltr'>βεϐηλοῦνται</span> <span class='ocrx_word' id='word_1_237' title='bbox 2040 2800 2098 2852; x_wconf 83' lang='grc' dir='ltr'>αί</span> 
     </span>
    </p>
   </div>
   <div class='ocr_carea' id='block_1_31' title="bbox 517 2879 2097 2954">
    <p class='ocr_par' dir='ltr' id='par_1_31' title="bbox 517 2879 2097 2954">
     <span class='ocr_line' id='line_1_31' title="bbox 517 2879 2097 2954; baseline 0.001 -20"><span class='ocrx_word' id='word_1_238' title='bbox 517 2882 628 2934; x_wconf 70' lang='grc' dir='ltr'>ὁδοὶ</span> <span class='ocrx_word' id='word_1_239' title='bbox 654 2882 818 2935; x_wconf 76' lang='grc' dir='ltr'>αὐτοῦ</span> <span class='ocrx_word' id='word_1_240' title='bbox 858 2884 916 2935; x_wconf 86' lang='grc' dir='ltr'>ἐν</span> <span class='ocrx_word' id='word_1_241' title='bbox 963 2882 1126 2934; x_wconf 79' lang='grc' dir='ltr'>παντὶ</span> <span class='ocrx_word' id='word_1_242' title='bbox 1166 2880 1342 2952; x_wconf 80' lang='grc' dir='ltr'>καιρῷ</span> <span class='ocrx_word' id='word_1_243' title='bbox 1378 2897 1391 2911; x_wconf 88' lang='grc'><strong>·</strong></span> <span class='ocrx_word' id='word_1_244' title='bbox 1421 2879 1705 2950; x_wconf 76' lang='grc' dir='ltr'>Φὰγωμεν</span> <span class='ocrx_word' id='word_1_245' title='bbox 1734 2883 1862 2954; x_wconf 78' lang='grc' dir='ltr'>γάρ,</span> <span class='ocrx_word' id='word_1_246' title='bbox 1910 2884 2097 2952; x_wconf 77' lang='grc' dir='ltr'>φησὶν,</span> 
     </span>
    </p>
   </div>
   <div class='ocr_carea' id='block_1_32' title="bbox 516 2964 2099 3037">
    <p class='ocr_par' dir='ltr' id='par_1_32' title="bbox 516 2964 2099 3037">
     <span class='ocr_line' id='line_1_32' title="bbox 516 2964 2099 3037; baseline 0.002 -20"><span class='ocrx_word' id='word_1_247' title='bbox 516 2964 618 3018; x_wconf 79' lang='grc' dir='ltr'>καὶ</span> <span class='ocrx_word' id='word_1_248' title='bbox 653 2966 915 3034; x_wconf 52' lang='grc' dir='ltr'>πίωμεν</span> <span class='ocrx_word' id='word_1_249' title='bbox 964 2966 1177 3033; x_wconf 77' lang='grc' dir='ltr'>αὔριον</span> <span class='ocrx_word' id='word_1_250' title='bbox 1233 2966 1343 3035; x_wconf 78' lang='grc' dir='ltr'>γὰρ</span> <span class='ocrx_word' id='word_1_251' title='bbox 1388 2964 1875 3035; x_wconf 80' lang='grc' dir='ltr'>ἀποθνήσκομεν.</span> <span class='ocrx_word' id='word_1_252' title='bbox 1935 2967 2099 3037; x_wconf 80' lang='grc' dir='ltr'>Ὁρᾷς</span> 
     </span>
    </p>
   </div>
   <div class='ocr_carea' id='block_1_33' title="bbox 517 3047 2099 3119">
    <p class='ocr_par' dir='ltr' id='par_1_33' title="bbox 517 3047 2099 3119">
     <span class='ocr_line' id='line_1_33' title="bbox 517 3047 2099 3119; baseline -0.001 -16"><span class='ocrx_word' id='word_1_253' title='bbox 517 3048 599 3103; x_wconf 80' lang='grc' dir='ltr'>ὅτι</span> <span class='ocrx_word' id='word_1_254' title='bbox 619 3048 890 3101; x_wconf 83' lang='grc' dir='ltr'>ταπεινῶν</span> <span class='ocrx_word' id='word_1_255' title='bbox 906 3050 1021 3103; x_wconf 81' lang='grc' dir='ltr'>ἐστι</span> <span class='ocrx_word' id='word_1_256' title='bbox 1036 3048 1209 3102; x_wconf 91' lang='grc' dir='ltr'>ταῦτα</span> <span class='ocrx_word' id='word_1_257' title='bbox 1223 3047 1432 3117; x_wconf 89' lang='grc' dir='ltr'>λέγειν;</span> <span class='ocrx_word' id='word_1_258' title='bbox 1470 3048 1603 3101; x_wconf 75' lang='grc' dir='ltr'>Ἀπὸ</span> <span class='ocrx_word' id='word_1_259' title='bbox 1626 3048 1721 3100; x_wconf 90' lang='grc' dir='ltr'>τοῦ</span> <span class='ocrx_word' id='word_1_260' title='bbox 1742 3048 1979 3119; x_wconf 82' lang='grc' dir='ltr'>τρώγειν</span> <span class='ocrx_word' id='word_1_261' title='bbox 2003 3049 2099 3102; x_wconf 76' lang='grc' dir='ltr'>καὶ</span> 
     </span>
    </p>
   </div>
   <div class='ocr_carea' id='block_1_34' title="bbox 518 3130 2103 3204">
    <p class='ocr_par' dir='ltr' id='par_1_34' title="bbox 518 3130 2103 3204">
     <span class='ocr_line' id='line_1_34' title="bbox 518 3130 2103 3204; baseline 0.002 -22"><span class='ocrx_word' id='word_1_262' title='bbox 518 3132 696 3183; x_wconf 83' lang='grc' dir='ltr'>πίνειν</span> <span class='ocrx_word' id='word_1_263' title='bbox 731 3130 903 3184; x_wconf 87' lang='grc' dir='ltr'>ταῦτα</span> <span class='ocrx_word' id='word_1_264' title='bbox 949 3132 1019 3185; x_wconf 78' lang='grc' dir='ltr'>τά</span> <span class='ocrx_word' id='word_1_265' title='bbox 1074 3133 1297 3204; x_wconf 79' lang='grc' dir='ltr'>ῥήματά</span> <span class='ocrx_word' id='word_1_266' title='bbox 1346 3133 1463 3184; x_wconf 75' lang='grc' dir='ltr'>ἐστι</span> <span class='ocrx_word' id='word_1_267' title='bbox 1502 3130 1571 3184; x_wconf 82' lang='grc' dir='ltr'>τὰ</span> <span class='ocrx_word' id='word_1_268' title='bbox 1605 3132 1980 3201; x_wconf 83' lang='grc' dir='ltr'>ἀνατρεπτικά</span> <span class='ocrx_word' id='word_1_269' title='bbox 2002 3132 2103 3202; x_wconf 81' lang='grc' dir='ltr'>τῆς</span> 
     </span>
    </p>
   </div>
   <div class='ocr_carea' id='block_1_35' title="bbox 518 3210 2102 3286">
    <p class='ocr_par' dir='ltr' id='par_1_35' title="bbox 518 3210 2102 3286">
     <span class='ocr_line' id='line_1_35' title="bbox 518 3210 2102 3286; baseline 0.001 -17"><span class='ocrx_word' id='word_1_270' title='bbox 518 3210 888 3279; x_wconf 78' lang='grc' dir='ltr'>ἀναστάσεως.</span> <span class='ocrx_word' id='word_1_271' title='bbox 913 3216 988 3269; x_wconf 82' lang='grc' dir='ltr'><strong>Οὐ</strong></span> <span class='ocrx_word' id='word_1_272' title='bbox 1017 3216 1171 3286; x_wconf 84' lang='grc' dir='ltr'>φέρει</span> <span class='ocrx_word' id='word_1_273' title='bbox 1199 3215 1332 3284; x_wconf 83' lang='grc' dir='ltr'>γάρ,</span> <span class='ocrx_word' id='word_1_274' title='bbox 1364 3216 1424 3268; x_wconf 80' lang='grc' dir='ltr'>ού</span> <span class='ocrx_word' id='word_1_275' title='bbox 1453 3216 1609 3286; x_wconf 80' lang='grc' dir='ltr'>φέρει</span> <span class='ocrx_word' id='word_1_276' title='bbox 1638 3216 1699 3269; x_wconf 89' lang='grc' dir='ltr'>τὸ</span> <span class='ocrx_word' id='word_1_277' title='bbox 1720 3217 1827 3269; x_wconf 86' lang='grc' dir='ltr'>ἀπὸ</span> <span class='ocrx_word' id='word_1_278' title='bbox 1855 3216 1950 3269; x_wconf 84' lang='grc' dir='ltr'>τοῦ</span> <span class='ocrx_word' id='word_1_279' title='bbox 1980 3234 2102 3270; x_wconf 84' lang='grc' dir='ltr'>συν-</span> 
     </span>
    </p>
   </div>
   <div class='ocr_carea' id='block_1_36' title="bbox 518 3295 2106 3369">
    <p class='ocr_par' dir='ltr' id='par_1_36' title="bbox 518 3295 2106 3369">
     <span class='ocr_line' id='line_1_36' title="bbox 518 3295 2106 3369; baseline 0.004 -20"><span class='ocrx_word' id='word_1_280' title='bbox 518 3297 722 3360; x_wconf 81' lang='grc' dir='ltr'>ειδότος</span> <span class='ocrx_word' id='word_1_281' title='bbox 750 3300 1031 3369; x_wconf 82' lang='grc' dir='ltr'>κριτήριον</span> <span class='ocrx_word' id='word_1_282' title='bbox 1086 3300 1119 3369; x_wconf 88' lang='grc' dir='ltr'>ή</span> <span class='ocrx_word' id='word_1_283' title='bbox 1148 3298 1293 3368; x_wconf 82' lang='grc' dir='ltr'>ψυχή</span> <span class='ocrx_word' id='word_1_284' title='bbox 1320 3315 1335 3330; x_wconf 77' lang='grc' dir='ltr'><strong><em>ο</em></strong></span> <span class='ocrx_word' id='word_1_285' title='bbox 1384 3298 1478 3351; x_wconf 77' lang='grc' dir='ltr'>καὶ</span> <span class='ocrx_word' id='word_1_286' title='bbox 1510 3300 1706 3353; x_wconf 84' lang='grc' dir='ltr'>ταύτὸν</span> <span class='ocrx_word' id='word_1_287' title='bbox 1738 3299 1967 3367; x_wconf 78' lang='grc' dir='ltr'>γίνεται,</span> <span class='ocrx_word' id='word_1_288' title='bbox 1995 3295 2106 3355; x_wconf 78' lang='grc' dir='ltr'>οἷον</span> 
     </span>
    </p>
   </div>
   <div class='ocr_carea' id='block_1_37' title="bbox 519 3380 2101 3452">
    <p class='ocr_par' dir='ltr' id='par_1_37' title="bbox 519 3380 2101 3452">
     <span class='ocr_line' id='line_1_37' title="bbox 519 3380 2101 3452; baseline 0.001 -19"><span class='ocrx_word' id='word_1_289' title='bbox 519 3383 547 3433; x_wconf 82' lang='lat'>6</span> <span class='ocrx_word' id='word_1_290' title='bbox 576 3381 901 3452; x_wconf 81' lang='grc' dir='ltr'>ἀνδροφόνος</span> <span class='ocrx_word' id='word_1_291' title='bbox 946 3381 1211 3452; x_wconf 86' lang='grc' dir='ltr'>πρότερον</span> <span class='ocrx_word' id='word_1_292' title='bbox 1244 3380 1466 3444; x_wconf 69' lang='grc' dir='ltr'>ὑποθεὶς</span> <span class='ocrx_word' id='word_1_293' title='bbox 1514 3381 1694 3452; x_wconf 82' lang='grc' dir='ltr'>ἐαυτῷ</span> <span class='ocrx_word' id='word_1_294' title='bbox 1719 3383 1800 3436; x_wconf 84' lang='grc' dir='ltr'>ὅτι</span> <span class='ocrx_word' id='word_1_295' title='bbox 1832 3384 1930 3452; x_wconf 84' lang='grc' dir='ltr'>οὐχ</span> <span class='ocrx_word' id='word_1_296' title='bbox 1960 3383 2101 3435; x_wconf 86' lang='grc' dir='ltr'>ἀλώ-</span> 
     </span>
    </p>
   </div>
   <div class='ocr_carea' id='block_1_38' title="bbox 522 3462 2105 3536">
    <p class='ocr_par' dir='ltr' id='par_1_38' title="bbox 522 3462 2105 3536">
     <span class='ocr_line' id='line_1_38' title="bbox 522 3462 2105 3536; baseline 0 -19"><span class='ocrx_word' id='word_1_297' title='bbox 522 3480 697 3529; x_wconf 80' lang='grc' dir='ltr'>σεται,</span> <span class='ocrx_word' id='word_1_298' title='bbox 723 3462 868 3518; x_wconf 73' lang='grc' dir='ltr'>οὕτω</span> <span class='ocrx_word' id='word_1_299' title='bbox 899 3463 1114 3534; x_wconf 83' lang='grc' dir='ltr'>φονεύει</span> <span class='ocrx_word' id='word_1_300' title='bbox 1136 3481 1147 3494; x_wconf 90' lang='grc'><strong>·</strong></span> <span class='ocrx_word' id='word_1_301' title='bbox 1187 3463 1331 3530; x_wconf 76' lang='grc' dir='ltr'>ἐπεὶ,</span> <span class='ocrx_word' id='word_1_302' title='bbox 1354 3464 1447 3518; x_wconf 89' lang='grc' dir='ltr'>τοῦ</span> <span class='ocrx_word' id='word_1_303' title='bbox 1485 3465 1783 3530; x_wconf 80' lang='grc' dir='ltr'>συνειδότος</span> <span class='ocrx_word' id='word_1_304' title='bbox 1805 3466 1968 3521; x_wconf 76' lang='grc' dir='ltr'>αὐτὸν</span> <span class='ocrx_word' id='word_1_305' title='bbox 1987 3466 2105 3536; x_wconf 84' lang='grc' dir='ltr'>κρί-</span> 
     </span>
    </p>
   </div>
   <div class='ocr_carea' id='block_1_39' title="bbox 1197 349 3068 411">
    <p class='ocr_par' dir='ltr' id='par_1_39' title="bbox 1197 349 3068 411">
     <span class='ocr_line' id='line_1_39' title="bbox 1197 349 3068 411; baseline -0.001 -4"><span class='ocrx_word' id='word_1_306' title='bbox 1197 352 1255 407; x_wconf 90' lang='lat' dir='ltr'>S.</span> <span class='ocrx_word' id='word_1_307' title='bbox 1292 350 1580 408; x_wconf 75' lang='lat' dir='ltr'>JOANNIS</span> <span class='ocrx_word' id='word_1_308' title='bbox 1618 350 2109 410; x_wconf 73' lang='lat' dir='ltr'>CHRYSOSTOMI</span> <span class='ocrx_word' id='word_1_309' title='bbox 2148 349 2472 411; x_wconf 77' lang='lat' dir='ltr'>ARCHIEP.</span> <span class='ocrx_word' id='word_1_310' title='bbox 2516 350 3068 409; x_wconf 70' lang='lat' dir='ltr'>CONSTANTINOP.</span> 
     </span>
    </p>
   </div>
   <div class='ocr_carea' id='block_1_40' title="bbox 3675 350 3785 412">
    <p class='ocr_par' dir='ltr' id='par_1_40' title="bbox 3675 350 3785 412">
     <span class='ocr_line' id='line_1_40' title="bbox 3675 350 3785 412; baseline 0 0"><span class='ocrx_word' id='word_1_311' title='bbox 3675 350 3785 412; x_wconf 73' lang='grc'>518</span> 
     </span>
    </p>
   </div>
   <div class='ocr_carea' id='block_1_41' title="bbox 2204 465 3786 541">
    <p class='ocr_par' dir='ltr' id='par_1_41' title="bbox 2204 465 3786 541">
     <span class='ocr_line' id='line_1_41' title="bbox 2204 465 3786 541; baseline -0.001 -14"><span class='ocrx_word' id='word_1_312' title='bbox 2204 490 2411 536; x_wconf 86' lang='grc' dir='ltr'>νοντος,</span> <span class='ocrx_word' id='word_1_313' title='bbox 2441 471 2541 525; x_wconf 83' lang='grc' dir='ltr'>ούκ</span> <span class='ocrx_word' id='word_1_314' title='bbox 2578 472 2644 525; x_wconf 86' lang='grc' dir='ltr'>ἂν</span> <span class='ocrx_word' id='word_1_315' title='bbox 2673 471 2882 541; x_wconf 88' lang='grc' dir='ltr'>ταχέως</span> <span class='ocrx_word' id='word_1_316' title='bbox 2903 465 3065 540; x_wconf 75' lang='grc' dir='ltr'>ἦλθεν</span> <span class='ocrx_word' id='word_1_317' title='bbox 3096 468 3189 523; x_wconf 70' lang='grc' dir='ltr'>ἐπὶ</span> <span class='ocrx_word' id='word_1_318' title='bbox 3232 469 3294 522; x_wconf 85' lang='grc' dir='ltr'>τὸ</span> <span class='ocrx_word' id='word_1_319' title='bbox 3342 468 3619 538; x_wconf 80' lang='grc' dir='ltr'>τόλμημα.</span> <span class='ocrx_word' id='word_1_320' title='bbox 3672 471 3786 525; x_wconf 72' lang='grc' dir='ltr'>Καὶ</span> 
     </span>
    </p>
   </div>
   <div class='ocr_carea' id='block_1_42' title="bbox 2201 549 3793 622">
    <p class='ocr_par' dir='ltr' id='par_1_42' title="bbox 2201 549 3793 622">
     <span class='ocr_line' id='line_1_42' title="bbox 2201 549 3793 622; baseline -0.003 -13"><span class='ocrx_word' id='word_1_321' title='bbox 2201 552 2347 609; x_wconf 80' lang='grc' dir='ltr'>οἶδεν</span> <span class='ocrx_word' id='word_1_322' title='bbox 2376 549 2491 618; x_wconf 81' lang='grc' dir='ltr'>οῦν,</span> <span class='ocrx_word' id='word_1_323' title='bbox 2526 554 2621 605; x_wconf 73' lang='grc' dir='ltr'>καὶ</span> <span class='ocrx_word' id='word_1_324' title='bbox 2642 554 2855 620; x_wconf 82' lang='grc' dir='ltr'>ἀγνοεῖν</span> <span class='ocrx_word' id='word_1_325' title='bbox 2894 554 3299 622; x_wconf 84' lang='grc' dir='ltr'>προσποιεῖται,</span> <span class='ocrx_word' id='word_1_326' title='bbox 3332 552 3421 605; x_wconf 83' lang='grc' dir='ltr'>ίνα</span> <span class='ocrx_word' id='word_1_327' title='bbox 3455 549 3532 622; x_wconf 77' lang='grc' dir='ltr'>μὴ</span> <span class='ocrx_word' id='word_1_328' title='bbox 3568 550 3793 620; x_wconf 87' lang='grc' dir='ltr'>βασανί-</span> 
     </span>
    </p>
   </div>
   <div class='ocr_carea' id='block_1_43' title="bbox 2202 632 3797 708">
    <p class='ocr_par' dir='ltr' id='par_1_43' title="bbox 2202 632 3797 708">
     <span class='ocr_line' id='line_1_43' title="bbox 2202 632 3797 708; baseline 0.001 -18"><span class='ocrx_word' id='word_1_329' title='bbox 2202 637 2365 708; x_wconf 85' lang='grc' dir='ltr'>ζηται</span> <span class='ocrx_word' id='word_1_330' title='bbox 2398 636 2476 707; x_wconf 85' lang='grc' dir='ltr'>τῷ</span> <span class='ocrx_word' id='word_1_331' title='bbox 2509 636 2772 690; x_wconf 81' lang='grc' dir='ltr'>συνειδότι</span> <span class='ocrx_word' id='word_1_332' title='bbox 2798 637 2891 690; x_wconf 77' lang='grc' dir='ltr'>καὶ</span> <span class='ocrx_word' id='word_1_333' title='bbox 2916 634 2998 705; x_wconf 65' lang='grc' dir='ltr'>ςτῷ</span> <span class='ocrx_word' id='word_1_334' title='bbox 3025 636 3174 705; x_wconf 88' lang='grc' dir='ltr'>φόϐῳ</span> <span class='ocrx_word' id='word_1_335' title='bbox 3197 652 3212 667; x_wconf 74' lang='grc' dir='ltr'><strong><em>ο</em></strong></span> <span class='ocrx_word' id='word_1_336' title='bbox 3245 632 3279 707; x_wconf 84' lang='grc' dir='ltr'><strong>ἦ</strong></span> <span class='ocrx_word' id='word_1_337' title='bbox 3303 635 3415 706; x_wconf 77' lang='grc' dir='ltr'>γάρ</span> <span class='ocrx_word' id='word_1_338' title='bbox 3453 636 3539 699; x_wconf 79' lang='grc' dir='ltr'>ἂν,</span> <span class='ocrx_word' id='word_1_339' title='bbox 3573 636 3797 691; x_wconf 76' lang='grc' dir='ltr'>ἀσθενέ-</span> 
     </span>
    </p>
   </div>
   <div class='ocr_carea' id='block_1_44' title="bbox 2203 717 3796 791">
    <p class='ocr_par' dir='ltr' id='par_1_44' title="bbox 2203 717 3796 791">
     <span class='ocr_line' id='line_1_44' title="bbox 2203 717 3796 791; baseline 0.001 -19"><span class='ocrx_word' id='word_1_340' title='bbox 2203 736 2395 791; x_wconf 88' lang='grc' dir='ltr'>στερος</span> <span class='ocrx_word' id='word_1_341' title='bbox 2442 718 2632 787; x_wconf 89' lang='grc' dir='ltr'>γέγονε</span> <span class='ocrx_word' id='word_1_342' title='bbox 2688 718 2825 788; x_wconf 81' lang='grc' dir='ltr'>πρὸς</span> <span class='ocrx_word' id='word_1_343' title='bbox 2877 718 2968 771; x_wconf 86' lang='grc' dir='ltr'>τὸν</span> <span class='ocrx_word' id='word_1_344' title='bbox 3032 718 3211 785; x_wconf 89' lang='grc' dir='ltr'>φόνον.</span> <span class='ocrx_word' id='word_1_345' title='bbox 3266 718 3424 771; x_wconf 85' lang='grc' dir='ltr'>Οῦτω</span> <span class='ocrx_word' id='word_1_346' title='bbox 3477 717 3540 785; x_wconf 83' lang='grc' dir='ltr'>δὴ</span> <span class='ocrx_word' id='word_1_347' title='bbox 3596 720 3692 773; x_wconf 76' lang='grc' dir='ltr'>καὶ</span> <span class='ocrx_word' id='word_1_348' title='bbox 3743 722 3796 773; x_wconf 66' lang='lat' dir='ltr'>oi</span> 
     </span>
    </p>
   </div>
   <div class='ocr_carea' id='block_1_45' title="bbox 2203 800 3796 873">
    <p class='ocr_par' dir='ltr' id='par_1_45' title="bbox 2203 800 3796 873">
     <span class='ocr_line' id='line_1_45' title="bbox 2203 800 3796 873; baseline 0.001 -18"><span class='ocrx_word' id='word_1_349' title='bbox 2203 803 2608 873; x_wconf 79' lang='grc' dir='ltr'>ἁμαρτάνοντες</span> <span class='ocrx_word' id='word_1_350' title='bbox 2660 801 2753 853; x_wconf 61' lang='grc' dir='ltr'>καὶ¹</span> <span class='ocrx_word' id='word_1_351' title='bbox 2820 800 3021 863; x_wconf 76' lang='grc' dir='ltr'>ἴσασιν,</span> <span class='ocrx_word' id='word_1_352' title='bbox 3051 803 3133 855; x_wconf 88' lang='grc' dir='ltr'>ὃτι</span> <span class='ocrx_word' id='word_1_353' title='bbox 3160 801 3219 854; x_wconf 86' lang='grc' dir='ltr'>τὸ</span> <span class='ocrx_word' id='word_1_354' title='bbox 3241 801 3581 872; x_wconf 84' lang='grc' dir='ltr'>ἁμαρτάνειν</span> <span class='ocrx_word' id='word_1_355' title='bbox 3604 802 3796 869; x_wconf 86' lang='grc' dir='ltr'>κακὸν,</span> 
     </span>
    </p>
   </div>
   <div class='ocr_carea' id='block_1_46' title="bbox 2203 883 3796 954">
    <p class='ocr_par' dir='ltr' id='par_1_46' title="bbox 2203 883 3796 954">
     <span class='ocr_line' id='line_1_46' title="bbox 2203 883 3796 954; baseline 0 -16"><span class='ocrx_word' id='word_1_356' title='bbox 2203 886 2297 938; x_wconf 88' lang='grc' dir='ltr'>καί</span> <span class='ocrx_word' id='word_1_357' title='bbox 2319 884 2439 937; x_wconf 78' lang='grc' dir='ltr'>καθ’</span> <span class='ocrx_word' id='word_1_358' title='bbox 2466 883 2705 951; x_wconf 88' lang='grc' dir='ltr'>ἐκάστην</span> <span class='ocrx_word' id='word_1_359' title='bbox 2728 883 2786 936; x_wconf 83' lang='grc' dir='ltr'>ἐν</span> <span class='ocrx_word' id='word_1_360' title='bbox 2804 885 2915 946; x_wconf 88' lang='grc' dir='ltr'>τοῖς</span> <span class='ocrx_word' id='word_1_361' title='bbox 2939 883 3125 947; x_wconf 80' lang='grc' dir='ltr'>αὐτοῖς</span> <span class='ocrx_word' id='word_1_362' title='bbox 3154 887 3344 947; x_wconf 89' lang='grc' dir='ltr'>κακοῖς</span> <span class='ocrx_word' id='word_1_363' title='bbox 3370 883 3796 954; x_wconf 81' lang='grc' dir='ltr'>κυλινδούμενοι,</span> 
     </span>
    </p>
   </div>
   <div class='ocr_carea' id='block_1_47' title="bbox 2202 965 3797 1029">
    <p class='ocr_par' dir='ltr' id='par_1_47' title="bbox 2202 965 3797 1029">
     <span class='ocr_line' id='line_1_47' title="bbox 2202 965 3797 1029; baseline -0.001 -7"><span class='ocrx_word' id='word_1_364' title='bbox 2202 969 2263 1022; x_wconf 74' lang='grc' dir='ltr'>οὗ</span> <span class='ocrx_word' id='word_1_365' title='bbox 2297 966 2543 1019; x_wconf 86' lang='grc' dir='ltr'>θέλουσιν</span> <span class='ocrx_word' id='word_1_366' title='bbox 2570 966 2792 1028; x_wconf 77' lang='grc' dir='ltr'>εἰδέναι,</span> <span class='ocrx_word' id='word_1_367' title='bbox 2824 966 3000 1020; x_wconf 89' lang='grc' dir='ltr'>καίτοι</span> <span class='ocrx_word' id='word_1_368' title='bbox 3023 965 3117 1019; x_wconf 90' lang='grc' dir='ltr'>τοῦ</span> <span class='ocrx_word' id='word_1_369' title='bbox 3145 966 3449 1029; x_wconf 87' lang='grc' dir='ltr'>συνειδότος</span> <span class='ocrx_word' id='word_1_370' title='bbox 3468 966 3648 1019; x_wconf 81' lang='grc' dir='ltr'>αὐτῶν</span> <span class='ocrx_word' id='word_1_371' title='bbox 3674 970 3797 1021; x_wconf 83' lang='grc' dir='ltr'>ἐπι-</span> 
     </span>
    </p>
   </div>
   <div class='ocr_carea' id='block_1_48' title="bbox 2201 1048 3797 1121">
    <p class='ocr_par' dir='ltr' id='par_1_48' title="bbox 2201 1048 3797 1121">
     <span class='ocr_line' id='line_1_48' title="bbox 2201 1048 3797 1121; baseline -0.001 -16"><span class='ocrx_word' id='word_1_372' title='bbox 2201 1049 2639 1120; x_wconf 87' lang='grc' dir='ltr'>λαμϐανομένου.</span> <span class='ocrx_word' id='word_1_373' title='bbox 2687 1048 2847 1102; x_wconf 84' lang='grc' dir='ltr'>’Λλλά</span> <span class='ocrx_word' id='word_1_374' title='bbox 2877 1051 2951 1120; x_wconf 83' lang='grc' dir='ltr'>μὴ</span> <span class='ocrx_word' id='word_1_375' title='bbox 2982 1050 3211 1113; x_wconf 80' lang='grc' dir='ltr'>ἐκείνοις</span> <span class='ocrx_word' id='word_1_376' title='bbox 3231 1050 3617 1121; x_wconf 80' lang='grc' dir='ltr'>προσέχωμεν·</span> <span class='ocrx_word' id='word_1_377' title='bbox 3642 1050 3797 1104; x_wconf 77' lang='grc' dir='ltr'>ἔσται</span> 
     </span>
    </p>
   </div>
   <div class='ocr_carea' id='block_1_49' title="bbox 2202 1132 3798 1205">
    <p class='ocr_par' dir='ltr' id='par_1_49' title="bbox 2202 1132 3798 1205">
     <span class='ocr_line' id='line_1_49' title="bbox 2202 1132 3798 1205; baseline 0.001 -17"><span class='ocrx_word' id='word_1_378' title='bbox 2202 1136 2331 1205; x_wconf 78' lang='grc' dir='ltr'>γὰρ,</span> <span class='ocrx_word' id='word_1_379' title='bbox 2384 1132 2539 1186; x_wconf 78' lang='grc' dir='ltr'>ἔσται</span> <span class='ocrx_word' id='word_1_380' title='bbox 2573 1133 2791 1197; x_wconf 87' lang='grc' dir='ltr'>πάντως</span> <span class='ocrx_word' id='word_1_381' title='bbox 2842 1135 3023 1204; x_wconf 85' lang='grc' dir='ltr'>κρίσις</span> <span class='ocrx_word' id='word_1_382' title='bbox 3067 1135 3163 1187; x_wconf 64' lang='grc' dir='ltr'>καὶ</span> <span class='ocrx_word' id='word_1_383' title='bbox 3200 1135 3523 1197; x_wconf 88' lang='grc' dir='ltr'>ἀνάστασις,</span> <span class='ocrx_word' id='word_1_384' title='bbox 3573 1136 3666 1189; x_wconf 79' lang='grc' dir='ltr'>καὶ</span> <span class='ocrx_word' id='word_1_385' title='bbox 3696 1137 3798 1189; x_wconf 85' lang='grc' dir='ltr'>ούκ</span> 
     </span>
    </p>
   </div>
   <div class='ocr_carea' id='block_1_50' title="bbox 2202 1212 3795 1286">
    <p class='ocr_par' dir='ltr' id='par_1_50' title="bbox 2202 1212 3795 1286">
     <span class='ocr_line' id='line_1_50' title="bbox 2202 1212 3795 1286; baseline 0.004 -22"><span class='ocrx_word' id='word_1_386' title='bbox 2202 1212 2402 1284; x_wconf 84' lang='grc' dir='ltr'>ἀφήσει</span> <span class='ocrx_word' id='word_1_387' title='bbox 2448 1215 2575 1284; x_wconf 80' lang='grc' dir='ltr'>είκῆ</span> <span class='ocrx_word' id='word_1_388' title='bbox 2605 1213 2845 1267; x_wconf 88' lang='grc' dir='ltr'>τοσαῦτα</span> <span class='ocrx_word' id='word_1_389' title='bbox 2892 1215 3030 1285; x_wconf 76' lang='grc' dir='ltr'>ἔργα</span> <span class='ocrx_word' id='word_1_390' title='bbox 3072 1216 3101 1268; x_wconf 93' lang='lat'>6</span> <span class='ocrx_word' id='word_1_391' title='bbox 3133 1215 3286 1279; x_wconf 85' lang='grc' dir='ltr'>Θεός.</span> <span class='ocrx_word' id='word_1_392' title='bbox 3329 1216 3440 1280; x_wconf 86' lang='grc' dir='ltr'>Διὸ,</span> <span class='ocrx_word' id='word_1_393' title='bbox 3469 1217 3795 1286; x_wconf 82' lang='grc' dir='ltr'>παρακαλῶ,</span> 
     </span>
    </p>
   </div>
   <div class='ocr_carea' id='block_1_51' title="bbox 2202 1298 3799 1369">
    <p class='ocr_par' dir='ltr' id='par_1_51' title="bbox 2202 1298 3799 1369">
     <span class='ocr_line' id='line_1_51' title="bbox 2202 1298 3799 1369; baseline 0.003 -20"><span class='ocrx_word' id='word_1_394' title='bbox 2202 1298 2303 1367; x_wconf 84' lang='grc' dir='ltr'>τῆς</span> <span class='ocrx_word' id='word_1_395' title='bbox 2330 1299 2534 1361; x_wconf 87' lang='grc' dir='ltr'>κακίας</span> <span class='ocrx_word' id='word_1_396' title='bbox 2576 1300 2966 1369; x_wconf 84' lang='grc' dir='ltr'>ἀποσχόμενοι,</span> <span class='ocrx_word' id='word_1_397' title='bbox 3019 1300 3116 1369; x_wconf 87' lang='grc' dir='ltr'>τῆς</span> <span class='ocrx_word' id='word_1_398' title='bbox 3157 1299 3360 1369; x_wconf 85' lang='grc' dir='ltr'>ἀρετῆς</span> <span class='ocrx_word' id='word_1_399' title='bbox 3393 1299 3667 1369; x_wconf 79' lang='grc' dir='ltr'>ἐχώμεθα,</span> <span class='ocrx_word' id='word_1_400' title='bbox 3709 1301 3799 1355; x_wconf 75' lang='grc' dir='ltr'>ἴνα</span> 
     </span>
    </p>
   </div>
   <div class='ocr_carea' id='block_1_52' title="bbox 2202 1380 3794 1455">
    <p class='ocr_par' dir='ltr' id='par_1_52' title="bbox 2202 1380 3794 1455">
     <span class='ocr_line' id='line_1_52' title="bbox 2202 1380 3794 1455; baseline 0.003 -21"><span class='ocrx_word' id='word_1_401' title='bbox 2202 1381 2295 1434; x_wconf 83' lang='grc' dir='ltr'>τὸν</span> <span class='ocrx_word' id='word_1_402' title='bbox 2360 1382 2536 1453; x_wconf 82' lang='grc' dir='ltr'>ἀληθῆ</span> <span class='ocrx_word' id='word_1_403' title='bbox 2574 1382 2733 1450; x_wconf 86' lang='grc' dir='ltr'>λόγον</span> <span class='ocrx_word' id='word_1_404' title='bbox 2770 1380 3207 1453; x_wconf 81' lang='grc' dir='ltr'>παραδεξώμεθα</span> <span class='ocrx_word' id='word_1_405' title='bbox 3254 1385 3312 1435; x_wconf 87' lang='grc' dir='ltr'>ἐν</span> <span class='ocrx_word' id='word_1_406' title='bbox 3357 1383 3577 1454; x_wconf 82' lang='grc' dir='ltr'>Χριστῷ</span> <span class='ocrx_word' id='word_1_407' title='bbox 3618 1384 3794 1455; x_wconf 81' lang='grc' dir='ltr'>Ἰησοῦ</span> 
     </span>
    </p>
   </div>
   <div class='ocr_carea' id='block_1_53' title="bbox 2202 1463 2700 1536">
    <p class='ocr_par' dir='ltr' id='par_1_53' title="bbox 2202 1463 2700 1536">
     <span class='ocr_line' id='line_1_53' title="bbox 2202 1463 2700 1536; baseline 0 -19"><span class='ocrx_word' id='word_1_408' title='bbox 2202 1463 2281 1534; x_wconf 82' lang='grc' dir='ltr'>τῷ</span> <span class='ocrx_word' id='word_1_409' title='bbox 2304 1464 2495 1536; x_wconf 84' lang='grc' dir='ltr'>Κυρίῳ</span> <span class='ocrx_word' id='word_1_410' title='bbox 2518 1464 2700 1536; x_wconf 83' lang='grc' dir='ltr'>ἡμῶν.</span> 
     </span>
    </p>
   </div>
   <div class='ocr_carea' id='block_1_54' title="bbox 2274 1546 3798 1620">
    <p class='ocr_par' dir='ltr' id='par_1_54' title="bbox 2274 1546 3798 1620">
     <span class='ocr_line' id='line_1_54' title="bbox 2274 1546 3798 1620; baseline 0.002 -20"><span class='ocrx_word' id='word_1_411' title='bbox 2274 1546 2468 1600; x_wconf 84' lang='grc' dir='ltr'>Καίτοι</span> <span class='ocrx_word' id='word_1_412' title='bbox 2527 1547 2580 1600; x_wconf 91' lang='grc' dir='ltr'>τί</span> <span class='ocrx_word' id='word_1_413' title='bbox 2630 1547 3033 1620; x_wconf 84' lang='grc' dir='ltr'>εὐκολώτερον,</span> <span class='ocrx_word' id='word_1_414' title='bbox 3111 1550 3202 1603; x_wconf 76' lang='grc' dir='ltr'>τὸν</span> <span class='ocrx_word' id='word_1_415' title='bbox 3264 1550 3392 1620; x_wconf 68' lang='grc' dir='ltr'>περὶ</span> <span class='ocrx_word' id='word_1_416' title='bbox 3448 1549 3798 1615; x_wconf 84' lang='grc' dir='ltr'>ἀναστάσεως</span> 
     </span>
    </p>
   </div>
   <div class='ocr_carea' id='block_1_55' title="bbox 2204 1633 3796 1709">
    <p class='ocr_par' dir='ltr' id='par_1_55' title="bbox 2204 1633 3796 1709">
     <span class='ocr_line' id='line_1_55' title="bbox 2204 1633 3796 1709; baseline 0.003 -23"><span class='ocrx_word' id='word_1_417' title='bbox 2204 1633 2459 1700; x_wconf 76' lang='grc' dir='ltr'>δέξασθαι</span> <span class='ocrx_word' id='word_1_418' title='bbox 2512 1633 2705 1702; x_wconf 88' lang='grc' dir='ltr'>λόγον,</span> <span class='ocrx_word' id='word_1_419' title='bbox 2772 1635 2806 1705; x_wconf 78' lang='grc' dir='ltr'>ἢ</span> <span class='ocrx_word' id='word_1_420' title='bbox 2877 1636 2967 1689; x_wconf 78' lang='grc' dir='ltr'>τὸν</span> <span class='ocrx_word' id='word_1_421' title='bbox 3025 1636 3156 1708; x_wconf 76' lang='grc' dir='ltr'>περὶ</span> <span class='ocrx_word' id='word_1_422' title='bbox 3212 1636 3359 1709; x_wconf 81' lang='grc' dir='ltr'><strong>[τῆς]</strong></span> <span class='ocrx_word' id='word_1_423' title='bbox 3419 1638 3796 1707; x_wconf 74' lang='grc' dir='ltr'>είμαρμένηςς</span> 
     </span>
    </p>
   </div>
   <div class='ocr_carea' id='block_1_56' title="bbox 2218 1716 3800 1788">
    <p class='ocr_par' dir='ltr' id='par_1_56' title="bbox 2218 1716 3800 1788">
     <span class='ocr_line' id='line_1_56' title="bbox 2218 1716 3800 1788; baseline 0.003 -20"><span class='ocrx_word' id='word_1_424' title='bbox 2218 1716 2455 1781; x_wconf 83' lang='grc' dir='ltr'>Ἐκεῖνος</span> <span class='ocrx_word' id='word_1_425' title='bbox 2509 1716 2726 1781; x_wconf 86' lang='grc' dir='ltr'>ἀδικίας</span> <span class='ocrx_word' id='word_1_426' title='bbox 2770 1718 2971 1788; x_wconf 84' lang='grc' dir='ltr'>γέμει,</span> <span class='ocrx_word' id='word_1_427' title='bbox 3034 1720 3243 1784; x_wconf 86' lang='grc' dir='ltr'>ἐκεῖνος</span> <span class='ocrx_word' id='word_1_428' title='bbox 3290 1720 3534 1788; x_wconf 90' lang='grc' dir='ltr'>ἀλογίας,</span> <span class='ocrx_word' id='word_1_429' title='bbox 3591 1721 3800 1783; x_wconf 87' lang='grc' dir='ltr'>ἐκεῖνος</span> 
     </span>
    </p>
   </div>
   <div class='ocr_carea' id='block_1_57' title="bbox 2204 1796 3798 1872">
    <p class='ocr_par' dir='ltr' id='par_1_57' title="bbox 2204 1796 3798 1872">
     <span class='ocr_line' id='line_1_57' title="bbox 2204 1796 3798 1872; baseline 0.002 -20"><span class='ocrx_word' id='word_1_430' title='bbox 2204 1800 2504 1870; x_wconf 81' lang='grc' dir='ltr'>ὠμότητος,</span> <span class='ocrx_word' id='word_1_431' title='bbox 2530 1801 2739 1861; x_wconf 84' lang='grc' dir='ltr'>ἐκεῖνος</span> <span class='ocrx_word' id='word_1_432' title='bbox 2768 1799 3173 1872; x_wconf 85' lang='grc' dir='ltr'>ἀπανθρωπίας</span> <span class='ocrx_word' id='word_1_433' title='bbox 3193 1818 3205 1831; x_wconf 90' lang='grc'><strong>·</strong></span> <span class='ocrx_word' id='word_1_434' title='bbox 3239 1796 3394 1866; x_wconf 73' lang='grc' dir='ltr'>οὗτος</span> <span class='ocrx_word' id='word_1_435' title='bbox 3426 1803 3798 1872; x_wconf 86' lang='grc' dir='ltr'>δικαιοσύνης,</span> 
     </span>
    </p>
   </div>
   <div class='ocr_carea' id='block_1_58' title="bbox 2204 1882 3797 1956">
    <p class='ocr_par' dir='ltr' id='par_1_58' title="bbox 2204 1882 3797 1956">
     <span class='ocr_line' id='line_1_58' title="bbox 2204 1882 3797 1956; baseline 0.003 -21"><span class='ocrx_word' id='word_1_436' title='bbox 2204 1883 2295 1936; x_wconf 84' lang='grc' dir='ltr'>τοῦ</span> <span class='ocrx_word' id='word_1_437' title='bbox 2347 1883 2465 1935; x_wconf 87' lang='grc' dir='ltr'>κατ’</span> <span class='ocrx_word' id='word_1_438' title='bbox 2499 1882 2659 1949; x_wconf 81' lang='grc' dir='ltr'>ἀξίαν</span> <span class='ocrx_word' id='word_1_439' title='bbox 2698 1884 3142 1953; x_wconf 81' lang='grc' dir='ltr'>ἀπονεμητικός·</span> <span class='ocrx_word' id='word_1_440' title='bbox 3197 1886 3294 1938; x_wconf 75' lang='grc' dir='ltr'>καὶ</span> <span class='ocrx_word' id='word_1_441' title='bbox 3348 1888 3498 1956; x_wconf 84' lang='grc' dir='ltr'>ὅμως</span> <span class='ocrx_word' id='word_1_442' title='bbox 3538 1886 3704 1939; x_wconf 84' lang='grc' dir='ltr'>αὐτὸν</span> <span class='ocrx_word' id='word_1_443' title='bbox 3733 1887 3797 1939; x_wconf 77' lang='grc' dir='ltr'>οὐ</span> 
     </span>
    </p>
   </div>
   <div class='ocr_carea' id='block_1_59' title="bbox 2205 1966 3801 2039">
    <p class='ocr_par' dir='ltr' id='par_1_59' title="bbox 2205 1966 3801 2039">
     <span class='ocr_line' id='line_1_59' title="bbox 2205 1966 3801 2039; baseline 0.001 -20"><span class='ocrx_word' id='word_1_444' title='bbox 2205 1966 2620 2037; x_wconf 78' lang='grc' dir='ltr'>παραδέχονται.</span> <span class='ocrx_word' id='word_1_445' title='bbox 2647 1966 2720 2019; x_wconf 92' lang='grc' dir='ltr'>Τὸ</span> <span class='ocrx_word' id='word_1_446' title='bbox 2742 1966 2799 2018; x_wconf 80' lang='grc' dir='ltr'>δὲ</span> <span class='ocrx_word' id='word_1_447' title='bbox 2830 1966 3003 2020; x_wconf 77' lang='grc' dir='ltr'>αἴτιον</span> <span class='ocrx_word' id='word_1_448' title='bbox 3030 1970 3063 2038; x_wconf 91' lang='grc' dir='ltr'>ή</span> <span class='ocrx_word' id='word_1_449' title='bbox 3090 1969 3260 2039; x_wconf 88' lang='grc' dir='ltr'>ἀργία</span> <span class='ocrx_word' id='word_1_450' title='bbox 3279 1985 3294 1998; x_wconf 92' lang='grc'><strong>·</strong></span> <span class='ocrx_word' id='word_1_451' title='bbox 3323 1968 3448 2023; x_wconf 80' lang='grc' dir='ltr'>ἐπεὶ</span> <span class='ocrx_word' id='word_1_452' title='bbox 3474 1969 3649 2033; x_wconf 73' lang='grc' dir='ltr'>οὐδεὶς</span> <span class='ocrx_word' id='word_1_453' title='bbox 3671 1969 3801 2022; x_wconf 91' lang='grc' dir='ltr'>νοῦν</span> 
     </span>
    </p>
   </div>
   <div class='ocr_carea' id='block_1_60' title="bbox 2203 2048 3793 2122">
    <p class='ocr_par' dir='ltr' id='par_1_60' title="bbox 2203 2048 3793 2122">
     <span class='ocr_line' id='line_1_60' title="bbox 2203 2048 3793 2122; baseline 0.001 -21"><span class='ocrx_word' id='word_1_454' title='bbox 2203 2048 2361 2119; x_wconf 79' lang='grc' dir='ltr'>ἔχων,</span> <span class='ocrx_word' id='word_1_455' title='bbox 2390 2052 2595 2103; x_wconf 82' lang='grc' dir='ltr'>ἐκεῖνον</span> <span class='ocrx_word' id='word_1_456' title='bbox 2634 2048 2866 2118; x_wconf 85' lang='grc' dir='ltr'>δέχεται.</span> <span class='ocrx_word' id='word_1_457' title='bbox 2933 2051 3042 2102; x_wconf 71' lang='grc' dir='ltr'>Καὶ</span> <span class='ocrx_word' id='word_1_458' title='bbox 3084 2050 3195 2122; x_wconf 74' lang='grc' dir='ltr'>γὰρ</span> <span class='ocrx_word' id='word_1_459' title='bbox 3225 2052 3321 2103; x_wconf 72' lang='grc' dir='ltr'>καὶ</span> <span class='ocrx_word' id='word_1_460' title='bbox 3357 2053 3415 2105; x_wconf 89' lang='grc' dir='ltr'>ἐν</span> <span class='ocrx_word' id='word_1_461' title='bbox 3452 2051 3715 2121; x_wconf 85' lang='grc' dir='ltr'>Ἕλλησιν</span> <span class='ocrx_word' id='word_1_462' title='bbox 3741 2052 3793 2105; x_wconf 78' lang='grc' dir='ltr'>οἳ</span> 
     </span>
    </p>
   </div>
   <div class='ocr_carea' id='block_1_61' title="bbox 2203 2129 3798 2203">
    <p class='ocr_par' dir='ltr' id='par_1_61' title="bbox 2203 2129 3798 2203">
     <span class='ocr_line' id='line_1_61' title="bbox 2203 2129 3798 2203; baseline 0.001 -18"><span class='ocrx_word' id='word_1_463' title='bbox 2203 2134 2300 2202; x_wconf 84' lang='grc' dir='ltr'>τὴν</span> <span class='ocrx_word' id='word_1_464' title='bbox 2334 2131 2526 2203; x_wconf 82' lang='grc' dir='ltr'>ἡδονήν</span> <span class='ocrx_word' id='word_1_465' title='bbox 2547 2130 2873 2202; x_wconf 79' lang='grc' dir='ltr'>ὁριζόμενοι,</span> <span class='ocrx_word' id='word_1_466' title='bbox 2906 2133 3060 2197; x_wconf 82' lang='grc' dir='ltr'>τέλος</span> <span class='ocrx_word' id='word_1_467' title='bbox 3092 2129 3233 2187; x_wconf 75' lang='grc' dir='ltr'>εἷναί</span> <span class='ocrx_word' id='word_1_468' title='bbox 3256 2151 3443 2202; x_wconf 89' lang='grc' dir='ltr'>φασιν,</span> <span class='ocrx_word' id='word_1_469' title='bbox 3476 2134 3675 2187; x_wconf 86' lang='grc' dir='ltr'>ἐκεῖνοι</span> <span class='ocrx_word' id='word_1_470' title='bbox 3700 2135 3798 2187; x_wconf 84' lang='grc' dir='ltr'>αῦ-</span> 
     </span>
    </p>
   </div>
   <div class='ocr_carea' id='block_1_62' title="bbox 2202 2213 3799 2287">
    <p class='ocr_par' dir='ltr' id='par_1_62' title="bbox 2202 2213 3799 2287">
     <span class='ocr_line' id='line_1_62' title="bbox 2202 2213 3799 2287; baseline 0.001 -20"><span class='ocrx_word' id='word_1_471' title='bbox 2202 2215 2296 2267; x_wconf 88' lang='grc' dir='ltr'>τὸν</span> <span class='ocrx_word' id='word_1_472' title='bbox 2324 2214 2569 2275; x_wconf 75' lang='grc' dir='ltr'>ἐδέξαντο</span> <span class='ocrx_word' id='word_1_473' title='bbox 2593 2230 2607 2243; x_wconf 75' lang='grc' dir='ltr'><strong><em>ο</em></strong></span> <span class='ocrx_word' id='word_1_474' title='bbox 2640 2215 2689 2266; x_wconf 87' lang='grc' dir='ltr'>οἱ</span> <span class='ocrx_word' id='word_1_475' title='bbox 2712 2213 2768 2266; x_wconf 83' lang='grc' dir='ltr'>δὲ</span> <span class='ocrx_word' id='word_1_476' title='bbox 2796 2216 2896 2287; x_wconf 83' lang='grc' dir='ltr'>τὴν</span> <span class='ocrx_word' id='word_1_477' title='bbox 2924 2216 3130 2287; x_wconf 83' lang='grc' dir='ltr'>ἀρετὴν</span> <span class='ocrx_word' id='word_1_478' title='bbox 3154 2217 3564 2287; x_wconf 84' lang='grc' dir='ltr'>ἀγαπήσαντες,</span> <span class='ocrx_word' id='word_1_479' title='bbox 3592 2216 3799 2283; x_wconf 80' lang='grc' dir='ltr'>οὐκέτι,</span> 
     </span>
    </p>
   </div>
   <div class='ocr_carea' id='block_1_63' title="bbox 2205 2296 3799 2371">
    <p class='ocr_par' dir='ltr' id='par_1_63' title="bbox 2205 2296 3799 2371">
     <span class='ocr_line' id='line_1_63' title="bbox 2205 2296 3799 2371; baseline 0.002 -21"><span class='ocrx_word' id='word_1_480' title='bbox 2205 2297 2319 2350; x_wconf 85' lang='grc' dir='ltr'>ἀλλ’</span> <span class='ocrx_word' id='word_1_481' title='bbox 2348 2296 2601 2361; x_wconf 77' lang='grc' dir='ltr'>ἐξέϐαλον</span> <span class='ocrx_word' id='word_1_482' title='bbox 2638 2296 2716 2360; x_wconf 88' lang='grc' dir='ltr'>ώς</span> <span class='ocrx_word' id='word_1_483' title='bbox 2765 2297 2979 2367; x_wconf 83' lang='grc' dir='ltr'>ἄλογον.</span> <span class='ocrx_word' id='word_1_484' title='bbox 3029 2299 3095 2352; x_wconf 71' lang='lat' dir='ltr'>Et</span> <span class='ocrx_word' id='word_1_485' title='bbox 3135 2298 3193 2352; x_wconf 87' lang='grc' dir='ltr'>δέ</span> <span class='ocrx_word' id='word_1_486' title='bbox 3237 2299 3297 2352; x_wconf 86' lang='grc' dir='ltr'>ἐν</span> <span class='ocrx_word' id='word_1_487' title='bbox 3342 2299 3573 2371; x_wconf 83' lang='grc' dir='ltr'>Ἕλλησι</span> <span class='ocrx_word' id='word_1_488' title='bbox 3616 2299 3799 2371; x_wconf 69' lang='grc' dir='ltr'>⁴τοῦτο,</span> 
     </span>
    </p>
   </div>
   <div class='ocr_carea' id='block_1_64' title="bbox 2206 2379 3805 2452">
    <p class='ocr_par' dir='ltr' id='par_1_64' title="bbox 2206 2379 3805 2452">
     <span class='ocr_line' id='line_1_64' title="bbox 2206 2379 3805 2452; baseline 0.001 -20"><span class='ocrx_word' id='word_1_489' title='bbox 2206 2379 2385 2449; x_wconf 86' lang='grc' dir='ltr'>πολλῷ</span> <span class='ocrx_word' id='word_1_490' title='bbox 2427 2379 2627 2449; x_wconf 76' lang='grc' dir='ltr'>μᾶλλον</span> <span class='ocrx_word' id='word_1_491' title='bbox 2651 2379 2745 2433; x_wconf 74' lang='grc' dir='ltr'>καὶ</span> <span class='ocrx_word' id='word_1_492' title='bbox 2776 2381 2834 2432; x_wconf 83' lang='grc' dir='ltr'>ἐν</span> <span class='ocrx_word' id='word_1_493' title='bbox 2863 2380 2942 2452; x_wconf 86' lang='grc' dir='ltr'>τῷ</span> <span class='ocrx_word' id='word_1_494' title='bbox 2982 2382 3112 2452; x_wconf 77' lang='grc' dir='ltr'>περὶ</span> <span class='ocrx_word' id='word_1_495' title='bbox 3151 2382 3253 2452; x_wconf 85' lang='grc' dir='ltr'>τῆς</span> <span class='ocrx_word' id='word_1_496' title='bbox 3281 2382 3635 2445; x_wconf 51' lang='grc' dir='ltr'>ἀναστάσεως</span> <span class='ocrx_word' id='word_1_497' title='bbox 3659 2382 3805 2452; x_wconf 83' lang='grc' dir='ltr'>λόγῳ</span> 
     </span>
    </p>
   </div>
   <div class='ocr_carea' id='block_1_65' title="bbox 2204 2462 3803 2533">
    <p class='ocr_par' dir='ltr' id='par_1_65' title="bbox 2204 2462 3803 2533">
     <span class='ocr_line' id='line_1_65' title="bbox 2204 2462 3803 2533; baseline 0.004 -18"><span class='ocrx_word' id='word_1_498' title='bbox 2204 2462 2367 2516; x_wconf 85' lang='grc' dir='ltr'>οῦτω.</span> <span class='ocrx_word' id='word_1_499' title='bbox 2416 2462 2526 2516; x_wconf 88' lang='grc' dir='ltr'>Θέα</span> <span class='ocrx_word' id='word_1_500' title='bbox 2570 2463 2628 2515; x_wconf 87' lang='grc' dir='ltr'>δέ</span> <span class='ocrx_word' id='word_1_501' title='bbox 2664 2480 2755 2533; x_wconf 92' lang='grc' dir='ltr'>μοι</span> <span class='ocrx_word' id='word_1_502' title='bbox 2793 2464 2910 2529; x_wconf 82' lang='grc' dir='ltr'>πῶς</span> <span class='ocrx_word' id='word_1_503' title='bbox 2938 2464 3033 2519; x_wconf 91' lang='grc' dir='ltr'>δύο</span> <span class='ocrx_word' id='word_1_504' title='bbox 3077 2465 3304 2521; x_wconf 86' lang='grc' dir='ltr'>ἐναντία</span> <span class='ocrx_word' id='word_1_505' title='bbox 3342 2466 3750 2521; x_wconf 86' lang='grc' dir='ltr'>κατεσκεύασεν</span> <span class='ocrx_word' id='word_1_506' title='bbox 3772 2469 3803 2520; x_wconf 89' lang='lat'>6</span> 
     </span>
    </p>
   </div>
   <div class='ocr_carea' id='block_1_66' title="bbox 2203 2545 3804 2620">
    <p class='ocr_par' dir='ltr' id='par_1_66' title="bbox 2203 2545 3804 2620">
     <span class='ocr_line' id='line_1_66' title="bbox 2203 2545 3804 2620; baseline 0.002 -22"><span class='ocrx_word' id='word_1_507' title='bbox 2203 2545 2448 2608; x_wconf 84' lang='grc' dir='ltr'>διάϐολος</span> <span class='ocrx_word' id='word_1_508' title='bbox 2470 2563 2483 2575; x_wconf 65' lang='grc' dir='ltr'>θ</span> <span class='ocrx_word' id='word_1_509' title='bbox 2517 2545 2605 2598; x_wconf 85' lang='grc' dir='ltr'>ἴνα</span> <span class='ocrx_word' id='word_1_510' title='bbox 2631 2546 2739 2618; x_wconf 72' lang='grc' dir='ltr'>γὰρ</span> <span class='ocrx_word' id='word_1_511' title='bbox 2768 2546 3065 2617; x_wconf 87' lang='grc' dir='ltr'>ἀμελῶμεν</span> <span class='ocrx_word' id='word_1_512' title='bbox 3109 2549 3336 2619; x_wconf 81' lang='grc' dir='ltr'>ἀρετῆς,</span> <span class='ocrx_word' id='word_1_513' title='bbox 3377 2551 3472 2602; x_wconf 82' lang='grc' dir='ltr'>καὶ</span> <span class='ocrx_word' id='word_1_514' title='bbox 3521 2549 3610 2602; x_wconf 83' lang='grc' dir='ltr'>ἴνα</span> <span class='ocrx_word' id='word_1_515' title='bbox 3638 2548 3804 2620; x_wconf 79' lang='grc' dir='ltr'>θερα-</span> 
     </span>
    </p>
   </div>
   <div class='ocr_carea' id='block_1_67' title="bbox 2206 2627 3800 2703">
    <p class='ocr_par' dir='ltr' id='par_1_67' title="bbox 2206 2627 3800 2703">
     <span class='ocr_line' id='line_1_67' title="bbox 2206 2627 3800 2703; baseline 0.003 -22"><span class='ocrx_word' id='word_1_516' title='bbox 2206 2629 2461 2697; x_wconf 83' lang='grc' dir='ltr'>πεύωμεν</span> <span class='ocrx_word' id='word_1_517' title='bbox 2488 2627 2771 2698; x_wconf 88' lang='grc' dir='ltr'>δαίμονας,</span> <span class='ocrx_word' id='word_1_518' title='bbox 2810 2631 2910 2701; x_wconf 81' lang='grc' dir='ltr'>τὴν</span> <span class='ocrx_word' id='word_1_519' title='bbox 2958 2632 3206 2703; x_wconf 84' lang='grc' dir='ltr'>ἀνάγκην</span> <span class='ocrx_word' id='word_1_520' title='bbox 3249 2635 3565 2703; x_wconf 86' lang='grc' dir='ltr'>εἰσήγαγεν,</span> <span class='ocrx_word' id='word_1_521' title='bbox 3602 2634 3695 2686; x_wconf 75' lang='grc' dir='ltr'>καὶ</span> <span class='ocrx_word' id='word_1_522' title='bbox 3731 2634 3800 2686; x_wconf 83' lang='grc' dir='ltr'>δι’</span> 
     </span>
    </p>
   </div>
   <div class='ocr_carea' id='block_1_68' title="bbox 2205 2711 3798 2786">
    <p class='ocr_par' dir='ltr' id='par_1_68' title="bbox 2205 2711 3798 2786">
     <span class='ocr_line' id='line_1_68' title="bbox 2205 2711 3798 2786; baseline 0.003 -22"><span class='ocrx_word' id='word_1_523' title='bbox 2205 2711 2482 2780; x_wconf 79' lang='grc' dir='ltr'>ἑκατέρων</span> <span class='ocrx_word' id='word_1_524' title='bbox 2505 2722 2531 2750; x_wconf 69' lang='grc' dir='ltr'>ε</span> <span class='ocrx_word' id='word_1_525' title='bbox 2551 2711 2837 2783; x_wconf 86' lang='grc' dir='ltr'>ἀμφότερα</span> <span class='ocrx_word' id='word_1_526' title='bbox 2853 2712 3060 2767; x_wconf 82' lang='grc' dir='ltr'>ἔπεισε.</span> <span class='ocrx_word' id='word_1_527' title='bbox 3086 2714 3219 2768; x_wconf 87' lang='grc' dir='ltr'>Τίνα</span> <span class='ocrx_word' id='word_1_528' title='bbox 3234 2711 3326 2769; x_wconf 87' lang='grc' dir='ltr'>οῦν</span> <span class='ocrx_word' id='word_1_529' title='bbox 3341 2717 3629 2786; x_wconf 87' lang='grc' dir='ltr'>δυνήσεται</span> <span class='ocrx_word' id='word_1_530' title='bbox 3640 2716 3798 2784; x_wconf 90' lang='grc' dir='ltr'>λόγον</span> 
     </span>
    </p>
   </div>
   <div class='ocr_carea' id='block_1_69' title="bbox 2203 2794 3801 2870">
    <p class='ocr_par' dir='ltr' id='par_1_69' title="bbox 2203 2794 3801 2870">
     <span class='ocr_line' id='line_1_69' title="bbox 2203 2794 3801 2870; baseline 0.001 -22"><span class='ocrx_word' id='word_1_531' title='bbox 2203 2794 2437 2848; x_wconf 88' lang='grc' dir='ltr'>δοῦναιὸ</span> <span class='ocrx_word' id='word_1_532' title='bbox 2480 2794 2778 2847; x_wconf 85' lang='grc' dir='ltr'>διαπιστῶν</span> <span class='ocrx_word' id='word_1_533' title='bbox 2824 2796 3110 2867; x_wconf 80' lang='grc' dir='ltr'>πράγματι</span> <span class='ocrx_word' id='word_1_534' title='bbox 3146 2798 3289 2852; x_wconf 85' lang='grc' dir='ltr'>οῦτω</span> <span class='ocrx_word' id='word_1_535' title='bbox 3337 2798 3656 2870; x_wconf 81' lang='grc' dir='ltr'>θαυμαστῷ,</span> <span class='ocrx_word' id='word_1_536' title='bbox 3706 2799 3801 2853; x_wconf 76' lang='grc' dir='ltr'>καὶ</span> 
     </span>
    </p>
   </div>
   <div class='ocr_carea' id='block_1_70' title="bbox 2203 2875 3803 2951">
    <p class='ocr_par' dir='ltr' id='par_1_70' title="bbox 2203 2875 3803 2951">
     <span class='ocr_line' id='line_1_70' title="bbox 2203 2875 3803 2951; baseline 0.003 -23"><span class='ocrx_word' id='word_1_537' title='bbox 2203 2878 2317 2940; x_wconf 85' lang='grc' dir='ltr'>τοῖς</span> <span class='ocrx_word' id='word_1_538' title='bbox 2369 2878 2548 2929; x_wconf 87' lang='grc' dir='ltr'>ἐκεῖνα</span> <span class='ocrx_word' id='word_1_539' title='bbox 2592 2875 2818 2947; x_wconf 83' lang='grc' dir='ltr'>ληροῦσι</span> <span class='ocrx_word' id='word_1_540' title='bbox 2874 2879 3225 2949; x_wconf 88' lang='grc' dir='ltr'>πειθόμενος;</span> <span class='ocrx_word' id='word_1_541' title='bbox 3302 2882 3393 2950; x_wconf 83' lang='grc' dir='ltr'>Μὴ</span> <span class='ocrx_word' id='word_1_542' title='bbox 3439 2882 3619 2934; x_wconf 80' lang='grc' dir='ltr'>τοίνυν</span> <span class='ocrx_word' id='word_1_543' title='bbox 3666 2880 3803 2951; x_wconf 72' lang='grc' dir='ltr'>μηδὲ</span> 
     </span>
    </p>
   </div>
   <div class='ocr_carea' id='block_1_71' title="bbox 2203 2958 3800 3036">
    <p class='ocr_par' dir='ltr' id='par_1_71' title="bbox 2203 2958 3800 3036">
     <span class='ocr_line' id='line_1_71' title="bbox 2203 2958 3800 3036; baseline 0.002 -24"><span class='ocrx_word' id='word_1_544' title='bbox 2203 2958 2338 3031; x_wconf 89' lang='grc' dir='ltr'>αῦτη</span> <span class='ocrx_word' id='word_1_545' title='bbox 2365 2975 2423 3011; x_wconf 90' lang='grc' dir='ltr'>σε</span> <span class='ocrx_word' id='word_1_546' title='bbox 2446 2960 2478 3030; x_wconf 87' lang='grc' dir='ltr'><strong>ἡ</strong></span> <span class='ocrx_word' id='word_1_547' title='bbox 2501 2959 2819 3029; x_wconf 78' lang='grc' dir='ltr'>παραμυθία</span> <span class='ocrx_word' id='word_1_548' title='bbox 2843 2961 3115 3032; x_wconf 88' lang='grc' dir='ltr'>τρεφέτω,</span> <span class='ocrx_word' id='word_1_549' title='bbox 3152 2964 3228 3027; x_wconf 87' lang='grc' dir='ltr'>ώς</span> <span class='ocrx_word' id='word_1_550' title='bbox 3257 2964 3422 3036; x_wconf 80' lang='grc' dir='ltr'>τεύξῃ</span> <span class='ocrx_word' id='word_1_551' title='bbox 3444 2964 3800 3034; x_wconf 84' lang='grc' dir='ltr'>συγγνώμης’</span> 
     </span>
    </p>
   </div>
   <div class='ocr_carea' id='block_1_72' title="bbox 2211 3041 3806 3117">
    <p class='ocr_par' dir='ltr' id='par_1_72' title="bbox 2211 3041 3806 3117">
     <span class='ocr_line' id='line_1_72' title="bbox 2211 3041 3806 3117; baseline 0.001 -21"><span class='ocrx_word' id='word_1_552' title='bbox 2211 3041 2349 3096; x_wconf 85' lang='grc' dir='ltr'>ἀλλά</span> <span class='ocrx_word' id='word_1_553' title='bbox 2383 3042 2782 3110; x_wconf 71' lang='grc' dir='ltr'>συστρέψαντες</span> <span class='ocrx_word' id='word_1_554' title='bbox 2816 3044 3068 3108; x_wconf 75' lang='grc' dir='ltr'>ἑαυτοὺς,</span> <span class='ocrx_word' id='word_1_555' title='bbox 3110 3046 3468 3117; x_wconf 89' lang='grc' dir='ltr'>διεγείρωμεν</span> <span class='ocrx_word' id='word_1_556' title='bbox 3512 3046 3648 3117; x_wconf 89' lang='grc' dir='ltr'>πρὸς</span> <span class='ocrx_word' id='word_1_557' title='bbox 3674 3047 3806 3115; x_wconf 83' lang='grc' dir='ltr'>ἁρε-</span> 
     </span>
    </p>
   </div>
   <div class='ocr_carea' id='block_1_73' title="bbox 2212 3123 3805 3200">
    <p class='ocr_par' dir='ltr' id='par_1_73' title="bbox 2212 3123 3805 3200">
     <span class='ocr_line' id='line_1_73' title="bbox 2212 3123 3805 3200; baseline 0.001 -23"><span class='ocrx_word' id='word_1_558' title='bbox 2212 3124 2333 3196; x_wconf 84' lang='grc' dir='ltr'>τὴν,</span> <span class='ocrx_word' id='word_1_559' title='bbox 2366 3125 2460 3178; x_wconf 72' lang='grc' dir='ltr'>καὶ</span> <span class='ocrx_word' id='word_1_560' title='bbox 2488 3123 2745 3195; x_wconf 80' lang='grc' dir='ltr'>ζήσωμεν</span> <span class='ocrx_word' id='word_1_561' title='bbox 2776 3126 2993 3196; x_wconf 85' lang='grc' dir='ltr'>άληθῶς</span> <span class='ocrx_word' id='word_1_562' title='bbox 3036 3125 3116 3197; x_wconf 74' lang='grc' dir='ltr'>τῷ</span> <span class='ocrx_word' id='word_1_563' title='bbox 3150 3127 3292 3199; x_wconf 82' lang='grc' dir='ltr'>Θεῷ,</span> <span class='ocrx_word' id='word_1_564' title='bbox 3334 3129 3393 3180; x_wconf 89' lang='grc' dir='ltr'>ἐν</span> <span class='ocrx_word' id='word_1_565' title='bbox 3427 3128 3670 3200; x_wconf 85' lang='grc' dir='ltr'>Χριστῷ,</span> <span class='ocrx_word' id='word_1_566' title='bbox 3709 3128 3805 3181; x_wconf 71' lang='grc' dir='ltr'>καὶ</span> 
     </span>
    </p>
   </div>
   <div class='ocr_carea' id='block_1_74' title="bbox 2205 3207 2468 3278">
    <p class='ocr_par' dir='ltr' id='par_1_74' title="bbox 2205 3207 2468 3278">
     <span class='ocr_line' id='line_1_74' title="bbox 2205 3207 2468 3278; baseline -0.004 -17"><span class='ocrx_word' id='word_1_567' title='bbox 2205 3209 2275 3261; x_wconf 77' lang='grc' dir='ltr'>τὰ</span> <span class='ocrx_word' id='word_1_568' title='bbox 2315 3207 2468 3278; x_wconf 74' lang='grc' dir='ltr'>ἑξῆς.</span> 
     </span>
    </p>
   </div>
   <div class='ocr_carea' id='block_1_75' title="bbox 2270 3302 3806 3367">
    <p class='ocr_par' dir='ltr' id='par_1_75' title="bbox 2270 3302 3806 3367">
     <span class='ocr_line' id='line_1_75' title="bbox 2270 3302 3806 3367; baseline 0.001 -15"><span class='ocrx_word' id='word_1_569' title='bbox 2270 3304 2297 3332; x_wconf 76' lang='grc' dir='ltr'>ι</span> <span class='ocrx_word' id='word_1_570' title='bbox 2318 3303 2435 3367; x_wconf 55' lang='lat' dir='ltr'>Haec</span> <span class='ocrx_word' id='word_1_571' title='bbox 2459 3308 2539 3352; x_wconf 77' lang='lat' dir='ltr'>est</span> <span class='ocrx_word' id='word_1_572' title='bbox 2562 3304 2712 3353; x_wconf 69' lang='lat' dir='ltr'>lectio</span> <span class='ocrx_word' id='word_1_573' title='bbox 2736 3305 2882 3367; x_wconf 64' lang='lat' dir='ltr'><strong>unius</strong></span> <span class='ocrx_word' id='word_1_574' title='bbox 2900 3304 3006 3353; x_wconf 90' lang='lat' dir='ltr'>cod.</span> <span class='ocrx_word' id='word_1_575' title='bbox 3028 3309 3080 3353; x_wconf 80' lang='lat' dir='ltr'><strong>et</strong></span> <span class='ocrx_word' id='word_1_576' title='bbox 3103 3302 3295 3355; x_wconf 84' lang='lat' dir='ltr'>Savilii.</span> <span class='ocrx_word' id='word_1_577' title='bbox 3310 3304 3599 3367; x_wconf 75' lang='lat' dir='ltr'>Legebalur</span> <span class='ocrx_word' id='word_1_578' title='bbox 3616 3305 3806 3367; x_wconf 82' lang='grc' dir='ltr'>ἀρετῆς,</span> 
     </span>
    </p>
   </div>
   <div class='ocr_carea' id='block_1_76' title="bbox 2203 3365 3806 3441">
    <p class='ocr_par' dir='ltr' id='par_1_76' title="bbox 2203 3365 3806 3441">
     <span class='ocr_line' id='line_1_76' title="bbox 2203 3365 3806 3441; baseline 0 -28"><span class='ocrx_word' id='word_1_579' title='bbox 2203 3366 2291 3423; x_wconf 75' lang='grc' dir='ltr'>τὴν</span> <span class='ocrx_word' id='word_1_580' title='bbox 2312 3366 2521 3441; x_wconf 60' lang='grc' dir='ltr'>ἀνάγκην</span> <span class='ocrx_word' id='word_1_581' title='bbox 2546 3366 2845 3441; x_wconf 58' lang='grc' dir='ltr'>εἰσήγαγενρ</span> <span class='ocrx_word' id='word_1_582' title='bbox 2869 3365 3109 3441; x_wconf 61' lang='grc' dir='ltr'>διάϐολος,</span> <span class='ocrx_word' id='word_1_583' title='bbox 3140 3367 3222 3441; x_wconf 66' lang='grc' dir='ltr'>καὶ</span> <span class='ocrx_word' id='word_1_584' title='bbox 3243 3368 3322 3415; x_wconf 84' lang='grc' dir='ltr'>ἶνα</span> <span class='ocrx_word' id='word_1_585' title='bbox 3348 3365 3684 3441; x_wconf 62' lang='grc' dir='ltr'>θεραπεύωμεγ</span> <span class='ocrx_word' id='word_1_586' title='bbox 3706 3366 3806 3413; x_wconf 65' lang='grc' dir='ltr'>δαίς</span> 
     </span>
    </p>
   </div>
   <div class='ocr_carea' id='block_1_77' title="bbox 2207 3426 3804 3490">
    <p class='ocr_par' dir='ltr' id='par_1_77' title="bbox 2207 3426 3804 3490">
     <span class='ocr_line' id='line_1_77' title="bbox 2207 3426 3804 3490; baseline 0.001 -16"><span class='ocrx_word' id='word_1_587' title='bbox 2207 3443 2351 3490; x_wconf 65' lang='grc' dir='ltr'>μοναί</span> <span class='ocrx_word' id='word_1_588' title='bbox 2370 3428 2639 3490; x_wconf 83' lang='grc' dir='ltr'>προθύμως,</span> <span class='ocrx_word' id='word_1_589' title='bbox 2662 3426 2747 3490; x_wconf 83' lang='grc' dir='ltr'>διὰ</span> <span class='ocrx_word' id='word_1_590' title='bbox 2766 3426 2851 3490; x_wconf 67' lang='grc' dir='ltr'>δύο</span> <span class='ocrx_word' id='word_1_591' title='bbox 2887 3427 3111 3476; x_wconf 80' lang='grc' dir='ltr'>ἐναντίων</span> <span class='ocrx_word' id='word_1_592' title='bbox 3148 3428 3330 3489; x_wconf 73' lang='grc' dir='ltr'>ἔπεισε,</span> <span class='ocrx_word' id='word_1_593' title='bbox 3355 3426 3434 3476; x_wconf 75' lang='grc' dir='ltr'>ἵνα</span> <span class='ocrx_word' id='word_1_594' title='bbox 3475 3426 3804 3490; x_wconf 81' lang='grc' dir='ltr'>θεραπεύωμεν</span> 
     </span>
    </p>
   </div>
   <div class='ocr_carea' id='block_1_78' title="bbox 2205 3487 2960 3550">
    <p class='ocr_par' dir='ltr' id='par_1_78' title="bbox 2205 3487 2960 3550">
     <span class='ocr_line' id='line_1_78' title="bbox 2205 3487 2960 3550; baseline 0.001 -14"><span class='ocrx_word' id='word_1_595' title='bbox 2205 3487 2449 3550; x_wconf 75' lang='grc' dir='ltr'>δαίμονας,</span> <span class='ocrx_word' id='word_1_596' title='bbox 2469 3490 2551 3536; x_wconf 78' lang='grc' dir='ltr'>καὶ</span> <span class='ocrx_word' id='word_1_597' title='bbox 2569 3489 2628 3536; x_wconf 88' lang='grc' dir='ltr'>δι’</span> <span class='ocrx_word' id='word_1_598' title='bbox 2652 3488 2785 3536; x_wconf 87' lang='grc' dir='ltr'>έκατ.</span> <span class='ocrx_word' id='word_1_599' title='bbox 2815 3487 2960 3537; x_wconf 70' lang='lat' dir='ltr'>Eutr.</span> 
     </span>
    </p>
   </div>
   <div class='ocr_carea' id='block_1_79' title="bbox 1982 3644 2341 3730">
    <p class='ocr_par' dir='ltr' id='par_1_79' title="bbox 1982 3644 2341 3730">
     <span class='ocr_line' id='line_1_79' title="bbox 1982 3644 2341 3730; baseline -0.011 0"><span class='ocrx_word' id='word_1_600' title='bbox 1982 3644 2226 3730; x_wconf 56' lang='lat' dir='ltr'>03.1mm</span> <span class='ocrx_word' id='word_1_601' title='bbox 2267 3674 2341 3727; x_wconf 73' lang='grc' dir='ltr'>Ρ.</span> 
     </span>
    </p>
   </div>
   <div class='ocr_carea' id='block_1_80' title="bbox 531 3766 2107 3840">
    <p class='ocr_par' dir='ltr' id='par_1_80' title="bbox 531 3766 2107 3840">
     <span class='ocr_line' id='line_1_80' title="bbox 531 3766 2107 3840; baseline 0 -17"><span class='ocrx_word' id='word_1_602' title='bbox 531 3766 683 3840; x_wconf 73' lang='grc'>[543]</span> <span class='ocrx_word' id='word_1_603' title='bbox 723 3769 830 3836; x_wconf 81' lang='grc' dir='ltr'>’ος</span> <span class='ocrx_word' id='word_1_604' title='bbox 868 3770 1039 3824; x_wconf 83' lang='grc' dir='ltr'>ἐστιν</span> <span class='ocrx_word' id='word_1_605' title='bbox 1093 3768 1271 3823; x_wconf 76' lang='grc' dir='ltr'>εἰκὼν</span> <span class='ocrx_word' id='word_1_606' title='bbox 1314 3770 1421 3824; x_wconf 86' lang='grc' dir='ltr'>τοῦ</span> <span class='ocrx_word' id='word_1_607' title='bbox 1458 3769 1605 3825; x_wconf 83' lang='grc' dir='ltr'>Θεοῦ</span> <span class='ocrx_word' id='word_1_608' title='bbox 1653 3770 1761 3825; x_wconf 82' lang='grc' dir='ltr'>τοῦ</span> <span class='ocrx_word' id='word_1_609' title='bbox 1812 3769 2107 3839; x_wconf 80' lang='grc' dir='ltr'>ἀοράτου,</span> 
     </span>
    </p>
   </div>
   <div class='ocr_carea' id='block_1_81' title="bbox 600 3851 2113 3920">
    <p class='ocr_par' dir='ltr' id='par_1_81' title="bbox 600 3851 2113 3920">
     <span class='ocr_line' id='line_1_81' title="bbox 600 3851 2113 3920; baseline 0.002 -18"><span class='ocrx_word' id='word_1_610' title='bbox 600 3853 975 3919; x_wconf 75' lang='grc' dir='ltr'>πρωτότοκος</span> <span class='ocrx_word' id='word_1_611' title='bbox 1036 3851 1239 3919; x_wconf 77' lang='grc' dir='ltr'>πάσης</span> <span class='ocrx_word' id='word_1_612' title='bbox 1302 3854 1575 3920; x_wconf 82' lang='grc' dir='ltr'>κτίσεως.</span> <span class='ocrx_word' id='word_1_613' title='bbox 1638 3852 1768 3906; x_wconf 86' lang='grc' dir='ltr'>Ὅτι</span> <span class='ocrx_word' id='word_1_614' title='bbox 1821 3852 1893 3906; x_wconf 80' lang='grc' dir='ltr'>ἐν</span> <span class='ocrx_word' id='word_1_615' title='bbox 1952 3851 2113 3916; x_wconf 85' lang='grc' dir='ltr'>αὑτῷ</span> 
     </span>
    </p>
   </div>
   <div class='ocr_carea' id='block_1_82' title="bbox 594 3934 2111 4004">
    <p class='ocr_par' dir='ltr' id='par_1_82' title="bbox 594 3934 2111 4004">
     <span class='ocr_line' id='line_1_82' title="bbox 594 3934 2111 4004; baseline 0.002 -17"><span class='ocrx_word' id='word_1_616' title='bbox 594 3935 842 4004; x_wconf 74' lang='grc' dir='ltr'>ἐκτίσθη</span> <span class='ocrx_word' id='word_1_617' title='bbox 883 3934 956 3989; x_wconf 85' lang='grc' dir='ltr'>τὰ</span> <span class='ocrx_word' id='word_1_618' title='bbox 995 3935 1215 4003; x_wconf 80' lang='grc' dir='ltr'>πάντα,</span> <span class='ocrx_word' id='word_1_619' title='bbox 1262 3937 1334 3992; x_wconf 85' lang='grc' dir='ltr'>τὰ</span> <span class='ocrx_word' id='word_1_620' title='bbox 1370 3938 1441 3991; x_wconf 82' lang='grc' dir='ltr'>ἐν</span> <span class='ocrx_word' id='word_1_621' title='bbox 1460 3937 1583 4003; x_wconf 83' lang='grc' dir='ltr'>τοῖς</span> <span class='ocrx_word' id='word_1_622' title='bbox 1604 3936 1881 4004; x_wconf 76' lang='grc' dir='ltr'>οὐρανοῖς</span> <span class='ocrx_word' id='word_1_623' title='bbox 1911 3938 2008 3990; x_wconf 79' lang='grc' dir='ltr'>καὶ</span> <span class='ocrx_word' id='word_1_624' title='bbox 2037 3936 2111 3991; x_wconf 87' lang='grc' dir='ltr'>τὰ</span> 
     </span>
    </p>
   </div>
   <div class='ocr_carea' id='block_1_83' title="bbox 593 4017 2112 4089">
    <p class='ocr_par' dir='ltr' id='par_1_83' title="bbox 593 4017 2112 4089">
     <span class='ocr_line' id='line_1_83' title="bbox 593 4017 2112 4089; baseline 0 -16"><span class='ocrx_word' id='word_1_625' title='bbox 593 4019 696 4073; x_wconf 73' lang='grc' dir='ltr'>ἐπὶ</span> <span class='ocrx_word' id='word_1_626' title='bbox 750 4017 859 4086; x_wconf 84' lang='grc' dir='ltr'>τῆς</span> <span class='ocrx_word' id='word_1_627' title='bbox 908 4019 1061 4088; x_wconf 77' lang='grc' dir='ltr'>γῆς,</span> <span class='ocrx_word' id='word_1_628' title='bbox 1108 4020 1180 4074; x_wconf 87' lang='grc' dir='ltr'>τὰ</span> <span class='ocrx_word' id='word_1_629' title='bbox 1228 4022 1411 4089; x_wconf 81' lang='grc' dir='ltr'>ὁρατὰ</span> <span class='ocrx_word' id='word_1_630' title='bbox 1457 4021 1556 4075; x_wconf 78' lang='grc' dir='ltr'>καί</span> <span class='ocrx_word' id='word_1_631' title='bbox 1597 4021 1671 4074; x_wconf 86' lang='grc' dir='ltr'>τὰ</span> <span class='ocrx_word' id='word_1_632' title='bbox 1697 4020 1942 4089; x_wconf 80' lang='grc' dir='ltr'>ἀόρατα,</span> <span class='ocrx_word' id='word_1_633' title='bbox 1990 4020 2112 4073; x_wconf 79' lang='grc' dir='ltr'>εἶτε</span> 
     </span>
    </p>
   </div>
   <div class='ocr_carea' id='block_1_84' title="bbox 595 4102 2108 4172">
    <p class='ocr_par' dir='ltr' id='par_1_84' title="bbox 595 4102 2108 4172">
     <span class='ocr_line' id='line_1_84' title="bbox 595 4102 2108 4172; baseline -0.001 -15"><span class='ocrx_word' id='word_1_634' title='bbox 595 4104 796 4171; x_wconf 80' lang='grc' dir='ltr'>θρόνοι</span> <span class='ocrx_word' id='word_1_635' title='bbox 811 4102 868 4156; x_wconf 81' lang='grc' dir='ltr'>εἴ</span> <span class='ocrx_word' id='word_1_636' title='bbox 870 4119 931 4156; x_wconf 88' lang='grc' dir='ltr'>τε</span> <span class='ocrx_word' id='word_1_637' title='bbox 944 4104 1313 4171; x_wconf 73' lang='grc' dir='ltr'>κυριότητες,</span> <span class='ocrx_word' id='word_1_638' title='bbox 1336 4104 1392 4156; x_wconf 79' lang='grc' dir='ltr'>εἴ</span> <span class='ocrx_word' id='word_1_639' title='bbox 1396 4120 1456 4156; x_wconf 87' lang='grc' dir='ltr'>τε</span> <span class='ocrx_word' id='word_1_640' title='bbox 1475 4102 1651 4172; x_wconf 78' lang='grc' dir='ltr'>ἀρχαί</span> <span class='ocrx_word' id='word_1_641' title='bbox 1670 4103 1790 4156; x_wconf 80' lang='grc' dir='ltr'>εἴτε</span> <span class='ocrx_word' id='word_1_642' title='bbox 1807 4103 2108 4166; x_wconf 77' lang='grc' dir='ltr'>ἐξουσίαι·</span> 
     </span>
    </p>
   </div>
   <div class='ocr_carea' id='block_1_85' title="bbox 596 4186 2107 4254">
    <p class='ocr_par' dir='ltr' id='par_1_85' title="bbox 596 4186 2107 4254">
     <span class='ocr_line' id='line_1_85' title="bbox 596 4186 2107 4254; baseline 0.002 -14"><span class='ocrx_word' id='word_1_643' title='bbox 596 4187 673 4241; x_wconf 78' lang='grc' dir='ltr'>τὰ</span> <span class='ocrx_word' id='word_1_644' title='bbox 716 4187 915 4241; x_wconf 77' lang='grc' dir='ltr'>πάντα</span> <span class='ocrx_word' id='word_1_645' title='bbox 950 4186 1026 4240; x_wconf 79' lang='grc' dir='ltr'>δι’</span> <span class='ocrx_word' id='word_1_646' title='bbox 1069 4187 1257 4243; x_wconf 86' lang='grc' dir='ltr'>αὐτοῦ</span> <span class='ocrx_word' id='word_1_647' title='bbox 1279 4227 1295 4251; x_wconf 89' lang='grc'>,</span> <span class='ocrx_word' id='word_1_648' title='bbox 1343 4188 1441 4242; x_wconf 76' lang='grc' dir='ltr'>καὶ</span> <span class='ocrx_word' id='word_1_649' title='bbox 1475 4190 1561 4254; x_wconf 77' lang='grc' dir='ltr'>εἰς</span> <span class='ocrx_word' id='word_1_650' title='bbox 1591 4187 1777 4243; x_wconf 80' lang='grc' dir='ltr'>αὐτὸν</span> <span class='ocrx_word' id='word_1_651' title='bbox 1816 4187 2107 4243; x_wconf 77' lang='grc' dir='ltr'>ἔκτισται.</span> 
     </span>
    </p>
   </div>
   <div class='ocr_carea' id='block_1_86' title="bbox 593 4269 2112 4340">
    <p class='ocr_par' dir='ltr' id='par_1_86' title="bbox 593 4269 2112 4340">
     <span class='ocr_line' id='line_1_86' title="bbox 593 4269 2112 4340; baseline -0.001 -15"><span class='ocrx_word' id='word_1_652' title='bbox 593 4269 700 4325; x_wconf 69' lang='grc' dir='ltr'>Καὶ</span> <span class='ocrx_word' id='word_1_653' title='bbox 729 4272 912 4335; x_wconf 80' lang='grc' dir='ltr'>αὐτός</span> <span class='ocrx_word' id='word_1_654' title='bbox 951 4270 1082 4324; x_wconf 85' lang='grc' dir='ltr'>ἐστι</span> <span class='ocrx_word' id='word_1_655' title='bbox 1112 4272 1224 4340; x_wconf 86' lang='grc' dir='ltr'>πρὸ</span> <span class='ocrx_word' id='word_1_656' title='bbox 1266 4272 1529 4335; x_wconf 76' lang='grc' dir='ltr'>πάντων,</span> <span class='ocrx_word' id='word_1_657' title='bbox 1570 4272 1668 4324; x_wconf 83' lang='grc' dir='ltr'>καὶ</span> <span class='ocrx_word' id='word_1_658' title='bbox 1706 4270 1778 4323; x_wconf 84' lang='grc' dir='ltr'>τὰ</span> <span class='ocrx_word' id='word_1_659' title='bbox 1808 4271 2008 4324; x_wconf 75' lang='grc' dir='ltr'>πάντα</span> <span class='ocrx_word' id='word_1_660' title='bbox 2041 4272 2112 4325; x_wconf 74' lang='grc' dir='ltr'>ἐν</span> 
     </span>
    </p>
   </div>
   <div class='ocr_carea' id='block_1_87' title="bbox 595 4353 2107 4424">
    <p class='ocr_par' dir='ltr' id='par_1_87' title="bbox 595 4353 2107 4424">
     <span class='ocr_line' id='line_1_87' title="bbox 595 4353 2107 4424; baseline 0.001 -17"><span class='ocrx_word' id='word_1_661' title='bbox 595 4353 756 4419; x_wconf 83' lang='grc' dir='ltr'>αὐτῷ</span> <span class='ocrx_word' id='word_1_662' title='bbox 799 4353 1165 4422; x_wconf 79' lang='grc' dir='ltr'>συνέστηκε.</span> <span class='ocrx_word' id='word_1_663' title='bbox 1199 4354 1306 4408; x_wconf 81' lang='grc' dir='ltr'>Καὶ</span> <span class='ocrx_word' id='word_1_664' title='bbox 1350 4355 1536 4421; x_wconf 84' lang='grc' dir='ltr'>αὐτός</span> <span class='ocrx_word' id='word_1_665' title='bbox 1577 4354 1751 4408; x_wconf 82' lang='grc' dir='ltr'>ἐστιν</span> <span class='ocrx_word' id='word_1_666' title='bbox 1795 4356 1834 4423; x_wconf 75' lang='grc' dir='ltr'><em>ἠ</em></span> <span class='ocrx_word' id='word_1_667' title='bbox 1868 4354 2107 4424; x_wconf 59' lang='grc' dir='ltr'>κεφαλὴ</span> 
     </span>
    </p>
   </div>
   <div class='ocr_carea' id='block_1_88' title="bbox 504 4436 1568 4508">
    <p class='ocr_par' dir='ltr' id='par_1_88' title="bbox 504 4436 1568 4508">
     <span class='ocr_line' id='line_1_88' title="bbox 504 4436 1568 4508; baseline -0.001 -17"><span class='ocrx_word' id='word_1_668' title='bbox 504 4504 507 4507; x_wconf 19' lang='grc' dir='ltr'><em>Α</em></span> <span class='ocrx_word' id='word_1_669' title='bbox 594 4436 704 4491; x_wconf 85' lang='grc' dir='ltr'>τοῦ</span> <span class='ocrx_word' id='word_1_670' title='bbox 729 4436 1001 4508; x_wconf 84' lang='grc' dir='ltr'>σώματος</span> <span class='ocrx_word' id='word_1_671' title='bbox 1023 4436 1135 4506; x_wconf 82' lang='grc' dir='ltr'>τῆς</span> <span class='ocrx_word' id='word_1_672' title='bbox 1181 4438 1568 4506; x_wconf 77' lang='grc' dir='ltr'>Ἐκκλησίας.</span> 
     </span>
    </p>
   </div>
   <div class='ocr_carea' id='block_1_89' title="bbox 597 4554 2112 4629">
    <p class='ocr_par' dir='ltr' id='par_1_89' title="bbox 597 4554 2112 4629">
     <span class='ocr_line' id='line_1_89' title="bbox 597 4554 2112 4629; baseline 0 -19"><span class='ocrx_word' id='word_1_673' title='bbox 597 4556 665 4612; x_wconf 88' lang='grc' dir='ltr'>α’.</span> <span class='ocrx_word' id='word_1_674' title='bbox 701 4557 950 4627; x_wconf 89' lang='grc' dir='ltr'>Τήμερον</span> <span class='ocrx_word' id='word_1_675' title='bbox 982 4556 1276 4611; x_wconf 85' lang='grc' dir='ltr'>ἀποδοῦναι</span> <span class='ocrx_word' id='word_1_676' title='bbox 1308 4556 1604 4624; x_wconf 87' lang='grc' dir='ltr'>ἀναγκαῖον</span> <span class='ocrx_word' id='word_1_677' title='bbox 1632 4554 1694 4609; x_wconf 85' lang='grc' dir='ltr'>τὸ</span> <span class='ocrx_word' id='word_1_678' title='bbox 1712 4554 1952 4627; x_wconf 79' lang='grc' dir='ltr'>ὄφλημα,</span> <span class='ocrx_word' id='word_1_679' title='bbox 1974 4557 2112 4629; x_wconf 84' lang='grc' dir='ltr'>ὅπερ</span> 
     </span>
    </p>
   </div>
   <div class='ocr_carea' id='block_1_90' title="bbox 526 4635 2109 4711">
    <p class='ocr_par' dir='ltr' id='par_1_90' title="bbox 526 4635 2109 4711">
     <span class='ocr_line' id='line_1_90' title="bbox 526 4635 2109 4711; baseline 0 -18"><span class='ocrx_word' id='word_1_680' title='bbox 526 4638 654 4711; x_wconf 78' lang='grc' dir='ltr'>χθὲς</span> <span class='ocrx_word' id='word_1_681' title='bbox 678 4639 1040 4711; x_wconf 89' lang='grc' dir='ltr'>ἀνεϐαλόμην,</span> <span class='ocrx_word' id='word_1_682' title='bbox 1088 4638 1229 4692; x_wconf 82' lang='grc' dir='ltr'>ὥστε</span> <span class='ocrx_word' id='word_1_683' title='bbox 1265 4635 1645 4706; x_wconf 75' lang='grc' dir='ltr'>ἀκμαζούσαις</span> <span class='ocrx_word' id='word_1_684' title='bbox 1678 4638 1831 4708; x_wconf 84' lang='grc' dir='ltr'>ὑμῶν</span> <span class='ocrx_word' id='word_1_685' title='bbox 1861 4638 2109 4711; x_wconf 84' lang='grc' dir='ltr'>προσϐα-</span> 
     </span>
    </p>
   </div>
   <div class='ocr_carea' id='block_1_91' title="bbox 527 4720 2110 4794">
    <p class='ocr_par' dir='ltr' id='par_1_91' title="bbox 527 4720 2110 4794">
     <span class='ocr_line' id='line_1_91' title="bbox 527 4720 2110 4794; baseline 0.001 -17"><span class='ocrx_word' id='word_1_686' title='bbox 527 4723 639 4777; x_wconf 83' lang='grc' dir='ltr'>λεῖν</span> <span class='ocrx_word' id='word_1_687' title='bbox 663 4726 782 4788; x_wconf 89' lang='grc' dir='ltr'>ταῖς</span> <span class='ocrx_word' id='word_1_688' title='bbox 802 4724 1080 4787; x_wconf 89' lang='grc' dir='ltr'>διανοίαις.</span> <span class='ocrx_word' id='word_1_689' title='bbox 1116 4722 1253 4792; x_wconf 79' lang='grc' dir='ltr'>Περὶ</span> <span class='ocrx_word' id='word_1_690' title='bbox 1281 4722 1380 4791; x_wconf 84' lang='grc' dir='ltr'>τῆς</span> <span class='ocrx_word' id='word_1_691' title='bbox 1412 4721 1506 4775; x_wconf 82' lang='grc' dir='ltr'>τοῦ</span> <span class='ocrx_word' id='word_1_692' title='bbox 1530 4720 1662 4774; x_wconf 84' lang='grc' dir='ltr'>Υίοῦ</span> <span class='ocrx_word' id='word_1_693' title='bbox 1684 4722 1838 4790; x_wconf 80' lang='grc' dir='ltr'>ἀξίας</span> <span class='ocrx_word' id='word_1_694' title='bbox 1862 4723 2110 4794; x_wconf 85' lang='grc' dir='ltr'>διαλεγό-</span> 
     </span>
    </p>
   </div>
   <div class='ocr_carea' id='block_1_92' title="bbox 528 4805 2110 4879">
    <p class='ocr_par' dir='ltr' id='par_1_92' title="bbox 528 4805 2110 4879">
     <span class='ocr_line' id='line_1_92' title="bbox 528 4805 2110 4879; baseline -0.001 -16"><span class='ocrx_word' id='word_1_695' title='bbox 528 4825 689 4879; x_wconf 80' lang='grc' dir='ltr'>μενος</span> <span class='ocrx_word' id='word_1_696' title='bbox 719 4808 979 4872; x_wconf 83' lang='grc' dir='ltr'>ὀΠαῦλος</span> <span class='ocrx_word' id='word_1_697' title='bbox 1023 4806 1197 4861; x_wconf 90' lang='grc' dir='ltr'>ταῦτά</span> <span class='ocrx_word' id='word_1_698' title='bbox 1239 4823 1424 4876; x_wconf 87' lang='grc' dir='ltr'>φησιν,</span> <span class='ocrx_word' id='word_1_699' title='bbox 1465 4805 1656 4878; x_wconf 80' lang='grc' dir='ltr'>ὥσπερ</span> <span class='ocrx_word' id='word_1_700' title='bbox 1691 4809 1786 4861; x_wconf 69' lang='grc' dir='ltr'>καὶ</span> <span class='ocrx_word' id='word_1_701' title='bbox 1821 4808 2110 4875; x_wconf 77' lang='grc' dir='ltr'>ἀπεδείξα-</span> 
     </span>
    </p>
   </div>
   <div class='ocr_carea' id='block_1_93' title="bbox 529 4890 2107 4961">
    <p class='ocr_par' dir='ltr' id='par_1_93' title="bbox 529 4890 2107 4961">
     <span class='ocr_line' id='line_1_93' title="bbox 529 4890 2107 4961; baseline 0.001 -18"><span class='ocrx_word' id='word_1_702' title='bbox 529 4907 652 4961; x_wconf 72' lang='grc' dir='ltr'>μεψ</span> <span class='ocrx_word' id='word_1_703' title='bbox 693 4891 802 4958; x_wconf 72' lang='lat' dir='ltr'>&quot;Oc</span> <span class='ocrx_word' id='word_1_704' title='bbox 817 4891 989 4946; x_wconf 82' lang='grc' dir='ltr'>ἐστιν</span> <span class='ocrx_word' id='word_1_705' title='bbox 1006 4891 1184 4943; x_wconf 79' lang='grc' dir='ltr'>εἰκὼν</span> <span class='ocrx_word' id='word_1_706' title='bbox 1218 4890 1324 4944; x_wconf 87' lang='grc' dir='ltr'>τοῦ</span> <span class='ocrx_word' id='word_1_707' title='bbox 1343 4890 1491 4944; x_wconf 83' lang='grc' dir='ltr'>Θεοῦ</span> <span class='ocrx_word' id='word_1_708' title='bbox 1514 4890 1620 4943; x_wconf 86' lang='grc' dir='ltr'>τοῦ</span> <span class='ocrx_word' id='word_1_709' title='bbox 1640 4891 1920 4958; x_wconf 82' lang='grc' dir='ltr'>ἀοράτου.</span> <span class='ocrx_word' id='word_1_710' title='bbox 1949 4891 2107 4955; x_wconf 87' lang='grc' dir='ltr'>Τίνος</span> 
     </span>
    </p>
   </div>
   <div class='ocr_carea' id='block_1_94' title="bbox 493 4968 2106 5055">
    <p class='ocr_par' dir='ltr' id='par_1_94' title="bbox 493 4968 2106 5055">
     <span class='ocr_line' id='line_1_94' title="bbox 493 4968 2106 5055; baseline 0.001 -29"><span class='ocrx_word' id='word_1_711' title='bbox 493 4968 619 5055; x_wconf 38' lang='grc' dir='ltr'>,οὖν</span> <span class='ocrx_word' id='word_1_712' title='bbox 657 4973 819 5027; x_wconf 78' lang='grc' dir='ltr'>αὐτὸν</span> <span class='ocrx_word' id='word_1_713' title='bbox 847 4974 949 5027; x_wconf 79' lang='grc' dir='ltr'>οίει</span> <span class='ocrx_word' id='word_1_714' title='bbox 972 4973 1153 5042; x_wconf 90' lang='grc' dir='ltr'>λέγειν</span> <span class='ocrx_word' id='word_1_715' title='bbox 1180 4974 1365 5026; x_wconf 82' lang='grc' dir='ltr'>εἰκόνα</span> <span class='ocrx_word' id='word_1_716' title='bbox 1393 4969 1567 5040; x_wconf 56' lang='lat' dir='ltr'>alvum;</span> <span class='ocrx_word' id='word_1_717' title='bbox 1600 4973 1663 5025; x_wconf 82' lang='grc' dir='ltr'>Εί</span> <span class='ocrx_word' id='word_1_718' title='bbox 1693 4974 1792 5043; x_wconf 80' lang='grc' dir='ltr'>μὲν</span> <span class='ocrx_word' id='word_1_719' title='bbox 1830 4973 1924 5027; x_wconf 86' lang='grc' dir='ltr'>τοῦ</span> <span class='ocrx_word' id='word_1_720' title='bbox 1949 4973 2106 5040; x_wconf 88' lang='grc' dir='ltr'>Θεοῦ,</span> 
     </span>
    </p>
   </div>
   <div class='ocr_carea' id='block_1_95' title="bbox 527 5055 2108 5128">
    <p class='ocr_par' dir='ltr' id='par_1_95' title="bbox 527 5055 2108 5128">
     <span class='ocr_line' id='line_1_95' title="bbox 527 5055 2108 5128; baseline 0.002 -20"><span class='ocrx_word' id='word_1_721' title='bbox 527 5056 708 5120; x_wconf 85' lang='grc' dir='ltr'>καλῶς</span> <span class='ocrx_word' id='word_1_722' title='bbox 742 5072 756 5087; x_wconf 74' lang='grc'><strong><em>⁸</em></strong></span> <span class='ocrx_word' id='word_1_723' title='bbox 793 5056 926 5120; x_wconf 87' lang='grc' dir='ltr'>Θεὸς</span> <span class='ocrx_word' id='word_1_724' title='bbox 954 5056 1063 5128; x_wconf 74' lang='grc' dir='ltr'>γὰρ</span> <span class='ocrx_word' id='word_1_725' title='bbox 1093 5057 1187 5110; x_wconf 69' lang='grc' dir='ltr'>καὶ</span> <span class='ocrx_word' id='word_1_726' title='bbox 1231 5055 1366 5109; x_wconf 80' lang='grc' dir='ltr'>Θεοῦ</span> <span class='ocrx_word' id='word_1_727' title='bbox 1399 5056 1555 5119; x_wconf 82' lang='grc' dir='ltr'>Υἱός·</span> <span class='ocrx_word' id='word_1_728' title='bbox 1596 5055 1732 5109; x_wconf 85' lang='grc' dir='ltr'>Θεοῦ</span> <span class='ocrx_word' id='word_1_729' title='bbox 1769 5057 1826 5110; x_wconf 82' lang='grc' dir='ltr'>δὲ</span> <span class='ocrx_word' id='word_1_730' title='bbox 1855 5057 2021 5110; x_wconf 86' lang='grc' dir='ltr'>εἰκὼν</span> <span class='ocrx_word' id='word_1_731' title='bbox 2047 5058 2108 5111; x_wconf 83' lang='grc' dir='ltr'>τὸ</span> 
     </span>
    </p>
   </div>
   <div class='ocr_carea' id='block_1_96' title="bbox 492 5136 2114 5210">
    <p class='ocr_par' dir='ltr' id='par_1_96' title="bbox 492 5136 2114 5210">
     <span class='ocr_line' id='line_1_96' title="bbox 492 5136 2114 5210; baseline 0.002 -20"><span class='ocrx_word' id='word_1_732' title='bbox 492 5136 495 5139; x_wconf 76' lang='grc'><em>’</em></span> <span class='ocrx_word' id='word_1_733' title='bbox 527 5138 946 5210; x_wconf 78' lang='grc' dir='ltr'>ἀπαράλλακτον</span> <span class='ocrx_word' id='word_1_734' title='bbox 968 5139 1236 5192; x_wconf 86' lang='grc' dir='ltr'>δείκνυσιν</span> <span class='ocrx_word' id='word_1_735' title='bbox 1258 5155 1273 5170; x_wconf 81' lang='grc'><em>’</em></span> <span class='ocrx_word' id='word_1_736' title='bbox 1303 5140 1497 5192; x_wconf 84' lang='grc' dir='ltr'>οὐκοῦν</span> <span class='ocrx_word' id='word_1_737' title='bbox 1524 5139 1943 5209; x_wconf 83' lang='grc' dir='ltr'>ἀπαράλλακτος</span> <span class='ocrx_word' id='word_1_738' title='bbox 1968 5141 2114 5193; x_wconf 83' lang='grc' dir='ltr'>κατά</span> 
     </span>
    </p>
   </div>
   <div class='ocr_carea' id='block_1_97' title="bbox 528 5221 2111 5296">
    <p class='ocr_par' dir='ltr' id='par_1_97' title="bbox 528 5221 2111 5296">
     <span class='ocr_line' id='line_1_97' title="bbox 528 5221 2111 5296; baseline 0.003 -21"><span class='ocrx_word' id='word_1_739' title='bbox 528 5221 722 5276; x_wconf 79' lang='grc' dir='ltr'>τοῦτο’</span> <span class='ocrx_word' id='word_1_740' title='bbox 758 5225 807 5276; x_wconf 84' lang='grc' dir='ltr'>εἰ</span> <span class='ocrx_word' id='word_1_741' title='bbox 849 5223 908 5276; x_wconf 76' lang='grc' dir='ltr'>δὲ</span> <span class='ocrx_word' id='word_1_742' title='bbox 970 5223 1282 5296; x_wconf 86' lang='grc' dir='ltr'>ἀνθρώπου,</span> <span class='ocrx_word' id='word_1_743' title='bbox 1334 5225 1477 5290; x_wconf 83' lang='grc' dir='ltr'>είπὲ,</span> <span class='ocrx_word' id='word_1_744' title='bbox 1520 5225 1614 5277; x_wconf 74' lang='grc' dir='ltr'>καὶ</span> <span class='ocrx_word' id='word_1_745' title='bbox 1670 5225 1743 5288; x_wconf 77' lang='grc' dir='ltr'>ώς</span> <span class='ocrx_word' id='word_1_746' title='bbox 1784 5226 2111 5296; x_wconf 85' lang='grc' dir='ltr'>μαινομένου</span> 
     </span>
    </p>
   </div>
   <div class='ocr_carea' id='block_1_98' title="bbox 530 5312 2110 5387">
    <p class='ocr_par' dir='ltr' id='par_1_98' title="bbox 530 5312 2110 5387">
     <span class='ocr_line' id='line_1_98' title="bbox 530 5312 2110 5387; baseline 0.003 -22"><span class='ocrx_word' id='word_1_747' title='bbox 530 5312 715 5368; x_wconf 89' lang='grc' dir='ltr'>λοιπὸν</span> <span class='ocrx_word' id='word_1_748' title='bbox 737 5316 1135 5387; x_wconf 86' lang='grc' dir='ltr'>ἀποστήσομαι.</span> <span class='ocrx_word' id='word_1_749' title='bbox 1178 5315 1277 5368; x_wconf 77' lang='grc' dir='ltr'>Διά</span> <span class='ocrx_word' id='word_1_750' title='bbox 1303 5314 1355 5366; x_wconf 86' lang='grc' dir='ltr'>τί</span> <span class='ocrx_word' id='word_1_751' title='bbox 1383 5316 1442 5368; x_wconf 71' lang='grc' dir='ltr'>δὲ</span> <span class='ocrx_word' id='word_1_752' title='bbox 1473 5313 1722 5385; x_wconf 88' lang='grc' dir='ltr'>μηδαμοῦ</span> <span class='ocrx_word' id='word_1_753' title='bbox 1753 5316 1891 5386; x_wconf 89' lang='grc' dir='ltr'>μήτε</span> <span class='ocrx_word' id='word_1_754' title='bbox 1922 5315 2110 5382; x_wconf 76' lang='grc' dir='ltr'>εἰκὼν,</span> 
     </span>
    </p>
   </div>
   <div class='ocr_carea' id='block_1_99' title="bbox 534 5397 2115 5471">
    <p class='ocr_par' dir='ltr' id='par_1_99' title="bbox 534 5397 2115 5471">
     <span class='ocr_line' id='line_1_99' title="bbox 534 5397 2115 5471; baseline 0.003 -22"><span class='ocrx_word' id='word_1_755' title='bbox 534 5399 674 5468; x_wconf 85' lang='grc' dir='ltr'>μήτε</span> <span class='ocrx_word' id='word_1_756' title='bbox 704 5398 836 5462; x_wconf 84' lang='grc' dir='ltr'>υίὸς,</span> <span class='ocrx_word' id='word_1_757' title='bbox 870 5399 1100 5466; x_wconf 84' lang='grc' dir='ltr'>ἄγγελος</span> <span class='ocrx_word' id='word_1_758' title='bbox 1134 5397 1416 5469; x_wconf 79' lang='grc' dir='ltr'>κέκληται,</span> <span class='ocrx_word' id='word_1_759' title='bbox 1463 5399 1577 5451; x_wconf 74' lang='grc' dir='ltr'>ἀλλ’</span> <span class='ocrx_word' id='word_1_760' title='bbox 1612 5398 1899 5467; x_wconf 74' lang='grc' dir='ltr'>ἄνθρωπος</span> <span class='ocrx_word' id='word_1_761' title='bbox 1932 5401 2115 5471; x_wconf 76' lang='grc' dir='ltr'>ἀμφό-</span> 
     </span>
    </p>
   </div>
   <div class='ocr_carea' id='block_1_100' title="bbox 531 5481 2115 5555">
    <p class='ocr_par' dir='ltr' id='par_1_100' title="bbox 531 5481 2115 5555">
     <span class='ocr_line' id='line_1_100' title="bbox 531 5481 2115 5555; baseline 0.011 -23"><span class='ocrx_word' id='word_1_762' title='bbox 531 5499 702 5553; x_wconf 87' lang='grc' dir='ltr'>τερα;</span> <span class='ocrx_word' id='word_1_763' title='bbox 744 5482 842 5536; x_wconf 88' lang='grc' dir='ltr'>Διά</span> <span class='ocrx_word' id='word_1_764' title='bbox 883 5482 974 5547; x_wconf 88' lang='grc' dir='ltr'>τί;</span> <span class='ocrx_word' id='word_1_765' title='bbox 1014 5481 1135 5536; x_wconf 73' lang='grc' dir='ltr'>Ὀτι</span> <span class='ocrx_word' id='word_1_766' title='bbox 1166 5485 1282 5536; x_wconf 85' lang='grc' dir='ltr'>ἐκεῖ</span> <span class='ocrx_word' id='word_1_767' title='bbox 1320 5483 1422 5552; x_wconf 74' lang='grc' dir='ltr'>μὲν</span> <span class='ocrx_word' id='word_1_768' title='bbox 1450 5482 1510 5536; x_wconf 88' lang='grc' dir='ltr'>τὸ</span> <span class='ocrx_word' id='word_1_769' title='bbox 1550 5484 1647 5552; x_wconf 78' lang='grc' dir='ltr'>τῆς</span> <span class='ocrx_word' id='word_1_770' title='bbox 1686 5481 1901 5550; x_wconf 82' lang='grc' dir='ltr'>φύσεως</span> <span class='ocrx_word' id='word_1_771' title='bbox 1944 5484 2115 5555; x_wconf 82' lang='grc' dir='ltr'>ἀνηρ-</span> 
     </span>
    </p>
   </div>
   <div class='ocr_carea' id='block_1_101' title="bbox 539 5565 2117 5638">
    <p class='ocr_par' dir='ltr' id='par_1_101' title="bbox 539 5565 2117 5638">
     <span class='ocr_line' id='line_1_101' title="bbox 539 5565 2117 5638; baseline 0.003 -22"><span class='ocrx_word' id='word_1_772' title='bbox 539 5565 698 5633; x_wconf 87' lang='grc' dir='ltr'>μένον</span> <span class='ocrx_word' id='word_1_773' title='bbox 730 5566 940 5636; x_wconf 85' lang='grc' dir='ltr'>ταχέως</span> <span class='ocrx_word' id='word_1_774' title='bbox 978 5567 1045 5621; x_wconf 79' lang='grc' dir='ltr'>ἂν</span> <span class='ocrx_word' id='word_1_775' title='bbox 1082 5568 1210 5629; x_wconf 81' lang='grc' dir='ltr'>τοὺς</span> <span class='ocrx_word' id='word_1_776' title='bbox 1257 5567 1484 5632; x_wconf 77' lang='grc' dir='ltr'>πολλοὺς</span> <span class='ocrx_word' id='word_1_777' title='bbox 1518 5568 1599 5629; x_wconf 83' lang='grc' dir='ltr'>εἰς</span> <span class='ocrx_word' id='word_1_778' title='bbox 1618 5565 1826 5636; x_wconf 89' lang='grc' dir='ltr'>ταύτην</span> <span class='ocrx_word' id='word_1_779' title='bbox 1852 5566 1953 5638; x_wconf 80' lang='grc' dir='ltr'>τὴν</span> <span class='ocrx_word' id='word_1_780' title='bbox 1983 5568 2117 5621; x_wconf 75' lang='grc' dir='ltr'>ἀσέο</span> 
     </span>
    </p>
   </div>
   <div class='ocr_carea' id='block_1_102' title="bbox 537 5648 2118 5712">
    <p class='ocr_par' dir='ltr' id='par_1_102' title="bbox 537 5648 2118 5712">
     <span class='ocr_line' id='line_1_102' title="bbox 537 5648 2118 5712; baseline 0.005 -14"><span class='ocrx_word' id='word_1_781' title='bbox 537 5648 691 5699; x_wconf 81' lang='grc' dir='ltr'>ϐειαν</span> <span class='ocrx_word' id='word_1_782' title='bbox 726 5648 1005 5702; x_wconf 82' lang='grc' dir='ltr'>ἐνέϐαλεν’</span> <span class='ocrx_word' id='word_1_783' title='bbox 1051 5649 1290 5704; x_wconf 75' lang='grc' dir='ltr'>ἐνταῦθα</span> <span class='ocrx_word' id='word_1_784' title='bbox 1329 5650 1386 5703; x_wconf 79' lang='grc' dir='ltr'>δὲ</span> <span class='ocrx_word' id='word_1_785' title='bbox 1421 5650 1484 5703; x_wconf 89' lang='grc' dir='ltr'>τὸ</span> <span class='ocrx_word' id='word_1_786' title='bbox 1507 5649 1722 5712; x_wconf 79' lang='grc' dir='ltr'>εὐτελὲς</span> <span class='ocrx_word' id='word_1_787' title='bbox 1747 5652 1842 5704; x_wconf 77' lang='grc' dir='ltr'>καὶ</span> <span class='ocrx_word' id='word_1_788' title='bbox 1866 5652 2118 5706; x_wconf 78' lang='grc' dir='ltr'>ταπεινὸν</span> 
     </span>
    </p>
   </div>
   <div class='ocr_carea' id='block_1_103' title="bbox 538 5728 2120 5804">
    <p class='ocr_par' dir='ltr' id='par_1_103' title="bbox 538 5728 2120 5804">
     <span class='ocr_line' id='line_1_103' title="bbox 538 5728 2120 5804; baseline 0.004 -25"><span class='ocrx_word' id='word_1_789' title='bbox 538 5728 803 5796; x_wconf 77' lang='grc' dir='ltr'>ἐγγυᾶται</span> <span class='ocrx_word' id='word_1_790' title='bbox 832 5732 931 5802; x_wconf 82' lang='grc' dir='ltr'>τὴν</span> <span class='ocrx_word' id='word_1_791' title='bbox 961 5732 1281 5801; x_wconf 82' lang='grc' dir='ltr'>ἀσφάλειαν,</span> <span class='ocrx_word' id='word_1_792' title='bbox 1313 5733 1405 5787; x_wconf 75' lang='grc' dir='ltr'>καὶ</span> <span class='ocrx_word' id='word_1_793' title='bbox 1429 5731 1551 5787; x_wconf 81' lang='grc' dir='ltr'>ούδέ</span> <span class='ocrx_word' id='word_1_794' title='bbox 1574 5732 1931 5803; x_wconf 81' lang='grc' dir='ltr'>βουλομένους</span> <span class='ocrx_word' id='word_1_795' title='bbox 1958 5734 2120 5804; x_wconf 89' lang='grc' dir='ltr'>ἀφίη-</span> 
     </span>
    </p>
   </div>
   <div class='ocr_carea' id='block_1_104' title="bbox 543 5812 2122 5888">
    <p class='ocr_par' dir='ltr' id='par_1_104' title="bbox 543 5812 2122 5888">
     <span class='ocr_line' id='line_1_104' title="bbox 543 5812 2122 5888; baseline 0.003 -19"><span class='ocrx_word' id='word_1_796' title='bbox 543 5826 627 5869; x_wconf 77' lang='grc' dir='ltr'>σιν</span> <span class='ocrx_word' id='word_1_797' title='bbox 652 5812 995 5869; x_wconf 71' lang='grc' dir='ltr'>ὑποπτεῦσαι</span> <span class='ocrx_word' id='word_1_798' title='bbox 1023 5832 1075 5870; x_wconf 89' lang='grc' dir='ltr'>τι</span> <span class='ocrx_word' id='word_1_799' title='bbox 1108 5815 1367 5887; x_wconf 77' lang='grc' dir='ltr'>τοιοῦτον,</span> <span class='ocrx_word' id='word_1_800' title='bbox 1387 5817 1479 5871; x_wconf 68' lang='grc' dir='ltr'>καὶ</span> <span class='ocrx_word' id='word_1_801' title='bbox 1497 5821 1830 5888; x_wconf 87' lang='grc' dir='ltr'>καταγαγεῖν</span> <span class='ocrx_word' id='word_1_802' title='bbox 1849 5817 1939 5872; x_wconf 87' lang='grc' dir='ltr'>τὸν</span> <span class='ocrx_word' id='word_1_803' title='bbox 1967 5818 2122 5887; x_wconf 80' lang='grc' dir='ltr'>λόγον</span> 
     </span>
    </p>
   </div>
   <div class='ocr_carea' id='block_1_105' title="bbox 2214 3763 3802 3841">
    <p class='ocr_par' dir='ltr' id='par_1_105' title="bbox 2214 3763 3802 3841">
     <span class='ocr_line' id='line_1_105' title="bbox 2214 3763 3802 3841; baseline 0 -19"><span class='ocrx_word' id='word_1_804' title='bbox 2214 3768 2387 3822; x_wconf 89' lang='grc' dir='ltr'>κάτω.</span> <span class='ocrx_word' id='word_1_805' title='bbox 2442 3767 2541 3821; x_wconf 82' lang='grc' dir='ltr'>Διά</span> <span class='ocrx_word' id='word_1_806' title='bbox 2603 3767 2762 3820; x_wconf 88' lang='grc' dir='ltr'>τοῦτο</span> <span class='ocrx_word' id='word_1_807' title='bbox 2810 3766 2940 3822; x_wconf 77' lang='grc' dir='ltr'>ἔνθα</span> <span class='ocrx_word' id='word_1_808' title='bbox 2989 3769 3087 3840; x_wconf 82' lang='grc' dir='ltr'>μὲν</span> <span class='ocrx_word' id='word_1_809' title='bbox 3135 3763 3203 3841; x_wconf 83' lang='grc' dir='ltr'>ἦν</span> <span class='ocrx_word' id='word_1_810' title='bbox 3239 3767 3412 3840; x_wconf 85' lang='grc' dir='ltr'>πολλὴ</span> <span class='ocrx_word' id='word_1_811' title='bbox 3454 3767 3802 3839; x_wconf 86' lang='grc' dir='ltr'>ταπεινότης,</span> 
     </span>
    </p>
   </div>
   <div class='ocr_carea' id='block_1_106' title="bbox 2214 3840 3809 3923">
    <p class='ocr_par' dir='ltr' id='par_1_106' title="bbox 2214 3840 3809 3923">
     <span class='ocr_line' id='line_1_106' title="bbox 2214 3840 3809 3923; baseline -0.002 -19"><span class='ocrx_word' id='word_1_812' title='bbox 2214 3849 2567 3923; x_wconf 73' lang='grc' dir='ltr'>θαρρούντως</span> <span class='ocrx_word' id='word_1_813' title='bbox 2594 3850 2627 3920; x_wconf 88' lang='grc' dir='ltr'>ή</span> <span class='ocrx_word' id='word_1_814' title='bbox 2655 3849 2846 3921; x_wconf 82' lang='grc' dir='ltr'>Γραφὴ</span> <span class='ocrx_word' id='word_1_815' title='bbox 2871 3851 3057 3922; x_wconf 88' lang='grc' dir='ltr'>τίθησι</span> <span class='ocrx_word' id='word_1_816' title='bbox 3089 3840 3189 3922; x_wconf 81' lang='grc' dir='ltr'>τὴν</span> <span class='ocrx_word' id='word_1_817' title='bbox 3216 3853 3384 3922; x_wconf 90' lang='grc' dir='ltr'>τιμήν</span> <span class='ocrx_word' id='word_1_818' title='bbox 3406 3867 3421 3881; x_wconf 80' lang='grc'><strong><em>⁸</em></strong></span> <span class='ocrx_word' id='word_1_819' title='bbox 3456 3850 3585 3903; x_wconf 76' lang='grc' dir='ltr'>ἔνθα</span> <span class='ocrx_word' id='word_1_820' title='bbox 3605 3840 3665 3904; x_wconf 77' lang='grc' dir='ltr'>δὲ</span> <span class='ocrx_word' id='word_1_821' title='bbox 3697 3850 3809 3921; x_wconf 88' lang='grc' dir='ltr'>μεί-</span> 
     </span>
    </p>
   </div>
   <div class='ocr_carea' id='block_1_107' title="bbox 2214 3930 3806 4003">
    <p class='ocr_par' dir='ltr' id='par_1_107' title="bbox 2214 3930 3806 4003">
     <span class='ocr_line' id='line_1_107' title="bbox 2214 3930 3806 4003; baseline 0 -17"><span class='ocrx_word' id='word_1_822' title='bbox 2214 3933 2322 3999; x_wconf 84' lang='grc' dir='ltr'>ζων</span> <span class='ocrx_word' id='word_1_823' title='bbox 2347 3934 2379 4003; x_wconf 81' lang='grc' dir='ltr'>ή</span> <span class='ocrx_word' id='word_1_824' title='bbox 2418 3931 2615 4001; x_wconf 85' lang='grc' dir='ltr'>φύσις,</span> <span class='ocrx_word' id='word_1_825' title='bbox 2652 3932 2858 3986; x_wconf 84' lang='grc' dir='ltr'>οὐκέτι.</span> <span class='ocrx_word' id='word_1_826' title='bbox 2932 3933 3097 3999; x_wconf 83' lang='grc' dir='ltr'>Ἀλλ’,</span> <span class='ocrx_word' id='word_1_827' title='bbox 3143 3933 3343 3989; x_wconf 82' lang='grc' dir='ltr'>Είκὼν</span> <span class='ocrx_word' id='word_1_828' title='bbox 3381 3933 3486 3987; x_wconf 88' lang='grc' dir='ltr'>τοῦ</span> <span class='ocrx_word' id='word_1_829' title='bbox 3526 3930 3806 4000; x_wconf 82' lang='grc' dir='ltr'>ἀοράτου,</span> 
     </span>
    </p>
   </div>
   <div class='ocr_carea' id='block_1_108' title="bbox 2215 4013 3809 4088">
    <p class='ocr_par' dir='ltr' id='par_1_108' title="bbox 2215 4013 3809 4088">
     <span class='ocr_line' id='line_1_108' title="bbox 2215 4013 3809 4088; baseline -0.001 -19"><span class='ocrx_word' id='word_1_830' title='bbox 2215 4017 2400 4087; x_wconf 89' lang='grc' dir='ltr'>φησίν.</span> <span class='ocrx_word' id='word_1_831' title='bbox 2439 4013 2648 4069; x_wconf 85' lang='grc' dir='ltr'>Ούκοῦν</span> <span class='ocrx_word' id='word_1_832' title='bbox 2689 4016 2737 4068; x_wconf 86' lang='grc' dir='ltr'>εί</span> <span class='ocrx_word' id='word_1_833' title='bbox 2767 4017 2972 4080; x_wconf 84' lang='grc' dir='ltr'>ἐκεῖνος</span> <span class='ocrx_word' id='word_1_834' title='bbox 3001 4017 3253 4088; x_wconf 79' lang='grc' dir='ltr'>ἀόρατος,</span> <span class='ocrx_word' id='word_1_835' title='bbox 3305 4015 3403 4071; x_wconf 67' lang='grc' dir='ltr'>καὶ</span> <span class='ocrx_word' id='word_1_836' title='bbox 3427 4015 3567 4086; x_wconf 83' lang='grc' dir='ltr'>αῦτη</span> <span class='ocrx_word' id='word_1_837' title='bbox 3608 4016 3809 4085; x_wconf 85' lang='grc' dir='ltr'>ὁμοίως</span> 
     </span>
    </p>
   </div>
   <div class='ocr_carea' id='block_1_109' title="bbox 2212 4098 3811 4171">
    <p class='ocr_par' dir='ltr' id='par_1_109' title="bbox 2212 4098 3811 4171">
     <span class='ocr_line' id='line_1_109' title="bbox 2212 4098 3811 4171; baseline -0.001 -20"><span class='ocrx_word' id='word_1_838' title='bbox 2212 4100 2463 4169; x_wconf 89' lang='grc' dir='ltr'>ἀόρατος,</span> <span class='ocrx_word' id='word_1_839' title='bbox 2514 4098 2638 4151; x_wconf 80' lang='grc' dir='ltr'>ἐπεὶ</span> <span class='ocrx_word' id='word_1_840' title='bbox 2680 4098 2790 4151; x_wconf 79' lang='grc' dir='ltr'>ούδ’</span> <span class='ocrx_word' id='word_1_841' title='bbox 2826 4100 2893 4152; x_wconf 86' lang='grc' dir='ltr'>ἂν</span> <span class='ocrx_word' id='word_1_842' title='bbox 2939 4100 3104 4153; x_wconf 87' lang='grc' dir='ltr'>είκὼν</span> <span class='ocrx_word' id='word_1_843' title='bbox 3136 4100 3245 4171; x_wconf 78' lang='grc' dir='ltr'>εἴη.</span> <span class='ocrx_word' id='word_1_844' title='bbox 3308 4099 3420 4169; x_wconf 82' lang='grc' dir='ltr'>Τὴν</span> <span class='ocrx_word' id='word_1_845' title='bbox 3458 4099 3568 4171; x_wconf 84' lang='grc' dir='ltr'>γάρ</span> <span class='ocrx_word' id='word_1_846' title='bbox 3602 4098 3811 4163; x_wconf 79' lang='grc' dir='ltr'>εἰκόνα,</span> 
     </span>
    </p>
   </div>
   <div class='ocr_carea' id='block_1_110' title="bbox 2215 4180 3813 4255">
    <p class='ocr_par' dir='ltr' id='par_1_110' title="bbox 2215 4180 3813 4255">
     <span class='ocr_line' id='line_1_110' title="bbox 2215 4180 3813 4255; baseline 0 -21"><span class='ocrx_word' id='word_1_847' title='bbox 2215 4181 2348 4234; x_wconf 91' lang='grc' dir='ltr'>καθό</span> <span class='ocrx_word' id='word_1_848' title='bbox 2378 4183 2527 4235; x_wconf 89' lang='grc' dir='ltr'>ἐστιν</span> <span class='ocrx_word' id='word_1_849' title='bbox 2553 4180 2738 4249; x_wconf 75' lang='grc' dir='ltr'>εἰκὼν,</span> <span class='ocrx_word' id='word_1_850' title='bbox 2790 4182 2886 4235; x_wconf 75' lang='grc' dir='ltr'>καὶ</span> <span class='ocrx_word' id='word_1_851' title='bbox 2926 4184 3056 4255; x_wconf 87' lang='grc' dir='ltr'>παρ’</span> <span class='ocrx_word' id='word_1_852' title='bbox 3096 4185 3232 4254; x_wconf 84' lang='grc' dir='ltr'>ἡμῖν</span> <span class='ocrx_word' id='word_1_853' title='bbox 3277 4181 3700 4255; x_wconf 88' lang='grc' dir='ltr'>ἀπαράλλακτον</span> <span class='ocrx_word' id='word_1_854' title='bbox 3731 4180 3813 4234; x_wconf 80' lang='grc' dir='ltr'>δεῖ</span> 
     </span>
    </p>
   </div>
   <div class='ocr_carea' id='block_1_111' title="bbox 2213 4260 3808 4337">
    <p class='ocr_par' dir='ltr' id='par_1_111' title="bbox 2213 4260 3808 4337">
     <span class='ocr_line' id='line_1_111' title="bbox 2213 4260 3808 4337; baseline 0.003 -21"><span class='ocrx_word' id='word_1_855' title='bbox 2213 4260 2374 4329; x_wconf 81' lang='grc' dir='ltr'>εἶναι,</span> <span class='ocrx_word' id='word_1_856' title='bbox 2403 4260 2517 4319; x_wconf 73' lang='grc' dir='ltr'>οἷον</span> <span class='ocrx_word' id='word_1_857' title='bbox 2575 4264 2686 4319; x_wconf 82' lang='grc' dir='ltr'>τῶν</span> <span class='ocrx_word' id='word_1_858' title='bbox 2741 4267 3110 4337; x_wconf 86' lang='grc' dir='ltr'>χαρακτήρων</span> <span class='ocrx_word' id='word_1_859' title='bbox 3160 4266 3253 4320; x_wconf 72' lang='grc' dir='ltr'>καὶ</span> <span class='ocrx_word' id='word_1_860' title='bbox 3317 4266 3419 4336; x_wconf 83' lang='grc' dir='ltr'>τῆς</span> <span class='ocrx_word' id='word_1_861' title='bbox 3475 4266 3808 4337; x_wconf 84' lang='grc' dir='ltr'>ὁμοιώσεως.</span> 
     </span>
    </p>
   </div>
   <div class='ocr_carea' id='block_1_112' title="bbox 2228 4347 3812 4420">
    <p class='ocr_par' dir='ltr' id='par_1_112' title="bbox 2228 4347 3812 4420">
     <span class='ocr_line' id='line_1_112' title="bbox 2228 4347 3812 4420; baseline 0.001 -18"><span class='ocrx_word' id='word_1_862' title='bbox 2228 4347 2365 4402; x_wconf 83' lang='grc' dir='ltr'>Ἀλλ’</span> <span class='ocrx_word' id='word_1_863' title='bbox 2389 4347 2622 4402; x_wconf 84' lang='grc' dir='ltr'>ἐνταῦθα</span> <span class='ocrx_word' id='word_1_864' title='bbox 2643 4348 2745 4420; x_wconf 78' lang='grc' dir='ltr'>μὲν</span> <span class='ocrx_word' id='word_1_865' title='bbox 2775 4348 3033 4419; x_wconf 79' lang='grc' dir='ltr'>οὐδαμῶς</span> <span class='ocrx_word' id='word_1_866' title='bbox 3056 4348 3214 4403; x_wconf 89' lang='grc' dir='ltr'>τοῦτο</span> <span class='ocrx_word' id='word_1_867' title='bbox 3235 4349 3459 4403; x_wconf 91' lang='grc' dir='ltr'>δυνατόν</span> <span class='ocrx_word' id='word_1_868' title='bbox 3481 4366 3494 4381; x_wconf 78' lang='grc'><em>’</em></span> <span class='ocrx_word' id='word_1_869' title='bbox 3518 4349 3680 4420; x_wconf 89' lang='grc' dir='ltr'>τέχνη</span> <span class='ocrx_word' id='word_1_870' title='bbox 3702 4349 3812 4420; x_wconf 88' lang='grc' dir='ltr'>γάρ</span> 
     </span>
    </p>
   </div>
   <div class='ocr_carea' id='block_1_113' title="bbox 2212 4430 3813 4503">
    <p class='ocr_par' dir='ltr' id='par_1_113' title="bbox 2212 4430 3813 4503">
     <span class='ocr_line' id='line_1_113' title="bbox 2212 4430 3813 4503; baseline 0 -20"><span class='ocrx_word' id='word_1_871' title='bbox 2212 4433 2361 4485; x_wconf 80' lang='grc' dir='ltr'>ἐστιν</span> <span class='ocrx_word' id='word_1_872' title='bbox 2400 4430 2715 4501; x_wconf 88' lang='grc' dir='ltr'>ἀνθρωπίνη</span> <span class='ocrx_word' id='word_1_873' title='bbox 2753 4433 2786 4502; x_wconf 87' lang='grc' dir='ltr'>ή</span> <span class='ocrx_word' id='word_1_874' title='bbox 2835 4431 3106 4502; x_wconf 83' lang='grc' dir='ltr'>πολλαχοῦ</span> <span class='ocrx_word' id='word_1_875' title='bbox 3156 4432 3561 4498; x_wconf 87' lang='grc' dir='ltr'>διαπίπτουσα,</span> <span class='ocrx_word' id='word_1_876' title='bbox 3612 4431 3813 4503; x_wconf 81' lang='grc' dir='ltr'>μᾶλλον</span> 
     </span>
    </p>
   </div>
   <div class='ocr_carea' id='block_1_114' title="bbox 2211 4513 3812 4586">
    <p class='ocr_par' dir='ltr' id='par_1_114' title="bbox 2211 4513 3812 4586">
     <span class='ocr_line' id='line_1_114' title="bbox 2211 4513 3812 4586; baseline 0 -19"><span class='ocrx_word' id='word_1_877' title='bbox 2211 4514 2270 4567; x_wconf 79' lang='grc' dir='ltr'>δὲ</span> <span class='ocrx_word' id='word_1_878' title='bbox 2299 4514 2600 4585; x_wconf 86' lang='grc' dir='ltr'>πανταχοῦ,</span> <span class='ocrx_word' id='word_1_879' title='bbox 2633 4515 2729 4567; x_wconf 80' lang='grc' dir='ltr'>ἐὰν</span> <span class='ocrx_word' id='word_1_880' title='bbox 2752 4514 2822 4566; x_wconf 82' lang='grc' dir='ltr'>τὰ</span> <span class='ocrx_word' id='word_1_881' title='bbox 2847 4514 2950 4585; x_wconf 81' lang='grc' dir='ltr'>τῆς</span> <span class='ocrx_word' id='word_1_882' title='bbox 2996 4515 3283 4586; x_wconf 85' lang='grc' dir='ltr'>ἀκριϐείας</span> <span class='ocrx_word' id='word_1_883' title='bbox 3312 4515 3482 4586; x_wconf 82' lang='grc' dir='ltr'>ζητῇς</span> <span class='ocrx_word' id='word_1_884' title='bbox 3502 4532 3515 4547; x_wconf 88' lang='grc'><strong>·</strong></span> <span class='ocrx_word' id='word_1_885' title='bbox 3550 4514 3676 4568; x_wconf 81' lang='grc' dir='ltr'>ἔνθα</span> <span class='ocrx_word' id='word_1_886' title='bbox 3700 4513 3756 4567; x_wconf 84' lang='grc' dir='ltr'>δὲ</span> <span class='ocrx_word' id='word_1_887' title='bbox 3783 4515 3812 4567; x_wconf 90' lang='lat'>6</span> 
     </span>
    </p>
   </div>
   <div class='ocr_carea' id='block_1_115' title="bbox 2213 4596 3811 4667">
    <p class='ocr_par' dir='ltr' id='par_1_115' title="bbox 2213 4596 3811 4667">
     <span class='ocr_line' id='line_1_115' title="bbox 2213 4596 3811 4667; baseline -0.001 -17"><span class='ocrx_word' id='word_1_888' title='bbox 2213 4598 2368 4662; x_wconf 87' lang='grc' dir='ltr'>Θεὸς,</span> <span class='ocrx_word' id='word_1_889' title='bbox 2412 4596 2655 4667; x_wconf 79' lang='grc' dir='ltr'>οὐδαμοῦ</span> <span class='ocrx_word' id='word_1_890' title='bbox 2687 4596 3008 4666; x_wconf 89' lang='grc' dir='ltr'>σφάλλεται,</span> <span class='ocrx_word' id='word_1_891' title='bbox 3039 4598 3162 4651; x_wconf 80' lang='grc' dir='ltr'>οὐδὲ</span> <span class='ocrx_word' id='word_1_892' title='bbox 3190 4597 3491 4661; x_wconf 85' lang='grc' dir='ltr'>διάπτωσίς</span> <span class='ocrx_word' id='word_1_893' title='bbox 3528 4614 3613 4660; x_wconf 86' lang='grc' dir='ltr'>τις</span> <span class='ocrx_word' id='word_1_894' title='bbox 3662 4597 3811 4665; x_wconf 87' lang='grc' dir='ltr'>γίνε-</span> 
     </span>
    </p>
   </div>
   <div class='ocr_carea' id='block_1_116' title="bbox 2212 4679 3814 4750">
    <p class='ocr_par' dir='ltr' id='par_1_116' title="bbox 2212 4679 3814 4750">
     <span class='ocr_line' id='line_1_116' title="bbox 2212 4679 3814 4750; baseline -0.001 -15"><span class='ocrx_word' id='word_1_895' title='bbox 2212 4698 2321 4735; x_wconf 90' lang='grc' dir='ltr'>ται.</span> <span class='ocrx_word' id='word_1_896' title='bbox 2356 4682 2420 4734; x_wconf 66' lang='lat' dir='ltr'>Et</span> <span class='ocrx_word' id='word_1_897' title='bbox 2466 4679 2520 4733; x_wconf 83' lang='grc' dir='ltr'>δὲ</span> <span class='ocrx_word' id='word_1_898' title='bbox 2569 4680 2797 4750; x_wconf 88' lang='grc' dir='ltr'>κτίσμα,</span> <span class='ocrx_word' id='word_1_899' title='bbox 2833 4681 2951 4744; x_wconf 81' lang='grc' dir='ltr'>πῶς</span> <span class='ocrx_word' id='word_1_900' title='bbox 2999 4681 3165 4735; x_wconf 87' lang='grc' dir='ltr'>εἰκὼν</span> <span class='ocrx_word' id='word_1_901' title='bbox 3193 4681 3287 4736; x_wconf 90' lang='grc' dir='ltr'>τοῦ</span> <span class='ocrx_word' id='word_1_902' title='bbox 3330 4681 3618 4744; x_wconf 87' lang='grc' dir='ltr'>κτίσαντος</span> <span class='ocrx_word' id='word_1_903' title='bbox 3645 4698 3660 4745; x_wconf 88' lang='lat'><strong>;</strong></span> <span class='ocrx_word' id='word_1_904' title='bbox 3692 4681 3814 4733; x_wconf 84' lang='grc' dir='ltr'>ούδέ</span> 
     </span>
    </p>
   </div>
   <div class='ocr_carea' id='block_1_117' title="bbox 2214 4762 3813 4835">
    <p class='ocr_par' dir='ltr' id='par_1_117' title="bbox 2214 4762 3813 4835">
     <span class='ocr_line' id='line_1_117' title="bbox 2214 4762 3813 4835; baseline -0.001 -18"><span class='ocrx_word' id='word_1_905' title='bbox 2214 4763 2323 4834; x_wconf 79' lang='grc' dir='ltr'>γάρ</span> <span class='ocrx_word' id='word_1_906' title='bbox 2354 4763 2516 4826; x_wconf 83' lang='grc' dir='ltr'>ἵππος</span> <span class='ocrx_word' id='word_1_907' title='bbox 2535 4762 2824 4833; x_wconf 86' lang='grc' dir='ltr'>ἀνθρώπου</span> <span class='ocrx_word' id='word_1_908' title='bbox 2848 4777 2873 4804; x_wconf 79' lang='grc' dir='ltr'>ιι</span> <span class='ocrx_word' id='word_1_909' title='bbox 2897 4763 3083 4819; x_wconf 76' lang='grc' dir='ltr'>εἰκών.</span> <span class='ocrx_word' id='word_1_910' title='bbox 3121 4766 3183 4818; x_wconf 73' lang='lat' dir='ltr'>El</span> <span class='ocrx_word' id='word_1_911' title='bbox 3212 4765 3285 4835; x_wconf 82' lang='grc' dir='ltr'>μὴ</span> <span class='ocrx_word' id='word_1_912' title='bbox 3310 4765 3371 4818; x_wconf 89' lang='grc' dir='ltr'>τὸ</span> <span class='ocrx_word' id='word_1_913' title='bbox 3390 4763 3813 4833; x_wconf 86' lang='grc' dir='ltr'>ἀπαράλλακτον</span> 
     </span>
    </p>
   </div>
   <div class='ocr_carea' id='block_1_118' title="bbox 2214 4845 3816 4918">
    <p class='ocr_par' dir='ltr' id='par_1_118' title="bbox 2214 4845 3816 4918">
     <span class='ocr_line' id='line_1_118' title="bbox 2214 4845 3816 4918; baseline -0.001 -19"><span class='ocrx_word' id='word_1_914' title='bbox 2214 4845 2309 4899; x_wconf 91' lang='grc' dir='ltr'>τοῦ</span> <span class='ocrx_word' id='word_1_915' title='bbox 2343 4846 2579 4918; x_wconf 86' lang='grc' dir='ltr'>ἀοράτου</span> <span class='ocrx_word' id='word_1_916' title='bbox 2608 4846 2760 4917; x_wconf 90' lang='grc' dir='ltr'>δηλοί</span> <span class='ocrx_word' id='word_1_917' title='bbox 2791 4848 2824 4917; x_wconf 93' lang='grc' dir='ltr'>ή</span> <span class='ocrx_word' id='word_1_918' title='bbox 2851 4847 3037 4910; x_wconf 77' lang='grc' dir='ltr'>εἰκὼν,</span> <span class='ocrx_word' id='word_1_919' title='bbox 3090 4847 3141 4900; x_wconf 89' lang='grc' dir='ltr'>τί</span> <span class='ocrx_word' id='word_1_920' title='bbox 3175 4848 3374 4901; x_wconf 83' lang='grc' dir='ltr'>κωλύει</span> <span class='ocrx_word' id='word_1_921' title='bbox 3424 4849 3518 4902; x_wconf 74' lang='grc' dir='ltr'>καὶ</span> <span class='ocrx_word' id='word_1_922' title='bbox 3549 4846 3816 4914; x_wconf 84' lang='grc' dir='ltr'>ἀγγέλους</span> 
     </span>
    </p>
   </div>
   <div class='ocr_carea' id='block_1_119' title="bbox 2217 4924 3812 5003">
    <p class='ocr_par' dir='ltr' id='par_1_119' title="bbox 2217 4924 3812 5003">
     <span class='ocr_line' id='line_1_119' title="bbox 2217 4924 3812 5003; baseline -0.002 -20"><span class='ocrx_word' id='word_1_923' title='bbox 2217 4929 2399 4983; x_wconf 80' lang='grc' dir='ltr'>εἰκόνα</span> <span class='ocrx_word' id='word_1_924' title='bbox 2450 4924 2625 4994; x_wconf 85' lang='grc' dir='ltr'>εἷναι;</span> <span class='ocrx_word' id='word_1_925' title='bbox 2668 4930 2900 4999; x_wconf 74' lang='grc' dir='ltr'>καὶγὰρ</span> <span class='ocrx_word' id='word_1_926' title='bbox 2940 4931 3034 4983; x_wconf 71' lang='grc' dir='ltr'>καὶ</span> <span class='ocrx_word' id='word_1_927' title='bbox 3080 4930 3238 4984; x_wconf 76' lang='grc' dir='ltr'>αὐτοὶ</span> <span class='ocrx_word' id='word_1_928' title='bbox 3276 4931 3521 5003; x_wconf 84' lang='grc' dir='ltr'>ἀόρατοι,</span> <span class='ocrx_word' id='word_1_929' title='bbox 3561 4929 3677 4982; x_wconf 75' lang='grc' dir='ltr'>ἀλλ’</span> <span class='ocrx_word' id='word_1_930' title='bbox 3715 4929 3812 5001; x_wconf 73' lang='grc' dir='ltr'>οὐχ</span> 
     </span>
    </p>
   </div>
   <div class='ocr_carea' id='block_1_120' title="bbox 2219 5012 3808 5085">
    <p class='ocr_par' dir='ltr' id='par_1_120' title="bbox 2219 5012 3808 5085">
     <span class='ocr_line' id='line_1_120' title="bbox 2219 5012 3808 5085; baseline -0.001 -19"><span class='ocrx_word' id='word_1_931' title='bbox 2219 5013 2435 5076; x_wconf 77' lang='grc' dir='ltr'>ἑαυτοῖς</span> <span class='ocrx_word' id='word_1_932' title='bbox 2459 5029 2475 5044; x_wconf 79' lang='grc' dir='ltr'><strong>ο</strong></span> <span class='ocrx_word' id='word_1_933' title='bbox 2518 5013 2611 5066; x_wconf 77' lang='grc' dir='ltr'>καὶ</span> <span class='ocrx_word' id='word_1_934' title='bbox 2657 5012 2805 5082; x_wconf 81' lang='grc' dir='ltr'>ψυχὴ</span> <span class='ocrx_word' id='word_1_935' title='bbox 2854 5013 3125 5085; x_wconf 78' lang='grc' dir='ltr'>ἀόρατος’</span> <span class='ocrx_word' id='word_1_936' title='bbox 3165 5014 3282 5067; x_wconf 83' lang='grc' dir='ltr'>ἀλλ’</span> <span class='ocrx_word' id='word_1_937' title='bbox 3319 5014 3507 5082; x_wconf 83' lang='grc' dir='ltr'>ἐπειδὴ</span> <span class='ocrx_word' id='word_1_938' title='bbox 3560 5012 3808 5083; x_wconf 87' lang='grc' dir='ltr'>ἀόρατος,</span> 
     </span>
    </p>
   </div>
   <div class='ocr_carea' id='block_1_121' title="bbox 2219 5094 3816 5167">
    <p class='ocr_par' dir='ltr' id='par_1_121' title="bbox 2219 5094 3816 5167">
     <span class='ocr_line' id='line_1_121' title="bbox 2219 5094 3816 5167; baseline -0.003 -17"><span class='ocrx_word' id='word_1_939' title='bbox 2219 5095 2407 5158; x_wconf 85' lang='grc' dir='ltr'>ἁπλῶς</span> <span class='ocrx_word' id='word_1_940' title='bbox 2456 5094 2546 5148; x_wconf 77' lang='grc' dir='ltr'>διὰ</span> <span class='ocrx_word' id='word_1_941' title='bbox 2591 5094 2749 5149; x_wconf 86' lang='grc' dir='ltr'>τοῦτο</span> <span class='ocrx_word' id='word_1_942' title='bbox 2777 5094 2962 5160; x_wconf 81' lang='grc' dir='ltr'>εἰκὼν,</span> <span class='ocrx_word' id='word_1_943' title='bbox 3021 5098 3072 5148; x_wconf 86' lang='grc' dir='ltr'>εἰ</span> <span class='ocrx_word' id='word_1_944' title='bbox 3123 5098 3218 5150; x_wconf 77' lang='grc' dir='ltr'>καὶ</span> <span class='ocrx_word' id='word_1_945' title='bbox 3260 5097 3335 5167; x_wconf 83' lang='grc' dir='ltr'>μὴ</span> <span class='ocrx_word' id='word_1_946' title='bbox 3384 5095 3559 5160; x_wconf 70' lang='grc' dir='ltr'>οὕτως</span> <span class='ocrx_word' id='word_1_947' title='bbox 3623 5095 3816 5164; x_wconf 82' lang='grc' dir='ltr'>ὥσπερ</span> 
     </span>
    </p>
   </div>
   <div class='ocr_carea' id='block_1_122' title="bbox 2222 5179 3406 5246">
    <p class='ocr_par' dir='ltr' id='par_1_122' title="bbox 2222 5179 3406 5246">
     <span class='ocr_line' id='line_1_122' title="bbox 2222 5179 3406 5246; baseline 0.001 -12"><span class='ocrx_word' id='word_1_948' title='bbox 2222 5180 2384 5243; x_wconf 87' lang='grc' dir='ltr'>αὐτός</span> <span class='ocrx_word' id='word_1_949' title='bbox 2413 5179 2462 5230; x_wconf 73' lang='grc' dir='ltr'>ι’.</span> <span class='ocrx_word' id='word_1_950' title='bbox 2498 5179 2873 5246; x_wconf 83' lang='grc' dir='ltr'>Πρωτότοκος</span> <span class='ocrx_word' id='word_1_951' title='bbox 2898 5179 3102 5246; x_wconf 80' lang='grc' dir='ltr'>πάσης</span> <span class='ocrx_word' id='word_1_952' title='bbox 3132 5181 3406 5246; x_wconf 83' lang='grc' dir='ltr'>κτίσεως.</span> 
     </span>
    </p>
   </div>
   <div class='ocr_carea' id='block_1_123' title="bbox 2295 5258 3814 5332">
    <p class='ocr_par' dir='ltr' id='par_1_123' title="bbox 2295 5258 3814 5332">
     <span class='ocr_line' id='line_1_123' title="bbox 2295 5258 3814 5332; baseline -0.002 -15"><span class='ocrx_word' id='word_1_953' title='bbox 2295 5262 2357 5332; x_wconf 85' lang='grc' dir='ltr'>β’.</span> <span class='ocrx_word' id='word_1_954' title='bbox 2393 5263 2460 5316; x_wconf 91' lang='grc' dir='ltr'>Τί</span> <span class='ocrx_word' id='word_1_955' title='bbox 2482 5258 2596 5323; x_wconf 83' lang='grc' dir='ltr'>οὖν.</span> <span class='ocrx_word' id='word_1_956' title='bbox 2618 5262 2817 5332; x_wconf 86' lang='grc' dir='ltr'>φησίν;</span> <span class='ocrx_word' id='word_1_957' title='bbox 2861 5262 2969 5316; x_wconf 74' lang='grc' dir='ltr'>ἰδοῦ</span> <span class='ocrx_word' id='word_1_958' title='bbox 2991 5262 3268 5329; x_wconf 60' lang='lat' dir='ltr'>ﬁxus-can;</span> <span class='ocrx_word' id='word_1_959' title='bbox 3304 5263 3494 5328; x_wconf 86' lang='grc' dir='ltr'>Πόθεν,</span> <span class='ocrx_word' id='word_1_960' title='bbox 3531 5263 3654 5316; x_wconf 82' lang='grc' dir='ltr'>εἰπέ</span> <span class='ocrx_word' id='word_1_961' title='bbox 3688 5277 3814 5331; x_wconf 75' lang='grc' dir='ltr'>μοις</span> 
     </span>
    </p>
   </div>
   <div class='ocr_carea' id='block_1_124' title="bbox 2233 5342 3816 5419">
    <p class='ocr_par' dir='ltr' id='par_1_124' title="bbox 2233 5342 3816 5419">
     <span class='ocr_line' id='line_1_124' title="bbox 2233 5342 3816 5419; baseline -0.004 -18"><span class='ocrx_word' id='word_1_962' title='bbox 2233 5346 2477 5415; x_wconf 79' lang='grc' dir='ltr'>Ἐπειδὴ,</span> <span class='ocrx_word' id='word_1_963' title='bbox 2515 5349 2914 5414; x_wconf 80' lang='grc' dir='ltr'>Πρωτότοκος,</span> <span class='ocrx_word' id='word_1_964' title='bbox 2943 5342 3082 5399; x_wconf 82' lang='grc' dir='ltr'>εἷπε.</span> <span class='ocrx_word' id='word_1_965' title='bbox 3116 5348 3226 5401; x_wconf 68' lang='grc' dir='ltr'>Καὶ</span> <span class='ocrx_word' id='word_1_966' title='bbox 3253 5347 3357 5419; x_wconf 78' lang='grc' dir='ltr'>μὴν</span> <span class='ocrx_word' id='word_1_967' title='bbox 3381 5347 3468 5412; x_wconf 85' lang='grc' dir='ltr'>ού,</span> <span class='ocrx_word' id='word_1_968' title='bbox 3509 5346 3816 5418; x_wconf 79' lang='grc' dir='ltr'>πρωτὸκτι-</span> 
     </span>
    </p>
   </div>
   <div class='ocr_carea' id='block_1_125' title="bbox 2223 5423 3816 5497">
    <p class='ocr_par' dir='ltr' id='par_1_125' title="bbox 2223 5423 3816 5497">
     <span class='ocr_line' id='line_1_125' title="bbox 2223 5423 3816 5497; baseline -0.003 -13"><span class='ocrx_word' id='word_1_969' title='bbox 2223 5447 2367 5493; x_wconf 89' lang='grc' dir='ltr'>στος,</span> <span class='ocrx_word' id='word_1_970' title='bbox 2398 5423 2573 5493; x_wconf 74' lang='grc' dir='ltr'>εἶπεν,</span> <span class='ocrx_word' id='word_1_971' title='bbox 2601 5428 2758 5493; x_wconf 80' lang='grc' dir='ltr'>ἀλλὰ,</span> <span class='ocrx_word' id='word_1_972' title='bbox 2782 5430 3180 5497; x_wconf 86' lang='grc' dir='ltr'>Πρωτότοκος.</span> <span class='ocrx_word' id='word_1_973' title='bbox 3217 5433 3446 5485; x_wconf 84' lang='grc' dir='ltr'>Ἔπειτα</span> <span class='ocrx_word' id='word_1_974' title='bbox 3489 5444 3512 5470; x_wconf 73' lang='grc' dir='ltr'><strong>ι</strong></span> <span class='ocrx_word' id='word_1_975' title='bbox 3562 5433 3610 5483; x_wconf 82' lang='grc' dir='ltr'>εί</span> <span class='ocrx_word' id='word_1_976' title='bbox 3636 5429 3722 5481; x_wconf 70' lang='grc' dir='ltr'>διὰ</span> <span class='ocrx_word' id='word_1_977' title='bbox 3751 5427 3816 5480; x_wconf 81' lang='grc' dir='ltr'>τὸ</span> 
     </span>
    </p>
   </div>
   <div class='ocr_carea' id='block_1_126' title="bbox 2279 5518 3814 5595">
    <p class='ocr_par' dir='ltr' id='par_1_126' title="bbox 2279 5518 3814 5595">
     <span class='ocr_line' id='line_1_126' title="bbox 2279 5518 3814 5595; baseline -0.002 -24"><span class='ocrx_word' id='word_1_978' title='bbox 2279 5520 2430 5595; x_wconf 62' lang='grc' dir='ltr'>’βίᾳ</span> <span class='ocrx_word' id='word_1_979' title='bbox 2466 5518 2619 5595; x_wconf 69' lang='grc' dir='ltr'>Διημί</span> <span class='ocrx_word' id='word_1_980' title='bbox 2647 5521 2818 5595; x_wconf 42' lang='grc' dir='ltr'>..ἵππον</span> <span class='ocrx_word' id='word_1_981' title='bbox 2874 5520 2963 5568; x_wconf 77' lang='grc' dir='ltr'>οὐκ</span> <span class='ocrx_word' id='word_1_982' title='bbox 3005 5522 3189 5570; x_wconf 77' lang='grc' dir='ltr'>ἔκτισεν</span> <span class='ocrx_word' id='word_1_983' title='bbox 3231 5523 3490 5586; x_wconf 83' lang='grc' dir='ltr'>ἄνθρωπος·</span> <span class='ocrx_word' id='word_1_984' title='bbox 3540 5520 3672 5570; x_wconf 83' lang='lat' dir='ltr'>unde</span> <span class='ocrx_word' id='word_1_985' title='bbox 3696 5524 3814 5568; x_wconf 73' lang='lat' dir='ltr'><strong>nata</strong></span> 
     </span>
    </p>
   </div>
   <div class='ocr_carea' id='block_1_127' title="bbox 2216 5583 3812 5714">
    <p class='ocr_par' dir='ltr' id='par_1_127' title="bbox 2216 5583 3812 5714">
     <span class='ocr_line' id='line_1_127' title="bbox 2216 5583 3812 5714; baseline -0.003 -20"><span class='ocrx_word' id='word_1_986' title='bbox 2216 5586 2696 5714; x_wconf 43' lang='lat' dir='ltr'>mgjﬁﬁ‘gfig‘gfé</span> <span class='ocrx_word' id='word_1_987' title='bbox 2714 5583 3002 5714; x_wconf 41' lang='lat' dir='ltr'>$35M</span> <span class='ocrx_word' id='word_1_988' title='bbox 3036 5641 3110 5714; x_wconf 61' lang='grc' dir='ltr'>βία</span> <span class='ocrx_word' id='word_1_989' title='bbox 3161 5646 3326 5714; x_wconf 67' lang='grc' dir='ltr'>ιορᾳιη</span> <span class='ocrx_word' id='word_1_990' title='bbox 3351 5645 3608 5714; x_wconf 59' lang='lat' dir='ltr'>_exh§b_ent</span> <span class='ocrx_word' id='word_1_991' title='bbox 3623 5657 3645 5714; x_wconf 60' lang='grc' dir='ltr'>ε</span> <span class='ocrx_word' id='word_1_992' title='bbox 3684 5642 3812 5714; x_wconf 66' lang='grc' dir='ltr'>ἀλλὰ</span> 
     </span>
    </p>
   </div>
   <div class='ocr_carea' id='block_1_128' title="bbox 2218 5705 3812 5769">
    <p class='ocr_par' dir='ltr' id='par_1_128' title="bbox 2218 5705 3812 5769">
     <span class='ocr_line' id='line_1_128' title="bbox 2218 5705 3812 5769; baseline -0.001 -16"><span class='ocrx_word' id='word_1_993' title='bbox 2218 5705 2300 5769; x_wconf 79' lang='grc' dir='ltr'>καὶ</span> <span class='ocrx_word' id='word_1_994' title='bbox 2322 5707 2450 5769; x_wconf 77' lang='grc' dir='ltr'>ψυχὴ</span> <span class='ocrx_word' id='word_1_995' title='bbox 2475 5705 2690 5769; x_wconf 79' lang='grc' dir='ltr'>ἀόρατος·</span> <span class='ocrx_word' id='word_1_996' title='bbox 2716 5705 2820 5769; x_wconf 71' lang='grc' dir='ltr'>ἀλλ’</span> <span class='ocrx_word' id='word_1_997' title='bbox 2844 5706 3003 5769; x_wconf 74' lang='grc' dir='ltr'>ἐπειδὴ</span> <span class='ocrx_word' id='word_1_998' title='bbox 3028 5707 3228 5769; x_wconf 78' lang='grc' dir='ltr'>ἀόρατος</span> <span class='ocrx_word' id='word_1_999' title='bbox 3244 5709 3424 5763; x_wconf 82' lang='grc' dir='ltr'>ἁπλῶς,</span> <span class='ocrx_word' id='word_1_1000' title='bbox 3464 5707 3544 5769; x_wconf 73' lang='grc' dir='ltr'>διὰ.</span> <span class='ocrx_word' id='word_1_1001' title='bbox 3566 5705 3709 5753; x_wconf 86' lang='grc' dir='ltr'>τοῦτο</span> <span class='ocrx_word' id='word_1_1002' title='bbox 3740 5705 3812 5752; x_wconf 80' lang='grc' dir='ltr'>εί-</span> 
     </span>
    </p>
   </div>
   <div class='ocr_carea' id='block_1_129' title="bbox 2220 5767 3648 5829">
    <p class='ocr_par' dir='ltr' id='par_1_129' title="bbox 2220 5767 3648 5829">
     <span class='ocr_line' id='line_1_129' title="bbox 2220 5767 3648 5829; baseline 0.001 -15"><span class='ocrx_word' id='word_1_1003' title='bbox 2220 5767 2455 5829; x_wconf 70' lang='grc' dir='ltr'>κώνξκαὶ</span> <span class='ocrx_word' id='word_1_1004' title='bbox 2476 5767 2560 5829; x_wconf 78' lang='grc' dir='ltr'>μή,</span> <span class='ocrx_word' id='word_1_1005' title='bbox 2587 5767 2737 5819; x_wconf 78' lang='grc' dir='ltr'>οὕτως</span> <span class='ocrx_word' id='word_1_1006' title='bbox 2759 5767 2921 5828; x_wconf 82' lang='grc' dir='ltr'>ὥσπερ</span> <span class='ocrx_word' id='word_1_1007' title='bbox 2946 5767 3105 5829; x_wconf 83' lang='grc' dir='ltr'>αὐτὸς,</span> <span class='ocrx_word' id='word_1_1008' title='bbox 3131 5770 3212 5816; x_wconf 86' lang='grc' dir='ltr'>καὶ</span> <span class='ocrx_word' id='word_1_1009' title='bbox 3233 5768 3419 5829; x_wconf 68' lang='grc' dir='ltr'>ἄγγελοι</span> <span class='ocrx_word' id='word_1_1010' title='bbox 3447 5768 3648 5829; x_wconf 74' lang='grc' dir='ltr'>εἰκόνεςζ</span> 
     </span>
    </p>
   </div>
   <div class='ocr_carea' id='block_1_130' title="bbox 2288 5825 3811 5891">
    <p class='ocr_par' dir='ltr' id='par_1_130' title="bbox 2288 5825 3811 5891">
     <span class='ocr_line' id='line_1_130' title="bbox 2288 5825 3811 5891; baseline -0.003 -15"><span class='ocrx_word' id='word_1_1011' title='bbox 2288 5829 2311 5857; x_wconf 81' lang='lat'><strong><em>°</em></strong></span> <span class='ocrx_word' id='word_1_1012' title='bbox 2339 5825 2500 5877; x_wconf 56' lang='lat' dir='ltr'>Codex</span> <span class='ocrx_word' id='word_1_1013' title='bbox 2527 5827 2648 5890; x_wconf 76' lang='lat' dir='ltr'>Reg.</span> <span class='ocrx_word' id='word_1_1014' title='bbox 2665 5833 2717 5877; x_wconf 81' lang='lat' dir='ltr'>el</span> <span class='ocrx_word' id='word_1_1015' title='bbox 2739 5825 3069 5891; x_wconf 64' lang='lat' dir='ltr'>marg.&#39;Savil.</span> <span class='ocrx_word' id='word_1_1016' title='bbox 3093 5825 3360 5890; x_wconf 25' lang='lat' dir='ltr'>’sequem&#39;la</span> <span class='ocrx_word' id='word_1_1017' title='bbox 3383 5828 3455 5878; x_wconf 81' lang='lat' dir='ltr'>sic</span> <span class='ocrx_word' id='word_1_1018' title='bbox 3478 5827 3701 5886; x_wconf 73' lang='lat' dir='ltr'>exhibet,</span> <span class='ocrx_word' id='word_1_1019' title='bbox 3722 5825 3811 5873; x_wconf 80' lang='grc' dir='ltr'>τοῦ</span> 
     </span>
    </p>
   </div>
  </div>
