  <div class='ocr_page' id='page_1' title='image "/cluster/home/n/w/nwhite01/storage/ocr_20150623/62:no.11/coo.31924054869627/324.png"; bbox 0 0 4184 6556; ppageno 0'>
   <div class='ocr_carea' id='block_1_1' title="bbox 332 419 438 478">
    <p class='ocr_par' dir='ltr' id='par_1_1' title="bbox 332 419 438 478">
     <span class='ocr_line' id='line_1_1' title="bbox 332 419 438 478; baseline 0 -1"><span class='ocrx_word' id='word_1_1' title='bbox 332 419 438 478; x_wconf 76' lang='lat' dir='ltr'><strong>3H</strong></span> 
     </span>
    </p>
   </div>
   <div class='ocr_carea' id='block_1_2' title="bbox 338 524 1952 607">
    <p class='ocr_par' dir='ltr' id='par_1_2' title="bbox 338 524 1952 607">
     <span class='ocr_line' id='line_1_2' title="bbox 338 524 1952 607; baseline -0.009 -16"><span class='ocrx_word' id='word_1_2' title='bbox 338 543 516 607; x_wconf 70' lang='lat' dir='ltr'><strong>poclm</strong></span> <span class='ocrx_word' id='word_1_3' title='bbox 562 542 620 589; x_wconf 91' lang='lat' dir='ltr'><strong>et</strong></span> <span class='ocrx_word' id='word_1_4' title='bbox 649 545 841 590; x_wconf 73' lang='lat' dir='ltr'><strong>onlnes</strong></span> <span class='ocrx_word' id='word_1_5' title='bbox 884 533 1024 589; x_wconf 89' lang='lat' dir='ltr'><strong>inter</strong></span> <span class='ocrx_word' id='word_1_6' title='bbox 1054 546 1112 588; x_wconf 92' lang='lat' dir='ltr'><strong>se</strong></span> <span class='ocrx_word' id='word_1_7' title='bbox 1138 534 1478 589; x_wconf 73' lang='lat' dir='ltr'><strong>consentiant</strong></span> <span class='ocrx_word' id='word_1_8' title='bbox 1517 530 1668 586; x_wconf 89' lang='lat' dir='ltr'><strong>etde</strong></span> <span class='ocrx_word' id='word_1_9' title='bbox 1699 524 1952 582; x_wconf 89' lang='lat' dir='ltr'><strong>tribunali</strong></span> 
     </span>
    </p>
   </div>
   <div class='ocr_carea' id='block_1_3' title="bbox 335 620 1949 696">
    <p class='ocr_par' dir='ltr' id='par_1_3' title="bbox 335 620 1949 696">
     <span class='ocr_line' id='line_1_3' title="bbox 335 620 1949 696; baseline -0.008 -14"><span class='ocrx_word' id='word_1_10' title='bbox 335 637 391 682; x_wconf 93' lang='lat' dir='ltr'><strong>ct</strong></span> <span class='ocrx_word' id='word_1_11' title='bbox 423 627 492 681; x_wconf 90' lang='lat' dir='ltr'><strong>de</strong></span> <span class='ocrx_word' id='word_1_12' title='bbox 516 625 745 696; x_wconf 86' lang='lat' dir='ltr'><strong>judicio.</strong></span> <span class='ocrx_word' id='word_1_13' title='bbox 793 626 978 695; x_wconf 87' lang='lat' dir='ltr'><strong>Itaque</strong></span> <span class='ocrx_word' id='word_1_14' title='bbox 1007 640 1108 680; x_wconf 91' lang='lat' dir='ltr'><strong>nec</strong></span> <span class='ocrx_word' id='word_1_15' title='bbox 1149 624 1372 680; x_wconf 67' lang='lat' dir='ltr'><strong>Graecus</strong></span> <span class='ocrx_word' id='word_1_16' title='bbox 1399 624 1514 678; x_wconf 89' lang='lat' dir='ltr'><strong>suis</strong></span> <span class='ocrx_word' id='word_1_17' title='bbox 1555 620 1714 674; x_wconf 89' lang='lat' dir='ltr'><strong>ﬁdem</strong></span> <span class='ocrx_word' id='word_1_18' title='bbox 1748 625 1949 687; x_wconf 88' lang='lat' dir='ltr'><strong>negat,</strong></span> 
     </span>
    </p>
   </div>
   <div class='ocr_carea' id='block_1_4' title="bbox 337 709 1950 786">
    <p class='ocr_par' dir='ltr' id='par_1_4' title="bbox 337 709 1950 786">
     <span class='ocr_line' id='line_1_4' title="bbox 337 709 1950 786; baseline -0.007 -12"><span class='ocrx_word' id='word_1_19' title='bbox 337 734 445 774; x_wconf 93' lang='lat' dir='ltr'><strong>nec</strong></span> <span class='ocrx_word' id='word_1_20' title='bbox 488 717 712 774; x_wconf 68' lang='lat' dir='ltr'><strong>Judreus</strong></span> <span class='ocrx_word' id='word_1_21' title='bbox 756 717 825 773; x_wconf 90' lang='lat' dir='ltr'><strong>de</strong></span> <span class='ocrx_word' id='word_1_22' title='bbox 869 717 952 772; x_wconf 89' lang='lat' dir='ltr'><strong>his</strong></span> <span class='ocrx_word' id='word_1_23' title='bbox 995 717 1226 784; x_wconf 90' lang='lat' dir='ltr'><strong>duhitat,</strong></span> <span class='ocrx_word' id='word_1_24' title='bbox 1259 731 1361 772; x_wconf 92' lang='lat' dir='ltr'><strong>nec</strong></span> <span class='ocrx_word' id='word_1_25' title='bbox 1388 715 1566 786; x_wconf 88' lang='lat' dir='ltr'><strong>quivis</strong></span> <span class='ocrx_word' id='word_1_26' title='bbox 1598 713 1778 768; x_wconf 91' lang='lat' dir='ltr'><strong>homo.</strong></span> <span class='ocrx_word' id='word_1_27' title='bbox 1809 709 1950 778; x_wconf 85' lang='lat' dir='ltr'><strong>Quid</strong></span> 
     </span>
    </p>
   </div>
   <div class='ocr_carea' id='block_1_5' title="bbox 337 804 1951 881">
    <p class='ocr_par' dir='ltr' id='par_1_5' title="bbox 337 804 1951 881">
     <span class='ocr_line' id='line_1_5' title="bbox 337 804 1951 881; baseline -0.006 -15"><span class='ocrx_word' id='word_1_28' title='bbox 337 827 472 881; x_wconf 89' lang='lat' dir='ltr'><strong>ergo</strong></span> <span class='ocrx_word' id='word_1_29' title='bbox 504 825 607 865; x_wconf 91' lang='lat' dir='ltr'><strong>nos</strong></span> <span class='ocrx_word' id='word_1_30' title='bbox 636 809 783 880; x_wconf 93' lang='lat' dir='ltr'><strong>ipsos</strong></span> <span class='ocrx_word' id='word_1_31' title='bbox 803 810 1144 880; x_wconf 85' lang='lat' dir='ltr'><strong>decipimus?</strong></span> <span class='ocrx_word' id='word_1_32' title='bbox 1173 808 1299 864; x_wconf 70' lang='lat' dir='ltr'><strong>llaec</strong></span> <span class='ocrx_word' id='word_1_33' title='bbox 1329 807 1459 862; x_wconf 92' lang='lat' dir='ltr'><strong>mihi</strong></span> <span class='ocrx_word' id='word_1_34' title='bbox 1485 807 1620 861; x_wconf 90' lang='lat' dir='ltr'><strong>dicis</strong></span> <span class='ocrx_word' id='word_1_35' title='bbox 1650 824 1662 858; x_wconf 89' lang='lat'><strong>:</strong></span> <span class='ocrx_word' id='word_1_36' title='bbox 1689 804 1815 875; x_wconf 90' lang='lat' dir='ltr'><strong>quid</strong></span> <span class='ocrx_word' id='word_1_37' title='bbox 1842 804 1951 858; x_wconf 92' lang='lat' dir='ltr'><strong>Deo</strong></span> 
     </span>
    </p>
   </div>
   <div class='ocr_carea' id='block_1_6' title="bbox 338 899 1951 972">
    <p class='ocr_par' dir='ltr' id='par_1_6' title="bbox 338 899 1951 972">
     <span class='ocr_line' id='line_1_6' title="bbox 338 899 1951 972; baseline -0.006 -14"><span class='ocrx_word' id='word_1_38' title='bbox 338 903 490 958; x_wconf 84' lang='lat' dir='ltr'><strong>dices</strong></span> <span class='ocrx_word' id='word_1_39' title='bbox 517 901 608 972; x_wconf 87' lang='lat' dir='ltr'><strong>qui</strong></span> <span class='ocrx_word' id='word_1_40' title='bbox 635 901 908 971; x_wconf 86' lang='lat' dir='ltr'><strong>sigillatim</strong></span> <span class='ocrx_word' id='word_1_41' title='bbox 953 901 1108 955; x_wconf 87' lang='lat' dir='ltr'><strong>ﬁnxit</strong></span> <span class='ocrx_word' id='word_1_42' title='bbox 1134 901 1295 956; x_wconf 88' lang='lat' dir='ltr'><strong>corda</strong></span> <span class='ocrx_word' id='word_1_43' title='bbox 1325 908 1530 964; x_wconf 91' lang='lat' dir='ltr'><strong>nostra,</strong></span> <span class='ocrx_word' id='word_1_44' title='bbox 1559 899 1648 968; x_wconf 92' lang='lat' dir='ltr'><strong>qui</strong></span> <span class='ocrx_word' id='word_1_45' title='bbox 1679 912 1798 967; x_wconf 62' lang='lat' dir='ltr'><strong>qua}</strong></span> <span class='ocrx_word' id='word_1_46' title='bbox 1826 905 1951 950; x_wconf 90' lang='lat' dir='ltr'><strong>sunt</strong></span> 
     </span>
    </p>
   </div>
   <div class='ocr_carea' id='block_1_7' title="bbox 343 992 1948 1064">
    <p class='ocr_par' dir='ltr' id='par_1_7' title="bbox 343 992 1948 1064">
     <span class='ocr_line' id='line_1_7' title="bbox 343 992 1948 1064; baseline -0.005 -16"><span class='ocrx_word' id='word_1_47' title='bbox 343 996 395 1049; x_wconf 95' lang='lat' dir='ltr'><strong>in</strong></span> <span class='ocrx_word' id='word_1_48' title='bbox 429 995 756 1064; x_wconf 78' lang='lat' dir='ltr'><strong>cogitatione</strong></span> <span class='ocrx_word' id='word_1_49' title='bbox 785 994 936 1048; x_wconf 87' lang='lat' dir='ltr'><strong>novit</strong></span> <span class='ocrx_word' id='word_1_50' title='bbox 975 993 1178 1058; x_wconf 85' lang='lat' dir='ltr'><strong>omnia,</strong></span> <span class='ocrx_word' id='word_1_51' title='bbox 1215 992 1303 1063; x_wconf 87' lang='lat' dir='ltr'><strong>qui</strong></span> <span class='ocrx_word' id='word_1_52' title='bbox 1334 993 1464 1046; x_wconf 88' lang='lat' dir='ltr'><strong>vivit</strong></span> <span class='ocrx_word' id='word_1_53' title='bbox 1489 1001 1544 1045; x_wconf 92' lang='lat' dir='ltr'><strong>et</strong></span> <span class='ocrx_word' id='word_1_54' title='bbox 1569 998 1857 1059; x_wconf 90' lang='lat' dir='ltr'><strong>operatur;</strong></span> <span class='ocrx_word' id='word_1_55' title='bbox 1892 995 1948 1041; x_wconf 86' lang='lat' dir='ltr'><strong>et</strong></span> 
     </span>
    </p>
   </div>
   <div class='ocr_carea' id='block_1_8' title="bbox 344 1079 1950 1157">
    <p class='ocr_par' dir='ltr' id='par_1_8' title="bbox 344 1079 1950 1157">
     <span class='ocr_line' id='line_1_8' title="bbox 344 1079 1950 1157; baseline -0.007 -15"><span class='ocrx_word' id='word_1_56' title='bbox 344 1087 520 1157; x_wconf 86' lang='lat' dir='ltr'><strong>magis</strong></span> <span class='ocrx_word' id='word_1_57' title='bbox 565 1085 753 1141; x_wconf 91' lang='lat' dir='ltr'><strong>incidit</strong></span> <span class='ocrx_word' id='word_1_58' title='bbox 793 1101 954 1157; x_wconf 92' lang='lat' dir='ltr'><strong>quam</strong></span> <span class='ocrx_word' id='word_1_59' title='bbox 985 1086 1160 1156; x_wconf 87' lang='lat' dir='ltr'><strong>quivis</strong></span> <span class='ocrx_word' id='word_1_60' title='bbox 1202 1083 1410 1156; x_wconf 83' lang='lat' dir='ltr'><strong>gladius</strong></span> <span class='ocrx_word' id='word_1_61' title='bbox 1441 1098 1638 1152; x_wconf 89' lang='lat' dir='ltr'><strong>anceps</strong></span> <span class='ocrx_word' id='word_1_62' title='bbox 1669 1079 1851 1152; x_wconf 82' lang='lat' dir='ltr'><strong>(Hebr.</strong></span> <span class='ocrx_word' id='word_1_63' title='bbox 1896 1080 1950 1134; x_wconf 74' lang='grc'><strong>4.</strong></span> 
     </span>
    </p>
   </div>
   <div class='ocr_carea' id='block_1_9' title="bbox 350 1173 1954 1248">
    <p class='ocr_par' dir='ltr' id='par_1_9' title="bbox 350 1173 1954 1248">
     <span class='ocr_line' id='line_1_9' title="bbox 350 1173 1954 1248; baseline -0.004 -14"><span class='ocrx_word' id='word_1_64' title='bbox 350 1179 484 1248; x_wconf 70' lang='lat' dir='ltr'><strong>l2)?</strong></span> <span class='ocrx_word' id='word_1_65' title='bbox 529 1178 689 1245; x_wconf 85' lang='lat' dir='ltr'><strong>Nam,</strong></span> <span class='ocrx_word' id='word_1_66' title='bbox 731 1178 820 1233; x_wconf 90' lang='lat' dir='ltr'><strong>dic</strong></span> <span class='ocrx_word' id='word_1_67' title='bbox 862 1177 991 1232; x_wconf 89' lang='lat' dir='ltr'><strong>mihi</strong></span> <span class='ocrx_word' id='word_1_68' title='bbox 1025 1195 1121 1248; x_wconf 87' lang='lat' dir='ltr'><strong>per</strong></span> <span class='ocrx_word' id='word_1_69' title='bbox 1153 1180 1457 1244; x_wconf 90' lang='lat' dir='ltr'><strong>veritatem,</strong></span> <span class='ocrx_word' id='word_1_70' title='bbox 1489 1192 1596 1231; x_wconf 92' lang='lat' dir='ltr'><strong>non</strong></span> <span class='ocrx_word' id='word_1_71' title='bbox 1628 1184 1683 1230; x_wconf 89' lang='lat' dir='ltr'><strong>tu</strong></span> <span class='ocrx_word' id='word_1_72' title='bbox 1726 1173 1954 1243; x_wconf 83' lang='lat' dir='ltr'><strong>teipsum</strong></span> 
     </span>
    </p>
   </div>
   <div class='ocr_carea' id='block_1_10' title="bbox 354 1265 1959 1341">
    <p class='ocr_par' dir='ltr' id='par_1_10' title="bbox 354 1265 1959 1341">
     <span class='ocr_line' id='line_1_10' title="bbox 354 1265 1959 1341; baseline -0.002 -18"><span class='ocrx_word' id='word_1_73' title='bbox 354 1279 668 1341; x_wconf 77' lang='lat' dir='ltr'><strong>peccantem</strong></span> <span class='ocrx_word' id='word_1_74' title='bbox 699 1269 1076 1325; x_wconf 90' lang='lat' dir='ltr'><strong>condemnas?</strong></span> <span class='ocrx_word' id='word_1_75' title='bbox 1117 1285 1182 1324; x_wconf 91' lang='lat' dir='ltr'><strong>an</strong></span> <span class='ocrx_word' id='word_1_76' title='bbox 1214 1273 1496 1340; x_wconf 88' lang='lat' dir='ltr'><strong>quisquam</strong></span> <span class='ocrx_word' id='word_1_77' title='bbox 1538 1268 1700 1321; x_wconf 92' lang='lat' dir='ltr'><strong>homo</strong></span> <span class='ocrx_word' id='word_1_78' title='bbox 1746 1274 1829 1320; x_wconf 91' lang='lat' dir='ltr'><strong>est</strong></span> <span class='ocrx_word' id='word_1_79' title='bbox 1867 1265 1959 1335; x_wconf 85' lang='lat' dir='ltr'><strong>qui</strong></span> 
     </span>
    </p>
   </div>
   <div class='ocr_carea' id='block_1_11' title="bbox 357 1359 1962 1432">
    <p class='ocr_par' dir='ltr' id='par_1_11' title="bbox 357 1359 1962 1432">
     <span class='ocr_line' id='line_1_11' title="bbox 357 1359 1962 1432; baseline -0.004 -13"><span class='ocrx_word' id='word_1_80' title='bbox 357 1363 594 1431; x_wconf 70' lang='lat' dir='ltr'><strong>reipsum</strong></span> <span class='ocrx_word' id='word_1_81' title='bbox 623 1362 862 1432; x_wconf 72' lang='lat' dir='ltr'><strong>segniter</strong></span> <span class='ocrx_word' id='word_1_82' title='bbox 885 1370 1134 1432; x_wconf 85' lang='lat' dir='ltr'><strong>agentem</strong></span> <span class='ocrx_word' id='word_1_83' title='bbox 1166 1379 1271 1417; x_wconf 89' lang='lat' dir='ltr'><strong>non</strong></span> <span class='ocrx_word' id='word_1_84' title='bbox 1301 1360 1701 1432; x_wconf 86' lang='lat' dir='ltr'><strong>reprehendat?</strong></span> <span class='ocrx_word' id='word_1_85' title='bbox 1731 1359 1799 1414; x_wconf 87' lang='lat' dir='ltr'><strong>Et</strong></span> <span class='ocrx_word' id='word_1_86' title='bbox 1826 1374 1962 1430; x_wconf 92' lang='lat' dir='ltr'><strong>quo-</strong></span> 
     </span>
    </p>
   </div>
   <div class='ocr_carea' id='block_1_12' title="bbox 355 1451 1965 1522">
    <p class='ocr_par' dir='ltr' id='par_1_12' title="bbox 355 1451 1965 1522">
     <span class='ocr_line' id='line_1_12' title="bbox 355 1451 1965 1522; baseline -0.003 -14"><span class='ocrx_word' id='word_1_87' title='bbox 355 1453 517 1509; x_wconf 92' lang='lat' dir='ltr'><strong>modo</strong></span> <span class='ocrx_word' id='word_1_88' title='bbox 569 1467 698 1507; x_wconf 89' lang='lat' dir='ltr'><strong>casu</strong></span> <span class='ocrx_word' id='word_1_89' title='bbox 748 1462 864 1507; x_wconf 90' lang='lat' dir='ltr'><strong>orta</strong></span> <span class='ocrx_word' id='word_1_90' title='bbox 913 1463 996 1508; x_wconf 91' lang='lat' dir='ltr'><strong>est</strong></span> <span class='ocrx_word' id='word_1_91' title='bbox 1045 1453 1346 1522; x_wconf 88' lang='lat' dir='ltr'><strong>sapientia,</strong></span> <span class='ocrx_word' id='word_1_92' title='bbox 1378 1461 1436 1506; x_wconf 92' lang='lat' dir='ltr'><strong>ut</strong></span> <span class='ocrx_word' id='word_1_93' title='bbox 1480 1453 1595 1522; x_wconf 89' lang='lat' dir='ltr'><strong>ipse</strong></span> <span class='ocrx_word' id='word_1_94' title='bbox 1635 1451 1726 1521; x_wconf 92' lang='lat' dir='ltr'><strong>qui</strong></span> <span class='ocrx_word' id='word_1_95' title='bbox 1778 1458 1965 1520; x_wconf 87' lang='lat' dir='ltr'><strong>peccat</strong></span> 
     </span>
    </p>
   </div>
   <div class='ocr_carea' id='block_1_13' title="bbox 354 1542 1963 1615">
    <p class='ocr_par' dir='ltr' id='par_1_13' title="bbox 354 1542 1963 1615">
     <span class='ocr_line' id='line_1_13' title="bbox 354 1542 1963 1615; baseline -0.003 -14"><span class='ocrx_word' id='word_1_96' title='bbox 354 1547 592 1615; x_wconf 87' lang='lat' dir='ltr'><strong>scipsum</strong></span> <span class='ocrx_word' id='word_1_97' title='bbox 645 1545 1010 1600; x_wconf 85' lang='lat' dir='ltr'><strong>condemnet?</strong></span> <span class='ocrx_word' id='word_1_98' title='bbox 1037 1544 1142 1599; x_wconf 87' lang='lat' dir='ltr'><strong>hoc</strong></span> <span class='ocrx_word' id='word_1_99' title='bbox 1186 1544 1329 1599; x_wconf 89' lang='lat' dir='ltr'><strong>enim</strong></span> <span class='ocrx_word' id='word_1_100' title='bbox 1369 1554 1453 1598; x_wconf 91' lang='lat' dir='ltr'><strong>est</strong></span> <span class='ocrx_word' id='word_1_101' title='bbox 1496 1557 1706 1614; x_wconf 60' lang='lat' dir='ltr'><strong>magna“:</strong></span> <span class='ocrx_word' id='word_1_102' title='bbox 1745 1542 1963 1610; x_wconf 89' lang='lat' dir='ltr'><strong>sapien-</strong></span> 
     </span>
    </p>
   </div>
   <div class='ocr_carea' id='block_1_14' title="bbox 360 1637 1968 1709">
    <p class='ocr_par' dir='ltr' id='par_1_14' title="bbox 360 1637 1968 1709">
     <span class='ocr_line' id='line_1_14' title="bbox 360 1637 1968 1709; baseline -0.001 -16"><span class='ocrx_word' id='word_1_103' title='bbox 360 1640 468 1694; x_wconf 72' lang='lat' dir='ltr'><strong>tim.</strong></span> <span class='ocrx_word' id='word_1_104' title='bbox 497 1638 580 1694; x_wconf 85' lang='lat' dir='ltr'><strong>Tu</strong></span> <span class='ocrx_word' id='word_1_105' title='bbox 608 1638 841 1709; x_wconf 86' lang='lat' dir='ltr'><strong>teipsum</strong></span> <span class='ocrx_word' id='word_1_106' title='bbox 872 1639 1238 1705; x_wconf 90' lang='lat' dir='ltr'><strong>condemnas;</strong></span> <span class='ocrx_word' id='word_1_107' title='bbox 1264 1640 1353 1709; x_wconf 89' lang='lat' dir='ltr'><strong>qui</strong></span> <span class='ocrx_word' id='word_1_108' title='bbox 1377 1648 1556 1694; x_wconf 91' lang='lat' dir='ltr'><strong>autem</strong></span> <span class='ocrx_word' id='word_1_109' title='bbox 1588 1638 1726 1692; x_wconf 89' lang='lat' dir='ltr'><strong>hanc</strong></span> <span class='ocrx_word' id='word_1_110' title='bbox 1755 1637 1848 1692; x_wconf 89' lang='lat' dir='ltr'><strong>tibi</strong></span> <span class='ocrx_word' id='word_1_111' title='bbox 1877 1637 1968 1692; x_wconf 87' lang='lat' dir='ltr'><strong>dat</strong></span> 
     </span>
    </p>
   </div>
   <div class='ocr_carea' id='block_1_15' title="bbox 361 1731 1969 1802">
    <p class='ocr_par' dir='ltr' id='par_1_15' title="bbox 361 1731 1969 1802">
     <span class='ocr_line' id='line_1_15' title="bbox 361 1731 1969 1802; baseline -0.002 -15"><span class='ocrx_word' id='word_1_112' title='bbox 361 1741 598 1788; x_wconf 81' lang='lat' dir='ltr'><strong>mentem</strong></span> <span class='ocrx_word' id='word_1_113' title='bbox 631 1741 686 1787; x_wconf 93' lang='lat' dir='ltr'><strong>ct</strong></span> <span class='ocrx_word' id='word_1_114' title='bbox 729 1732 1109 1802; x_wconf 84' lang='lat' dir='ltr'><strong>cogitationem</strong></span> <span class='ocrx_word' id='word_1_115' title='bbox 1134 1774 1150 1799; x_wconf 91' lang='lat'><strong>,</strong></span> <span class='ocrx_word' id='word_1_116' title='bbox 1181 1734 1324 1788; x_wconf 90' lang='lat' dir='ltr'><strong>sinet</strong></span> <span class='ocrx_word' id='word_1_117' title='bbox 1354 1733 1530 1787; x_wconf 84' lang='lat' dir='ltr'><strong>omnia</strong></span> <span class='ocrx_word' id='word_1_118' title='bbox 1564 1731 1687 1787; x_wconf 86' lang='lat' dir='ltr'><strong>ferri</strong></span> <span class='ocrx_word' id='word_1_119' title='bbox 1722 1731 1969 1787; x_wconf 87' lang='lat' dir='ltr'><strong>temere?</strong></span> 
     </span>
    </p>
   </div>
   <div class='ocr_carea' id='block_1_16' title="bbox 360 1823 1974 1894">
    <p class='ocr_par' dir='ltr' id='par_1_16' title="bbox 360 1823 1974 1894">
     <span class='ocr_line' id='line_1_16' title="bbox 360 1823 1974 1894; baseline -0.001 -15"><span class='ocrx_word' id='word_1_120' title='bbox 360 1823 441 1880; x_wconf 89' lang='lat' dir='ltr'><strong>Sit</strong></span> <span class='ocrx_word' id='word_1_121' title='bbox 472 1838 604 1894; x_wconf 90' lang='lat' dir='ltr'><strong>ergo</strong></span> <span class='ocrx_word' id='word_1_122' title='bbox 635 1825 751 1877; x_wconf 69' lang='lat' dir='ltr'><strong>haec</strong></span> <span class='ocrx_word' id='word_1_123' title='bbox 781 1823 965 1893; x_wconf 85' lang='lat' dir='ltr'><strong>regula</strong></span> <span class='ocrx_word' id='word_1_124' title='bbox 1006 1832 1061 1878; x_wconf 89' lang='lat' dir='ltr'><strong>et</strong></span> <span class='ocrx_word' id='word_1_125' title='bbox 1106 1823 1354 1878; x_wconf 89' lang='lat' dir='ltr'><strong>deﬁnitio</strong></span> <span class='ocrx_word' id='word_1_126' title='bbox 1395 1825 1447 1877; x_wconf 90' lang='lat' dir='ltr'><strong>in</strong></span> <span class='ocrx_word' id='word_1_127' title='bbox 1494 1839 1714 1894; x_wconf 85' lang='lat' dir='ltr'><strong>genere,</strong></span> <span class='ocrx_word' id='word_1_128' title='bbox 1759 1831 1812 1878; x_wconf 92' lang='lat' dir='ltr'><strong>et</strong></span> <span class='ocrx_word' id='word_1_129' title='bbox 1853 1824 1974 1878; x_wconf 86' lang='lat' dir='ltr'><strong>uni-</strong></span> 
     </span>
    </p>
   </div>
   <div class='ocr_carea' id='block_1_17' title="bbox 367 1915 1975 1985">
    <p class='ocr_par' dir='ltr' id='par_1_17' title="bbox 367 1915 1975 1985">
     <span class='ocr_line' id='line_1_17' title="bbox 367 1915 1975 1985; baseline 0.003 -17"><span class='ocrx_word' id='word_1_130' title='bbox 367 1929 526 1970; x_wconf 90' lang='lat' dir='ltr'><strong>verse</strong></span> <span class='ocrx_word' id='word_1_131' title='bbox 561 1933 574 1970; x_wconf 90' lang='lat'><strong>:</strong></span> <span class='ocrx_word' id='word_1_132' title='bbox 610 1915 791 1970; x_wconf 91' lang='lat' dir='ltr'><strong>nullus</strong></span> <span class='ocrx_word' id='word_1_133' title='bbox 820 1931 885 1970; x_wconf 85' lang='lat' dir='ltr'><strong>ex</strong></span> <span class='ocrx_word' id='word_1_134' title='bbox 914 1916 977 1970; x_wconf 91' lang='lat' dir='ltr'><strong>iis</strong></span> <span class='ocrx_word' id='word_1_135' title='bbox 1007 1916 1095 1985; x_wconf 91' lang='lat' dir='ltr'><strong>qui</strong></span> <span class='ocrx_word' id='word_1_136' title='bbox 1123 1916 1308 1970; x_wconf 85' lang='lat' dir='ltr'><strong>vivunt</strong></span> <span class='ocrx_word' id='word_1_137' title='bbox 1335 1917 1386 1970; x_wconf 91' lang='lat' dir='ltr'><strong>iu</strong></span> <span class='ocrx_word' id='word_1_138' title='bbox 1412 1917 1628 1983; x_wconf 90' lang='lat' dir='ltr'><strong>virtute,</strong></span> <span class='ocrx_word' id='word_1_139' title='bbox 1663 1932 1768 1971; x_wconf 92' lang='lat' dir='ltr'><strong>non</strong></span> <span class='ocrx_word' id='word_1_140' title='bbox 1799 1917 1975 1973; x_wconf 88' lang='lat' dir='ltr'><strong>credit</strong></span> 
     </span>
    </p>
   </div>
   <div class='ocr_carea' id='block_1_18' title="bbox 367 2007 1973 2081">
    <p class='ocr_par' dir='ltr' id='par_1_18' title="bbox 367 2007 1973 2081">
     <span class='ocr_line' id='line_1_18' title="bbox 367 2007 1973 2081; baseline 0.001 -19"><span class='ocrx_word' id='word_1_141' title='bbox 367 2008 609 2062; x_wconf 87' lang='lat' dir='ltr'><strong>sermoni</strong></span> <span class='ocrx_word' id='word_1_142' title='bbox 645 2007 712 2062; x_wconf 86' lang='lat' dir='ltr'><strong>de</strong></span> <span class='ocrx_word' id='word_1_143' title='bbox 734 2007 964 2077; x_wconf 90' lang='lat' dir='ltr'><strong>judicio,</strong></span> <span class='ocrx_word' id='word_1_144' title='bbox 997 2009 1210 2081; x_wconf 87' lang='lat' dir='ltr'><strong>etiamsi</strong></span> <span class='ocrx_word' id='word_1_145' title='bbox 1239 2009 1310 2063; x_wconf 89' lang='lat' dir='ltr'><strong>sit</strong></span> <span class='ocrx_word' id='word_1_146' title='bbox 1338 2007 1583 2073; x_wconf 64' lang='lat' dir='ltr'><strong>Graecus,</strong></span> <span class='ocrx_word' id='word_1_147' title='bbox 1617 2009 1827 2064; x_wconf 87' lang='lat' dir='ltr'><strong>etiamsi</strong></span> <span class='ocrx_word' id='word_1_148' title='bbox 1861 2010 1973 2063; x_wconf 80' lang='lat' dir='ltr'><strong>ha:-</strong></span> 
     </span>
    </p>
   </div>
   <div class='ocr_carea' id='block_1_19' title="bbox 372 2099 1973 2169">
    <p class='ocr_par' dir='ltr' id='par_1_19' title="bbox 372 2099 1973 2169">
     <span class='ocr_line' id='line_1_19' title="bbox 372 2099 1973 2169; baseline 0.001 -14"><span class='ocrx_word' id='word_1_149' title='bbox 372 2099 575 2155; x_wconf 88' lang='lat' dir='ltr'><strong>relicus</strong></span> <span class='ocrx_word' id='word_1_150' title='bbox 605 2117 619 2154; x_wconf 91' lang='lat'><strong>:</strong></span> <span class='ocrx_word' id='word_1_151' title='bbox 646 2100 828 2156; x_wconf 90' lang='lat' dir='ltr'><strong>nullus</strong></span> <span class='ocrx_word' id='word_1_152' title='bbox 865 2116 930 2155; x_wconf 88' lang='lat' dir='ltr'><strong>ex</strong></span> <span class='ocrx_word' id='word_1_153' title='bbox 972 2099 1038 2154; x_wconf 89' lang='lat' dir='ltr'><strong>iis</strong></span> <span class='ocrx_word' id='word_1_154' title='bbox 1074 2101 1165 2169; x_wconf 91' lang='lat' dir='ltr'><strong>qui</strong></span> <span class='ocrx_word' id='word_1_155' title='bbox 1199 2102 1250 2154; x_wconf 92' lang='lat' dir='ltr'><strong>in</strong></span> <span class='ocrx_word' id='word_1_156' title='bbox 1282 2102 1453 2156; x_wconf 91' lang='lat' dir='ltr'><strong>multo</strong></span> <span class='ocrx_word' id='word_1_157' title='bbox 1483 2111 1766 2156; x_wconf 88' lang='lat' dir='ltr'><strong>versantur</strong></span> <span class='ocrx_word' id='word_1_158' title='bbox 1797 2103 1928 2156; x_wconf 88' lang='lat' dir='ltr'><strong>vitio</strong></span> <span class='ocrx_word' id='word_1_159' title='bbox 1957 2144 1973 2169; x_wconf 88' lang='lat'><strong>,</strong></span> 
     </span>
    </p>
   </div>
   <div class='ocr_carea' id='block_1_20' title="bbox 376 2192 1984 2262">
    <p class='ocr_par' dir='ltr' id='par_1_20' title="bbox 376 2192 1984 2262">
     <span class='ocr_line' id='line_1_20' title="bbox 376 2192 1984 2262; baseline 0.001 -16"><span class='ocrx_word' id='word_1_160' title='bbox 376 2199 574 2260; x_wconf 65' lang='lat' dir='ltr'><strong>praeter</strong></span> <span class='ocrx_word' id='word_1_161' title='bbox 603 2205 823 2262; x_wconf 88' lang='lat' dir='ltr'><strong>paucos,</strong></span> <span class='ocrx_word' id='word_1_162' title='bbox 855 2192 1094 2247; x_wconf 88' lang='lat' dir='ltr'><strong>admittit</strong></span> <span class='ocrx_word' id='word_1_163' title='bbox 1121 2209 1428 2249; x_wconf 88' lang='lat' dir='ltr'><strong>sermonem</strong></span> <span class='ocrx_word' id='word_1_164' title='bbox 1457 2194 1889 2249; x_wconf 88' lang='lat' dir='ltr'><strong>resurrectionis.</strong></span> <span class='ocrx_word' id='word_1_165' title='bbox 1913 2195 1984 2249; x_wconf 87' lang='lat' dir='ltr'><strong>Et</strong></span> 
     </span>
    </p>
   </div>
   <div class='ocr_carea' id='block_1_21' title="bbox 372 2283 1981 2357">
    <p class='ocr_par' dir='ltr' id='par_1_21' title="bbox 372 2283 1981 2357">
     <span class='ocr_line' id='line_1_21' title="bbox 372 2283 1981 2357; baseline -0.001 -18"><span class='ocrx_word' id='word_1_166' title='bbox 372 2283 479 2339; x_wconf 85' lang='lat' dir='ltr'><strong>hoc</strong></span> <span class='ocrx_word' id='word_1_167' title='bbox 514 2293 598 2339; x_wconf 87' lang='lat' dir='ltr'><strong>est.</strong></span> <span class='ocrx_word' id='word_1_168' title='bbox 634 2285 778 2355; x_wconf 90' lang='lat' dir='ltr'><strong>quod</strong></span> <span class='ocrx_word' id='word_1_169' title='bbox 805 2285 935 2339; x_wconf 88' lang='lat' dir='ltr'><strong>dicit</strong></span> <span class='ocrx_word' id='word_1_170' title='bbox 960 2285 1412 2356; x_wconf 83' lang='lat' dir='ltr'><strong>psalmographus</strong></span> <span class='ocrx_word' id='word_1_171' title='bbox 1448 2304 1462 2340; x_wconf 88' lang='lat'><strong>:</strong></span> <span class='ocrx_word' id='word_1_172' title='bbox 1495 2287 1815 2357; x_wconf 76' lang='lat' dir='ltr'><strong>Auferuntur</strong></span> <span class='ocrx_word' id='word_1_173' title='bbox 1830 2286 1981 2355; x_wconf 84' lang='lat' dir='ltr'><strong>judi-</strong></span> 
     </span>
    </p>
   </div>
   <div class='ocr_carea' id='block_1_22' title="bbox 373 2377 1982 2449">
    <p class='ocr_par' dir='ltr' id='par_1_22' title="bbox 373 2377 1982 2449">
     <span class='ocr_line' id='line_1_22' title="bbox 373 2377 1982 2449; baseline -0.001 -17"><span class='ocrx_word' id='word_1_174' title='bbox 373 2379 455 2432; x_wconf 85' lang='lat' dir='ltr'><strong>cia</strong></span> <span class='ocrx_word' id='word_1_175' title='bbox 481 2386 568 2431; x_wconf 87' lang='lat' dir='ltr'><strong>tua</strong></span> <span class='ocrx_word' id='word_1_176' title='bbox 598 2393 630 2431; x_wconf 90' lang='lat' dir='ltr'><strong>a</strong></span> <span class='ocrx_word' id='word_1_177' title='bbox 658 2379 791 2448; x_wconf 79' lang='lat' dir='ltr'><strong>facie</strong></span> <span class='ocrx_word' id='word_1_178' title='bbox 834 2379 944 2448; x_wconf 86' lang='lat' dir='ltr'><strong>ejus</strong></span> <span class='ocrx_word' id='word_1_179' title='bbox 989 2377 1177 2449; x_wconf 86' lang='lat' dir='ltr'><strong>(Psal.</strong></span> <span class='ocrx_word' id='word_1_180' title='bbox 1211 2378 1267 2432; x_wconf 86' lang='lat'><strong>9.</strong></span> <span class='ocrx_word' id='word_1_181' title='bbox 1299 2379 1367 2432; x_wconf 74' lang='grc'>27</span> <span class='ocrx_word' id='word_1_182' title='bbox 1395 2380 1434 2447; x_wconf 93' lang='grc'><strong>).</strong></span> <span class='ocrx_word' id='word_1_183' title='bbox 1471 2377 1686 2446; x_wconf 87' lang='lat' dir='ltr'><strong>Quare?</strong></span> <span class='ocrx_word' id='word_1_184' title='bbox 1716 2378 1982 2445; x_wconf 85' lang='lat' dir='ltr'><strong>Quoniam</strong></span> 
     </span>
    </p>
   </div>
   <div class='ocr_carea' id='block_1_23' title="bbox 376 2472 1986 2546">
    <p class='ocr_par' dir='ltr' id='par_1_23' title="bbox 376 2472 1986 2546">
     <span class='ocr_line' id='line_1_23' title="bbox 376 2472 1986 2546; baseline -0.002 -16"><span class='ocrx_word' id='word_1_185' title='bbox 376 2474 731 2546; x_wconf 85' lang='lat' dir='ltr'><strong>profanantur</strong></span> <span class='ocrx_word' id='word_1_186' title='bbox 765 2474 869 2528; x_wconf 74' lang='lat' dir='ltr'><strong>vis:</strong></span> <span class='ocrx_word' id='word_1_187' title='bbox 899 2473 1016 2544; x_wconf 89' lang='lat' dir='ltr'><strong>ejus</strong></span> <span class='ocrx_word' id='word_1_188' title='bbox 1055 2473 1108 2528; x_wconf 92' lang='lat' dir='ltr'><strong>in</strong></span> <span class='ocrx_word' id='word_1_189' title='bbox 1136 2475 1281 2528; x_wconf 90' lang='lat' dir='ltr'><strong>omni</strong></span> <span class='ocrx_word' id='word_1_190' title='bbox 1312 2485 1556 2544; x_wconf 89' lang='lat' dir='ltr'><strong>tempore</strong></span> <span class='ocrx_word' id='word_1_191' title='bbox 1595 2492 1607 2527; x_wconf 92' lang='lat'><strong>:</strong></span> <span class='ocrx_word' id='word_1_192' title='bbox 1649 2472 1986 2529; x_wconf 83' lang='lat' dir='ltr'><strong>Comedamus</strong></span> 
     </span>
    </p>
   </div>
   <div class='ocr_carea' id='block_1_24' title="bbox 379 2565 1988 2636">
    <p class='ocr_par' dir='ltr' id='par_1_24' title="bbox 379 2565 1988 2636">
     <span class='ocr_line' id='line_1_24' title="bbox 379 2565 1988 2636; baseline -0.001 -14"><span class='ocrx_word' id='word_1_193' title='bbox 379 2566 523 2622; x_wconf 90' lang='lat' dir='ltr'><strong>enim</strong></span> <span class='ocrx_word' id='word_1_194' title='bbox 547 2606 563 2632; x_wconf 91' lang='lat'><strong>,</strong></span> <span class='ocrx_word' id='word_1_195' title='bbox 596 2565 806 2636; x_wconf 88' lang='lat' dir='ltr'><strong>inquit,</strong></span> <span class='ocrx_word' id='word_1_196' title='bbox 839 2575 887 2620; x_wconf 77' lang='lat' dir='ltr'><strong>et</strong></span> <span class='ocrx_word' id='word_1_197' title='bbox 917 2565 1184 2630; x_wconf 80' lang='lat' dir='ltr'><strong>bibamus;</strong></span> <span class='ocrx_word' id='word_1_198' title='bbox 1215 2584 1329 2620; x_wconf 88' lang='lat' dir='ltr'><strong>cras</strong></span> <span class='ocrx_word' id='word_1_199' title='bbox 1360 2568 1493 2620; x_wconf 86' lang='lat' dir='ltr'><strong>enim</strong></span> <span class='ocrx_word' id='word_1_200' title='bbox 1522 2567 1790 2620; x_wconf 79' lang='lat' dir='ltr'><strong>morimur.</strong></span> <span class='ocrx_word' id='word_1_201' title='bbox 1827 2566 1988 2621; x_wconf 77' lang='lat' dir='ltr'><strong>Vides</strong></span> 
     </span>
    </p>
   </div>
   <div class='ocr_carea' id='block_1_25' title="bbox 381 2656 1992 2728">
    <p class='ocr_par' dir='ltr' id='par_1_25' title="bbox 381 2656 1992 2728">
     <span class='ocr_line' id='line_1_25' title="bbox 381 2656 1992 2728; baseline 0.001 -16"><span class='ocrx_word' id='word_1_202' title='bbox 381 2656 526 2728; x_wconf 89' lang='lat' dir='ltr'><strong>quod</strong></span> <span class='ocrx_word' id='word_1_203' title='bbox 550 2657 666 2712; x_wconf 77' lang='lat' dir='ltr'><strong>hzcc</strong></span> <span class='ocrx_word' id='word_1_204' title='bbox 692 2656 878 2712; x_wconf 88' lang='lat' dir='ltr'><strong>dicere</strong></span> <span class='ocrx_word' id='word_1_205' title='bbox 907 2656 978 2711; x_wconf 90' lang='lat' dir='ltr'><strong>sit</strong></span> <span class='ocrx_word' id='word_1_206' title='bbox 1004 2657 1189 2711; x_wconf 88' lang='lat' dir='ltr'><strong>vilium</strong></span> <span class='ocrx_word' id='word_1_207' title='bbox 1221 2665 1276 2711; x_wconf 90' lang='lat' dir='ltr'><strong>et</strong></span> <span class='ocrx_word' id='word_1_208' title='bbox 1300 2658 1633 2727; x_wconf 89' lang='lat' dir='ltr'><strong>abjectorum</strong></span> <span class='ocrx_word' id='word_1_209' title='bbox 1658 2659 1681 2712; x_wconf 95' lang='lat'><strong>?</strong></span> <span class='ocrx_word' id='word_1_210' title='bbox 1709 2658 1792 2713; x_wconf 88' lang='lat' dir='ltr'><strong>Ab</strong></span> <span class='ocrx_word' id='word_1_211' title='bbox 1815 2673 1909 2712; x_wconf 92' lang='lat' dir='ltr'><strong>esu</strong></span> <span class='ocrx_word' id='word_1_212' title='bbox 1937 2667 1992 2713; x_wconf 93' lang='lat' dir='ltr'><strong>ct</strong></span> 
     </span>
    </p>
   </div>
   <div class='ocr_carea' id='block_1_26' title="bbox 381 2750 1989 2820">
    <p class='ocr_par' dir='ltr' id='par_1_26' title="bbox 381 2750 1989 2820">
     <span class='ocr_line' id='line_1_26' title="bbox 381 2750 1989 2820; baseline 0 -16"><span class='ocrx_word' id='word_1_213' title='bbox 381 2759 512 2820; x_wconf 88' lang='lat' dir='ltr'><strong>potu</strong></span> <span class='ocrx_word' id='word_1_214' title='bbox 552 2751 800 2804; x_wconf 91' lang='lat' dir='ltr'><strong>oriuntur</strong></span> <span class='ocrx_word' id='word_1_215' title='bbox 830 2750 945 2804; x_wconf 68' lang='lat' dir='ltr'><strong>haec</strong></span> <span class='ocrx_word' id='word_1_216' title='bbox 984 2751 1150 2806; x_wconf 90' lang='lat' dir='ltr'><strong>verba</strong></span> <span class='ocrx_word' id='word_1_217' title='bbox 1184 2766 1306 2819; x_wconf 73' lang='lat' dir='ltr'><strong>qua:</strong></span> <span class='ocrx_word' id='word_1_218' title='bbox 1337 2759 1592 2806; x_wconf 89' lang='lat' dir='ltr'><strong>evertunt</strong></span> <span class='ocrx_word' id='word_1_219' title='bbox 1632 2753 1989 2807; x_wconf 89' lang='lat' dir='ltr'><strong>resurrectio-</strong></span> 
     </span>
    </p>
   </div>
   <div class='ocr_carea' id='block_1_27' title="bbox 383 2841 1992 2914">
    <p class='ocr_par' dir='ltr' id='par_1_27' title="bbox 383 2841 1992 2914">
     <span class='ocr_line' id='line_1_27' title="bbox 383 2841 1992 2914; baseline 0.002 -17"><span class='ocrx_word' id='word_1_220' title='bbox 383 2858 530 2897; x_wconf 89' lang='lat' dir='ltr'><strong>nem.</strong></span> <span class='ocrx_word' id='word_1_221' title='bbox 561 2842 680 2897; x_wconf 87' lang='lat' dir='ltr'><strong>Non</strong></span> <span class='ocrx_word' id='word_1_222' title='bbox 726 2841 830 2897; x_wconf 89' lang='lat' dir='ltr'><strong>fert</strong></span> <span class='ocrx_word' id='word_1_223' title='bbox 869 2843 1034 2910; x_wconf 90' lang='lat' dir='ltr'><strong>enim,</strong></span> <span class='ocrx_word' id='word_1_224' title='bbox 1076 2858 1182 2898; x_wconf 89' lang='lat' dir='ltr'><strong>non</strong></span> <span class='ocrx_word' id='word_1_225' title='bbox 1213 2843 1317 2898; x_wconf 87' lang='lat' dir='ltr'><strong>fert</strong></span> <span class='ocrx_word' id='word_1_226' title='bbox 1362 2845 1540 2898; x_wconf 90' lang='lat' dir='ltr'><strong>anima</strong></span> <span class='ocrx_word' id='word_1_227' title='bbox 1570 2843 1830 2914; x_wconf 76' lang='lat' dir='ltr'><strong>judicium</strong></span> <span class='ocrx_word' id='word_1_228' title='bbox 1859 2860 1992 2900; x_wconf 89' lang='lat' dir='ltr'><strong>con-</strong></span> 
     </span>
    </p>
   </div>
   <div class='ocr_carea' id='block_1_28' title="bbox 387 2936 1997 3009">
    <p class='ocr_par' dir='ltr' id='par_1_28' title="bbox 387 2936 1997 3009">
     <span class='ocr_line' id='line_1_28' title="bbox 387 2936 1997 3009; baseline 0.003 -20"><span class='ocrx_word' id='word_1_229' title='bbox 387 2936 666 3002; x_wconf 64' lang='lat' dir='ltr'><strong>scientia);</strong></span> <span class='ocrx_word' id='word_1_230' title='bbox 701 2944 755 2991; x_wconf 91' lang='lat' dir='ltr'><strong>et</strong></span> <span class='ocrx_word' id='word_1_231' title='bbox 781 2936 1004 3006; x_wconf 89' lang='lat' dir='ltr'><strong>perinde</strong></span> <span class='ocrx_word' id='word_1_232' title='bbox 1027 2946 1110 2992; x_wconf 91' lang='lat' dir='ltr'><strong>est</strong></span> <span class='ocrx_word' id='word_1_233' title='bbox 1135 2947 1298 3007; x_wconf 88' lang='lat' dir='ltr'><strong>atque</strong></span> <span class='ocrx_word' id='word_1_234' title='bbox 1328 2939 1370 2992; x_wconf 93' lang='lat' dir='ltr'><strong>si</strong></span> <span class='ocrx_word' id='word_1_235' title='bbox 1403 2938 1672 2993; x_wconf 90' lang='lat' dir='ltr'><strong>homicida</strong></span> <span class='ocrx_word' id='word_1_236' title='bbox 1696 2955 1816 2993; x_wconf 92' lang='lat' dir='ltr'><strong>cum</strong></span> <span class='ocrx_word' id='word_1_237' title='bbox 1846 2941 1997 3009; x_wconf 91' lang='lat' dir='ltr'><strong>prius</strong></span> 
     </span>
    </p>
   </div>
   <div class='ocr_carea' id='block_1_29' title="bbox 389 3027 1997 3099">
    <p class='ocr_par' dir='ltr' id='par_1_29' title="bbox 389 3027 1997 3099">
     <span class='ocr_line' id='line_1_29' title="bbox 389 3027 1997 3099; baseline 0.003 -17"><span class='ocrx_word' id='word_1_238' title='bbox 389 3027 492 3082; x_wconf 87' lang='lat' dir='ltr'><strong>sibi</strong></span> <span class='ocrx_word' id='word_1_239' title='bbox 521 3027 856 3098; x_wconf 85' lang='lat' dir='ltr'><strong>suggesserit</strong></span> <span class='ocrx_word' id='word_1_240' title='bbox 877 3027 992 3082; x_wconf 87' lang='lat' dir='ltr'><strong>fore</strong></span> <span class='ocrx_word' id='word_1_241' title='bbox 1018 3036 1076 3082; x_wconf 90' lang='lat' dir='ltr'><strong>ut</strong></span> <span class='ocrx_word' id='word_1_242' title='bbox 1098 3043 1203 3083; x_wconf 92' lang='lat' dir='ltr'><strong>non</strong></span> <span class='ocrx_word' id='word_1_243' title='bbox 1231 3030 1499 3099; x_wconf 89' lang='lat' dir='ltr'><strong>capiatur,</strong></span> <span class='ocrx_word' id='word_1_244' title='bbox 1531 3031 1726 3085; x_wconf 90' lang='lat' dir='ltr'><strong>deinde</strong></span> <span class='ocrx_word' id='word_1_245' title='bbox 1747 3033 1825 3087; x_wconf 90' lang='lat' dir='ltr'><strong>sic</strong></span> <span class='ocrx_word' id='word_1_246' title='bbox 1853 3034 1997 3088; x_wconf 91' lang='lat' dir='ltr'><strong>occi-</strong></span> 
     </span>
    </p>
   </div>
   <div class='ocr_carea' id='block_1_30' title="bbox 392 3117 1999 3190">
    <p class='ocr_par' dir='ltr' id='par_1_30' title="bbox 392 3117 1999 3190">
     <span class='ocr_line' id='line_1_30' title="bbox 392 3117 1999 3190; baseline 0.006 -18"><span class='ocrx_word' id='word_1_247' title='bbox 392 3117 486 3172; x_wconf 89' lang='lat' dir='ltr'><strong>dat</strong></span> <span class='ocrx_word' id='word_1_248' title='bbox 513 3135 527 3172; x_wconf 90' lang='lat'><strong>:</strong></span> <span class='ocrx_word' id='word_1_249' title='bbox 558 3133 682 3172; x_wconf 91' lang='lat' dir='ltr'><strong>nam</strong></span> <span class='ocrx_word' id='word_1_250' title='bbox 704 3160 721 3185; x_wconf 97' lang='lat'><strong>,</strong></span> <span class='ocrx_word' id='word_1_251' title='bbox 765 3132 886 3173; x_wconf 92' lang='lat' dir='ltr'><strong>eum</strong></span> <span class='ocrx_word' id='word_1_252' title='bbox 928 3118 1206 3188; x_wconf 88' lang='lat' dir='ltr'><strong>judicante</strong></span> <span class='ocrx_word' id='word_1_253' title='bbox 1247 3123 1574 3177; x_wconf 88' lang='lat' dir='ltr'><strong>conscientia</strong></span> <span class='ocrx_word' id='word_1_254' title='bbox 1596 3164 1611 3190; x_wconf 96' lang='lat'><strong>,</strong></span> <span class='ocrx_word' id='word_1_255' title='bbox 1643 3138 1748 3178; x_wconf 89' lang='lat' dir='ltr'><strong>non</strong></span> <span class='ocrx_word' id='word_1_256' title='bbox 1773 3125 1880 3180; x_wconf 92' lang='lat' dir='ltr'><strong>cito</strong></span> <span class='ocrx_word' id='word_1_257' title='bbox 1908 3141 1999 3182; x_wconf 84' lang='lat' dir='ltr'><strong>ve-</strong></span> 
     </span>
    </p>
   </div>
   <div class='ocr_carea' id='block_1_31' title="bbox 393 3211 1994 3291">
    <p class='ocr_par' dir='ltr' id='par_1_31' title="bbox 393 3211 1994 3291">
     <span class='ocr_line' id='line_1_31' title="bbox 393 3211 1994 3291; baseline 0.005 -25"><span class='ocrx_word' id='word_1_258' title='bbox 393 3211 566 3266; x_wconf 89' lang='lat' dir='ltr'><strong>nisset</strong></span> <span class='ocrx_word' id='word_1_259' title='bbox 593 3211 659 3267; x_wconf 87' lang='lat' dir='ltr'><strong>ad</strong></span> <span class='ocrx_word' id='word_1_260' title='bbox 688 3211 992 3267; x_wconf 91' lang='lat' dir='ltr'><strong>audendum</strong></span> <span class='ocrx_word' id='word_1_261' title='bbox 1022 3214 1301 3284; x_wconf 90' lang='lat' dir='ltr'><strong>suscipere</strong></span> <span class='ocrx_word' id='word_1_262' title='bbox 1332 3214 1560 3271; x_wconf 89' lang='lat' dir='ltr'><strong>facinus.</strong></span> <span class='ocrx_word' id='word_1_263' title='bbox 1596 3217 1662 3272; x_wconf 86' lang='lat' dir='ltr'><strong>Et</strong></span> <span class='ocrx_word' id='word_1_264' title='bbox 1690 3218 1794 3273; x_wconf 91' lang='lat' dir='ltr'><strong>scit</strong></span> <span class='ocrx_word' id='word_1_265' title='bbox 1827 3234 1956 3291; x_wconf 88' lang='lat' dir='ltr'><strong>ergo</strong></span> <span class='ocrx_word' id='word_1_266' title='bbox 1980 3261 1994 3288; x_wconf 96' lang='lat'><strong>,</strong></span> 
     </span>
    </p>
   </div>
   <div class='ocr_carea' id='block_1_32' title="bbox 395 3305 2002 3379">
    <p class='ocr_par' dir='ltr' id='par_1_32' title="bbox 395 3305 2002 3379">
     <span class='ocr_line' id='line_1_32' title="bbox 395 3305 2002 3379; baseline 0.004 -18"><span class='ocrx_word' id='word_1_267' title='bbox 395 3314 452 3361; x_wconf 89' lang='lat' dir='ltr'><strong>et</strong></span> <span class='ocrx_word' id='word_1_268' title='bbox 484 3321 593 3377; x_wconf 74' lang='lat' dir='ltr'><strong>pra:</strong></span> <span class='ocrx_word' id='word_1_269' title='bbox 620 3321 680 3362; x_wconf 90' lang='lat' dir='ltr'><strong>se</strong></span> <span class='ocrx_word' id='word_1_270' title='bbox 712 3305 819 3362; x_wconf 88' lang='lat' dir='ltr'><strong>fert</strong></span> <span class='ocrx_word' id='word_1_271' title='bbox 841 3321 900 3362; x_wconf 89' lang='lat' dir='ltr'><strong>se</strong></span> <span class='ocrx_word' id='word_1_272' title='bbox 927 3308 1196 3377; x_wconf 90' lang='lat' dir='ltr'><strong>ignorare,</strong></span> <span class='ocrx_word' id='word_1_273' title='bbox 1226 3323 1295 3364; x_wconf 91' lang='lat' dir='ltr'><strong>ne</strong></span> <span class='ocrx_word' id='word_1_274' title='bbox 1323 3318 1635 3379; x_wconf 88' lang='lat' dir='ltr'><strong>torqueatur</strong></span> <span class='ocrx_word' id='word_1_275' title='bbox 1661 3327 1690 3366; x_wconf 87' lang='lat' dir='ltr'><strong>a</strong></span> <span class='ocrx_word' id='word_1_276' title='bbox 1713 3315 2002 3369; x_wconf 91' lang='lat' dir='ltr'><strong>conscien-</strong></span> 
     </span>
    </p>
   </div>
   <div class='ocr_carea' id='block_1_33' title="bbox 1251 400 2714 471">
    <p class='ocr_par' dir='ltr' id='par_1_33' title="bbox 1251 400 2714 471">
     <span class='ocr_line' id='line_1_33' title="bbox 1251 400 2714 471; baseline -0.008 -2"><span class='ocrx_word' id='word_1_277' title='bbox 1251 413 1315 471; x_wconf 86' lang='lat' dir='ltr'><strong>iN</strong></span> <span class='ocrx_word' id='word_1_278' title='bbox 1359 411 1572 471; x_wconf 82' lang='lat' dir='ltr'><strong>EPIST.</strong></span> <span class='ocrx_word' id='word_1_279' title='bbox 1617 412 1708 468; x_wconf 83' lang='lat' dir='ltr'><strong>AD</strong></span> <span class='ocrx_word' id='word_1_280' title='bbox 1747 402 2022 464; x_wconf 86' lang='lat' dir='ltr'><strong>COLOSS.</strong></span> <span class='ocrx_word' id='word_1_281' title='bbox 2065 400 2219 459; x_wconf 65' lang='lat' dir='ltr'><strong>CAP.</strong></span> <span class='ocrx_word' id='word_1_282' title='bbox 2261 404 2302 459; x_wconf 87' lang='lat' dir='ltr'><strong>l.</strong></span> <span class='ocrx_word' id='word_1_283' title='bbox 2347 403 2580 460; x_wconf 64' lang='lat' dir='ltr'><strong>llOllll..</strong></span> <span class='ocrx_word' id='word_1_284' title='bbox 2625 401 2714 459; x_wconf 84' lang='lat' dir='ltr'><strong>Ill.</strong></span> 
     </span>
    </p>
   </div>
   <div class='ocr_carea' id='block_1_34' title="bbox 3550 407 3654 463">
    <p class='ocr_par' dir='ltr' id='par_1_34' title="bbox 3550 407 3654 463">
     <span class='ocr_line' id='line_1_34' title="bbox 3550 407 3654 463; baseline -0.01 0"><span class='ocrx_word' id='word_1_285' title='bbox 3550 407 3654 463; x_wconf 65' lang='lat' dir='ltr'><strong>sus</strong></span> 
     </span>
    </p>
   </div>
   <div class='ocr_carea' id='block_1_35' title="bbox 2064 521 3655 595">
    <p class='ocr_par' dir='ltr' id='par_1_35' title="bbox 2064 521 3655 595">
     <span class='ocr_line' id='line_1_35' title="bbox 2064 521 3655 595; baseline 0.004 -21"><span class='ocrx_word' id='word_1_286' title='bbox 2064 521 2134 575; x_wconf 90' lang='lat' dir='ltr'><strong>tia</strong></span> <span class='ocrx_word' id='word_1_287' title='bbox 2178 532 2230 576; x_wconf 93' lang='lat' dir='ltr'><strong>ct</strong></span> <span class='ocrx_word' id='word_1_288' title='bbox 2260 532 2404 578; x_wconf 89' lang='lat' dir='ltr'><strong>metu</strong></span> <span class='ocrx_word' id='word_1_289' title='bbox 2434 541 2446 577; x_wconf 94' lang='lat'>:</span> <span class='ocrx_word' id='word_1_290' title='bbox 2475 524 2712 595; x_wconf 90' lang='lat' dir='ltr'><strong>alioquin</strong></span> <span class='ocrx_word' id='word_1_291' title='bbox 2745 523 2890 580; x_wconf 86' lang='lat' dir='ltr'><strong>enim</strong></span> <span class='ocrx_word' id='word_1_292' title='bbox 2921 523 3183 579; x_wconf 88' lang='lat' dir='ltr'><strong>evasisset</strong></span> <span class='ocrx_word' id='word_1_293' title='bbox 3229 525 3546 580; x_wconf 81' lang='lat' dir='ltr'><strong>imbecillior</strong></span> <span class='ocrx_word' id='word_1_294' title='bbox 3587 525 3655 581; x_wconf 83' lang='lat' dir='ltr'><strong>ad</strong></span> 
     </span>
    </p>
   </div>
   <div class='ocr_carea' id='block_1_36' title="bbox 2060 613 3656 686">
    <p class='ocr_par' dir='ltr' id='par_1_36' title="bbox 2060 613 3656 686">
     <span class='ocr_line' id='line_1_36' title="bbox 2060 613 3656 686; baseline 0.003 -18"><span class='ocrx_word' id='word_1_295' title='bbox 2060 613 2284 670; x_wconf 73' lang='lat' dir='ltr'><strong>etedem.</strong></span> <span class='ocrx_word' id='word_1_296' title='bbox 2311 614 2384 669; x_wconf 89' lang='lat' dir='ltr'><strong>Ita</strong></span> <span class='ocrx_word' id='word_1_297' title='bbox 2415 625 2559 671; x_wconf 86' lang='lat' dir='ltr'><strong>certe</strong></span> <span class='ocrx_word' id='word_1_298' title='bbox 2586 625 2637 671; x_wconf 93' lang='lat' dir='ltr'><strong>et</strong></span> <span class='ocrx_word' id='word_1_299' title='bbox 2666 615 2755 686; x_wconf 91' lang='lat' dir='ltr'><strong>qui</strong></span> <span class='ocrx_word' id='word_1_300' title='bbox 2783 625 3009 685; x_wconf 86' lang='lat' dir='ltr'><strong>peccant</strong></span> <span class='ocrx_word' id='word_1_301' title='bbox 3033 617 3210 670; x_wconf 86' lang='lat' dir='ltr'><strong>sciunt</strong></span> <span class='ocrx_word' id='word_1_302' title='bbox 3235 628 3511 686; x_wconf 88' lang='lat' dir='ltr'><strong>peccatum</strong></span> <span class='ocrx_word' id='word_1_303' title='bbox 3542 634 3656 672; x_wconf 87' lang='lat' dir='ltr'><strong>rem</strong></span> 
     </span>
    </p>
   </div>
   <div class='ocr_carea' id='block_1_37' title="bbox 2059 707 3655 780">
    <p class='ocr_par' dir='ltr' id='par_1_37' title="bbox 2059 707 3655 780">
     <span class='ocr_line' id='line_1_37' title="bbox 2059 707 3655 780; baseline 0.001 -19"><span class='ocrx_word' id='word_1_304' title='bbox 2059 721 2181 762; x_wconf 87' lang='lat' dir='ltr'><strong>esse</strong></span> <span class='ocrx_word' id='word_1_305' title='bbox 2212 707 2440 773; x_wconf 87' lang='lat' dir='ltr'><strong>malam;</strong></span> <span class='ocrx_word' id='word_1_306' title='bbox 2476 718 2531 763; x_wconf 90' lang='lat' dir='ltr'><strong>et</strong></span> <span class='ocrx_word' id='word_1_307' title='bbox 2560 710 2647 779; x_wconf 83' lang='lat' dir='ltr'><strong>qui</strong></span> <span class='ocrx_word' id='word_1_308' title='bbox 2677 709 2914 779; x_wconf 89' lang='lat' dir='ltr'><strong>quotidie</strong></span> <span class='ocrx_word' id='word_1_309' title='bbox 2952 709 3262 764; x_wconf 76' lang='lat' dir='ltr'><strong>volutantur</strong></span> <span class='ocrx_word' id='word_1_310' title='bbox 3291 711 3342 764; x_wconf 91' lang='lat' dir='ltr'><strong>in</strong></span> <span class='ocrx_word' id='word_1_311' title='bbox 3374 710 3503 780; x_wconf 63' lang='lat' dir='ltr'><strong>ipsis</strong></span> <span class='ocrx_word' id='word_1_312' title='bbox 3539 726 3655 764; x_wconf 87' lang='lat' dir='ltr'><strong>ma-</strong></span> 
     </span>
    </p>
   </div>
   <div class='ocr_carea' id='block_1_38' title="bbox 2060 799 3659 871">
    <p class='ocr_par' dir='ltr' id='par_1_38' title="bbox 2060 799 3659 871">
     <span class='ocr_line' id='line_1_38' title="bbox 2060 799 3659 871; baseline 0.003 -19"><span class='ocrx_word' id='word_1_313' title='bbox 2060 799 2124 852; x_wconf 92' lang='lat' dir='ltr'><strong>lis</strong></span> <span class='ocrx_word' id='word_1_314' title='bbox 2147 841 2160 864; x_wconf 86' lang='lat'><strong>,</strong></span> <span class='ocrx_word' id='word_1_315' title='bbox 2192 800 2379 854; x_wconf 92' lang='lat' dir='ltr'><strong>nolunt</strong></span> <span class='ocrx_word' id='word_1_316' title='bbox 2411 803 2549 856; x_wconf 90' lang='lat' dir='ltr'><strong>scire</strong></span> <span class='ocrx_word' id='word_1_317' title='bbox 2570 842 2584 867; x_wconf 94' lang='lat'><strong>,</strong></span> <span class='ocrx_word' id='word_1_318' title='bbox 2614 817 2937 871; x_wconf 89' lang='lat' dir='ltr'><strong>quamquam</strong></span> <span class='ocrx_word' id='word_1_319' title='bbox 2963 817 3150 857; x_wconf 86' lang='lat' dir='ltr'><strong>eorum</strong></span> <span class='ocrx_word' id='word_1_320' title='bbox 3179 803 3510 857; x_wconf 89' lang='lat' dir='ltr'><strong>conscientia</strong></span> <span class='ocrx_word' id='word_1_321' title='bbox 3545 819 3659 858; x_wconf 89' lang='lat' dir='ltr'><strong>rem</strong></span> 
     </span>
    </p>
   </div>
   <div class='ocr_carea' id='block_1_39' title="bbox 2058 892 3662 962">
    <p class='ocr_par' dir='ltr' id='par_1_39' title="bbox 2058 892 3662 962">
     <span class='ocr_line' id='line_1_39' title="bbox 2058 892 3662 962; baseline 0.002 -16"><span class='ocrx_word' id='word_1_322' title='bbox 2058 892 2575 962; x_wconf 87' lang='lat' dir='ltr'><strong>comprehendeute.</strong></span> <span class='ocrx_word' id='word_1_323' title='bbox 2604 893 2708 950; x_wconf 86' lang='lat' dir='ltr'><strong>Sed</strong></span> <span class='ocrx_word' id='word_1_324' title='bbox 2737 910 2805 947; x_wconf 83' lang='lat' dir='ltr'><strong>ne</strong></span> <span class='ocrx_word' id='word_1_325' title='bbox 2833 895 2936 948; x_wconf 88' lang='lat' dir='ltr'><strong>illis</strong></span> <span class='ocrx_word' id='word_1_326' title='bbox 2966 895 3341 962; x_wconf 89' lang='lat' dir='ltr'><strong>attendamus;</strong></span> <span class='ocrx_word' id='word_1_327' title='bbox 3379 896 3481 950; x_wconf 89' lang='lat' dir='ltr'><strong>erit</strong></span> <span class='ocrx_word' id='word_1_328' title='bbox 3515 897 3662 950; x_wconf 90' lang='lat' dir='ltr'><strong>enim</strong></span> 
     </span>
    </p>
   </div>
   <div class='ocr_carea' id='block_1_40' title="bbox 2060 989 3662 1059">
    <p class='ocr_par' dir='ltr' id='par_1_40' title="bbox 2060 989 3662 1059">
     <span class='ocr_line' id='line_1_40' title="bbox 2060 989 3662 1059; baseline 0.001 -18"><span class='ocrx_word' id='word_1_329' title='bbox 2060 989 2282 1043; x_wconf 87' lang='lat' dir='ltr'><strong>omnino</strong></span> <span class='ocrx_word' id='word_1_330' title='bbox 2317 989 2577 1059; x_wconf 88' lang='lat' dir='ltr'><strong>judicium</strong></span> <span class='ocrx_word' id='word_1_331' title='bbox 2625 1000 2678 1044; x_wconf 91' lang='lat' dir='ltr'><strong>et</strong></span> <span class='ocrx_word' id='word_1_332' title='bbox 2725 991 3074 1056; x_wconf 88' lang='lat' dir='ltr'><strong>resurrectio,</strong></span> <span class='ocrx_word' id='word_1_333' title='bbox 3121 1006 3291 1059; x_wconf 85' lang='lat' dir='ltr'><strong>neque</strong></span> <span class='ocrx_word' id='word_1_334' title='bbox 3342 1002 3448 1044; x_wconf 89' lang='lat' dir='ltr'><strong>tam</strong></span> <span class='ocrx_word' id='word_1_335' title='bbox 3496 991 3662 1044; x_wconf 82' lang='lat' dir='ltr'><strong>multa</strong></span> 
     </span>
    </p>
   </div>
   <div class='ocr_carea' id='block_1_41' title="bbox 2060 1081 3676 1152">
    <p class='ocr_par' dir='ltr' id='par_1_41' title="bbox 2060 1081 3676 1152">
     <span class='ocr_line' id='line_1_41' title="bbox 2060 1081 3676 1152; baseline -0.001 -17"><span class='ocrx_word' id='word_1_336' title='bbox 2060 1097 2224 1151; x_wconf 79' lang='lat' dir='ltr'><strong>Opera</strong></span> <span class='ocrx_word' id='word_1_337' title='bbox 2256 1081 2451 1136; x_wconf 82' lang='lat' dir='ltr'><strong>frustra</strong></span> <span class='ocrx_word' id='word_1_338' title='bbox 2497 1083 2735 1137; x_wconf 86' lang='lat' dir='ltr'><strong>dimittet</strong></span> <span class='ocrx_word' id='word_1_339' title='bbox 2776 1083 2936 1137; x_wconf 91' lang='lat' dir='ltr'><strong>Deus.</strong></span> <span class='ocrx_word' id='word_1_340' title='bbox 2983 1082 3344 1150; x_wconf 86' lang='lat' dir='ltr'><strong>Quamobrem</strong></span> <span class='ocrx_word' id='word_1_341' title='bbox 3385 1097 3551 1152; x_wconf 88' lang='lat' dir='ltr'><strong>rogo,</strong></span> <span class='ocrx_word' id='word_1_342' title='bbox 3583 1085 3676 1134; x_wconf 77' lang='lat' dir='ltr'><strong>al:—</strong></span> 
     </span>
    </p>
   </div>
   <div class='ocr_carea' id='block_1_42' title="bbox 2063 1173 3667 1242">
    <p class='ocr_par' dir='ltr' id='par_1_42' title="bbox 2063 1173 3667 1242">
     <span class='ocr_line' id='line_1_42' title="bbox 2063 1173 3667 1242; baseline -0.002 -16"><span class='ocrx_word' id='word_1_343' title='bbox 2063 1173 2326 1228; x_wconf 89' lang='lat' dir='ltr'><strong>stinentcs</strong></span> <span class='ocrx_word' id='word_1_344' title='bbox 2371 1189 2401 1227; x_wconf 87' lang='lat' dir='ltr'><strong>a</strong></span> <span class='ocrx_word' id='word_1_345' title='bbox 2447 1174 2602 1238; x_wconf 89' lang='lat' dir='ltr'><strong>vitio,</strong></span> <span class='ocrx_word' id='word_1_346' title='bbox 2650 1175 2904 1228; x_wconf 87' lang='lat' dir='ltr'><strong>virtutem</strong></span> <span class='ocrx_word' id='word_1_347' title='bbox 2935 1174 3350 1242; x_wconf 88' lang='lat' dir='ltr'><strong>amplectamur,</strong></span> <span class='ocrx_word' id='word_1_348' title='bbox 3396 1183 3456 1227; x_wconf 90' lang='lat' dir='ltr'><strong>ut</strong></span> <span class='ocrx_word' id='word_1_349' title='bbox 3484 1189 3667 1227; x_wconf 88' lang='lat' dir='ltr'><strong>verum</strong></span> 
     </span>
    </p>
   </div>
   <div class='ocr_carea' id='block_1_43' title="bbox 2065 1265 3669 1336">
    <p class='ocr_par' dir='ltr' id='par_1_43' title="bbox 2065 1265 3669 1336">
     <span class='ocr_line' id='line_1_43' title="bbox 2065 1265 3669 1336; baseline -0.002 -16"><span class='ocrx_word' id='word_1_350' title='bbox 2065 1267 2391 1336; x_wconf 88' lang='lat' dir='ltr'><strong>accipiamus</strong></span> <span class='ocrx_word' id='word_1_351' title='bbox 2415 1282 2723 1322; x_wconf 90' lang='lat' dir='ltr'><strong>sermonem</strong></span> <span class='ocrx_word' id='word_1_352' title='bbox 2754 1269 2805 1321; x_wconf 94' lang='lat' dir='ltr'><strong>in</strong></span> <span class='ocrx_word' id='word_1_353' title='bbox 2825 1267 3042 1322; x_wconf 88' lang='lat' dir='ltr'><strong>Christo</strong></span> <span class='ocrx_word' id='word_1_354' title='bbox 3062 1265 3191 1321; x_wconf 86' lang='lat' dir='ltr'><strong>Jesu</strong></span> <span class='ocrx_word' id='word_1_355' title='bbox 3215 1266 3442 1319; x_wconf 89' lang='lat' dir='ltr'><strong>Domino</strong></span> <span class='ocrx_word' id='word_1_356' title='bbox 3463 1275 3669 1318; x_wconf 78' lang='lat' dir='ltr'><strong>nostro.</strong></span> 
     </span>
    </p>
   </div>
   <div class='ocr_carea' id='block_1_44' title="bbox 2139 1357 3671 1430">
    <p class='ocr_par' dir='ltr' id='par_1_44' title="bbox 2139 1357 3671 1430">
     <span class='ocr_line' id='line_1_44' title="bbox 2139 1357 3671 1430; baseline -0.002 -17"><span class='ocrx_word' id='word_1_357' title='bbox 2139 1359 2262 1413; x_wconf 83' lang='lat' dir='ltr'><strong>Fati</strong></span> <span class='ocrx_word' id='word_1_358' title='bbox 2305 1361 2478 1429; x_wconf 76' lang='lat' dir='ltr'><strong>Opinio</strong></span> <span class='ocrx_word' id='word_1_359' title='bbox 2520 1362 2769 1430; x_wconf 78' lang='lat' dir='ltr'><strong>rejicilur.</strong></span> <span class='ocrx_word' id='word_1_360' title='bbox 2809 1391 2878 1400; x_wconf 93' lang='lat'><strong>—-</strong></span> <span class='ocrx_word' id='word_1_361' title='bbox 2906 1360 3240 1429; x_wconf 89' lang='lat' dir='ltr'><strong>Quamquam</strong></span> <span class='ocrx_word' id='word_1_362' title='bbox 3272 1357 3399 1428; x_wconf 89' lang='lat' dir='ltr'><strong>quid</strong></span> <span class='ocrx_word' id='word_1_363' title='bbox 3431 1367 3514 1412; x_wconf 87' lang='lat' dir='ltr'><strong>est</strong></span> <span class='ocrx_word' id='word_1_364' title='bbox 3540 1357 3671 1410; x_wconf 77' lang='lat' dir='ltr'><strong>faci-</strong></span> 
     </span>
    </p>
   </div>
   <div class='ocr_carea' id='block_1_45' title="bbox 2067 1450 3674 1523">
    <p class='ocr_par' dir='ltr' id='par_1_45' title="bbox 2067 1450 3674 1523">
     <span class='ocr_line' id='line_1_45' title="bbox 2067 1450 3674 1523; baseline -0.003 -14"><span class='ocrx_word' id='word_1_365' title='bbox 2067 1454 2171 1509; x_wconf 84' lang='lat' dir='ltr'><strong>lius</strong></span> <span class='ocrx_word' id='word_1_366' title='bbox 2195 1495 2208 1518; x_wconf 84' lang='lat'><strong>,</strong></span> <span class='ocrx_word' id='word_1_367' title='bbox 2251 1453 2610 1508; x_wconf 88' lang='lat' dir='ltr'><strong>admittereue</strong></span> <span class='ocrx_word' id='word_1_368' title='bbox 2638 1453 2779 1523; x_wconf 89' lang='lat' dir='ltr'><strong>quod</strong></span> <span class='ocrx_word' id='word_1_369' title='bbox 2808 1453 3007 1506; x_wconf 90' lang='lat' dir='ltr'><strong>dicitur</strong></span> <span class='ocrx_word' id='word_1_370' title='bbox 3037 1453 3104 1507; x_wconf 90' lang='lat' dir='ltr'><strong>de</strong></span> <span class='ocrx_word' id='word_1_371' title='bbox 3133 1450 3536 1506; x_wconf 85' lang='lat' dir='ltr'><strong>resurrectione</strong></span> <span class='ocrx_word' id='word_1_372' title='bbox 3557 1491 3571 1516; x_wconf 94' lang='lat'><strong>,</strong></span> <span class='ocrx_word' id='word_1_373' title='bbox 3607 1465 3674 1504; x_wconf 91' lang='lat' dir='ltr'><strong>an</strong></span> 
     </span>
    </p>
   </div>
   <div class='ocr_carea' id='block_1_46' title="bbox 2071 1545 3679 1617">
    <p class='ocr_par' dir='ltr' id='par_1_46' title="bbox 2071 1545 3679 1617">
     <span class='ocr_line' id='line_1_46' title="bbox 2071 1545 3679 1617; baseline -0.001 -17"><span class='ocrx_word' id='word_1_374' title='bbox 2071 1546 2214 1617; x_wconf 88' lang='lat' dir='ltr'><strong>quod</strong></span> <span class='ocrx_word' id='word_1_375' title='bbox 2241 1546 2440 1602; x_wconf 92' lang='lat' dir='ltr'><strong>dicitur</strong></span> <span class='ocrx_word' id='word_1_376' title='bbox 2466 1548 2534 1602; x_wconf 92' lang='lat' dir='ltr'><strong>dc</strong></span> <span class='ocrx_word' id='word_1_377' title='bbox 2570 1546 2714 1601; x_wconf 90' lang='lat' dir='ltr'><strong>fato?</strong></span> <span class='ocrx_word' id='word_1_378' title='bbox 2742 1547 2855 1602; x_wconf 91' lang='lat' dir='ltr'><strong>lloe</strong></span> <span class='ocrx_word' id='word_1_379' title='bbox 2887 1548 3104 1616; x_wconf 88' lang='lat' dir='ltr'><strong>plenum</strong></span> <span class='ocrx_word' id='word_1_380' title='bbox 3139 1555 3222 1600; x_wconf 90' lang='lat' dir='ltr'><strong>est</strong></span> <span class='ocrx_word' id='word_1_381' title='bbox 3253 1545 3536 1614; x_wconf 89' lang='lat' dir='ltr'><strong>injustitia,</strong></span> <span class='ocrx_word' id='word_1_382' title='bbox 3563 1546 3679 1614; x_wconf 86' lang='lat' dir='ltr'><strong>ple-</strong></span> 
     </span>
    </p>
   </div>
   <div class='ocr_carea' id='block_1_47' title="bbox 2074 1637 3681 1709">
    <p class='ocr_par' dir='ltr' id='par_1_47' title="bbox 2074 1637 3681 1709">
     <span class='ocr_line' id='line_1_47' title="bbox 2074 1637 3681 1709; baseline -0.001 -17"><span class='ocrx_word' id='word_1_383' title='bbox 2074 1655 2200 1693; x_wconf 89' lang='lat' dir='ltr'><strong>num</strong></span> <span class='ocrx_word' id='word_1_384' title='bbox 2225 1640 2531 1708; x_wconf 91' lang='lat' dir='ltr'><strong>insipientia</strong></span> <span class='ocrx_word' id='word_1_385' title='bbox 2559 1650 2612 1694; x_wconf 90' lang='lat' dir='ltr'><strong>et</strong></span> <span class='ocrx_word' id='word_1_386' title='bbox 2636 1649 2876 1709; x_wconf 83' lang='lat' dir='ltr'><strong>egestate</strong></span> <span class='ocrx_word' id='word_1_387' title='bbox 2904 1639 3150 1704; x_wconf 76' lang='lat' dir='ltr'><strong>rationis,</strong></span> <span class='ocrx_word' id='word_1_388' title='bbox 3181 1637 3397 1707; x_wconf 90' lang='lat' dir='ltr'><strong>plenum</strong></span> <span class='ocrx_word' id='word_1_389' title='bbox 3425 1637 3681 1690; x_wconf 61' lang='lat' dir='ltr'><strong>inhumao</strong></span> 
     </span>
    </p>
   </div>
   <div class='ocr_carea' id='block_1_48' title="bbox 2075 1728 3681 1800">
    <p class='ocr_par' dir='ltr' id='par_1_48' title="bbox 2075 1728 3681 1800">
     <span class='ocr_line' id='line_1_48' title="bbox 2075 1728 3681 1800; baseline -0.001 -16"><span class='ocrx_word' id='word_1_390' title='bbox 2075 1731 2242 1785; x_wconf 88' lang='lat' dir='ltr'><strong>nitate</strong></span> <span class='ocrx_word' id='word_1_391' title='bbox 2274 1747 2287 1796; x_wconf 93' lang='lat'><strong>;</strong></span> <span class='ocrx_word' id='word_1_392' title='bbox 2321 1730 2452 1784; x_wconf 90' lang='lat' dir='ltr'><strong>illud</strong></span> <span class='ocrx_word' id='word_1_393' title='bbox 2483 1739 2565 1784; x_wconf 89' lang='lat' dir='ltr'><strong>est</strong></span> <span class='ocrx_word' id='word_1_394' title='bbox 2598 1730 2812 1800; x_wconf 89' lang='lat' dir='ltr'><strong>plenum</strong></span> <span class='ocrx_word' id='word_1_395' title='bbox 2833 1730 3062 1799; x_wconf 86' lang='lat' dir='ltr'><strong>justitia,</strong></span> <span class='ocrx_word' id='word_1_396' title='bbox 3098 1728 3428 1783; x_wconf 88' lang='lat' dir='ltr'><strong>distribuens</strong></span> <span class='ocrx_word' id='word_1_397' title='bbox 3456 1744 3553 1799; x_wconf 90' lang='lat' dir='ltr'><strong>pro</strong></span> <span class='ocrx_word' id='word_1_398' title='bbox 3576 1744 3681 1782; x_wconf 83' lang='lat' dir='ltr'><strong>me-</strong></span> 
     </span>
    </p>
   </div>
   <div class='ocr_carea' id='block_1_49' title="bbox 2077 1823 3678 1894">
    <p class='ocr_par' dir='ltr' id='par_1_49' title="bbox 2077 1823 3678 1894">
     <span class='ocr_line' id='line_1_49' title="bbox 2077 1823 3678 1894; baseline -0.001 -16"><span class='ocrx_word' id='word_1_399' title='bbox 2077 1825 2234 1891; x_wconf 90' lang='lat' dir='ltr'><strong>ritis;</strong></span> <span class='ocrx_word' id='word_1_400' title='bbox 2267 1834 2321 1879; x_wconf 92' lang='lat' dir='ltr'><strong>et</strong></span> <span class='ocrx_word' id='word_1_401' title='bbox 2361 1834 2540 1879; x_wconf 89' lang='lat' dir='ltr'><strong>tamen</strong></span> <span class='ocrx_word' id='word_1_402' title='bbox 2584 1826 2757 1894; x_wconf 88' lang='lat' dir='ltr'><strong>ipsum</strong></span> <span class='ocrx_word' id='word_1_403' title='bbox 2805 1840 2910 1879; x_wconf 93' lang='lat' dir='ltr'><strong>non</strong></span> <span class='ocrx_word' id='word_1_404' title='bbox 2956 1825 3264 1878; x_wconf 89' lang='lat' dir='ltr'><strong>admittunt.</strong></span> <span class='ocrx_word' id='word_1_405' title='bbox 3297 1823 3466 1878; x_wconf 87' lang='lat' dir='ltr'><strong>Causa</strong></span> <span class='ocrx_word' id='word_1_406' title='bbox 3499 1831 3678 1876; x_wconf 90' lang='lat' dir='ltr'><strong>autem</strong></span> 
     </span>
    </p>
   </div>
   <div class='ocr_carea' id='block_1_50' title="bbox 2078 1913 3680 1988">
    <p class='ocr_par' dir='ltr' id='par_1_50' title="bbox 2078 1913 3680 1988">
     <span class='ocr_line' id='line_1_50' title="bbox 2078 1913 3680 1988; baseline -0.004 -16"><span class='ocrx_word' id='word_1_407' title='bbox 2078 1927 2162 1972; x_wconf 87' lang='lat' dir='ltr'><strong>est</strong></span> <span class='ocrx_word' id='word_1_408' title='bbox 2187 1917 2442 1988; x_wconf 88' lang='lat' dir='ltr'><strong>segnities</strong></span> <span class='ocrx_word' id='word_1_409' title='bbox 2475 1935 2487 1972; x_wconf 93' lang='lat'><strong>:</strong></span> <span class='ocrx_word' id='word_1_410' title='bbox 2521 1917 2699 1971; x_wconf 91' lang='lat' dir='ltr'><strong>nullus</strong></span> <span class='ocrx_word' id='word_1_411' title='bbox 2727 1917 2870 1971; x_wconf 91' lang='lat' dir='ltr'><strong>enim</strong></span> <span class='ocrx_word' id='word_1_412' title='bbox 2899 1916 2988 1986; x_wconf 89' lang='lat' dir='ltr'><strong>qui</strong></span> <span class='ocrx_word' id='word_1_413' title='bbox 3032 1916 3242 1985; x_wconf 89' lang='lat' dir='ltr'><strong>sapiat,</strong></span> <span class='ocrx_word' id='word_1_414' title='bbox 3279 1915 3382 1969; x_wconf 90' lang='lat' dir='ltr'><strong>hoc</strong></span> <span class='ocrx_word' id='word_1_415' title='bbox 3423 1913 3680 1967; x_wconf 85' lang='lat' dir='ltr'><strong>admittit.</strong></span> 
     </span>
    </p>
   </div>
   <div class='ocr_carea' id='block_1_51' title="bbox 2080 2005 3683 2078">
    <p class='ocr_par' dir='ltr' id='par_1_51' title="bbox 2080 2005 3683 2078">
     <span class='ocr_line' id='line_1_51' title="bbox 2080 2005 3683 2078; baseline -0.002 -15"><span class='ocrx_word' id='word_1_416' title='bbox 2080 2009 2215 2064; x_wconf 88' lang='lat' dir='ltr'><strong>Nam</strong></span> <span class='ocrx_word' id='word_1_417' title='bbox 2262 2018 2316 2064; x_wconf 88' lang='lat' dir='ltr'><strong>et</strong></span> <span class='ocrx_word' id='word_1_418' title='bbox 2362 2011 2502 2063; x_wconf 89' lang='lat' dir='ltr'><strong>inter</strong></span> <span class='ocrx_word' id='word_1_419' title='bbox 2546 2008 2784 2072; x_wconf 79' lang='lat' dir='ltr'><strong>Graecos,</strong></span> <span class='ocrx_word' id='word_1_420' title='bbox 2833 2009 2923 2078; x_wconf 91' lang='lat' dir='ltr'><strong>qui</strong></span> <span class='ocrx_word' id='word_1_421' title='bbox 2967 2007 3297 2077; x_wconf 85' lang='lat' dir='ltr'><strong>voluptatem</strong></span> <span class='ocrx_word' id='word_1_422' title='bbox 3346 2005 3683 2068; x_wconf 79' lang='lat' dir='ltr'><strong>deﬁnientes,</strong></span> 
     </span>
    </p>
   </div>
   <div class='ocr_carea' id='block_1_52' title="bbox 2085 2101 3687 2172">
    <p class='ocr_par' dir='ltr' id='par_1_52' title="bbox 2085 2101 3687 2172">
     <span class='ocr_line' id='line_1_52' title="bbox 2085 2101 3687 2172; baseline -0.004 -14"><span class='ocrx_word' id='word_1_423' title='bbox 2085 2102 2247 2160; x_wconf 80' lang='lat' dir='ltr'><strong>ﬁnem</strong></span> <span class='ocrx_word' id='word_1_424' title='bbox 2276 2118 2396 2158; x_wconf 89' lang='lat' dir='ltr'><strong>esse</strong></span> <span class='ocrx_word' id='word_1_425' title='bbox 2421 2104 2626 2170; x_wconf 85' lang='lat' dir='ltr'><strong>dicunt,</strong></span> <span class='ocrx_word' id='word_1_426' title='bbox 2661 2103 2734 2156; x_wconf 90' lang='lat' dir='ltr'><strong>illi</strong></span> <span class='ocrx_word' id='word_1_427' title='bbox 2776 2105 2949 2172; x_wconf 88' lang='lat' dir='ltr'><strong>ipsum</strong></span> <span class='ocrx_word' id='word_1_428' title='bbox 2984 2102 3358 2155; x_wconf 89' lang='lat' dir='ltr'><strong>admiserunt:</strong></span> <span class='ocrx_word' id='word_1_429' title='bbox 3388 2101 3475 2170; x_wconf 88' lang='lat' dir='ltr'><strong>qui</strong></span> <span class='ocrx_word' id='word_1_430' title='bbox 3507 2108 3687 2153; x_wconf 89' lang='lat' dir='ltr'><strong>autem</strong></span> 
     </span>
    </p>
   </div>
   <div class='ocr_carea' id='block_1_53' title="bbox 2085 2193 3688 2266">
    <p class='ocr_par' dir='ltr' id='par_1_53' title="bbox 2085 2193 3688 2266">
     <span class='ocr_line' id='line_1_53' title="bbox 2085 2193 3688 2266; baseline -0.005 -14"><span class='ocrx_word' id='word_1_431' title='bbox 2085 2198 2340 2253; x_wconf 87' lang='lat' dir='ltr'><strong>virtutem</strong></span> <span class='ocrx_word' id='word_1_432' title='bbox 2382 2204 2720 2262; x_wconf 88' lang='lat' dir='ltr'><strong>amaverunt,</strong></span> <span class='ocrx_word' id='word_1_433' title='bbox 2768 2210 3128 2266; x_wconf 82' lang='lat' dir='ltr'><strong>nequaquam,</strong></span> <span class='ocrx_word' id='word_1_434' title='bbox 3184 2193 3280 2248; x_wconf 89' lang='lat' dir='ltr'><strong>sed</strong></span> <span class='ocrx_word' id='word_1_435' title='bbox 3326 2193 3688 2262; x_wconf 83' lang='lat' dir='ltr'><strong>expulerunt,</strong></span> 
     </span>
    </p>
   </div>
   <div class='ocr_carea' id='block_1_54' title="bbox 2091 2283 3696 2361">
    <p class='ocr_par' dir='ltr' id='par_1_54' title="bbox 2091 2283 3696 2361">
     <span class='ocr_line' id='line_1_54' title="bbox 2091 2283 3696 2361; baseline -0.004 -17"><span class='ocrx_word' id='word_1_436' title='bbox 2091 2299 2364 2361; x_wconf 88' lang='lat' dir='ltr'><strong>tamquam</strong></span> <span class='ocrx_word' id='word_1_437' title='bbox 2391 2289 2535 2360; x_wconf 89' lang='lat' dir='ltr'><strong>quod</strong></span> <span class='ocrx_word' id='word_1_438' title='bbox 2559 2297 2739 2343; x_wconf 90' lang='lat' dir='ltr'><strong>careat</strong></span> <span class='ocrx_word' id='word_1_439' title='bbox 2763 2288 2990 2342; x_wconf 90' lang='lat' dir='ltr'><strong>ratione.</strong></span> <span class='ocrx_word' id='word_1_440' title='bbox 3019 2287 3074 2342; x_wconf 88' lang='lat' dir='ltr'><strong>Si</strong></span> <span class='ocrx_word' id='word_1_441' title='bbox 3103 2285 3205 2340; x_wconf 92' lang='lat' dir='ltr'><strong>hoc</strong></span> <span class='ocrx_word' id='word_1_442' title='bbox 3226 2295 3406 2340; x_wconf 87' lang='lat' dir='ltr'><strong>autem</strong></span> <span class='ocrx_word' id='word_1_443' title='bbox 3437 2286 3506 2337; x_wconf 92' lang='lat' dir='ltr'><strong>ita</strong></span> <span class='ocrx_word' id='word_1_444' title='bbox 3532 2283 3696 2338; x_wconf 87' lang='lat' dir='ltr'><strong>habet</strong></span> 
     </span>
    </p>
   </div>
   <div class='ocr_carea' id='block_1_55' title="bbox 2091 2376 3699 2450">
    <p class='ocr_par' dir='ltr' id='par_1_55' title="bbox 2091 2376 3699 2450">
     <span class='ocr_line' id='line_1_55' title="bbox 2091 2376 3699 2450; baseline -0.005 -13"><span class='ocrx_word' id='word_1_445' title='bbox 2091 2383 2233 2438; x_wconf 90' lang='lat' dir='ltr'><strong>inter</strong></span> <span class='ocrx_word' id='word_1_446' title='bbox 2257 2382 2480 2438; x_wconf 81' lang='lat' dir='ltr'><strong>Graecos</strong></span> <span class='ocrx_word' id='word_1_447' title='bbox 2510 2424 2524 2448; x_wconf 95' lang='lat'><strong>,</strong></span> <span class='ocrx_word' id='word_1_448' title='bbox 2556 2381 2726 2435; x_wconf 90' lang='lat' dir='ltr'><strong>multo</strong></span> <span class='ocrx_word' id='word_1_449' title='bbox 2757 2379 2926 2450; x_wconf 88' lang='lat' dir='ltr'><strong>magis</strong></span> <span class='ocrx_word' id='word_1_450' title='bbox 2963 2379 3034 2432; x_wconf 89' lang='lat' dir='ltr'><strong>ita</strong></span> <span class='ocrx_word' id='word_1_451' title='bbox 3081 2377 3243 2432; x_wconf 90' lang='lat' dir='ltr'><strong>habet</strong></span> <span class='ocrx_word' id='word_1_452' title='bbox 3273 2378 3324 2431; x_wconf 92' lang='lat' dir='ltr'><strong>in</strong></span> <span class='ocrx_word' id='word_1_453' title='bbox 3355 2376 3566 2430; x_wconf 91' lang='lat' dir='ltr'><strong>ratione</strong></span> <span class='ocrx_word' id='word_1_454' title='bbox 3611 2391 3699 2429; x_wconf 84' lang='lat' dir='ltr'><strong>re-</strong></span> 
     </span>
    </p>
   </div>
   <div class='ocr_carea' id='block_1_56' title="bbox 2092 2468 3699 2542">
    <p class='ocr_par' dir='ltr' id='par_1_56' title="bbox 2092 2468 3699 2542">
     <span class='ocr_line' id='line_1_56' title="bbox 2092 2468 3699 2542; baseline -0.006 -12"><span class='ocrx_word' id='word_1_455' title='bbox 2092 2474 2464 2530; x_wconf 87' lang='lat' dir='ltr'><strong>surrectionis.</strong></span> <span class='ocrx_word' id='word_1_456' title='bbox 2515 2473 2811 2529; x_wconf 89' lang='lat' dir='ltr'><strong>Considera</strong></span> <span class='ocrx_word' id='word_1_457' title='bbox 2855 2480 3034 2526; x_wconf 91' lang='lat' dir='ltr'><strong>autem</strong></span> <span class='ocrx_word' id='word_1_458' title='bbox 3083 2471 3237 2537; x_wconf 89' lang='lat' dir='ltr'><strong>mihi,</strong></span> <span class='ocrx_word' id='word_1_459' title='bbox 3272 2469 3546 2542; x_wconf 90' lang='lat' dir='ltr'><strong>quomodo</strong></span> <span class='ocrx_word' id='word_1_460' title='bbox 3591 2468 3699 2522; x_wconf 92' lang='lat' dir='ltr'><strong>duo</strong></span> 
     </span>
    </p>
   </div>
   <div class='ocr_carea' id='block_1_57' title="bbox 2093 2564 3697 2634">
    <p class='ocr_par' dir='ltr' id='par_1_57' title="bbox 2093 2564 3697 2634">
     <span class='ocr_line' id='line_1_57' title="bbox 2093 2564 3697 2634; baseline -0.004 -11"><span class='ocrx_word' id='word_1_461' title='bbox 2093 2567 2362 2622; x_wconf 90' lang='lat' dir='ltr'><strong>contraria</strong></span> <span class='ocrx_word' id='word_1_462' title='bbox 2402 2566 2763 2622; x_wconf 79' lang='lat' dir='ltr'><strong>introduxerit</strong></span> <span class='ocrx_word' id='word_1_463' title='bbox 2793 2565 3040 2623; x_wconf 85' lang='lat' dir='ltr'><strong>diabolus</strong></span> <span class='ocrx_word' id='word_1_464' title='bbox 3083 2583 3096 2618; x_wconf 90' lang='lat'>:</span> <span class='ocrx_word' id='word_1_465' title='bbox 3132 2580 3328 2634; x_wconf 87' lang='lat' dir='ltr'><strong>nempe</strong></span> <span class='ocrx_word' id='word_1_466' title='bbox 3358 2572 3415 2618; x_wconf 94' lang='lat' dir='ltr'><strong>ut</strong></span> <span class='ocrx_word' id='word_1_467' title='bbox 3443 2564 3697 2618; x_wconf 87' lang='lat' dir='ltr'><strong>virtutem</strong></span> 
     </span>
    </p>
   </div>
   <div class='ocr_carea' id='block_1_58' title="bbox 2096 2659 3702 2732">
    <p class='ocr_par' dir='ltr' id='par_1_58' title="bbox 2096 2659 3702 2732">
     <span class='ocr_line' id='line_1_58' title="bbox 2096 2659 3702 2732; baseline -0.002 -17"><span class='ocrx_word' id='word_1_468' title='bbox 2096 2662 2453 2732; x_wconf 89' lang='lat' dir='ltr'><strong>negligamus,</strong></span> <span class='ocrx_word' id='word_1_469' title='bbox 2499 2661 2880 2715; x_wconf 89' lang='lat' dir='ltr'><strong>necessitatem</strong></span> <span class='ocrx_word' id='word_1_470' title='bbox 2926 2659 3163 2724; x_wconf 72' lang='lat' dir='ltr'><strong>induxit;</strong></span> <span class='ocrx_word' id='word_1_471' title='bbox 3195 2667 3249 2713; x_wconf 92' lang='lat' dir='ltr'><strong>et</strong></span> <span class='ocrx_word' id='word_1_472' title='bbox 3281 2669 3336 2712; x_wconf 90' lang='lat' dir='ltr'><strong>ut</strong></span> <span class='ocrx_word' id='word_1_473' title='bbox 3365 2667 3616 2727; x_wconf 84' lang='lat' dir='ltr'><strong>prompto</strong></span> <span class='ocrx_word' id='word_1_474' title='bbox 3647 2667 3702 2711; x_wconf 89' lang='lat' dir='ltr'><strong>et</strong></span> 
     </span>
    </p>
   </div>
   <div class='ocr_carea' id='block_1_59' title="bbox 2098 2751 3702 2821">
    <p class='ocr_par' dir='ltr' id='par_1_59' title="bbox 2098 2751 3702 2821">
     <span class='ocr_line' id='line_1_59' title="bbox 2098 2751 3702 2821; baseline -0.004 -13"><span class='ocrx_word' id='word_1_475' title='bbox 2098 2755 2259 2809; x_wconf 91' lang='lat' dir='ltr'><strong>alacri</strong></span> <span class='ocrx_word' id='word_1_476' title='bbox 2299 2753 2481 2808; x_wconf 85' lang='lat' dir='ltr'><strong>animo</strong></span> <span class='ocrx_word' id='word_1_477' title='bbox 2519 2754 2761 2808; x_wconf 88' lang='lat' dir='ltr'><strong>colamus</strong></span> <span class='ocrx_word' id='word_1_478' title='bbox 2802 2751 3200 2821; x_wconf 86' lang='lat' dir='ltr'><strong>daemones,per</strong></span> <span class='ocrx_word' id='word_1_479' title='bbox 3232 2751 3339 2805; x_wconf 88' lang='lat' dir='ltr'><strong>duo</strong></span> <span class='ocrx_word' id='word_1_480' title='bbox 3377 2751 3537 2806; x_wconf 89' lang='lat' dir='ltr'><strong>etiam</strong></span> <span class='ocrx_word' id='word_1_481' title='bbox 3567 2765 3702 2804; x_wconf 87' lang='lat' dir='ltr'><strong>cou-</strong></span> 
     </span>
    </p>
   </div>
   <div class='ocr_carea' id='block_1_60' title="bbox 2100 2843 3703 2916">
    <p class='ocr_par' dir='ltr' id='par_1_60' title="bbox 2100 2843 3703 2916">
     <span class='ocr_line' id='line_1_60' title="bbox 2100 2843 3703 2916; baseline -0.003 -15"><span class='ocrx_word' id='word_1_482' title='bbox 2100 2847 2260 2901; x_wconf 90' lang='lat' dir='ltr'><strong>traria</strong></span> <span class='ocrx_word' id='word_1_483' title='bbox 2285 2846 2568 2916; x_wconf 89' lang='lat' dir='ltr'><strong>persuasit.</strong></span> <span class='ocrx_word' id='word_1_484' title='bbox 2594 2846 2891 2912; x_wconf 89' lang='lat' dir='ltr'><strong>Quamnam</strong></span> <span class='ocrx_word' id='word_1_485' title='bbox 2918 2859 3045 2914; x_wconf 83' lang='lat' dir='ltr'><strong>ergo</strong></span> <span class='ocrx_word' id='word_1_486' title='bbox 3067 2844 3264 2912; x_wconf 89' lang='lat' dir='ltr'><strong>poterit</strong></span> <span class='ocrx_word' id='word_1_487' title='bbox 3285 2843 3413 2897; x_wconf 90' lang='lat' dir='ltr'><strong>dare</strong></span> <span class='ocrx_word' id='word_1_488' title='bbox 3439 2843 3703 2897; x_wconf 79' lang='lat' dir='ltr'><strong>rationem</strong></span> 
     </span>
    </p>
   </div>
   <div class='ocr_carea' id='block_1_61' title="bbox 2101 2936 3706 3011">
    <p class='ocr_par' dir='ltr' id='par_1_61' title="bbox 2101 2936 3706 3011">
     <span class='ocr_line' id='line_1_61' title="bbox 2101 2936 3706 3011; baseline -0.003 -17"><span class='ocrx_word' id='word_1_489' title='bbox 2101 2941 2192 3011; x_wconf 89' lang='lat' dir='ltr'><strong>qui</strong></span> <span class='ocrx_word' id='word_1_490' title='bbox 2224 2957 2330 2994; x_wconf 91' lang='lat' dir='ltr'><strong>non</strong></span> <span class='ocrx_word' id='word_1_491' title='bbox 2362 2940 2532 2994; x_wconf 88' lang='lat' dir='ltr'><strong>credit</strong></span> <span class='ocrx_word' id='word_1_492' title='bbox 2558 2939 2634 2993; x_wconf 87' lang='lat' dir='ltr'><strong>rei</strong></span> <span class='ocrx_word' id='word_1_493' title='bbox 2667 2939 2801 2993; x_wconf 87' lang='lat' dir='ltr'><strong>adeo</strong></span> <span class='ocrx_word' id='word_1_494' title='bbox 2835 2937 3158 3002; x_wconf 85' lang='lat' dir='ltr'><strong>admirabili,</strong></span> <span class='ocrx_word' id='word_1_495' title='bbox 3201 2945 3256 2992; x_wconf 88' lang='lat' dir='ltr'><strong>et</strong></span> <span class='ocrx_word' id='word_1_496' title='bbox 3297 2936 3468 2990; x_wconf 88' lang='lat' dir='ltr'><strong>credit</strong></span> <span class='ocrx_word' id='word_1_497' title='bbox 3512 2937 3576 2990; x_wconf 92' lang='lat' dir='ltr'><strong>iis</strong></span> <span class='ocrx_word' id='word_1_498' title='bbox 3616 2939 3706 3006; x_wconf 89' lang='lat' dir='ltr'><strong>qui</strong></span> 
     </span>
    </p>
   </div>
   <div class='ocr_carea' id='block_1_62' title="bbox 2104 3031 3708 3105">
    <p class='ocr_par' dir='ltr' id='par_1_62' title="bbox 2104 3031 3708 3105">
     <span class='ocr_line' id='line_1_62' title="bbox 2104 3031 3708 3105; baseline -0.004 -15"><span class='ocrx_word' id='word_1_499' title='bbox 2104 3035 2193 3090; x_wconf 91' lang='lat' dir='ltr'><strong>illa</strong></span> <span class='ocrx_word' id='word_1_500' title='bbox 2220 3033 2531 3105; x_wconf 87' lang='lat' dir='ltr'><strong>nugantur?</strong></span> <span class='ocrx_word' id='word_1_501' title='bbox 2557 3033 2636 3088; x_wconf 86' lang='lat' dir='ltr'><strong>Ne</strong></span> <span class='ocrx_word' id='word_1_502' title='bbox 2663 3048 2814 3103; x_wconf 87' lang='lat' dir='ltr'><strong>ergo,</strong></span> <span class='ocrx_word' id='word_1_503' title='bbox 2847 3049 2913 3087; x_wconf 93' lang='lat' dir='ltr'><strong>ne</strong></span> <span class='ocrx_word' id='word_1_504' title='bbox 2937 3031 3054 3086; x_wconf 67' lang='lat' dir='ltr'><strong>haec</strong></span> <span class='ocrx_word' id='word_1_505' title='bbox 3081 3043 3132 3086; x_wconf 83' lang='lat' dir='ltr'><strong>te</strong></span> <span class='ocrx_word' id='word_1_506' title='bbox 3155 3031 3454 3086; x_wconf 88' lang='lat' dir='ltr'><strong>consolatio</strong></span> <span class='ocrx_word' id='word_1_507' title='bbox 3485 3033 3708 3096; x_wconf 87' lang='lat' dir='ltr'><strong>nutriat,</strong></span> 
     </span>
    </p>
   </div>
   <div class='ocr_carea' id='block_1_63' title="bbox 2105 3123 3711 3197">
    <p class='ocr_par' dir='ltr' id='par_1_63' title="bbox 2105 3123 3711 3197">
     <span class='ocr_line' id='line_1_63' title="bbox 2105 3123 3711 3197; baseline -0.002 -15"><span class='ocrx_word' id='word_1_508' title='bbox 2105 3127 2248 3197; x_wconf 91' lang='lat' dir='ltr'><strong>quod</strong></span> <span class='ocrx_word' id='word_1_509' title='bbox 2297 3127 2510 3181; x_wconf 86' lang='lat' dir='ltr'><strong>veniam</strong></span> <span class='ocrx_word' id='word_1_510' title='bbox 2563 3125 2913 3193; x_wconf 90' lang='lat' dir='ltr'><strong>consequeris</strong></span> <span class='ocrx_word' id='word_1_511' title='bbox 2959 3141 2973 3189; x_wconf 93' lang='lat'><strong>;</strong></span> <span class='ocrx_word' id='word_1_512' title='bbox 3032 3123 3127 3179; x_wconf 85' lang='lat' dir='ltr'><strong>sed</strong></span> <span class='ocrx_word' id='word_1_513' title='bbox 3165 3139 3281 3188; x_wconf 89' lang='lat' dir='ltr'><strong>nos</strong></span> <span class='ocrx_word' id='word_1_514' title='bbox 3333 3124 3581 3178; x_wconf 89' lang='lat' dir='ltr'><strong>conversi</strong></span> <span class='ocrx_word' id='word_1_515' title='bbox 3643 3125 3711 3178; x_wconf 89' lang='lat' dir='ltr'><strong>ad</strong></span> 
     </span>
    </p>
   </div>
   <div class='ocr_carea' id='block_1_64' title="bbox 2106 3214 3715 3286">
    <p class='ocr_par' dir='ltr' id='par_1_64' title="bbox 2106 3214 3715 3286">
     <span class='ocr_line' id='line_1_64' title="bbox 2106 3214 3715 3286; baseline -0.002 -12"><span class='ocrx_word' id='word_1_516' title='bbox 2106 3221 2361 3276; x_wconf 87' lang='lat' dir='ltr'><strong>virtutem</strong></span> <span class='ocrx_word' id='word_1_517' title='bbox 2393 3219 2691 3275; x_wconf 82' lang='lat' dir='ltr'><strong>excitemur</strong></span> <span class='ocrx_word' id='word_1_518' title='bbox 2715 3260 2730 3286; x_wconf 89' lang='lat'><strong>,</strong></span> <span class='ocrx_word' id='word_1_519' title='bbox 2759 3232 2822 3271; x_wconf 90' lang='lat' dir='ltr'><strong>ac</strong></span> <span class='ocrx_word' id='word_1_520' title='bbox 2850 3231 2977 3272; x_wconf 88' lang='lat' dir='ltr'><strong>vere</strong></span> <span class='ocrx_word' id='word_1_521' title='bbox 3006 3217 3117 3271; x_wconf 89' lang='lat' dir='ltr'><strong>Deo</strong></span> <span class='ocrx_word' id='word_1_522' title='bbox 3149 3216 3423 3282; x_wconf 88' lang='lat' dir='ltr'><strong>vivamus;</strong></span> <span class='ocrx_word' id='word_1_523' title='bbox 3470 3215 3521 3269; x_wconf 93' lang='lat' dir='ltr'><strong>in</strong></span> <span class='ocrx_word' id='word_1_524' title='bbox 3555 3214 3715 3270; x_wconf 88' lang='lat' dir='ltr'><strong>Chri-</strong></span> 
     </span>
    </p>
   </div>
   <div class='ocr_carea' id='block_1_65' title="bbox 2113 3324 2351 3382">
    <p class='ocr_par' dir='ltr' id='par_1_65' title="bbox 2113 3324 2351 3382">
     <span class='ocr_line' id='line_1_65' title="bbox 2113 3324 2351 3382; baseline -0.008 -12"><span class='ocrx_word' id='word_1_525' title='bbox 2113 3324 2219 3382; x_wconf 69' lang='lat' dir='ltr'><strong>SLO,</strong></span> <span class='ocrx_word' id='word_1_526' title='bbox 2246 3324 2351 3370; x_wconf 88' lang='lat' dir='ltr'><strong>etc.</strong></span> 
     </span>
    </p>
   </div>
   <div class='ocr_carea' id='block_1_66' title="bbox 1785 3499 2296 3564">
    <p class='ocr_par' dir='ltr' id='par_1_66' title="bbox 1785 3499 2296 3564">
     <span class='ocr_line' id='line_1_66' title="bbox 1785 3499 2296 3564; baseline 0.002 -5"><span class='ocrx_word' id='word_1_527' title='bbox 1785 3499 2141 3564; x_wconf 79' lang='lat' dir='ltr'><strong>HOMILIA</strong></span> <span class='ocrx_word' id='word_1_528' title='bbox 2183 3501 2296 3562; x_wconf 86' lang='grc' dir='ltr'><strong>ΙΙΙ.</strong></span> 
     </span>
    </p>
   </div>
   <div class='ocr_carea' id='block_1_67' title="bbox 400 3637 2012 3715">
    <p class='ocr_par' dir='ltr' id='par_1_67' title="bbox 400 3637 2012 3715">
     <span class='ocr_line' id='line_1_67' title="bbox 400 3637 2012 3715; baseline 0.001 -19"><span class='ocrx_word' id='word_1_529' title='bbox 400 3637 536 3696; x_wconf 75' lang='lat' dir='ltr'><strong>CAP.</strong></span> <span class='ocrx_word' id='word_1_530' title='bbox 569 3639 620 3694; x_wconf 98' lang='grc'><strong>1.</strong></span> <span class='ocrx_word' id='word_1_531' title='bbox 651 3654 702 3693; x_wconf 85' lang='lat' dir='ltr'><strong>v.</strong></span> <span class='ocrx_word' id='word_1_532' title='bbox 730 3638 816 3694; x_wconf 83' lang='grc'><strong>15.</strong></span> <span class='ocrx_word' id='word_1_533' title='bbox 865 3638 964 3706; x_wconf 85' lang='lat' dir='ltr'><strong>Qui</strong></span> <span class='ocrx_word' id='word_1_534' title='bbox 1007 3647 1079 3693; x_wconf 83' lang='lat' dir='ltr'><strong>est</strong></span> <span class='ocrx_word' id='word_1_535' title='bbox 1118 3639 1284 3711; x_wconf 86' lang='lat' dir='ltr'><strong>imago</strong></span> <span class='ocrx_word' id='word_1_536' title='bbox 1326 3639 1422 3694; x_wconf 90' lang='lat' dir='ltr'><strong>Dei</strong></span> <span class='ocrx_word' id='word_1_537' title='bbox 1454 3640 1720 3696; x_wconf 78' lang='lat' dir='ltr'><strong>invisibilis</strong></span> <span class='ocrx_word' id='word_1_538' title='bbox 1755 3642 2012 3715; x_wconf 82' lang='lat' dir='ltr'><strong>primoge-</strong></span> 
     </span>
    </p>
   </div>
   <div class='ocr_carea' id='block_1_68' title="bbox 476 3733 2015 3804">
    <p class='ocr_par' dir='ltr' id='par_1_68' title="bbox 476 3733 2015 3804">
     <span class='ocr_line' id='line_1_68' title="bbox 476 3733 2015 3804; baseline 0.003 -17"><span class='ocrx_word' id='word_1_539' title='bbox 476 3734 613 3788; x_wconf 81' lang='lat' dir='ltr'><strong>nitus</strong></span> <span class='ocrx_word' id='word_1_540' title='bbox 643 3734 805 3788; x_wconf 85' lang='lat' dir='ltr'><strong>omnis</strong></span> <span class='ocrx_word' id='word_1_541' title='bbox 831 3741 1081 3787; x_wconf 72' lang='lat' dir='ltr'><strong>creatura:</strong></span> <span class='ocrx_word' id='word_1_542' title='bbox 1111 3749 1129 3788; x_wconf 86' lang='lat'><strong>.&#39;</strong></span> <span class='ocrx_word' id='word_1_543' title='bbox 1161 3733 1247 3788; x_wconf 88' lang='grc'><strong>16.</strong></span> <span class='ocrx_word' id='word_1_544' title='bbox 1292 3735 1532 3804; x_wconf 82' lang='lat' dir='ltr'><strong>quoniam</strong></span> <span class='ocrx_word' id='word_1_545' title='bbox 1562 3737 1616 3789; x_wconf 84' lang='lat' dir='ltr'><strong>in</strong></span> <span class='ocrx_word' id='word_1_546' title='bbox 1653 3736 1765 3804; x_wconf 86' lang='lat' dir='ltr'><strong>ipso</strong></span> <span class='ocrx_word' id='word_1_547' title='bbox 1807 3737 2015 3793; x_wconf 86' lang='lat' dir='ltr'><strong>condita</strong></span> 
     </span>
    </p>
   </div>
   <div class='ocr_carea' id='block_1_69' title="bbox 475 3826 2014 3894">
    <p class='ocr_par' dir='ltr' id='par_1_69' title="bbox 475 3826 2014 3894">
     <span class='ocr_line' id='line_1_69' title="bbox 475 3826 2014 3894; baseline 0.003 -14"><span class='ocrx_word' id='word_1_548' title='bbox 475 3834 591 3880; x_wconf 83' lang='lat' dir='ltr'><strong>sunt</strong></span> <span class='ocrx_word' id='word_1_549' title='bbox 641 3827 907 3892; x_wconf 85' lang='lat' dir='ltr'><strong>universa,</strong></span> <span class='ocrx_word' id='word_1_550' title='bbox 975 3827 1029 3878; x_wconf 88' lang='lat' dir='ltr'><strong>in</strong></span> <span class='ocrx_word' id='word_1_551' title='bbox 1077 3826 1214 3880; x_wconf 73' lang='lat' dir='ltr'><strong>aclis</strong></span> <span class='ocrx_word' id='word_1_552' title='bbox 1265 3835 1313 3880; x_wconf 88' lang='lat' dir='ltr'><strong>et</strong></span> <span class='ocrx_word' id='word_1_553' title='bbox 1365 3830 1418 3881; x_wconf 89' lang='lat' dir='ltr'><strong>in</strong></span> <span class='ocrx_word' id='word_1_554' title='bbox 1465 3837 1633 3894; x_wconf 84' lang='lat' dir='ltr'><strong>terra,</strong></span> <span class='ocrx_word' id='word_1_555' title='bbox 1692 3829 1909 3884; x_wconf 81' lang='lat' dir='ltr'><strong>visibilia</strong></span> <span class='ocrx_word' id='word_1_556' title='bbox 1967 3841 2014 3886; x_wconf 85' lang='lat' dir='ltr'><strong>et</strong></span> 
     </span>
    </p>
   </div>
   <div class='ocr_carea' id='block_1_70' title="bbox 476 3915 2016 3989">
    <p class='ocr_par' dir='ltr' id='par_1_70' title="bbox 476 3915 2016 3989">
     <span class='ocr_line' id='line_1_70' title="bbox 476 3915 2016 3989; baseline 0.003 -17"><span class='ocrx_word' id='word_1_557' title='bbox 476 3917 772 3984; x_wconf 78' lang='lat' dir='ltr'><strong>invisibilia,</strong></span> <span class='ocrx_word' id='word_1_558' title='bbox 801 3917 904 3972; x_wconf 87' lang='lat' dir='ltr'><strong>sive</strong></span> <span class='ocrx_word' id='word_1_559' title='bbox 928 3916 1128 3972; x_wconf 85' lang='lat' dir='ltr'><strong>Throni</strong></span> <span class='ocrx_word' id='word_1_560' title='bbox 1155 3919 1258 3972; x_wconf 84' lang='lat' dir='ltr'><strong>sive</strong></span> <span class='ocrx_word' id='word_1_561' title='bbox 1289 3915 1698 3989; x_wconf 85' lang='lat' dir='ltr'><strong>Dominationes,</strong></span> <span class='ocrx_word' id='word_1_562' title='bbox 1728 3922 1830 3976; x_wconf 85' lang='lat' dir='ltr'><strong>sive</strong></span> <span class='ocrx_word' id='word_1_563' title='bbox 1855 3921 2016 3978; x_wconf 85' lang='lat' dir='ltr'><strong>Prin-</strong></span> 
     </span>
    </p>
   </div>
   <div class='ocr_carea' id='block_1_71' title="bbox 477 4011 2018 4086">
    <p class='ocr_par' dir='ltr' id='par_1_71' title="bbox 477 4011 2018 4086">
     <span class='ocr_line' id='line_1_71' title="bbox 477 4011 2018 4086; baseline 0.003 -20"><span class='ocrx_word' id='word_1_564' title='bbox 477 4014 676 4084; x_wconf 83' lang='lat' dir='ltr'><strong>cipatus</strong></span> <span class='ocrx_word' id='word_1_565' title='bbox 702 4013 807 4066; x_wconf 89' lang='lat' dir='ltr'><strong>sive</strong></span> <span class='ocrx_word' id='word_1_566' title='bbox 838 4011 1162 4079; x_wconf 82' lang='lat' dir='ltr'><strong>Potestates;</strong></span> <span class='ocrx_word' id='word_1_567' title='bbox 1192 4013 1364 4080; x_wconf 76' lang='lat' dir='ltr'><strong>omnia</strong></span> <span class='ocrx_word' id='word_1_568' title='bbox 1391 4031 1482 4080; x_wconf 87' lang='lat' dir='ltr'><strong>per</strong></span> <span class='ocrx_word' id='word_1_569' title='bbox 1504 4017 1695 4084; x_wconf 87' lang='lat' dir='ltr'><strong>ipsum,</strong></span> <span class='ocrx_word' id='word_1_570' title='bbox 1727 4025 1774 4069; x_wconf 85' lang='lat' dir='ltr'><strong>et</strong></span> <span class='ocrx_word' id='word_1_571' title='bbox 1821 4017 1875 4070; x_wconf 84' lang='lat' dir='ltr'><strong>in</strong></span> <span class='ocrx_word' id='word_1_572' title='bbox 1905 4017 2018 4086; x_wconf 80' lang='lat' dir='ltr'><strong>ipso</strong></span> 
     </span>
    </p>
   </div>
   <div class='ocr_carea' id='block_1_72' title="bbox 479 4103 2019 4175">
    <p class='ocr_par' dir='ltr' id='par_1_72' title="bbox 479 4103 2019 4175">
     <span class='ocr_line' id='line_1_72' title="bbox 479 4103 2019 4175; baseline 0.002 -14"><span class='ocrx_word' id='word_1_573' title='bbox 479 4116 649 4162; x_wconf 85' lang='lat' dir='ltr'><strong>creata</strong></span> <span class='ocrx_word' id='word_1_574' title='bbox 674 4114 812 4161; x_wconf 85' lang='lat' dir='ltr'><strong>sunt.</strong></span> <span class='ocrx_word' id='word_1_575' title='bbox 847 4107 936 4161; x_wconf 84' lang='grc'><strong>17.</strong></span> <span class='ocrx_word' id='word_1_576' title='bbox 971 4103 1039 4159; x_wconf 85' lang='grc' dir='ltr'>Ει</span> <span class='ocrx_word' id='word_1_577' title='bbox 1091 4107 1202 4175; x_wconf 88' lang='lat' dir='ltr'><strong>ipse</strong></span> <span class='ocrx_word' id='word_1_578' title='bbox 1230 4115 1303 4160; x_wconf 82' lang='lat' dir='ltr'><strong>est</strong></span> <span class='ocrx_word' id='word_1_579' title='bbox 1344 4117 1463 4162; x_wconf 85' lang='lat' dir='ltr'><strong>ante</strong></span> <span class='ocrx_word' id='word_1_580' title='bbox 1512 4109 1707 4175; x_wconf 82' lang='lat' dir='ltr'><strong>omnia,</strong></span> <span class='ocrx_word' id='word_1_581' title='bbox 1759 4120 1806 4164; x_wconf 84' lang='lat' dir='ltr'><strong>et</strong></span> <span class='ocrx_word' id='word_1_582' title='bbox 1847 4113 2019 4164; x_wconf 79' lang='lat' dir='ltr'><strong>omnia</strong></span> 
     </span>
    </p>
   </div>
   <div class='ocr_carea' id='block_1_73' title="bbox 480 4197 2018 4272">
    <p class='ocr_par' dir='ltr' id='par_1_73' title="bbox 480 4197 2018 4272">
     <span class='ocr_line' id='line_1_73' title="bbox 480 4197 2018 4272; baseline 0.003 -22"><span class='ocrx_word' id='word_1_583' title='bbox 480 4197 536 4252; x_wconf 89' lang='lat' dir='ltr'><strong>in</strong></span> <span class='ocrx_word' id='word_1_584' title='bbox 581 4199 695 4269; x_wconf 83' lang='lat' dir='ltr'><strong>ipso</strong></span> <span class='ocrx_word' id='word_1_585' title='bbox 722 4206 958 4252; x_wconf 84' lang='lat' dir='ltr'><strong>constant</strong></span> <span class='ocrx_word' id='word_1_586' title='bbox 993 4213 1010 4252; x_wconf 91' lang='lat'><em>:</em></span> <span class='ocrx_word' id='word_1_587' title='bbox 1040 4197 1126 4254; x_wconf 87' lang='grc'><strong>18.</strong></span> <span class='ocrx_word' id='word_1_588' title='bbox 1155 4207 1202 4251; x_wconf 82' lang='grc' dir='ltr'><strong>ει</strong></span> <span class='ocrx_word' id='word_1_589' title='bbox 1231 4199 1340 4269; x_wconf 86' lang='lat' dir='ltr'><strong>ipse</strong></span> <span class='ocrx_word' id='word_1_590' title='bbox 1369 4208 1442 4253; x_wconf 86' lang='lat' dir='ltr'><strong>est</strong></span> <span class='ocrx_word' id='word_1_591' title='bbox 1471 4210 1624 4270; x_wconf 82' lang='lat' dir='ltr'><strong>caput</strong></span> <span class='ocrx_word' id='word_1_592' title='bbox 1654 4202 1883 4272; x_wconf 87' lang='lat' dir='ltr'><strong>corporis</strong></span> <span class='ocrx_word' id='word_1_593' title='bbox 1911 4200 2018 4255; x_wconf 85' lang='lat' dir='ltr'><strong>Ec-</strong></span> 
     </span>
    </p>
   </div>
   <div class='ocr_carea' id='block_1_74' title="bbox 484 4291 674 4345">
    <p class='ocr_par' dir='ltr' id='par_1_74' title="bbox 484 4291 674 4345">
     <span class='ocr_line' id='line_1_74' title="bbox 484 4291 674 4345; baseline -0.016 0"><span class='ocrx_word' id='word_1_594' title='bbox 484 4291 674 4345; x_wconf 74' lang='lat' dir='ltr'><strong>clesice.</strong></span> 
     </span>
    </p>
   </div>
   <div class='ocr_carea' id='block_1_75' title="bbox 483 4381 2022 4456">
    <p class='ocr_par' dir='ltr' id='par_1_75' title="bbox 483 4381 2022 4456">
     <span class='ocr_line' id='line_1_75' title="bbox 483 4381 2022 4456; baseline 0 -18"><span class='ocrx_word' id='word_1_595' title='bbox 483 4384 537 4438; x_wconf 90' lang='grc'><strong>1.</strong></span> <span class='ocrx_word' id='word_1_596' title='bbox 563 4381 642 4437; x_wconf 87' lang='lat' dir='ltr'><strong>De</strong></span> <span class='ocrx_word' id='word_1_597' title='bbox 670 4381 798 4436; x_wconf 82' lang='lat' dir='ltr'><strong>Filii</strong></span> <span class='ocrx_word' id='word_1_598' title='bbox 826 4382 920 4436; x_wconf 86' lang='lat' dir='ltr'><strong>Dei</strong></span> <span class='ocrx_word' id='word_1_599' title='bbox 944 4393 1150 4452; x_wconf 86' lang='lat' dir='ltr'><strong>natura,</strong></span> <span class='ocrx_word' id='word_1_600' title='bbox 1174 4392 1220 4438; x_wconf 88' lang='lat' dir='ltr'><strong>et</strong></span> <span class='ocrx_word' id='word_1_601' title='bbox 1249 4383 1385 4456; x_wconf 83' lang='lat' dir='ltr'><strong>quod</strong></span> <span class='ocrx_word' id='word_1_602' title='bbox 1419 4400 1520 4438; x_wconf 82' lang='lat' dir='ltr'><strong>non</strong></span> <span class='ocrx_word' id='word_1_603' title='bbox 1556 4385 1620 4438; x_wconf 87' lang='lat' dir='ltr'><strong>sit</strong></span> <span class='ocrx_word' id='word_1_604' title='bbox 1667 4393 1918 4438; x_wconf 83' lang='lat' dir='ltr'><strong>creatura.</strong></span> <span class='ocrx_word' id='word_1_605' title='bbox 1948 4416 2022 4427; x_wconf 73' lang='lat'><em>-</em></span> 
     </span>
    </p>
   </div>
   <div class='ocr_carea' id='block_1_76' title="bbox 410 4472 2014 4547">
    <p class='ocr_par' dir='ltr' id='par_1_76' title="bbox 410 4472 2014 4547">
     <span class='ocr_line' id='line_1_76' title="bbox 410 4472 2014 4547; baseline 0.001 -17"><span class='ocrx_word' id='word_1_606' title='bbox 410 4472 588 4530; x_wconf 78' lang='lat' dir='ltr'><strong>llodie</strong></span> <span class='ocrx_word' id='word_1_607' title='bbox 609 4488 832 4529; x_wconf 89' lang='lat' dir='ltr'><strong>necesse</strong></span> <span class='ocrx_word' id='word_1_608' title='bbox 857 4483 941 4530; x_wconf 91' lang='lat' dir='ltr'><strong>est</strong></span> <span class='ocrx_word' id='word_1_609' title='bbox 961 4475 1190 4531; x_wconf 87' lang='lat' dir='ltr'><strong>reddere</strong></span> <span class='ocrx_word' id='word_1_610' title='bbox 1213 4476 1472 4543; x_wconf 87' lang='lat' dir='ltr'><strong>debitum,</strong></span> <span class='ocrx_word' id='word_1_611' title='bbox 1489 4477 1632 4547; x_wconf 92' lang='lat' dir='ltr'><strong>quod</strong></span> <span class='ocrx_word' id='word_1_612' title='bbox 1667 4476 1782 4532; x_wconf 88' lang='lat' dir='ltr'><strong>heri</strong></span> <span class='ocrx_word' id='word_1_613' title='bbox 1808 4477 2014 4547; x_wconf 91' lang='lat' dir='ltr'><strong>distuli,</strong></span> 
     </span>
    </p>
   </div>
   <div class='ocr_carea' id='block_1_77' title="bbox 413 4565 2022 4640">
    <p class='ocr_par' dir='ltr' id='par_1_77' title="bbox 413 4565 2022 4640">
     <span class='ocr_line' id='line_1_77' title="bbox 413 4565 2022 4640; baseline 0.003 -20"><span class='ocrx_word' id='word_1_614' title='bbox 413 4575 473 4621; x_wconf 90' lang='grc' dir='ltr'><strong>ιιι</strong></span> <span class='ocrx_word' id='word_1_615' title='bbox 494 4565 545 4620; x_wconf 90' lang='lat' dir='ltr'><strong>id</strong></span> <span class='ocrx_word' id='word_1_616' title='bbox 574 4565 814 4620; x_wconf 91' lang='lat' dir='ltr'><strong>discendi</strong></span> <span class='ocrx_word' id='word_1_617' title='bbox 845 4566 1053 4635; x_wconf 89' lang='lat' dir='ltr'><strong>cupidis</strong></span> <span class='ocrx_word' id='word_1_618' title='bbox 1077 4567 1276 4623; x_wconf 89' lang='lat' dir='ltr'><strong>animis</strong></span> <span class='ocrx_word' id='word_1_619' title='bbox 1304 4570 1499 4624; x_wconf 89' lang='lat' dir='ltr'><strong>vestris</strong></span> <span class='ocrx_word' id='word_1_620' title='bbox 1529 4577 1583 4624; x_wconf 90' lang='lat' dir='ltr'><strong>et</strong></span> <span class='ocrx_word' id='word_1_621' title='bbox 1606 4569 2022 4640; x_wconf 87' lang='lat' dir='ltr'><strong>cogitationibus</strong></span> 
     </span>
    </p>
   </div>
   <div class='ocr_carea' id='block_1_78' title="bbox 414 4657 2018 4729">
    <p class='ocr_par' dir='ltr' id='par_1_78' title="bbox 414 4657 2018 4729">
     <span class='ocr_line' id='line_1_78' title="bbox 414 4657 2018 4729; baseline 0.002 -16"><span class='ocrx_word' id='word_1_622' title='bbox 414 4657 719 4727; x_wconf 88' lang='lat' dir='ltr'><strong>subjiciam.</strong></span> <span class='ocrx_word' id='word_1_623' title='bbox 741 4657 819 4712; x_wconf 92' lang='lat' dir='ltr'><strong>De</strong></span> <span class='ocrx_word' id='word_1_624' title='bbox 837 4657 952 4711; x_wconf 87' lang='lat' dir='ltr'><strong>Filii</strong></span> <span class='ocrx_word' id='word_1_625' title='bbox 971 4658 1228 4728; x_wconf 87' lang='lat' dir='ltr'><strong>dignitate</strong></span> <span class='ocrx_word' id='word_1_626' title='bbox 1242 4659 1514 4716; x_wconf 88' lang='lat' dir='ltr'><strong>disserens</strong></span> <span class='ocrx_word' id='word_1_627' title='bbox 1529 4661 1724 4716; x_wconf 84' lang='lat' dir='ltr'><strong>Paulus</strong></span> <span class='ocrx_word' id='word_1_628' title='bbox 1738 4661 1854 4717; x_wconf 85' lang='lat' dir='ltr'><strong>haec</strong></span> <span class='ocrx_word' id='word_1_629' title='bbox 1870 4663 2018 4729; x_wconf 89' lang='lat' dir='ltr'><strong>dicit,</strong></span> 
     </span>
    </p>
   </div>
   <div class='ocr_carea' id='block_1_79' title="bbox 417 4751 2021 4828">
    <p class='ocr_par' dir='ltr' id='par_1_79' title="bbox 417 4751 2021 4828">
     <span class='ocr_line' id='line_1_79' title="bbox 417 4751 2021 4828; baseline 0.002 -21"><span class='ocrx_word' id='word_1_630' title='bbox 417 4753 556 4808; x_wconf 91' lang='lat' dir='ltr'><strong>sicut</strong></span> <span class='ocrx_word' id='word_1_631' title='bbox 585 4751 748 4806; x_wconf 89' lang='lat' dir='ltr'><strong>etiam</strong></span> <span class='ocrx_word' id='word_1_632' title='bbox 773 4751 1108 4808; x_wconf 90' lang='lat' dir='ltr'><strong>ostendimus</strong></span> <span class='ocrx_word' id='word_1_633' title='bbox 1141 4769 1154 4807; x_wconf 90' lang='lat'><strong>:</strong></span> <span class='ocrx_word' id='word_1_634' title='bbox 1183 4753 1283 4818; x_wconf 86' lang='lat' dir='ltr'><strong>Qui</strong></span> <span class='ocrx_word' id='word_1_635' title='bbox 1307 4764 1378 4808; x_wconf 87' lang='lat' dir='ltr'><strong>est</strong></span> <span class='ocrx_word' id='word_1_636' title='bbox 1417 4756 1586 4828; x_wconf 89' lang='lat' dir='ltr'><strong>imago</strong></span> <span class='ocrx_word' id='word_1_637' title='bbox 1617 4756 1713 4810; x_wconf 75' lang='lat' dir='ltr'><strong>Dei</strong></span> <span class='ocrx_word' id='word_1_638' title='bbox 1737 4757 2021 4812; x_wconf 82' lang='lat' dir='ltr'><strong>invisibilis.</strong></span> 
     </span>
    </p>
   </div>
   <div class='ocr_carea' id='block_1_80' title="bbox 414 4840 2020 4917">
    <p class='ocr_par' dir='ltr' id='par_1_80' title="bbox 414 4840 2020 4917">
     <span class='ocr_line' id='line_1_80' title="bbox 414 4840 2020 4917; baseline 0.002 -19"><span class='ocrx_word' id='word_1_639' title='bbox 414 4840 585 4910; x_wconf 87' lang='lat' dir='ltr'><strong>Cujus</strong></span> <span class='ocrx_word' id='word_1_640' title='bbox 612 4857 741 4912; x_wconf 86' lang='lat' dir='ltr'><strong>ergo</strong></span> <span class='ocrx_word' id='word_1_641' title='bbox 772 4843 850 4896; x_wconf 89' lang='lat' dir='ltr'><strong>vis</strong></span> <span class='ocrx_word' id='word_1_642' title='bbox 879 4857 1003 4898; x_wconf 91' lang='lat' dir='ltr'><strong>eum</strong></span> <span class='ocrx_word' id='word_1_643' title='bbox 1029 4858 1150 4898; x_wconf 87' lang='lat' dir='ltr'><strong>esse</strong></span> <span class='ocrx_word' id='word_1_644' title='bbox 1177 4844 1510 4916; x_wconf 86' lang='lat' dir='ltr'><strong>imaginem?</strong></span> <span class='ocrx_word' id='word_1_645' title='bbox 1555 4846 1609 4902; x_wconf 91' lang='lat' dir='ltr'><strong>Si</strong></span> <span class='ocrx_word' id='word_1_646' title='bbox 1643 4847 1733 4902; x_wconf 89' lang='lat' dir='ltr'><strong>Dei</strong></span> <span class='ocrx_word' id='word_1_647' title='bbox 1781 4846 2020 4917; x_wconf 89' lang='lat' dir='ltr'><strong>quidem,</strong></span> 
     </span>
    </p>
   </div>
   <div class='ocr_carea' id='block_1_81' title="bbox 419 4933 2027 5006">
    <p class='ocr_par' dir='ltr' id='par_1_81' title="bbox 419 4933 2027 5006">
     <span class='ocr_line' id='line_1_81' title="bbox 419 4933 2027 5006; baseline 0.003 -16"><span class='ocrx_word' id='word_1_648' title='bbox 419 4933 682 5004; x_wconf 84' lang='lat' dir='ltr'><strong>pulchre;</strong></span> <span class='ocrx_word' id='word_1_649' title='bbox 735 4934 875 4989; x_wconf 91' lang='lat' dir='ltr'><strong>Deus</strong></span> <span class='ocrx_word' id='word_1_650' title='bbox 926 4935 1070 4990; x_wconf 91' lang='lat' dir='ltr'><strong>enim</strong></span> <span class='ocrx_word' id='word_1_651' title='bbox 1101 4945 1274 4992; x_wconf 90' lang='lat' dir='ltr'><strong>estet</strong></span> <span class='ocrx_word' id='word_1_652' title='bbox 1327 4937 1430 5006; x_wconf 70' lang='lat' dir='ltr'><strong>Dei</strong></span> <span class='ocrx_word' id='word_1_653' title='bbox 1453 4937 1657 5005; x_wconf 88' lang='lat' dir='ltr'><strong>Filius;</strong></span> <span class='ocrx_word' id='word_1_654' title='bbox 1711 4939 1806 4993; x_wconf 90' lang='lat' dir='ltr'><strong>Dei</strong></span> <span class='ocrx_word' id='word_1_655' title='bbox 1846 4950 2027 4996; x_wconf 89' lang='lat' dir='ltr'><strong>autem</strong></span> 
     </span>
    </p>
   </div>
   <div class='ocr_carea' id='block_1_82' title="bbox 421 5026 2028 5102">
    <p class='ocr_par' dir='ltr' id='par_1_82' title="bbox 421 5026 2028 5102">
     <span class='ocr_line' id='line_1_82' title="bbox 421 5026 2028 5102; baseline 0.002 -20"><span class='ocrx_word' id='word_1_656' title='bbox 421 5027 606 5097; x_wconf 88' lang='lat' dir='ltr'><strong>imago</strong></span> <span class='ocrx_word' id='word_1_657' title='bbox 635 5026 920 5095; x_wconf 89' lang='lat' dir='ltr'><strong>perfectam</strong></span> <span class='ocrx_word' id='word_1_658' title='bbox 954 5027 1362 5084; x_wconf 88' lang='lat' dir='ltr'><strong>similitudinem</strong></span> <span class='ocrx_word' id='word_1_659' title='bbox 1385 5030 1654 5085; x_wconf 89' lang='lat' dir='ltr'><strong>ostendit:</strong></span> <span class='ocrx_word' id='word_1_660' title='bbox 1683 5046 1814 5102; x_wconf 89' lang='lat' dir='ltr'><strong>ergo</strong></span> <span class='ocrx_word' id='word_1_661' title='bbox 1830 5046 2028 5087; x_wconf 84' lang='lat' dir='ltr'><strong>secun-</strong></span> 
     </span>
    </p>
   </div>
   <div class='ocr_carea' id='block_1_83' title="bbox 421 5119 2030 5196">
    <p class='ocr_par' dir='ltr' id='par_1_83' title="bbox 421 5119 2030 5196">
     <span class='ocr_line' id='line_1_83' title="bbox 421 5119 2030 5196; baseline 0.004 -22"><span class='ocrx_word' id='word_1_662' title='bbox 421 5121 552 5175; x_wconf 93' lang='lat' dir='ltr'><strong>dum</strong></span> <span class='ocrx_word' id='word_1_663' title='bbox 585 5119 689 5175; x_wconf 90' lang='lat' dir='ltr'><strong>hoc</strong></span> <span class='ocrx_word' id='word_1_664' title='bbox 717 5120 939 5190; x_wconf 64' lang='lat' dir='ltr'><strong>atqualis</strong></span> <span class='ocrx_word' id='word_1_665' title='bbox 965 5131 1048 5176; x_wconf 91' lang='lat' dir='ltr'><strong>est</strong></span> <span class='ocrx_word' id='word_1_666' title='bbox 1077 5141 1090 5176; x_wconf 90' lang='lat'><strong>:</strong></span> <span class='ocrx_word' id='word_1_667' title='bbox 1123 5123 1168 5177; x_wconf 92' lang='lat' dir='ltr'><strong>si</strong></span> <span class='ocrx_word' id='word_1_668' title='bbox 1213 5132 1391 5178; x_wconf 88' lang='lat' dir='ltr'><strong>autem</strong></span> <span class='ocrx_word' id='word_1_669' title='bbox 1440 5125 1616 5196; x_wconf 88' lang='lat' dir='ltr'><strong>imago</strong></span> <span class='ocrx_word' id='word_1_670' title='bbox 1657 5125 1912 5191; x_wconf 92' lang='lat' dir='ltr'><strong>hominis,</strong></span> <span class='ocrx_word' id='word_1_671' title='bbox 1942 5125 2030 5180; x_wconf 93' lang='lat' dir='ltr'><strong>dic</strong></span> 
     </span>
    </p>
   </div>
   <div class='ocr_carea' id='block_1_84' title="bbox 423 5212 2032 5284">
    <p class='ocr_par' dir='ltr' id='par_1_84' title="bbox 423 5212 2032 5284">
     <span class='ocr_line' id='line_1_84' title="bbox 423 5212 2032 5284; baseline 0.004 -18"><span class='ocrx_word' id='word_1_672' title='bbox 423 5212 576 5276; x_wconf 91' lang='lat' dir='ltr'><strong>mihi,</strong></span> <span class='ocrx_word' id='word_1_673' title='bbox 613 5221 668 5266; x_wconf 92' lang='lat' dir='ltr'><strong>et</strong></span> <span class='ocrx_word' id='word_1_674' title='bbox 715 5227 744 5266; x_wconf 90' lang='lat' dir='ltr'><strong>a</strong></span> <span class='ocrx_word' id='word_1_675' title='bbox 777 5221 828 5266; x_wconf 91' lang='lat' dir='ltr'><strong>te</strong></span> <span class='ocrx_word' id='word_1_676' title='bbox 858 5221 1131 5284; x_wconf 86' lang='lat' dir='ltr'><strong>tamquam</strong></span> <span class='ocrx_word' id='word_1_677' title='bbox 1156 5215 1225 5270; x_wconf 90' lang='lat' dir='ltr'><strong>ab</strong></span> <span class='ocrx_word' id='word_1_678' title='bbox 1254 5217 1446 5270; x_wconf 91' lang='lat' dir='ltr'><strong>insano</strong></span> <span class='ocrx_word' id='word_1_679' title='bbox 1478 5217 1774 5272; x_wconf 91' lang='lat' dir='ltr'><strong>discedam.</strong></span> <span class='ocrx_word' id='word_1_680' title='bbox 1802 5217 1912 5272; x_wconf 90' lang='lat' dir='ltr'><strong>Cur</strong></span> <span class='ocrx_word' id='word_1_681' title='bbox 1936 5232 2032 5272; x_wconf 85' lang='lat' dir='ltr'><strong>au-</strong></span> 
     </span>
    </p>
   </div>
   <div class='ocr_carea' id='block_1_85' title="bbox 422 5307 2032 5380">
    <p class='ocr_par' dir='ltr' id='par_1_85' title="bbox 422 5307 2032 5380">
     <span class='ocr_line' id='line_1_85' title="bbox 422 5307 2032 5380; baseline 0.003 -21"><span class='ocrx_word' id='word_1_682' title='bbox 422 5314 531 5360; x_wconf 89' lang='lat' dir='ltr'><strong>tem</strong></span> <span class='ocrx_word' id='word_1_683' title='bbox 560 5319 822 5375; x_wconf 88' lang='lat' dir='ltr'><strong>nusquam</strong></span> <span class='ocrx_word' id='word_1_684' title='bbox 843 5321 1017 5376; x_wconf 90' lang='lat' dir='ltr'><strong>neque</strong></span> <span class='ocrx_word' id='word_1_685' title='bbox 1042 5307 1427 5378; x_wconf 89' lang='lat' dir='ltr'><strong>imago,ncque</strong></span> <span class='ocrx_word' id='word_1_686' title='bbox 1456 5308 1596 5362; x_wconf 87' lang='lat' dir='ltr'><strong>ﬁlius</strong></span> <span class='ocrx_word' id='word_1_687' title='bbox 1625 5309 1928 5380; x_wconf 85' lang='lat' dir='ltr'><strong>appellatus</strong></span> <span class='ocrx_word' id='word_1_688' title='bbox 1948 5318 2032 5365; x_wconf 91' lang='lat' dir='ltr'><strong>est</strong></span> 
     </span>
    </p>
   </div>
   <div class='ocr_carea' id='block_1_86' title="bbox 422 5399 2030 5472">
    <p class='ocr_par' dir='ltr' id='par_1_86' title="bbox 422 5399 2030 5472">
     <span class='ocr_line' id='line_1_86' title="bbox 422 5399 2030 5472; baseline 0.002 -20"><span class='ocrx_word' id='word_1_689' title='bbox 422 5399 683 5468; x_wconf 78' lang='lat' dir='ltr'><strong>angelus,</strong></span> <span class='ocrx_word' id='word_1_690' title='bbox 745 5399 838 5453; x_wconf 85' lang='lat' dir='ltr'><strong>sed</strong></span> <span class='ocrx_word' id='word_1_691' title='bbox 893 5402 1055 5455; x_wconf 92' lang='lat' dir='ltr'><strong>homo</strong></span> <span class='ocrx_word' id='word_1_692' title='bbox 1111 5403 1436 5472; x_wconf 88' lang='lat' dir='ltr'><strong>utrumque?</strong></span> <span class='ocrx_word' id='word_1_693' title='bbox 1490 5401 1711 5468; x_wconf 88' lang='lat' dir='ltr'><strong>Quare?</strong></span> <span class='ocrx_word' id='word_1_694' title='bbox 1767 5402 2030 5469; x_wconf 69' lang='lat' dir='ltr'><strong>Quoniam</strong></span> 
     </span>
    </p>
   </div>
   <div class='ocr_carea' id='block_1_87' title="bbox 424 5490 2032 5562">
    <p class='ocr_par' dir='ltr' id='par_1_87' title="bbox 424 5490 2032 5562">
     <span class='ocr_line' id='line_1_87' title="bbox 424 5490 2032 5562; baseline 0.002 -18"><span class='ocrx_word' id='word_1_695' title='bbox 424 5491 536 5546; x_wconf 91' lang='lat' dir='ltr'><strong>illic</strong></span> <span class='ocrx_word' id='word_1_696' title='bbox 565 5490 783 5561; x_wconf 91' lang='lat' dir='ltr'><strong>quidem</strong></span> <span class='ocrx_word' id='word_1_697' title='bbox 817 5501 1026 5547; x_wconf 87' lang='lat' dir='ltr'><strong>naturae</strong></span> <span class='ocrx_word' id='word_1_698' title='bbox 1053 5493 1355 5548; x_wconf 89' lang='lat' dir='ltr'><strong>sublimitas</strong></span> <span class='ocrx_word' id='word_1_699' title='bbox 1393 5493 1499 5550; x_wconf 91' lang='lat' dir='ltr'><strong>cito</strong></span> <span class='ocrx_word' id='word_1_700' title='bbox 1530 5494 1728 5549; x_wconf 93' lang='lat' dir='ltr'><strong>multos</strong></span> <span class='ocrx_word' id='word_1_701' title='bbox 1760 5494 2032 5562; x_wconf 91' lang='lat' dir='ltr'><strong>iujccisset</strong></span> 
     </span>
    </p>
   </div>
   <div class='ocr_carea' id='block_1_88' title="bbox 425 5583 2034 5656">
    <p class='ocr_par' dir='ltr' id='par_1_88' title="bbox 425 5583 2034 5656">
     <span class='ocr_line' id='line_1_88' title="bbox 425 5583 2034 5656; baseline 0.002 -17"><span class='ocrx_word' id='word_1_702' title='bbox 425 5583 479 5639; x_wconf 91' lang='lat' dir='ltr'><strong>in</strong></span> <span class='ocrx_word' id='word_1_703' title='bbox 536 5583 678 5639; x_wconf 89' lang='lat' dir='ltr'><strong>hanc</strong></span> <span class='ocrx_word' id='word_1_704' title='bbox 717 5585 1046 5654; x_wconf 88' lang='lat' dir='ltr'><strong>impietatem</strong></span> <span class='ocrx_word' id='word_1_705' title='bbox 1079 5603 1094 5640; x_wconf 90' lang='lat'><strong>:</strong></span> <span class='ocrx_word' id='word_1_706' title='bbox 1126 5587 1212 5641; x_wconf 91' lang='lat' dir='ltr'><strong>hic</strong></span> <span class='ocrx_word' id='word_1_707' title='bbox 1260 5596 1438 5642; x_wconf 89' lang='lat' dir='ltr'><strong>autem</strong></span> <span class='ocrx_word' id='word_1_708' title='bbox 1489 5588 1668 5641; x_wconf 88' lang='lat' dir='ltr'><strong>vilitas</strong></span> <span class='ocrx_word' id='word_1_709' title='bbox 1704 5595 1759 5641; x_wconf 86' lang='lat' dir='ltr'><strong>et</strong></span> <span class='ocrx_word' id='word_1_710' title='bbox 1803 5586 2034 5656; x_wconf 86' lang='lat' dir='ltr'><strong>ahjectio</strong></span> 
     </span>
    </p>
   </div>
   <div class='ocr_carea' id='block_1_89' title="bbox 427 5677 2035 5750">
    <p class='ocr_par' dir='ltr' id='par_1_89' title="bbox 427 5677 2035 5750">
     <span class='ocr_line' id='line_1_89' title="bbox 427 5677 2035 5750; baseline 0.003 -18"><span class='ocrx_word' id='word_1_711' title='bbox 427 5677 661 5748; x_wconf 85' lang='lat' dir='ltr'><strong>spondet</strong></span> <span class='ocrx_word' id='word_1_712' title='bbox 685 5693 799 5734; x_wconf 87' lang='lat' dir='ltr'><strong>rem</strong></span> <span class='ocrx_word' id='word_1_713' title='bbox 831 5677 948 5733; x_wconf 86' lang='lat' dir='ltr'><strong>fore</strong></span> <span class='ocrx_word' id='word_1_714' title='bbox 975 5679 1026 5732; x_wconf 93' lang='lat' dir='ltr'><strong>in</strong></span> <span class='ocrx_word' id='word_1_715' title='bbox 1055 5687 1192 5748; x_wconf 93' lang='lat' dir='ltr'><strong>tuto,</strong></span> <span class='ocrx_word' id='word_1_716' title='bbox 1223 5689 1276 5734; x_wconf 90' lang='lat' dir='ltr'><strong>et</strong></span> <span class='ocrx_word' id='word_1_717' title='bbox 1303 5696 1369 5735; x_wconf 88' lang='lat' dir='ltr'><strong>ne</strong></span> <span class='ocrx_word' id='word_1_718' title='bbox 1395 5681 1643 5736; x_wconf 90' lang='lat' dir='ltr'><strong>volentes</strong></span> <span class='ocrx_word' id='word_1_719' title='bbox 1660 5679 1874 5750; x_wconf 90' lang='lat' dir='ltr'><strong>quidem</strong></span> <span class='ocrx_word' id='word_1_720' title='bbox 1907 5681 2035 5737; x_wconf 90' lang='lat' dir='ltr'><strong>sinit</strong></span> 
     </span>
    </p>
   </div>
   <div class='ocr_carea' id='block_1_90' title="bbox 430 5769 2035 5845">
    <p class='ocr_par' dir='ltr' id='par_1_90' title="bbox 430 5769 2035 5845">
     <span class='ocr_line' id='line_1_90' title="bbox 430 5769 2035 5845; baseline 0.001 -19"><span class='ocrx_word' id='word_1_721' title='bbox 430 5770 540 5826; x_wconf 82' lang='lat' dir='ltr'><strong>tale</strong></span> <span class='ocrx_word' id='word_1_722' title='bbox 581 5769 708 5840; x_wconf 80' lang='lat' dir='ltr'><strong>quid</strong></span> <span class='ocrx_word' id='word_1_723' title='bbox 761 5769 1046 5840; x_wconf 89' lang='lat' dir='ltr'><strong>suspicari,</strong></span> <span class='ocrx_word' id='word_1_724' title='bbox 1079 5779 1134 5825; x_wconf 89' lang='lat' dir='ltr'><strong>et</strong></span> <span class='ocrx_word' id='word_1_725' title='bbox 1171 5787 1476 5828; x_wconf 88' lang='lat' dir='ltr'><strong>sermonem</strong></span> <span class='ocrx_word' id='word_1_726' title='bbox 1534 5774 1858 5845; x_wconf 85' lang='lat' dir='ltr'><strong>deprimere.</strong></span> <span class='ocrx_word' id='word_1_727' title='bbox 1903 5773 2035 5828; x_wconf 88' lang='lat' dir='ltr'><strong>Pro-</strong></span> 
     </span>
    </p>
   </div>
   <div class='ocr_carea' id='block_1_91' title="bbox 436 5861 2038 5937">
    <p class='ocr_par' dir='ltr' id='par_1_91' title="bbox 436 5861 2038 5937">
     <span class='ocr_line' id='line_1_91' title="bbox 436 5861 2038 5937; baseline 0.002 -19"><span class='ocrx_word' id='word_1_728' title='bbox 436 5873 620 5934; x_wconf 83' lang='lat' dir='ltr'><strong>pterea</strong></span> <span class='ocrx_word' id='word_1_729' title='bbox 653 5862 742 5919; x_wconf 92' lang='lat' dir='ltr'><strong>ubi</strong></span> <span class='ocrx_word' id='word_1_730' title='bbox 774 5862 939 5917; x_wconf 89' lang='lat' dir='ltr'><strong>multa</strong></span> <span class='ocrx_word' id='word_1_731' title='bbox 973 5861 1189 5934; x_wconf 89' lang='lat' dir='ltr'><strong>quidem</strong></span> <span class='ocrx_word' id='word_1_732' title='bbox 1215 5873 1330 5920; x_wconf 88' lang='lat' dir='ltr'><strong>erat</strong></span> <span class='ocrx_word' id='word_1_733' title='bbox 1371 5865 1667 5937; x_wconf 89' lang='lat' dir='ltr'><strong>humilitas,</strong></span> <span class='ocrx_word' id='word_1_734' title='bbox 1701 5864 2038 5923; x_wconf 89' lang='lat' dir='ltr'><strong>conﬁdenter</strong></span> 
     </span>
    </p>
   </div>
   <div class='ocr_carea' id='block_1_92' title="bbox 2120 3643 3721 3718">
    <p class='ocr_par' dir='ltr' id='par_1_92' title="bbox 2120 3643 3721 3718">
     <span class='ocr_line' id='line_1_92' title="bbox 2120 3643 3721 3718; baseline -0.005 -14"><span class='ocrx_word' id='word_1_735' title='bbox 2120 3648 2395 3718; x_wconf 89' lang='lat' dir='ltr'><strong>Scriptura</strong></span> <span class='ocrx_word' id='word_1_736' title='bbox 2429 3646 2578 3716; x_wconf 89' lang='lat' dir='ltr'><strong>ponit</strong></span> <span class='ocrx_word' id='word_1_737' title='bbox 2604 3645 2866 3699; x_wconf 88' lang='lat' dir='ltr'><strong>honorem</strong></span> <span class='ocrx_word' id='word_1_738' title='bbox 2899 3661 2912 3696; x_wconf 93' lang='lat'><strong>:</strong></span> <span class='ocrx_word' id='word_1_739' title='bbox 2947 3643 3036 3698; x_wconf 90' lang='lat' dir='ltr'><strong>ubi</strong></span> <span class='ocrx_word' id='word_1_740' title='bbox 3067 3651 3244 3697; x_wconf 92' lang='lat' dir='ltr'><strong>autem</strong></span> <span class='ocrx_word' id='word_1_741' title='bbox 3288 3643 3462 3712; x_wconf 85' lang='lat' dir='ltr'><strong>major</strong></span> <span class='ocrx_word' id='word_1_742' title='bbox 3491 3651 3573 3698; x_wconf 92' lang='lat' dir='ltr'><strong>est</strong></span> <span class='ocrx_word' id='word_1_743' title='bbox 3626 3657 3721 3696; x_wconf 88' lang='lat' dir='ltr'><strong>na-</strong></span> 
     </span>
    </p>
   </div>
   <div class='ocr_carea' id='block_1_93' title="bbox 2121 3736 3716 3809">
    <p class='ocr_par' dir='ltr' id='par_1_93' title="bbox 2121 3736 3716 3809">
     <span class='ocr_line' id='line_1_93' title="bbox 2121 3736 3716 3809; baseline -0.003 -13"><span class='ocrx_word' id='word_1_744' title='bbox 2121 3751 2258 3808; x_wconf 87' lang='lat' dir='ltr'><strong>tura,</strong></span> <span class='ocrx_word' id='word_1_745' title='bbox 2289 3757 2396 3796; x_wconf 89' lang='lat' dir='ltr'><strong>non</strong></span> <span class='ocrx_word' id='word_1_746' title='bbox 2425 3741 2576 3795; x_wconf 84' lang='lat' dir='ltr'><strong>item.</strong></span> <span class='ocrx_word' id='word_1_747' title='bbox 2597 3738 2702 3795; x_wconf 90' lang='lat' dir='ltr'><strong>Sed</strong></span> <span class='ocrx_word' id='word_1_748' title='bbox 2726 3737 2905 3809; x_wconf 85' lang='lat' dir='ltr'><strong>Imago</strong></span> <span class='ocrx_word' id='word_1_749' title='bbox 2928 3747 2997 3792; x_wconf 84' lang='lat' dir='ltr'><strong>est</strong></span> <span class='ocrx_word' id='word_1_750' title='bbox 3016 3737 3302 3800; x_wconf 82' lang='lat' dir='ltr'><strong>invisibilis,</strong></span> <span class='ocrx_word' id='word_1_751' title='bbox 3328 3737 3518 3806; x_wconf 90' lang='lat' dir='ltr'><strong>inquit.</strong></span> <span class='ocrx_word' id='word_1_752' title='bbox 3552 3736 3716 3807; x_wconf 88' lang='lat' dir='ltr'><strong>Ergo,</strong></span> 
     </span>
    </p>
   </div>
   <div class='ocr_carea' id='block_1_94' title="bbox 2121 3828 3726 3900">
    <p class='ocr_par' dir='ltr' id='par_1_94' title="bbox 2121 3828 3726 3900">
     <span class='ocr_line' id='line_1_94' title="bbox 2121 3828 3726 3900; baseline -0.004 -9"><span class='ocrx_word' id='word_1_753' title='bbox 2121 3837 2165 3891; x_wconf 91' lang='lat' dir='ltr'><strong>si</strong></span> <span class='ocrx_word' id='word_1_754' title='bbox 2199 3837 2287 3890; x_wconf 86' lang='lat' dir='ltr'><strong>ille</strong></span> <span class='ocrx_word' id='word_1_755' title='bbox 2317 3845 2402 3892; x_wconf 91' lang='lat' dir='ltr'><strong>est</strong></span> <span class='ocrx_word' id='word_1_756' title='bbox 2443 3832 2725 3888; x_wconf 87' lang='lat' dir='ltr'><strong>invisibilis</strong></span> <span class='ocrx_word' id='word_1_757' title='bbox 2745 3872 2762 3899; x_wconf 94' lang='lat'><strong>,</strong></span> <span class='ocrx_word' id='word_1_758' title='bbox 2791 3843 2874 3886; x_wconf 88' lang='lat' dir='ltr'><strong>est</strong></span> <span class='ocrx_word' id='word_1_759' title='bbox 2921 3831 3034 3900; x_wconf 85' lang='lat' dir='ltr'><strong>ipsa</strong></span> <span class='ocrx_word' id='word_1_760' title='bbox 3065 3844 3277 3899; x_wconf 86' lang='lat' dir='ltr'><strong>quoque</strong></span> <span class='ocrx_word' id='word_1_761' title='bbox 3319 3828 3605 3883; x_wconf 87' lang='lat' dir='ltr'><strong>invisibilis</strong></span> <span class='ocrx_word' id='word_1_762' title='bbox 3625 3871 3640 3893; x_wconf 92' lang='lat'><strong>,</strong></span> <span class='ocrx_word' id='word_1_763' title='bbox 3670 3838 3726 3884; x_wconf 90' lang='lat' dir='ltr'><strong>et</strong></span> 
     </span>
    </p>
   </div>
   <div class='ocr_carea' id='block_1_95' title="bbox 2121 3920 3724 3994">
    <p class='ocr_par' dir='ltr' id='par_1_95' title="bbox 2121 3920 3724 3994">
     <span class='ocr_line' id='line_1_95' title="bbox 2121 3920 3724 3994; baseline -0.006 -9"><span class='ocrx_word' id='word_1_764' title='bbox 2121 3929 2370 3985; x_wconf 91' lang='lat' dir='ltr'><strong>similiter</strong></span> <span class='ocrx_word' id='word_1_765' title='bbox 2401 3926 2720 3992; x_wconf 85' lang='lat' dir='ltr'><strong>invisibilis;</strong></span> <span class='ocrx_word' id='word_1_766' title='bbox 2758 3925 2995 3994; x_wconf 89' lang='lat' dir='ltr'><strong>alioquin</strong></span> <span class='ocrx_word' id='word_1_767' title='bbox 3031 3923 3209 3992; x_wconf 81' lang='lat' dir='ltr'><strong>imago</strong></span> <span class='ocrx_word' id='word_1_768' title='bbox 3259 3937 3365 3976; x_wconf 86' lang='lat' dir='ltr'><strong>non</strong></span> <span class='ocrx_word' id='word_1_769' title='bbox 3399 3930 3562 3976; x_wconf 90' lang='lat' dir='ltr'><strong>esset.</strong></span> <span class='ocrx_word' id='word_1_770' title='bbox 3591 3920 3724 3976; x_wconf 86' lang='lat' dir='ltr'><strong>Nam</strong></span> 
     </span>
    </p>
   </div>
   <div class='ocr_carea' id='block_1_96' title="bbox 2123 4015 3728 4093">
    <p class='ocr_par' dir='ltr' id='par_1_96' title="bbox 2123 4015 3728 4093">
     <span class='ocr_line' id='line_1_96' title="bbox 2123 4015 3728 4093; baseline -0.006 -14"><span class='ocrx_word' id='word_1_771' title='bbox 2123 4023 2433 4092; x_wconf 84' lang='lat' dir='ltr'><strong>imaginem,</strong></span> <span class='ocrx_word' id='word_1_772' title='bbox 2467 4031 2730 4093; x_wconf 90' lang='lat' dir='ltr'><strong>quatenus</strong></span> <span class='ocrx_word' id='word_1_773' title='bbox 2761 4027 2846 4074; x_wconf 93' lang='lat' dir='ltr'><strong>est</strong></span> <span class='ocrx_word' id='word_1_774' title='bbox 2873 4019 3070 4088; x_wconf 82' lang='lat' dir='ltr'><strong>imago,</strong></span> <span class='ocrx_word' id='word_1_775' title='bbox 3103 4017 3265 4073; x_wconf 90' lang='lat' dir='ltr'><strong>etiam</strong></span> <span class='ocrx_word' id='word_1_776' title='bbox 3288 4015 3428 4087; x_wconf 91' lang='lat' dir='ltr'><strong>apud</strong></span> <span class='ocrx_word' id='word_1_777' title='bbox 3450 4031 3546 4071; x_wconf 92' lang='lat' dir='ltr'><strong>nos</strong></span> <span class='ocrx_word' id='word_1_778' title='bbox 3567 4030 3728 4085; x_wconf 91' lang='lat' dir='ltr'><strong>opor-</strong></span> 
     </span>
    </p>
   </div>
   <div class='ocr_carea' id='block_1_97' title="bbox 2127 4106 3726 4182">
    <p class='ocr_par' dir='ltr' id='par_1_97' title="bbox 2127 4106 3726 4182">
     <span class='ocr_line' id='line_1_97' title="bbox 2127 4106 3726 4182; baseline -0.004 -16"><span class='ocrx_word' id='word_1_779' title='bbox 2127 4123 2201 4170; x_wconf 92' lang='lat' dir='ltr'><strong>tet</strong></span> <span class='ocrx_word' id='word_1_780' title='bbox 2225 4129 2346 4169; x_wconf 86' lang='lat' dir='ltr'><strong>esse</strong></span> <span class='ocrx_word' id='word_1_781' title='bbox 2374 4112 2658 4182; x_wconf 64' lang='lat' dir='ltr'><strong>aequalem,</strong></span> <span class='ocrx_word' id='word_1_782' title='bbox 2692 4119 2747 4164; x_wconf 91' lang='lat' dir='ltr'><strong>ct</strong></span> <span class='ocrx_word' id='word_1_783' title='bbox 2771 4125 2800 4163; x_wconf 90' lang='lat' dir='ltr'><strong>a</strong></span> <span class='ocrx_word' id='word_1_784' title='bbox 2845 4109 3248 4164; x_wconf 85' lang='lat' dir='ltr'><strong>characteribus</strong></span> <span class='ocrx_word' id='word_1_785' title='bbox 3273 4116 3328 4162; x_wconf 89' lang='lat' dir='ltr'><strong>et</strong></span> <span class='ocrx_word' id='word_1_786' title='bbox 3353 4106 3726 4162; x_wconf 90' lang='lat' dir='ltr'><strong>similitudine.</strong></span> 
     </span>
    </p>
   </div>
   <div class='ocr_carea' id='block_1_98' title="bbox 2125 4198 3728 4274">
    <p class='ocr_par' dir='ltr' id='par_1_98' title="bbox 2125 4198 3728 4274">
     <span class='ocr_line' id='line_1_98' title="bbox 2125 4198 3728 4274; baseline -0.007 -13"><span class='ocrx_word' id='word_1_787' title='bbox 2125 4205 2230 4261; x_wconf 90' lang='lat' dir='ltr'><strong>Sed</strong></span> <span class='ocrx_word' id='word_1_788' title='bbox 2255 4205 2341 4260; x_wconf 90' lang='lat' dir='ltr'><strong>hic</strong></span> <span class='ocrx_word' id='word_1_789' title='bbox 2356 4204 2572 4274; x_wconf 88' lang='lat' dir='ltr'><strong>quidem</strong></span> <span class='ocrx_word' id='word_1_790' title='bbox 2592 4203 2697 4257; x_wconf 88' lang='lat' dir='ltr'><strong>hoc</strong></span> <span class='ocrx_word' id='word_1_791' title='bbox 2721 4217 3060 4271; x_wconf 89' lang='lat' dir='ltr'><strong>nequaquam</strong></span> <span class='ocrx_word' id='word_1_792' title='bbox 3085 4209 3258 4268; x_wconf 90' lang='lat' dir='ltr'><strong>potest</strong></span> <span class='ocrx_word' id='word_1_793' title='bbox 3289 4198 3401 4252; x_wconf 90' lang='lat' dir='ltr'><strong>ﬁeri</strong></span> <span class='ocrx_word' id='word_1_794' title='bbox 3429 4214 3442 4264; x_wconf 89' lang='lat'><strong>;</strong></span> <span class='ocrx_word' id='word_1_795' title='bbox 3476 4213 3564 4253; x_wconf 89' lang='lat' dir='ltr'><strong>ars</strong></span> <span class='ocrx_word' id='word_1_796' title='bbox 3584 4199 3728 4252; x_wconf 89' lang='lat' dir='ltr'><strong>enim</strong></span> 
     </span>
    </p>
   </div>
   <div class='ocr_carea' id='block_1_99' title="bbox 2126 4292 3728 4366">
    <p class='ocr_par' dir='ltr' id='par_1_99' title="bbox 2126 4292 3728 4366">
     <span class='ocr_line' id='line_1_99' title="bbox 2126 4292 3728 4366; baseline -0.006 -13"><span class='ocrx_word' id='word_1_797' title='bbox 2126 4299 2359 4354; x_wconf 89' lang='lat' dir='ltr'><strong>humana</strong></span> <span class='ocrx_word' id='word_1_798' title='bbox 2389 4312 2534 4366; x_wconf 68' lang='lat' dir='ltr'><strong>smpe</strong></span> <span class='ocrx_word' id='word_1_799' title='bbox 2567 4311 2672 4350; x_wconf 91' lang='lat' dir='ltr'><strong>non</strong></span> <span class='ocrx_word' id='word_1_800' title='bbox 2722 4295 3050 4364; x_wconf 86' lang='lat' dir='ltr'><strong>assequitur,</strong></span> <span class='ocrx_word' id='word_1_801' title='bbox 3085 4292 3194 4346; x_wconf 90' lang='lat' dir='ltr'><strong>imo</strong></span> <span class='ocrx_word' id='word_1_802' title='bbox 3239 4306 3367 4345; x_wconf 90' lang='lat' dir='ltr'><strong>vero</strong></span> <span class='ocrx_word' id='word_1_803' title='bbox 3400 4305 3728 4359; x_wconf 90' lang='lat' dir='ltr'><strong>numquam,</strong></span> 
     </span>
    </p>
   </div>
   <div class='ocr_carea' id='block_1_100' title="bbox 2126 4385 3731 4453">
    <p class='ocr_par' dir='ltr' id='par_1_100' title="bbox 2126 4385 3731 4453">
     <span class='ocr_line' id='line_1_100' title="bbox 2126 4385 3731 4453; baseline -0.006 -8"><span class='ocrx_word' id='word_1_804' title='bbox 2126 4391 2171 4445; x_wconf 90' lang='lat' dir='ltr'><strong>si</strong></span> <span class='ocrx_word' id='word_1_805' title='bbox 2194 4399 2444 4444; x_wconf 89' lang='lat' dir='ltr'><strong>accurate</strong></span> <span class='ocrx_word' id='word_1_806' title='bbox 2469 4387 2783 4443; x_wconf 84' lang='lat' dir='ltr'><strong>examines:</strong></span> <span class='ocrx_word' id='word_1_807' title='bbox 2818 4386 2904 4440; x_wconf 91' lang='lat' dir='ltr'><strong>ubi</strong></span> <span class='ocrx_word' id='word_1_808' title='bbox 2929 4394 3106 4438; x_wconf 91' lang='lat' dir='ltr'><strong>autem</strong></span> <span class='ocrx_word' id='word_1_809' title='bbox 3139 4393 3223 4438; x_wconf 91' lang='lat' dir='ltr'><strong>est</strong></span> <span class='ocrx_word' id='word_1_810' title='bbox 3251 4385 3413 4450; x_wconf 92' lang='lat' dir='ltr'><strong>Deus,</strong></span> <span class='ocrx_word' id='word_1_811' title='bbox 3439 4397 3731 4453; x_wconf 89' lang='lat' dir='ltr'><strong>numquam</strong></span> 
     </span>
    </p>
   </div>
   <div class='ocr_carea' id='block_1_101' title="bbox 2127 4475 3731 4547">
    <p class='ocr_par' dir='ltr' id='par_1_101' title="bbox 2127 4475 3731 4547">
     <span class='ocr_line' id='line_1_101' title="bbox 2127 4475 3731 4547; baseline -0.004 -12"><span class='ocrx_word' id='word_1_812' title='bbox 2127 4480 2327 4536; x_wconf 85' lang='lat' dir='ltr'><strong>excidit</strong></span> <span class='ocrx_word' id='word_1_813' title='bbox 2379 4488 2435 4535; x_wconf 90' lang='lat' dir='ltr'><strong>et</strong></span> <span class='ocrx_word' id='word_1_814' title='bbox 2477 4479 2714 4544; x_wconf 86' lang='lat' dir='ltr'><strong>aberrat,</strong></span> <span class='ocrx_word' id='word_1_815' title='bbox 2745 4492 2920 4547; x_wconf 89' lang='lat' dir='ltr'><strong>neque</strong></span> <span class='ocrx_word' id='word_1_816' title='bbox 2951 4477 3090 4530; x_wconf 91' lang='lat' dir='ltr'><strong>ullus</strong></span> <span class='ocrx_word' id='word_1_817' title='bbox 3130 4490 3383 4546; x_wconf 90' lang='lat' dir='ltr'><strong>umquam</strong></span> <span class='ocrx_word' id='word_1_818' title='bbox 3411 4483 3496 4530; x_wconf 88' lang='lat' dir='ltr'><strong>est</strong></span> <span class='ocrx_word' id='word_1_819' title='bbox 3531 4475 3731 4545; x_wconf 77' lang='lat' dir='ltr'><strong>lapsus.</strong></span> 
     </span>
    </p>
   </div>
   <div class='ocr_carea' id='block_1_102' title="bbox 2129 4567 3736 4640">
    <p class='ocr_par' dir='ltr' id='par_1_102' title="bbox 2129 4567 3736 4640">
     <span class='ocr_line' id='line_1_102' title="bbox 2129 4567 3736 4640; baseline -0.004 -10"><span class='ocrx_word' id='word_1_820' title='bbox 2129 4575 2185 4630; x_wconf 91' lang='lat' dir='ltr'><strong>Si</strong></span> <span class='ocrx_word' id='word_1_821' title='bbox 2217 4583 2396 4629; x_wconf 87' lang='lat' dir='ltr'><strong>autem</strong></span> <span class='ocrx_word' id='word_1_822' title='bbox 2427 4580 2512 4628; x_wconf 91' lang='lat' dir='ltr'><strong>est</strong></span> <span class='ocrx_word' id='word_1_823' title='bbox 2538 4578 2807 4635; x_wconf 88' lang='lat' dir='ltr'><strong>creatura,</strong></span> <span class='ocrx_word' id='word_1_824' title='bbox 2851 4568 3124 4640; x_wconf 90' lang='lat' dir='ltr'><strong>quomodo</strong></span> <span class='ocrx_word' id='word_1_825' title='bbox 3167 4577 3251 4623; x_wconf 90' lang='lat' dir='ltr'><strong>cst</strong></span> <span class='ocrx_word' id='word_1_826' title='bbox 3295 4569 3470 4638; x_wconf 83' lang='lat' dir='ltr'><strong>imago</strong></span> <span class='ocrx_word' id='word_1_827' title='bbox 3499 4567 3618 4638; x_wconf 91' lang='lat' dir='ltr'><strong>ejus</strong></span> <span class='ocrx_word' id='word_1_828' title='bbox 3644 4568 3736 4638; x_wconf 88' lang='lat' dir='ltr'><strong>qui</strong></span> 
     </span>
    </p>
   </div>
   <div class='ocr_carea' id='block_1_103' title="bbox 2129 4660 3737 4738">
    <p class='ocr_par' dir='ltr' id='par_1_103' title="bbox 2129 4660 3737 4738">
     <span class='ocr_line' id='line_1_103' title="bbox 2129 4660 3737 4738; baseline -0.006 -14"><span class='ocrx_word' id='word_1_829' title='bbox 2129 4669 2360 4724; x_wconf 87' lang='lat' dir='ltr'><strong>creavit?</strong></span> <span class='ocrx_word' id='word_1_830' title='bbox 2387 4682 2560 4738; x_wconf 91' lang='lat' dir='ltr'><strong>neque</strong></span> <span class='ocrx_word' id='word_1_831' title='bbox 2586 4667 2728 4722; x_wconf 92' lang='lat' dir='ltr'><strong>enim</strong></span> <span class='ocrx_word' id='word_1_832' title='bbox 2758 4681 2929 4733; x_wconf 90' lang='lat' dir='ltr'><strong>equus</strong></span> <span class='ocrx_word' id='word_1_833' title='bbox 2945 4673 3026 4719; x_wconf 91' lang='lat' dir='ltr'><strong>est</strong></span> <span class='ocrx_word' id='word_1_834' title='bbox 3051 4664 3224 4733; x_wconf 84' lang='lat' dir='ltr'><strong>imago</strong></span> <span class='ocrx_word' id='word_1_835' title='bbox 3256 4661 3510 4717; x_wconf 84' lang='lat' dir='ltr'><strong>hominis.</strong></span> <span class='ocrx_word' id='word_1_836' title='bbox 3535 4660 3591 4716; x_wconf 91' lang='lat' dir='ltr'><strong>Si</strong></span> <span class='ocrx_word' id='word_1_837' title='bbox 3621 4660 3737 4729; x_wconf 87' lang='lat' dir='ltr'><strong>cjus</strong></span> 
     </span>
    </p>
   </div>
   <div class='ocr_carea' id='block_1_104' title="bbox 2132 4753 3735 4833">
    <p class='ocr_par' dir='ltr' id='par_1_104' title="bbox 2132 4753 3735 4833">
     <span class='ocr_line' id='line_1_104' title="bbox 2132 4753 3735 4833; baseline -0.009 -15"><span class='ocrx_word' id='word_1_838' title='bbox 2132 4761 2221 4833; x_wconf 90' lang='lat' dir='ltr'><strong>qui</strong></span> <span class='ocrx_word' id='word_1_839' title='bbox 2250 4769 2332 4817; x_wconf 92' lang='lat' dir='ltr'><strong>est</strong></span> <span class='ocrx_word' id='word_1_840' title='bbox 2359 4757 2645 4816; x_wconf 90' lang='lat' dir='ltr'><strong>invisibilis</strong></span> <span class='ocrx_word' id='word_1_841' title='bbox 2686 4757 3091 4814; x_wconf 88' lang='lat' dir='ltr'><strong>similitudinem</strong></span> <span class='ocrx_word' id='word_1_842' title='bbox 3120 4770 3226 4810; x_wconf 93' lang='lat' dir='ltr'><strong>non</strong></span> <span class='ocrx_word' id='word_1_843' title='bbox 3271 4753 3508 4809; x_wconf 89' lang='lat' dir='ltr'><strong>ostendit</strong></span> <span class='ocrx_word' id='word_1_844' title='bbox 3535 4755 3735 4820; x_wconf 88' lang='lat' dir='ltr'><strong>imago,</strong></span> 
     </span>
    </p>
   </div>
   <div class='ocr_carea' id='block_1_105' title="bbox 2133 4844 3739 4924">
    <p class='ocr_par' dir='ltr' id='par_1_105' title="bbox 2133 4844 3739 4924">
     <span class='ocr_line' id='line_1_105' title="bbox 2133 4844 3739 4924; baseline -0.006 -17"><span class='ocrx_word' id='word_1_845' title='bbox 2133 4853 2258 4924; x_wconf 92' lang='lat' dir='ltr'><strong>quid</strong></span> <span class='ocrx_word' id='word_1_846' title='bbox 2284 4851 2535 4923; x_wconf 91' lang='lat' dir='ltr'><strong>prohibet</strong></span> <span class='ocrx_word' id='word_1_847' title='bbox 2557 4853 2719 4906; x_wconf 90' lang='lat' dir='ltr'><strong>etiam</strong></span> <span class='ocrx_word' id='word_1_848' title='bbox 2745 4849 2965 4921; x_wconf 87' lang='lat' dir='ltr'><strong>angelos</strong></span> <span class='ocrx_word' id='word_1_849' title='bbox 2986 4863 3106 4904; x_wconf 90' lang='lat' dir='ltr'><strong>esse</strong></span> <span class='ocrx_word' id='word_1_850' title='bbox 3136 4844 3462 4915; x_wconf 84' lang='lat' dir='ltr'><strong>imaginem?</strong></span> <span class='ocrx_word' id='word_1_851' title='bbox 3491 4858 3612 4897; x_wconf 92' lang='lat' dir='ltr'><strong>nam</strong></span> <span class='ocrx_word' id='word_1_852' title='bbox 3637 4844 3739 4913; x_wconf 88' lang='lat' dir='ltr'><strong>ipsi</strong></span> 
     </span>
    </p>
   </div>
   <div class='ocr_carea' id='block_1_106' title="bbox 2134 4932 3741 5015">
    <p class='ocr_par' dir='ltr' id='par_1_106' title="bbox 2134 4932 3741 5015">
     <span class='ocr_line' id='line_1_106' title="bbox 2134 4932 3741 5015; baseline -0.006 -16"><span class='ocrx_word' id='word_1_853' title='bbox 2134 4960 2348 5015; x_wconf 91' lang='lat' dir='ltr'><strong>quoque</strong></span> <span class='ocrx_word' id='word_1_854' title='bbox 2396 4952 2524 4999; x_wconf 92' lang='lat' dir='ltr'><strong>sunt</strong></span> <span class='ocrx_word' id='word_1_855' title='bbox 2572 4941 2890 5007; x_wconf 87' lang='lat' dir='ltr'><strong>invisibiles,</strong></span> <span class='ocrx_word' id='word_1_856' title='bbox 2946 4939 3039 4995; x_wconf 91' lang='lat' dir='ltr'><strong>sed</strong></span> <span class='ocrx_word' id='word_1_857' title='bbox 3097 4953 3203 4992; x_wconf 88' lang='lat' dir='ltr'><strong>non</strong></span> <span class='ocrx_word' id='word_1_858' title='bbox 3263 4935 3522 5006; x_wconf 90' lang='lat' dir='ltr'><strong>sibiipsis.</strong></span> <span class='ocrx_word' id='word_1_859' title='bbox 3562 4932 3629 5007; x_wconf 82' lang='grc'><strong>¹[</strong></span> <span class='ocrx_word' id='word_1_860' title='bbox 3669 4936 3741 4989; x_wconf 83' lang='lat' dir='ltr'><strong>At</strong></span> 
     </span>
    </p>
   </div>
   <div class='ocr_carea' id='block_1_107' title="bbox 2102 5025 3736 5110">
    <p class='ocr_par' dir='ltr' id='par_1_107' title="bbox 2102 5025 3736 5110">
     <span class='ocr_line' id='line_1_107' title="bbox 2102 5025 3736 5110; baseline -0.007 -19"><span class='ocrx_word' id='word_1_861' title='bbox 2102 5105 2107 5110; x_wconf 93' lang='lat'><strong>_</strong></span> <span class='ocrx_word' id='word_1_862' title='bbox 2135 5038 2313 5092; x_wconf 89' lang='lat' dir='ltr'><strong>anima</strong></span> <span class='ocrx_word' id='word_1_863' title='bbox 2341 5045 2425 5092; x_wconf 88' lang='grc' dir='ltr'><strong>εει</strong></span> <span class='ocrx_word' id='word_1_864' title='bbox 2453 5033 2774 5096; x_wconf 87' lang='lat' dir='ltr'><strong>invisibilis;</strong></span> <span class='ocrx_word' id='word_1_865' title='bbox 2821 5031 2915 5086; x_wconf 91' lang='lat' dir='ltr'><strong>sed</strong></span> <span class='ocrx_word' id='word_1_866' title='bbox 2945 5047 3007 5086; x_wconf 84' lang='lat' dir='ltr'><strong>ex</strong></span> <span class='ocrx_word' id='word_1_867' title='bbox 3038 5045 3104 5084; x_wconf 94' lang='lat' dir='ltr'><strong>eo</strong></span> <span class='ocrx_word' id='word_1_868' title='bbox 3134 5027 3276 5098; x_wconf 90' lang='lat' dir='ltr'><strong>quod</strong></span> <span class='ocrx_word' id='word_1_869' title='bbox 3306 5037 3388 5082; x_wconf 91' lang='lat' dir='ltr'><strong>est</strong></span> <span class='ocrx_word' id='word_1_870' title='bbox 3415 5025 3701 5081; x_wconf 90' lang='lat' dir='ltr'><strong>invisibilis</strong></span> <span class='ocrx_word' id='word_1_871' title='bbox 3721 5067 3736 5090; x_wconf 89' lang='lat'><strong>,</strong></span> 
     </span>
    </p>
   </div>
   <div class='ocr_carea' id='block_1_108' title="bbox 2137 5116 3731 5199">
    <p class='ocr_par' dir='ltr' id='par_1_108' title="bbox 2137 5116 3731 5199">
     <span class='ocr_line' id='line_1_108' title="bbox 2137 5116 3731 5199; baseline -0.008 -14"><span class='ocrx_word' id='word_1_872' title='bbox 2137 5138 2221 5185; x_wconf 90' lang='lat' dir='ltr'><strong>est</strong></span> <span class='ocrx_word' id='word_1_873' title='bbox 2263 5127 2663 5199; x_wconf 90' lang='lat' dir='ltr'><strong>quodammodo</strong></span> <span class='ocrx_word' id='word_1_874' title='bbox 2709 5127 2921 5194; x_wconf 88' lang='lat' dir='ltr'><strong>imago;</strong></span> <span class='ocrx_word' id='word_1_875' title='bbox 2948 5135 3002 5177; x_wconf 90' lang='lat' dir='ltr'><strong>at</strong></span> <span class='ocrx_word' id='word_1_876' title='bbox 3027 5137 3133 5177; x_wconf 91' lang='lat' dir='ltr'><strong>non</strong></span> <span class='ocrx_word' id='word_1_877' title='bbox 3164 5121 3302 5176; x_wconf 92' lang='lat' dir='ltr'><strong>sicut</strong></span> <span class='ocrx_word' id='word_1_878' title='bbox 3330 5121 3446 5192; x_wconf 84' lang='lat' dir='ltr'><strong>ipse</strong></span> <span class='ocrx_word' id='word_1_879' title='bbox 3473 5128 3576 5175; x_wconf 90' lang='lat' dir='ltr'><strong>est.</strong></span> <span class='ocrx_word' id='word_1_880' title='bbox 3619 5116 3731 5173; x_wconf 82' lang='lat' dir='ltr'><strong>Pri-</strong></span> 
     </span>
    </p>
   </div>
   <div class='ocr_carea' id='block_1_109' title="bbox 2138 5214 2937 5294">
    <p class='ocr_par' dir='ltr' id='par_1_109' title="bbox 2138 5214 2937 5294">
     <span class='ocr_line' id='line_1_109' title="bbox 2138 5214 2937 5294; baseline -0.011 -17"><span class='ocrx_word' id='word_1_881' title='bbox 2138 5223 2423 5294; x_wconf 85' lang='lat' dir='ltr'><strong>mogenitus</strong></span> <span class='ocrx_word' id='word_1_882' title='bbox 2453 5220 2616 5273; x_wconf 86' lang='lat' dir='ltr'><strong>omnis</strong></span> <span class='ocrx_word' id='word_1_883' title='bbox 2644 5214 2937 5288; x_wconf 70' lang='lat' dir='ltr'><strong>creaturaz.]</strong></span> 
     </span>
    </p>
   </div>
   <div class='ocr_carea' id='block_1_110' title="bbox 2210 5302 3745 5381">
    <p class='ocr_par' dir='ltr' id='par_1_110' title="bbox 2210 5302 3745 5381">
     <span class='ocr_line' id='line_1_110' title="bbox 2210 5302 3745 5381; baseline -0.008 -13"><span class='ocrx_word' id='word_1_884' title='bbox 2210 5317 2266 5369; x_wconf 71' lang='lat'><strong>2.</strong></span> <span class='ocrx_word' id='word_1_885' title='bbox 2285 5312 2421 5381; x_wconf 90' lang='lat' dir='ltr'><strong>Quid</strong></span> <span class='ocrx_word' id='word_1_886' title='bbox 2450 5315 2604 5369; x_wconf 90' lang='lat' dir='ltr'><strong>vero?</strong></span> <span class='ocrx_word' id='word_1_887' title='bbox 2625 5311 2826 5380; x_wconf 88' lang='lat' dir='ltr'><strong>inquit;</strong></span> <span class='ocrx_word' id='word_1_888' title='bbox 2851 5323 2976 5364; x_wconf 88' lang='lat' dir='ltr'><strong>ecce</strong></span> <span class='ocrx_word' id='word_1_889' title='bbox 3003 5315 3084 5362; x_wconf 89' lang='lat' dir='ltr'><strong>cst</strong></span> <span class='ocrx_word' id='word_1_890' title='bbox 3111 5306 3363 5361; x_wconf 86' lang='lat' dir='ltr'><strong>creatus?</strong></span> <span class='ocrx_word' id='word_1_891' title='bbox 3389 5303 3541 5360; x_wconf 88' lang='lat' dir='ltr'><strong>Unde</strong></span> <span class='ocrx_word' id='word_1_892' title='bbox 3565 5302 3614 5357; x_wconf 91' lang='lat' dir='ltr'><strong>id</strong></span> <span class='ocrx_word' id='word_1_893' title='bbox 3641 5303 3745 5357; x_wconf 81' lang='lat' dir='ltr'><strong>col-</strong></span> 
     </span>
    </p>
   </div>
   <div class='ocr_carea' id='block_1_111' title="bbox 2140 5391 3751 5480">
    <p class='ocr_par' dir='ltr' id='par_1_111' title="bbox 2140 5391 3751 5480">
     <span class='ocr_line' id='line_1_111' title="bbox 2140 5391 3751 5480; baseline -0.011 -16"><span class='ocrx_word' id='word_1_894' title='bbox 2140 5409 2280 5480; x_wconf 89' lang='lat' dir='ltr'><strong>ligis,</strong></span> <span class='ocrx_word' id='word_1_895' title='bbox 2309 5405 2641 5476; x_wconf 76' lang='lat' dir='ltr'><strong>dic,qu:nso?</strong></span> <span class='ocrx_word' id='word_1_896' title='bbox 2671 5402 2933 5471; x_wconf 87' lang='lat' dir='ltr'><strong>Quoniam</strong></span> <span class='ocrx_word' id='word_1_897' title='bbox 2966 5400 3118 5462; x_wconf 80' lang='lat' dir='ltr'><strong>dixit,</strong></span> <span class='ocrx_word' id='word_1_898' title='bbox 3155 5397 3548 5467; x_wconf 76' lang='lat' dir='ltr'><strong>Primogenitus.</strong></span> <span class='ocrx_word' id='word_1_899' title='bbox 3584 5391 3751 5466; x_wconf 76' lang='lat' dir='ltr'><strong>Atqui</strong></span> 
     </span>
    </p>
   </div>
   <div class='ocr_carea' id='block_1_112' title="bbox 2143 5485 3747 5567">
    <p class='ocr_par' dir='ltr' id='par_1_112' title="bbox 2143 5485 3747 5567">
     <span class='ocr_line' id='line_1_112' title="bbox 2143 5485 3747 5567; baseline -0.01 -11"><span class='ocrx_word' id='word_1_900' title='bbox 2143 5517 2250 5556; x_wconf 92' lang='lat' dir='ltr'><strong>non</strong></span> <span class='ocrx_word' id='word_1_901' title='bbox 2283 5499 2438 5567; x_wconf 82' lang='lat' dir='ltr'><strong>dixit,</strong></span> <span class='ocrx_word' id='word_1_902' title='bbox 2471 5497 2887 5560; x_wconf 89' lang='lat' dir='ltr'><strong>Primocreatus,</strong></span> <span class='ocrx_word' id='word_1_903' title='bbox 2918 5492 3012 5548; x_wconf 89' lang='lat' dir='ltr'><strong>sed</strong></span> <span class='ocrx_word' id='word_1_904' title='bbox 3038 5489 3438 5561; x_wconf 80' lang='lat' dir='ltr'><strong>Primogenilus.</strong></span> <span class='ocrx_word' id='word_1_905' title='bbox 3471 5485 3674 5542; x_wconf 84' lang='lat' dir='ltr'><strong>Deinde</strong></span> <span class='ocrx_word' id='word_1_906' title='bbox 3701 5487 3747 5540; x_wconf 87' lang='lat' dir='ltr'><strong>si</strong></span> 
     </span>
    </p>
   </div>
   <div class='ocr_carea' id='block_1_113' title="bbox 2209 5666 3744 5746">
    <p class='ocr_par' dir='ltr' id='par_1_113' title="bbox 2209 5666 3744 5746">
     <span class='ocr_line' id='line_1_113' title="bbox 2209 5666 3744 5746; baseline -0.013 -12"><span class='ocrx_word' id='word_1_907' title='bbox 2209 5688 2224 5718; x_wconf 85' lang='grc'>¹</span> <span class='ocrx_word' id='word_1_908' title='bbox 2262 5691 2438 5746; x_wconf 86' lang='lat' dir='ltr'><strong>Locum</strong></span> <span class='ocrx_word' id='word_1_909' title='bbox 2471 5683 2667 5746; x_wconf 87' lang='lat' dir='ltr'><strong>uncinis</strong></span> <span class='ocrx_word' id='word_1_910' title='bbox 2687 5679 2903 5731; x_wconf 90' lang='lat' dir='ltr'><strong>clausum</strong></span> <span class='ocrx_word' id='word_1_911' title='bbox 2913 5678 3004 5746; x_wconf 85' lang='lat' dir='ltr'><strong>_sic_</strong></span> <span class='ocrx_word' id='word_1_912' title='bbox 3019 5675 3206 5746; x_wconf 63' lang='lat' dir='ltr'><strong>habent</strong></span> <span class='ocrx_word' id='word_1_913' title='bbox 3227 5669 3513 5746; x_wconf 86' lang='lat' dir='ltr'><strong>Commelin.</strong></span> <span class='ocrx_word' id='word_1_914' title='bbox 3536 5675 3595 5746; x_wconf 66' lang='lat' dir='ltr'><strong>et</strong></span> <span class='ocrx_word' id='word_1_915' title='bbox 3614 5666 3744 5746; x_wconf 29' lang='lat' dir='ltr'><strong>13-ng</strong></span> 
     </span>
    </p>
   </div>
   <div class='ocr_carea' id='block_1_114' title="bbox 2146 5729 3748 5810">
    <p class='ocr_par' dir='ltr' id='par_1_114' title="bbox 2146 5729 3748 5810">
     <span class='ocr_line' id='line_1_114' title="bbox 2146 5729 3748 5810; baseline -0.013 -11"><span class='ocrx_word' id='word_1_916' title='bbox 2146 5729 2324 5810; x_wconf 42' lang='lat'><strong>1953“;</strong></span> <span class='ocrx_word' id='word_1_917' title='bbox 2330 5729 2816 5810; x_wconf 53' lang='lat' dir='ltr'><strong>siiifqiiiiizaninqug</strong></span> <span class='ocrx_word' id='word_1_918' title='bbox 2825 5750 2894 5810; x_wconf 75' lang='lat' dir='ltr'><strong>est</strong></span> <span class='ocrx_word' id='word_1_919' title='bbox 2906 5736 3158 5810; x_wconf 73' lang='lat' dir='ltr'><strong>invisibilis</strong></span> <span class='ocrx_word' id='word_1_920' title='bbox 3175 5748 3193 5785; x_wconf 92' lang='grc'><strong>.·</strong></span> <span class='ocrx_word' id='word_1_921' title='bbox 3208 5748 3326 5810; x_wconf 63' lang='lat' dir='ltr'><strong>nam</strong></span> <span class='ocrx_word' id='word_1_922' title='bbox 3342 5746 3412 5810; x_wconf 53' lang='lat' dir='ltr'><strong>ea;</strong></span> <span class='ocrx_word' id='word_1_923' title='bbox 3421 5729 3600 5810; x_wconf 18' lang='lat' dir='ltr'><strong>console</strong></span> <span class='ocrx_word' id='word_1_924' title='bbox 3611 5729 3748 5810; x_wconf 59' lang='lat' dir='ltr'><strong>quod</strong></span> 
     </span>
    </p>
   </div>
   <div class='ocr_carea' id='block_1_115' title="bbox 2144 5793 3750 5871">
    <p class='ocr_par' dir='ltr' id='par_1_115' title="bbox 2144 5793 3750 5871">
     <span class='ocr_line' id='line_1_115' title="bbox 2144 5793 3750 5871; baseline -0.016 -8"><span class='ocrx_word' id='word_1_925' title='bbox 2144 5793 2742 5871; x_wconf 47' lang='lat' dir='ltr'><strong>vitiliginis;aqua&quot;;</strong></span> <span class='ocrx_word' id='word_1_926' title='bbox 2777 5804 2917 5871; x_wconf 78' lang='lat' dir='ltr'><strong>illaut</strong></span> <span class='ocrx_word' id='word_1_927' title='bbox 2961 5814 3063 5871; x_wconf 78' lang='lat' dir='ltr'><strong>esse</strong></span> <span class='ocrx_word' id='word_1_928' title='bbox 3097 5793 3412 5871; x_wconf 66' lang='lat' dir='ltr'><strong>imaginem?</strong></span> <span class='ocrx_word' id='word_1_929' title='bbox 3452 5803 3579 5871; x_wconf 48' lang='lat' dir='ltr'><strong>iyum</strong></span> <span class='ocrx_word' id='word_1_930' title='bbox 3602 5793 3750 5844; x_wconf 75' lang='lat' dir='ltr'><strong>etiam</strong></span> 
     </span>
    </p>
   </div>
   <div class='ocr_carea' id='block_1_116' title="bbox 2149 5856 3474 5938">
    <p class='ocr_par' dir='ltr' id='par_1_116' title="bbox 2149 5856 3474 5938">
     <span class='ocr_line' id='line_1_116' title="bbox 2149 5856 3474 5938; baseline -0.011 -15"><span class='ocrx_word' id='word_1_931' title='bbox 2149 5856 2320 5938; x_wconf 47' lang='grc' dir='ltr'><strong>ἧιᾷΗῖ</strong></span> <span class='ocrx_word' id='word_1_932' title='bbox 2331 5856 2573 5934; x_wconf 59' lang='lat' dir='ltr'><strong>imagines</strong></span> <span class='ocrx_word' id='word_1_933' title='bbox 2590 5856 2715 5930; x_wconf 69' lang='lat' dir='ltr'><strong>iumt,</strong></span> <span class='ocrx_word' id='word_1_934' title='bbox 2743 5867 2910 5919; x_wconf 77' lang='lat' dir='ltr'><strong>eodem</strong></span> <span class='ocrx_word' id='word_1_935' title='bbox 2934 5865 3075 5916; x_wconf 85' lang='lat' dir='ltr'><strong>modo</strong></span> <span class='ocrx_word' id='word_1_936' title='bbox 3097 5856 3425 5927; x_wconf 64' lang='lat' dir='ltr'><strong>quo&#39;Christus</strong></span> <span class='ocrx_word' id='word_1_937' title='bbox 3449 5856 3474 5909; x_wconf 75' lang='grc' dir='ltr'><em>Σ)</em></span> 
     </span>
    </p>
   </div>
  </div>
