4184 6488
511 384 615 446 519

511 503 636 574 quia
665 491 1049 570 prhnogcnitus
1064 493 1166 551 est,
1191 484 1337 538 illum
1363 487 1602 536 creatum
1633 470 1857 536 dixeris,
1878 463 2004 538 quid
2023 463 2094 518 di-

512 555 604 648 des
629 555 840 659 quando
860 582 1004 636 illum
1032 575 1266 632 audieris
1287 575 1502 626 fratrem
1527 564 1742 622 vocari?
1763 559 1971 618 Etenim
1997 555 2100 610 fra-

515 697 647 740 trem
675 680 826 736 illum
847 683 1002 731 vocat
1023 670 1294 738 Scriptura
1319 662 1615 720 secundant
1637 657 1818 712 omnia
1837 652 1989 710 nobis
2016 664 2101 704 as-

513 775 820 830 similatum.
850 767 1064 838 Ergone
1099 762 1218 816 ideo
1246 759 1393 813 illum
1411 751 1717 810 Creatorem
1737 761 1858 802 esse
1881 741 2099 812 negabi-

515 883 655 933 mus,
684 876 738 922 et
767 878 865 920 nec
889 860 1148 932 dignitate
1175 868 1348 924 neque
1373 851 1478 906 alio
1509 845 1756 918 quopiam
1777 839 1928 894 nobis
1950 843 2102 890 ante-

516 974 716 1032 ponere
745 950 1119 1027 dignabimur?
1139 948 1322 1018 ecquis
1345 949 1522 998 mente
1553 939 1736 993 valens
1757 936 1857 989 hoc
1875 926 2104 986 dixerit?

513 1025 648 1110 Nam
678 1025 830 1114 illud,
859 1042 1256 1115 Primogenitus,
1278 1053 1382 1092 non
1403 1032 1716 1104 dignitatem
1737 1035 1792 1082 et
1819 1025 2100 1083 honorem,

513 1145 610 1202 sed
628 1153 836 1212 tempus
855 1111 1058 1194 tantum
1079 1128 1410 1204 cxprimit.Si
1429 1140 1555 1196 ergo
1571 1117 1954 1194 primogenitus
1975 1111 2104 1168 nihil

515 1237 636 1308 plus
658 1203 820 1289 habet
839 1245 996 1302 quam
1027 1203 1164 1289 nosi
1189 1233 1348 1292 atque
1365 1220 1464 1274 hac
1489 1217 1696 1272 ratione
1721 1203 2104 1280 primogenitus

515 1337 599 1386 est
624 1326 890 1388 omnium,
920 1315 1392 1378 consubstantialis
1417 1311 1518 1366 erit
1545 1309 1682 1362 Deus
1706 1301 1938 1360 Verbum
1967 1295 2103 1366 lapi-

515 1420 692 1484 dibus,
723 1416 878 1488 lignis
899 1423 952 1468 et
971 1409 1193 1479 reliquis
1219 1423 1233 1460 :
1265 1421 1388 1458 nam
1412 1403 1506 1466 ait,
1541 1393 1917 1466 Primogenitus
1941 1386 2106 1444 omnis

515 1521 777 1567 creaturae.
814 1509 882 1562 At
908 1501 1294 1576 primogenitus
1315 1537 1330 1562 ,
1378 1493 1604 1564 inquies,
1635 1489 1810 1544 dictus
1837 1493 1950 1548 est;
1976 1495 2105 1550 ergo

518 1614 729 1662 creatus
755 1610 858 1656 est.
889 1599 1034 1654 Bene
1072 1591 1314 1665 quidem,
1359 1589 1404 1642 si
1456 1601 1542 1640 res
1587 1583 1656 1637 ita
1688 1596 1746 1636 se
1777 1579 2019 1638 haberet,
2051 1580 2106 1628 et

520 1697 620 1752 nisi
651 1693 751 1747 alia
783 1689 974 1748 similia
1003 1686 1260 1750 haberet,
1289 1674 1752 1748 ut,l7rimogenitus
1783 1686 1846 1724 ea:
1868 1666 2102 1728 mortuis,

515 1799 592 1854 et,
623 1783 1002 1854 Primogenitus
1026 1781 1080 1834 in
1105 1775 1276 1832 multis
1299 1769 1540 1842 fratribus
1572 1762 1704 1837 (Col.
1733 1764 1781 1818 1.
1817 1759 1902 1814 18.
1949 1757 2099 1810 Rom.

517 1845 673 1936 8:39
693 1877 737 1948 ).
776 1845 1128 1942 D'ic,quzcso,
1181 1861 1564 1937 primogenitus
1603 1873 1668 1912 cx
1727 1849 1952 1908 mortuis
1979 1845 2106 1917 quid

518 1969 819 2044 significat?
845 1966 960 2022 Non
987 1962 1132 2034 quod
1179 1959 1382 2032 primus
1412 1950 1730 2015 resurrexit,
1765 1947 1912 2002 dices
1955 1961 1968 1997 :
1999 1955 2110 1996 non

517 2065 660 2120 etaim
692 2061 826 2116 dixit
855 2031 1546 2126 suppliciterquorumdam
1579 2050 1934 2098 mortuorum,
1982 2031 2103 2096 scd,

521 2151 914 2224 Primogcnitus
935 2163 1003 2203 ex
1045 2143 1270 2200 mortuis
1302 2158 1317 2194 :
1348 2151 1519 2208 neque
1543 2133 1678 2188 dixit
1725 2143 1846 2186 eum
1880 2126 2115 2198 primum

520 2263 642 2302 csse
675 2253 966 2302 mortuum,
993 2237 1090 2294 sed
1121 2230 1532 2305 primogenitum
1561 2222 1860 2280 surrexisse
1880 2233 1945 2274 cx
1967 2231 2112 2272 mor—

525 2340 650 2394 tuis.
681 2334 1042 2405 Quamobrem
1103 2327 1234 2384 nihil
1283 2322 1430 2378 aliud
1471 2315 1752 2390 signiﬁcat,
1795 2323 2108 2382 quamcum

525 2433 690 2486 fuisse
739 2425 1002 2498 primitias
1043 2415 1459 2478 resurrectionis
1483 2429 1516 2468 a
1546 2409 1792 2466 mortuis.
1825 2406 1963 2474 Ergo
2009 2415 2111 2456 nec

527 2525 610 2578 hic
637 2497 834 2592 aliquid
862 2517 1134 2588 probatur.
1157 2509 1360 2568 Deinde
1381 2505 1684 2578 aggreditur
1705 2501 1876 2570 ipsum
1891 2497 2115 2566 dogma.

525 2617 655 2672 Nam
687 2631 756 2669 ne
787 2613 1156 2667 existimarent
1179 2620 1301 2660 eum
1343 2615 1463 2658 csse
1489 2596 1844 2654 recentiorem
1871 2605 1938 2648 eo
1967 2587 2118 2660 quod

525 2709 653 2763 olim
683 2705 898 2776 quidem
950 2700 1306 2756 adduceretur
1351 2709 1446 2764 per
1469 2689 1710 2760 angelos,
1743 2700 1886 2740 nunc
1933 2689 2120 2738 autem

525 2816 622 2870 per
644 2800 814 2867 ipsum
839 2815 852 2860 ;
882 2790 1117 2848 ostendit
1146 2789 1377 2860 primum
1406 2800 1500 2839 eos
1539 2780 1669 2836 nihil
1706 2777 1942 2850 pomisse
1967 2791 1981 2839 ;
2007 2787 2112 2828 non

523 2891 668 2947 enim
710 2889 824 2958 ipse
867 2883 1142 2940 eduxisset
1178 2897 1211 2935 e
1263 2877 1496 2934 tenebris
1530 2892 1541 2926 :
1573 2871 1862 2929 secundum
1898 2875 2110 2931 autem,

526 2982 668 3054 quod
699 2956 768 3036 sit
792 2989 915 3033 ante
959 2975 1124 3046 ipsos.
1175 2970 1327 3038 Quod
1356 2979 1535 3022 autem
1566 2965 1635 3019 sit
1657 2973 1782 3017 ante
1815 2962 1979 3030 ipsos,
2011 2956 2116 3010 hoc

527 3076 718 3145 probat
764 3079 1096 3142 argumento,
1147 3065 1285 3136 quod
1319 3062 1416 3132 ipsi
1443 3077 1538 3131 per
1581 3073 1702 3114 eum
1755 3055 1866 3110 sint
1911 3049 2114 3106 creati:

530 3169 787 3235 Quoniam
813 3167 864 3220 in
888 3165 1018 3236 ipso,
1049 3161 1241 3230 inquit,
1265 3157 1471 3212 condita
1499 3162 1614 3208 sunt
1641 3151 1828 3204 omnia.

603 3260 801 3314 Paulus
821 3234 1418 3316 Samosatenns.—-Quid
1435 3245 1714 3301 hicdicuut
1733 3238 1950 3294 asscclm
1968 3234 2118 3291 Pauli

528 3349 906 3410 Sunusateni?
941 3345 1127 3402 Omnia
1157 3344 1208 3396 in
1241 3343 1356 3410 ipso
1385 3340 1518 3394 facta
1551 3350 1671 3390 esse
1699 3351 1714 3386 :
1747 3333 1946 3386 dictum
1977 3327 2118 3382 enim

529 3445 650 3509 fuit,
667 3441 730 3496 In
761 3443 869 3511 ipso
894 3437 1099 3491 condita
1123 3443 1240 3489 sunt
1267 3431 1456 3484 omnia.
1481 3427 1586 3483 Sed
1607 3441 1726 3496 qua:
1755 3433 1880 3477 sunt
1901 3422 1950 3474 in
1973 3418 2120 3472 ctclis

530 3549 584 3592 et
609 3551 728 3606 qua:
755 3509 950 3587 suntin
979 3539 1116 3583 terra
1147 3525 1318 3596 primo
1347 3522 1500 3576 dixit.
1523 3519 1597 3572 De
1625 3532 1730 3586 quo
1757 3523 1869 3568 erat
1896 3509 2122 3581 quaestio

531 3601 640 3683 ιιοσέ
661 3624 831 3695 primo
861 3623 1028 3691 punit.
1063 3615 1264 3672 Deinde
1293 3611 1595 3681 subjungit,
1627 3607 1853 3662 Visibilia
1883 3601 2123 3658 elinvisi-

529 3721 675 3775 bilia.
707 3713 995 3772 lnvisihilia
1027 3710 1264 3766 animam
1292 3706 1443 3772 dicit,
1471 3701 1720 3766 \‘isibilia,
1743 3713 1931 3754 omnes
1953 3693 2124 3750 homi—

533 3827 650 3867 nes.
683 3809 748 3865 Et
783 3805 926 3878 quod
953 3805 1006 3859 in
1035 3801 1284 3858 confesso
1312 3806 1419 3864 est,
1451 3792 1736 3864 relinquit;
1773 3789 1920 3861 ponit
1945 3795 2128 3841 autem

533 3903 586 3958 id
611 3901 680 3956 de
707 3877 817 3971 quo
836 3896 1129 3953 dubitatur.
1149 3891 1282 3945 ‘Sive
1321 3887 1364 3942 Τ
1365 3887 1536 3949 Inani,
1569 3883 1763 3953 inquit,
1793 3881 1896 3934 sive
1945 3877 2122 3932 Domi-

535 3970 788 4059 nationes,
817 3991 920 4045 sive
951 3985 1304 4053 Principatus,
1349 3981 1451 4033 sive
1479 3977 1782 4031 Potestates.
1815 3970 1968 4034 illud,
2003 3970 2125 4035 sive,

535 4080 947 4155 comprehendit
975 4076 1308 4155 universum.
1339 4070 1570 4140 Spiritus
1599 4073 1776 4120 autem
1812 4078 1918 4118 non
1941 4075 2130 4116 nume-

537 4153 689 4234 ratur
737 4189 859 4230 cum
915 4153 1303 4230 PoteStatibus,
1363 4161 1458 4216 sed
1509 4177 1537 4213 a
1569 4158 1758 4228 majori
1811 4155 1876 4210 ad
1917 4155 2128 4208 minora

535 4265 867 4326 ostcmdcnda
895 4260 1223 4334 proceditur.
1267 4255 1472 4318 Omnia,
1521 4253 1712 4321 inquit,
1745 4265 1836 4320 per
1863 4249 2055 4316 ipsum,
2083 4253 2129 4297 et

537 4365 592 4418 in
615 4364 726 4432 ipso
751 4365 920 4412 creata
939 4364 1076 4408 sunt.
1105 4351 1241 4407 Ecce
1269 4346 1416 4412 illud,
1444 4343 1510 4398 lu
1535 4344 1666 4412 ipso,
1687 4348 1769 4394 est
1799 4353 1892 4408 per
1913 4339 2084 4407 ipsum
2114 4353 2130 4391 :

542 4425 666 4508 nam
699 4463 820 4505 cum
849 4445 1093 4508 dixisset,
1121 4441 1186 4496 In
1219 4441 1351 4510 ipso,
1380 4433 1671 4504 subjunxit,
1703 4430 1804 4486 Per
1839 4429 2031 4498 ipsum.
2064 4425 2132 4479 ll-

545 4541 635 4598 lud
657 4548 860 4605 autem,
886 4535 951 4590 In
980 4537 1111 4606 ipso,
1139 4530 1266 4604 quid
1289 4529 1408 4585 est?
1434 4526 1546 4581 lloc
1569 4533 1674 4590 est,
1708 4523 1760 4577 in
1783 4521 1955 4590 ipsum
2001 4532 2134 4588 pen-

539 4637 636 4692 det
655 4631 899 4688 manium
917 4625 1245 4684 substantia.
1275 4621 1390 4678 Non
1415 4619 1595 4675 solum
1625 4617 1742 4686 ipse
1781 4627 1848 4669 ea
1871 4625 1936 4668 ex
1967 4609 2139 4665 nihilo

546 4727 615 4784 ad
645 4727 830 4781 hoc-ut
853 4729 1036 4779 essent
1063 4717 1310 4784 deduxit,
1363 4712 1461 4769 sed
1489 4711 1605 4781 ipse
1645 4720 1857 4776 quoque
1885 4718 1948 4759 ea
1996 4714 2139 4757 nunc

545 4823 824 4880 continet:
854 4817 1206 4891 quamobrem
1233 4812 1280 4868 si
1311 4817 1494 4868 essent
1529 4807 1733 4863 divulsa
1755 4803 1824 4858 ab
1865 4801 1983 4872 ejus
2009 4814 2138 4872 pro-

547 4916 805 4982 videntia,
833 4912 1183 4968 interiissent.
1213 4905 1322 4962 Sed
1364 4919 1470 4959 non
1513 4901 1669 4966 dixit,
1695 4897 1967 4958 Continet,
1997 4891 2140 4966 quod

547 5008 942 5072 eratcrassius;
962 5003 1056 5059 sed
1073 5000 1217 5073 quod
1243 5007 1327 5054 est
1355 4991 1696 5061 subtiliusﬂu
1721 4991 1893 5060 ipsum
1920 4985 2138 5060 pendet.

545 5105 738 5160 Solum
769 5099 836 5154 ad
863 5113 986 5154 cum
1028 5106 1268 5150 annuere
1295 5099 1352 5146 et
1393 5085 1662 5152 inclinari,
1693 5083 1892 5139 sufficit
1913 5080 1978 5134 ad
2006 5093 2139 5132 con-

553 5196 832 5253 tinendum
853 5201 910 5249 ct
949 5184 1448 5256 constringendum.
1475 5181 1568 5236 Sic
1596 5179 1780 5244 etiam,
1819 5173 2139 5246 Primogen‘i-

554 5301 654 5358 tus,
683 5299 954 5358 tamquam
991 5281 1395 5339 fundamentum
1435 5275 1653 5330 dicitur.
1684 5271 1798 5326 Hoc
1826 5277 2004 5324 autem
2037 5282 2144 5322 non

553 5381 818 5452 tu'gniticat
854 5383 1128 5435 creaturas
1171 5387 1295 5428 esse
1333 5368 1573 5441 ejusdem
1630 5364 1901 5430 essentim,
1947 5359 2044 5416 sed
2089 5361 2144 5416 in

556 5479 673 5545 ipso
706 5487 828 5530 esse
853 5471 1036 5526 omnia
1058 5510 1074 5537 ,
1129 5475 1186 5523 et
1215 5481 1310 5538 per
1349 5465 1544 5535 ipsum.
1579 5459 1711 5515 Nam
1743 5456 1870 5513 alibi
1899 5469 2146 5526 quoque,

555 5566 768 5634 quando
792 5564 954 5628 dicit,
983 5561 1402 5616 Fundamentum
1429 5555 1577 5626 posui
1619 5551 1706 5622 (l.
1759 5549 1878 5604 Cor.
1920 5549 1974 5603 5.
2009 5546 2110 5618 10)
2131 5587 2146 5613 ,

555 5669 666 5710 non
711 5655 841 5711 dicit
865 5653 938 5709 de
961 5653 1220 5719 essentia,
1255 5648 1350 5706 sed
1401 5647 1469 5702 de
1512 5643 1846 5716 operatione.
1895 5639 2028 5695 Nam
2083 5651 2150 5692 ne

555 5745 834 5799 existimes
851 5745 1032 5813 ipsum
1055 5757 1185 5798 esse
1203 5740 1534 5800 ministrum,
1565 5735 1698 5790 dicit
1724 5734 1896 5804 ipsum
1927 5745 1990 5785 ea
2019 5743 2149 5783 con-

565 5833 762 5902 tinere,
801 5833 940 5904 quod
969 5848 1072 5888 non
1099 5841 1182 5887 est
1202 5831 1377 5885 minus
1397 5843 1554 5900 quam
1580 5825 1790 5881 fecisse.
1815 5823 2148 5888 Quamquam

1196 369 1254 424 S.
1295 360 1571 422 JOANNIS
1606 349 2086 416 CllRYSOSTOM'l
2125 346 2441 406 ABCIHEP.
2483 351 3018 410 CONSTANTINOP;

3697 363 3822 421 διδ

2215 461 2268 516 ἱη
2299 461 2452 522 nobis
2481 473 2564 520 est
2593 468 2752 524 etiam
2785 468 2956 538 majus
2990 487 3003 524 :
3031 484 3154 524 nam
3199 469 3326 526 illud
3353 472 3566 543 quidem
3597 491 3685 532 ars
3713 479 3802 533 luo

2213 555 2396 621 ducit,
2446 557 2548 614 hoc
2587 575 2715 616 vero
2745 575 3114 632 nequaquam;
3161 577 3334 634 neque
3374 565 3516 620 enim
3561 569 3804 628 continet

2213 647 2354 717 quod
2383 650 2586 708 interit.
2619 651 2684 706 Et
2713 653 2824 720 ipse
2847 663 2922 708 est
2947 663 3065 708 ante
3107 669 3300 720 omnes,
3359 657 3547 727 inquit.
3581 658 3694 715 Hoc
3717 672 3803 717 est

2215 738 2325 793 Deo
2373 741 2716 798 conveniens.
2743 743 2844 799 Ubi
2893 753 2976 800 est
3023 745 3218 802 Paulus
3259 745 3682 806 Samosatenus?
3735 752 3801 808 Et

2215 834 2386 886 omnia
2421 833 2474 888 in
2499 834 2612 904 ipso
2638 845 2871 890 constant
2901 853 2920 890 :
2945 837 3046 892 hoc
3077 849 3182 906 cst,
3212 839 3268 894 In
3305 841 3476 909 ipsum
3510 852 3634 897 sunt
3659 858 3794 899 con-

2215 923 2344 980 dita.
2375 925 2601 982 Assidue
2626 926 2814 983 eadem
2844 939 3040 996 versat,
3067 932 3354 988 verborum
3375 935 3798 1002 continuatione,

2218 1025 2486 1085 tamquam
2543 1018 2750 1074 crebris
2801 1020 3120 1090 quibusdam
3164 1025 3378 1091 ictibus,
3437 1029 3802 1097 perniciosum

2215 1108 2408 1180 dogma
2433 1119 2682 1167 evertens
2711 1113 2988 1170 radicitus.
3017 1114 3151 1170 Nam
3181 1116 3226 1170 si
3253 1125 3308 1171 et
3330 1128 3436 1172 tam
3465 1119 3630 1172 multa
3657 1120 3800 1177 dicta

2213 1211 2360 1269 sunt,
2391 1210 2446 1257 et
2488 1211 2614 1273 post
2641 1211 2846 1260 tantum
2873 1213 3083 1276 tempus
3113 1217 3332 1264 exortus
3359 1217 3445 1264 est
3475 1208 3670 1264 Paulus
3698 1209 3800 1266 Sa-

2215 1303 2559 1362 mosatenus;
2608 1307 2808 1366 quanto
2841 1299 3029 1369 magis,
3059 1299 3250 1356 si-htec
3278 1315 3384 1356 non
3415 1299 3638 1356 fuissent
3664 1316 3804 1372 pra:-

2213 1385 2398 1442 dicta?
2445 1386 2515 1442 Et
2570 1389 2762 1454 omnia,
2817 1390 3009 1459 inquit,
3039 1391 3092 1444 in
3133 1407 3192 1445 eo
3233 1401 3486 1447 constant.
3521 1391 3806 1460 Quomodo

2213 1489 2463 1534 constant
2493 1481 2546 1536 in
2573 1496 2640 1536 eo
2677 1483 2768 1552 qui
2798 1498 2904 1540 non
2935 1487 3053 1541 est?
3095 1487 3457 1554 Quamobrem
3483 1497 3536 1545 et
3561 1504 3678 1559 qua:
3707 1505 3810 1560 per!

2215 1571 2438 1640 angelos
2461 1571 2613 1638 (iunt,
2639 1574 2756 1643 ejus
2775 1584 2922 1632 sunt.
2953 1576 3018 1630 Et
3045 1578 3154 1650 ipse
3177 1589 3250 1634 est
3273 1589 3429 1650 caput
3452 1581 3679 1650 corporis
3706 1581 3806 1636 Ec-

2213 1663 2401 1716 clesia'.
2442 1663 2731 1734 Postquam
2757 1667 2966 1724 dixerat
2991 1670 3060 1726 de
3083 1671 3361 1742 dignitate,
3389 1671 3644 1744 deinceps
3671 1675 3810 1731 dicit-

2216 1753 2285 1808 de
2315 1753 2642 1826 benignitate
2665 1775 2678 1811 :
2704 1757 2827 1829 Ipse
2853 1761 3163 1832 cst,.inquit,
3194 1773 3348 1834 caput
3367 1767 3598 1835 corporis
3623 1763 3804 1822 Eccle-

2215 1845 2494 1947 sium-“Non
2524 1847 2666 1947 dixit
2690 1861 2891 1947 autem,
2953 1851 3342 1923 Pleuitudinis,
3394 1857 3536 1912 idem
3586 1857 3814 1928 quidem

2213 1935 2552 2038 significans,
2571 1939 2664 1994 sed
2689 1941 2876 1997 volens
2901 1943 3185 2001 ostendere
3209 1961 3332 2000 eum
3363 1947 3516 2002 nobis
3539 1963 3660 2004 esse
3683 1963 3816 2004 con--

2211 2027 2535 2096 junctiorem
2561 2071 2578 2097 ,
2623 2031 2764 2101 quod
2811 2033 2903 2104 qui
2941 2043 2994 2089 et
3023 2035 3102 2091 sic
3141 2047 3224 2092 cst
3265 2051 3427 2108 supra
3473 2047 3534 2094 et
3555 2043 3814 2109 superior»

2219 2120 2492 2187 omnibus,
2525 2122 2589 2177 iis
2613 2137 2672 2178 se
2693 2123 2971 2195 conjunxit
2995 2128 3084 2196 qui
3124 2137 3247 2183 sunt
3277 2129 3410 2184 infra
3440 2133 3640 2186 omnia.
3669 2131 3806 2188 Ubi--

2219 2227 2324 2314 quc
2371 2215 2514 2270 enim
2561 2216 2766 2314 primus
2819 2227 2905 2274 est
2937 2235 2950 2272 :
2983 2235 3143 2290 supra
3190 2221 3432 2290 primus,
3469 2224 3523 2278 in
3563 2223 3814 2279 Ecclesia

2221 2307 2460 2372 primus;
2492 2314 2576 2360 est
2615 2307 2758 2362 enim
2796 2319 2989 2379 caput;
3043 2311 3095 2366 iu
3138 2315 3534 2371 resurrectione
3576 2316 3818 2386 primus-

2217 2393 2333 2450 Hoc
2351 2395 2492 2450 enim
2523 2395 2624 2454 sibi
2657 2397 2772 2454 vult
2797 2400 2950 2469 illud,
2975 2400 3046 2457 Ut
3075 2405 3141 2457 sit
3169 2405 3279 2474 ipse
3305 2406 3520 2476 primus.

2291 2489 2343 2543 5.
2375 2489 2733 2556 Quamobrem
2765 2493 2816 2546 in
2855 2495 3200 2563 generatione
3227 2511 3440 2568 quoque
3470 2507 3552 2554 est
3581 2501 3808 2569 primus.

2223 2579 2292 2634 Et
2321 2580 2422 2636 hoc
2459 2590 2542 2638 est
2571 2583 2714 2654 quod
2769 2585 2963 2640 Paulus
3011 2586 3242 2643 maxime
3269 2589 3450 2644 studet
3498 2591 3806 2650 ostendere.

2221 2673 2354 2728 Nam
2398 2676 2440 2728 si
2473 2676 2575 2730 hoc
2603 2677 2760 2732 fuerit
2783 2677 3085 2748 probatum,
3115 2681 3268 2750 quod
3297 2691 3440 2738 esset
3469 2691 3594 2740 ante
3621 2699 3826 2742 omnes.

2222 2768 2474 2838 angelos;
2503 2769 2631 2824 illud
2665 2787 2884 2842 quoque
2903 2771 3058 2828 simul
3081 2772 3328 2841 infertur,
3361 2789 3481 2844 qua:
3505 2787 3660 2832 erant
3694 2778 3812 2833 illo-

2225 2875 2344 2915 rum
2381 2877 2548 2930 opera
2577 2864 2750 2934 ipsum
2793 2864 2984 2922 fecisse
3013 2868 3388 2937 imperantem.
3423 2870 3485 2924 Et
3536 2871 3678 2941 quod
3728 2882 3824 2928 est!

2224 2951 2558 3018 admirabile,
2591 2955 2641 3008 in
2667 2957 2947 3024 posteriori
2971 2959 3320 3028 generatione
3339 2961 3616 3016 contendit
3637 2962 3822 3032 ipsum-

2227 3045 2456 3114 primnm
2507 3047 2816 3105 ostendere.
2857 3052 3188 3122 Quamquam
3236 3053 3360 3107 alibi
3401 3055 3628 3123 primum
3684 3055 3824 3112 dicit:

2227 3134 2420 3238 Adam,
2452 3137 2590 3194 sicut
2627 3147 2708 3194 est
2733 3155 2792 3195 re
2819 3157 2981 3208 vera;
3007 3143 3100 3199 sed
3127 3143 3336 3214 accepit
3377 3144 3671 3201 Ecclesium
3717 3163 3816 3218 pro

2228 3231 2480 3285 universo
2529 3247 2732 3299 genere
2763 3231 3059 3289 hominum.
3108 3235 3201 3291 Est
3247 3237 3388 3291 enim
3421 3237 3675 3294 Ecclesim
3702 3242 3816 3312 pri-

2227 3337 2382 3389 mus;
2415 3333 2470 3378 et
2519 3324 2794 3380 hominum
2825 3327 3036 3397 quidem
3063 3334 3337 3400 tamquam
3383 3331 3673 3386 crcationis
3703 3333 3818 3402 pri-

2229 3431 2348 3520 mus
2371 3428 2456 3472 est
2485 3419 2776 3474 secundum
2808 3437 3023 3476 carnem
3055 3437 3070 3476 :
3101 3431 3153 3477 et
3203 3433 3486 3492 prepterca
3535 3423 3622 3478 hic
3671 3427 3826 3494 ponit~

2231 3511 2666 3581 primogenitum.
2716 3511 2853 3578 Quid
2902 3521 2986 3568 est
3013 3511 3098 3567 hic
3127 3514 3549 3584 primogenitus?
3575 3513 3678 3582 Qui
3705 3517 3817 3584 pri-

2230 3619 2348 3658 mus
2370 3611 2454 3659 est
2477 3615 2708 3670 creatus,
2733 3613 2825 3659 aut
2849 3605 2939 3676 qui
2970 3606 3258 3660 resurrexit
3282 3616 3404 3662 ante
3430 3621 3649 3674 omnes;
3683 3608 3834 3664 sicne

2231 3707 2287 3753 et
2330 3698 2472 3764 illic,
2523 3699 2623 3767 Qui
2664 3707 2748 3754 est
2789 3709 2915 3756 ante
2949 3715 3159 3755 omnes.
3189 3700 3257 3756 Et
3283 3700 3370 3756 hic
3397 3701 3614 3772 quidem
3645 3703 3821 3772 posuit

2233 3791 2516 3862 primitias,
2550 3791 2734 3848 dicens
2761 3794 2778 3823 ί
2811 3811 2824 3846 :
2859 3793 2959 3859 Qui
2987 3800 3060 3846 est
3099 3791 3428 3862 principium,
3461 3793 3836 3864 primogenita:-

2234 3901 2296 3939 ατ
2321 3885 2554 3949 mortuis,
2587 3897 2640 3938 ut
2680 3885 2746 3940 sit
2775 3886 2828 3939 in
2875 3884 3106 3938 omnibus
3135 3884 3244 3954 ipse
3287 3885 3564 3956 primatum
3611 3894 3782 3939 tenens
3800 3901 3832 3949 ;.

2235 3979 2527 4035 ostendens
2554 3979 2694 4050 quod
2723 3979 2812 4033 alii
2841 3993 3052 4049 quoque
3079 3985 3204 4033 sunt
3250 3977 3514 4046 ejusmodi
3545 3996 3557 4031 :
3591 3978 3699 4038 illic
3729 3992 3826 4032 au-

2239 4083 2342 4128 tem
2369 4088 2474 4128 non
2503 4081 2586 4127 est
2612 4073 2860 4142 primititc
2889 4079 3169 4126 creaturae.
3201 4069 3271 4126 Et
3321 4069 3432 4124 illic
3470 4069 3682 4140 quidem
3707 4078 3834 4137 est,

2237 4165 2420 4239 Imago
2452 4166 2545 4220 Dei
2571 4166 2855 4231 invisibilis,
2882 4175 2936 4221 et
2962 4174 3108 4232 tunc,
3137 4163 3537 4235 Primogenitus.
3571 4165 3658 4220 1-9.
3693 4165 3826 4230 Quia

2237 4261 2290 4314 in
2311 4262 2422 4332 ipso
2445 4259 2750 4329 complacuit
2781 4273 2979 4312 omnem
3027 4257 3394 4330 plenitudine»:
3435 4256 3684 4325 habitare,
3729 4257 3820 4312 20.

2238 4362 2284 4408 et
2313 4368 2402 4422 per
2427 4367 2539 4406 eum
2577 4351 2906 4405 reconciliare
2943 4350 3112 4402 omnia
3153 4349 3208 4404 in
3259 4349 3404 4420 ipso;
3431 4349 3711 4420 paciﬁcans
3739 4364 3832 4419 per

2239 4447 2538 4516 sanguinem
2569 4445 2730 4498 crucis
2763 4443 2896 4514 ejus,
2923 4443 3024 4496 sive
3043 4457 3156 4512 qua
3189 4443 3242 4496 in
3277 4442 3443 4506 terris,
3485 4442 3588 4496 sive
3633 4457 3747 4512 quia
3775 4443 3828 4496 in

2241 4540 2378 4594 aclis
2404 4548 2540 4592 sunt.
2569 4537 2952 4606 Quacumque,
2979 4533 3168 4604 inquit,
3197 4541 3325 4588 sunt
3349 4531 3553 4602 Patris,
3583 4547 3648 4588 ea
3692 4547 3830 4602 quo-

2242 4648 2349 4704 que
2376 4639 2501 4686 sunt
2552 4629 2696 4695 Filii,
2747 4627 2905 4699 idque
2941 4625 3134 4698 majori
3163 4623 3362 4694 studio,
3393 4625 3536 4694 quod
3575 4633 3628 4680 et
3673 4624 3834 4680 fuerit

2243 4733 2524 4792 mortuus,
2581 4731 2637 4777 et
2683 4720 2838 4778 nobis
2868 4720 3103 4789 seipsum
3151 4717 3510 4788 conjunxerit.
3561 4715 3836 4770 Primitias

2245 4828 2424 4874 autem
2454 4815 2592 4871 dixit
2617 4821 2885 4886 tamquam
2915 4811 2982 4867 de
3029 4811 3201 4865 fructu
3247 4809 3447 4878 aliquo.
3501 4805 3617 4862 Non
3657 4805 3832 4872 dixit,

2247 4908 2626 4974 Resurrcctio,
2683 4905 2815 4973 sed,
2871 4904 3162 4968 Primitiae;
3220 4899 3511 4956 ostendens
3559 4897 3702 4968 quod
3733 4910 3844 4952 nos

2245 5019 2437 5060 omnes
2457 4999 2821 5066 sanctificarit,
2843 5006 2898 5056 et
2925 5005 3196 5066 tamquam
3215 4991 3533 5048 sacrificium
3559 4988 3837 5045 obtulerit.

2251 5097 2643 5158 Plenitudinem
2671 5095 2739 5151 de
2759 5092 3036 5149 divinitate
3063 5089 3217 5152 dixit,
3245 5087 3385 5142 sicut
3413 5085 3626 5142 dicebat
3669 5083 3838 5140 Joan-

2249 5209 2347 5251 nes
2370 5211 2384 5248 :
2411 5192 2492 5248 De
2535 5188 2848 5266 plenitudine
2875 5187 2986 5254 ejus
3006 5199 3097 5238 nos
3121 5194 3292 5236 omnes
3321 5177 3606 5247 accepimus
3645 5173 3839 5245 (JOan.

2253 5291 2308 5344 1.
2341 5286 2472 5360 16).
2500 5283 2614 5341 Hoc
2649 5292 2751 5350 est,
2779 5281 2902 5337 Sive
2929 5278 3097 5336 Filius
3121 5284 3257 5342 erat,
3281 5273 3396 5329 sive
3424 5270 3681 5338 Verbum,
3729 5267 3842 5324 illic

2253 5427 2290 5448 ’⁸
2321 5449 2336 5480 ι
2361 5445 2455 5496 Ille
2477 5444 2616 5492 locus
2646 5442 2714 5490 sic
2737 5437 2950 5488 habetur
2973 5432 3173 5504 ᾗπερ)ὼῖ
3198 5427 3844 5504 999,nunc7f§;.._§ecun:

2253 5485 2382 5562 dimi
2389 5485 2917 5563 Eii-Eii'fi‘rébwrea
2933 5502 2982 5548 et
2997 5494 3107 5563 illic
3127 5499 3172 5542 et
3195 5485 3451 5563 meum
3495 5485 3846 5563 primoqenitrg

2255 5547 2704 5624 iiiiiciii'éiil'biiii
2727 5547 2797 5612 est
2813 5547 2974 5610 autem
2997 5547 3834 5624 Primogcnjtus.omnis_creaturazf?

2257 5609 2446 5683 i323”:
2463 5609 2570 5690 iiii,
2587 5609 2790 5676 Primus
2810 5609 3030 5690 creator;
3057 5609 3466 5690 quemadmodum
3488 5652 3500 5672 ,
3527 5609 3849 5690 Primos-eni-

2360 5669 3000 5748 έῖὧᾶίιῇἐξέδῖρῖοξοιιί
3015 5669 3130 5730 ante
3153 5669 3656 5748 omnes-resurrexit;
3681 5669 3727 5722 ei
3749 5669 3850 5748 sic:

2353 5731 2670 5820 difﬁcilia?
2693 5731 2892 5820 {jurist
2915 5731 3030 5796 ante
3054 5754 3226 5795 omnes
3245 5773 3260 5802 ,
3305 5739 3376 5792 sic
3410 5737 3556 5791 etiam
3587 5733 3667 5787 hic
3689 5731 3847 5795 posuit

2259 5815 2496 5884 primitias
2521 5814 2704 5876 dicens,
2731 5819 2824 5861 etc.
