4184 6516
413 395 521 454 5:9

403 513 757 585 πρωτότοκον
788 511 1069 581 λέγεσθαι,
1117 511 1365 565 ὲκτίσθαι
1394 512 1557 566 αύτδν
1586 512 1714 581 φὴς,
1746 509 1800 563 τί
1830 508 2014 578 εἴπῃς.

405 595 559 673 [544]
586 599 718 651 ὅταν
747 597 978 667 ἀδελφὸν
1024 597 1188 652 αὑτὸν
1216 596 1488 669 ἀκούσητε
1527 597 1861 667 λεγόμενον;
1908 593 2017 645 Καὶ

404 683 516 755 γὰρ
543 681 778 750 ἀδελφὸν
810 681 981 735 αὑτὸν
1020 681 1178 734 καλεῖ
1200 683 1234 753 ἡ
1262 682 1454 751 Γραφὴ
1495 680 1637 734 κατὰ
1671 678 1850 731 πάντα
1885 678 2017 746 ἡμῖν

401 765 766 837 ὁμοιωθέντα.
802 762 952 837 ’Δρα
997 761 1090 818 οῦν
1143 764 1231 818 διὰ
1267 764 1428 817 τοῦτο
1477 762 1661 816 καὶτὸ
1687 755 1827 814 εἶναι
1853 758 2017 813 αὐτὸν

399 849 739 920 δημιουργὸν
786 850 1195 920 ἀφαιρήσομεν,
1246 848 1343 901 καὶ
1389 845 1513 900 οὔτε
1554 844 1855 915 ἀξιώματι,
1891 842 2015 896 οῖιτε

401 934 549 1005 ἄλλῳ
563 934 673 987 τινί
698 932 952 1005 προέχειν
975 933 1130 1003 ἡμῶν
1157 930 1464 1001 ἀξιώσομεν
1489 946 1503 995 ;
1535 930 1630 983 καὶ
1647 930 1729 992 τίς
1762 927 1834 981 ἂν
1855 926 2017 980 τοῦτο

400 1017 513 1070 τῶν
544 1016 669 1071 νοῦν
700 1018 937 1087 ἐχόντων
964 1016 1145 1081 alnos;
1191 1016 1264 1068 T6
1306 1014 1417 1085 γάρ
1444 1013 1849 1082 Πρωτότοκος,
1893 1012 2015 1081 οὐχ).

400 1102 561 1166 ἀξίας
598 1100 696 1154 καὶ
734 1100 922 1171 τιμῆς,
971 1098 1110 1153 ἀλλὰ
1144 1099 1339 1171 χρόνου
1398 1098 1558 1168 μόνον
1599 1097 1717 1149 ἐστὶ⁵
1747 1112 2015 1168 σημαντι-

402 1185 518 1239 κόν.
563 1184 663 1239 “Av
710 1184 892 1238 τοίνυν
927 1183 1090 1237 πλέον
1131 1183 1294 1255 ήμῶν
1331 1182 1487 1237 ούδέν
1521 1181 1643 1255 ἔχη.
1686 1180 1827 1251 τάχα
1868 1178 2015 1235 κατά

402 1268 594 1324 τοῦτον
667 1267 758 1321 τὸν
823 1267 986 1336 λόγον
1052 1267 1276 1321 πάντων
1317 1267 1437 1320 ἐστὶ
1494 1264 1841 1336 πρωτότοκος
1862 1306 1878 1329 ,
1921 1263 2015 1317 καὶ

401 1350 690 1426 ὁμοούσιος
724 1351 879 1405 ἔσται
921 1351 951 1403 6
991 1350 1128 1415 Θεὸς
1170 1350 1344 1419 Λόγος
1385 1349 1484 1403 καὶ
1526 1348 1692 1402 λίθων
1718 1349 1815 1402 καὶ
1842 1347 2014 1413 ξύλων

402 1438 498 1491 καὶ
522 1436 637 1490 τῶν
667 1434 875 1490 λοιπῶν
898 1450 911 1464 °
955 1435 1339 1504 Ηρωτότοκος
1386 1433 1496 1503 γὰρ
1518 1475 1534 1501 ,
1586 1432 1721 1502 φησὶ
1742 1474 1757 1496 ,
1807 1429 2014 1498 πάσης

401 1521 679 1589 κτίσεως.
711 1519 875 1573 Ἀλλά
922 1518 1269 1591 πρωτότοκος
1300 1517 1539 1589 εἴρηται,
1585 1516 1749 1588 φησίν
1768 1530 1782 1543 ·
1815 1515 2013 1569 οὐκοῦν

402 1604 676 1660 ἔκτισται.
715 1602 936 1666 Καλῶς,
977 1603 1073 1657 ἐὰν
1100 1600 1263 1656 τοῦτο
1304 1596 1363 1675 ᾖ,
1403 1600 1497 1654 καὶ
1546 1600 1623 1671 μὴ
1661 1598 1868 1668 ἀδελφά
1892 1615 2015 1652 τινα

400 1688 504 1760 ἔχῃ
526 1689 621 1742 καὶ
638 1686 795 1754 ἄλλα,
832 1680 945 1740 οἷον
969 1686 1053 1751 τὸ,
1090 1685 1477 1754 Πρωτότοκος
1494 1684 1561 1737 ὲκ
1581 1681 1832 1751 νεκρῶν,
1855 1695 2011 1750 πρω-

403 1775 651 1837 τότοκος
685 1773 757 1827 ἐν
786 1770 1045 1837 πολλοῖς
1074 1770 1383 1840 ἀδελφοῖς.
1432 1768 1527 1833 Τὸ,
1570 1767 1919 1840 πρωτότοκος
1949 1767 2014 1820 ἐκ

403 1853 514 1911 τῶν
545 1854 779 1928 νεκρῶν,
808 1853 954 1918 τίνος
995 1853 1115 1907 ἐστὶ
1135 1853 1458 1924 δηλωτικὸν,
1496 1851 1618 1904 εἰπέ
1653 1868 1776 1921 μοι;
1810 1851 1884 1904 Οὐ
1904 1850 2011 1922 γάρ

403 1940 523 2007 τοῦ,
557 1940 640 1993 ὃτι
669 1937 887 2011 πρῶτος
925 1937 1148 2007 ἀνέστη,
1176 1934 1322 2008 ἐρεῖς
1344 1953 1358 1967 ·
1383 1935 1444 1989 ού
1480 1935 1591 2006 γὰρ
1636 1931 1791 1987 εἶπεν
1824 1932 2012 1998 ἁπλῶς

405 2021 641 2094 νεκρῶν,
678 2020 813 2075 ἀλλὰ
864 2021 1212 2093 πρωτότοκος
1243 2020 1309 2074 ἐκ
1338 2018 1448 2074 τῶν
1485 2017 1699 2090 νεκρῶν
1725 2034 1736 2048 ·
1771 2018 1893 2071 οὐδέ
1929 2015 2012 2071 ὅτι

406 2105 649 2160 ἀπέθανε
668 2103 909 2176 πρῶτος,
953 2103 1070 2157 ἀλλ’
1101 2103 1184 2156 ὅτι
1211 2101 1560 2175 πρωτότοκος
1587 2104 1651 2154 ἐκ
1674 2099 1781 2154 τῶν
1801 2100 2013 2172 νεκρῶν

403 2189 629 2260 ἀνέστη.
670 2189 837 2243 Ὥστε
877 2188 1031 2242 οὐδὲν
1081 2187 1270 2259 ἕτερον
1319 2186 1489 2257 δηλοῖ,
1523 2186 1557 2259 ἦ
1593 2185 1774 2249 τοῦτο,
1806 2185 1888 2239 ὅτι
1912 2184 2014 2255 τῆς

401 2274 755 2337 ἀναστάσεως
784 2272 1012 2345 ἀπαρχὴ
1054 2273 1298 2341 γέγονεν.
1347 2271 1558 2324 Οὐκοῦν
1594 2270 1717 2324 οὐδὲ
1750 2270 2009 2325 ἐνταῦθα.

400 2353 536 2411 Είτα
550 2355 737 2411 λοιπὸν
771 2354 1024 2427 ἐμϐαίνει
1047 2357 1127 2419 είς
1143 2355 1204 2408 τὸ
1234 2354 1413 2425 δόγμα
1465 2352 1619 2408 αὑτό.
1652 2354 1775 2407 Ἵνα
1799 2353 1910 2425 γὰρ
1937 2353 2011 2425 μὴ

400 2441 670 2508 νομίσωσι
717 2438 989 2512 νεώτερον
1017 2439 1181 2493 αὑτὸν
1207 2435 1369 2505 εἶναι,
1410 2438 1499 2493 διὰ
1529 2438 1592 2492 τὺ
1617 2439 1786 2493 πάλαι
1821 2440 1921 2510 μὲν
1945 2438 2011 2492 δι’

400 2525 653 2593 ἀγγέλων
698 2523 1099 2595 προσάγεσθαι,
1154 2522 1249 2578 νῦν
1294 2524 1353 2577 δέ
1404 2523 1471 2576 δι’
1524 2522 1714 2588 αὐτοῦ,
1770 2523 2012 2577 δείκνυσι

402 2608 656 2680 πρῶτον,
707 2608 791 2661 ὅτι
830 2606 982 2662 οὐδὲν
1023 2608 1255 2678 ἴσχυσαν
1298 2608 1532 2660 ἐκεῖνοι·
1576 2606 1637 2659 ού
1673 2606 1784 2677 γάρ
1814 2606 1881 2660 ἂν
1904 2605 2013 2659 ἀπὸ

404 2692 631 2757 σκότους
668 2686 826 2755 οὗτος
866 2691 1045 2762 ἤγαγε
1070 2707 1084 2722 ο
1113 2689 1386 2761 δεύτερον,
1420 2692 1503 2743 ὅτι
1550 2690 1644 2743 καὶ
1679 2689 1788 2760 πρὸ
1829 2688 2011 2743 αὐτῶν

401 2779 541 2831 ἐστι.
576 2777 689 2831 Καὶ
719 2779 947 2847 σημεῖον
981 2778 1215 2829 ποιεῖται
1255 2774 1351 2827 τοῦ
1407 2774 1512 2847 πρὸ
1534 2774 1716 2828 αὐτῶν
1755 2770 1919 2839 εἶναι,
1950 2774 2012 2828 τὸ

400 2862 469 2916 δι’
512 2861 682 2916 αὑτοῦ
709 2861 912 2925 αὐτοὺς
969 2858 1254 2913 ἐκτίσθαι·
1308 2860 1429 2912 Ὅτι
1471 2859 1543 2912 ἐν
1580 2858 1780 2927 αὐτῷ,
1820 2860 2006 2930 φησὶν,

400 2946 654 3014 ἐκτίσθη
680 2944 755 2999 τὰ
779 2944 1002 2999 πάντα.

474 3030 540 3084 Τί
558 3030 811 3099 λέγουσιν
832 3027 1068 3082 ἐνταῦθα
1098 3028 1148 3080 οί
1177 3026 1244 3081 τά
1270 3026 1482 3081 Παύλου
1502 3025 1599 3079 τοῦ
1644 3024 2011 3097 Σαμοσατέως

403 3114 767 3186 φρονοῦντεςς
814 3113 939 3167 Ὅτι
970 3111 1039 3166 τά
1059 3113 1240 3166 πάντα
1288 3113 1345 3164 ἐν
1390 3110 1541 3182 αὐτῷ
1582 3112 1829 3179 γέγονεν.
1876 3110 2007 3167 Ἰδοὺ

401 3197 517 3269 γὰρ
543 3197 794 3270 εἴρηται.
849 3195 980 3253 Ὅτι
1024 3195 1097 3249 ἐν
1138 3193 1301 3260 αὐτῷ
1360 3195 1609 3263 ἐκτίσθη
1670 3195 1743 3249 τὰ
1787 3193 2007 3249 πάντα.

414 3281 579 3335 Ἀλλά
602 3282 672 3335 τὰ
695 3282 753 3335 ὲν
773 3282 886 3344 τοῖς
915 3281 1188 3349 οὐρανοῖς,
1221 3279 1317 3333 καῖ⁵
1345 3278 1416 3332 τὰ
1442 3279 1537 3331 ἐπὶ
1563 3281 1664 3350 τῆς
1693 3278 1799 3349 γῆς
1828 3274 2005 3334 εἶπεν.

403 3365 586 3437 Ὅπερ
608 3362 1135 3437 ἀμφισϐητούμενον
1170 3359 1259 3434 ἦν,
1308 3362 1529 3432 πρῶτον
1578 3362 1844 3417 τέθεικεν.
1870 3357 2009 3417 Εἶτα

404 3450 624 3519 ἐπάγει,
657 3448 735 3504 Τὰ
758 3448 945 3519 ὀρατά
960 3448 1060 3502 καὶ
1079 3450 1152 3502 τὰ
1184 3449 1435 3516 ἀόρατα,
1469 3447 1681 3518 ἀόρατα
1703 3447 1802 3519 τὴν
1826 3446 2007 3519 ψυχὴν

402 3532 601 3602 λέγων,
643 3533 816 3606 ὀρατά
857 3532 1068 3595 πάντας
1106 3530 1451 3602 ἀνθρώπους.
1500 3530 1612 3584 Καὶ
1648 3530 1709 3583 τὸ
1750 3532 1850 3603 μὲν
1874 3534 2008 3600 ὁμο-

402 3616 731 3689 λογούμενον
764 3616 988 3687 ἀφίησι,
1034 3616 1097 3668 τὸ
1143 3615 1201 3668 δέ
1236 3614 1720 3686 ἀμφιδαλλόμενον
1767 3614 2001 3687 τίθησιν.

402 3696 542 3757 Εἶτά
590 3717 790 3773 φησιν,
831 3701 972 3754 Εἴτε
1017 3701 1247 3769 θρόνοι,
1306 3698 1427 3753 εἴτε
1453 3698 1820 3766 κυριότητες,
1882 3699 2005 3754 εἴτε

401 3786 605 3857 ἀρχαί,
638 3788 761 3841 εἴτε
787 3784 1088 3850 ἐξουσίαι.
1140 3784 1248 3849 Τὸ,
1284 3782 1445 3849 Εἴτε,
1481 3782 1578 3836 τοῦ
1616 3784 1819 3848 παντὸς
1849 3802 2005 3857 περι-

399 3870 665 3940 ληπτικόν
698 3871 835 3924 ἐστι.
879 3868 953 3922 Τὸ
980 3868 1036 3922 δὲ
1072 3868 1300 3938 Πνεῦμα
1333 3867 1394 3921 ού
1441 3866 1581 3938 μετὰ
1600 3866 1711 3921 τῶν
1741 3866 2002 3934 ἐξουσιῶν

398 3954 789 4027 ἀριθμοῦντος,
835 3953 974 4008 ἀλλά
997 3953 1105 4006 ἀπὸ
1134 3950 1243 4005 τῶν
1276 3951 1539 4022 μειζόνων
1566 3951 1662 4006 καί
1697 3951 1766 4006 τὰ
1794 3952 2002 4009 ἐλάττω

396 4040 708 4105 δεικνύντος
749 4039 890 4093 ἐστί.
953 4034 1035 4092 Τὰ
1070 4035 1290 4099 πάντα,
1331 4036 1487 4107 φησι,
1542 4035 1618 4089 δι’
1653 4036 1865 4101 αὐτοῦ,
1900 4038 1999 4092 καί

395 4128 486 4193 εις
505 4124 694 4180 αὑτὸν
729 4122 1025 4178 ἔκτισται.
1106 4121 1239 4174 Ἰδοὺ
1270 4118 1353 4186 τὸ,
1396 4120 1495 4172 Ἐν
1519 4116 1701 4183 αὐτῷ,
1730 4118 1798 4171 δι’
1834 4120 1999 4174 αὑτοῦ

368 4209 567 4265 ¹ἐστιν.
621 4205 810 4261 Εἰπὼν
840 4206 971 4278 γάρ,
1003 4206 1101 4258 Ἐν
1128 4204 1312 4269 αὐτῷ,
1360 4203 1629 4273 ἐπήγαγε,
1672 4202 1756 4255 Δι’
1786 4203 1995 4259 αὐτοῦ.

395 4293 473 4347 Τὸ
522 4291 599 4357 δὲ,
645 4290 754 4358 Εἰς
799 4290 1010 4355 αὐτὸν,
1050 4286 1104 4341 τί
1133 4288 1284 4352 ὲστι;
1353 4285 1662 4351 Τουτέστιν,
1715 4287 1797 4349 είς
1836 4286 1999 4341 αὐτὸν

396 4376 676 4449 κρέμαται
704 4374 979 4446 ήπάντων
1006 4372 1327 4434 ὑπόστασις.
1357 4369 1431 4423 Ού
1467 4368 1628 4440 μόνον
1661 4368 1824 4432 αὐτὸς
1860 4370 1999 4425 αὐτὰ

394 4463 463 4516 ἐκ
486 4461 583 4515 τοῦ
616 4460 691 4532 μὴ
732 4459 889 4523 ὄντος
926 4459 1006 4521 εἰς
1042 4457 1105 4510 τὸ
1153 4451 1296 4510 εἶναι
1340 4455 1689 4525 παρήγαγεν,
1727 4453 1864 4507 ἀλλά
1904 4456 1999 4510 καὶ

393 4544 559 4608 αὐτὸς
592 4545 732 4597 αὐτὰ
766 4543 1068 4612 συγκρατεῖ
1095 4539 1211 4595 νῦν·
1247 4540 1389 4594 ὥστε
1437 4538 1503 4593 ἂν
1536 4538 1868 4611 ἀποσπασθῇ
1898 4540 1999 4609 τῆς

393 4630 565 4684 αὑτοῦ
592 4627 872 4700 προνοίας,
904 4626 1155 4680 ἀπόλωλε
1195 4625 1291 4679 καὶ
1318 4623 1666 4695 διέφθαρται.
1712 4623 1854 4677 Ἀλλ’
1896 4625 1999 4679 οὐκ

392 4710 539 4779 εἷπε,
565 4713 872 4784 διακρατεῖ,
909 4712 1048 4782 ὅπερ
1070 4706 1139 4782 ἦν
1172 4709 1500 4780 παχύτερον,
1539 4708 1677 4763 ἀλλά
1713 4708 1773 4762 τὸ
1802 4708 1994 4763 λεπτός

390 4814 573 4865 τερον,
602 4798 685 4851 ὅτι
725 4798 805 4859 εἰς
848 4794 1014 4848 αὐτὸν
1064 4794 1362 4865 κρέμαται.
1424 4792 1604 4846 Μόνον
1632 4792 1740 4864 γὰρ
1766 4792 1828 4847 τὸ
1860 4794 1995 4865 πρὸς

389 4881 555 4936 αὑτὸν
576 4881 772 4946 νεύειν,
802 4879 984 4934 ἱκανὸν
1002 4878 1365 4949 διακρατῆσαι
1388 4877 1483 4929 καὶ
1504 4876 1814 4947 συσφίγξαι.
1839 4877 1995 4932 Οὕτω

390 4965 489 5018 καὶ
513 4964 595 5029 τὸ,
628 4966 1035 5032 Πρωτότοκος,
1070 4963 1148 5024 ὡς
1177 4961 1427 5032 θεμέλιος
1455 4960 1690 5030 λέγεται.
1738 4961 1910 5015 Τοῦτο
1937 4962 1995 5016 δὲ

387 5047 454 5101 οὑ
487 5046 637 5120 [545]
675 5046 737 5100 τὸ
777 5045 1065 5116 ὁμοούσιον
1113 5043 1227 5097 τῶν
1269 5042 1610 5113 κτισμάτων,
1660 5043 1798 5097 ἀλλὰ
1826 5046 1887 5099 τὸ
1925 5046 1993 5099 δι’

389 5131 558 5185 αὐτοῦ
612 5130 792 5184 πάντα
841 5126 1005 5195 εἶναι,
1054 5128 1150 5183 καὶ
1194 5130 1252 5181 ἐν
1290 5126 1441 5197 αὐτῷ
1481 5127 1655 5198 δηλοῖ.
1690 5126 1853 5183 Οὕτω
1896 5130 1993 5184 καὶ

390 5216 626 5287 ἀλλαχοῦ
656 5218 786 5272 ὅταν
819 5215 978 5289 λέγῃ.
1010 5214 1299 5284 Θεμέλιον
1327 5211 1581 5277 τέθεικα,
1622 5214 1683 5266 ού
1730 5212 1863 5285 περὶ
1892 5214 1994 5285 τῆς

386 5300 578 5366 οὐσίας
608 5301 794 5372 φησιν,
831 5300 968 5353 ἀλλά
1000 5299 1101 5370 τῆς
1124 5297 1428 5370 ἐνεργείας.
1457 5298 1576 5350 Ἵνα
1605 5298 1713 5369 γὰρ
1744 5298 1818 5370 μὴ
1845 5299 1992 5370 νομί-

390 5401 491 5455 σῃς
524 5385 807 5457 ὑπηρέτην
840 5380 980 5438 εἶναι
1013 5383 1197 5448 αὑτὸν,
1254 5382 1439 5454 φησὶν,
1478 5381 1642 5436 αὑτὸν
1680 5382 1821 5435 αύτά
1869 5382 1987 5436 δια-

386 5586 707 5649 Σαμοσατέως
728 5584 1032 5649 φρονοῦντες;
1074 5586 1134 5634 τὰ
1157 5588 1204 5636 ὲν
1228 5586 1325 5640 τοῖς
1345 5585 1577 5648 οὐρανοῖς,
1602 5585 1984 5649 ὅπερῗάμφισϐη-

383 5647 613 5710 τούμενον
632 5647 711 5707 ἦν,
735 5647 924 5710 πρῶτον
942 5650 1137 5707 τέθεικε,
1172 5650 1251 5695 καὶ
1274 5650 1334 5695 τὰ
1356 5647 1431 5695 ἐπὶ
1450 5654 1536 5710 τῆς
1558 5654 1659 5709 γῆς.
1682 5647 1826 5705 Εἶτα,
1844 5650 1979 5709 φησὶ,

383 5708 551 5759 καὶτὰ
588 5710 739 5766 ὁρατὰ
766 5708 847 5756 καὶ
889 5710 1087 5772 ἀόρατον
1137 5710 1237 5772 οἷον
1269 5711 1395 5772 ψυχή
1444 5708 1495 5757 ἐν
1531 5708 1729 5772 ούρανῷ
1772 5708 1978 5770 γέγονεν·

386 5772 555 5833 ὁρατὰ,
581 5771 683 5819 οἷον
711 5774 754 5819 οἱ
796 5770 1053 5832 ἄνθρωποι,
1098 5772 1123 5819 ὁ
1156 5770 1405 5828 Ἠλίάςίὸ
1437 5770 1641 5827 Παῦλος.
1667 5773 1781 5819 Εἴτε
1804 5773 1975 5833 θρόνοι,

453 5834 547 5895 civ,
585 5834 680 5881 εἶτε
713 5833 1004 5895 κυριότητες.
1049 5836 1203 5890 Quam
1248 5834 1517 5883 lectionem
1567 5841 1769 5883 svtutus
1816 5833 1976 5885 fuerat

412 5892 662 5945 lentianus
688 5892 936 5944 ch'vclus
958 5894 1223 5955 interpres.

1363 394 1430 451 IN
1474 393 1695 451 EPIST.
1732 391 1824 449 AD
1864 386 2155 445 COLOSS.
2188 389 2338 446 CAP.
2373 389 2412 446 1.
2450 390 2689 447 HOMIL.
2734 392 2820 448 III.

3613 394 3723 451 32f!

2124 510 2371 575 κρατεῖν,
2403 510 2541 580 ὅπερ
2563 510 2661 579 ούχ
2691 503 2853 581 ἦττον
2877 507 2972 561 τοῦ
2997 508 3220 580 ποιῆσαί
3251 510 3387 563 ἐστι.
3408 509 3599 563 Καίτοι
3630 513 3686 568 ἐς

2120 593 2276 660 ἡμῶν
2310 593 2403 645 καὶ
2446 592 2631 663 μεῖζον
2652 612 2665 624 ο
2696 595 2873 647 ἐκεῖνο
2922 593 3022 664 μὲν
3063 593 3171 665 γὰρ
3202 596 3234 664 ἡ
3286 594 3449 666 τέχνη
3482 596 3717 663 εἰσάγει,

2118 675 2277 729 τοῦτο
2302 676 2359 730 δὲ
2388 678 2573 731 οὐκέτι
2597 696 2610 709 ο
2646 679 2767 732 ούδέ
2803 680 2913 750 γὰρ
2949 678 3305 751 φθειρόμενον
3337 680 3577 751 κατέχει.
3606 682 3715 734 Kal

2118 761 2303 827 αὐτός
2328 761 2458 816 ἐστι
2481 763 2596 831 πρὸ
2627 762 2888 829 πάντων,
2915 763 3067 834 φησί.
3095 762 3267 818 Τοῦτο
3290 764 3411 834 Θεῷ
3453 763 3715 836 ἁρμόζον.

2120 845 2231 899 Ποῦ
2264 845 2476 910 Παῦλος
2509 848 2537 899 6
2566 848 2953 917 Σαμοσατεύς;
3011 849 3122 903 Καὶ
3146 850 3218 904 τὰ
3246 848 3445 903 πάντα
3468 851 3539 903 ἐν
3557 850 3720 915 αὐτῷ

2121 932 2490 1000 συνέστηκε’
2519 934 2819 999 τουτέστιν,
2852 936 2930 997 είς
2957 934 3120 989 αὐτὸν
3151 934 3416 989 ἔκτισται.
3469 933 3721 1006 Συνεχῶς

2119 1015 2262 1070 αὐτὰ
2305 1017 2550 1088 στρέφει,
2595 1019 2661 1088 τῇ
2701 1017 2958 1089 συνεχείᾳ
2991 1018 3100 1071 τῶν
3158 1021 3422 1089 ῥημάτων
3463 1021 3720 1089 καθάπερ

2118 1102 2353 1164 πυκναῖς
2369 1117 2482 1153 τισι
2496 1100 2733 1172 πληγαῖς
2773 1100 3070 1174 πρόρριζον
3102 1102 3361 1157 ἀνασπῶν
3380 1104 3441 1156 τὸ
3462 1103 3637 1174 δόγμα
3660 1104 3721 1156 τὸ

2118 1181 2384 1257 ὀλέθριον.
2410 1186 2472 1239 El
2490 1186 2597 1258 γάρ
2615 1186 2710 1239 καὶ
2722 1185 2962 1240 τοσαῦτα
2997 1185 3237 1258 εἴρηται,
3256 1187 3349 1239 καὶ
3370 1188 3509 1257 μετὰ
3526 1186 3720 1240 τοσοῦ-

2118 1285 2209 1322 τον
2227 1269 2419 1341 χρόνον
2442 1269 2613 1340 ἀνέφυ
2639 1269 2854 1334 Παῦλος
2873 1273 2899 1325 6
2924 1272 3298 1342 Σαμοσατεὺς,
3327 1272 3478 1341 πόσῳ
3498 1271 3718 1340 μᾶλλον,

2117 1355 2165 1407 εί
2188 1354 2263 1426 μὴ
2284 1353 2460 1408 ταῦτα
2476 1355 2772 1427 προείρητο
2788 1372 2804 1422 ;
2825 1356 2929 1411 Kal
2949 1356 3022 1410 τὰ
3041 1354 3260 1422 πάντα,
3278 1358 3463 1428 φησὶν,
3475 1356 3546 1410 ἐν
3561 1353 3722 1421 αὐτῷ

2116 1434 2481 1501 συνέστηκε.
2512 1435 2637 1499 Πῶς
2669 1436 3001 1506 συνέστηκεν
3042 1438 3100 1491 ἐν
3131 1436 3211 1508 τῷ
3240 1438 3340 1492 οὐκ
3367 1436 3482 1491 ὄντι
3507 1455 3521 1504 ;
3556 1437 3720 1492 Ὥστε

2116 1517 2214 1570 καὶ
2238 1517 2309 1571 τά
2339 1517 2410 1571 δι’
2440 1517 2689 1587 ἀγγέλων
2716 1518 2883 1573 αὐτοῦ
2916 1522 3053 1573 ἐστι.
3093 1520 3206 1574 Kal
3244 1521 3430 1587 αὐτός
3474 1522 3651 1576 ἐστιν
3676 1522 3715 1589 ἡ

2116 1600 2352 1671 κεφαλὴ
2375 1601 2484 1656 τοῦ
2506 1602 2783 1673 σώματος
2806 1602 2919 1672 τῆς
2946 1604 3339 1673 Ἔκκλησίας.
3372 1604 3557 1658 Εἰπὼν
3587 1605 3720 1675 περὶ

2114 1685 2214 1754 τῆς
2240 1684 2420 1752 ἀξίας,
2450 1685 2600 1755 λέγει
2629 1687 2819 1740 λοιπὸν
2848 1686 2942 1740 καὶ
2977 1688 3109 1757 περὶ
3141 1688 3239 1757 τῆς
3277 1687 3714 1759 φιλανθρωπίας.

2114 1768 2308 1835 Αὐτός
2353 1768 2509 1835 ἐστι,
2558 1769 2745 1840 φησὶν,
2788 1771 2826 1839 ἡ
2872 1771 3111 1840 κεφαλὴ
3148 1771 3255 1826 τοῦ
3304 1770 3580 1842 σώματος
3603 1770 3719 1841 τῆς

2130 1852 2511 1921 Ἐκκλησίας.
2545 1855 2659 1907 Ούκ
2693 1850 2837 1917 εἷπε,
2877 1854 2973 1908 τοῦ
3014 1854 3402 1927 πληρώματος,
3437 1856 3571 1910 αὐτὸ
3616 1856 3718 1927 μὲν

2116 1933 2274 1988 τοῦτο
2318 1937 2414 1991 καὶ
2457 1936 2602 1991 οὕτω
2650 1937 2846 2006 δηλῶν,
2888 1938 3058 1993 θέλων
3097 1939 3155 1993 δὲ
3214 1940 3347 2010 ἡμῖν
3386 1939 3715 2011 οἰκειότερον

2116 2016 2287 2085 δεῖξαι
2316 2019 2501 2087 αὑτὸν,
2537 2022 2622 2075 ὅτι
2645 2023 2673 2075 ό
2693 2020 2871 2087 οὕτως
2894 2023 3006 2078 ἀνω
3039 2024 3133 2077 καὶ
3164 2023 3386 2078 πάντων
3416 2023 3712 2096 ἀνώτερος,

2116 2107 2231 2167 τοῖς
2251 2104 2403 2159 κάτω
2424 2104 2618 2158 ἐαυτὸν
2638 2105 2869 2175 συνῆψε.
2893 2107 3179 2178 Πανταχοῦ
3200 2108 3309 2180 γάρ
3326 2108 3444 2161 ἐστι
3470 2108 3712 2177 πρῶτος·

2115 2188 2230 2242 ἄνω
2261 2188 2500 2261 πρῶτος,
2530 2191 2589 2243 ἐν
2619 2193 2686 2261 τῇ
2732 2190 3033 2263 Ἐκκλησία
3080 2192 3301 2265 πρῶτος
3321 2209 3335 2222 ·
3367 2193 3578 2266 κεφαλὴ
3605 2194 3716 2262 γάρ

2115 2273 2299 2326 ἐστιν’
2337 2274 2396 2327 ἐν
2448 2275 2515 2345 τῇ
2564 2272 2862 2328 ἀναστάσει
2915 2277 3154 2346 πρῶτος.
3202 2277 3374 2331 Τοῦτο
3407 2277 3515 2349 γάρ
3543 2278 3713 2344 ἐστιν,

2117 2355 2254 2412 Ἵνα
2282 2357 2532 2427 γένηται
2563 2356 2746 2424 αὐτὸς
2771 2360 3108 2426 πρωτεύων.

2184 2446 2257 2508 γ’.
2294 2441 2456 2494 Ὥστε
2499 2441 2595 2494 καὶ
2632 2443 2690 2495 ἐν
2717 2442 2927 2510 γενέσει
2974 2443 3214 2512 πρῶτος.
3246 2444 3355 2497 Καὶ
3401 2442 3561 2499 τοῦτό
3592 2447 3710 2498 ἐστι

2125 2523 2365 2594 μάλιστα
2396 2525 2458 2578 τὸ
2481 2524 2918 2595 σπουδαζόμενον
2944 2525 3021 2596 τῷ
3043 2527 3241 2598 Παύλῳ
3262 2526 3453 2593 δεῖξαι.
3481 2531 3578 2583 ’Ἂν
3599 2530 3708 2601 γὰρ

2113 2606 2271 2661 τοῦτο
2296 2607 2738 2678 κατασκευασθῇ,
2769 2608 2851 2661 ὅτι
2880 2609 2989 2683 πρὸ
3019 2611 3237 2664 πάντων
3275 2607 3345 2682 ἦν
3386 2612 3497 2667 τῶν
3531 2614 3705 2682 ἀγγέ-

2113 2689 2242 2754 λων,
2281 2692 2505 2745 κάκεῖνο
2558 2692 2962 2761 συνεισάγεται,
3017 2693 3098 2747 ὅτι
3152 2693 3221 2748 τὰ
3272 2696 3499 2750 ἐκείνων
3549 2699 3713 2761 αὐτὸς

2114 2774 2288 2827 ἐποίει
2347 2774 2674 2829 ἐπιτάττων.
2736 2776 2845 2829 Καὶ¹
2888 2776 2949 2829 τὸ
2995 2776 3060 2847 δὴ
3117 2777 3467 2847 θαυμαστὸν,
3533 2781 3590 2832 ἐν
3642 2783 3709 2848 τῇ

2115 2858 2320 2929 ὑστέρα
2359 2858 2576 2926 γενέσει
2624 2857 3002 2929 ἐφιλονείκησε
3054 2859 3271 2931 πρῶτον
3305 2861 3466 2914 αὑτὸν
3515 2862 3708 2929 δεῖξαι.

2111 2940 2306 2995 Καίτοι
2338 2958 2402 3009 γε
2448 2942 2684 3011 ἀλλαχοῦ
2715 2942 2935 3013 πρῶτόν
2990 2961 3124 3013 φησι
3155 2944 3248 2997 τὸν
3289 2944 3480 3016 Ἀδάμ,
3520 2946 3709 3019 ῶσπερ

2111 3019 2205 3077 οὖν
2234 3024 2329 3078 καὶ
2357 3024 2506 3079 ἔστιν
2537 3042 2550 3057 ·
2587 3025 2723 3079 ἀλλὰ
2748 3027 2848 3096 τὴν
2892 3027 3224 3099 Ἐκκλησίαν
3247 3027 3440 3081 ἔλαϐεν
3463 3029 3583 3083 ἀντὶ
3611 3030 3707 3082 τοῦ

2112 3107 2317 3171 παντὸς
2359 3107 2667 3178 ἀνθρώπων
2691 3109 2902 3177 γένους.
2926 3109 3040 3180 Τῆς
3063 3110 3171 3182 γὰρ
3207 3110 3533 3183 Ἐκκλησίας
3554 3112 3708 3184 πρῶ-

2110 3191 2202 3257 τός
2230 3195 2370 3258 ἐστι,
2404 3194 2498 3249 καὶ
2523 3194 2634 3247 τῶν
2665 3195 2764 3264 μὲν
2789 3195 3115 3265 ἀνθρώπων,
3141 3208 3168 3237 α
3188 3196 3442 3270 καθάπερ
3463 3198 3561 3269 τῆς
3590 3200 3709 3252 κτί-

2114 3294 2274 3340 σεως,
2316 3278 2536 3349 πρῶτος
2585 3278 2729 3331 κατά
2772 3279 2981 3349 σάρκα’
3019 3280 3113 3332 καὶ
3146 3279 3237 3333 διὰ
3266 3279 3427 3333 τοῦτο
3469 3281 3707 3335 ἐνταῦθα

2110 3363 2203 3415 τὸν
2234 3364 2587 3434 πρωτότοκον
2631 3363 2836 3432 τίθησι.
2872 3364 2936 3415 Τί
2968 3366 3115 3420 ἐστιν
3158 3364 3396 3419 ἐνταῦθα
3427 3368 3455 3419 6
3488 3369 3705 3438 πρωτό-

2109 3462 2298 3511 τοκος;
2348 3447 2406 3497 ’0
2435 3445 2651 3517 πρῶτος
2678 3447 2944 3512 κτισθεὶς,
2981 3448 3014 3519 ἢ
3049 3448 3155 3518 πρὸ
3189 3448 3408 3502 πάντων
3439 3450 3703 3515 ἀναστάς,

2108 3527 2298 3599 ὥσπερ
2328 3529 2423 3583 καὶ
2462 3530 2596 3595 ἐκεῖ,
2620 3532 2649 3582 ό
2680 3530 2789 3601 πρὸ
2818 3531 3039 3585 πάντων
3068 3530 3164 3586 ῶν.
3202 3533 3311 3586 Καὶ
3340 3532 3576 3586 ἐνταῦθα
3602 3534 3703 3604 μὲν

2107 3615 2369 3686 ἀπαρχὴν
2397 3614 2643 3669 τέθεικεν
2676 3616 2847 3671 είπών
2871 3634 2886 3646 ο
2918 3617 3027 3683 Ὃς
3046 3618 3222 3672 ἐστιν
3250 3617 3518 3688 ἀπαρχὴ,
3543 3635 3707 3688 πρωη

2107 3702 2355 3766 τότοκος
2405 3699 2475 3752 ἐκ
2516 3699 2636 3752 τῶν
2672 3700 2923 3772 νεκρῶν,
2972 3702 3073 3756 ἵνα
3107 3700 3353 3771 γένηται
3394 3702 3466 3756 ἐν
3509 3702 3705 3758 πᾶσιν

2106 3783 2290 3850 αὐτὸς
2319 3782 2637 3851 πρωτεύων
2663 3799 2676 3813 ·
2703 3784 2920 3849 δεικνὺς
2948 3785 3031 3839 ὅτι
3060 3784 3154 3839 καὶ
3174 3786 3224 3837 οἱ
3248 3784 3401 3839 ἄλλοι
3423 3785 3660 3840 τοιοῦτοι
3685 3804 3701 3819 ’

2106 3868 2226 3921 ἐκεῖ
2274 3865 2331 3918 δὲ
2376 3866 2476 3918 ούκ
2524 3866 2750 3938 ἀπαρχὴ
2797 3867 2899 3938 τῆς
2945 3867 3198 3931 κτίσεως.
3254 3868 3366 3921 Καὶ
3410 3870 3530 3923 ἐκεῖ
3572 3871 3695 3941 μὲν,

2100 3950 2295 4005 Εικὼν
2314 3949 2418 4003 τοῦ
2455 3949 2606 4003 Θεοῦ
2635 3950 2742 4005 τοῦ
2774 3950 3059 4019 ἀοράτου,
3088 3952 3183 4005 καὶ
3206 3951 3329 4005 τότε
3360 3952 3440 4019 τὸ,
3471 3955 3702 4020 Πρωτό-

2104 4050 2301 4101 τοκος.
2336 4032 2468 4086 Ὃτι
2505 4033 2578 4087 ἐκ
2609 4033 2772 4099 αὐτῷ
2804 4034 3116 4103 ηὺὸόκησε
3155 4034 3280 4091 πᾶν
3307 4034 3376 4089 τὸ
3404 4036 3701 4106 πλήρωμα

2103 4114 2484 4184 κατοικῆσαι,
2545 4114 2647 4170 καί
2699 4116 2774 4170 δι’
2820 4118 3009 4172 αὐτοῦ
3065 4118 3570 4185 ἀποκαταλλάξαι
3626 4121 3701 4175 τὰ

2102 4201 2303 4254 πάντα
2336 4201 2425 4265 εἷς
2467 4200 2676 4266 αὐτὸν,
2700 4201 3171 4269 εἰρηνοποιήσας
3191 4202 3290 4257 διὰ
3318 4204 3426 4257 τοῦ
3445 4205 3699 4274 αἵματος

2101 4282 2209 4337 τοῦ
2232 4282 2503 4351 σταυροῦ
2532 4283 2743 4350 αὐτοῦ,
2777 4284 2898 4338 εἴτε
2934 4286 3007 4339 τὰ
3040 4284 3141 4338 ἐπὶ
3173 4284 3286 4355 τῆς
3312 4285 3448 4356 γῆς,
3473 4288 3591 4341 εἴτε
3623 4290 3699 4344 τὰ

2099 4368 2170 4421 ἐν
2206 4365 2335 4433 τοῖς
2365 4366 2670 4434 οὐρανοῖς.
2707 4367 2849 4422 Ὅσα
2895 4368 2989 4423 τοῦ
3038 4369 3271 4441 Πατρός,
3314 4372 3470 4443 φησὶ,
3522 4373 3697 4429 ταῦτα

2102 4452 2196 4505 καὶ
2228 4449 2324 4505 τοῦ
2357 4448 2512 4516 Υίοῦ,
2555 4451 2651 4503 καὶ
2701 4452 2840 4522 μετά
2877 4454 3125 4517 πλείονος
3175 4454 3435 4526 σπουδῆς,
3476 4457 3559 4510 ὃτι
3599 4460 3698 4512 καὶ

2100 4536 2295 4607 νεκρὸς
2330 4536 2548 4603 γέγονε,
2588 4535 2682 4589 καὶ
2715 4536 2927 4607 ἥνωσεν
2971 4538 3165 4593 ἑαυτὸν
3209 4541 3361 4610 ἡμῖν.
3412 4541 3697 4615 ’Λπαρχὴν

2098 4623 2157 4676 δὲ
2197 4617 2340 4687 εἶπε,
2395 4619 2651 4692 καθάπερ
2710 4622 2805 4674 ἐπὶ
2854 4623 3071 4693 καρποῦ
3126 4642 3292 4688 τινος.
3353 4624 3470 4678 Οὐκ
3517 4622 3695 4689 εἶπεν,

2098 4707 2420 4771 ἀνάστασις,
2453 4703 2613 4768 ἀλλά,
2649 4706 2899 4777 ἀπαρχὴ,
2934 4706 3090 4779 [546]
3124 4706 3340 4770 δεικνὺς
3361 4709 3443 4762 ὅτι
3484 4708 3695 4773 πάντας

2098 4791 2249 4862 ἡμᾶς
2288 4788 2508 4860 ήγίασε,
2553 4790 2649 4843 καὶ
2696 4789 2887 4861 ὥσπερ
2936 4790 3131 4844 θυσίαν
3189 4792 3557 4862 προσήνεγκε.
3619 4793 3699 4846 Τὸ

2100 4876 2381 4947 πλήρωμα
2432 4873 2564 4945 περὶ
2621 4873 2721 4943 τῆς
2781 4873 3040 4945 θεότητος
3096 4876 3323 4946 εἴρηκε,
3384 4875 3694 4948 καθάπερό

2112 4960 2367 5029 Ἰωάννης
2416 4957 2603 5025 ἔλεγεν
2630 4974 2645 4987 ⁸
2715 4957 2809 5011 Ἐκ
2878 4957 2985 5013 τοῦ
3046 4957 3445 5027 πληρώματος
3500 4960 3691 5014 αὐτοῦ

2098 5042 2273 5112 ἡμεῖς
2293 5042 2520 5108 πάντες
2541 5040 2856 5109 ἐλάϐομεν.
2894 5042 2936 5093 Τ
2938 5041 3206 5105 ουτέστιν,
3236 5042 3348 5095 εἴτε
3381 5038 3450 5113 ἦν
3480 5045 3508 5096 6
3538 5043 3688 5109 Υίὸς,

2097 5126 2210 5180 εἴτε
2243 5129 2271 5180 ὁ
2298 5125 2492 5193 Λόγος,
2530 5127 2649 5178 ἐκεῖ
2694 5123 2913 5195 ᾤκησεν
2959 5124 3080 5197 οὐχὶ
3128 5124 3381 5197 ἐνέργειά
3429 5143 3535 5187 τις.
3572 5127 3688 5180 ἀλλ’

2096 5212 2279 5266 οὐσία.
2317 5210 2433 5263 Οὐκ
2472 5209 2585 5279 ἔχει
2628 5210 2811 5263 αἰτίαν
2849 5211 3028 5263 εἰπεῖν
3078 5210 3370 5280 οὐδεμίαν,
3420 5211 3557 5265 ἀλλὰ
3592 5213 3690 5284 τὴν

2097 5297 2317 5367 θέλησιν
2362 5297 2459 5347 τοῦ
2494 5293 2632 5348 Θεοῦ
2659 5310 2674 5324 ·
2710 5293 2871 5348 τοῦτο
2914 5296 3025 5368 γάρ
3055 5296 3223 5362 ἐστιν,
3271 5298 3353 5350 ὅτι
3395 5298 3491 5351 Ἐν
3529 5298 3691 5363 αὐτῷ

2093 5382 2423 5452 ηὐδόκησε,
2484 5380 2584 5435 καὶ
2637 5380 2714 5434 δι’
2776 5382 2967 5437 αὐτοῦ
3042 5383 3545 5448 ἀποκαταλλάξαι
3618 5386 3692 5439 τὰ

2086 5651 2165 5722 διὰ
2188 5648 2331 5696 τοῦτο
2355 5650 2435 5724 καὶ
2456 5649 2707 5723 ὦδε,κᾶκεῖ
2730 5649 3035 5728 πρωτότοκος
3054 5648 3336 5725 εῖρηταιςΐί
3355 5650 3407 5698 δὲ
3431 5650 3531 5727 ἔστι
3556 5666 3688 5728 πρωῒ

2082 5712 2281 5775 τὸτοκος
2312 5710 2471 5775 πάσης
2494 5712 2723 5775 κτίσεως;
2759 5708 2862 5760 ἀντὶ
2887 5708 2972 5775 τοῦ
2996 5708 3185 5775 πρῶτος
3203 5711 3416 5775 κτίστης,
3444 5708 3609 5774 ὥσπερ
3630 5712 3687 5760 τὸ

2082 5772 2387 5836 πρωτότοκος
2410 5773 2464 5819 ἐκ
2487 5773 2684 5836 νεκρῶν.
2727 5774 2828 5821 ἀντὶ
2852 5770 2938 5821 τοῦ
2967 5775 2992 5823 ὁ
3014 5770 3105 5836 πρὸ
3125 5774 3332 5828 πάντων,
3385 5773 3529 5826 ἐστὶν.
3571 5770 3687 5822 ἀνα-

2082 5822 2332 5898 σιὶάςλγκαὶ
2358 5836 2521 5896 ὥσπερ
2569 5822 2666 5881 ἐκεῖ
2688 5837 2870 5893 τίθησιν
2896 5838 2921 5883 ὁ
2964 5822 3062 5898 πρὸ
3077 5837 3266 5883 πάντων
3300 5838 3384 5894 ὢν,
3434 5836 3560 5883 οὕτω
3603 5837 3681 5883 καί

2080 5894 2279 5945 ἐνταῦθα
2297 5894 2513 5957 ἀπαρχήν
2534 5898 2625 5944 τέθ.

3716 5521 3763 5567 ’Υ

2152 5598 2176 5625 ιι
2214 5586 2349 5650 Upus
2368 5586 2477 5635 cod.
2500 5587 2571 5635 sic
2594 5584 2854 5646 sequentia
2882 5586 3048 5646 eﬂ‘ert,
3074 5586 3287 5650 καθάπερ
3310 5587 3389 5650 καὶ
3412 5593 3499 5645 τῆς
