4184 6502
534 378 604 435 6'1
615 377 631 432 I

524 491 720 544 πάντα
768 490 856 554 εἰς
899 489 1110 542 αὐτόν.
1152 485 1268 540 ’Ἰνα
1305 484 1381 555 μὴ
1414 483 1667 556 νομίσῃς,
1710 486 1791 538 ὅτι
1824 481 2094 554 ὑπηρέτου

519 575 672 639 τάξιν
706 572 989 636 ἀνέλαϐεν,
1027 573 1115 635 εἰς
1161 569 1401 629 ἑαυτὸν,
1454 568 1607 637 φησί.
1646 569 1753 622 Καὶ
1790 566 1895 638 μήν
1943 565 2108 618 ἀλλαέ

518 658 616 726 χοῦ
654 671 840 724 φησιν,
878 655 958 706 ὅτι
987 652 1065 713 τῷ
1107 650 1226 719 Θεῷ
1251 649 1634 714 καταλλάττει,
1669 649 1920 718 καθάπερ
1954 650 2011 700 ἐν
2039 650 2106 718 τῇ

519 742 655 810 προς
688 736 1005 807 Κορινθίους
1019 734 1307 805 Ἐπιστολῇ
1334 734 1562 804 γράφων
1594 733 1769 802 ἔλεγε.
1797 734 1906 786 Καὶ
1932 732 2109 794 καλῶς

519 821 660 885 εἷπε,
696 824 774 874 Δι’
822 820 1013 874 αὐτοῦ
1063 819 1585 881 ἀποκαταλλάξαι.
1623 818 1763 887 Ἤδη
1815 817 1923 887 γάρ
1968 813 2109 886 ἦσαν

521 904 979 975 κατηλλαγμένοι.
1016 902 1151 956 ἀλλά
1176 900 1401 965 τελείως
1436 901 1566 962 ἔδει,
1604 903 1699 954 καὶ
1737 901 1876 954 ὥστε
1913 899 2109 970 μηκέτι

520 988 827 1059 ὲχθραίνειν
851 984 1025 1056 αὐτῷ.
1056 984 1180 1047 Πῶς
1204 984 1262 1037 δὲ
1283 984 1493 1052 γίνεται
1515 982 1696 1047 τοῦτο,
1718 985 1973 1051 διασαφεῖ
2003 982 2105 1033 λοι-

520 1069 640 1135 πὸν,
674 1071 733 1123 οὐ
768 1070 928 1140 μόνον
956 1069 1055 1140 τὴν
1086 1068 1456 1138 καταλλαγὴν,
1487 1067 1626 1120 ἀλλά
1657 1070 1752 1122 καὶ
1792 1067 1884 1120 τὸν
1911 1066 2111 1135 τρόπον

518 1153 619 1222 τῆς
659 1152 1010 1222 καταλλαγῆς
1054 1150 1407 1218 ἀναγγέλλων
1437 1167 1448 1181 ·
1483 1148 1971 1218 Εἰρηνοποιήσας
2016 1148 2112 1201 διὰ

523 1236 633 1289 τοῦ
699 1236 948 1304 αἵματος
1005 1234 1114 1288 τοῦ
1164 1233 1432 1302 σταυροῦ
1477 1233 1685 1287 αὐτοῦ.
1743 1234 1816 1285 Τὸ
1862 1233 1959 1301 μὲν
2013 1232 2112 1302 τὴν

520 1320 723 1391 ἔχθραν
742 1320 983 1373 δείκνυσι
1006 1319 1068 1371 τὸ
1098 1318 1451 1382 καταλλάξαι·
1481 1318 1543 1371 τὸ
1568 1316 1623 1371 δὲ
1643 1318 1733 1369 τὸν
1762 1315 2015 1386 πόλεμον,
2050 1315 2112 1368 τὸ

521 1402 1030 1470 Εἰρηνοποιήσας.
1054 1401 1158 1454 Διά
1178 1401 1286 1453 τοῦ
1309 1402 1581 1470 αἵματος,
1612 1399 1766 1469 φησὶ,
1787 1398 1893 1452 τοῦ
1921 1415 2110 1452 σταυ-

512 1485 629 1554 ροῦ
664 1485 851 1539 αὐτοῦ
882 1485 957 1537 δι’
1000 1484 1207 1546 αὐτοῦ,
1236 1484 1356 1536 εἴτε
1381 1482 1453 1535 τὰ
1480 1482 1581 1535 ἐπὶ
1608 1482 1717 1550 τῆς
1739 1480 1872 1550 γῆς,
1899 1481 2020 1534 εττε
2041 1480 2113 1534 τὰ

520 1567 593 1620 ἐν
632 1565 758 1632 τοῖς
804 1564 1099 1635 οὐρανοῖς.
1148 1566 1306 1632 Μέγα
1348 1565 1448 1635 μὲν
1478 1564 1541 1617 τὸ
1571 1562 1929 1627 καταλλάξαι,
1961 1563 2023 1616 τὸ
2055 1563 2112 1615 δὲ

521 1649 617 1702 καὶ
646 1649 713 1702 δι’
744 1650 931 1713 αὐτοῦ,
968 1648 1151 1718 μεῖζον
1179 1666 1192 1680 ·
1227 1649 1323 1703 καὶ
1348 1649 1410 1701 τὸ
1442 1646 1635 1701 τούτου
1675 1647 1882 1717 μεῖζον,
1933 1647 1994 1699 τὸ
2024 1646 2112 1699 διά

519 1731 614 1786 τοῦ
646 1733 876 1803 αἵματος
903 1731 1068 1785 αὐτοῦ
1095 1748 1108 1762 ·
1148 1732 1244 1785 καὶ
1276 1732 1376 1802 οὐχ
1396 1731 1583 1793 άπλῶς
1619 1732 1870 1801 αἵματος,
1897 1730 2031 1783 ἀλλὰ
2052 1730 2111 1783 τὸ

520 1815 713 1869 τούτου
755 1818 959 1886 μεῖζον,
984 1814 1073 1868 διὰ
1105 1816 1198 1867 τοῦ
1230 1813 1487 1885 σταυροῦ.
1525 1814 1690 1867 Ὥστε
1718 1814 1879 1866 πέντε
1907 1812 2021 1867 ἐστὶ
2043 1811 2113 1865 τά

520 1897 833 1968 θαυμαστὰ,
854 1896 931 1967 τῷ
945 1896 1063 1966 Θεῷ
1082 1896 1409 1966 κατήλλαξε,
1439 1897 1507 1948 δι’
1531 1896 1718 1962 αὐτοῦ,
1747 1895 1835 1948 διὰ
1857 1895 2107 1959 θανάτου,

519 1980 609 2033 διὰ
633 1981 888 2051 σταυροῦ.
918 1979 1111 2045 Βαϐαῖ,
1145 1980 1261 2044 πῶς
1288 1980 1513 2048 ἀνέμιξε
1540 1979 1702 2032 πάλιν
1725 1997 1740 2045 ;
1761 1979 1880 2031 Ἵνα
1900 1978 2010 2048 γάρ
2034 1977 2109 2048 μὴ

523 2065 753 2137 νομίσῃς
779 2064 838 2116 ἐν
861 2061 1023 2129 εἰναι,
1048 2064 1183 2133 μηδὲ
1195 2064 1288 2116 τὸν
1310 2063 1541 2133 σταυρὸν
1556 2059 1696 2116 εἶναί
1720 2079 1773 2116 τι
1792 2063 1912 2115 καθ’
1928 2061 2109 2124 ἐαυτδ,

519 2146 689 2216 λέγει,
719 2150 798 2201 Δι’
830 2146 1071 2201 ἑαυτοῦ.
1111 2146 1234 2209 Πῶς
1259 2141 1367 2199 οἶδε
1404 2147 1545 2216 μέγα
1582 2145 1739 2197 τοῦτο
1776 2145 1868 2210 6v;
1898 2145 2020 2198 Ὀτι
2050 2146 2111 2198 οὐ

522 2232 745 2302 ῥήματα
766 2229 960 2292 εἰπὼν,
988 2230 1105 2283 ἀλλ’
1131 2230 1324 2281 ἐαυτὸν
1341 2230 1529 2291 ἐκδοὺς
1557 2229 1694 2300 ὑπὲρ
1719 2229 1819 2298 τῆς
1845 2228 2112 2283 καταλλα-

520 2315 646 2382 γῆς,
697 2311 874 2375 οῦτως
904 2312 1122 2366 ἅπαντα
1176 2314 1490 2382 εἰργάσατο.
1530 2312 1595 2365 Τί
1638 2312 1694 2365 δέ
1748 2316 1886 2375 ἐστι,
1945 2314 2018 2367 Τὰ
2042 2314 2113 2366 ἐν

519 2397 648 2462 τοῖς
679 2395 995 2465 οὐρανοῑς;
1027 2396 1094 2449 τὰ
1142 2397 1241 2466 μὲν
1267 2396 1375 2467 γάρ
1418 2397 1511 2449 ἐπὶ
1552 2397 1653 2465 τῆς
1686 2396 1810 2466 γῆς,
1843 2398 2068 2462 εἰκότως
2093 2414 2108 2429 ·

522 2478 727 2550 ἔχθρας
762 2480 870 2551 γὰρ
905 2479 1282 2549 ἐμπέπληστο,
1312 2480 1404 2533 καὶ
1435 2479 1513 2543 εἰς
1541 2479 1710 2532 πολλά
1738 2480 1993 2551 διῄρητο·
2015 2482 2112 2535 καὶ

523 2566 663 2634 πρὸς
703 2564 897 2636 ἑαυτὸν
944 2563 1176 2626 ἕκαστος
1226 2564 1383 2634 ἡμῶν
1423 2563 1789 2630 διεστασίαζε,
1845 2565 1939 2617 καὶ
1974 2565 2112 2636 πρὸς

520 2650 649 2709 τοὺς
681 2634 912 2711 πολλούς
934 2663 947 2679 ο

520 2731 757 2799 minus;
791 2731 884 2783 καί
920 2731 1038 2783 ἐκεῖ
1078 2730 1319 2799 πόλεμος
1360 2724 1427 2799 ἦν
1487 2729 1579 2781 καὶ
1639 2730 1821 2799 μάχης
1858 2732 1953 2784 καὶ
1993 2732 2112 2796 πῶς

517 2813 793 2884 εὐχόμεθα
826 2814 1100 2883 λέγοντες,
1127 2812 1453 2880 Γενηθήτω
1492 2812 1557 2865 τὸ
1601 2813 1835 2882 θέλημά
1864 2830 2002 2880 σου,
2029 2815 2111 2881 ὡς

517 2896 589 2950 ἐν
610 2895 864 2965 οὐρανῷ,
900 2897 1001 2950 καί
1038 2896 1137 2949 ἐπὶ
1182 2895 1294 2963 τῆς
1336 2895 1481 2964 γῆς;
1521 2894 1574 2947 τί
1607 2893 1701 2948 οῦν
1729 2896 1875 2949 ἔστιν
1905 2898 2107 2964 εἰπεῖν;

533 2981 796 3051 Ἀπέσχισ
807 2998 858 3033 το
880 2982 910 3050 ἡ
932 2980 1004 3050 γῆ
1033 2980 1126 3033 τοῦ
1149 2979 1403 3049 οὐρανοῦ,
1431 2980 1952 3050 ἐκπεπολεμωμένοι
1968 2976 2110 3051 ἦσαν

516 3065 571 3117 οἱ
602 3063 826 3132 ἄγγελοι
849 3064 985 3134 πρὸς
1004 3065 1129 3125 τοὺς
1156 3061 1499 3131 ἀνθρώπους,
1522 3062 1613 3114 τὸν
1639 3062 1919 3133 Δεσπότην
1940 3064 2112 3133 δρῶν-

516 3163 613 3209 τες
668 3147 758 3199 τὸν
807 3146 985 3200 αὐτῶν
1041 3145 1422 3215 ὑϐριζόμενον.
1493 3146 2109 3214 Ἀνακεφαλαιώσασθαί

518 3246 654 3299 φησι
687 3229 759 3282 τὰ
783 3231 960 3284 πάντα
1000 3231 1059 3281 ἐν
1096 3229 1175 3299 τῷ
1210 3228 1455 3299 Χριστῷ,
1492 3227 1559 3282 τά
1592 3231 1649 3281 ἐν
1689 3233 1804 3294 τοῖς
1838 3230 2108 3302 οὐρανοῖς,

519 3314 615 3367 καὶ
653 3314 720 3365 τὰ
755 3314 847 3366 ἐπὶ
884 3314 985 3382 τῆς
1012 3313 1139 3381 γῆς.
1185 3312 1342 3375 Πῶςς
1379 3310 1460 3363 Τὰ
1490 3312 1588 3382 μὲν
1620 3313 1676 3365 ἐν
1723 3316 1834 3377 τοῖς
1863 3315 2109 3385 οὐρανοῖς

516 3394 694 3448 οὐτωο
733 3397 1068 3465 μετέστησεν
1101 3396 1218 3447 ἐκεῖ
1243 3393 1332 3446 τὸν
1365 3393 1674 3465 ἄνθρωπον,
1705 3397 1985 3467 ἀνήγαγεν
2015 3398 2107 3450 αὐι

515 3481 631 3541 τοῖς
673 3479 763 3531 τὸν
811 3478 1021 3549 ἐχθρὸν,
1054 3477 1145 3531 τὸν
1194 3477 1544 3548 μισούμενον.
1576 3480 1651 3531 Οὐ
1710 3480 1869 3549 μόνον
1907 3482 1975 3535 τὰ
2016 3482 2109 3534 ἐπὶ

517 3564 619 3631 τῆς
658 3561 766 3632 γῆς
812 3561 1073 3631 ἐποίησεν
1104 3560 1429 3631 εἰρηνεύειν,
1475 3562 1590 3614 ἀλλ’
1635 3563 1914 3631 ἀνήγαγεν
1945 3564 2107 3617 αὐτὸν

519 3646 657 3714 πρὸς
687 3648 902 3709 αὐτοὺς,
930 3645 1021 3699 τὸν
1048 3644 1243 3715 ἐχθρὸν
1278 3647 1372 3699 καὶ
1404 3647 1682 3717 πολέμιον.
1717 3648 1887 3701 Τοῦτο
1916 3650 2105 3721 εἰρήνη

520 3728 731 3799 βαθεῖα.
766 3727 1023 3796 ’Ἄγγελοι
1065 3729 1227 3782 πάλιν
1273 3728 1366 3781 ἐπὶ
1415 3730 1521 3799 γῆς
1577 3729 1858 3800 ἐφαίνοντο
1898 3730 2103 3794 λοιπὸν,

517 3812 710 3883 ἐπειδὴ
734 3813 829 3866 καὶ
862 3812 1150 3883 ἄνθρωπος
1177 3814 1234 3864 ἐν
1264 3812 1480 3883 οὐρανῷ
1505 3810 1701 3883 ἐφάνη.
1737 3815 1894 3866 Δοκεῖ
1925 3815 1982 3867 δέ
2018 3832 2107 3885 μοι

520 3896 616 3948 καὶ
643 3897 676 3967 ή
703 3896 930 3967 ἁρπαγὴ
965 3896 1059 3948 τοῦ
1090 3895 1307 3949 Παύλου
1341 3895 1534 3949 τούτου
1573 3914 1631 3949 τε
1664 3896 1851 3949 ἐνεκεν
1883 3899 2109 3968 γεγενῆ-

522 3978 671 4043 σθαι,
702 3978 796 4032 καὶ
825 3977 919 4032 τοῦ
942 3979 1115 4045 δεῖξαι
1156 3979 1241 4031 ὅτι
1273 3980 1369 4031 καὶ
1401 3980 1429 4031 6
1474 3978 1599 4042 Υἰὸς
1633 3980 1752 4031 ἐκεῖ
1801 3980 2103 4050 ἀνελήφθη.

534 4060 624 4114 Ἐν
659 4062 758 4132 μὲν
791 4062 899 4134 γὰρ
938 4063 1008 4132 τῇ
1047 4064 1119 4131 γῇ
1169 4060 1332 4128 διπλῆ
1381 4063 1413 4131 ή
1476 4062 1690 4131 εἰρήνη,
1728 4063 1822 4116 καὶ
1871 4064 2008 4134 πρὸς
2037 4064 2108 4119 τά

520 4144 841 4217 ἐπουράνια,
897 4145 992 4199 καὶ
1046 4146 1183 4213 πρὸς
1235 4146 1440 4199 ἐαυτάο
1492 4146 1551 4198 ἐν
1587 4144 1645 4198 δὲ
1689 4147 1801 4208 τοῖς
1858 4147 2107 4218 οὐρανοῖς

519 4228 690 4301 ἀπλῆ.
730 4230 795 4282 Εἰ
828 4230 939 4300 γὰρ
967 4228 1062 4281 ἐπὶ
1108 4229 1190 4281 ἐνὶ
1235 4228 1549 4300 ἁμαρτωλῷ
1585 4230 1937 4299 μετανοοῦντι
1984 4233 2107 4303 χαί-

520 4329 707 4386 ρουσιν
731 4314 780 4366 οἰ
802 4311 1048 4381 ἄγγελοι,
1074 4310 1257 4383 πολλῷ
1276 4313 1475 4383 μᾶλλον
1492 4314 1587 4366 ἐπὶ
1604 4313 1899 4377 τοσούτοις.
1920 4316 2106 4371 Ταῦτα

518 4395 701 4449 πάντα
729 4396 762 4465 ή
789 4395 884 4447 τοῦ
928 4392 1069 4447 Θεοῦ
1113 4396 1267 4465 ἰσχὺς
1299 4395 1653 4468 κατώρθωσε.
1693 4398 1757 4451 Τί
1800 4393 1893 4452 οῦν
1934 4398 2103 4469 ἀγγέη

516 4478 633 4542 λοις
662 4478 941 4549 θαρρεῖτε,
978 4478 1115 4549 φησί
1138 4494 1153 4542 ς
1186 4479 1458 4533 Τοσοῦτον
1488 4478 1641 4553 [547]
1670 4481 1779 4553 γὰρ
1806 4482 2104 4554 ἀπέχουσιν

515 4562 715 4614 ἐκεῖνοι
749 4561 1053 4632 προσάγειν
1103 4560 1271 4633 ὑμᾶς,
1314 4563 1399 4616 ὃτι
1450 4564 1545 4617 καὶ
1580 4565 2104 4637 ἐκπεπολεμωμένοι

515 4640 661 4716 ἦσαν
694 4644 847 4706 ποτὲ,
889 4645 1005 4708 καὶ,
1042 4646 1092 4700 εἰ
1140 4646 1214 4717 μὴ
1248 4649 1277 4700 6
1304 4645 1435 4710 Θεὸς
1480 4647 1643 4710 αὐτὸς
1695 4648 1842 4717 ὑμᾶς
1873 4649 2099 4715 ἐκείνοις

518 4727 881 4800 κατήλλαξεν,
909 4728 1008 4781 οὐκ
1041 4729 1108 4783 ἂν
1141 4730 1523 4801 εἰρηνεύσατε.
1565 4731 1631 4784 Τί
1660 4731 1843 4785 τοίνυν
1872 4733 2103 4799 ἐκείνοις

518 4812 918 4884 προστρέχετε;
952 4812 1143 4867 Βούλει
1178 4814 1370 4884 μαθεῖν
1402 4815 1511 4870 τῶν
1543 4814 1793 4883 ἀγγέλων
1835 4816 1897 4869 τὸ
1946 4820 2102 4888 μῖσος

513 4897 641 4949 ὅσον
671 4891 819 4965 εἰχον
854 4896 991 4967 πρὸς
1025 4898 1196 4967 ἡμᾶς,
1244 4898 1338 4951 καὶ
1367 4897 1486 4960 πῶς
1535 4898 1938 4970 ἀπεστρέφοντο
1977 4902 2099 4968 ἀεί;

516 4978 608 5042 Εἰς
639 4978 915 5049 τιμωρίαν
955 4980 1271 5050 ἐπέμποντο
1318 4981 1414 5033 ἐπὶ
1446 4982 1558 5035 τῶν
1610 4982 1982 5054 Ἰσραηλιτῶν,
2009 4988 2102 5040 ἐπὶ

514 5060 609 5116 τοῦ
640 5061 823 5124 Δαυίδ,
855 5063 950 5115 ἐπὶ
975 5063 1085 5116 τῶν
1115 5064 1449 5135 Σοδομιτῶν,
1482 5065 1577 5118 ἐπὶ
1601 5065 1704 5134 τῆς
1733 5067 1978 5132 κοιλάδος
2004 5070 2099 5122 τοῦ

517 5143 900 5214 κλαυθμῶνος.
937 5145 1080 5199 Ἀλλ’
1109 5148 1170 5199 οὐ
1192 5146 1287 5200 νῦν
1309 5162 1323 5177 ·
1348 5147 1462 5200 ἀλλ’
1491 5147 1551 5212 ἐξ
1580 5150 1849 5215 ἐναντίας,
1881 5151 1975 5203 ἐπὶ
1997 5153 2101 5222 γῆς

514 5224 642 5301 ᾖδον
682 5228 888 5300 σφόδρα
915 5229 1199 5299 χαίροντες
1225 5246 1239 5262 ο
1281 5231 1375 5283 καὶ
1396 5231 1622 5295 τούτους
1648 5233 1931 5303 κατήγαγε
1962 5234 2099 5305 πρὸς

512 5311 732 5375 αὐτοὺς,
765 5312 862 5365 καὶ
891 5312 1018 5375 τοὺς
1051 5312 1374 5383 ἀνθρώπους
1400 5314 1675 5384 ἀνήγαγεν
1711 5317 1845 5368 ἐκεῖ.

468 5407 492 5425 ’δ
584 5395 647 5449 6'.
683 5395 793 5448 Kal
836 5395 936 5448 θέα
978 5413 1070 5466 μοι
1110 5396 1172 5448 τὸ
1202 5396 1528 5467 παράδοξον.
1568 5396 1804 5460 Τούτους
1846 5398 2098 5469 πρώτους

514 5480 828 5548 κατήγαγεν
859 5473 982 5543 ὧδε,
1011 5480 1106 5533 καὶ
1126 5479 1245 5533 τότε
1274 5480 1366 5533 τὸν
1387 5479 1671 5551 ἄνθρωπον
1692 5482 1936 5552 ἀνήγαγε
1960 5485 2096 5555 πρὸς

517 5559 746 5621 αὐτούς·
782 5561 1009 5633 οὐρανὸς
1049 5564 1081 5633 ή
1117 5562 1190 5632 γῆ
1235 5563 1483 5631 γέγονεν,
1524 5564 1711 5635 ἐπειδὴ
1747 5566 1815 5618 τά
1859 5567 1958 5636 τῆς
1990 5568 2095 5636 γῆς

519 5639 744 5709 ἔμελλεν
769 5643 999 5714 οὐρανὸς
1025 5644 1296 5716 δέχεσθαι.
1328 5646 1427 5700 Διὰ
1457 5646 1616 5700 τοῦτο
1640 5647 2096 5717 εὐχαριστοῦντες

515 5720 781 5792 λέγομεν,
830 5725 985 5789 Δόξα
1038 5727 1107 5779 ἐν
1157 5729 1443 5797 ὑψίστοις
1477 5728 1630 5796 Θεῷ,
1687 5730 1782 5783 καὶ
1838 5732 1939 5783 ἐπὶ
1984 5730 2097 5799 γῆς

516 5805 743 5873 “NV”.
797 5808 865 5861 ἐν
902 5807 1234 5877 ἀνθρώποις
1288 5812 1553 5869 εὐδοκία.
1603 5813 1751 5880 Ἰδοὺ,
1809 5814 1962 5884 φησὶ,
2001 5814 2095 5867 καὶ

1257 369 1315 426 S.
1358 364 1649 424 JOANNIS
1688 359 2106 421 CHRYSOSTO

2229 358 2553 417 AncmEp.
2591 354 3151 419 coxsnm'nxop.
3189 324 3221 404 ι’

998 2646 1068 2699 τὰ
1116 2646 1173 2698 δὲ
1207 2648 1265 2698 ἐν
1310 2648 1423 2710 τοῖς
1456 2646 1702 2715 οὐρανοῖς
1738 2647 1855 2712 πῶς
1895 2649 2127 2718 εἰρηνοο’

3688 351 3802 408 $21.

2219 478 2497 549 ἄνθρωποι
2525 481 2803 551 ἐφάνησαν
2837 473 3263 551 εὐαρεστοῦντες.
3289 468 3505 551 λοιπόν.
3528 468 3597 551 Τί
3622 470 3791 522 ἐστιν.

2222 560 2486 628 Εὐδοκίας
2557 550 2886 632 Καταλλαγή
2909 578 2921 591 σ
2948 550 2951 551 ν
2977 557 3161 613 οὐκέτι
3228 550 3542 626 μεσότοιχόν
3570 550 3735 632 ῌέστιν
3763 551 3796 603 6

2214 647 2461 716 οὐρανός.
2518 646 2591 699 Τὸ
2638 628 3035 716 πρῶτονγκατὰ
3084 639 3319 712 ἀριθμὸν
3350 635 3522 689 ἐθνῶν
3567 628 3707 703 ἦσαν
3745 633 3796 686 οἱ

2217 729 2439 798 ἄγγελοι
2462 748 2475 761 ’
2513 730 2607 783 νῦν
2647 730 2702 783 δὲ
2730 731 2790 783 οὐ
2824 729 2964 782 κατὰ
2998 725 3231 796 ἀριθμὸν
3272 721 3462 785 ἐθνῶν,
3500 718 3636 771 ἀλλὰ
3656 719 3797 769 κατά

2218 814 2451 884 ἀριθμὸν
2496 815 2722 868 πιστῶν.
2765 813 2937 866 Πόθεν
2965 812 3157 881 δῆλον;
3191 810 3391 861 Ἀκουε
3428 803 3520 857 τοῦ
3560 799 3798 884 Χριστοῦ

2218 883 2507 966 λέγοντοςυ
2571 899 2778 967 Ὀριῖτε
2820 897 2904 966 μὴ
2961 894 3459 963 καταφρονήσητε
3509 886 3649 952 ἐνὸς
3681 883 3799 938 τῶν

2212 982 2443 1053 μικρῶν
2471 984 2715 1038 τούτων.
2753 985 2815 1035 Ol
2843 981 2951 1051 γὰρ
2977 980 3219 1048 ἄγγελοι
3244 974 3443 1029 αὐτῶν
3471 968 3799 1053 διαπαντός

2212 1051 2521 1131 ,ϐλέπουσι
2554 1066 2616 1119 τὸ
2652 1068 2979 1132 πρόσωπον
3020 1062 3127 1115 τοῦ
3159 1061 3389 1125 Πατρός
3423 1073 3536 1122 μου
3577 1051 3683 1106 τοῦ
3729 1051 3798 1104 ἐν

2218 1149 2344 1215 τοῖς
2369 1151 2666 1216 οὐρανοῖς.
2698 1149 2969 1209 Ἕκαστος
3010 1144 3118 1215 γὰρ
3161 1142 3350 1204 πιστὸς
3392 1139 3623 1207 ἄγγελον
3662 1135 3799 1205 ἔχει,

2222 1232 2346 1285 ἐπεὶ
2377 1232 2471 1284 καὶ
2501 1232 2561 1296 ἐξ
2582 1232 2755 1302 ἀρχῆς
2784 1230 3016 1292 ἕκαστος
3042 1230 3180 1298 ἀνὴρ
3212 1225 3323 1278 τῶν
3364 1220 3668 1291 εὐδοκίμων
3699 1219 3802 1287 ἆγ-

2223 1315 2378 1382 γελον
2410 1312 2519 1384 εἶχε
2550 1329 2559 1341 ’
2599 1313 2783 1376 καθώς
2829 1329 2993 1381 φησιν
3018 1314 3045 1365 6
3088 1307 3308 1373 Ἰακώϐ,
3382 1306 3443 1359 '0
3480 1304 3735 1373 ἅγγελος
3769 1304 3803 1355 ὁ

2218 1395 2453 1466 τρέφων
2471 1414 2568 1466 με,
2615 1395 2716 1450 καί
2756 1398 2788 1449 ὀ
2811 1395 3111 1464 ῥυόμενος
3147 1410 3220 1464 με
3248 1393 3318 1446 ἐκ
3347 1389 3634 1453 νεότητός
3658 1402 3800 1454 μου.

2219 1481 2283 1533 Εἰ
2316 1481 2495 1534 τοίνυν
2518 1480 2783 1547 ἀγγέλους
2816 1478 3033 1546 ἔχομεν,
3064 1477 3345 1547 νήφωμεν,
3390 1470 3645 1539 καθάπερ
3675 1484 3805 1519 1:1:-

2217 1561 2481 1630 δαγωγῶν
2531 1579 2697 1615 τινων
2756 1562 2888 1630 ἡμῖν
2935 1559 3251 1630 παρόντωνο
3290 1559 3522 1625 πάρεστι
3556 1550 3665 1621 γὰρ
3710 1549 3805 1601 καὶ

2219 1646 2449 1716 δαίμων.
2487 1645 2585 1698 Διά
2613 1645 2770 1698 τοῦτο
2808 1642 3104 1714 εὐχόμεθα,
3143 1642 3235 1694 καὶ
3266 1638 3499 1708 λέγομεν
3523 1632 3804 1716 αἰτοῦντες

2218 1715 2575 1796 τὸνάγγελον
2600 1728 2700 1796 τῆς
2743 1728 2990 1797 εἰρήνης,
3025 1726 3119 1777 καὶ
3156 1719 3433 1791 πανταχοῦ
3461 1718 3683 1788 εἰρήνην
3719 1715 3805 1767 αἰ-

2218 1809 2444 1880 τοῦμεν.
2481 1810 2651 1864 Οὐδὲν
2680 1809 2791 1880 γάρ
2827 1809 3030 1879 ταύτης
3061 1809 3173 1861 ἴσον
3194 1824 3206 1839 '
3241 1808 3298 1859 ἐν
3329 1806 3449 1866 ταῖς
3487 1798 3806 1876 ἐκκλησίαις

2219 1894 2472 1965 εἰρήνην,
2504 1896 2562 1947 ἐν
2585 1896 2705 1956 ταῖς
2731 1894 2939 1963 εὐχαῖς,
2973 1894 3031 1945 ἐν
3052 1893 3173 1954 ταῖς
3192 1890 3385 1955 λιταῖς,
3416 1888 3474 1941 ἐν
3494 1887 3615 1950 ταῖς
3637 1896 3806 1953 προσ-

2224 1980 2449 2049 ρήσεσιο
2483 1979 2578 2030 καὶ
2606 1976 2773 2042 ἅπαξ,
2817 1977 2912 2031 καὶ
2943 1975 3046 2040 δὶς,
3094 1977 3189 2028 καὶ
3226 1976 3372 2044 τρίς,
3414 1970 3510 2026 καὶ
3541 1967 3806 2029 πολλάκις

2222 2060 2395 2132 αὐτὴν
2422 2060 2638 2114 δίδωσιν
2672 2063 2700 2114 6
2726 2064 2827 2129 τῆς
2872 2058 3199 2129 Ἐκκλησίας
3245 2054 3545 2128 προεστὼς,
3576 2049 3803 2119 Εἰρήνη

2220 2142 2386 2211 ὑμῖν,
2428 2142 2720 2212 ἐπιλέγων.
2756 2142 2854 2195 Διά
2895 2141 2979 2208 τίς
3021 2141 3147 2195 Ὀτι
3183 2141 3322 2209 αὐτη
3354 2140 3535 2211 μήτηρ
3587 2134 3806 2188 πάντων

2219 2226 2331 2280 τῶν
2362 2226 2584 2296 ἀγαθῶν
2633 2228 2803 2290 ἐστιν,
2849 2225 2989 2294 αῦτη
3020 2225 3117 2295 τῆς
3168 2226 3345 2296 χαρᾶς
3397 2221 3672 2281 ὑπόθεσις.
3706 2216 3806 2268 Διά

2219 2312 2381 2367 τοῦτο
2416 2314 2510 2366 καὶ
2547 2314 2576 2365 6
2619 2312 2856 2383 Χριστὸς
2899 2310 3159 2364 εἰσιοῦσιν
3198 2311 3278 2372 εἰς
3332 2309 3430 2371 τάς
3476 2306 3653 2367 οἰκίας
3690 2303 3806 2364 τοῖς

2220 2396 2540 2460 ἀποστόλοις
2563 2397 2722 2448 τοῦτο
2750 2394 2930 2461 λέγειν
2948 2390 3281 2464 προσέταξεν
3308 2390 3531 2453 εὐθέως,
3552 2384 3806 2455 καθάπερ

2219 2497 2272 2533 τι
2306 2480 2576 2550 σύμϐολον
2607 2478 2715 2532 τῶν
2754 2478 2977 2548 ἀγαθῶν
3003 2496 3016 2510 ’
3048 2477 3480 2546 Εἰσερχόμεκοι
3514 2471 3645 2542 γὰρ,
3694 2485 3804 2539 φη-

2220 2563 2328 2626 σὶν,
2360 2566 2447 2630 εἰς
2475 2563 2583 2630 τὰς
2607 2563 2823 2630 οἰκίας,
2849 2562 3078 2631 λέγετε.
3124 2560 3355 2628 Εἰρήνη
3383 2556 3545 2627 ὑμῖν.
3586 2554 3629 2606 Τ
3634 2552 3806 2621 αὐτ-ἠς

2218 2646 2329 2717 γὰρ
2369 2647 2469 2700 οὐκ
2510 2645 2698 2718 οὔσης,
2730 2646 2910 2699 πάντα
2954 2644 3207 2716 περιττά.
3234 2643 3347 2696 Καὶ
3376 2640 3537 2695 πάλιν
3563 2638 3674 2699 τοῖς
3702 2652 3807 2705 μα-

2219 2716 2411 2800 θηταῖς
2441 2716 2649 2798 ἔλεγεν,
2682 2727 2949 2797 Εἰρήνην
2978 2728 3189 2797 ἀφίημι
3220 2726 3383 2796 ὑμῖν,
3415 2724 3664 2793 εἰρήνην
3689 2716 3807 2785 τὴν·

2218 2812 2374 2882 ἐμὴν
2411 2812 2621 2881 δίδωμι
2666 2812 2831 2882 ὑμῖν.
2883 2809 3031 2882 Αὕτη
3077 2813 3143 2881 τῇ
3191 2810 3383 2881 ἀγάπῃ
3431 2804 3791 2878 προοδοποιεῖ.

2218 2899 2328 2951 Καὶ
2341 2897 2401 2951 οὐ
2429 2897 2617 2964 λέγειὸ
2636 2897 2736 2966 τῆς
2751 2895 3078 2967 Ἐκκλησίας
3102 2893 3402 2967 προεστὼς,
3424 2892 3629 2962 Εἰρήνη
3652 2888 3779 2957 ὑμῖν
3826 2944 3831 2947 _

2219 2982 2427 3047 ἁπλῶς,
2454 2980 2592 3045 ἀλλ’,
2634 2981 2858 3049 Εἰρήνη
2887 2979 3056 3034 πᾶσι.
3088 2978 3153 3031 Τί
3185 2978 3294 3049 γὰρ
3321 2977 3532 3046 δφελος,
3566 2973 3631 3027 ἂν
3664 2967 3803 3039 μετά

2216 3066 2370 3120 τοῦδε
2403 3064 2502 3136 μὲν
2548 3065 2773 3136 εἰρήνην
2822 3064 3057 3134 ἔχωμεν,
3098 3060 3213 3134 μεθ’
3251 3062 3440 3131 ἐτέρου
3470 3057 3528 3111 δὲ
3570 3056 3807 3126 πόλεμον

2218 3150 2313 3205 καὶ
2348 3148 2560 3219 μάχην;
2601 3147 2655 3201 τί
2688 3149 2749 3200 τὸ
2785 3147 3008 3217 κέρδος;
3039 3146 3171 3199 Οὐδέ
3201 3146 3307 3217 γάρ
3345 3146 3404 3197 ἐν
3436 3141 3514 3212 τῷ
3561 3141 3801 3209 σώματι,

2218 3233 2286 3288 ἂν
2329 3232 2398 3284 τὰ
2440 3231 2539 3302 μὲν
2572 3230 2819 3301 ἡσυχάζῃ
2862 3229 2970 3284 τῶν
3017 3229 3317 3300 στοιχείων,
3364 3227 3432 3280 τὰ
3475 3226 3529 3279 δὲ
3576 3224 3796 3277 διαστα-

2218 3314 2415 3387 σιάζῃ,
2451 3314 2676 3368 δυνατὸν
2724 3314 2933 3382 ὐγίειαν
2965 3312 3285 3366 συνεστάναι
3335 3309 3485 3373 ποτὲ,
3514 3306 3651 3362 ἀλλά
3703 3306 3790 3359 διὰ

2215 3399 2313 3469 τῆς
2350 3398 2605 3452 ἁπάντων
2635 3397 2891 3462 εὐταξίας
2921 3398 3014 3450 καί
3050 3396 3371 3467 συμφωνίας
3396 3394 3490 3446 καὶ
3528 3392 3752 3463 εἰρήνης
3777 3407 3792 3421 ·

2217 3482 2319 3537 κᾶν
2372 3482 2448 3552 μὴ
2481 3482 2659 3535 πάντα
2690 3482 2965 3552 ἡσυχάζῃ,
3004 3480 3099 3533 καὶ
3140 3479 3369 3533 ἐπὶτῶν
3402 3475 3619 3529 οἰκείων
3661 3476 3803 3545 ὅρων

2220 3565 2380 3637 μένῃ,
2414 3564 2593 3618 πάντα
2627 3565 3095 3635 ἀνατραπήσεται.
3132 3563 3243 3617 Καὶ
3282 3563 3338 3614 ἐν
3386 3561 3451 3630 τῇ
3501 3557 3713 3629 διανοίᾳ
3744 3558 3802 3611 δὲ

2214 3652 2280 3719 τῇ
2313 3648 2583 3718 ἡμετέρᾳ,
2613 3646 2709 3700 ἐὰν
2742 3648 2816 3717 μὴ
2844 3646 3047 3709 πάντες
3076 3644 3417 3716 ἡσυχάζωσιν
3446 3643 3494 3697 οἰ
3525 3642 3800 3711 λογισμοὶ,

2216 3735 2405 3803 εἰρήνη
2438 3732 2540 3783 οὐκ
2580 3730 2757 3784 ἔσται.
2794 3729 3062 3782 Τοσοῦτόν
3091 3731 3238 3782 ἐστιν
3275 3726 3537 3796 ἀγαθονή
3582 3725 3798 3796 εἰρήνη,

2213 3815 2289 3877 ὡς
2311 3815 2462 3876 υἱοὺς
2500 3812 2636 3865 Θεοῦ
2682 3812 2966 3866 καλεῖσθαι
3006 3812 3135 3875 τοὺς
3176 3811 3346 3881 αὐτῆς
3381 3809 3609 3880 ποιητὰς
3649 3806 3805 3879 [348]

2215 3898 2311 3951 καὶ
2355 3894 2724 3968 δημιουργούς
2754 3912 2768 3927 ο
2819 3895 3078 3959 εἰκότως·
3136 3894 3261 3947 ἐπεὶ
3301 3894 3396 3947 καί
3441 3895 3469 3946 ὁ
3528 3891 3649 3956 Υἱὸς
3706 3889 3803 3944 τοῦ

2215 3981 2353 4035 Θεοῦ
2408 3982 2502 4034 ἐπὶ
2543 3980 2720 4052 τούτῳ
2755 3976 2920 4051 ἦλθεν
2971 3980 3051 4042 εἰς
3078 3978 3176 4050 τὴν
3207 3981 3332 4047 γῆν,
3368 3976 3801 4048 εἰρηνοποιήσων

2212 4067 2281 4119 τὰ
2317 4065 2375 4117 ἐν
2403 4066 2468 4135 τῇ
2505 4067 2599 4135 γῇ,
2635 4064 2731 4119 καὶ
2760 4064 2828 4117 τὰ
2857 4066 2915 4118 ἐν
2944 4066 3058 4126 τοῖς
3079 4063 3348 4134 οὐρανοῖς.
3386 4062 3450 4114 Εἰ
3476 4060 3534 4113 δέ
3564 4060 3613 4112 οἰ
3642 4059 3798 4131 εἰρη-

2213 4146 2422 4202 νοποιοί
2442 4148 2548 4201 υἱοὶ
2583 4147 2678 4200 τοῦ
2705 4144 2864 4210 Θεοῦ,
2891 4148 2941 4199 οἱ
2981 4146 3363 4215 νεωτεροποιοί
3394 4145 3498 4198 υἰοί.
3523 4143 3793 4197 διαϐόλου.

2216 4230 2281 4283 Τί
2303 4231 2517 4299 λέγεις;
2547 4230 2694 4302 ἕρεις
2734 4231 2829 4284 καὶ
2858 4230 3039 4301 μάχας
3076 4228 3402 4301 ἐμϐάλλεις;
3436 4229 3546 4281 Καὶ
3584 4228 3666 4292 τίς
3705 4228 3798 4281 οὖσ-

2211 4333 2321 4378 τως
2357 4314 2561 4378 ἄθλιος,
2602 4315 2802 4385 φησίν;
2844 4313 2968 4368 Εἰσὶ
2994 4312 3104 4382 γάρ
3150 4312 3338 4365 πολλοὶ
3380 4311 3664 4383 χαίροντες
3704 4311 3799 4364 ἐπὶ

2211 4401 2325 4460 τοῖς
2357 4402 2567 4463 κακοῖς,
2604 4398 2700 4451 καὶ
2738 4398 2800 4451 τὸ
2837 4397 2997 4467 σῶμα
3034 4395 3127 4450 τοῦ
3175 4394 3411 4467 Χριστοῦ
3462 4393 3798 4457 διασπῶντες

2219 4481 2442 4554 μᾶλλον,
2474 4481 2507 4553 ἢ
2549 4483 2599 4535 οἰ
2648 4480 2980 4550 στρατιῶται
3027 4481 3093 4551 τῇ
3144 4478 3314 4551 λόγχῃ
3351 4474 3647 4548 διέτεμνον,
3684 4477 3716 4549 ἢ
3747 4476 3799 4529 οἰ

2232 4565 2476 4619 Ἰουδαῖοι
2502 4567 2614 4628 τοῖς
2637 4561 3097 4634 ήλοιςδιέκοψαν.
3134 4562 3344 4615 Ἐκεῖνο
3362 4558 3553 4615 τούτου
3579 4560 3797 4613 ἔλαττον

2210 4652 2271 4705 τὸ
2292 4650 2464 4703 κακόν
2489 4666 2503 4680 ·
2538 4650 2722 4702 ἐκεῖνα
2757 4646 3126 4718 διατμηθέντα
3160 4645 3227 4700 τὰ
3275 4645 3409 4716 μέλη
3442 4643 3603 4700 πάλιν
3639 4644 3804 4713 συνήα

2210 4733 2357 4802 φθηο
2402 4731 2577 4786 ταῦτα
2608 4732 2666 4785 δὲ
2696 4730 3140 4795 ἀποσπασθέντα,
3189 4728 3256 4782 ἂν
3304 4727 3493 4780 ἐνθάδε
3538 4726 3614 4797 μὴ
3668 4743 3795 4779 συν-

2211 4817 2383 4889 αφθῇ,
2407 4816 2591 4871 οὐκέτι
2626 4814 3053 4884 συναφθήσεται,
3086 4812 3223 4867 ἀλλὰ
3258 4813 3410 4883 μένει
3440 4810 3535 4864 τοῦ
3575 4810 3795 4880 πληρὼο

2212 4919 2383 4974 ματος
2409 4900 2536 4966 ἔξω.
2580 4901 2752 4953 Ὅταν
2792 4898 2956 4969 βούλῃ
2980 4898 3061 4968 τῷ
3097 4896 3313 4967 ἀδελφῷ
3343 4895 3671 4966 πολεμῆσαι,
3703 4897 3792 4948 έν-

2208 4985 2400 5055 νόησον
2440 4985 2523 5039 ετι
2556 4986 2670 5047 τοῖς
2713 4982 2902 5053 μέλεσι
2943 4980 3036 5035 τοῦ
3084 4980 3322 5051 Χριστοῦ
3378 4979 3653 5047 πολεμεῖς.
3698 4979 3792 5030 καὶ

2208 5068 2417 5123 παῦσαι
2440 5068 2539 5138 τῆς
2574 5066 2792 5139 μανίας.
2821 5066 2885 5119 Τί
2912 5065 3042 5136 γάρ,
3084 5066 3131 5118 εἰ
3169 5064 3580 5136 ἀπερῤιμμένος
3620 5063 3788 5125 ἐστὶν,

2207 5154 2256 5206 εἰ
2289 5152 2554 5223 εὐτελήςς
2590 5150 2795 5221 τί-γάρ,
2826 5152 2874 5203 εἰ
2904 5148 3413 5219 εὐκαταφρόνητος;
3453 5147 3653 5212 Οὕτως
3679 5147 3792 5199 οὐκ

2205 5236 2339 5289 ἐστι
2367 5231 2618 5302 θέλημα,
2656 5234 2844 5304 φησὶν,
2875 5232 3218 5301 ἔμπροσθεν
3255 5230 3361 5285 τοῦ
3392 5230 3623 5297 Πατρός
3645 5246 3786 5295 μου,

2205 5318 2308 5371 ἵνα
2344 5317 2649 5383 ἀπόληται
2676 5313 2765 5380 εἷς
2790 5313 2910 5368 τῶν
2930 5314 3161 5384 μικρῶν
3186 5315 3414 5368 τούτων
3433 5330 3446 5345 ·
3474 5314 3570 5366 καὶ
3600 5310 3781 5364 πάλιψ

2202 5403 2267 5453 Οἰ
2294 5399 2537 5469 ἄγγελοι
2574 5395 2776 5454 αὐτῶν
2810 5397 3143 5464 διαπαντὸς
3164 5397 3476 5462 βλέπουσι
3501 5398 3566 5450 τὸ
3596 5398 3787 5464 πρόσ-

2204 5496 2370 5536 ωπον
2408 5480 2514 5535 τοῦ
2560 5479 2790 5548 Πατρός
2826 5497 2947 5548 μου
2980 5480 3087 5535 τοῦ
3126 5481 3198 5535 ἐν
3225 5481 3349 5547 τοῖς
3376 5479 3676 5548 οὐρανοῖς.
3731 5478 3787 5532 '0

2206 5566 2338 5629 Θεὸς
2377 5566 2444 5620 δι’
2479 5564 2643 5618 αὐτὸν
2680 5565 2777 5617 καὶ
2807 5563 2991 5628 δοῦλος
3025 5566 3261 5633 ἐγένετο,
3301 5567 3397 5619 καὶ
3430 5566 3642 5635 ἐσφάγη
3672 5579 3686 5593 ·
3721 5564 3786 5617 σὺ

2203 5649 2262 5703 δὲ
2289 5648 2442 5701 οὐδὲν
2468 5648 2631 5701 αὐτὸν
2659 5641 2799 5700 εἶναι
2820 5648 3095 5717 νομίζεις;
3121 5648 3331 5703 Οὐκοῦν
3357 5649 3504 5720 μάχῃ
3530 5648 3623 5703 καὶ
3645 5648 3788 5700 κατά

2204 5730 2363 5785 τοῦτο
2391 5730 2469 5802 τῷ
2506 5729 2648 5801 Θεῷ,
2691 5731 2790 5794 τάς
2833 5732 3084 5796 ἐναντίας
3126 5732 3279 5803 αὐτῷ
3317 5734 3502 5803 φέρων
3546 5730 3785 5800 ψήφους.

2208 5815 2380 5868 Ὅταν
2409 5813 2623 5886 εἰσέλθῃ
2663 5814 2691 5867 6
2722 5814 2820 5885 τῆς
2875 5814 3199 5887 Ἐκκλησίας
3236 5814 3535 5888 προεστὼς,
3574 5811 3778 5875 εὐθέως
