  <div class='ocr_page' id='page_1' title='image "/cluster/home/n/w/nwhite01/storage/ocr_20150623/62:no.11/coo.31924054869627/328.png"; bbox 0 0 4184 6490; ppageno 0'>
   <div class='ocr_carea' id='block_1_1' title="bbox 396 377 495 435">
    <p class='ocr_par' dir='ltr' id='par_1_1' title="bbox 396 377 495 435">
     <span class='ocr_line' id='line_1_1' title="bbox 396 377 495 435; baseline -0.03 -1"><span class='ocrx_word' id='word_1_1' title='bbox 396 377 495 435; x_wconf 69' lang='lat' dir='ltr'><strong>Sil</strong></span> 
     </span>
    </p>
   </div>
   <div class='ocr_carea' id='block_1_2' title="bbox 381 486 2000 563">
    <p class='ocr_par' dir='ltr' id='par_1_2' title="bbox 381 486 2000 563">
     <span class='ocr_line' id='line_1_2' title="bbox 381 486 2000 563; baseline -0.004 -17"><span class='ocrx_word' id='word_1_2' title='bbox 381 491 684 555; x_wconf 75' lang='lat' dir='ltr'><strong>habitavit,</strong></span> <span class='ocrx_word' id='word_1_3' title='bbox 730 505 836 546; x_wconf 91' lang='lat' dir='ltr'><strong>non</strong></span> <span class='ocrx_word' id='word_1_4' title='bbox 892 491 1136 562; x_wconf 76' lang='lat' dir='ltr'><strong>operatio</strong></span> <span class='ocrx_word' id='word_1_5' title='bbox 1186 492 1383 563; x_wconf 88' lang='lat' dir='ltr'><strong>aliqua,</strong></span> <span class='ocrx_word' id='word_1_6' title='bbox 1432 493 1526 548; x_wconf 89' lang='lat' dir='ltr'><strong>sed</strong></span> <span class='ocrx_word' id='word_1_7' title='bbox 1574 490 1828 547; x_wconf 79' lang='lat' dir='ltr'><strong>essentia.</strong></span> <span class='ocrx_word' id='word_1_8' title='bbox 1883 486 2000 541; x_wconf 80' lang='lat' dir='ltr'><strong>Non</strong></span> 
     </span>
    </p>
   </div>
   <div class='ocr_carea' id='block_1_3' title="bbox 397 580 2006 653">
    <p class='ocr_par' dir='ltr' id='par_1_3' title="bbox 397 580 2006 653">
     <span class='ocr_line' id='line_1_3' title="bbox 397 580 2006 653; baseline -0.002 -16"><span class='ocrx_word' id='word_1_9' title='bbox 397 593 575 653; x_wconf 84' lang='lat' dir='ltr'><strong>potest</strong></span> <span class='ocrx_word' id='word_1_10' title='bbox 604 582 764 637; x_wconf 89' lang='lat' dir='ltr'><strong>ullam</strong></span> <span class='ocrx_word' id='word_1_11' title='bbox 793 581 972 638; x_wconf 87' lang='lat' dir='ltr'><strong>dicere</strong></span> <span class='ocrx_word' id='word_1_12' title='bbox 997 599 1238 646; x_wconf 87' lang='lat' dir='ltr'><strong>causam,</strong></span> <span class='ocrx_word' id='word_1_13' title='bbox 1263 585 1363 639; x_wconf 87' lang='lat' dir='ltr'><strong>nisi</strong></span> <span class='ocrx_word' id='word_1_14' title='bbox 1397 585 1489 640; x_wconf 91' lang='lat' dir='ltr'><strong>Dei</strong></span> <span class='ocrx_word' id='word_1_15' title='bbox 1509 585 1837 638; x_wconf 84' lang='lat' dir='ltr'><strong>voluntatem</strong></span> <span class='ocrx_word' id='word_1_16' title='bbox 1865 599 1876 634; x_wconf 92' lang='lat'><strong>:</strong></span> <span class='ocrx_word' id='word_1_17' title='bbox 1903 580 2006 634; x_wconf 92' lang='lat' dir='ltr'><strong>hoc</strong></span> 
     </span>
    </p>
   </div>
   <div class='ocr_carea' id='block_1_4' title="bbox 399 675 2005 746">
    <p class='ocr_par' dir='ltr' id='par_1_4' title="bbox 399 675 2005 746">
     <span class='ocr_line' id='line_1_4' title="bbox 399 675 2005 746; baseline -0.002 -16"><span class='ocrx_word' id='word_1_18' title='bbox 399 680 539 730; x_wconf 81' lang='lat' dir='ltr'><strong>enim</strong></span> <span class='ocrx_word' id='word_1_19' title='bbox 571 687 675 741; x_wconf 85' lang='lat' dir='ltr'><strong>est,</strong></span> <span class='ocrx_word' id='word_1_20' title='bbox 709 675 735 728; x_wconf 65' lang='lat'><strong>1&#39;</strong></span> <span class='ocrx_word' id='word_1_21' title='bbox 745 693 776 729; x_wconf 81' lang='grc' dir='ltr'><em>η</em></span> <span class='ocrx_word' id='word_1_22' title='bbox 800 677 910 745; x_wconf 83' lang='lat' dir='ltr'><strong>ipso</strong></span> <span class='ocrx_word' id='word_1_23' title='bbox 936 677 1267 746; x_wconf 77' lang='lat' dir='ltr'><strong>complacuit,</strong></span> <span class='ocrx_word' id='word_1_24' title='bbox 1297 686 1342 729; x_wconf 89' lang='lat' dir='ltr'><strong>et</strong></span> <span class='ocrx_word' id='word_1_25' title='bbox 1367 693 1456 745; x_wconf 86' lang='lat' dir='ltr'><strong>per</strong></span> <span class='ocrx_word' id='word_1_26' title='bbox 1484 694 1597 730; x_wconf 88' lang='lat' dir='ltr'><strong>eum</strong></span> <span class='ocrx_word' id='word_1_27' title='bbox 1627 675 1798 729; x_wconf 82' lang='lat' dir='ltr'><strong>omnia</strong></span> <span class='ocrx_word' id='word_1_28' title='bbox 1829 689 2005 726; x_wconf 85' lang='lat' dir='ltr'><strong>recon-</strong></span> 
     </span>
    </p>
   </div>
   <div class='ocr_carea' id='block_1_5' title="bbox 397 765 2004 836">
    <p class='ocr_par' dir='ltr' id='par_1_5' title="bbox 397 765 2004 836">
     <span class='ocr_line' id='line_1_5' title="bbox 397 765 2004 836; baseline -0.001 -16"><span class='ocrx_word' id='word_1_29' title='bbox 397 767 574 821; x_wconf 85' lang='lat' dir='ltr'><strong>ciliare</strong></span> <span class='ocrx_word' id='word_1_30' title='bbox 603 767 655 819; x_wconf 90' lang='lat' dir='ltr'><strong>in</strong></span> <span class='ocrx_word' id='word_1_31' title='bbox 687 767 821 836; x_wconf 81' lang='lat' dir='ltr'><strong>ipso.</strong></span> <span class='ocrx_word' id='word_1_32' title='bbox 853 765 930 820; x_wconf 85' lang='lat' dir='ltr'><strong>Ne</strong></span> <span class='ocrx_word' id='word_1_33' title='bbox 960 768 1236 822; x_wconf 81' lang='lat' dir='ltr'><strong>existimes</strong></span> <span class='ocrx_word' id='word_1_34' title='bbox 1265 767 1407 836; x_wconf 90' lang='lat' dir='ltr'><strong>quod</strong></span> <span class='ocrx_word' id='word_1_35' title='bbox 1430 767 1568 820; x_wconf 90' lang='lat' dir='ltr'><strong>servi</strong></span> <span class='ocrx_word' id='word_1_36' title='bbox 1604 777 1781 835; x_wconf 85' lang='lat' dir='ltr'><strong>partes</strong></span> <span class='ocrx_word' id='word_1_37' title='bbox 1820 778 2004 819; x_wconf 87' lang='lat' dir='ltr'><strong>susce—</strong></span> 
     </span>
    </p>
   </div>
   <div class='ocr_carea' id='block_1_6' title="bbox 399 857 2003 929">
    <p class='ocr_par' dir='ltr' id='par_1_6' title="bbox 399 857 2003 929">
     <span class='ocr_line' id='line_1_6' title="bbox 399 857 2003 929; baseline -0.002 -16"><span class='ocrx_word' id='word_1_38' title='bbox 399 860 559 929; x_wconf 87' lang='lat' dir='ltr'><strong>perit,</strong></span> <span class='ocrx_word' id='word_1_39' title='bbox 591 857 658 910; x_wconf 81' lang='lat' dir='ltr'><strong>In</strong></span> <span class='ocrx_word' id='word_1_40' title='bbox 711 861 898 929; x_wconf 86' lang='lat' dir='ltr'><strong>seipso,</strong></span> <span class='ocrx_word' id='word_1_41' title='bbox 933 860 1123 928; x_wconf 86' lang='lat' dir='ltr'><strong>inquit.</strong></span> <span class='ocrx_word' id='word_1_42' title='bbox 1158 861 1318 929; x_wconf 87' lang='lat' dir='ltr'><strong>Atqui</strong></span> <span class='ocrx_word' id='word_1_43' title='bbox 1366 859 1492 913; x_wconf 85' lang='lat' dir='ltr'><strong>alibi</strong></span> <span class='ocrx_word' id='word_1_44' title='bbox 1539 858 1670 912; x_wconf 85' lang='lat' dir='ltr'><strong>dicit</strong></span> <span class='ocrx_word' id='word_1_45' title='bbox 1698 857 1840 927; x_wconf 87' lang='lat' dir='ltr'><strong>quod</strong></span> <span class='ocrx_word' id='word_1_46' title='bbox 1893 857 2003 910; x_wconf 90' lang='lat' dir='ltr'><strong>Deo</strong></span> 
     </span>
    </p>
   </div>
   <div class='ocr_carea' id='block_1_7' title="bbox 400 948 1996 1021">
    <p class='ocr_par' dir='ltr' id='par_1_7' title="bbox 400 948 1996 1021">
     <span class='ocr_line' id='line_1_7' title="bbox 400 948 1996 1021; baseline -0.003 -15"><span class='ocrx_word' id='word_1_47' title='bbox 400 949 737 1014; x_wconf 83' lang='lat' dir='ltr'><strong>reconciliet,</strong></span> <span class='ocrx_word' id='word_1_48' title='bbox 773 953 909 1004; x_wconf 88' lang='lat' dir='ltr'><strong>sicut</strong></span> <span class='ocrx_word' id='word_1_49' title='bbox 937 951 987 1004; x_wconf 92' lang='lat' dir='ltr'><strong>in</strong></span> <span class='ocrx_word' id='word_1_50' title='bbox 1019 951 1257 1021; x_wconf 83' lang='lat' dir='ltr'><strong>Epistola</strong></span> <span class='ocrx_word' id='word_1_51' title='bbox 1287 951 1351 1006; x_wconf 90' lang='lat' dir='ltr'><strong>ad</strong></span> <span class='ocrx_word' id='word_1_52' title='bbox 1397 949 1704 1006; x_wconf 86' lang='lat' dir='ltr'><strong>Corinthios</strong></span> <span class='ocrx_word' id='word_1_53' title='bbox 1734 948 1996 1016; x_wconf 89' lang='lat' dir='ltr'><strong>scribens,</strong></span> 
     </span>
    </p>
   </div>
   <div class='ocr_carea' id='block_1_8' title="bbox 395 1044 2003 1110">
    <p class='ocr_par' dir='ltr' id='par_1_8' title="bbox 395 1044 2003 1110">
     <span class='ocr_line' id='line_1_8' title="bbox 395 1044 2003 1110; baseline 0 -13"><span class='ocrx_word' id='word_1_54' title='bbox 395 1044 631 1098; x_wconf 85' lang='lat' dir='ltr'><strong>dicebat.</strong></span> <span class='ocrx_word' id='word_1_55' title='bbox 699 1044 864 1098; x_wconf 70' lang='lat' dir='ltr'><strong>[lecte</strong></span> <span class='ocrx_word' id='word_1_56' title='bbox 915 1054 1094 1099; x_wconf 89' lang='lat' dir='ltr'><strong>autem</strong></span> <span class='ocrx_word' id='word_1_57' title='bbox 1138 1045 1308 1110; x_wconf 81' lang='lat' dir='ltr'><strong>dixit,</strong></span> <span class='ocrx_word' id='word_1_58' title='bbox 1373 1044 1472 1100; x_wconf 87' lang='lat' dir='ltr'><strong>Per</strong></span> <span class='ocrx_word' id='word_1_59' title='bbox 1523 1062 1636 1099; x_wconf 86' lang='lat' dir='ltr'><strong>eum</strong></span> <span class='ocrx_word' id='word_1_60' title='bbox 1673 1045 2003 1098; x_wconf 76' lang='lat' dir='ltr'><strong>reconciliare</strong></span> 
     </span>
    </p>
   </div>
   <div class='ocr_carea' id='block_1_9' title="bbox 399 1135 2002 1206">
    <p class='ocr_par' dir='ltr' id='par_1_9' title="bbox 399 1135 2002 1206">
     <span class='ocr_line' id='line_1_9' title="bbox 399 1135 2002 1206; baseline 0.001 -16"><span class='ocrx_word' id='word_1_61' title='bbox 399 1137 495 1204; x_wconf 77' lang='lat'><strong>(2.</strong></span> <span class='ocrx_word' id='word_1_62' title='bbox 525 1135 648 1191; x_wconf 89' lang='lat' dir='ltr'><strong>Car.</strong></span> <span class='ocrx_word' id='word_1_63' title='bbox 683 1137 750 1192; x_wconf 79' lang='grc'><strong>15</strong></span> <span class='ocrx_word' id='word_1_64' title='bbox 775 1140 810 1205; x_wconf 93' lang='grc'><strong>).</strong></span> <span class='ocrx_word' id='word_1_65' title='bbox 841 1136 956 1190; x_wconf 86' lang='lat' dir='ltr'><strong>Jam</strong></span> <span class='ocrx_word' id='word_1_66' title='bbox 987 1137 1130 1191; x_wconf 87' lang='lat' dir='ltr'><strong>enim</strong></span> <span class='ocrx_word' id='word_1_67' title='bbox 1157 1148 1308 1192; x_wconf 88' lang='lat' dir='ltr'><strong>erant</strong></span> <span class='ocrx_word' id='word_1_68' title='bbox 1337 1137 1692 1204; x_wconf 90' lang='lat' dir='ltr'><strong>reconciliati,</strong></span> <span class='ocrx_word' id='word_1_69' title='bbox 1736 1137 1830 1191; x_wconf 90' lang='lat' dir='ltr'><strong>sed</strong></span> <span class='ocrx_word' id='word_1_70' title='bbox 1882 1153 2002 1206; x_wconf 90' lang='lat' dir='ltr'><strong>per-</strong></span> 
     </span>
    </p>
   </div>
   <div class='ocr_carea' id='block_1_10' title="bbox 399 1227 1998 1298">
    <p class='ocr_par' dir='ltr' id='par_1_10' title="bbox 399 1227 1998 1298">
     <span class='ocr_line' id='line_1_10' title="bbox 399 1227 1998 1298; baseline 0.001 -18"><span class='ocrx_word' id='word_1_71' title='bbox 399 1227 536 1283; x_wconf 82' lang='lat' dir='ltr'><strong>fecte</strong></span> <span class='ocrx_word' id='word_1_72' title='bbox 588 1227 897 1297; x_wconf 83' lang='lat' dir='ltr'><strong>Oportebat,</strong></span> <span class='ocrx_word' id='word_1_73' title='bbox 944 1237 1000 1282; x_wconf 92' lang='lat' dir='ltr'><strong>ut</strong></span> <span class='ocrx_word' id='word_1_74' title='bbox 1031 1243 1135 1282; x_wconf 92' lang='lat' dir='ltr'><strong>non</strong></span> <span class='ocrx_word' id='word_1_75' title='bbox 1181 1238 1364 1283; x_wconf 85' lang='lat' dir='ltr'><strong>essent</strong></span> <span class='ocrx_word' id='word_1_76' title='bbox 1405 1228 1636 1298; x_wconf 84' lang='lat' dir='ltr'><strong>amplius</strong></span> <span class='ocrx_word' id='word_1_77' title='bbox 1682 1228 1732 1284; x_wconf 92' lang='lat' dir='ltr'><strong>ei</strong></span> <span class='ocrx_word' id='word_1_78' title='bbox 1778 1229 1998 1283; x_wconf 90' lang='lat' dir='ltr'><strong>inimici.</strong></span> 
     </span>
    </p>
   </div>
   <div class='ocr_carea' id='block_1_11' title="bbox 390 1319 2000 1390">
    <p class='ocr_par' dir='ltr' id='par_1_11' title="bbox 390 1319 2000 1390">
     <span class='ocr_line' id='line_1_11' title="bbox 390 1319 2000 1390; baseline -0.001 -17"><span class='ocrx_word' id='word_1_79' title='bbox 390 1319 682 1386; x_wconf 81' lang='lat' dir='ltr'><strong>Quomodo</strong></span> <span class='ocrx_word' id='word_1_80' title='bbox 714 1319 765 1373; x_wconf 91' lang='lat' dir='ltr'><strong>id</strong></span> <span class='ocrx_word' id='word_1_81' title='bbox 797 1319 908 1380; x_wconf 88' lang='lat' dir='ltr'><strong>fiat.</strong></span> <span class='ocrx_word' id='word_1_82' title='bbox 943 1319 1181 1374; x_wconf 84' lang='lat' dir='ltr'><strong>declarat</strong></span> <span class='ocrx_word' id='word_1_83' title='bbox 1206 1328 1412 1390; x_wconf 87' lang='lat' dir='ltr'><strong>postea.</strong></span> <span class='ocrx_word' id='word_1_84' title='bbox 1443 1319 1556 1374; x_wconf 86' lang='lat' dir='ltr'><strong>Non</strong></span> <span class='ocrx_word' id='word_1_85' title='bbox 1592 1321 1735 1375; x_wconf 89' lang='lat' dir='ltr'><strong>enim</strong></span> <span class='ocrx_word' id='word_1_86' title='bbox 1767 1319 1889 1374; x_wconf 90' lang='lat' dir='ltr'><strong>data</strong></span> <span class='ocrx_word' id='word_1_87' title='bbox 1920 1327 2000 1373; x_wconf 80' lang='lat' dir='ltr'><strong>est</strong></span> 
     </span>
    </p>
   </div>
   <div class='ocr_carea' id='block_1_12' title="bbox 397 1412 2000 1480">
    <p class='ocr_par' dir='ltr' id='par_1_12' title="bbox 397 1412 2000 1480">
     <span class='ocr_line' id='line_1_12' title="bbox 397 1412 2000 1480; baseline 0.002 -15"><span class='ocrx_word' id='word_1_88' title='bbox 397 1412 573 1467; x_wconf 90' lang='lat' dir='ltr'><strong>solum</strong></span> <span class='ocrx_word' id='word_1_89' title='bbox 606 1412 1006 1480; x_wconf 84' lang='lat' dir='ltr'><strong>reconciliatio,</strong></span> <span class='ocrx_word' id='word_1_90' title='bbox 1059 1413 1152 1467; x_wconf 88' lang='lat' dir='ltr'><strong>sed</strong></span> <span class='ocrx_word' id='word_1_91' title='bbox 1183 1414 1344 1468; x_wconf 90' lang='lat' dir='ltr'><strong>etiam</strong></span> <span class='ocrx_word' id='word_1_92' title='bbox 1377 1413 1568 1468; x_wconf 90' lang='lat' dir='ltr'><strong>modus</strong></span> <span class='ocrx_word' id='word_1_93' title='bbox 1597 1413 2000 1468; x_wconf 86' lang='lat' dir='ltr'><strong>reconciliatio-</strong></span> 
     </span>
    </p>
   </div>
   <div class='ocr_carea' id='block_1_13' title="bbox 392 1501 1999 1575">
    <p class='ocr_par' dir='ltr' id='par_1_13' title="bbox 392 1501 1999 1575">
     <span class='ocr_line' id='line_1_13' title="bbox 392 1501 1999 1575; baseline 0.002 -19"><span class='ocrx_word' id='word_1_94' title='bbox 392 1503 500 1556; x_wconf 86' lang='lat' dir='ltr'><strong>nis.</strong></span> <span class='ocrx_word' id='word_1_95' title='bbox 538 1501 834 1572; x_wconf 82' lang='lat' dir='ltr'><strong>Paciﬁcans</strong></span> <span class='ocrx_word' id='word_1_96' title='bbox 877 1520 966 1572; x_wconf 80' lang='lat' dir='ltr'><strong>per</strong></span> <span class='ocrx_word' id='word_1_97' title='bbox 1012 1505 1312 1574; x_wconf 84' lang='lat' dir='ltr'><strong>sanguinem</strong></span> <span class='ocrx_word' id='word_1_98' title='bbox 1337 1507 1503 1559; x_wconf 83' lang='lat' dir='ltr'><strong>crucis</strong></span> <span class='ocrx_word' id='word_1_99' title='bbox 1532 1508 1658 1575; x_wconf 84' lang='lat' dir='ltr'><strong>ejus.</strong></span> <span class='ocrx_word' id='word_1_100' title='bbox 1690 1505 1999 1560; x_wconf 86' lang='lat' dir='ltr'><strong>Inimicitias</strong></span> 
     </span>
    </p>
   </div>
   <div class='ocr_carea' id='block_1_14' title="bbox 395 1594 1998 1664">
    <p class='ocr_par' dir='ltr' id='par_1_14' title="bbox 395 1594 1998 1664">
     <span class='ocr_line' id='line_1_14' title="bbox 395 1594 1998 1664; baseline 0.003 -17"><span class='ocrx_word' id='word_1_101' title='bbox 395 1595 614 1664; x_wconf 82' lang='lat' dir='ltr'><strong>quidem</strong></span> <span class='ocrx_word' id='word_1_102' title='bbox 669 1594 909 1650; x_wconf 88' lang='lat' dir='ltr'><strong>ostendit</strong></span> <span class='ocrx_word' id='word_1_103' title='bbox 954 1595 1105 1662; x_wconf 90' lang='lat' dir='ltr'><strong>illud,</strong></span> <span class='ocrx_word' id='word_1_104' title='bbox 1158 1595 1542 1662; x_wconf 85' lang='lat' dir='ltr'><strong>Reconciliare;</strong></span> <span class='ocrx_word' id='word_1_105' title='bbox 1588 1596 1790 1652; x_wconf 92' lang='lat' dir='ltr'><strong>bellum</strong></span> <span class='ocrx_word' id='word_1_106' title='bbox 1819 1607 1998 1653; x_wconf 87' lang='lat' dir='ltr'><strong>autem</strong></span> 
     </span>
    </p>
   </div>
   <div class='ocr_carea' id='block_1_15' title="bbox 387 1687 1999 1760">
    <p class='ocr_par' dir='ltr' id='par_1_15' title="bbox 387 1687 1999 1760">
     <span class='ocr_line' id='line_1_15' title="bbox 387 1687 1999 1760; baseline 0.006 -23"><span class='ocrx_word' id='word_1_107' title='bbox 387 1688 529 1743; x_wconf 89' lang='lat' dir='ltr'><strong>.illud</strong></span> <span class='ocrx_word' id='word_1_108' title='bbox 549 1731 564 1755; x_wconf 97' lang='lat'><strong>,</strong></span> <span class='ocrx_word' id='word_1_109' title='bbox 599 1687 915 1757; x_wconf 83' lang='lat' dir='ltr'><strong>Paci/icans.</strong></span> <span class='ocrx_word' id='word_1_110' title='bbox 950 1687 1056 1742; x_wconf 89' lang='lat' dir='ltr'><strong>Per</strong></span> <span class='ocrx_word' id='word_1_111' title='bbox 1083 1689 1382 1760; x_wconf 86' lang='lat' dir='ltr'><strong>sanguinem</strong></span> <span class='ocrx_word' id='word_1_112' title='bbox 1405 1729 1421 1756; x_wconf 94' lang='lat'><strong>,</strong></span> <span class='ocrx_word' id='word_1_113' title='bbox 1455 1689 1644 1760; x_wconf 85' lang='lat' dir='ltr'><strong>inquit,</strong></span> <span class='ocrx_word' id='word_1_114' title='bbox 1696 1691 1859 1744; x_wconf 84' lang='lat' dir='ltr'><strong>crucis</strong></span> <span class='ocrx_word' id='word_1_115' title='bbox 1889 1691 1999 1760; x_wconf 85' lang='lat' dir='ltr'><strong>ejus</strong></span> 
     </span>
    </p>
   </div>
   <div class='ocr_carea' id='block_1_16' title="bbox 396 1778 1997 1850">
    <p class='ocr_par' dir='ltr' id='par_1_16' title="bbox 396 1778 1997 1850">
     <span class='ocr_line' id='line_1_16' title="bbox 396 1778 1997 1850; baseline 0.002 -19"><span class='ocrx_word' id='word_1_116' title='bbox 396 1778 448 1831; x_wconf 86' lang='lat' dir='ltr'><strong>in</strong></span> <span class='ocrx_word' id='word_1_117' title='bbox 477 1781 608 1848; x_wconf 86' lang='lat' dir='ltr'><strong>ipso,</strong></span> <span class='ocrx_word' id='word_1_118' title='bbox 639 1780 743 1833; x_wconf 77' lang='lat' dir='ltr'><strong>sive</strong></span> <span class='ocrx_word' id='word_1_119' title='bbox 765 1795 880 1848; x_wconf 75' lang='lat' dir='ltr'><strong>qua:</strong></span> <span class='ocrx_word' id='word_1_120' title='bbox 905 1781 958 1833; x_wconf 86' lang='lat' dir='ltr'><strong>in</strong></span> <span class='ocrx_word' id='word_1_121' title='bbox 984 1781 1152 1844; x_wconf 87' lang='lat' dir='ltr'><strong>terris,</strong></span> <span class='ocrx_word' id='word_1_122' title='bbox 1181 1782 1284 1835; x_wconf 97' lang='lat' dir='ltr'><strong>sive</strong></span> <span class='ocrx_word' id='word_1_123' title='bbox 1310 1797 1424 1850; x_wconf 75' lang='lat' dir='ltr'><strong>qua:</strong></span> <span class='ocrx_word' id='word_1_124' title='bbox 1444 1781 1496 1834; x_wconf 87' lang='lat' dir='ltr'><strong>in</strong></span> <span class='ocrx_word' id='word_1_125' title='bbox 1531 1782 1668 1835; x_wconf 65' lang='lat' dir='ltr'><strong>caelis</strong></span> <span class='ocrx_word' id='word_1_126' title='bbox 1717 1792 1851 1836; x_wconf 85' lang='lat' dir='ltr'><strong>sunt.</strong></span> <span class='ocrx_word' id='word_1_127' title='bbox 1887 1781 1997 1834; x_wconf 84' lang='lat' dir='ltr'><strong>Ma-</strong></span> 
     </span>
    </p>
   </div>
   <div class='ocr_carea' id='block_1_17' title="bbox 396 1871 1992 1942">
    <p class='ocr_par' dir='ltr' id='par_1_17' title="bbox 396 1871 1992 1942">
     <span class='ocr_line' id='line_1_17' title="bbox 396 1871 1992 1942; baseline 0.001 -19"><span class='ocrx_word' id='word_1_128' title='bbox 396 1886 562 1940; x_wconf 85' lang='lat' dir='ltr'><strong>gnum</strong></span> <span class='ocrx_word' id='word_1_129' title='bbox 593 1871 810 1941; x_wconf 84' lang='lat' dir='ltr'><strong>quidem</strong></span> <span class='ocrx_word' id='word_1_130' title='bbox 838 1881 922 1924; x_wconf 88' lang='lat' dir='ltr'><strong>est</strong></span> <span class='ocrx_word' id='word_1_131' title='bbox 970 1871 1356 1937; x_wconf 89' lang='lat' dir='ltr'><strong>reconciliare;</strong></span> <span class='ocrx_word' id='word_1_132' title='bbox 1415 1887 1512 1942; x_wconf 89' lang='lat' dir='ltr'><strong>per</strong></span> <span class='ocrx_word' id='word_1_133' title='bbox 1563 1874 1736 1942; x_wconf 87' lang='lat' dir='ltr'><strong>ipsum</strong></span> <span class='ocrx_word' id='word_1_134' title='bbox 1779 1883 1992 1938; x_wconf 90' lang='lat' dir='ltr'><strong>autem,</strong></span> 
     </span>
    </p>
   </div>
   <div class='ocr_carea' id='block_1_18' title="bbox 388 1962 1997 2034">
    <p class='ocr_par' dir='ltr' id='par_1_18' title="bbox 388 1962 1997 2034">
     <span class='ocr_line' id='line_1_18' title="bbox 388 1962 1997 2034; baseline 0.002 -19"><span class='ocrx_word' id='word_1_135' title='bbox 388 1962 602 2031; x_wconf 74' lang='lat' dir='ltr'><strong>.majus;</strong></span> <span class='ocrx_word' id='word_1_136' title='bbox 629 1973 682 2017; x_wconf 94' lang='lat' dir='ltr'><strong>et</strong></span> <span class='ocrx_word' id='word_1_137' title='bbox 710 1978 776 2018; x_wconf 92' lang='lat' dir='ltr'><strong>eo</strong></span> <span class='ocrx_word' id='word_1_138' title='bbox 802 1962 976 2033; x_wconf 87' lang='lat' dir='ltr'><strong>majus</strong></span> <span class='ocrx_word' id='word_1_139' title='bbox 1002 1974 1105 2031; x_wconf 72' lang='grc' dir='ltr'><strong>εει,</strong></span> <span class='ocrx_word' id='word_1_140' title='bbox 1129 1979 1226 2033; x_wconf 89' lang='lat' dir='ltr'><strong>per</strong></span> <span class='ocrx_word' id='word_1_141' title='bbox 1253 1965 1567 2034; x_wconf 85' lang='lat' dir='ltr'><strong>sanguinem</strong></span> <span class='ocrx_word' id='word_1_142' title='bbox 1615 1964 1750 2034; x_wconf 87' lang='lat' dir='ltr'><strong>ejus.</strong></span> <span class='ocrx_word' id='word_1_143' title='bbox 1780 1963 1849 2020; x_wconf 84' lang='lat' dir='ltr'><strong>Et</strong></span> <span class='ocrx_word' id='word_1_144' title='bbox 1891 1980 1997 2019; x_wconf 89' lang='lat' dir='ltr'><strong>non</strong></span> 
     </span>
    </p>
   </div>
   <div class='ocr_carea' id='block_1_19' title="bbox 399 2055 1999 2128">
    <p class='ocr_par' dir='ltr' id='par_1_19' title="bbox 399 2055 1999 2128">
     <span class='ocr_line' id='line_1_19' title="bbox 399 2055 1999 2128; baseline 0.003 -20"><span class='ocrx_word' id='word_1_145' title='bbox 399 2055 574 2109; x_wconf 86' lang='lat' dir='ltr'><strong>solum</strong></span> <span class='ocrx_word' id='word_1_146' title='bbox 607 2071 700 2126; x_wconf 91' lang='lat' dir='ltr'><strong>per</strong></span> <span class='ocrx_word' id='word_1_147' title='bbox 737 2059 1074 2127; x_wconf 78' lang='lat' dir='ltr'><strong>sanguinem,</strong></span> <span class='ocrx_word' id='word_1_148' title='bbox 1128 2057 1222 2111; x_wconf 89' lang='lat' dir='ltr'><strong>sed</strong></span> <span class='ocrx_word' id='word_1_149' title='bbox 1256 2057 1398 2128; x_wconf 90' lang='lat' dir='ltr'><strong>quod</strong></span> <span class='ocrx_word' id='word_1_150' title='bbox 1428 2068 1510 2112; x_wconf 90' lang='lat' dir='ltr'><strong>est</strong></span> <span class='ocrx_word' id='word_1_151' title='bbox 1545 2074 1611 2113; x_wconf 89' lang='lat' dir='ltr'><strong>eo</strong></span> <span class='ocrx_word' id='word_1_152' title='bbox 1641 2059 1812 2128; x_wconf 85' lang='lat' dir='ltr'><strong>majus</strong></span> <span class='ocrx_word' id='word_1_153' title='bbox 1837 2100 1851 2125; x_wconf 96' lang='lat'><strong>,</strong></span> <span class='ocrx_word' id='word_1_154' title='bbox 1902 2074 1999 2128; x_wconf 89' lang='lat' dir='ltr'><strong>per</strong></span> 
     </span>
    </p>
   </div>
   <div class='ocr_carea' id='block_1_20' title="bbox 397 2149 1997 2222">
    <p class='ocr_par' dir='ltr' id='par_1_20' title="bbox 397 2149 1997 2222">
     <span class='ocr_line' id='line_1_20' title="bbox 397 2149 1997 2222; baseline 0.003 -19"><span class='ocrx_word' id='word_1_155' title='bbox 397 2165 634 2205; x_wconf 84' lang='lat' dir='ltr'><strong>crucem.</strong></span> <span class='ocrx_word' id='word_1_156' title='bbox 669 2149 1032 2218; x_wconf 90' lang='lat' dir='ltr'><strong>Quamobrem</strong></span> <span class='ocrx_word' id='word_1_157' title='bbox 1076 2150 1312 2222; x_wconf 88' lang='lat' dir='ltr'><strong>quinque</strong></span> <span class='ocrx_word' id='word_1_158' title='bbox 1342 2159 1469 2206; x_wconf 90' lang='lat' dir='ltr'><strong>sunt</strong></span> <span class='ocrx_word' id='word_1_159' title='bbox 1495 2152 1852 2217; x_wconf 86' lang='lat' dir='ltr'><strong>admirabilia,</strong></span> <span class='ocrx_word' id='word_1_160' title='bbox 1888 2153 1997 2207; x_wconf 88' lang='lat' dir='ltr'><strong>Deo</strong></span> 
     </span>
    </p>
   </div>
   <div class='ocr_carea' id='block_1_21' title="bbox 395 2243 1991 2314">
    <p class='ocr_par' dir='ltr' id='par_1_21' title="bbox 395 2243 1991 2314">
     <span class='ocr_line' id='line_1_21' title="bbox 395 2243 1991 2314; baseline 0 -18"><span class='ocrx_word' id='word_1_161' title='bbox 395 2243 779 2308; x_wconf 69' lang='lat' dir='ltr'><strong>reconciliavit,</strong></span> <span class='ocrx_word' id='word_1_162' title='bbox 814 2258 910 2312; x_wconf 88' lang='lat' dir='ltr'><strong>per</strong></span> <span class='ocrx_word' id='word_1_163' title='bbox 939 2243 1198 2311; x_wconf 91' lang='lat' dir='ltr'><strong>seipsum,</strong></span> <span class='ocrx_word' id='word_1_164' title='bbox 1226 2260 1320 2313; x_wconf 87' lang='lat' dir='ltr'><strong>per</strong></span> <span class='ocrx_word' id='word_1_165' title='bbox 1342 2253 1594 2310; x_wconf 90' lang='lat' dir='ltr'><strong>mortem,</strong></span> <span class='ocrx_word' id='word_1_166' title='bbox 1627 2260 1723 2314; x_wconf 90' lang='lat' dir='ltr'><strong>per</strong></span> <span class='ocrx_word' id='word_1_167' title='bbox 1753 2259 1991 2298; x_wconf 90' lang='lat' dir='ltr'><strong>crucem.</strong></span> 
     </span>
    </p>
   </div>
   <div class='ocr_carea' id='block_1_22' title="bbox 387 2336 1997 2407">
    <p class='ocr_par' dir='ltr' id='par_1_22' title="bbox 387 2336 1997 2407">
     <span class='ocr_line' id='line_1_22' title="bbox 387 2336 1997 2407; baseline 0.002 -17"><span class='ocrx_word' id='word_1_168' title='bbox 387 2336 585 2407; x_wconf 80' lang='lat' dir='ltr'><strong>Papze!</strong></span> <span class='ocrx_word' id='word_1_169' title='bbox 614 2336 889 2407; x_wconf 90' lang='lat' dir='ltr'><strong>quomodo</strong></span> <span class='ocrx_word' id='word_1_170' title='bbox 917 2352 1101 2391; x_wconf 88' lang='lat' dir='ltr'><strong>rursus</strong></span> <span class='ocrx_word' id='word_1_171' title='bbox 1128 2337 1383 2406; x_wconf 77' lang='lat' dir='ltr'><strong>miscuit?</strong></span> <span class='ocrx_word' id='word_1_172' title='bbox 1410 2337 1542 2392; x_wconf 87' lang='lat' dir='ltr'><strong>Nam</strong></span> <span class='ocrx_word' id='word_1_173' title='bbox 1569 2353 1635 2393; x_wconf 90' lang='lat' dir='ltr'><strong>ne</strong></span> <span class='ocrx_word' id='word_1_174' title='bbox 1663 2337 1997 2394; x_wconf 79' lang='lat' dir='ltr'><strong>existimares</strong></span> 
     </span>
    </p>
   </div>
   <div class='ocr_carea' id='block_1_23' title="bbox 393 2430 1994 2500">
    <p class='ocr_par' dir='ltr' id='par_1_23' title="bbox 393 2430 1994 2500">
     <span class='ocr_line' id='line_1_23' title="bbox 393 2430 1994 2500; baseline 0.002 -20"><span class='ocrx_word' id='word_1_175' title='bbox 393 2443 557 2482; x_wconf 82' lang='lat' dir='ltr'><strong>unum</strong></span> <span class='ocrx_word' id='word_1_176' title='bbox 586 2443 728 2493; x_wconf 90' lang='lat' dir='ltr'><strong>esse,</strong></span> <span class='ocrx_word' id='word_1_177' title='bbox 775 2444 950 2499; x_wconf 88' lang='lat' dir='ltr'><strong>neque</strong></span> <span class='ocrx_word' id='word_1_178' title='bbox 977 2443 1195 2484; x_wconf 86' lang='lat' dir='ltr'><strong>crucem</strong></span> <span class='ocrx_word' id='word_1_179' title='bbox 1224 2444 1344 2484; x_wconf 89' lang='lat' dir='ltr'><strong>esse</strong></span> <span class='ocrx_word' id='word_1_180' title='bbox 1369 2430 1568 2500; x_wconf 88' lang='lat' dir='ltr'><strong>aliquid</strong></span> <span class='ocrx_word' id='word_1_181' title='bbox 1602 2446 1696 2499; x_wconf 91' lang='lat' dir='ltr'><strong>per</strong></span> <span class='ocrx_word' id='word_1_182' title='bbox 1735 2446 1814 2493; x_wconf 90' lang='lat' dir='ltr'><strong>se,</strong></span> <span class='ocrx_word' id='word_1_183' title='bbox 1845 2431 1994 2498; x_wconf 88' lang='lat' dir='ltr'><strong>dicit,</strong></span> 
     </span>
    </p>
   </div>
   <div class='ocr_carea' id='block_1_24' title="bbox 393 2518 1995 2590">
    <p class='ocr_par' dir='ltr' id='par_1_24' title="bbox 393 2518 1995 2590">
     <span class='ocr_line' id='line_1_24' title="bbox 393 2518 1995 2590; baseline 0.002 -18"><span class='ocrx_word' id='word_1_184' title='bbox 393 2518 501 2572; x_wconf 83' lang='lat' dir='ltr'><strong>Per</strong></span> <span class='ocrx_word' id='word_1_185' title='bbox 529 2521 776 2590; x_wconf 83' lang='lat' dir='ltr'><strong>seipsum.</strong></span> <span class='ocrx_word' id='word_1_186' title='bbox 804 2518 1086 2586; x_wconf 84' lang='lat' dir='ltr'><strong>Quomodo</strong></span> <span class='ocrx_word' id='word_1_187' title='bbox 1116 2522 1264 2574; x_wconf 92' lang='lat' dir='ltr'><strong>novit</strong></span> <span class='ocrx_word' id='word_1_188' title='bbox 1293 2521 1394 2575; x_wconf 93' lang='lat' dir='ltr'><strong>hoc</strong></span> <span class='ocrx_word' id='word_1_189' title='bbox 1415 2535 1534 2575; x_wconf 78' lang='lat' dir='ltr'><strong>esse</strong></span> <span class='ocrx_word' id='word_1_190' title='bbox 1553 2537 1799 2590; x_wconf 87' lang='lat' dir='ltr'><strong>magnum</strong></span> <span class='ocrx_word' id='word_1_191' title='bbox 1818 2524 1840 2576; x_wconf 85' lang='lat'><strong>?</strong></span> <span class='ocrx_word' id='word_1_192' title='bbox 1862 2522 1995 2576; x_wconf 90' lang='lat' dir='ltr'><strong>Cum</strong></span> 
     </span>
    </p>
   </div>
   <div class='ocr_carea' id='block_1_25' title="bbox 389 2616 1997 2688">
    <p class='ocr_par' dir='ltr' id='par_1_25' title="bbox 389 2616 1997 2688">
     <span class='ocr_line' id='line_1_25' title="bbox 389 2616 1997 2688; baseline 0.003 -19"><span class='ocrx_word' id='word_1_193' title='bbox 389 2630 501 2669; x_wconf 90' lang='lat' dir='ltr'><strong>non</strong></span> <span class='ocrx_word' id='word_1_194' title='bbox 525 2616 724 2682; x_wconf 82' lang='lat' dir='ltr'><strong>verbis,</strong></span> <span class='ocrx_word' id='word_1_195' title='bbox 754 2616 851 2670; x_wconf 91' lang='lat' dir='ltr'><strong>sed</strong></span> <span class='ocrx_word' id='word_1_196' title='bbox 897 2617 1076 2687; x_wconf 88' lang='lat' dir='ltr'><strong>seipse</strong></span> <span class='ocrx_word' id='word_1_197' title='bbox 1101 2617 1227 2672; x_wconf 85' lang='lat' dir='ltr'><strong>dato</strong></span> <span class='ocrx_word' id='word_1_198' title='bbox 1268 2634 1364 2688; x_wconf 91' lang='lat' dir='ltr'><strong>pro</strong></span> <span class='ocrx_word' id='word_1_199' title='bbox 1411 2620 1867 2685; x_wconf 87' lang='lat' dir='ltr'><strong>reconciliatione,</strong></span> <span class='ocrx_word' id='word_1_200' title='bbox 1919 2620 1997 2675; x_wconf 90' lang='lat' dir='ltr'><strong>sic</strong></span> 
     </span>
    </p>
   </div>
   <div class='ocr_carea' id='block_1_26' title="bbox 391 2710 1996 2780">
    <p class='ocr_par' dir='ltr' id='par_1_26' title="bbox 391 2710 1996 2780">
     <span class='ocr_line' id='line_1_26' title="bbox 391 2710 1996 2780; baseline 0.002 -16"><span class='ocrx_word' id='word_1_201' title='bbox 391 2711 573 2764; x_wconf 90' lang='lat' dir='ltr'><strong>omnia</strong></span> <span class='ocrx_word' id='word_1_202' title='bbox 623 2710 823 2766; x_wconf 80' lang='lat' dir='ltr'><strong>eli‘ecit.</strong></span> <span class='ocrx_word' id='word_1_203' title='bbox 875 2711 1012 2778; x_wconf 86' lang='lat' dir='ltr'><strong>Quid</strong></span> <span class='ocrx_word' id='word_1_204' title='bbox 1069 2722 1152 2766; x_wconf 90' lang='lat' dir='ltr'><strong>est</strong></span> <span class='ocrx_word' id='word_1_205' title='bbox 1193 2723 1370 2767; x_wconf 89' lang='lat' dir='ltr'><strong>autem</strong></span> <span class='ocrx_word' id='word_1_206' title='bbox 1400 2714 1549 2780; x_wconf 89' lang='lat' dir='ltr'><strong>illttd,</strong></span> <span class='ocrx_word' id='word_1_207' title='bbox 1579 2713 1705 2780; x_wconf 71' lang='lat' dir='ltr'><strong>Quae</strong></span> <span class='ocrx_word' id='word_1_208' title='bbox 1728 2715 1780 2767; x_wconf 87' lang='lat' dir='ltr'><strong>in</strong></span> <span class='ocrx_word' id='word_1_209' title='bbox 1817 2713 1996 2768; x_wconf 63' lang='lat' dir='ltr'><strong>caelis?</strong></span> 
     </span>
    </p>
   </div>
   <div class='ocr_carea' id='block_1_27' title="bbox 384 2806 1992 2877">
    <p class='ocr_par' dir='ltr' id='par_1_27' title="bbox 384 2806 1992 2877">
     <span class='ocr_line' id='line_1_27' title="bbox 384 2806 1992 2877; baseline 0.001 -18"><span class='ocrx_word' id='word_1_210' title='bbox 384 2821 516 2860; x_wconf 82' lang='lat' dir='ltr'><strong>mm</strong></span> <span class='ocrx_word' id='word_1_211' title='bbox 547 2821 666 2875; x_wconf 80' lang='lat' dir='ltr'><strong>qua:</strong></span> <span class='ocrx_word' id='word_1_212' title='bbox 697 2806 750 2858; x_wconf 91' lang='lat' dir='ltr'><strong>in</strong></span> <span class='ocrx_word' id='word_1_213' title='bbox 779 2815 920 2861; x_wconf 90' lang='lat' dir='ltr'><strong>terra</strong></span> <span class='ocrx_word' id='word_1_214' title='bbox 953 2806 1167 2875; x_wconf 89' lang='lat' dir='ltr'><strong>quidem</strong></span> <span class='ocrx_word' id='word_1_215' title='bbox 1191 2817 1332 2871; x_wconf 91' lang='lat' dir='ltr'><strong>sunt,</strong></span> <span class='ocrx_word' id='word_1_216' title='bbox 1373 2807 1598 2874; x_wconf 87' lang='lat' dir='ltr'><strong>merito;</strong></span> <span class='ocrx_word' id='word_1_217' title='bbox 1624 2808 1824 2877; x_wconf 89' lang='lat' dir='ltr'><strong>repleta</strong></span> <span class='ocrx_word' id='word_1_218' title='bbox 1851 2808 1992 2862; x_wconf 90' lang='lat' dir='ltr'><strong>enim</strong></span> 
     </span>
    </p>
   </div>
   <div class='ocr_carea' id='block_1_28' title="bbox 385 2897 1994 2970">
    <p class='ocr_par' dir='ltr' id='par_1_28' title="bbox 385 2897 1994 2970">
     <span class='ocr_line' id='line_1_28' title="bbox 385 2897 1994 2970; baseline 0.001 -18"><span class='ocrx_word' id='word_1_219' title='bbox 385 2906 508 2952; x_wconf 81' lang='lat' dir='ltr'><strong>erat</strong></span> <span class='ocrx_word' id='word_1_220' title='bbox 536 2898 851 2964; x_wconf 85' lang='lat' dir='ltr'><strong>inimicitiis,</strong></span> <span class='ocrx_word' id='word_1_221' title='bbox 885 2909 939 2952; x_wconf 92' lang='lat' dir='ltr'><strong>et</strong></span> <span class='ocrx_word' id='word_1_222' title='bbox 965 2897 1132 2952; x_wconf 85' lang='lat' dir='ltr'><strong>divisa</strong></span> <span class='ocrx_word' id='word_1_223' title='bbox 1169 2907 1283 2952; x_wconf 91' lang='lat' dir='ltr'><strong>erat</strong></span> <span class='ocrx_word' id='word_1_224' title='bbox 1312 2899 1363 2952; x_wconf 91' lang='lat' dir='ltr'><strong>in</strong></span> <span class='ocrx_word' id='word_1_225' title='bbox 1396 2900 1587 2968; x_wconf 90' lang='lat' dir='ltr'><strong>multa,</strong></span> <span class='ocrx_word' id='word_1_226' title='bbox 1624 2909 1676 2954; x_wconf 93' lang='lat' dir='ltr'><strong>et</strong></span> <span class='ocrx_word' id='word_1_227' title='bbox 1706 2900 1994 2970; x_wconf 88' lang='lat' dir='ltr'><strong>unusquis-</strong></span> 
     </span>
    </p>
   </div>
   <div class='ocr_carea' id='block_1_29' title="bbox 391 2990 1994 3062">
    <p class='ocr_par' dir='ltr' id='par_1_29' title="bbox 391 2990 1994 3062">
     <span class='ocr_line' id='line_1_29' title="bbox 391 2990 1994 3062; baseline 0.001 -19"><span class='ocrx_word' id='word_1_228' title='bbox 391 3008 497 3062; x_wconf 88' lang='lat' dir='ltr'><strong>que</strong></span> <span class='ocrx_word' id='word_1_229' title='bbox 520 3002 764 3047; x_wconf 90' lang='lat' dir='ltr'><strong>nostrum</strong></span> <span class='ocrx_word' id='word_1_230' title='bbox 807 3005 991 3045; x_wconf 89' lang='lat' dir='ltr'><strong>secum</strong></span> <span class='ocrx_word' id='word_1_231' title='bbox 1043 2990 1339 3045; x_wconf 88' lang='lat' dir='ltr'><strong>dissidebat</strong></span> <span class='ocrx_word' id='word_1_232' title='bbox 1381 2991 1433 3045; x_wconf 81' lang='lat' dir='ltr'><strong>&#39;et</strong></span> <span class='ocrx_word' id='word_1_233' title='bbox 1462 3007 1581 3045; x_wconf 92' lang='lat' dir='ltr'><strong>cum</strong></span> <span class='ocrx_word' id='word_1_234' title='bbox 1615 2991 1798 3045; x_wconf 90' lang='lat' dir='ltr'><strong>multis</strong></span> <span class='ocrx_word' id='word_1_235' title='bbox 1831 3008 1843 3044; x_wconf 90' lang='lat'><strong>:</strong></span> <span class='ocrx_word' id='word_1_236' title='bbox 1875 3007 1994 3060; x_wconf 70' lang='lat' dir='ltr'><strong>(pne</strong></span> 
     </span>
    </p>
   </div>
   <div class='ocr_carea' id='block_1_30' title="bbox 385 3081 1993 3152">
    <p class='ocr_par' dir='ltr' id='par_1_30' title="bbox 385 3081 1993 3152">
     <span class='ocr_line' id='line_1_30' title="bbox 385 3081 1993 3152; baseline 0 -16"><span class='ocrx_word' id='word_1_237' title='bbox 385 3094 572 3136; x_wconf 84' lang='lat' dir='ltr'><strong>autem</strong></span> <span class='ocrx_word' id='word_1_238' title='bbox 603 3093 728 3136; x_wconf 89' lang='lat' dir='ltr'><strong>sunt</strong></span> <span class='ocrx_word' id='word_1_239' title='bbox 758 3082 811 3135; x_wconf 90' lang='lat' dir='ltr'><strong>in</strong></span> <span class='ocrx_word' id='word_1_240' title='bbox 864 3081 1014 3135; x_wconf 69' lang='lat' dir='ltr'><strong>crelis</strong></span> <span class='ocrx_word' id='word_1_241' title='bbox 1043 3081 1316 3150; x_wconf 89' lang='lat' dir='ltr'><strong>quomodo</strong></span> <span class='ocrx_word' id='word_1_242' title='bbox 1347 3081 1685 3152; x_wconf 81' lang='lat' dir='ltr'><strong>pacilicavit?</strong></span> <span class='ocrx_word' id='word_1_243' title='bbox 1727 3081 1832 3136; x_wconf 90' lang='lat' dir='ltr'><strong>illic</strong></span> <span class='ocrx_word' id='word_1_244' title='bbox 1861 3097 1993 3152; x_wconf 88' lang='lat' dir='ltr'><strong>quo-</strong></span> 
     </span>
    </p>
   </div>
   <div class='ocr_carea' id='block_1_31' title="bbox 390 3174 1993 3247">
    <p class='ocr_par' dir='ltr' id='par_1_31' title="bbox 390 3174 1993 3247">
     <span class='ocr_line' id='line_1_31' title="bbox 390 3174 1993 3247; baseline -0.002 -16"><span class='ocrx_word' id='word_1_245' title='bbox 390 3193 499 3247; x_wconf 89' lang='lat' dir='ltr'><strong>que</strong></span> <span class='ocrx_word' id='word_1_246' title='bbox 531 3187 647 3230; x_wconf 91' lang='lat' dir='ltr'><strong>erat</strong></span> <span class='ocrx_word' id='word_1_247' title='bbox 674 3175 878 3230; x_wconf 90' lang='lat' dir='ltr'><strong>bellum</strong></span> <span class='ocrx_word' id='word_1_248' title='bbox 925 3184 978 3230; x_wconf 89' lang='lat' dir='ltr'><strong>et</strong></span> <span class='ocrx_word' id='word_1_249' title='bbox 1009 3177 1224 3244; x_wconf 81' lang='lat' dir='ltr'><strong>pugna?</strong></span> <span class='ocrx_word' id='word_1_250' title='bbox 1257 3185 1311 3229; x_wconf 90' lang='lat' dir='ltr'><strong>et</strong></span> <span class='ocrx_word' id='word_1_251' title='bbox 1363 3174 1636 3244; x_wconf 90' lang='lat' dir='ltr'><strong>quomodo</strong></span> <span class='ocrx_word' id='word_1_252' title='bbox 1663 3191 1879 3229; x_wconf 80' lang='lat' dir='ltr'><strong>oramus</strong></span> <span class='ocrx_word' id='word_1_253' title='bbox 1910 3175 1993 3228; x_wconf 84' lang='lat' dir='ltr'><strong>di-</strong></span> 
     </span>
    </p>
   </div>
   <div class='ocr_carea' id='block_1_32' title="bbox 387 3266 1995 3329">
    <p class='ocr_par' dir='ltr' id='par_1_32' title="bbox 387 3266 1995 3329">
     <span class='ocr_line' id='line_1_32' title="bbox 387 3266 1995 3329; baseline 0.001 -11"><span class='ocrx_word' id='word_1_254' title='bbox 387 3279 613 3329; x_wconf 81' lang='lat' dir='ltr'><strong>centes,</strong></span> <span class='ocrx_word' id='word_1_255' title='bbox 648 3266 769 3320; x_wconf 87' lang='lat' dir='ltr'><strong>Fiat</strong></span> <span class='ocrx_word' id='word_1_256' title='bbox 815 3267 1046 3319; x_wconf 83' lang='lat' dir='ltr'><strong>voluntas</strong></span> <span class='ocrx_word' id='word_1_257' title='bbox 1091 3276 1179 3318; x_wconf 85' lang='lat' dir='ltr'><strong>tua</strong></span> <span class='ocrx_word' id='word_1_258' title='bbox 1221 3266 1347 3319; x_wconf 85' lang='lat' dir='ltr'><strong>sicut</strong></span> <span class='ocrx_word' id='word_1_259' title='bbox 1392 3268 1442 3319; x_wconf 87' lang='lat' dir='ltr'><strong>in</strong></span> <span class='ocrx_word' id='word_1_260' title='bbox 1484 3267 1608 3319; x_wconf 79' lang='lat' dir='ltr'><strong>ctvlo</strong></span> <span class='ocrx_word' id='word_1_261' title='bbox 1663 3276 1709 3318; x_wconf 85' lang='lat' dir='ltr'><strong>et</strong></span> <span class='ocrx_word' id='word_1_262' title='bbox 1762 3267 1815 3319; x_wconf 88' lang='lat' dir='ltr'><strong>in</strong></span> <span class='ocrx_word' id='word_1_263' title='bbox 1861 3277 1995 3320; x_wconf 83' lang='lat' dir='ltr'><strong>terra</strong></span> 
     </span>
    </p>
   </div>
   <div class='ocr_carea' id='block_1_33' title="bbox 393 3355 1994 3431">
    <p class='ocr_par' dir='ltr' id='par_1_33' title="bbox 393 3355 1994 3431">
     <span class='ocr_line' id='line_1_33' title="bbox 393 3355 1994 3431; baseline -0.001 -19"><span class='ocrx_word' id='word_1_264' title='bbox 393 3359 621 3431; x_wconf 80' lang='lat' dir='ltr'><strong>(Matth.</strong></span> <span class='ocrx_word' id='word_1_265' title='bbox 648 3358 700 3412; x_wconf 88' lang='lat'><strong>6.</strong></span> <span class='ocrx_word' id='word_1_266' title='bbox 727 3357 832 3429; x_wconf 82' lang='grc'><strong>10)</strong></span> <span class='ocrx_word' id='word_1_267' title='bbox 857 3359 880 3410; x_wconf 90' lang='lat'><strong>?</strong></span> <span class='ocrx_word' id='word_1_268' title='bbox 902 3355 1028 3426; x_wconf 91' lang='lat' dir='ltr'><strong>quid</strong></span> <span class='ocrx_word' id='word_1_269' title='bbox 1057 3371 1187 3424; x_wconf 83' lang='lat' dir='ltr'><strong>ergo</strong></span> <span class='ocrx_word' id='word_1_270' title='bbox 1216 3356 1333 3409; x_wconf 86' lang='lat' dir='ltr'><strong>est?</strong></span> <span class='ocrx_word' id='word_1_271' title='bbox 1362 3356 1613 3410; x_wconf 74' lang='lat' dir='ltr'><strong>Abscissa</strong></span> <span class='ocrx_word' id='word_1_272' title='bbox 1641 3367 1753 3410; x_wconf 91' lang='lat' dir='ltr'><strong>crat</strong></span> <span class='ocrx_word' id='word_1_273' title='bbox 1796 3365 1931 3411; x_wconf 86' lang='lat' dir='ltr'><strong>terra</strong></span> <span class='ocrx_word' id='word_1_274' title='bbox 1963 3371 1994 3410; x_wconf 90' lang='lat' dir='ltr'><strong>a</strong></span> 
     </span>
    </p>
   </div>
   <div class='ocr_carea' id='block_1_34' title="bbox 394 3447 1995 3521">
    <p class='ocr_par' dir='ltr' id='par_1_34' title="bbox 394 3447 1995 3521">
     <span class='ocr_line' id='line_1_34' title="bbox 394 3447 1995 3521; baseline -0.004 -14"><span class='ocrx_word' id='word_1_275' title='bbox 394 3454 532 3507; x_wconf 69' lang='lat' dir='ltr'><strong>cmlo</strong></span> <span class='ocrx_word' id='word_1_276' title='bbox 563 3494 574 3516; x_wconf 95' lang='lat'><strong>,</strong></span> <span class='ocrx_word' id='word_1_277' title='bbox 603 3452 802 3506; x_wconf 91' lang='lat' dir='ltr'><strong>bellum</strong></span> <span class='ocrx_word' id='word_1_278' title='bbox 827 3449 1090 3521; x_wconf 83' lang='lat' dir='ltr'><strong>gerebant</strong></span> <span class='ocrx_word' id='word_1_279' title='bbox 1117 3449 1289 3518; x_wconf 81' lang='lat' dir='ltr'><strong>angeli</strong></span> <span class='ocrx_word' id='word_1_280' title='bbox 1317 3448 1573 3502; x_wconf 87' lang='lat' dir='ltr'><strong>adversus</strong></span> <span class='ocrx_word' id='word_1_281' title='bbox 1600 3447 1845 3502; x_wconf 80' lang='lat' dir='ltr'><strong>homines</strong></span> <span class='ocrx_word' id='word_1_282' title='bbox 1872 3490 1886 3514; x_wconf 96' lang='lat'><strong>,</strong></span> <span class='ocrx_word' id='word_1_283' title='bbox 1917 3450 1995 3501; x_wconf 86' lang='lat' dir='ltr'><strong>vi-</strong></span> 
     </span>
    </p>
   </div>
   <div class='ocr_carea' id='block_1_35' title="bbox 396 3541 1992 3614">
    <p class='ocr_par' dir='ltr' id='par_1_35' title="bbox 396 3541 1992 3614">
     <span class='ocr_line' id='line_1_35' title="bbox 396 3541 1992 3614; baseline -0.004 -10"><span class='ocrx_word' id='word_1_284' title='bbox 396 3549 587 3604; x_wconf 89' lang='lat' dir='ltr'><strong>dentes</strong></span> <span class='ocrx_word' id='word_1_285' title='bbox 612 3563 764 3602; x_wconf 90' lang='lat' dir='ltr'><strong>suum</strong></span> <span class='ocrx_word' id='word_1_286' title='bbox 795 3546 1077 3600; x_wconf 87' lang='lat' dir='ltr'><strong>Dominttm</strong></span> <span class='ocrx_word' id='word_1_287' title='bbox 1099 3547 1295 3614; x_wconf 90' lang='lat' dir='ltr'><strong>probro</strong></span> <span class='ocrx_word' id='word_1_288' title='bbox 1316 3551 1369 3597; x_wconf 91' lang='lat' dir='ltr'><strong>et</strong></span> <span class='ocrx_word' id='word_1_289' title='bbox 1389 3542 1707 3597; x_wconf 69' lang='lat' dir='ltr'><strong>contumelia</strong></span> <span class='ocrx_word' id='word_1_290' title='bbox 1723 3541 1992 3597; x_wconf 78' lang='lat' dir='ltr'><strong>allectum.</strong></span> 
     </span>
    </p>
   </div>
   <div class='ocr_carea' id='block_1_36' title="bbox 396 3637 1996 3708">
    <p class='ocr_par' dir='ltr' id='par_1_36' title="bbox 396 3637 1996 3708">
     <span class='ocr_line' id='line_1_36' title="bbox 396 3637 1996 3708; baseline -0.003 -11"><span class='ocrx_word' id='word_1_291' title='bbox 396 3644 532 3697; x_wconf 88' lang='lat' dir='ltr'><strong>Dicit</strong></span> <span class='ocrx_word' id='word_1_292' title='bbox 556 3643 732 3696; x_wconf 88' lang='lat' dir='ltr'><strong>omnia</strong></span> <span class='ocrx_word' id='word_1_293' title='bbox 753 3640 1035 3695; x_wconf 89' lang='lat' dir='ltr'><strong>instaurari</strong></span> <span class='ocrx_word' id='word_1_294' title='bbox 1057 3640 1108 3693; x_wconf 92' lang='lat' dir='ltr'><strong>in</strong></span> <span class='ocrx_word' id='word_1_295' title='bbox 1131 3639 1362 3702; x_wconf 90' lang='lat' dir='ltr'><strong>Christo,</strong></span> <span class='ocrx_word' id='word_1_296' title='bbox 1383 3653 1502 3708; x_wconf 74' lang='lat' dir='ltr'><strong>qua:</strong></span> <span class='ocrx_word' id='word_1_297' title='bbox 1532 3637 1725 3692; x_wconf 91' lang='lat' dir='ltr'><strong>suntin</strong></span> <span class='ocrx_word' id='word_1_298' title='bbox 1757 3638 1919 3702; x_wconf 64' lang='lat' dir='ltr'><strong>caelis,</strong></span> <span class='ocrx_word' id='word_1_299' title='bbox 1941 3647 1996 3692; x_wconf 88' lang='lat' dir='ltr'><strong>et</strong></span> 
     </span>
    </p>
   </div>
   <div class='ocr_carea' id='block_1_37' title="bbox 392 3729 1994 3806">
    <p class='ocr_par' dir='ltr' id='par_1_37' title="bbox 392 3729 1994 3806">
     <span class='ocr_line' id='line_1_37' title="bbox 392 3729 1994 3806; baseline -0.004 -17"><span class='ocrx_word' id='word_1_300' title='bbox 392 3752 512 3806; x_wconf 72' lang='lat' dir='ltr'><strong>qua:</strong></span> <span class='ocrx_word' id='word_1_301' title='bbox 531 3743 654 3789; x_wconf 90' lang='lat' dir='ltr'><strong>sunt</strong></span> <span class='ocrx_word' id='word_1_302' title='bbox 677 3735 726 3789; x_wconf 91' lang='lat' dir='ltr'><strong>in</strong></span> <span class='ocrx_word' id='word_1_303' title='bbox 758 3743 900 3805; x_wconf 78' lang='lat' dir='ltr'><strong>terra</strong></span> <span class='ocrx_word' id='word_1_304' title='bbox 923 3732 940 3803; x_wconf 97' lang='lat'><strong>(</strong></span> <span class='ocrx_word' id='word_1_305' title='bbox 960 3730 1152 3802; x_wconf 85' lang='lat' dir='ltr'><strong>Ephes.</strong></span> <span class='ocrx_word' id='word_1_306' title='bbox 1182 3732 1230 3785; x_wconf 81' lang='lat' dir='ltr'><strong>l.</strong></span> <span class='ocrx_word' id='word_1_307' title='bbox 1261 3729 1391 3801; x_wconf 83' lang='grc'><strong>10).</strong></span> <span class='ocrx_word' id='word_1_308' title='bbox 1418 3729 1738 3796; x_wconf 87' lang='lat' dir='ltr'><strong>Quomodo?</strong></span> <span class='ocrx_word' id='word_1_309' title='bbox 1769 3730 1843 3784; x_wconf 85' lang='lat' dir='ltr'><strong>Ea</strong></span> <span class='ocrx_word' id='word_1_310' title='bbox 1877 3745 1994 3800; x_wconf 81' lang='lat' dir='ltr'><strong>quae</strong></span> 
     </span>
    </p>
   </div>
   <div class='ocr_carea' id='block_1_38' title="bbox 392 3820 1996 3888">
    <p class='ocr_par' dir='ltr' id='par_1_38' title="bbox 392 3820 1996 3888">
     <span class='ocr_line' id='line_1_38' title="bbox 392 3820 1996 3888; baseline -0.004 -6"><span class='ocrx_word' id='word_1_311' title='bbox 392 3838 520 3882; x_wconf 88' lang='lat' dir='ltr'><strong>sunt</strong></span> <span class='ocrx_word' id='word_1_312' title='bbox 552 3828 602 3881; x_wconf 92' lang='lat' dir='ltr'><strong>in</strong></span> <span class='ocrx_word' id='word_1_313' title='bbox 641 3827 773 3880; x_wconf 79' lang='lat' dir='ltr'><strong>ca-lo</strong></span> <span class='ocrx_word' id='word_1_314' title='bbox 823 3823 901 3879; x_wconf 89' lang='lat' dir='ltr'><strong>sic</strong></span> <span class='ocrx_word' id='word_1_315' title='bbox 942 3844 956 3880; x_wconf 91' lang='lat'><strong>:</strong></span> <span class='ocrx_word' id='word_1_316' title='bbox 1012 3822 1280 3878; x_wconf 82' lang='lat' dir='ltr'><strong>transtulit</strong></span> <span class='ocrx_word' id='word_1_317' title='bbox 1323 3822 1450 3875; x_wconf 90' lang='lat' dir='ltr'><strong>illuc</strong></span> <span class='ocrx_word' id='word_1_318' title='bbox 1479 3820 1774 3888; x_wconf 90' lang='lat' dir='ltr'><strong>hominem,</strong></span> <span class='ocrx_word' id='word_1_319' title='bbox 1817 3820 1996 3876; x_wconf 84' lang='lat' dir='ltr'><strong>inimi-</strong></span> 
     </span>
    </p>
   </div>
   <div class='ocr_carea' id='block_1_39' title="bbox 392 3914 1994 3992">
    <p class='ocr_par' dir='ltr' id='par_1_39' title="bbox 392 3914 1994 3992">
     <span class='ocr_line' id='line_1_39' title="bbox 392 3914 1994 3992; baseline -0.006 -14"><span class='ocrx_word' id='word_1_320' title='bbox 392 3939 515 3978; x_wconf 90' lang='lat' dir='ltr'><strong>cum</strong></span> <span class='ocrx_word' id='word_1_321' title='bbox 538 3922 628 3992; x_wconf 90' lang='lat' dir='ltr'><strong>qui</strong></span> <span class='ocrx_word' id='word_1_322' title='bbox 647 3920 772 3975; x_wconf 92' lang='lat' dir='ltr'><strong>odio</strong></span> <span class='ocrx_word' id='word_1_323' title='bbox 791 3918 1090 3974; x_wconf 89' lang='lat' dir='ltr'><strong>habebatur</strong></span> <span class='ocrx_word' id='word_1_324' title='bbox 1114 3917 1220 3971; x_wconf 88' lang='lat' dir='ltr'><strong>illis</strong></span> <span class='ocrx_word' id='word_1_325' title='bbox 1246 3914 1502 3971; x_wconf 90' lang='lat' dir='ltr'><strong>reddidit.</strong></span> <span class='ocrx_word' id='word_1_326' title='bbox 1535 3914 1651 3970; x_wconf 91' lang='lat' dir='ltr'><strong>Non</strong></span> <span class='ocrx_word' id='word_1_327' title='bbox 1677 3915 1849 3969; x_wconf 91' lang='lat' dir='ltr'><strong>solum</strong></span> <span class='ocrx_word' id='word_1_328' title='bbox 1875 3929 1994 3984; x_wconf 79' lang='lat' dir='ltr'><strong>qua:</strong></span> 
     </span>
    </p>
   </div>
   <div class='ocr_carea' id='block_1_40' title="bbox 392 4007 1996 4080">
    <p class='ocr_par' dir='ltr' id='par_1_40' title="bbox 392 4007 1996 4080">
     <span class='ocr_line' id='line_1_40' title="bbox 392 4007 1996 4080; baseline -0.005 -9"><span class='ocrx_word' id='word_1_329' title='bbox 392 4025 518 4071; x_wconf 85' lang='lat' dir='ltr'><strong>sunt</strong></span> <span class='ocrx_word' id='word_1_330' title='bbox 541 4016 594 4069; x_wconf 89' lang='lat' dir='ltr'><strong>in</strong></span> <span class='ocrx_word' id='word_1_331' title='bbox 626 4024 764 4068; x_wconf 88' lang='lat' dir='ltr'><strong>terra</strong></span> <span class='ocrx_word' id='word_1_332' title='bbox 793 4012 918 4066; x_wconf 87' lang='lat' dir='ltr'><strong>fecit</strong></span> <span class='ocrx_word' id='word_1_333' title='bbox 949 4025 1136 4080; x_wconf 90' lang='lat' dir='ltr'><strong>pacem</strong></span> <span class='ocrx_word' id='word_1_334' title='bbox 1167 4023 1346 4079; x_wconf 83' lang='lat' dir='ltr'><strong>agere,</strong></span> <span class='ocrx_word' id='word_1_335' title='bbox 1373 4008 1466 4064; x_wconf 90' lang='lat' dir='ltr'><strong>sed</strong></span> <span class='ocrx_word' id='word_1_336' title='bbox 1497 4007 1564 4062; x_wconf 88' lang='lat' dir='ltr'><strong>ad</strong></span> <span class='ocrx_word' id='word_1_337' title='bbox 1603 4008 1749 4078; x_wconf 91' lang='lat' dir='ltr'><strong>ipsos</strong></span> <span class='ocrx_word' id='word_1_338' title='bbox 1778 4007 1996 4063; x_wconf 86' lang='lat' dir='ltr'><strong>sustulit</strong></span> 
     </span>
    </p>
   </div>
   <div class='ocr_carea' id='block_1_41' title="bbox 393 4101 1994 4172">
    <p class='ocr_par' dir='ltr' id='par_1_41' title="bbox 393 4101 1994 4172">
     <span class='ocr_line' id='line_1_41' title="bbox 393 4101 1994 4172; baseline -0.007 -7"><span class='ocrx_word' id='word_1_339' title='bbox 393 4111 603 4165; x_wconf 90' lang='lat' dir='ltr'><strong>hostem</strong></span> <span class='ocrx_word' id='word_1_340' title='bbox 633 4117 686 4163; x_wconf 91' lang='lat' dir='ltr'><strong>et</strong></span> <span class='ocrx_word' id='word_1_341' title='bbox 709 4107 1005 4161; x_wconf 89' lang='lat' dir='ltr'><strong>inimicum.</strong></span> <span class='ocrx_word' id='word_1_342' title='bbox 1041 4103 1152 4158; x_wconf 87' lang='lat' dir='ltr'><strong>lloc</strong></span> <span class='ocrx_word' id='word_1_343' title='bbox 1201 4118 1301 4172; x_wconf 81' lang='lat' dir='ltr'><strong>pax</strong></span> <span class='ocrx_word' id='word_1_344' title='bbox 1334 4101 1618 4172; x_wconf 85' lang='lat' dir='ltr'><strong>profunda.</strong></span> <span class='ocrx_word' id='word_1_345' title='bbox 1651 4101 1840 4171; x_wconf 82' lang='lat' dir='ltr'><strong>Angeli</strong></span> <span class='ocrx_word' id='word_1_346' title='bbox 1868 4117 1994 4155; x_wconf 54' lang='lat' dir='ltr'><strong>rur.</strong></span> 
     </span>
    </p>
   </div>
   <div class='ocr_carea' id='block_1_42' title="bbox 391 4193 1992 4266">
    <p class='ocr_par' dir='ltr' id='par_1_42' title="bbox 391 4193 1992 4266">
     <span class='ocr_line' id='line_1_42' title="bbox 391 4193 1992 4266; baseline -0.006 -8"><span class='ocrx_word' id='word_1_347' title='bbox 391 4219 484 4258; x_wconf 86' lang='lat' dir='ltr'><strong>sus</strong></span> <span class='ocrx_word' id='word_1_348' title='bbox 512 4209 804 4257; x_wconf 87' lang='lat' dir='ltr'><strong>cernuntur</strong></span> <span class='ocrx_word' id='word_1_349' title='bbox 833 4200 884 4252; x_wconf 91' lang='lat' dir='ltr'><strong>in</strong></span> <span class='ocrx_word' id='word_1_350' title='bbox 919 4208 1079 4262; x_wconf 89' lang='lat' dir='ltr'><strong>terra,</strong></span> <span class='ocrx_word' id='word_1_351' title='bbox 1106 4195 1356 4266; x_wconf 88' lang='lat' dir='ltr'><strong>quoniam</strong></span> <span class='ocrx_word' id='word_1_352' title='bbox 1398 4193 1562 4248; x_wconf 91' lang='lat' dir='ltr'><strong>homo</strong></span> <span class='ocrx_word' id='word_1_353' title='bbox 1586 4209 1803 4264; x_wconf 90' lang='lat' dir='ltr'><strong>quoque</strong></span> <span class='ocrx_word' id='word_1_354' title='bbox 1825 4208 1992 4263; x_wconf 88' lang='lat' dir='ltr'><strong>appa-</strong></span> 
     </span>
    </p>
   </div>
   <div class='ocr_carea' id='block_1_43' title="bbox 391 4284 1994 4350">
    <p class='ocr_par' dir='ltr' id='par_1_43' title="bbox 391 4284 1994 4350">
     <span class='ocr_line' id='line_1_43' title="bbox 391 4284 1994 4350; baseline -0.006 -1"><span class='ocrx_word' id='word_1_355' title='bbox 391 4295 503 4350; x_wconf 87' lang='lat' dir='ltr'><strong>ruit</strong></span> <span class='ocrx_word' id='word_1_356' title='bbox 529 4294 579 4347; x_wconf 94' lang='lat' dir='ltr'><strong>in</strong></span> <span class='ocrx_word' id='word_1_357' title='bbox 612 4293 765 4346; x_wconf 86' lang='lat' dir='ltr'><strong>caelo.</strong></span> <span class='ocrx_word' id='word_1_358' title='bbox 794 4289 923 4344; x_wconf 84' lang='lat' dir='ltr'><strong>Mihi</strong></span> <span class='ocrx_word' id='word_1_359' title='bbox 951 4297 1130 4342; x_wconf 89' lang='lat' dir='ltr'><strong>autem</strong></span> <span class='ocrx_word' id='word_1_360' title='bbox 1158 4285 1368 4340; x_wconf 89' lang='lat' dir='ltr'><strong>videtur</strong></span> <span class='ocrx_word' id='word_1_361' title='bbox 1415 4300 1478 4340; x_wconf 89' lang='lat' dir='ltr'><strong>ea</strong></span> <span class='ocrx_word' id='word_1_362' title='bbox 1524 4284 1594 4340; x_wconf 90' lang='lat' dir='ltr'><strong>de</strong></span> <span class='ocrx_word' id='word_1_363' title='bbox 1620 4299 1782 4339; x_wconf 89' lang='lat' dir='ltr'><strong>causa</strong></span> <span class='ocrx_word' id='word_1_364' title='bbox 1830 4284 1994 4340; x_wconf 86' lang='lat' dir='ltr'><strong>fuisse</strong></span> 
     </span>
    </p>
   </div>
   <div class='ocr_carea' id='block_1_44' title="bbox 393 4375 1994 4455">
    <p class='ocr_par' dir='ltr' id='par_1_44' title="bbox 393 4375 1994 4455">
     <span class='ocr_line' id='line_1_44' title="bbox 393 4375 1994 4455; baseline -0.007 -13"><span class='ocrx_word' id='word_1_365' title='bbox 393 4397 578 4455; x_wconf 86' lang='lat' dir='ltr'><strong>raptus</strong></span> <span class='ocrx_word' id='word_1_366' title='bbox 619 4383 840 4446; x_wconf 88' lang='lat' dir='ltr'><strong>Paulus,</strong></span> <span class='ocrx_word' id='word_1_367' title='bbox 870 4391 925 4435; x_wconf 91' lang='lat' dir='ltr'><strong>et</strong></span> <span class='ocrx_word' id='word_1_368' title='bbox 978 4390 1036 4434; x_wconf 90' lang='lat' dir='ltr'><strong>ut</strong></span> <span class='ocrx_word' id='word_1_369' title='bbox 1066 4377 1382 4433; x_wconf 88' lang='lat' dir='ltr'><strong>ostenderet</strong></span> <span class='ocrx_word' id='word_1_370' title='bbox 1411 4376 1555 4448; x_wconf 87' lang='lat' dir='ltr'><strong>quod</strong></span> <span class='ocrx_word' id='word_1_371' title='bbox 1587 4375 1755 4431; x_wconf 90' lang='lat' dir='ltr'><strong>Filius</strong></span> <span class='ocrx_word' id='word_1_372' title='bbox 1781 4389 1994 4447; x_wconf 85' lang='lat' dir='ltr'><strong>quoque</strong></span> 
     </span>
    </p>
   </div>
   <div class='ocr_carea' id='block_1_45' title="bbox 391 4464 1996 4546">
    <p class='ocr_par' dir='ltr' id='par_1_45' title="bbox 391 4464 1996 4546">
     <span class='ocr_line' id='line_1_45' title="bbox 391 4464 1996 4546; baseline -0.007 -12"><span class='ocrx_word' id='word_1_373' title='bbox 391 4482 518 4536; x_wconf 87' lang='lat' dir='ltr'><strong>illuc</strong></span> <span class='ocrx_word' id='word_1_374' title='bbox 551 4481 620 4533; x_wconf 89' lang='lat' dir='ltr'><strong>sit</strong></span> <span class='ocrx_word' id='word_1_375' title='bbox 649 4464 976 4546; x_wconf 90' lang='lat' dir='ltr'><strong>assumptus.</strong></span> <span class='ocrx_word' id='word_1_376' title='bbox 1008 4473 1142 4528; x_wconf 85' lang='lat' dir='ltr'><strong>Nam</strong></span> <span class='ocrx_word' id='word_1_377' title='bbox 1171 4474 1227 4528; x_wconf 93' lang='lat' dir='ltr'><strong>in</strong></span> <span class='ocrx_word' id='word_1_378' title='bbox 1257 4481 1400 4526; x_wconf 88' lang='lat' dir='ltr'><strong>terra</strong></span> <span class='ocrx_word' id='word_1_379' title='bbox 1429 4487 1532 4542; x_wconf 91' lang='lat' dir='ltr'><strong>pax</strong></span> <span class='ocrx_word' id='word_1_380' title='bbox 1573 4481 1657 4526; x_wconf 90' lang='lat' dir='ltr'><strong>est</strong></span> <span class='ocrx_word' id='word_1_381' title='bbox 1687 4470 1912 4539; x_wconf 84' lang='lat' dir='ltr'><strong>duplex,</strong></span> <span class='ocrx_word' id='word_1_382' title='bbox 1943 4480 1996 4526; x_wconf 84' lang='lat' dir='ltr'><strong>et</strong></span> 
     </span>
    </p>
   </div>
   <div class='ocr_carea' id='block_1_46' title="bbox 390 4564 1990 4635">
    <p class='ocr_par' dir='ltr' id='par_1_46' title="bbox 390 4564 1990 4635">
     <span class='ocr_line' id='line_1_46' title="bbox 390 4564 1990 4635; baseline -0.004 -8"><span class='ocrx_word' id='word_1_383' title='bbox 390 4589 515 4628; x_wconf 91' lang='lat' dir='ltr'><strong>cum</strong></span> <span class='ocrx_word' id='word_1_384' title='bbox 545 4570 870 4632; x_wconf 71' lang='lat' dir='ltr'><strong>catlestibus,</strong></span> <span class='ocrx_word' id='word_1_385' title='bbox 903 4578 958 4623; x_wconf 90' lang='lat' dir='ltr'><strong>et</strong></span> <span class='ocrx_word' id='word_1_386' title='bbox 979 4569 1118 4623; x_wconf 88' lang='lat' dir='ltr'><strong>inter</strong></span> <span class='ocrx_word' id='word_1_387' title='bbox 1142 4582 1200 4622; x_wconf 93' lang='lat' dir='ltr'><strong>se</strong></span> <span class='ocrx_word' id='word_1_388' title='bbox 1225 4583 1239 4633; x_wconf 93' lang='lat'><strong>;</strong></span> <span class='ocrx_word' id='word_1_389' title='bbox 1271 4568 1322 4620; x_wconf 92' lang='lat' dir='ltr'><strong>in</strong></span> <span class='ocrx_word' id='word_1_390' title='bbox 1356 4566 1504 4622; x_wconf 70' lang='lat' dir='ltr'><strong>caelis</strong></span> <span class='ocrx_word' id='word_1_391' title='bbox 1533 4575 1711 4621; x_wconf 89' lang='lat' dir='ltr'><strong>autem</strong></span> <span class='ocrx_word' id='word_1_392' title='bbox 1741 4564 1990 4635; x_wconf 80' lang='lat' dir='ltr'><strong>simplex.</strong></span> 
     </span>
    </p>
   </div>
   <div class='ocr_carea' id='block_1_47' title="bbox 390 4659 1995 4733">
    <p class='ocr_par' dir='ltr' id='par_1_47' title="bbox 390 4659 1995 4733">
     <span class='ocr_line' id='line_1_47' title="bbox 390 4659 1995 4733; baseline -0.005 -14"><span class='ocrx_word' id='word_1_393' title='bbox 390 4665 527 4720; x_wconf 69' lang='lat' dir='ltr'><strong>Nam</strong></span> <span class='ocrx_word' id='word_1_394' title='bbox 558 4665 602 4718; x_wconf 91' lang='lat' dir='ltr'><strong>si</strong></span> <span class='ocrx_word' id='word_1_395' title='bbox 637 4673 857 4733; x_wconf 89' lang='lat' dir='ltr'><strong>propter</strong></span> <span class='ocrx_word' id='word_1_396' title='bbox 883 4677 1043 4715; x_wconf 86' lang='lat' dir='ltr'><strong>unam</strong></span> <span class='ocrx_word' id='word_1_397' title='bbox 1067 4669 1408 4730; x_wconf 89' lang='lat' dir='ltr'><strong>peccatorem</strong></span> <span class='ocrx_word' id='word_1_398' title='bbox 1433 4659 1805 4728; x_wconf 79' lang='lat' dir='ltr'><strong>ptenitentiam</strong></span> <span class='ocrx_word' id='word_1_399' title='bbox 1833 4673 1995 4728; x_wconf 83' lang='lat' dir='ltr'><strong>agen-</strong></span> 
     </span>
    </p>
   </div>
   <div class='ocr_carea' id='block_1_48' title="bbox 391 4751 1990 4824">
    <p class='ocr_par' dir='ltr' id='par_1_48' title="bbox 391 4751 1990 4824">
     <span class='ocr_line' id='line_1_48' title="bbox 391 4751 1990 4824; baseline -0.006 -12"><span class='ocrx_word' id='word_1_400' title='bbox 391 4768 501 4812; x_wconf 85' lang='lat' dir='ltr'><strong>tem</strong></span> <span class='ocrx_word' id='word_1_401' title='bbox 526 4756 776 4808; x_wconf 69' lang='lat' dir='ltr'><strong>lmtantur</strong></span> <span class='ocrx_word' id='word_1_402' title='bbox 792 4752 989 4824; x_wconf 78' lang='lat' dir='ltr'><strong>angeli,</strong></span> <span class='ocrx_word' id='word_1_403' title='bbox 1009 4752 1180 4806; x_wconf 90' lang='lat' dir='ltr'><strong>multo</strong></span> <span class='ocrx_word' id='word_1_404' title='bbox 1208 4752 1378 4820; x_wconf 88' lang='lat' dir='ltr'><strong>magis</strong></span> <span class='ocrx_word' id='word_1_405' title='bbox 1396 4759 1614 4820; x_wconf 87' lang='lat' dir='ltr'><strong>propter</strong></span> <span class='ocrx_word' id='word_1_406' title='bbox 1637 4758 1742 4804; x_wconf 92' lang='lat' dir='ltr'><strong>tam</strong></span> <span class='ocrx_word' id='word_1_407' title='bbox 1773 4751 1990 4804; x_wconf 91' lang='lat' dir='ltr'><strong>multos.</strong></span> 
     </span>
    </p>
   </div>
   <div class='ocr_carea' id='block_1_49' title="bbox 389 4841 1995 4912">
    <p class='ocr_par' dir='ltr' id='par_1_49' title="bbox 389 4841 1995 4912">
     <span class='ocr_line' id='line_1_49' title="bbox 389 4841 1995 4912; baseline -0.005 -8"><span class='ocrx_word' id='word_1_408' title='bbox 389 4849 518 4904; x_wconf 60' lang='lat' dir='ltr'><strong>{Lee</strong></span> <span class='ocrx_word' id='word_1_409' title='bbox 545 4848 723 4901; x_wconf 90' lang='lat' dir='ltr'><strong>omnia</strong></span> <span class='ocrx_word' id='word_1_410' title='bbox 755 4843 931 4900; x_wconf 81' lang='lat' dir='ltr'><strong>ellecit</strong></span> <span class='ocrx_word' id='word_1_411' title='bbox 961 4843 1053 4899; x_wconf 89' lang='lat' dir='ltr'><strong>Dei</strong></span> <span class='ocrx_word' id='word_1_412' title='bbox 1084 4843 1274 4898; x_wconf 90' lang='lat' dir='ltr'><strong>virtus.</strong></span> <span class='ocrx_word' id='word_1_413' title='bbox 1306 4843 1413 4897; x_wconf 91' lang='lat' dir='ltr'><strong>Cur</strong></span> <span class='ocrx_word' id='word_1_414' title='bbox 1440 4857 1590 4912; x_wconf 88' lang='lat' dir='ltr'><strong>ergo,</strong></span> <span class='ocrx_word' id='word_1_415' title='bbox 1617 4841 1808 4911; x_wconf 86' lang='lat' dir='ltr'><strong>inquit,</strong></span> <span class='ocrx_word' id='word_1_416' title='bbox 1835 4857 1995 4912; x_wconf 82' lang='lat' dir='ltr'><strong>ange-</strong></span> 
     </span>
    </p>
   </div>
   <div class='ocr_carea' id='block_1_50' title="bbox 387 4933 1996 4997">
    <p class='ocr_par' dir='ltr' id='par_1_50' title="bbox 387 4933 1996 4997">
     <span class='ocr_line' id='line_1_50' title="bbox 387 4933 1996 4997; baseline -0.004 -5"><span class='ocrx_word' id='word_1_417' title='bbox 387 4940 454 4992; x_wconf 82' lang='lat' dir='ltr'><strong>its</strong></span> <span class='ocrx_word' id='word_1_418' title='bbox 487 4935 1042 4991; x_wconf 81' lang='lat' dir='ltr'><strong>confiditis?Tautum</strong></span> <span class='ocrx_word' id='word_1_419' title='bbox 1066 4934 1209 4988; x_wconf 92' lang='lat' dir='ltr'><strong>enim</strong></span> <span class='ocrx_word' id='word_1_420' title='bbox 1233 4933 1406 4997; x_wconf 90' lang='lat' dir='ltr'><strong>abest,</strong></span> <span class='ocrx_word' id='word_1_421' title='bbox 1432 4941 1490 4987; x_wconf 90' lang='lat' dir='ltr'><strong>ut</strong></span> <span class='ocrx_word' id='word_1_422' title='bbox 1517 4933 1590 4987; x_wconf 91' lang='lat' dir='ltr'><strong>illi</strong></span> <span class='ocrx_word' id='word_1_423' title='bbox 1613 4947 1706 4987; x_wconf 80' lang='lat' dir='ltr'><strong>vos</strong></span> <span class='ocrx_word' id='word_1_424' title='bbox 1726 4933 1996 4987; x_wconf 81' lang='lat' dir='ltr'><strong>adducant</strong></span> 
     </span>
    </p>
   </div>
   <div class='ocr_carea' id='block_1_51' title="bbox 388 5025 1996 5096">
    <p class='ocr_par' dir='ltr' id='par_1_51' title="bbox 388 5025 1996 5096">
     <span class='ocr_line' id='line_1_51' title="bbox 388 5025 1996 5096; baseline -0.002 -12"><span class='ocrx_word' id='word_1_425' title='bbox 388 5041 446 5084; x_wconf 88' lang='lat' dir='ltr'><strong>et</strong></span> <span class='ocrx_word' id='word_1_426' title='bbox 477 5043 754 5082; x_wconf 86' lang='lat' dir='ltr'><strong>accessum</strong></span> <span class='ocrx_word' id='word_1_427' title='bbox 787 5027 1082 5096; x_wconf 71' lang='lat' dir='ltr'><strong>prznbeant,</strong></span> <span class='ocrx_word' id='word_1_428' title='bbox 1117 5036 1175 5080; x_wconf 90' lang='lat' dir='ltr'><strong>ut</strong></span> <span class='ocrx_word' id='word_1_429' title='bbox 1200 5027 1362 5081; x_wconf 91' lang='lat' dir='ltr'><strong>etiam</strong></span> <span class='ocrx_word' id='word_1_430' title='bbox 1387 5025 1592 5080; x_wconf 90' lang='lat' dir='ltr'><strong>bellum</strong></span> <span class='ocrx_word' id='word_1_431' title='bbox 1619 5027 1906 5096; x_wconf 77' lang='lat' dir='ltr'><strong>gesserint,</strong></span> <span class='ocrx_word' id='word_1_432' title='bbox 1941 5036 1996 5082; x_wconf 88' lang='lat' dir='ltr'><strong>et</strong></span> 
     </span>
    </p>
   </div>
   <div class='ocr_carea' id='block_1_52' title="bbox 389 5117 1992 5189">
    <p class='ocr_par' dir='ltr' id='par_1_52' title="bbox 389 5117 1992 5189">
     <span class='ocr_line' id='line_1_52' title="bbox 389 5117 1992 5189; baseline -0.001 -15"><span class='ocrx_word' id='word_1_433' title='bbox 389 5121 496 5174; x_wconf 87' lang='lat' dir='ltr'><strong>nisi</strong></span> <span class='ocrx_word' id='word_1_434' title='bbox 552 5134 646 5172; x_wconf 82' lang='lat' dir='ltr'><strong>vos</strong></span> <span class='ocrx_word' id='word_1_435' title='bbox 699 5119 837 5174; x_wconf 90' lang='lat' dir='ltr'><strong>Deus</strong></span> <span class='ocrx_word' id='word_1_436' title='bbox 888 5119 1000 5189; x_wconf 90' lang='lat' dir='ltr'><strong>ipse</strong></span> <span class='ocrx_word' id='word_1_437' title='bbox 1048 5118 1154 5172; x_wconf 89' lang='lat' dir='ltr'><strong>illis</strong></span> <span class='ocrx_word' id='word_1_438' title='bbox 1202 5117 1624 5184; x_wconf 86' lang='lat' dir='ltr'><strong>reconciliasset,</strong></span> <span class='ocrx_word' id='word_1_439' title='bbox 1665 5133 1848 5187; x_wconf 90' lang='lat' dir='ltr'><strong>pacem</strong></span> <span class='ocrx_word' id='word_1_440' title='bbox 1887 5133 1992 5173; x_wconf 89' lang='lat' dir='ltr'><strong>non</strong></span> 
     </span>
    </p>
   </div>
   <div class='ocr_carea' id='block_1_53' title="bbox 391 5209 1994 5280">
    <p class='ocr_par' dir='ltr' id='par_1_53' title="bbox 391 5209 1994 5280">
     <span class='ocr_line' id='line_1_53' title="bbox 391 5209 1994 5280; baseline 0.001 -16"><span class='ocrx_word' id='word_1_441' title='bbox 391 5211 624 5264; x_wconf 87' lang='lat' dir='ltr'><strong>habituri</strong></span> <span class='ocrx_word' id='word_1_442' title='bbox 644 5210 825 5264; x_wconf 91' lang='lat' dir='ltr'><strong>cratis.</strong></span> <span class='ocrx_word' id='word_1_443' title='bbox 852 5210 989 5277; x_wconf 88' lang='lat' dir='ltr'><strong>Quid</strong></span> <span class='ocrx_word' id='word_1_444' title='bbox 1016 5224 1145 5280; x_wconf 82' lang='lat' dir='ltr'><strong>ergo</strong></span> <span class='ocrx_word' id='word_1_445' title='bbox 1173 5211 1237 5263; x_wconf 87' lang='lat' dir='ltr'><strong>ad</strong></span> <span class='ocrx_word' id='word_1_446' title='bbox 1265 5209 1387 5264; x_wconf 90' lang='lat' dir='ltr'><strong>illos</strong></span> <span class='ocrx_word' id='word_1_447' title='bbox 1409 5210 1729 5264; x_wconf 89' lang='lat' dir='ltr'><strong>accurritis?</strong></span> <span class='ocrx_word' id='word_1_448' title='bbox 1751 5209 1840 5263; x_wconf 74' lang='lat' dir='ltr'><strong>Vis</strong></span> <span class='ocrx_word' id='word_1_449' title='bbox 1857 5211 1994 5265; x_wconf 89' lang='lat' dir='ltr'><strong>scire</strong></span> 
     </span>
    </p>
   </div>
   <div class='ocr_carea' id='block_1_54' title="bbox 389 5300 1993 5373">
    <p class='ocr_par' dir='ltr' id='par_1_54' title="bbox 389 5300 1993 5373">
     <span class='ocr_line' id='line_1_54' title="bbox 389 5300 1993 5373; baseline 0.001 -17"><span class='ocrx_word' id='word_1_450' title='bbox 389 5313 651 5372; x_wconf 85' lang='lat' dir='ltr'><strong>quantum</strong></span> <span class='ocrx_word' id='word_1_451' title='bbox 680 5302 992 5373; x_wconf 81' lang='lat' dir='ltr'><strong>angelorum</strong></span> <span class='ocrx_word' id='word_1_452' title='bbox 1019 5312 1164 5357; x_wconf 88' lang='lat' dir='ltr'><strong>esset</strong></span> <span class='ocrx_word' id='word_1_453' title='bbox 1191 5303 1242 5356; x_wconf 92' lang='lat' dir='ltr'><strong>in</strong></span> <span class='ocrx_word' id='word_1_454' title='bbox 1271 5316 1370 5355; x_wconf 91' lang='lat' dir='ltr'><strong>nos</strong></span> <span class='ocrx_word' id='word_1_455' title='bbox 1409 5300 1610 5365; x_wconf 90' lang='lat' dir='ltr'><strong>odium,</strong></span> <span class='ocrx_word' id='word_1_456' title='bbox 1643 5313 1696 5356; x_wconf 89' lang='lat' dir='ltr'><strong>et</strong></span> <span class='ocrx_word' id='word_1_457' title='bbox 1723 5303 1993 5372; x_wconf 86' lang='lat' dir='ltr'><strong>quomodo</strong></span> 
     </span>
    </p>
   </div>
   <div class='ocr_carea' id='block_1_55' title="bbox 390 5392 1991 5464">
    <p class='ocr_par' dir='ltr' id='par_1_55' title="bbox 390 5392 1991 5464">
     <span class='ocr_line' id='line_1_55' title="bbox 390 5392 1991 5464; baseline -0.001 -15"><span class='ocrx_word' id='word_1_458' title='bbox 390 5411 492 5449; x_wconf 81' lang='lat' dir='ltr'><strong>nos</strong></span> <span class='ocrx_word' id='word_1_459' title='bbox 534 5410 750 5464; x_wconf 88' lang='lat' dir='ltr'><strong>semper</strong></span> <span class='ocrx_word' id='word_1_460' title='bbox 789 5393 1213 5449; x_wconf 85' lang='lat' dir='ltr'><strong>aversabantur?</strong></span> <span class='ocrx_word' id='word_1_461' title='bbox 1237 5392 1519 5448; x_wconf 82' lang='lat' dir='ltr'><strong>Mittuntur</strong></span> <span class='ocrx_word' id='word_1_462' title='bbox 1561 5393 1627 5447; x_wconf 91' lang='lat' dir='ltr'><strong>ad</strong></span> <span class='ocrx_word' id='word_1_463' title='bbox 1671 5393 1991 5463; x_wconf 87' lang='lat' dir='ltr'><strong>supplicium</strong></span> 
     </span>
    </p>
   </div>
   <div class='ocr_carea' id='block_1_56' title="bbox 389 5485 1994 5552">
    <p class='ocr_par' dir='ltr' id='par_1_56' title="bbox 389 5485 1994 5552">
     <span class='ocr_line' id='line_1_56' title="bbox 389 5485 1994 5552; baseline -0.001 -10"><span class='ocrx_word' id='word_1_464' title='bbox 389 5486 650 5542; x_wconf 84' lang='lat' dir='ltr'><strong>adversus</strong></span> <span class='ocrx_word' id='word_1_465' title='bbox 674 5485 968 5552; x_wconf 85' lang='lat' dir='ltr'><strong>lsraelitas,</strong></span> <span class='ocrx_word' id='word_1_466' title='bbox 1001 5487 1260 5541; x_wconf 82' lang='lat' dir='ltr'><strong>adversus</strong></span> <span class='ocrx_word' id='word_1_467' title='bbox 1293 5485 1480 5550; x_wconf 86' lang='lat' dir='ltr'><strong>David,</strong></span> <span class='ocrx_word' id='word_1_468' title='bbox 1529 5485 1789 5541; x_wconf 84' lang='lat' dir='ltr'><strong>adversus</strong></span> <span class='ocrx_word' id='word_1_469' title='bbox 1820 5485 1994 5541; x_wconf 85' lang='lat' dir='ltr'><strong>Sodo-</strong></span> 
     </span>
    </p>
   </div>
   <div class='ocr_carea' id='block_1_57' title="bbox 389 5579 1988 5648">
    <p class='ocr_par' dir='ltr' id='par_1_57' title="bbox 389 5579 1988 5648">
     <span class='ocr_line' id='line_1_57' title="bbox 389 5579 1988 5648; baseline 0.001 -14"><span class='ocrx_word' id='word_1_470' title='bbox 389 5581 571 5643; x_wconf 83' lang='lat' dir='ltr'><strong>mitas,</strong></span> <span class='ocrx_word' id='word_1_471' title='bbox 607 5580 658 5634; x_wconf 91' lang='lat' dir='ltr'><strong>in</strong></span> <span class='ocrx_word' id='word_1_472' title='bbox 691 5579 834 5634; x_wconf 85' lang='lat' dir='ltr'><strong>valle</strong></span> <span class='ocrx_word' id='word_1_473' title='bbox 863 5580 1059 5634; x_wconf 89' lang='lat' dir='ltr'><strong>luctus.</strong></span> <span class='ocrx_word' id='word_1_474' title='bbox 1091 5579 1196 5635; x_wconf 89' lang='lat' dir='ltr'><strong>Sed</strong></span> <span class='ocrx_word' id='word_1_475' title='bbox 1244 5596 1350 5634; x_wconf 92' lang='lat' dir='ltr'><strong>non</strong></span> <span class='ocrx_word' id='word_1_476' title='bbox 1399 5595 1574 5644; x_wconf 87' lang='lat' dir='ltr'><strong>nunc;</strong></span> <span class='ocrx_word' id='word_1_477' title='bbox 1623 5581 1732 5634; x_wconf 88' lang='lat' dir='ltr'><strong>itno</strong></span> <span class='ocrx_word' id='word_1_478' title='bbox 1761 5591 1946 5635; x_wconf 89' lang='lat' dir='ltr'><strong>contra</strong></span> <span class='ocrx_word' id='word_1_479' title='bbox 1973 5623 1988 5648; x_wconf 95' lang='lat'><strong>,</strong></span> 
     </span>
    </p>
   </div>
   <div class='ocr_carea' id='block_1_58' title="bbox 389 5671 1990 5740">
    <p class='ocr_par' dir='ltr' id='par_1_58' title="bbox 389 5671 1990 5740">
     <span class='ocr_line' id='line_1_58' title="bbox 389 5671 1990 5740; baseline -0.001 -10"><span class='ocrx_word' id='word_1_480' title='bbox 389 5677 443 5730; x_wconf 88' lang='lat' dir='ltr'><strong>in</strong></span> <span class='ocrx_word' id='word_1_481' title='bbox 479 5685 620 5728; x_wconf 85' lang='lat' dir='ltr'><strong>terra</strong></span> <span class='ocrx_word' id='word_1_482' title='bbox 650 5672 922 5728; x_wconf 87' lang='lat' dir='ltr'><strong>canebant</strong></span> <span class='ocrx_word' id='word_1_483' title='bbox 943 5671 1103 5726; x_wconf 83' lang='lat' dir='ltr'><strong>valde</strong></span> <span class='ocrx_word' id='word_1_484' title='bbox 1142 5672 1422 5740; x_wconf 61' lang='lat' dir='ltr'><strong>laetantes;</strong></span> <span class='ocrx_word' id='word_1_485' title='bbox 1459 5672 1642 5728; x_wconf 90' lang='lat' dir='ltr'><strong>ethos</strong></span> <span class='ocrx_word' id='word_1_486' title='bbox 1671 5672 1895 5728; x_wconf 88' lang='lat' dir='ltr'><strong>deduxit</strong></span> <span class='ocrx_word' id='word_1_487' title='bbox 1923 5672 1990 5728; x_wconf 88' lang='lat' dir='ltr'><strong>ad</strong></span> 
     </span>
    </p>
   </div>
   <div class='ocr_carea' id='block_1_59' title="bbox 385 5765 1343 5839">
    <p class='ocr_par' dir='ltr' id='par_1_59' title="bbox 385 5765 1343 5839">
     <span class='ocr_line' id='line_1_59' title="bbox 385 5765 1343 5839; baseline -0.004 -15"><span class='ocrx_word' id='word_1_488' title='bbox 385 5768 562 5839; x_wconf 81' lang='lat' dir='ltr'><strong>ipsos,</strong></span> <span class='ocrx_word' id='word_1_489' title='bbox 594 5778 648 5822; x_wconf 90' lang='lat' dir='ltr'><strong>et</strong></span> <span class='ocrx_word' id='word_1_490' title='bbox 675 5765 928 5821; x_wconf 84' lang='lat' dir='ltr'><strong>homines</strong></span> <span class='ocrx_word' id='word_1_491' title='bbox 958 5766 1084 5820; x_wconf 89' lang='lat' dir='ltr'><strong>illuc</strong></span> <span class='ocrx_word' id='word_1_492' title='bbox 1110 5769 1343 5820; x_wconf 85' lang='lat' dir='ltr'><strong>sustulit.</strong></span> 
     </span>
    </p>
   </div>
   <div class='ocr_carea' id='block_1_60' title="bbox 458 5858 1988 5932">
    <p class='ocr_par' dir='ltr' id='par_1_60' title="bbox 458 5858 1988 5932">
     <span class='ocr_line' id='line_1_60' title="bbox 458 5858 1988 5932; baseline 0.002 -18"><span class='ocrx_word' id='word_1_493' title='bbox 458 5861 513 5914; x_wconf 69' lang='grc' dir='ltr'><strong>Δ.</strong></span> <span class='ocrx_word' id='word_1_494' title='bbox 560 5858 624 5915; x_wconf 88' lang='lat' dir='ltr'><strong>ln</strong></span> <span class='ocrx_word' id='word_1_495' title='bbox 674 5858 889 5912; x_wconf 80' lang='lat' dir='ltr'><strong>decursu</strong></span> <span class='ocrx_word' id='word_1_496' title='bbox 937 5859 1089 5928; x_wconf 78' lang='lat' dir='ltr'><strong>hujus</strong></span> <span class='ocrx_word' id='word_1_497' title='bbox 1130 5862 1328 5913; x_wconf 86' lang='lat' dir='ltr'><strong>numeri</strong></span> <span class='ocrx_word' id='word_1_498' title='bbox 1355 5860 1540 5914; x_wconf 84' lang='lat' dir='ltr'><strong>mentio</strong></span> <span class='ocrx_word' id='word_1_499' title='bbox 1566 5861 1656 5930; x_wconf 80' lang='lat' dir='ltr'><strong>ﬁet</strong></span> <span class='ocrx_word' id='word_1_500' title='bbox 1693 5861 1756 5916; x_wconf 87' lang='lat' dir='ltr'><strong>de</strong></span> <span class='ocrx_word' id='word_1_501' title='bbox 1782 5861 1988 5932; x_wconf 76' lang='lat' dir='ltr'><strong>Angelis</strong></span> 
     </span>
    </p>
   </div>
   <div class='ocr_carea' id='block_1_61' title="bbox 1334 366 2812 438">
    <p class='ocr_par' dir='ltr' id='par_1_61' title="bbox 1334 366 2812 438">
     <span class='ocr_line' id='line_1_61' title="bbox 1334 366 2812 438; baseline 0.001 -4"><span class='ocrx_word' id='word_1_502' title='bbox 1334 375 1401 434; x_wconf 76' lang='lat' dir='ltr'><strong>1N</strong></span> <span class='ocrx_word' id='word_1_503' title='bbox 1441 376 1656 434; x_wconf 87' lang='lat' dir='ltr'><strong>EPIST.</strong></span> <span class='ocrx_word' id='word_1_504' title='bbox 1700 373 1791 430; x_wconf 79' lang='lat' dir='ltr'><strong>AD</strong></span> <span class='ocrx_word' id='word_1_505' title='bbox 1829 366 2099 427; x_wconf 85' lang='lat' dir='ltr'><strong>COLOSS.</strong></span> <span class='ocrx_word' id='word_1_506' title='bbox 2149 369 2301 427; x_wconf 72' lang='lat' dir='ltr'><strong>CAP.</strong></span> <span class='ocrx_word' id='word_1_507' title='bbox 2348 375 2386 431; x_wconf 86' lang='lat' dir='ltr'><strong>l.</strong></span> <span class='ocrx_word' id='word_1_508' title='bbox 2422 377 2656 438; x_wconf 79' lang='lat' dir='ltr'><strong>llOMlL.</strong></span> <span class='ocrx_word' id='word_1_509' title='bbox 2723 381 2812 437; x_wconf 86' lang='lat' dir='ltr'><strong>llf.</strong></span> 
     </span>
    </p>
   </div>
   <div class='ocr_carea' id='block_1_62' title="bbox 3605 393 3710 448">
    <p class='ocr_par' dir='ltr' id='par_1_62' title="bbox 3605 393 3710 448">
     <span class='ocr_line' id='line_1_62' title="bbox 3605 393 3710 448; baseline -0.01 0"><span class='ocrx_word' id='word_1_510' title='bbox 3605 393 3710 448; x_wconf 72' lang='lat'><strong>522</strong></span> 
     </span>
    </p>
   </div>
   <div class='ocr_carea' id='block_1_63' title="bbox 2115 490 3715 569">
    <p class='ocr_par' dir='ltr' id='par_1_63' title="bbox 2115 490 3715 569">
     <span class='ocr_line' id='line_1_63' title="bbox 2115 490 3715 569; baseline 0.014 -31"><span class='ocrx_word' id='word_1_511' title='bbox 2115 490 2446 557; x_wconf 84' lang='lat' dir='ltr'><strong>custodibus;</strong></span> <span class='ocrx_word' id='word_1_512' title='bbox 2473 512 2576 562; x_wconf 77' lang='lat' dir='ltr'><strong>p01.</strong></span> <span class='ocrx_word' id='word_1_513' title='bbox 2598 505 2643 549; x_wconf 89' lang='lat' dir='ltr'><strong>et</strong></span> <span class='ocrx_word' id='word_1_514' title='bbox 2668 499 2943 551; x_wconf 86' lang='lat' dir='ltr'><strong>concordia</strong></span> <span class='ocrx_word' id='word_1_515' title='bbox 2968 501 3490 569; x_wconf 80' lang='lat' dir='ltr'><strong>commendabuntur,</strong></span> <span class='ocrx_word' id='word_1_516' title='bbox 3533 511 3715 561; x_wconf 66' lang='grc' dir='ltr'><strong>γαῖαν-</strong></span> 
     </span>
    </p>
   </div>
   <div class='ocr_carea' id='block_1_64' title="bbox 2114 584 3708 666">
    <p class='ocr_par' dir='ltr' id='par_1_64' title="bbox 2114 584 3708 666">
     <span class='ocr_line' id='line_1_64' title="bbox 2114 584 3708 666; baseline 0.016 -36"><span class='ocrx_word' id='word_1_517' title='bbox 2114 589 2329 647; x_wconf 87' lang='lat' dir='ltr'><strong>guentur</strong></span> <span class='ocrx_word' id='word_1_518' title='bbox 2357 584 2467 638; x_wconf 85' lang='lat' dir='ltr'><strong>lites</strong></span> <span class='ocrx_word' id='word_1_519' title='bbox 2495 595 2541 638; x_wconf 89' lang='lat' dir='ltr'><strong>et</strong></span> <span class='ocrx_word' id='word_1_520' title='bbox 2568 587 2800 642; x_wconf 78' lang='lat' dir='ltr'><strong>dissidia.</strong></span> <span class='ocrx_word' id='word_1_521' title='bbox 2839 618 2910 630; x_wconf 90' lang='lat'><strong>-—</strong></span> <span class='ocrx_word' id='word_1_522' title='bbox 2937 590 3004 644; x_wconf 89' lang='lat' dir='ltr'><strong>Et</strong></span> <span class='ocrx_word' id='word_1_523' title='bbox 3033 592 3161 646; x_wconf 91' lang='lat' dir='ltr'><strong>mihi</strong></span> <span class='ocrx_word' id='word_1_524' title='bbox 3193 596 3562 666; x_wconf 88' lang='lat' dir='ltr'><strong>contemplare</strong></span> <span class='ocrx_word' id='word_1_525' title='bbox 3592 614 3708 655; x_wconf 86' lang='lat' dir='ltr'><strong>rem</strong></span> 
     </span>
    </p>
   </div>
   <div class='ocr_carea' id='block_1_65' title="bbox 2115 672 3705 753">
    <p class='ocr_par' dir='ltr' id='par_1_65' title="bbox 2115 672 3705 753">
     <span class='ocr_line' id='line_1_65' title="bbox 2115 672 3705 753; baseline 0.016 -31"><span class='ocrx_word' id='word_1_526' title='bbox 2115 672 2436 730; x_wconf 88' lang='lat' dir='ltr'><strong>mirandam.</strong></span> <span class='ocrx_word' id='word_1_527' title='bbox 2491 678 2602 733; x_wconf 85' lang='lat' dir='ltr'><strong>Hos</strong></span> <span class='ocrx_word' id='word_1_528' title='bbox 2634 681 2836 750; x_wconf 90' lang='lat' dir='ltr'><strong>primos</strong></span> <span class='ocrx_word' id='word_1_529' title='bbox 2864 685 2968 738; x_wconf 89' lang='lat' dir='ltr'><strong>huc</strong></span> <span class='ocrx_word' id='word_1_530' title='bbox 2994 685 3248 753; x_wconf 85' lang='lat' dir='ltr'><strong>deduxit;</strong></span> <span class='ocrx_word' id='word_1_531' title='bbox 3284 698 3336 744; x_wconf 89' lang='lat' dir='ltr'><strong>et</strong></span> <span class='ocrx_word' id='word_1_532' title='bbox 3373 699 3502 744; x_wconf 90' lang='lat' dir='ltr'><strong>tunc</strong></span> <span class='ocrx_word' id='word_1_533' title='bbox 3526 691 3705 747; x_wconf 83' lang='lat' dir='ltr'><strong>homi-</strong></span> 
     </span>
    </p>
   </div>
   <div class='ocr_carea' id='block_1_66' title="bbox 2113 767 3708 854">
    <p class='ocr_par' dir='ltr' id='par_1_66' title="bbox 2113 767 3708 854">
     <span class='ocr_line' id='line_1_66' title="bbox 2113 767 3708 854; baseline 0.015 -37"><span class='ocrx_word' id='word_1_534' title='bbox 2113 779 2236 818; x_wconf 90' lang='lat' dir='ltr'><strong>nem</strong></span> <span class='ocrx_word' id='word_1_535' title='bbox 2269 767 2335 821; x_wconf 90' lang='lat' dir='ltr'><strong>ad</strong></span> <span class='ocrx_word' id='word_1_536' title='bbox 2360 783 2454 822; x_wconf 91' lang='lat' dir='ltr'><strong>eos</strong></span> <span class='ocrx_word' id='word_1_537' title='bbox 2485 774 2741 831; x_wconf 84' lang='lat' dir='ltr'><strong>sustulit;</strong></span> <span class='ocrx_word' id='word_1_538' title='bbox 2773 777 2960 830; x_wconf 75' lang='lat' dir='ltr'><strong>cmlum</strong></span> <span class='ocrx_word' id='word_1_539' title='bbox 2993 777 3127 834; x_wconf 88' lang='lat' dir='ltr'><strong>facta</strong></span> <span class='ocrx_word' id='word_1_540' title='bbox 3151 791 3233 835; x_wconf 87' lang='lat' dir='ltr'><strong>est</strong></span> <span class='ocrx_word' id='word_1_541' title='bbox 3267 790 3431 848; x_wconf 85' lang='lat' dir='ltr'><strong>terra,</strong></span> <span class='ocrx_word' id='word_1_542' title='bbox 3456 788 3708 854; x_wconf 86' lang='lat' dir='ltr'><strong>quoniam</strong></span> 
     </span>
    </p>
   </div>
   <div class='ocr_carea' id='block_1_67' title="bbox 2112 866 3706 946">
    <p class='ocr_par' dir='ltr' id='par_1_67' title="bbox 2112 866 3706 946">
     <span class='ocr_line' id='line_1_67' title="bbox 2112 866 3706 946; baseline 0.015 -40"><span class='ocrx_word' id='word_1_543' title='bbox 2112 871 2232 924; x_wconf 77' lang='lat' dir='ltr'><strong>qua:</strong></span> <span class='ocrx_word' id='word_1_544' title='bbox 2252 867 2409 912; x_wconf 86' lang='lat' dir='ltr'><strong>erant</strong></span> <span class='ocrx_word' id='word_1_545' title='bbox 2433 869 2611 928; x_wconf 66' lang='lat' dir='ltr'><strong>terrae,</strong></span> <span class='ocrx_word' id='word_1_546' title='bbox 2643 866 2832 920; x_wconf 67' lang='lat' dir='ltr'><strong>cwlum</strong></span> <span class='ocrx_word' id='word_1_547' title='bbox 2863 879 2978 923; x_wconf 87' lang='lat' dir='ltr'><strong>erat</strong></span> <span class='ocrx_word' id='word_1_548' title='bbox 3003 881 3398 940; x_wconf 85' lang='lat' dir='ltr'><strong>suscepturum.</strong></span> <span class='ocrx_word' id='word_1_549' title='bbox 3419 875 3706 946; x_wconf 81' lang='lat' dir='ltr'><strong>Propterea</strong></span> 
     </span>
    </p>
   </div>
   <div class='ocr_carea' id='block_1_68' title="bbox 2111 947 3708 1028">
    <p class='ocr_par' dir='ltr' id='par_1_68' title="bbox 2111 947 3708 1028">
     <span class='ocr_line' id='line_1_68' title="bbox 2111 947 3708 1028; baseline 0.014 -29"><span class='ocrx_word' id='word_1_550' title='bbox 2111 947 2310 1014; x_wconf 79' lang='lat' dir='ltr'><strong>gratias</strong></span> <span class='ocrx_word' id='word_1_551' title='bbox 2337 961 2558 1019; x_wconf 89' lang='lat' dir='ltr'><strong>agentes</strong></span> <span class='ocrx_word' id='word_1_552' title='bbox 2584 955 2812 1011; x_wconf 88' lang='lat' dir='ltr'><strong>dicimus</strong></span> <span class='ocrx_word' id='word_1_553' title='bbox 2838 975 2854 1011; x_wconf 67' lang='grc' dir='ltr'><em>ἐ</em></span> <span class='ocrx_word' id='word_1_554' title='bbox 2894 958 3072 1014; x_wconf 79' lang='lat' dir='ltr'><strong>Gloria</strong></span> <span class='ocrx_word' id='word_1_555' title='bbox 3097 963 3150 1015; x_wconf 90' lang='lat' dir='ltr'><strong>in</strong></span> <span class='ocrx_word' id='word_1_556' title='bbox 3177 967 3387 1018; x_wconf 70' lang='lat' dir='ltr'><strong>excelsis</strong></span> <span class='ocrx_word' id='word_1_557' title='bbox 3419 966 3548 1028; x_wconf 85' lang='lat' dir='ltr'><strong>Deo,</strong></span> <span class='ocrx_word' id='word_1_558' title='bbox 3582 981 3628 1021; x_wconf 89' lang='lat' dir='ltr'><strong>et</strong></span> <span class='ocrx_word' id='word_1_559' title='bbox 3655 969 3708 1022; x_wconf 85' lang='lat' dir='ltr'><strong>in</strong></span> 
     </span>
    </p>
   </div>
   <div class='ocr_carea' id='block_1_69' title="bbox 2115 1041 3699 1125">
    <p class='ocr_par' dir='ltr' id='par_1_69' title="bbox 2115 1041 3699 1125">
     <span class='ocr_line' id='line_1_69' title="bbox 2115 1041 3699 1125; baseline 0.016 -37"><span class='ocrx_word' id='word_1_560' title='bbox 2115 1048 2246 1090; x_wconf 83' lang='lat' dir='ltr'><strong>terra</strong></span> <span class='ocrx_word' id='word_1_561' title='bbox 2266 1057 2388 1109; x_wconf 76' lang='lat' dir='ltr'><strong>pax,</strong></span> <span class='ocrx_word' id='word_1_562' title='bbox 2420 1041 2704 1100; x_wconf 80' lang='lat' dir='ltr'><strong>hominibus</strong></span> <span class='ocrx_word' id='word_1_563' title='bbox 2727 1047 2873 1103; x_wconf 70' lang='lat' dir='ltr'><strong>bona:</strong></span> <span class='ocrx_word' id='word_1_564' title='bbox 2889 1050 3162 1104; x_wconf 83' lang='lat' dir='ltr'><strong>voluntatis</strong></span> <span class='ocrx_word' id='word_1_565' title='bbox 3176 1051 3390 1120; x_wconf 54' lang='grc' dir='ltr'><strong>(ικαὶ.</strong></span> <span class='ocrx_word' id='word_1_566' title='bbox 3412 1054 3518 1125; x_wconf 74' lang='grc'><strong>14).</strong></span> <span class='ocrx_word' id='word_1_567' title='bbox 3538 1058 3699 1122; x_wconf 86' lang='lat' dir='ltr'><strong>Ecce,</strong></span> 
     </span>
    </p>
   </div>
   <div class='ocr_carea' id='block_1_70' title="bbox 2113 1130 3705 1219">
    <p class='ocr_par' dir='ltr' id='par_1_70' title="bbox 2113 1130 3705 1219">
     <span class='ocr_line' id='line_1_70' title="bbox 2113 1130 3705 1219; baseline 0.014 -36"><span class='ocrx_word' id='word_1_568' title='bbox 2113 1130 2320 1201; x_wconf 92' lang='lat' dir='ltr'><strong>inquit,</strong></span> <span class='ocrx_word' id='word_1_569' title='bbox 2371 1149 2746 1219; x_wconf 79' lang='lat' dir='ltr'><strong>apparuerunt</strong></span> <span class='ocrx_word' id='word_1_570' title='bbox 2768 1141 2929 1195; x_wconf 90' lang='lat' dir='ltr'><strong>etiam</strong></span> <span class='ocrx_word' id='word_1_571' title='bbox 2969 1141 3216 1198; x_wconf 85' lang='lat' dir='ltr'><strong>homines</strong></span> <span class='ocrx_word' id='word_1_572' title='bbox 3241 1145 3307 1200; x_wconf 90' lang='lat' dir='ltr'><strong>de</strong></span> <span class='ocrx_word' id='word_1_573' title='bbox 3337 1157 3535 1203; x_wconf 58' lang='lat' dir='ltr'><strong>caetero</strong></span> <span class='ocrx_word' id='word_1_574' title='bbox 3566 1149 3705 1206; x_wconf 84' lang='lat' dir='ltr'><strong>bene</strong></span> 
     </span>
    </p>
   </div>
   <div class='ocr_carea' id='block_1_71' title="bbox 2111 1223 3698 1303">
    <p class='ocr_par' dir='ltr' id='par_1_71' title="bbox 2111 1223 3698 1303">
     <span class='ocr_line' id='line_1_71' title="bbox 2111 1223 3698 1303; baseline 0.013 -28"><span class='ocrx_word' id='word_1_575' title='bbox 2111 1223 2409 1291; x_wconf 83' lang='lat' dir='ltr'><strong>placentes.</strong></span> <span class='ocrx_word' id='word_1_576' title='bbox 2467 1228 2604 1296; x_wconf 83' lang='lat' dir='ltr'><strong>Quid</strong></span> <span class='ocrx_word' id='word_1_577' title='bbox 2642 1241 2726 1285; x_wconf 90' lang='lat' dir='ltr'><strong>est</strong></span> <span class='ocrx_word' id='word_1_578' title='bbox 2752 1233 2888 1287; x_wconf 90' lang='lat' dir='ltr'><strong>bene</strong></span> <span class='ocrx_word' id='word_1_579' title='bbox 2926 1235 3224 1303; x_wconf 86' lang='lat' dir='ltr'><strong>placitum?</strong></span> <span class='ocrx_word' id='word_1_580' title='bbox 3266 1238 3654 1296; x_wconf 76' lang='lat' dir='ltr'><strong>Reconciliatio</strong></span> <span class='ocrx_word' id='word_1_581' title='bbox 3685 1260 3698 1296; x_wconf 92' lang='lat'>:</span> 
     </span>
    </p>
   </div>
   <div class='ocr_carea' id='block_1_72' title="bbox 2109 1321 3706 1395">
    <p class='ocr_par' dir='ltr' id='par_1_72' title="bbox 2109 1321 3706 1395">
     <span class='ocr_line' id='line_1_72' title="bbox 2109 1321 3706 1395; baseline 0.014 -28"><span class='ocrx_word' id='word_1_582' title='bbox 2109 1330 2216 1370; x_wconf 92' lang='lat' dir='ltr'><strong>non</strong></span> <span class='ocrx_word' id='word_1_583' title='bbox 2248 1326 2329 1371; x_wconf 90' lang='lat' dir='ltr'><strong>est</strong></span> <span class='ocrx_word' id='word_1_584' title='bbox 2351 1321 2579 1388; x_wconf 84' lang='lat' dir='ltr'><strong>amplius</strong></span> <span class='ocrx_word' id='word_1_585' title='bbox 2601 1322 2789 1377; x_wconf 71' lang='lat' dir='ltr'><strong>ca-lum</strong></span> <span class='ocrx_word' id='word_1_586' title='bbox 2813 1326 2990 1395; x_wconf 87' lang='lat' dir='ltr'><strong>paries</strong></span> <span class='ocrx_word' id='word_1_587' title='bbox 3017 1329 3387 1386; x_wconf 89' lang='lat' dir='ltr'><strong>intermedius.</strong></span> <span class='ocrx_word' id='word_1_588' title='bbox 3412 1332 3592 1389; x_wconf 88' lang='lat' dir='ltr'><strong>Primo</strong></span> <span class='ocrx_word' id='word_1_589' title='bbox 3615 1349 3706 1390; x_wconf 86' lang='lat' dir='ltr'><strong>se-</strong></span> 
     </span>
    </p>
   </div>
   <div class='ocr_carea' id='block_1_73' title="bbox 2108 1405 3704 1493">
    <p class='ocr_par' dir='ltr' id='par_1_73' title="bbox 2108 1405 3704 1493">
     <span class='ocr_line' id='line_1_73' title="bbox 2108 1405 3704 1493; baseline 0.014 -35"><span class='ocrx_word' id='word_1_590' title='bbox 2108 1405 2341 1460; x_wconf 88' lang='lat' dir='ltr'><strong>cundum</strong></span> <span class='ocrx_word' id='word_1_591' title='bbox 2373 1425 2655 1465; x_wconf 90' lang='lat' dir='ltr'><strong>numerum</strong></span> <span class='ocrx_word' id='word_1_592' title='bbox 2685 1417 2921 1482; x_wconf 87' lang='lat' dir='ltr'><strong>gentium</strong></span> <span class='ocrx_word' id='word_1_593' title='bbox 2952 1427 3110 1473; x_wconf 90' lang='lat' dir='ltr'><strong>erant</strong></span> <span class='ocrx_word' id='word_1_594' title='bbox 3154 1422 3332 1490; x_wconf 89' lang='lat' dir='ltr'><strong>angeli</strong></span> <span class='ocrx_word' id='word_1_595' title='bbox 3383 1423 3560 1493; x_wconf 86' lang='lat' dir='ltr'><strong>(Deut.</strong></span> <span class='ocrx_word' id='word_1_596' title='bbox 3613 1426 3704 1482; x_wconf 71' lang='grc'><strong>32.</strong></span> 
     </span>
    </p>
   </div>
   <div class='ocr_carea' id='block_1_74' title="bbox 2108 1497 3702 1574">
    <p class='ocr_par' dir='ltr' id='par_1_74' title="bbox 2108 1497 3702 1574">
     <span class='ocr_line' id='line_1_74' title="bbox 2108 1497 3702 1574; baseline 0.014 -22"><span class='ocrx_word' id='word_1_597' title='bbox 2108 1497 2160 1552; x_wconf 90' lang='lat'><strong>8.</strong></span> <span class='ocrx_word' id='word_1_598' title='bbox 2187 1500 2240 1552; x_wconf 85' lang='lat' dir='ltr'><strong>in</strong></span> <span class='ocrx_word' id='word_1_599' title='bbox 2269 1499 2509 1573; x_wconf 71' lang='lat' dir='ltr'><strong>Greece);</strong></span> <span class='ocrx_word' id='word_1_600' title='bbox 2571 1521 2713 1561; x_wconf 89' lang='lat' dir='ltr'><strong>nunc</strong></span> <span class='ocrx_word' id='word_1_601' title='bbox 2737 1518 2915 1563; x_wconf 89' lang='lat' dir='ltr'><strong>autem</strong></span> <span class='ocrx_word' id='word_1_602' title='bbox 2949 1526 3054 1564; x_wconf 91' lang='lat' dir='ltr'><strong>non</strong></span> <span class='ocrx_word' id='word_1_603' title='bbox 3090 1515 3384 1569; x_wconf 88' lang='lat' dir='ltr'><strong>secundum</strong></span> <span class='ocrx_word' id='word_1_604' title='bbox 3419 1533 3702 1574; x_wconf 88' lang='lat' dir='ltr'><strong>numerum</strong></span> 
     </span>
    </p>
   </div>
   <div class='ocr_carea' id='block_1_75' title="bbox 2107 1590 3702 1668">
    <p class='ocr_par' dir='ltr' id='par_1_75' title="bbox 2107 1590 3702 1668">
     <span class='ocr_line' id='line_1_75' title="bbox 2107 1590 3702 1668; baseline 0.016 -26"><span class='ocrx_word' id='word_1_605' title='bbox 2107 1590 2370 1659; x_wconf 89' lang='lat' dir='ltr'><strong>gentium,</strong></span> <span class='ocrx_word' id='word_1_606' title='bbox 2397 1594 2492 1648; x_wconf 89' lang='lat' dir='ltr'><strong>sed</strong></span> <span class='ocrx_word' id='word_1_607' title='bbox 2511 1598 2804 1652; x_wconf 90' lang='lat' dir='ltr'><strong>secundum</strong></span> <span class='ocrx_word' id='word_1_608' title='bbox 2830 1617 3112 1656; x_wconf 90' lang='lat' dir='ltr'><strong>numerum</strong></span> <span class='ocrx_word' id='word_1_609' title='bbox 3133 1603 3393 1662; x_wconf 83' lang='lat' dir='ltr'><strong>ﬁdelium.</strong></span> <span class='ocrx_word' id='word_1_610' title='bbox 3422 1607 3578 1665; x_wconf 88' lang='lat' dir='ltr'><strong>Unde</strong></span> <span class='ocrx_word' id='word_1_611' title='bbox 3599 1611 3702 1668; x_wconf 90' lang='lat' dir='ltr'><strong>hoc</strong></span> 
     </span>
    </p>
   </div>
   <div class='ocr_carea' id='block_1_76' title="bbox 2108 1688 3706 1774">
    <p class='ocr_par' dir='ltr' id='par_1_76' title="bbox 2108 1688 3706 1774">
     <span class='ocr_line' id='line_1_76' title="bbox 2108 1688 3706 1774; baseline 0.013 -36"><span class='ocrx_word' id='word_1_612' title='bbox 2108 1696 2321 1741; x_wconf 88' lang='lat' dir='ltr'><strong>constat</strong></span> <span class='ocrx_word' id='word_1_613' title='bbox 2361 1688 2384 1741; x_wconf 91' lang='lat'><strong>?</strong></span> <span class='ocrx_word' id='word_1_614' title='bbox 2411 1689 2550 1744; x_wconf 84' lang='lat' dir='ltr'><strong>Audi</strong></span> <span class='ocrx_word' id='word_1_615' title='bbox 2579 1691 2852 1748; x_wconf 85' lang='lat' dir='ltr'><strong>Christum</strong></span> <span class='ocrx_word' id='word_1_616' title='bbox 2883 1695 3152 1751; x_wconf 90' lang='lat' dir='ltr'><strong>dicentem</strong></span> <span class='ocrx_word' id='word_1_617' title='bbox 3188 1717 3200 1753; x_wconf 91' lang='lat'><strong>:</strong></span> <span class='ocrx_word' id='word_1_618' title='bbox 3250 1699 3423 1756; x_wconf 78' lang='lat' dir='ltr'><strong>Videte</strong></span> <span class='ocrx_word' id='word_1_619' title='bbox 3451 1720 3513 1756; x_wconf 90' lang='lat' dir='ltr'><strong>ne</strong></span> <span class='ocrx_word' id='word_1_620' title='bbox 3536 1706 3706 1774; x_wconf 81' lang='lat' dir='ltr'><strong>despi-</strong></span> 
     </span>
    </p>
   </div>
   <div class='ocr_carea' id='block_1_77' title="bbox 2106 1778 3704 1867">
    <p class='ocr_par' dir='ltr' id='par_1_77' title="bbox 2106 1778 3704 1867">
     <span class='ocr_line' id='line_1_77' title="bbox 2106 1778 3704 1867; baseline 0.013 -38"><span class='ocrx_word' id='word_1_621' title='bbox 2106 1778 2252 1832; x_wconf 87' lang='lat' dir='ltr'><strong>ciatis</strong></span> <span class='ocrx_word' id='word_1_622' title='bbox 2281 1797 2434 1834; x_wconf 86' lang='lat' dir='ltr'><strong>unum</strong></span> <span class='ocrx_word' id='word_1_623' title='bbox 2460 1798 2523 1835; x_wconf 81' lang='lat' dir='ltr'><strong>ea:</strong></span> <span class='ocrx_word' id='word_1_624' title='bbox 2559 1783 2670 1837; x_wconf 82' lang='lat' dir='ltr'><strong>istis</strong></span> <span class='ocrx_word' id='word_1_625' title='bbox 2700 1787 2924 1856; x_wconf 80' lang='lat' dir='ltr'><strong>pusillis.</strong></span> <span class='ocrx_word' id='word_1_626' title='bbox 2950 1789 3130 1860; x_wconf 81' lang='lat' dir='ltr'><strong>Angeli</strong></span> <span class='ocrx_word' id='word_1_627' title='bbox 3159 1793 3290 1844; x_wconf 86' lang='lat' dir='ltr'><strong>enim</strong></span> <span class='ocrx_word' id='word_1_628' title='bbox 3318 1810 3492 1848; x_wconf 80' lang='lat' dir='ltr'><strong>eorum</strong></span> <span class='ocrx_word' id='word_1_629' title='bbox 3526 1813 3704 1867; x_wconf 74' lang='lat' dir='ltr'><strong>perpe-</strong></span> 
     </span>
    </p>
   </div>
   <div class='ocr_carea' id='block_1_78' title="bbox 2109 1870 3700 1955">
    <p class='ocr_par' dir='ltr' id='par_1_78' title="bbox 2109 1870 3700 1955">
     <span class='ocr_line' id='line_1_78' title="bbox 2109 1870 3700 1955; baseline 0.014 -35"><span class='ocrx_word' id='word_1_630' title='bbox 2109 1879 2195 1923; x_wconf 86' lang='lat' dir='ltr'><strong>tuo</strong></span> <span class='ocrx_word' id='word_1_631' title='bbox 2217 1870 2382 1924; x_wconf 82' lang='lat' dir='ltr'><strong>vident</strong></span> <span class='ocrx_word' id='word_1_632' title='bbox 2414 1873 2595 1943; x_wconf 82' lang='lat' dir='ltr'><strong>faciem</strong></span> <span class='ocrx_word' id='word_1_633' title='bbox 2616 1873 2792 1930; x_wconf 83' lang='lat' dir='ltr'><strong>Patris</strong></span> <span class='ocrx_word' id='word_1_634' title='bbox 2813 1879 3018 1946; x_wconf 79' lang='lat' dir='ltr'><strong>ntei,qui</strong></span> <span class='ocrx_word' id='word_1_635' title='bbox 3045 1882 3183 1934; x_wconf 84' lang='lat' dir='ltr'><strong>estin</strong></span> <span class='ocrx_word' id='word_1_636' title='bbox 3210 1884 3346 1938; x_wconf 73' lang='lat' dir='ltr'><strong>uelis</strong></span> <span class='ocrx_word' id='word_1_637' title='bbox 3369 1885 3581 1955; x_wconf 83' lang='lat' dir='ltr'><strong>(Matth.</strong></span> <span class='ocrx_word' id='word_1_638' title='bbox 3612 1888 3700 1944; x_wconf 80' lang='grc'><strong>18.</strong></span> 
     </span>
    </p>
   </div>
   <div class='ocr_carea' id='block_1_79' title="bbox 2107 1962 3700 2047">
    <p class='ocr_par' dir='ltr' id='par_1_79' title="bbox 2107 1962 3700 2047">
     <span class='ocr_line' id='line_1_79' title="bbox 2107 1962 3700 2047; baseline 0.013 -31"><span class='ocrx_word' id='word_1_639' title='bbox 2107 1962 2224 2033; x_wconf 76' lang='grc'><strong>10).</strong></span> <span class='ocrx_word' id='word_1_640' title='bbox 2256 1964 2636 2036; x_wconf 81' lang='lat' dir='ltr'><strong>Unusquisque</strong></span> <span class='ocrx_word' id='word_1_641' title='bbox 2679 1971 2824 2025; x_wconf 91' lang='lat' dir='ltr'><strong>enim</strong></span> <span class='ocrx_word' id='word_1_642' title='bbox 2855 1971 3027 2027; x_wconf 86' lang='lat' dir='ltr'><strong>ﬁdelis</strong></span> <span class='ocrx_word' id='word_1_643' title='bbox 3062 1973 3221 2030; x_wconf 88' lang='lat' dir='ltr'><strong>habet</strong></span> <span class='ocrx_word' id='word_1_644' title='bbox 3252 1978 3500 2047; x_wconf 88' lang='lat' dir='ltr'><strong>angelum</strong></span> <span class='ocrx_word' id='word_1_645' title='bbox 3533 1998 3545 2034; x_wconf 90' lang='lat'><strong>:</strong></span> <span class='ocrx_word' id='word_1_646' title='bbox 3578 1998 3700 2036; x_wconf 90' lang='lat' dir='ltr'><strong>nam</strong></span> 
     </span>
    </p>
   </div>
   <div class='ocr_carea' id='block_1_80' title="bbox 2106 2055 3702 2142">
    <p class='ocr_par' dir='ltr' id='par_1_80' title="bbox 2106 2055 3702 2142">
     <span class='ocr_line' id='line_1_80' title="bbox 2106 2055 3702 2142; baseline 0.013 -34"><span class='ocrx_word' id='word_1_647' title='bbox 2106 2055 2263 2109; x_wconf 90' lang='lat' dir='ltr'><strong>etiam</strong></span> <span class='ocrx_word' id='word_1_648' title='bbox 2279 2058 2345 2113; x_wconf 91' lang='lat' dir='ltr'><strong>ab</strong></span> <span class='ocrx_word' id='word_1_649' title='bbox 2360 2059 2508 2114; x_wconf 89' lang='lat' dir='ltr'><strong>initio</strong></span> <span class='ocrx_word' id='word_1_650' title='bbox 2520 2065 2880 2134; x_wconf 90' lang='lat' dir='ltr'><strong>unusquisque</strong></span> <span class='ocrx_word' id='word_1_651' title='bbox 2891 2064 2969 2120; x_wconf 79' lang='lat' dir='ltr'><strong>vir</strong></span> <span class='ocrx_word' id='word_1_652' title='bbox 2980 2066 3176 2136; x_wconf 86' lang='lat' dir='ltr'><strong>probus</strong></span> <span class='ocrx_word' id='word_1_653' title='bbox 3192 2068 3422 2125; x_wconf 88' lang='lat' dir='ltr'><strong>habebat</strong></span> <span class='ocrx_word' id='word_1_654' title='bbox 3434 2074 3702 2142; x_wconf 85' lang='lat' dir='ltr'><strong>angelum,</strong></span> 
     </span>
    </p>
   </div>
   <div class='ocr_carea' id='block_1_81' title="bbox 2111 2148 3701 2230">
    <p class='ocr_par' dir='ltr' id='par_1_81' title="bbox 2111 2148 3701 2230">
     <span class='ocr_line' id='line_1_81' title="bbox 2111 2148 3701 2230; baseline 0.011 -29"><span class='ocrx_word' id='word_1_655' title='bbox 2111 2148 2255 2203; x_wconf 86' lang='lat' dir='ltr'><strong>sicut</strong></span> <span class='ocrx_word' id='word_1_656' title='bbox 2283 2151 2412 2205; x_wconf 91' lang='lat' dir='ltr'><strong>dicit</strong></span> <span class='ocrx_word' id='word_1_657' title='bbox 2435 2152 2626 2209; x_wconf 87' lang='lat' dir='ltr'><strong>Jacob:</strong></span> <span class='ocrx_word' id='word_1_658' title='bbox 2653 2157 2876 2225; x_wconf 84' lang='lat' dir='ltr'><strong>Angelus</strong></span> <span class='ocrx_word' id='word_1_659' title='bbox 2897 2161 2983 2228; x_wconf 86' lang='lat' dir='ltr'><strong>qui</strong></span> <span class='ocrx_word' id='word_1_660' title='bbox 3005 2162 3166 2230; x_wconf 87' lang='lat' dir='ltr'><strong>pascit</strong></span> <span class='ocrx_word' id='word_1_661' title='bbox 3193 2173 3330 2216; x_wconf 90' lang='lat' dir='ltr'><strong>meet</strong></span> <span class='ocrx_word' id='word_1_662' title='bbox 3351 2164 3528 2218; x_wconf 81' lang='lat' dir='ltr'><strong>liberat</strong></span> <span class='ocrx_word' id='word_1_663' title='bbox 3558 2183 3637 2218; x_wconf 88' lang='lat' dir='ltr'><strong>me</strong></span> <span class='ocrx_word' id='word_1_664' title='bbox 3667 2184 3701 2220; x_wconf 89' lang='lat' dir='ltr'><strong>a</strong></span> 
     </span>
    </p>
   </div>
   <div class='ocr_carea' id='block_1_82' title="bbox 2097 2242 3697 2330">
    <p class='ocr_par' dir='ltr' id='par_1_82' title="bbox 2097 2242 3697 2330">
     <span class='ocr_line' id='line_1_82' title="bbox 2097 2242 3697 2330; baseline 0.014 -36"><span class='ocrx_word' id='word_1_665' title='bbox 2097 2242 2363 2310; x_wconf 81' lang='lat' dir='ltr'><strong>juventnte</strong></span> <span class='ocrx_word' id='word_1_666' title='bbox 2379 2263 2487 2300; x_wconf 88' lang='lat' dir='ltr'><strong>mea</strong></span> <span class='ocrx_word' id='word_1_667' title='bbox 2511 2247 2982 2322; x_wconf 72' lang='grc' dir='ltr'><strong>(ϐεη.48.16).5ἰ</strong></span> <span class='ocrx_word' id='word_1_668' title='bbox 3011 2270 3140 2324; x_wconf 87' lang='lat' dir='ltr'><strong>ergo</strong></span> <span class='ocrx_word' id='word_1_669' title='bbox 3172 2255 3428 2312; x_wconf 89' lang='lat' dir='ltr'><strong>habemus</strong></span> <span class='ocrx_word' id='word_1_670' title='bbox 3452 2261 3697 2330; x_wconf 81' lang='lat' dir='ltr'><strong>angelos,</strong></span> 
     </span>
    </p>
   </div>
   <div class='ocr_carea' id='block_1_83' title="bbox 2105 2335 3700 2421">
    <p class='ocr_par' dir='ltr' id='par_1_83' title="bbox 2105 2335 3700 2421">
     <span class='ocr_line' id='line_1_83' title="bbox 2105 2335 3700 2421; baseline 0.011 -33"><span class='ocrx_word' id='word_1_671' title='bbox 2105 2335 2351 2391; x_wconf 90' lang='lat' dir='ltr'><strong>modeste</strong></span> <span class='ocrx_word' id='word_1_672' title='bbox 2380 2355 2478 2394; x_wconf 92' lang='lat' dir='ltr'><strong>nos</strong></span> <span class='ocrx_word' id='word_1_673' title='bbox 2507 2356 2757 2410; x_wconf 85' lang='lat' dir='ltr'><strong>geramus</strong></span> <span class='ocrx_word' id='word_1_674' title='bbox 2788 2352 3059 2415; x_wconf 88' lang='lat' dir='ltr'><strong>tamquam</strong></span> <span class='ocrx_word' id='word_1_675' title='bbox 3097 2347 3251 2402; x_wconf 92' lang='lat' dir='ltr'><strong>nobis</strong></span> <span class='ocrx_word' id='word_1_676' title='bbox 3280 2349 3460 2406; x_wconf 87' lang='lat' dir='ltr'><strong>adsint</strong></span> <span class='ocrx_word' id='word_1_677' title='bbox 3485 2353 3700 2421; x_wconf 88' lang='lat' dir='ltr'><strong>quidam</strong></span> 
     </span>
    </p>
   </div>
   <div class='ocr_carea' id='block_1_84' title="bbox 2105 2430 3700 2514">
    <p class='ocr_par' dir='ltr' id='par_1_84' title="bbox 2105 2430 3700 2514">
     <span class='ocr_line' id='line_1_84' title="bbox 2105 2430 3700 2514; baseline 0.013 -32"><span class='ocrx_word' id='word_1_678' title='bbox 2105 2430 2415 2502; x_wconf 72' lang='lat' dir='ltr'><strong>ptedagogi:</strong></span> <span class='ocrx_word' id='word_1_679' title='bbox 2449 2449 2571 2487; x_wconf 86' lang='lat' dir='ltr'><strong>nam</strong></span> <span class='ocrx_word' id='word_1_680' title='bbox 2613 2434 2766 2490; x_wconf 86' lang='lat' dir='ltr'><strong>adest</strong></span> <span class='ocrx_word' id='word_1_681' title='bbox 2793 2439 2954 2492; x_wconf 89' lang='lat' dir='ltr'><strong>etiam</strong></span> <span class='ocrx_word' id='word_1_682' title='bbox 2983 2439 3216 2494; x_wconf 41' lang='lat' dir='ltr'><strong>daemon.</strong></span> <span class='ocrx_word' id='word_1_683' title='bbox 3243 2443 3538 2514; x_wconf 85' lang='lat' dir='ltr'><strong>PrOpterea</strong></span> <span class='ocrx_word' id='word_1_684' title='bbox 3571 2463 3700 2502; x_wconf 59' lang='lat' dir='ltr'><strong>ora.</strong></span> 
     </span>
    </p>
   </div>
   <div class='ocr_carea' id='block_1_85' title="bbox 2105 2524 3702 2608">
    <p class='ocr_par' dir='ltr' id='par_1_85' title="bbox 2105 2524 3702 2608">
     <span class='ocr_line' id='line_1_85' title="bbox 2105 2524 3702 2608; baseline 0.011 -34"><span class='ocrx_word' id='word_1_685' title='bbox 2105 2537 2245 2587; x_wconf 87' lang='lat' dir='ltr'><strong>mus,</strong></span> <span class='ocrx_word' id='word_1_686' title='bbox 2274 2533 2329 2577; x_wconf 91' lang='lat' dir='ltr'><strong>et</strong></span> <span class='ocrx_word' id='word_1_687' title='bbox 2386 2524 2616 2581; x_wconf 86' lang='lat' dir='ltr'><strong>dicimus</strong></span> <span class='ocrx_word' id='word_1_688' title='bbox 2644 2537 2888 2594; x_wconf 86' lang='lat' dir='ltr'><strong>petentes</strong></span> <span class='ocrx_word' id='word_1_689' title='bbox 2927 2533 3176 2600; x_wconf 85' lang='lat' dir='ltr'><strong>angelum</strong></span> <span class='ocrx_word' id='word_1_690' title='bbox 3223 2536 3391 2602; x_wconf 87' lang='lat' dir='ltr'><strong>pacis,</strong></span> <span class='ocrx_word' id='word_1_691' title='bbox 3425 2548 3478 2590; x_wconf 89' lang='lat' dir='ltr'><strong>et</strong></span> <span class='ocrx_word' id='word_1_692' title='bbox 3506 2538 3702 2608; x_wconf 86' lang='lat' dir='ltr'><strong>ubique</strong></span> 
     </span>
    </p>
   </div>
   <div class='ocr_carea' id='block_1_86' title="bbox 2105 2619 3699 2698">
    <p class='ocr_par' dir='ltr' id='par_1_86' title="bbox 2105 2619 3699 2698">
     <span class='ocr_line' id='line_1_86' title="bbox 2105 2619 3699 2698; baseline 0.011 -30"><span class='ocrx_word' id='word_1_693' title='bbox 2105 2631 2291 2684; x_wconf 89' lang='lat' dir='ltr'><strong>pacem</strong></span> <span class='ocrx_word' id='word_1_694' title='bbox 2323 2619 2575 2687; x_wconf 90' lang='lat' dir='ltr'><strong>petimus.</strong></span> <span class='ocrx_word' id='word_1_695' title='bbox 2629 2620 2769 2675; x_wconf 70' lang='lat' dir='ltr'><strong>Nihil</strong></span> <span class='ocrx_word' id='word_1_696' title='bbox 2798 2623 2940 2677; x_wconf 89' lang='lat' dir='ltr'><strong>enim</strong></span> <span class='ocrx_word' id='word_1_697' title='bbox 2974 2635 3149 2693; x_wconf 86' lang='lat' dir='ltr'><strong>potest</strong></span> <span class='ocrx_word' id='word_1_698' title='bbox 3177 2627 3224 2681; x_wconf 88' lang='lat' dir='ltr'><strong>ei</strong></span> <span class='ocrx_word' id='word_1_699' title='bbox 3247 2629 3565 2698; x_wconf 82' lang='lat' dir='ltr'><strong>aequiparari</strong></span> <span class='ocrx_word' id='word_1_700' title='bbox 3599 2649 3612 2685; x_wconf 89' lang='lat'><strong>:</strong></span> <span class='ocrx_word' id='word_1_701' title='bbox 3647 2632 3699 2685; x_wconf 91' lang='lat' dir='ltr'><strong>in</strong></span> 
     </span>
    </p>
   </div>
   <div class='ocr_carea' id='block_1_87' title="bbox 2107 2708 3696 2784">
    <p class='ocr_par' dir='ltr' id='par_1_87' title="bbox 2107 2708 3696 2784">
     <span class='ocr_line' id='line_1_87' title="bbox 2107 2708 3696 2784; baseline 0.011 -24"><span class='ocrx_word' id='word_1_702' title='bbox 2107 2708 2363 2763; x_wconf 69' lang='lat' dir='ltr'><strong>licclesiis</strong></span> <span class='ocrx_word' id='word_1_703' title='bbox 2392 2725 2600 2778; x_wconf 89' lang='lat' dir='ltr'><strong>pacem,</strong></span> <span class='ocrx_word' id='word_1_704' title='bbox 2636 2712 2689 2765; x_wconf 92' lang='lat' dir='ltr'><strong>in</strong></span> <span class='ocrx_word' id='word_1_705' title='bbox 2722 2713 3229 2784; x_wconf 89' lang='lat' dir='ltr'><strong>supplicationibus,</strong></span> <span class='ocrx_word' id='word_1_706' title='bbox 3266 2718 3317 2772; x_wconf 90' lang='lat' dir='ltr'><strong>in</strong></span> <span class='ocrx_word' id='word_1_707' title='bbox 3350 2720 3696 2776; x_wconf 88' lang='lat' dir='ltr'><strong>salutationi-</strong></span> 
     </span>
    </p>
   </div>
   <div class='ocr_carea' id='block_1_88' title="bbox 2104 2797 3696 2884">
    <p class='ocr_par' dir='ltr' id='par_1_88' title="bbox 2104 2797 3696 2884">
     <span class='ocr_line' id='line_1_88' title="bbox 2104 2797 3696 2884; baseline 0.011 -33"><span class='ocrx_word' id='word_1_708' title='bbox 2104 2797 2236 2865; x_wconf 90' lang='lat' dir='ltr'><strong>bus;</strong></span> <span class='ocrx_word' id='word_1_709' title='bbox 2285 2811 2337 2854; x_wconf 90' lang='lat' dir='ltr'><strong>et</strong></span> <span class='ocrx_word' id='word_1_710' title='bbox 2382 2802 2547 2856; x_wconf 89' lang='lat' dir='ltr'><strong>semel</strong></span> <span class='ocrx_word' id='word_1_711' title='bbox 2583 2812 2638 2856; x_wconf 89' lang='lat' dir='ltr'><strong>et</strong></span> <span class='ocrx_word' id='word_1_712' title='bbox 2665 2803 2745 2858; x_wconf 90' lang='lat' dir='ltr'><strong>bis</strong></span> <span class='ocrx_word' id='word_1_713' title='bbox 2781 2815 2834 2860; x_wconf 89' lang='lat' dir='ltr'><strong>et</strong></span> <span class='ocrx_word' id='word_1_714' title='bbox 2868 2816 2980 2871; x_wconf 91' lang='lat' dir='ltr'><strong>ter,</strong></span> <span class='ocrx_word' id='word_1_715' title='bbox 3013 2817 3066 2861; x_wconf 91' lang='lat' dir='ltr'><strong>et</strong></span> <span class='ocrx_word' id='word_1_716' title='bbox 3097 2824 3241 2878; x_wconf 68' lang='lat' dir='ltr'><strong>swpe</strong></span> <span class='ocrx_word' id='word_1_717' title='bbox 3267 2825 3384 2864; x_wconf 87' lang='lat' dir='ltr'><strong>eam</strong></span> <span class='ocrx_word' id='word_1_718' title='bbox 3413 2811 3506 2866; x_wconf 92' lang='lat' dir='ltr'><strong>dat</strong></span> <span class='ocrx_word' id='word_1_719' title='bbox 3533 2811 3578 2868; x_wconf 91' lang='lat' dir='ltr'><strong>is</strong></span> <span class='ocrx_word' id='word_1_720' title='bbox 3606 2830 3696 2884; x_wconf 79' lang='lat' dir='ltr'><strong>qui</strong></span> 
     </span>
    </p>
   </div>
   <div class='ocr_carea' id='block_1_89' title="bbox 2104 2891 3696 2973">
    <p class='ocr_par' dir='ltr' id='par_1_89' title="bbox 2104 2891 3696 2973">
     <span class='ocr_line' id='line_1_89' title="bbox 2104 2891 3696 2973; baseline 0.011 -30"><span class='ocrx_word' id='word_1_721' title='bbox 2104 2901 2298 2959; x_wconf 61' lang='lat' dir='ltr'><strong>prarcst</strong></span> <span class='ocrx_word' id='word_1_722' title='bbox 2321 2891 2599 2960; x_wconf 83' lang='lat' dir='ltr'><strong>Ecclesiae,</strong></span> <span class='ocrx_word' id='word_1_723' title='bbox 2623 2894 2810 2951; x_wconf 90' lang='lat' dir='ltr'><strong>dicens</strong></span> <span class='ocrx_word' id='word_1_724' title='bbox 2836 2913 2850 2948; x_wconf 91' lang='lat'>:</span> <span class='ocrx_word' id='word_1_725' title='bbox 2882 2896 3000 2952; x_wconf 74' lang='lat' dir='ltr'><strong>Pace</strong></span> <span class='ocrx_word' id='word_1_726' title='bbox 3016 2900 3169 2954; x_wconf 81' lang='lat' dir='ltr'><strong>vobis.</strong></span> <span class='ocrx_word' id='word_1_727' title='bbox 3197 2901 3410 2968; x_wconf 88' lang='lat' dir='ltr'><strong>Quare?</strong></span> <span class='ocrx_word' id='word_1_728' title='bbox 3432 2903 3696 2973; x_wconf 88' lang='lat' dir='ltr'><strong>Quoniam</strong></span> 
     </span>
    </p>
   </div>
   <div class='ocr_carea' id='block_1_90' title="bbox 2104 2986 3701 3067">
    <p class='ocr_par' dir='ltr' id='par_1_90' title="bbox 2104 2986 3701 3067">
     <span class='ocr_line' id='line_1_90' title="bbox 2104 2986 3701 3067; baseline 0.01 -29"><span class='ocrx_word' id='word_1_729' title='bbox 2104 2986 2217 3054; x_wconf 90' lang='lat' dir='ltr'><strong>ipsa</strong></span> <span class='ocrx_word' id='word_1_730' title='bbox 2245 2994 2328 3040; x_wconf 89' lang='lat' dir='ltr'><strong>est</strong></span> <span class='ocrx_word' id='word_1_731' title='bbox 2351 2995 2522 3040; x_wconf 88' lang='lat' dir='ltr'><strong>mater</strong></span> <span class='ocrx_word' id='word_1_732' title='bbox 2547 2988 2787 3042; x_wconf 89' lang='lat' dir='ltr'><strong>omnium</strong></span> <span class='ocrx_word' id='word_1_733' title='bbox 2816 2989 3107 3060; x_wconf 86' lang='lat' dir='ltr'><strong>bonorum,</strong></span> <span class='ocrx_word' id='word_1_734' title='bbox 3140 2993 3253 3063; x_wconf 85' lang='lat' dir='ltr'><strong>ipsa</strong></span> <span class='ocrx_word' id='word_1_735' title='bbox 3273 3004 3356 3049; x_wconf 89' lang='lat' dir='ltr'><strong>est</strong></span> <span class='ocrx_word' id='word_1_736' title='bbox 3381 2998 3560 3067; x_wconf 83' lang='lat' dir='ltr'><strong>gaudii</strong></span> <span class='ocrx_word' id='word_1_737' title='bbox 3584 3014 3701 3053; x_wconf 76' lang='lat' dir='ltr'><strong>ma-</strong></span> 
     </span>
    </p>
   </div>
   <div class='ocr_carea' id='block_1_91' title="bbox 2105 3077 3696 3162">
    <p class='ocr_par' dir='ltr' id='par_1_91' title="bbox 2105 3077 3696 3162">
     <span class='ocr_line' id='line_1_91' title="bbox 2105 3077 3696 3162; baseline 0.01 -32"><span class='ocrx_word' id='word_1_738' title='bbox 2105 3077 2236 3131; x_wconf 89' lang='lat' dir='ltr'><strong>teria</strong></span> <span class='ocrx_word' id='word_1_739' title='bbox 2281 3087 2336 3133; x_wconf 89' lang='lat' dir='ltr'><strong>et</strong></span> <span class='ocrx_word' id='word_1_740' title='bbox 2382 3090 2782 3148; x_wconf 85' lang='lat' dir='ltr'><strong>argumentum.</strong></span> <span class='ocrx_word' id='word_1_741' title='bbox 2837 3082 3129 3152; x_wconf 89' lang='lat' dir='ltr'><strong>Propterea</strong></span> <span class='ocrx_word' id='word_1_742' title='bbox 3189 3085 3436 3142; x_wconf 90' lang='lat' dir='ltr'><strong>Christus</strong></span> <span class='ocrx_word' id='word_1_743' title='bbox 3479 3106 3696 3162; x_wconf 89' lang='lat' dir='ltr'><strong>quoque</strong></span> 
     </span>
    </p>
   </div>
   <div class='ocr_carea' id='block_1_92' title="bbox 2102 3169 3700 3246">
    <p class='ocr_par' dir='ltr' id='par_1_92' title="bbox 2102 3169 3700 3246">
     <span class='ocr_line' id='line_1_92' title="bbox 2102 3169 3700 3246; baseline 0.012 -25"><span class='ocrx_word' id='word_1_744' title='bbox 2102 3169 2382 3237; x_wconf 88' lang='lat' dir='ltr'><strong>apostolos</strong></span> <span class='ocrx_word' id='word_1_745' title='bbox 2404 3169 2596 3225; x_wconf 90' lang='lat' dir='ltr'><strong>domos</strong></span> <span class='ocrx_word' id='word_1_746' title='bbox 2627 3171 2990 3241; x_wconf 88' lang='lat' dir='ltr'><strong>ingredientes</strong></span> <span class='ocrx_word' id='word_1_747' title='bbox 3021 3175 3297 3246; x_wconf 89' lang='lat' dir='ltr'><strong>hocjussit</strong></span> <span class='ocrx_word' id='word_1_748' title='bbox 3323 3181 3502 3234; x_wconf 88' lang='lat' dir='ltr'><strong>statim</strong></span> <span class='ocrx_word' id='word_1_749' title='bbox 3521 3183 3700 3240; x_wconf 87' lang='lat' dir='ltr'><strong>dicere</strong></span> 
     </span>
    </p>
   </div>
   <div class='ocr_carea' id='block_1_93' title="bbox 2105 3262 3700 3338">
    <p class='ocr_par' dir='ltr' id='par_1_93' title="bbox 2105 3262 3700 3338">
     <span class='ocr_line' id='line_1_93' title="bbox 2105 3262 3700 3338; baseline 0.011 -24"><span class='ocrx_word' id='word_1_750' title='bbox 2105 3269 2374 3332; x_wconf 90' lang='lat' dir='ltr'><strong>tamquam</strong></span> <span class='ocrx_word' id='word_1_751' title='bbox 2426 3262 2641 3332; x_wconf 85' lang='lat' dir='ltr'><strong>aliquod</strong></span> <span class='ocrx_word' id='word_1_752' title='bbox 2693 3264 2954 3320; x_wconf 89' lang='lat' dir='ltr'><strong>bonorum</strong></span> <span class='ocrx_word' id='word_1_753' title='bbox 3010 3269 3312 3338; x_wconf 83' lang='lat' dir='ltr'><strong>symbolum</strong></span> <span class='ocrx_word' id='word_1_754' title='bbox 3361 3291 3374 3325; x_wconf 90' lang='lat'><strong>:</strong></span> <span class='ocrx_word' id='word_1_755' title='bbox 3437 3273 3700 3332; x_wconf 83' lang='lat' dir='ltr'><strong>lntrantes</strong></span> 
     </span>
    </p>
   </div>
   <div class='ocr_carea' id='block_1_94' title="bbox 2103 3352 3696 3438">
    <p class='ocr_par' dir='ltr' id='par_1_94' title="bbox 2103 3352 3696 3438">
     <span class='ocr_line' id='line_1_94' title="bbox 2103 3352 3696 3438; baseline 0.012 -33"><span class='ocrx_word' id='word_1_756' title='bbox 2103 3352 2267 3418; x_wconf 89' lang='lat' dir='ltr'><strong>enim,</strong></span> <span class='ocrx_word' id='word_1_757' title='bbox 2292 3353 2480 3421; x_wconf 87' lang='lat' dir='ltr'><strong>inquit,</strong></span> <span class='ocrx_word' id='word_1_758' title='bbox 2508 3354 2704 3421; x_wconf 78' lang='lat' dir='ltr'><strong>clamos,</strong></span> <span class='ocrx_word' id='word_1_759' title='bbox 2723 3356 2874 3411; x_wconf 85' lang='lat' dir='ltr'><strong>dicite</strong></span> <span class='ocrx_word' id='word_1_760' title='bbox 2894 3373 2913 3412; x_wconf 90' lang='lat'><strong><em>:</em></strong></span> <span class='ocrx_word' id='word_1_761' title='bbox 2935 3357 3050 3413; x_wconf 77' lang='lat' dir='ltr'><strong>Pax</strong></span> <span class='ocrx_word' id='word_1_762' title='bbox 3075 3361 3210 3414; x_wconf 85' lang='lat' dir='ltr'><strong>vobis</strong></span> <span class='ocrx_word' id='word_1_763' title='bbox 3234 3362 3446 3432; x_wconf 77' lang='lat' dir='ltr'><strong>(Matth.</strong></span> <span class='ocrx_word' id='word_1_764' title='bbox 3467 3367 3552 3422; x_wconf 86' lang='lat' dir='ltr'><strong>lO.</strong></span> <span class='ocrx_word' id='word_1_765' title='bbox 3583 3367 3696 3438; x_wconf 69' lang='grc'><strong>12).</strong></span> 
     </span>
    </p>
   </div>
   <div class='ocr_carea' id='block_1_95' title="bbox 2100 3441 3699 3520">
    <p class='ocr_par' dir='ltr' id='par_1_95' title="bbox 2100 3441 3699 3520">
     <span class='ocr_line' id='line_1_95' title="bbox 2100 3441 3699 3520; baseline 0.014 -26"><span class='ocrx_word' id='word_1_766' title='bbox 2100 3441 2232 3495; x_wconf 84' lang='lat' dir='ltr'><strong>Nam</strong></span> <span class='ocrx_word' id='word_1_767' title='bbox 2254 3443 2298 3496; x_wconf 90' lang='lat' dir='ltr'><strong>si</strong></span> <span class='ocrx_word' id='word_1_768' title='bbox 2326 3458 2388 3497; x_wconf 90' lang='lat' dir='ltr'><strong>ea</strong></span> <span class='ocrx_word' id='word_1_769' title='bbox 2409 3459 2511 3498; x_wconf 89' lang='lat' dir='ltr'><strong>non</strong></span> <span class='ocrx_word' id='word_1_770' title='bbox 2537 3445 2625 3511; x_wconf 89' lang='lat' dir='ltr'><strong>sit,</strong></span> <span class='ocrx_word' id='word_1_771' title='bbox 2645 3448 2820 3500; x_wconf 88' lang='lat' dir='ltr'><strong>omnia</strong></span> <span class='ocrx_word' id='word_1_772' title='bbox 2841 3459 2965 3502; x_wconf 91' lang='lat' dir='ltr'><strong>sunt</strong></span> <span class='ocrx_word' id='word_1_773' title='bbox 2985 3466 3405 3520; x_wconf 85' lang='lat' dir='ltr'><strong>supervacanea.</strong></span> <span class='ocrx_word' id='word_1_774' title='bbox 3429 3456 3494 3511; x_wconf 82' lang='lat' dir='ltr'><strong>Et</strong></span> <span class='ocrx_word' id='word_1_775' title='bbox 3511 3474 3699 3516; x_wconf 89' lang='lat' dir='ltr'><strong>rursus</strong></span> 
     </span>
    </p>
   </div>
   <div class='ocr_carea' id='block_1_96' title="bbox 2101 3535 3697 3619">
    <p class='ocr_par' dir='ltr' id='par_1_96' title="bbox 2101 3535 3697 3619">
     <span class='ocr_line' id='line_1_96' title="bbox 2101 3535 3697 3619; baseline 0.011 -30"><span class='ocrx_word' id='word_1_776' title='bbox 2101 3535 2314 3590; x_wconf 87' lang='lat' dir='ltr'><strong>dicebat</strong></span> <span class='ocrx_word' id='word_1_777' title='bbox 2334 3536 2643 3607; x_wconf 89' lang='lat' dir='ltr'><strong>discipulis:</strong></span> <span class='ocrx_word' id='word_1_778' title='bbox 2678 3538 2867 3594; x_wconf 84' lang='lat' dir='ltr'><strong>Pacem</strong></span> <span class='ocrx_word' id='word_1_779' title='bbox 2896 3543 3123 3613; x_wconf 81' lang='lat' dir='ltr'><strong>relinquo</strong></span> <span class='ocrx_word' id='word_1_780' title='bbox 3147 3547 3302 3613; x_wconf 83' lang='lat' dir='ltr'><strong>vobis,</strong></span> <span class='ocrx_word' id='word_1_781' title='bbox 3334 3566 3507 3619; x_wconf 86' lang='lat' dir='ltr'><strong>pacem</strong></span> <span class='ocrx_word' id='word_1_782' title='bbox 3532 3569 3697 3606; x_wconf 86' lang='lat' dir='ltr'><strong>meam</strong></span> 
     </span>
    </p>
   </div>
   <div class='ocr_carea' id='block_1_97' title="bbox 2103 3629 3696 3705">
    <p class='ocr_par' dir='ltr' id='par_1_97' title="bbox 2103 3629 3696 3705">
     <span class='ocr_line' id='line_1_97' title="bbox 2103 3629 3696 3705; baseline 0.014 -25"><span class='ocrx_word' id='word_1_783' title='bbox 2103 3629 2168 3683; x_wconf 89' lang='lat' dir='ltr'><strong>do</strong></span> <span class='ocrx_word' id='word_1_784' title='bbox 2199 3630 2336 3683; x_wconf 88' lang='lat' dir='ltr'><strong>vobis</strong></span> <span class='ocrx_word' id='word_1_785' title='bbox 2355 3629 2536 3699; x_wconf 79' lang='lat' dir='ltr'><strong>(Joan.</strong></span> <span class='ocrx_word' id='word_1_786' title='bbox 2557 3633 2644 3686; x_wconf 72' lang='grc'><strong>14.</strong></span> <span class='ocrx_word' id='word_1_787' title='bbox 2672 3633 2910 3705; x_wconf 72' lang='lat' dir='ltr'><strong>‘27).lpsa</strong></span> <span class='ocrx_word' id='word_1_788' title='bbox 2939 3637 3076 3691; x_wconf 84' lang='lat' dir='ltr'><strong>viam</strong></span> <span class='ocrx_word' id='word_1_789' title='bbox 3110 3641 3283 3695; x_wconf 89' lang='lat' dir='ltr'><strong>tnunit</strong></span> <span class='ocrx_word' id='word_1_790' title='bbox 3305 3641 3370 3695; x_wconf 90' lang='lat' dir='ltr'><strong>ad</strong></span> <span class='ocrx_word' id='word_1_791' title='bbox 3395 3644 3696 3702; x_wconf 88' lang='lat' dir='ltr'><strong>caritatem.</strong></span> 
     </span>
    </p>
   </div>
   <div class='ocr_carea' id='block_1_98' title="bbox 2102 3719 3700 3800">
    <p class='ocr_par' dir='ltr' id='par_1_98' title="bbox 2102 3719 3700 3800">
     <span class='ocr_line' id='line_1_98' title="bbox 2102 3719 3700 3800; baseline 0.011 -26"><span class='ocrx_word' id='word_1_792' title='bbox 2102 3719 2172 3774; x_wconf 90' lang='lat' dir='ltr'><strong>Et</strong></span> <span class='ocrx_word' id='word_1_793' title='bbox 2201 3735 2305 3774; x_wconf 94' lang='lat' dir='ltr'><strong>non</strong></span> <span class='ocrx_word' id='word_1_794' title='bbox 2334 3719 2464 3775; x_wconf 88' lang='lat' dir='ltr'><strong>dicit</strong></span> <span class='ocrx_word' id='word_1_795' title='bbox 2488 3722 2577 3791; x_wconf 89' lang='lat' dir='ltr'><strong>qui</strong></span> <span class='ocrx_word' id='word_1_796' title='bbox 2609 3733 2806 3792; x_wconf 80' lang='lat' dir='ltr'><strong>praeest</strong></span> <span class='ocrx_word' id='word_1_797' title='bbox 2836 3725 3115 3794; x_wconf 65' lang='lat' dir='ltr'><strong>Ecclesiae,</strong></span> <span class='ocrx_word' id='word_1_798' title='bbox 3151 3729 3261 3784; x_wconf 85' lang='lat' dir='ltr'><strong>Pax</strong></span> <span class='ocrx_word' id='word_1_799' title='bbox 3292 3732 3464 3800; x_wconf 88' lang='lat' dir='ltr'><strong>vobis,</strong></span> <span class='ocrx_word' id='word_1_800' title='bbox 3495 3737 3700 3791; x_wconf 81' lang='lat' dir='ltr'><strong>solum-</strong></span> 
     </span>
    </p>
   </div>
   <div class='ocr_carea' id='block_1_99' title="bbox 2101 3811 3702 3890">
    <p class='ocr_par' dir='ltr' id='par_1_99' title="bbox 2101 3811 3702 3890">
     <span class='ocr_line' id='line_1_99' title="bbox 2101 3811 3702 3890; baseline 0.011 -24"><span class='ocrx_word' id='word_1_801' title='bbox 2101 3811 2263 3866; x_wconf 84' lang='lat' dir='ltr'><strong>modo</strong></span> <span class='ocrx_word' id='word_1_802' title='bbox 2284 3853 2298 3879; x_wconf 95' lang='lat'><strong>,</strong></span> <span class='ocrx_word' id='word_1_803' title='bbox 2333 3811 2427 3867; x_wconf 91' lang='lat' dir='ltr'><strong>sed</strong></span> <span class='ocrx_word' id='word_1_804' title='bbox 2453 3855 2467 3880; x_wconf 95' lang='lat'><strong>,</strong></span> <span class='ocrx_word' id='word_1_805' title='bbox 2515 3813 2634 3868; x_wconf 80' lang='lat' dir='ltr'><strong>Pax</strong></span> <span class='ocrx_word' id='word_1_806' title='bbox 2683 3817 2932 3872; x_wconf 84' lang='lat' dir='ltr'><strong>omnibus.</strong></span> <span class='ocrx_word' id='word_1_807' title='bbox 2964 3819 3100 3885; x_wconf 91' lang='lat' dir='ltr'><strong>Quid</strong></span> <span class='ocrx_word' id='word_1_808' title='bbox 3153 3822 3320 3890; x_wconf 90' lang='lat' dir='ltr'><strong>enim,</strong></span> <span class='ocrx_word' id='word_1_809' title='bbox 3373 3825 3418 3879; x_wconf 90' lang='lat' dir='ltr'><strong>si</strong></span> <span class='ocrx_word' id='word_1_810' title='bbox 3449 3841 3567 3881; x_wconf 90' lang='lat' dir='ltr'><strong>cum</strong></span> <span class='ocrx_word' id='word_1_811' title='bbox 3598 3829 3702 3884; x_wconf 91' lang='lat' dir='ltr'><strong>hoc</strong></span> 
     </span>
    </p>
   </div>
   <div class='ocr_carea' id='block_1_100' title="bbox 2102 3905 3698 3978">
    <p class='ocr_par' dir='ltr' id='par_1_100' title="bbox 2102 3905 3698 3978">
     <span class='ocr_line' id='line_1_100' title="bbox 2102 3905 3698 3978; baseline 0.014 -21"><span class='ocrx_word' id='word_1_812' title='bbox 2102 3905 2317 3974; x_wconf 89' lang='lat' dir='ltr'><strong>quidem</strong></span> <span class='ocrx_word' id='word_1_813' title='bbox 2349 3921 2532 3976; x_wconf 88' lang='lat' dir='ltr'><strong>pacem</strong></span> <span class='ocrx_word' id='word_1_814' title='bbox 2558 3907 2884 3976; x_wconf 87' lang='lat' dir='ltr'><strong>habeamus,</strong></span> <span class='ocrx_word' id='word_1_815' title='bbox 2915 3926 3035 3965; x_wconf 91' lang='lat' dir='ltr'><strong>cum</strong></span> <span class='ocrx_word' id='word_1_816' title='bbox 3065 3912 3157 3967; x_wconf 92' lang='lat' dir='ltr'><strong>illo</strong></span> <span class='ocrx_word' id='word_1_817' title='bbox 3188 3923 3366 3970; x_wconf 90' lang='lat' dir='ltr'><strong>autem</strong></span> <span class='ocrx_word' id='word_1_818' title='bbox 3399 3920 3602 3974; x_wconf 90' lang='lat' dir='ltr'><strong>bellum</strong></span> <span class='ocrx_word' id='word_1_819' title='bbox 3641 3933 3698 3978; x_wconf 89' lang='lat' dir='ltr'><strong>et</strong></span> 
     </span>
    </p>
   </div>
   <div class='ocr_carea' id='block_1_101' title="bbox 2102 3985 3694 4076">
    <p class='ocr_par' dir='ltr' id='par_1_101' title="bbox 2102 3985 3694 4076">
     <span class='ocr_line' id='line_1_101' title="bbox 2102 3985 3694 4076; baseline 0.012 -27"><span class='ocrx_word' id='word_1_820' title='bbox 2102 4011 2358 4067; x_wconf 80' lang='lat' dir='ltr'><strong>pugnant,</strong></span> <span class='ocrx_word' id='word_1_821' title='bbox 2405 3985 2534 4068; x_wconf 84' lang='lat' dir='ltr'><strong>quid</strong></span> <span class='ocrx_word' id='word_1_822' title='bbox 2581 3998 2716 4054; x_wconf 90' lang='lat' dir='ltr'><strong>lucri</strong></span> <span class='ocrx_word' id='word_1_823' title='bbox 2746 4001 3086 4057; x_wconf 84' lang='lat' dir='ltr'><strong>referemus?</strong></span> <span class='ocrx_word' id='word_1_824' title='bbox 3122 4003 3307 4076; x_wconf 89' lang='lat' dir='ltr'><strong>Neque</strong></span> <span class='ocrx_word' id='word_1_825' title='bbox 3329 4010 3470 4063; x_wconf 90' lang='lat' dir='ltr'><strong>enim</strong></span> <span class='ocrx_word' id='word_1_826' title='bbox 3496 4011 3547 4065; x_wconf 91' lang='lat' dir='ltr'><strong>in</strong></span> <span class='ocrx_word' id='word_1_827' title='bbox 3575 4028 3694 4068; x_wconf 70' lang='lat' dir='ltr'><strong>coro</strong></span> 
     </span>
    </p>
   </div>
   <div class='ocr_carea' id='block_1_102' title="bbox 2103 4091 3695 4171">
    <p class='ocr_par' dir='ltr' id='par_1_102' title="bbox 2103 4091 3695 4171">
     <span class='ocr_line' id='line_1_102' title="bbox 2103 4091 3695 4171; baseline 0.013 -28"><span class='ocrx_word' id='word_1_828' title='bbox 2103 4105 2270 4160; x_wconf 88' lang='lat' dir='ltr'><strong>pore,</strong></span> <span class='ocrx_word' id='word_1_829' title='bbox 2324 4091 2369 4145; x_wconf 92' lang='lat' dir='ltr'><strong>si</strong></span> <span class='ocrx_word' id='word_1_830' title='bbox 2399 4107 2464 4146; x_wconf 84' lang='lat' dir='ltr'><strong>ex</strong></span> <span class='ocrx_word' id='word_1_831' title='bbox 2494 4091 2779 4148; x_wconf 88' lang='lat' dir='ltr'><strong>elementis</strong></span> <span class='ocrx_word' id='word_1_832' title='bbox 2823 4095 2924 4149; x_wconf 89' lang='lat' dir='ltr'><strong>alia</strong></span> <span class='ocrx_word' id='word_1_833' title='bbox 2967 4097 3184 4166; x_wconf 89' lang='lat' dir='ltr'><strong>quidem</strong></span> <span class='ocrx_word' id='word_1_834' title='bbox 3217 4101 3496 4170; x_wconf 89' lang='lat' dir='ltr'><strong>quiescant</strong></span> <span class='ocrx_word' id='word_1_835' title='bbox 3522 4145 3538 4171; x_wconf 91' lang='lat'><strong>,</strong></span> <span class='ocrx_word' id='word_1_836' title='bbox 3592 4108 3695 4163; x_wconf 87' lang='lat' dir='ltr'><strong>alia</strong></span> 
     </span>
    </p>
   </div>
   <div class='ocr_carea' id='block_1_103' title="bbox 2101 4184 3706 4266">
    <p class='ocr_par' dir='ltr' id='par_1_103' title="bbox 2101 4184 3706 4266">
     <span class='ocr_line' id='line_1_103' title="bbox 2101 4184 3706 4266; baseline 0.012 -30"><span class='ocrx_word' id='word_1_837' title='bbox 2101 4198 2234 4238; x_wconf 89' lang='lat' dir='ltr'><strong>vero</strong></span> <span class='ocrx_word' id='word_1_838' title='bbox 2261 4184 2583 4240; x_wconf 89' lang='lat' dir='ltr'><strong>seditionem</strong></span> <span class='ocrx_word' id='word_1_839' title='bbox 2609 4187 2836 4257; x_wconf 83' lang='lat' dir='ltr'><strong>agitent,</strong></span> <span class='ocrx_word' id='word_1_840' title='bbox 2859 4189 2970 4243; x_wconf 82' lang='lat' dir='ltr'><strong>fieri</strong></span> <span class='ocrx_word' id='word_1_841' title='bbox 3001 4201 3177 4258; x_wconf 88' lang='lat' dir='ltr'><strong>potest</strong></span> <span class='ocrx_word' id='word_1_842' title='bbox 3206 4203 3261 4248; x_wconf 90' lang='lat' dir='ltr'><strong>ut</strong></span> <span class='ocrx_word' id='word_1_843' title='bbox 3293 4210 3544 4266; x_wconf 87' lang='lat' dir='ltr'><strong>umquam</strong></span> <span class='ocrx_word' id='word_1_844' title='bbox 3573 4216 3706 4256; x_wconf 85' lang='lat' dir='ltr'><strong>con-</strong></span> 
     </span>
    </p>
   </div>
   <div class='ocr_carea' id='block_1_104' title="bbox 2100 4277 3784 4360">
    <p class='ocr_par' dir='ltr' id='par_1_104' title="bbox 2100 4277 3784 4360">
     <span class='ocr_line' id='line_1_104' title="bbox 2100 4277 3784 4360; baseline 0.012 -32"><span class='ocrx_word' id='word_1_845' title='bbox 2100 4277 2254 4329; x_wconf 81' lang='lat' dir='ltr'><strong>sistat</strong></span> <span class='ocrx_word' id='word_1_846' title='bbox 2307 4277 2542 4344; x_wconf 89' lang='lat' dir='ltr'><strong>sanitas,</strong></span> <span class='ocrx_word' id='word_1_847' title='bbox 2599 4278 2691 4333; x_wconf 89' lang='lat' dir='ltr'><strong>sed</strong></span> <span class='ocrx_word' id='word_1_848' title='bbox 2741 4295 2838 4350; x_wconf 89' lang='lat' dir='ltr'><strong>per</strong></span> <span class='ocrx_word' id='word_1_849' title='bbox 2867 4281 3065 4336; x_wconf 90' lang='lat' dir='ltr'><strong>bonum</strong></span> <span class='ocrx_word' id='word_1_850' title='bbox 3098 4284 3336 4340; x_wconf 90' lang='lat' dir='ltr'><strong>omnium</strong></span> <span class='ocrx_word' id='word_1_851' title='bbox 3369 4288 3613 4344; x_wconf 91' lang='lat' dir='ltr'><strong>ordinem</strong></span> <span class='ocrx_word' id='word_1_852' title='bbox 3647 4299 3702 4347; x_wconf 86' lang='lat' dir='ltr'><strong>et</strong></span> <span class='ocrx_word' id='word_1_853' title='bbox 3777 4356 3784 4360; x_wconf 92' lang='lat'><em>_</em></span> 
     </span>
    </p>
   </div>
   <div class='ocr_carea' id='block_1_105' title="bbox 2101 4374 3702 4450">
    <p class='ocr_par' dir='ltr' id='par_1_105' title="bbox 2101 4374 3702 4450">
     <span class='ocr_line' id='line_1_105' title="bbox 2101 4374 3702 4450; baseline 0.011 -28"><span class='ocrx_word' id='word_1_854' title='bbox 2101 4383 2426 4424; x_wconf 86' lang='lat' dir='ltr'><strong>consensum</strong></span> <span class='ocrx_word' id='word_1_855' title='bbox 2460 4377 2513 4424; x_wconf 90' lang='lat' dir='ltr'><strong>et</strong></span> <span class='ocrx_word' id='word_1_856' title='bbox 2537 4386 2726 4440; x_wconf 89' lang='lat' dir='ltr'><strong>pacem</strong></span> <span class='ocrx_word' id='word_1_857' title='bbox 2754 4391 2765 4425; x_wconf 92' lang='lat'><strong>:</strong></span> <span class='ocrx_word' id='word_1_858' title='bbox 2814 4382 2868 4427; x_wconf 89' lang='lat' dir='ltr'><strong>et</strong></span> <span class='ocrx_word' id='word_1_859' title='bbox 2897 4374 2940 4427; x_wconf 88' lang='lat' dir='ltr'><strong>si</strong></span> <span class='ocrx_word' id='word_1_860' title='bbox 2972 4390 3077 4430; x_wconf 91' lang='lat' dir='ltr'><strong>non</strong></span> <span class='ocrx_word' id='word_1_861' title='bbox 3106 4379 3285 4432; x_wconf 90' lang='lat' dir='ltr'><strong>omnia</strong></span> <span class='ocrx_word' id='word_1_862' title='bbox 3317 4380 3613 4450; x_wconf 79' lang='lat' dir='ltr'><strong>quiescant,</strong></span> <span class='ocrx_word' id='word_1_863' title='bbox 3646 4395 3702 4440; x_wconf 93' lang='lat' dir='ltr'><strong>et</strong></span> 
     </span>
    </p>
   </div>
   <div class='ocr_carea' id='block_1_106' title="bbox 2101 4459 3698 4532">
    <p class='ocr_par' dir='ltr' id='par_1_106' title="bbox 2101 4459 3698 4532">
     <span class='ocr_line' id='line_1_106' title="bbox 2101 4459 3698 4532; baseline 0.011 -18"><span class='ocrx_word' id='word_1_864' title='bbox 2101 4459 2154 4514; x_wconf 90' lang='lat' dir='ltr'><strong>in</strong></span> <span class='ocrx_word' id='word_1_865' title='bbox 2187 4461 2299 4516; x_wconf 90' lang='lat' dir='ltr'><strong>suis</strong></span> <span class='ocrx_word' id='word_1_866' title='bbox 2328 4463 2561 4531; x_wconf 90' lang='lat' dir='ltr'><strong>propriis</strong></span> <span class='ocrx_word' id='word_1_867' title='bbox 2592 4474 2847 4518; x_wconf 88' lang='lat' dir='ltr'><strong>maneant</strong></span> <span class='ocrx_word' id='word_1_868' title='bbox 2875 4467 3140 4531; x_wconf 84' lang='lat' dir='ltr'><strong>terminis,</strong></span> <span class='ocrx_word' id='word_1_869' title='bbox 3168 4472 3346 4525; x_wconf 89' lang='lat' dir='ltr'><strong>omnia</strong></span> <span class='ocrx_word' id='word_1_870' title='bbox 3366 4485 3698 4532; x_wconf 83' lang='lat' dir='ltr'><strong>evertentnr.</strong></span> 
     </span>
    </p>
   </div>
   <div class='ocr_carea' id='block_1_107' title="bbox 2102 4553 3702 4638">
    <p class='ocr_par' dir='ltr' id='par_1_107' title="bbox 2102 4553 3702 4638">
     <span class='ocr_line' id='line_1_107' title="bbox 2102 4553 3702 4638; baseline 0.01 -31"><span class='ocrx_word' id='word_1_871' title='bbox 2102 4553 2157 4608; x_wconf 92' lang='lat' dir='ltr'><strong>In</strong></span> <span class='ocrx_word' id='word_1_872' title='bbox 2191 4562 2370 4609; x_wconf 89' lang='lat' dir='ltr'><strong>nostra</strong></span> <span class='ocrx_word' id='word_1_873' title='bbox 2393 4569 2608 4624; x_wconf 89' lang='lat' dir='ltr'><strong>quoque</strong></span> <span class='ocrx_word' id='word_1_874' title='bbox 2639 4565 2819 4611; x_wconf 88' lang='lat' dir='ltr'><strong>mente</strong></span> <span class='ocrx_word' id='word_1_875' title='bbox 2849 4559 2947 4611; x_wconf 90' lang='lat' dir='ltr'><strong>nisi</strong></span> <span class='ocrx_word' id='word_1_876' title='bbox 2975 4574 3162 4615; x_wconf 88' lang='lat' dir='ltr'><strong>omnes</strong></span> <span class='ocrx_word' id='word_1_877' title='bbox 3189 4564 3472 4632; x_wconf 89' lang='lat' dir='ltr'><strong>quiescant</strong></span> <span class='ocrx_word' id='word_1_878' title='bbox 3500 4568 3702 4638; x_wconf 83' lang='lat' dir='ltr'><strong>cogita-</strong></span> 
     </span>
    </p>
   </div>
   <div class='ocr_carea' id='block_1_108' title="bbox 2103 4647 3700 4727">
    <p class='ocr_par' dir='ltr' id='par_1_108' title="bbox 2103 4647 3700 4727">
     <span class='ocr_line' id='line_1_108' title="bbox 2103 4647 3700 4727; baseline 0.009 -27"><span class='ocrx_word' id='word_1_879' title='bbox 2103 4648 2300 4714; x_wconf 87' lang='lat' dir='ltr'><strong>tiones,</strong></span> <span class='ocrx_word' id='word_1_880' title='bbox 2328 4661 2429 4716; x_wconf 87' lang='lat' dir='ltr'><strong>pax</strong></span> <span class='ocrx_word' id='word_1_881' title='bbox 2460 4663 2566 4701; x_wconf 90' lang='lat' dir='ltr'><strong>non</strong></span> <span class='ocrx_word' id='word_1_882' title='bbox 2613 4647 2735 4702; x_wconf 90' lang='lat' dir='ltr'><strong>erit.</strong></span> <span class='ocrx_word' id='word_1_883' title='bbox 2771 4649 3002 4705; x_wconf 91' lang='lat' dir='ltr'><strong>Tantum</strong></span> <span class='ocrx_word' id='word_1_884' title='bbox 3033 4653 3232 4708; x_wconf 90' lang='lat' dir='ltr'><strong>bonum</strong></span> <span class='ocrx_word' id='word_1_885' title='bbox 3257 4666 3340 4711; x_wconf 89' lang='lat' dir='ltr'><strong>est</strong></span> <span class='ocrx_word' id='word_1_886' title='bbox 3371 4672 3493 4727; x_wconf 89' lang='lat' dir='ltr'><strong>pax,</strong></span> <span class='ocrx_word' id='word_1_887' title='bbox 3527 4670 3584 4714; x_wconf 92' lang='lat' dir='ltr'><strong>ut</strong></span> <span class='ocrx_word' id='word_1_888' title='bbox 3606 4661 3700 4715; x_wconf 87' lang='lat' dir='ltr'><strong>lilii</strong></span> 
     </span>
    </p>
   </div>
   <div class='ocr_carea' id='block_1_109' title="bbox 2103 4742 3696 4822">
    <p class='ocr_par' dir='ltr' id='par_1_109' title="bbox 2103 4742 3696 4822">
     <span class='ocr_line' id='line_1_109' title="bbox 2103 4742 3696 4822; baseline 0.007 -26"><span class='ocrx_word' id='word_1_889' title='bbox 2103 4742 2198 4797; x_wconf 90' lang='lat' dir='ltr'><strong>Dei</strong></span> <span class='ocrx_word' id='word_1_890' title='bbox 2222 4751 2483 4797; x_wconf 89' lang='lat' dir='ltr'><strong>vocentur</strong></span> <span class='ocrx_word' id='word_1_891' title='bbox 2510 4742 2629 4812; x_wconf 89' lang='lat' dir='ltr'><strong>ejus</strong></span> <span class='ocrx_word' id='word_1_892' title='bbox 2651 4743 2936 4800; x_wconf 74' lang='lat' dir='ltr'><strong>ellectores</strong></span> <span class='ocrx_word' id='word_1_893' title='bbox 2978 4756 3026 4801; x_wconf 91' lang='lat' dir='ltr'><strong>et</strong></span> <span class='ocrx_word' id='word_1_894' title='bbox 3071 4749 3447 4806; x_wconf 71' lang='lat' dir='ltr'><strong>conciliatores</strong></span> <span class='ocrx_word' id='word_1_895' title='bbox 3477 4752 3696 4822; x_wconf 64' lang='lat' dir='ltr'><strong>(Matt/3.</strong></span> 
     </span>
    </p>
   </div>
   <div class='ocr_carea' id='block_1_110' title="bbox 2101 4835 3697 4911">
    <p class='ocr_par' dir='ltr' id='par_1_110' title="bbox 2101 4835 3697 4911">
     <span class='ocr_line' id='line_1_110' title="bbox 2101 4835 3697 4911; baseline 0.006 -21"><span class='ocrx_word' id='word_1_896' title='bbox 2101 4836 2154 4890; x_wconf 81' lang='lat'><strong>5.</strong></span> <span class='ocrx_word' id='word_1_897' title='bbox 2187 4835 2282 4903; x_wconf 74' lang='grc'><strong>45)</strong></span> <span class='ocrx_word' id='word_1_898' title='bbox 2315 4852 2327 4887; x_wconf 92' lang='lat'>:</span> <span class='ocrx_word' id='word_1_899' title='bbox 2359 4843 2413 4890; x_wconf 89' lang='lat' dir='ltr'><strong>et</strong></span> <span class='ocrx_word' id='word_1_900' title='bbox 2436 4837 2650 4890; x_wconf 88' lang='lat' dir='ltr'><strong>merito.</strong></span> <span class='ocrx_word' id='word_1_901' title='bbox 2679 4835 2812 4890; x_wconf 90' lang='lat' dir='ltr'><strong>Nam</strong></span> <span class='ocrx_word' id='word_1_902' title='bbox 2848 4837 2939 4892; x_wconf 90' lang='lat' dir='ltr'><strong>Dei</strong></span> <span class='ocrx_word' id='word_1_903' title='bbox 2969 4838 3136 4892; x_wconf 82' lang='lat' dir='ltr'><strong>Filius</strong></span> <span class='ocrx_word' id='word_1_904' title='bbox 3163 4839 3284 4894; x_wconf 89' lang='lat' dir='ltr'><strong>ideo</strong></span> <span class='ocrx_word' id='word_1_905' title='bbox 3305 4856 3522 4911; x_wconf 90' lang='lat' dir='ltr'><strong>quoque</strong></span> <span class='ocrx_word' id='word_1_906' title='bbox 3550 4846 3697 4900; x_wconf 81' lang='lat' dir='ltr'><strong>venit</strong></span> 
     </span>
    </p>
   </div>
   <div class='ocr_carea' id='block_1_111' title="bbox 2102 4926 3693 5001">
    <p class='ocr_par' dir='ltr' id='par_1_111' title="bbox 2102 4926 3693 5001">
     <span class='ocr_line' id='line_1_111' title="bbox 2102 4926 3693 5001; baseline 0.007 -22"><span class='ocrx_word' id='word_1_907' title='bbox 2102 4926 2155 4980; x_wconf 90' lang='lat' dir='ltr'><strong>in</strong></span> <span class='ocrx_word' id='word_1_908' title='bbox 2177 4934 2372 4982; x_wconf 87' lang='lat' dir='ltr'><strong>terram</strong></span> <span class='ocrx_word' id='word_1_909' title='bbox 2393 4926 2767 4997; x_wconf 78' lang='lat' dir='ltr'><strong>paciﬁcaturus</strong></span> <span class='ocrx_word' id='word_1_910' title='bbox 2789 4944 2906 4989; x_wconf 75' lang='lat' dir='ltr'><strong>qua:</strong></span> <span class='ocrx_word' id='word_1_911' title='bbox 2937 4929 2988 4981; x_wconf 94' lang='lat' dir='ltr'><strong>in</strong></span> <span class='ocrx_word' id='word_1_912' title='bbox 3019 4937 3185 4994; x_wconf 86' lang='lat' dir='ltr'><strong>terra,</strong></span> <span class='ocrx_word' id='word_1_913' title='bbox 3219 4940 3275 4985; x_wconf 89' lang='lat' dir='ltr'><strong>et</strong></span> <span class='ocrx_word' id='word_1_914' title='bbox 3304 4947 3423 5001; x_wconf 82' lang='lat' dir='ltr'><strong>qua:</strong></span> <span class='ocrx_word' id='word_1_915' title='bbox 3453 4932 3508 4988; x_wconf 92' lang='lat' dir='ltr'><strong>in</strong></span> <span class='ocrx_word' id='word_1_916' title='bbox 3527 4935 3693 4990; x_wconf 72' lang='lat' dir='ltr'><strong>etelis.</strong></span> 
     </span>
    </p>
   </div>
   <div class='ocr_carea' id='block_1_112' title="bbox 2102 5016 3696 5090">
    <p class='ocr_par' dir='ltr' id='par_1_112' title="bbox 2102 5016 3696 5090">
     <span class='ocr_line' id='line_1_112' title="bbox 2102 5016 3696 5090; baseline 0.005 -17"><span class='ocrx_word' id='word_1_917' title='bbox 2102 5016 2159 5073; x_wconf 90' lang='lat' dir='ltr'><strong>Si</strong></span> <span class='ocrx_word' id='word_1_918' title='bbox 2184 5030 2361 5074; x_wconf 90' lang='lat' dir='ltr'><strong>autem</strong></span> <span class='ocrx_word' id='word_1_919' title='bbox 2392 5017 2600 5087; x_wconf 83' lang='lat' dir='ltr'><strong>paciﬁci</strong></span> <span class='ocrx_word' id='word_1_920' title='bbox 2631 5027 2757 5071; x_wconf 90' lang='lat' dir='ltr'><strong>sunt</strong></span> <span class='ocrx_word' id='word_1_921' title='bbox 2787 5017 2883 5072; x_wconf 88' lang='lat' dir='ltr'><strong>lilii</strong></span> <span class='ocrx_word' id='word_1_922' title='bbox 2916 5019 3039 5084; x_wconf 89' lang='lat' dir='ltr'><strong>Dei,</strong></span> <span class='ocrx_word' id='word_1_923' title='bbox 3097 5021 3187 5090; x_wconf 90' lang='lat' dir='ltr'><strong>qui</strong></span> <span class='ocrx_word' id='word_1_924' title='bbox 3214 5037 3301 5076; x_wconf 92' lang='lat' dir='ltr'><strong>res</strong></span> <span class='ocrx_word' id='word_1_925' title='bbox 3326 5038 3492 5078; x_wconf 87' lang='lat' dir='ltr'><strong>novas</strong></span> <span class='ocrx_word' id='word_1_926' title='bbox 3519 5027 3696 5082; x_wconf 88' lang='lat' dir='ltr'><strong>moliri</strong></span> 
     </span>
    </p>
   </div>
   <div class='ocr_carea' id='block_1_113' title="bbox 2103 5109 3695 5189">
    <p class='ocr_par' dir='ltr' id='par_1_113' title="bbox 2103 5109 3695 5189">
     <span class='ocr_line' id='line_1_113' title="bbox 2103 5109 3695 5189; baseline 0.006 -24"><span class='ocrx_word' id='word_1_927' title='bbox 2103 5111 2321 5165; x_wconf 88' lang='lat' dir='ltr'><strong>student</strong></span> <span class='ocrx_word' id='word_1_928' title='bbox 2351 5118 2476 5163; x_wconf 90' lang='lat' dir='ltr'><strong>sunt</strong></span> <span class='ocrx_word' id='word_1_929' title='bbox 2503 5110 2598 5163; x_wconf 84' lang='lat' dir='ltr'><strong>lilii</strong></span> <span class='ocrx_word' id='word_1_930' title='bbox 2624 5109 2846 5164; x_wconf 89' lang='lat' dir='ltr'><strong>diaboli.</strong></span> <span class='ocrx_word' id='word_1_931' title='bbox 2875 5109 3012 5178; x_wconf 90' lang='lat' dir='ltr'><strong>Quid</strong></span> <span class='ocrx_word' id='word_1_932' title='bbox 3043 5110 3218 5167; x_wconf 86' lang='lat' dir='ltr'><strong>dicis?</strong></span> <span class='ocrx_word' id='word_1_933' title='bbox 3260 5112 3382 5169; x_wconf 87' lang='lat' dir='ltr'><strong>lites</strong></span> <span class='ocrx_word' id='word_1_934' title='bbox 3410 5126 3464 5171; x_wconf 91' lang='lat' dir='ltr'><strong>et</strong></span> <span class='ocrx_word' id='word_1_935' title='bbox 3491 5131 3695 5189; x_wconf 83' lang='lat' dir='ltr'><strong>pugnas</strong></span> 
     </span>
    </p>
   </div>
   <div class='ocr_carea' id='block_1_114' title="bbox 2101 5201 3692 5274">
    <p class='ocr_par' dir='ltr' id='par_1_114' title="bbox 2101 5201 3692 5274">
     <span class='ocr_line' id='line_1_114' title="bbox 2101 5201 3692 5274; baseline 0.004 -16"><span class='ocrx_word' id='word_1_936' title='bbox 2101 5201 2384 5258; x_wconf 89' lang='lat' dir='ltr'><strong>immittis?</strong></span> <span class='ocrx_word' id='word_1_937' title='bbox 2417 5201 2483 5255; x_wconf 87' lang='lat' dir='ltr'><strong>Et</strong></span> <span class='ocrx_word' id='word_1_938' title='bbox 2508 5202 2628 5272; x_wconf 91' lang='lat' dir='ltr'><strong>quis</strong></span> <span class='ocrx_word' id='word_1_939' title='bbox 2655 5210 2774 5267; x_wconf 90' lang='lat' dir='ltr'><strong>est,</strong></span> <span class='ocrx_word' id='word_1_940' title='bbox 2830 5202 3039 5274; x_wconf 89' lang='lat' dir='ltr'><strong>inquies</strong></span> <span class='ocrx_word' id='word_1_941' title='bbox 3061 5245 3075 5269; x_wconf 96' lang='lat'><strong>,</strong></span> <span class='ocrx_word' id='word_1_942' title='bbox 3107 5204 3243 5260; x_wconf 89' lang='lat' dir='ltr'><strong>adeo</strong></span> <span class='ocrx_word' id='word_1_943' title='bbox 3279 5205 3506 5262; x_wconf 84' lang='lat' dir='ltr'><strong>infelix?</strong></span> <span class='ocrx_word' id='word_1_944' title='bbox 3553 5210 3692 5265; x_wconf 92' lang='lat' dir='ltr'><strong>Sunt</strong></span> 
     </span>
    </p>
   </div>
   <div class='ocr_carea' id='block_1_115' title="bbox 2100 5295 3694 5373">
    <p class='ocr_par' dir='ltr' id='par_1_115' title="bbox 2100 5295 3694 5373">
     <span class='ocr_line' id='line_1_115' title="bbox 2100 5295 3694 5373; baseline 0.005 -22"><span class='ocrx_word' id='word_1_945' title='bbox 2100 5299 2244 5352; x_wconf 91' lang='lat' dir='ltr'><strong>enim</strong></span> <span class='ocrx_word' id='word_1_946' title='bbox 2276 5295 2427 5350; x_wconf 91' lang='lat' dir='ltr'><strong>multi</strong></span> <span class='ocrx_word' id='word_1_947' title='bbox 2467 5295 2712 5350; x_wconf 63' lang='lat' dir='ltr'><strong>laetantes</strong></span> <span class='ocrx_word' id='word_1_948' title='bbox 2741 5297 2895 5350; x_wconf 89' lang='lat' dir='ltr'><strong>malis</strong></span> <span class='ocrx_word' id='word_1_949' title='bbox 2916 5338 2930 5360; x_wconf 90' lang='lat'><strong>,</strong></span> <span class='ocrx_word' id='word_1_950' title='bbox 2974 5308 3029 5353; x_wconf 90' lang='lat' dir='ltr'><strong>et</strong></span> <span class='ocrx_word' id='word_1_951' title='bbox 3067 5297 3264 5354; x_wconf 87' lang='lat' dir='ltr'><strong>Christi</strong></span> <span class='ocrx_word' id='word_1_952' title='bbox 3299 5315 3497 5370; x_wconf 90' lang='lat' dir='ltr'><strong>corpus</strong></span> <span class='ocrx_word' id='word_1_953' title='bbox 3525 5305 3694 5373; x_wconf 83' lang='lat' dir='ltr'><strong>magis</strong></span> 
     </span>
    </p>
   </div>
   <div class='ocr_carea' id='block_1_116' title="bbox 2103 5390 3696 5460">
    <p class='ocr_par' dir='ltr' id='par_1_116' title="bbox 2103 5390 3696 5460">
     <span class='ocr_line' id='line_1_116' title="bbox 2103 5390 3696 5460; baseline 0.004 -16"><span class='ocrx_word' id='word_1_954' title='bbox 2103 5390 2500 5460; x_wconf 89' lang='lat' dir='ltr'><strong>diseerpentes,</strong></span> <span class='ocrx_word' id='word_1_955' title='bbox 2530 5403 2688 5459; x_wconf 91' lang='lat' dir='ltr'><strong>quam</strong></span> <span class='ocrx_word' id='word_1_956' title='bbox 2718 5390 2918 5445; x_wconf 89' lang='lat' dir='ltr'><strong>milites</strong></span> <span class='ocrx_word' id='word_1_957' title='bbox 2948 5390 2998 5444; x_wconf 91' lang='lat' dir='ltr'><strong>id</strong></span> <span class='ocrx_word' id='word_1_958' title='bbox 3023 5391 3208 5446; x_wconf 84' lang='lat' dir='ltr'><strong>lancea</strong></span> <span class='ocrx_word' id='word_1_959' title='bbox 3240 5391 3607 5459; x_wconf 88' lang='lat' dir='ltr'><strong>dissecabant,</strong></span> <span class='ocrx_word' id='word_1_960' title='bbox 3640 5407 3696 5450; x_wconf 90' lang='lat' dir='ltr'><strong>et</strong></span> 
     </span>
    </p>
   </div>
   <div class='ocr_carea' id='block_1_117' title="bbox 2099 5469 3695 5542">
    <p class='ocr_par' dir='ltr' id='par_1_117' title="bbox 2099 5469 3695 5542">
     <span class='ocr_line' id='line_1_117' title="bbox 2099 5469 3695 5542; baseline 0.002 -3"><span class='ocrx_word' id='word_1_961' title='bbox 2099 5483 2269 5539; x_wconf 74' lang='grc' dir='ltr'><strong>,ἰηιιωὶ</strong></span> <span class='ocrx_word' id='word_1_962' title='bbox 2312 5483 2479 5537; x_wconf 86' lang='lat' dir='ltr'><strong>clavis</strong></span> <span class='ocrx_word' id='word_1_963' title='bbox 2522 5469 2910 5538; x_wconf 81' lang='lat' dir='ltr'><strong>dissolvebant.</strong></span> <span class='ocrx_word' id='word_1_964' title='bbox 2968 5483 3099 5538; x_wconf 90' lang='lat' dir='ltr'><strong>lllud</strong></span> <span class='ocrx_word' id='word_1_965' title='bbox 3136 5483 3237 5540; x_wconf 93' lang='lat' dir='ltr'><strong>hoc</strong></span> <span class='ocrx_word' id='word_1_966' title='bbox 3259 5485 3437 5540; x_wconf 90' lang='lat' dir='ltr'><strong>minus</strong></span> <span class='ocrx_word' id='word_1_967' title='bbox 3465 5497 3550 5542; x_wconf 84' lang='lat' dir='ltr'><strong>est</strong></span> <span class='ocrx_word' id='word_1_968' title='bbox 3577 5503 3695 5542; x_wconf 90' lang='lat' dir='ltr'><strong>ma-</strong></span> 
     </span>
    </p>
   </div>
   <div class='ocr_carea' id='block_1_118' title="bbox 2100 5574 3698 5646">
    <p class='ocr_par' dir='ltr' id='par_1_118' title="bbox 2100 5574 3698 5646">
     <span class='ocr_line' id='line_1_118' title="bbox 2100 5574 3698 5646; baseline 0.003 -15"><span class='ocrx_word' id='word_1_969' title='bbox 2100 5577 2248 5633; x_wconf 90' lang='lat' dir='ltr'><strong>lum:</strong></span> <span class='ocrx_word' id='word_1_970' title='bbox 2300 5576 2389 5630; x_wconf 92' lang='lat' dir='ltr'><strong>illa</strong></span> <span class='ocrx_word' id='word_1_971' title='bbox 2435 5574 2676 5631; x_wconf 89' lang='lat' dir='ltr'><strong>membra</strong></span> <span class='ocrx_word' id='word_1_972' title='bbox 2709 5575 2938 5631; x_wconf 89' lang='lat' dir='ltr'><strong>dissecta</strong></span> <span class='ocrx_word' id='word_1_973' title='bbox 2980 5592 3169 5631; x_wconf 89' lang='lat' dir='ltr'><strong>rursus</strong></span> <span class='ocrx_word' id='word_1_974' title='bbox 3195 5577 3547 5646; x_wconf 87' lang='lat' dir='ltr'><strong>coaluerunt;</strong></span> <span class='ocrx_word' id='word_1_975' title='bbox 3580 5580 3698 5636; x_wconf 70' lang='lat' dir='ltr'><strong>hare</strong></span> 
     </span>
    </p>
   </div>
   <div class='ocr_carea' id='block_1_119' title="bbox 2101 5667 3696 5740">
    <p class='ocr_par' dir='ltr' id='par_1_119' title="bbox 2101 5667 3696 5740">
     <span class='ocr_line' id='line_1_119' title="bbox 2101 5667 3696 5740; baseline 0.002 -16"><span class='ocrx_word' id='word_1_976' title='bbox 2101 5681 2279 5724; x_wconf 90' lang='lat' dir='ltr'><strong>autem</strong></span> <span class='ocrx_word' id='word_1_977' title='bbox 2309 5669 2516 5734; x_wconf 89' lang='lat' dir='ltr'><strong>avulsa,</strong></span> <span class='ocrx_word' id='word_1_978' title='bbox 2551 5669 2651 5722; x_wconf 84' lang='lat' dir='ltr'><strong>nisi</strong></span> <span class='ocrx_word' id='word_1_979' title='bbox 2684 5667 2772 5723; x_wconf 87' lang='lat' dir='ltr'><strong>hic</strong></span> <span class='ocrx_word' id='word_1_980' title='bbox 2805 5684 2990 5724; x_wconf 89' lang='lat' dir='ltr'><strong>rursus</strong></span> <span class='ocrx_word' id='word_1_981' title='bbox 3019 5668 3217 5725; x_wconf 91' lang='lat' dir='ltr'><strong>fuerint</strong></span> <span class='ocrx_word' id='word_1_982' title='bbox 3246 5671 3558 5740; x_wconf 90' lang='lat' dir='ltr'><strong>conjuncta,</strong></span> <span class='ocrx_word' id='word_1_983' title='bbox 3589 5688 3696 5728; x_wconf 89' lang='lat' dir='ltr'><strong>non</strong></span> 
     </span>
    </p>
   </div>
   <div class='ocr_carea' id='block_1_120' title="bbox 2102 5761 3698 5832">
    <p class='ocr_par' dir='ltr' id='par_1_120' title="bbox 2102 5761 3698 5832">
     <span class='ocr_line' id='line_1_120' title="bbox 2102 5761 3698 5832; baseline 0 -12"><span class='ocrx_word' id='word_1_984' title='bbox 2102 5765 2497 5832; x_wconf 79' lang='lat' dir='ltr'><strong>conjungentnr</strong></span> <span class='ocrx_word' id='word_1_985' title='bbox 2525 5761 2788 5831; x_wconf 89' lang='lat' dir='ltr'><strong>amplius,</strong></span> <span class='ocrx_word' id='word_1_986' title='bbox 2842 5762 2937 5818; x_wconf 85' lang='lat' dir='ltr'><strong>sed</strong></span> <span class='ocrx_word' id='word_1_987' title='bbox 2983 5773 3198 5818; x_wconf 88' lang='lat' dir='ltr'><strong>manent</strong></span> <span class='ocrx_word' id='word_1_988' title='bbox 3240 5777 3393 5820; x_wconf 85' lang='lat' dir='ltr'><strong>extra</strong></span> <span class='ocrx_word' id='word_1_989' title='bbox 3444 5765 3698 5820; x_wconf 69' lang='lat' dir='ltr'><strong>Ecclesiae</strong></span> 
     </span>
    </p>
   </div>
   <div class='ocr_carea' id='block_1_121' title="bbox 2105 5855 3692 5928">
    <p class='ocr_par' dir='ltr' id='par_1_121' title="bbox 2105 5855 3692 5928">
     <span class='ocr_line' id='line_1_121' title="bbox 2105 5855 3692 5928; baseline -0.001 -14"><span class='ocrx_word' id='word_1_990' title='bbox 2105 5858 2514 5928; x_wconf 88' lang='lat' dir='ltr'><strong>plenitudinem.</strong></span> <span class='ocrx_word' id='word_1_991' title='bbox 2558 5855 2784 5923; x_wconf 90' lang='lat' dir='ltr'><strong>Quando</strong></span> <span class='ocrx_word' id='word_1_992' title='bbox 2831 5857 2980 5912; x_wconf 83' lang='lat' dir='ltr'><strong>voles</strong></span> <span class='ocrx_word' id='word_1_993' title='bbox 3023 5872 3146 5912; x_wconf 88' lang='lat' dir='ltr'><strong>cum</strong></span> <span class='ocrx_word' id='word_1_994' title='bbox 3177 5857 3343 5914; x_wconf 82' lang='lat' dir='ltr'><strong>fratre</strong></span> <span class='ocrx_word' id='word_1_995' title='bbox 3373 5858 3572 5914; x_wconf 86' lang='lat' dir='ltr'><strong>bellum</strong></span> <span class='ocrx_word' id='word_1_996' title='bbox 3597 5871 3692 5928; x_wconf 79' lang='lat' dir='ltr'><strong>ge-</strong></span> 
     </span>
    </p>
   </div>
  </div>
