4184 6490
526 388 636 446 315

541 518 684 570 rere,
713 499 964 571 cogitate
991 489 1192 552 bellum
1227 503 1419 562 gerere
1443 500 1564 542 cum
1599 481 1858 539 membris
1882 475 2117 537 Christi,

534 609 589 656 et
622 567 808 654 desine
836 589 1035 646 furere.
1062 584 1204 654 Quid
1228 582 1396 646 enim,
1425 579 1468 636 si
1493 579 1538 632 is
1567 584 1650 632 est
1671 573 1932 643 abjectus,
1962 569 2008 623 si
2036 567 2117 624 vi-

531 690 622 752 lis,
653 686 698 741 si
725 677 1174 739 contemnendus?
1203 674 1326 730 Non
1349 681 1440 738 est,
1475 669 1666 741 inquit,
1689 667 1925 720 uoluntas
1949 675 2122 715 coram

536 780 694 834 Patre
721 793 830 832 meo
853 817 869 842 ,
901 784 956 828 at
987 781 1159 844 pereat
1197 786 1332 824 unus
1354 783 1417 821 ea:
1447 766 1525 819 Itis
1554 762 1756 835 pusillis
1779 757 1996 829 (Matth.
2033 755 2118 809 l8.

539 875 664 942 M);
698 880 749 926 et
787 883 971 925 rursus
995 908 1012 934 ,
1068 863 1250 935 Ληρειὶ
1277 876 1449 915 eorum
1477 869 1720 928 perpetuo
1747 852 1915 907 vident
1943 850 2120 920 faciem

541 964 713 1018 Patris
740 963 867 1028 mei,
899 961 986 1030 qui
1021 959 1075 1012 in
1098 957 1239 1012 castis
1266 964 1337 1009 est
1361 952 1470 1022 (Ib.
1502 968 1550 1004 υ.
1577 948 1688 1019 10).
1739 947 1880 1001 Deus
1905 953 2122 1014 propter

537 1059 710 1125 ipsum
743 1064 798 1110 et
833 1067 1024 1109 servus
1053 1051 1226 1106 factus
1249 1090 1265 1110 .
1317 1055 1376 1102 et
1411 1044 1620 1098 occisus
1664 1047 1784 1094 est:
1846 1045 1900 1090 tu
1939 1044 2119 1088 autem

534 1165 656 1204 cum
702 1147 834 1202 nihil
865 1159 986 1200 esse
1018 1139 1334 1198 existimas?
1367 1137 1508 1209 Ergo
1535 1135 1587 1188 in
1615 1132 1718 1186 hoc
1749 1141 1962 1201 quoque
1995 1139 2119 1179 cum

533 1244 646 1296 Deo
675 1253 898 1309 pugnas,
927 1236 1251 1292 contrariam
1280 1231 1328 1286 ei
1367 1231 1544 1285 ferens
1589 1223 1933 1280 sententiam.
1981 1219 2115 1273 Cum

535 1339 809 1407 ingressus
837 1333 998 1387 fuerit
1027 1330 1070 1386 is
1102 1329 1190 1400 qui
1217 1332 1412 1398 praeest
1438 1319 1712 1385 Ecclesiaa,
1745 1316 1922 1371 statim
1951 1311 2118 1375 dicit,

535 1405 655 1483 Pax
680 1425 948 1489 omnibus;
1005 1419 1218 1492 quando
1243 1429 1553 1473 sermonem
1578 1411 1706 1466 facit
1732 1423 1795 1464 ac
1822 1405 2118 1462 coneiona-

534 1528 638 1582 tur,
676 1516 792 1571 Pax
816 1513 1083 1575 erunibus;
1112 1509 1323 1582 quando
1366 1504 1653 1568 benedicit,
1705 1500 1821 1555 Pam
1845 1497 2116 1559 erunibus;

532 1610 746 1681 quando
781 1608 930 1678 jubet
969 1605 1223 1667 salutare,
1273 1601 1389 1654 Pax
1435 1597 1708 1661 omnibus;
1737 1591 1951 1665 quando
1979 1592 2116 1660 iper-

531 1715 707 1760 actum
740 1701 900 1756 fuerit
927 1697 1246 1754 sacrificium
1268 1736 1282 1761 ,
1318 1693 1435 1746 Pax
1459 1691 1732 1752 erunibus;
1760 1695 1815 1742 et
1852 1697 2038 1740 rursus
2064 1683 2116 1737 in

531 1795 724 1861 medio,
761 1792 939 1848 Gratia
962 1791 1096 1845 vobis
1124 1797 1172 1844 et
1201 1803 1323 1860 pax.
1347 1781 1626 1851 Quomodo
1641 1794 1769 1850 ergo
1795 1792 1902 1833 non
1929 1775 2118 1831 absur-

528 1889 680 1951 dum,
713 1887 754 1941 si
777 1884 935 1940 toties
965 1883 1244 1938 audientes
1271 1893 1370 1934 nos
1389 1878 1587 1932 habere
1615 1887 1825 1944 pacem,
1855 1871 1997 1925 inter
2017 1881 2115 1923 nos

527 1979 724 2035 bellum
758 1977 1049 2031 habeamus
1072 2016 1085 2037 ,
1113 1981 1169 2028 et.
1197 1971 1521 2040 accipientes
1548 1975 1603 2022 et
1629 1965 1917 2021 reddentes
1937 2005 1953 2030 ,
1991 1977 2115 2017 cum

525 2072 698 2142 coqui
721 2069 812 2124 dat
834 2084 1020 2139 pacem
1053 2066 1252 2122 bellum
1280 2062 1572 2136 geramus?
1603 2062 1746 2116 Dicis
1768 2101 1785 2129 ,
1820 2059 1884 2114 Et
1912 2057 2117 2129 spiritui

529 2178 644 2230 tuo,
700 2173 755 2220 et
775 2181 896 2219 eum
927 2163 1056 2217 loris
1080 2158 1467 2217 calumniaris?
1497 2156 1595 2212 Hei
1622 2154 1790 2220 mihi,
1843 2167 1964 2224 qua:
1989 2158 2117 2205 sunt

527 2259 785 2314 Ecclesia:
839 2256 1065 2311 honesta
1106 2269 1168 2308 ac
1200 2250 1542 2316 veneranda,
1595 2247 1734 2304 facta
1779 2253 1905 2302 sunt
1933 2244 2115 2314 ﬁgurat

527 2364 732 2408 tantum
762 2365 963 2416 rerum,
997 2347 1091 2404 sed
1118 2363 1224 2402 non
1254 2347 1428 2416 aliqua
1457 2344 1657 2400 veritas
1683 2342 1697 2395 l
1732 2341 1816 2396 hei
1850 2338 2001 2404 mihi,
2026 2352 2118 2391 us-

534 2462 638 2516 que
685 2446 749 2499 ad
797 2445 960 2500 verba
1014 2450 1234 2497 manent
1273 2439 1513 2511 symbola
1558 2436 1746 2490 horum
1773 2429 2112 2489 castrorum!

533 2538 684 2594 [inde
714 2538 874 2592 etiam
917 2535 1174 2606 ignoratis
1199 2548 1296 2588 cur
1323 2532 1550 2597 dicatur,
1590 2529 1704 2585 Pax
1727 2525 1977 2581 omnibus.
2009 2523 2114 2579 Sed

524 2630 704 2684 audite
732 2627 1007 2696 deinceps,
1030 2625 1156 2696 quid
1179 2624 1318 2679 dicat
1349 2621 1616 2686 Christus,
1641 2620 1696 2673 lu
1723 2631 2114 2689 quamcumque

523 2733 702 2776 autem
735 2719 1006 2774 civitatem
1036 2725 1130 2772 aut
1147 2715 1322 2770 vicum
1345 2713 1572 2782 ingressi
1596 2711 1827 2775 fueritis,
1855 2708 2114 2762 latrantes

528 2813 736 2867 domum
762 2811 982 2865 salutate
1001 2809 1166 2877 ipsam
1198 2822 1218 2862 :
1243 2815 1288 2860 et
1319 2806 1362 2860 si
1389 2805 1568 2858 domus
1595 2799 1795 2873 quidem
1823 2800 1886 2854 sit
1917 2800 2073 2869 digna
2093 2838 2108 2862 ,

523 2907 687 2962 reniat
719 2921 821 2976 paa:
849 2912 1013 2958 vestra
1060 2917 1210 2971 super
1239 2901 1446 2970 ipsam;
1490 2897 1569 2951 sin
1613 2904 1778 2949 autem
1806 2909 1907 2946 non
1933 2892 1998 2945 sit
2023 2891 2106 2942 dic

522 3016 622 3067 gna
640 3041 655 3064 ,
690 3013 792 3067 pax
811 3005 975 3050 vestra
1001 2993 1069 3047 ad
1098 3009 1182 3046 vos
1214 3000 1492 3045 revertatur
1513 2988 1532 3060 (
1553 2986 1738 3040 Matth.
1761 2983 1855 3039 ‘10.
1882 2982 1967 3038 12.
1996 2980 2108 3050 15).

524 3096 812 3162 Propterea
836 3089 1128 3153 nescimus,
1156 3087 1277 3157 quia
1293 3084 1580 3139 verborum
1604 3079 1826 3149 figuram
1851 3075 1966 3130 haec
1992 3088 2113 3129 esse

525 3184 918 3248 existimamus,
949 3189 1006 3236 et
1039 3194 1144 3234 non
1173 3185 1354 3232 mente
1380 3174 1722 3230 assentimur.
1753 3169 1890 3224 Num
1914 3181 2014 3238 ego
2044 3166 2112 3220 do

523 3273 748 3346 pacem?
797 3273 1042 3328 Christus
1087 3279 1190 3336 est,
1245 3268 1335 3340 qui
1365 3282 1462 3337 per
1507 3280 1605 3320 nos
1641 3261 1784 3332 loqui
1837 3260 2107 3330 dignatur.

524 3370 746 3426 Etiamsi
773 3367 919 3423 omni
947 3366 1054 3420 alio
1083 3373 1324 3432 tempore
1353 3375 1538 3415 sumus
1562 3354 1714 3412 vacui
1743 3355 1914 3425 gratia
1933 3394 1948 3419 ,
2001 3366 2108 3406 non

521 3471 698 3517 tamen
728 3473 910 3514 sumus
943 3470 1085 3512 nunc
1109 3463 1330 3527 pr0pter
1359 3467 1475 3506 vos.
1509 3449 1642 3504 Nam
1662 3448 1707 3503 si
1740 3447 1791 3501 in
1819 3447 2028 3500 asinum
2057 3450 2110 3497 et

520 3559 574 3612 in
597 3565 772 3610 vatem
803 3561 1023 3624 operata
1048 3558 1130 3606 est
1178 3549 1270 3603 Dei
1297 3545 1466 3617 gratia
1501 3550 1722 3614 propter
1747 3537 2108 3609 dispensatio-

519 3665 642 3705 nem
671 3657 720 3703 et
754 3647 1115 3702 lsraelitarum
1145 3641 1432 3695 utilitatem
1457 3677 1474 3701 ,
1523 3633 1784 3705 liquidum
1832 3641 1916 3685 est
1965 3625 2108 3698 quod

519 3756 620 3797 nec
651 3743 701 3794 in
722 3754 820 3794 nos
849 3735 1121 3794 recusabit
1145 3729 1379 3802 Operari,
1408 3707 1630 3782 sed'hoc
1653 3737 1869 3795 quoque
1890 3728 2110 3792 propter

519 3849 619 3890 nos
649 3829 953 3888 sustinebit.

593 3927 646 3981 5.
678 3924 848 3979 Nemo
875 3936 1002 3992 ergo
1019 3919 1183 3982 dicat.
1200 3931 1286 3972 me
1306 3929 1426 3970 esse
1448 3909 1817 3984 imperfectum
1839 3907 2106 3975 vilemque

517 4029 575 4074 et
601 4019 867 4088 abjcctum
921 4021 977 4068 et
1023 4010 1222 4065 nullius
1251 4007 1437 4077 pretii,
1495 4013 1548 4060 et
1588 4003 1658 4056 ita
1687 3999 1816 4055 mihi
1845 3997 2102 4054 attendat.

517 4115 645 4169 Sum
672 4111 816 4166 enim
848 4107 1000 4172 talis;
1028 4103 1125 4159 sed
1153 4115 1365 4171 semper
1385 4097 1523 4152 solet
1551 4096 1693 4150 Deus
1718 4103 1936 4162 pr0pter
1965 4088 2106 4144 mul-

519 4203 798 4259 titudinem
824 4199 888 4254 iis
911 4197 1074 4252 etiam
1099 4193 1288 4248 adesse
1319 4189 1409 4260 qui
1438 4196 1564 4241 sunt
1592 4182 1920 4254 hujusmodi.
1957 4180 2021 4234 Et
2049 4187 2107 4233 ut

515 4309 632 4351 rem
677 4290 859 4346 sciatis
902 4289 972 4342 ita
1020 4300 1078 4340 se
1119 4283 1353 4347 habere;
1407 4278 1658 4349 dignatus
1701 4282 1784 4329 est
1813 4271 1958 4341 loqui
1980 4284 2101 4325 cum

515 4386 648 4443 Cain
676 4391 894 4456 propter
929 4377 1098 4444 Abel,
1149 4390 1270 4431 cum
1321 4371 1537 4427 diabolo
1569 4377 1789 4440 propter
1815 4365 1946 4427 Joh,
1977 4377 2101 4418 cum

517 4479 801 4534 Pharaone
828 4479 1045 4543 pr0pter
1069 4465 1291 4537 Joscph,
1315 4475 1436 4520 cum
1463 4459 1958 4518 Nabuchodonosor
1980 4469 2102 4526 pro-

516 4578 637 4642 pter
665 4567 961 4630 Danielem,
979 4577 1099 4617 cum
1120 4558 1406 4616 Balthasar
1425 4561 1645 4626 propter
1667 4549 1936 4607 eumdem.
1963 4546 2098 4617 Magi

514 4639 727 4732 quoque
755 4654 1026 4726 asscquuti
1056 4659 1184 4709 sunt
1226 4647 1647 4709 revelationem;
1678 4651 1733 4698 et
1762 4639 2102 4712 prophetarit

509 4754 741 4826 Caiphas
769 4764 889 4806 cum
921 4755 1064 4804 esset
1085 4743 1282 4801 Christi
1313 4741 1522 4796 occisor
1541 4746 1595 4792 et
1619 4735 1892 4806 indignus,
1927 4747 2092 4802 prop-

512 4846 920 4918 terdignitatem
938 4839 1243 4897 sacerdotii.
1261 4835 1461 4891 Dicitur
1478 4833 1637 4888 etiam
1654 4829 1837 4886 Aaron
1849 4837 2094 4899 pr0pter-

508 4954 572 4996 ea
602 4955 706 4993 non
744 4935 906 4990 fuisse
944 4934 1094 5002 lepra
1117 4927 1367 4985 infectus.
1413 4924 1545 4980 Nam
1587 4918 1855 4989 cur,’dic,
1879 4934 2093 4991 quaeso,

515 5048 636 5089 cum
665 5030 825 5085 ambo
853 5028 1313 5084 murmurassent,
1369 5032 1524 5074 soror
1559 5015 1673 5070 sola
1694 5013 1843 5069 dedit
1868 5012 2095 5083 plenas?

509 5127 586 5182 Ne
614 5121 864 5180 mireris:
896 5133 1018 5174 nam
1045 5116 1092 5170 si
1130 5115 1182 5169 in
1212 5110 1450 5168 externis
1476 5105 1823 5179 dignitatibus
1843 5146 1857 5171 ,
1884 5103 2094 5158 etiamsi

510 5214 979 5272 innumerabilium
1071 5206 1357 5262 criminum
1438 5208 1719 5256 accusetur
1792 5195 2090 5266 quispiam,

508 5325 612 5365 non
652 5308 799 5379 prius
822 5303 1033 5360 ducitur
1059 5301 1109 5355 in
1129 5298 1392 5372 judicium
1415 5337 1429 5359 ,
1460 5308 1619 5364 quam
1647 5289 1956 5360 deposuerit
1980 5303 2095 5342 ma-

505 5404 810 5470 gistratum,
863 5412 926 5450 ne
949 5392 1044 5448 illo
1070 5391 1229 5448 simul
1257 5406 1376 5446 cum
1408 5388 1523 5458 ipso
1549 5385 1745 5455 probro
1772 5381 2038 5436 afficiatur
2074 5400 2086 5434 :

504 5492 672 5546 multo
709 5489 877 5560 magis
911 5489 962 5542 in
993 5485 1302 5554 magistratu
1344 5477 1632 5550 spirituali,
1690 5474 2011 5544 quicumque
2047 5472 2092 5525 is

503 5586 588 5651 sit,
660 5589 913 5652 operatur
943 5580 1032 5634 Dei
1062 5577 1268 5648 gratia;
1329 5571 1566 5643 alioquin
1593 5569 1770 5626 omnia
1785 5565 2032 5640 perirent
2069 5583 2082 5619 :

1239 377 1297 434 s.
1336 370 1615 431 JOANNIS
1652 357 2133 425 cuttvsos'ront
2169 359 2486 420 ARCltiEP.
2528 348 3091 427 coasranrmor.’

3715 380 3820 438 3'35

2233 476 2449 546 quando
2477 489 2654 536 autem
2686 496 2807 538 eum
2835 481 3148 554 deposuerit
3167 525 3186 553 ,
3231 485 3346 543 sive
3369 501 3490 542 cum
3521 503 3552 546 e
3585 489 3689 547 vita
3718 509 3817 552 ει-

2228 570 2477 636 cesserit,
2517 573 2631 626 sive
2669 572 2757 629 hic
2794 591 3029 646 quoque,
3062 587 3189 634 tunc
3225 581 3498 650 graviores
3523 581 3673 640 dabit
3698 601 3817 657 pte-

2230 675 2346 715 nas.
2387 661 2464 715 Ne
2487 666 2685 732 putetis
2715 665 2832 722 haec
2857 683 2886 721 a
2916 669 3068 724 nobis
3095 669 3199 724 dici
3229 689 3243 727 :
3274 673 3364 728 Dei
3391 683 3474 728 est
3503 678 3668 745 gratia
3695 695 3817 748 qua)

2231 764 2484 822 operatur
2512 756 2562 809 in
2593 757 2889 827 indignum.
2919 775 3026 814 non
3061 773 3280 831 propter
3304 779 3423 829 nos,
3468 767 3562 822 sed
3593 779 3814 840 propter

2230 860 2345 898 vos.
2376 845 2572 900 Audite
2610 863 2739 918 ergo
2764 851 2891 919 quid
2930 851 3075 905 dicat
3105 853 3388 909 Christus:
3432 856 3496 911 Si
3533 858 3713 914 domus
3751 863 3819 915 sit

2229 937 2404 1008 digna,
2451 939 2619 993 veniat
2659 957 2761 1009 pas:
2797 953 2959 996 ucstra
2998 945 3067 997 ad
3104 946 3287 1013 ipsam.
3330 947 3610 1015 Quomodo
3636 961 3815 1007 autem

2226 1030 2288 1084 fit
2317 1030 2513 1100 digna?
2551 1032 2606 1086 Si
2629 1047 2744 1098 vos,
2788 1033 2980 1104 inquit,
3014 1039 3372 1108 susceperint.
3415 1039 3511 1094 Sin
3539 1051 3705 1096 autem
3729 1060 3816 1099 vos

2228 1139 2331 1176 non
2381 1126 2730 1193 susceperint,
2781 1143 2940 1195 neque
2966 1143 3249 1181 sermonem
3281 1139 3496 1184 vestrum
3524 1132 3811 1200 audierint,

2226 1230 2374 1268 amen
2401 1215 2515 1268 dim
2537 1215 2695 1282 vobis,
2736 1217 3053 1271 tolerabilius
3089 1219 3186 1272 erit
3210 1228 3363 1274 terra:
3383 1220 3728 1278 Sodomorum
3762 1235 3814 1278 et

2229 1302 2676 1360 Gomorrltaeorum
2701 1307 2754 1360 in
2777 1307 2858 1361 die
2867 1309 3058 1378 judicii
3088 1326 3242 1378 quam
3269 1311 3348 1364 illi
3385 1311 3578 1366 ciuitati
3595 1312 3810 1384 (Matth.

2228 1399 2316 1454 40.
2346 1398 2458 1455 13·-
2486 1401 2552 1456 l5
2584 1401 2627 1473 ).
2660 1401 2795 1469 Quid
2818 1417 2949 1473 ergo
2969 1403 3190 1475 prodest
3223 1405 3366 1476 quod
3395 1419 3494 1460 nos
3518 1408 3812 1476 suscipitis,

2225 1501 2282 1548 et
2318 1508 2423 1548 non
2463 1494 2659 1549 auditis
2698 1511 2760 1551 ea
2800 1511 2920 1566 quae
2956 1512 2985 1551 a
3019 1497 3172 1554 nobis
3199 1498 3486 1554 dicuntur?
3514 1501 3641 1571 quid
3674 1502 3810 1557 lucri

2224 1585 2292 1640 ad
2319 1601 2414 1642 vos
2435 1586 2575 1642 redit
2604 1589 2648 1642 si
2676 1604 2782 1643 non
2807 1590 3006 1654 colitis,
3037 1600 3094 1645 et
3133 1607 3238 1646 non
3276 1593 3553 1649 attenditis
3587 1609 3653 1650 ea
3691 1609 3815 1667 qua:

2224 1680 2380 1736 vobis
2409 1681 2700 1738 dicuntur?
2739 1683 2833 1738 Ille
2861 1692 2944 1738 est
2975 1684 3130 1739 nobis
3155 1684 3347 1752 honor,
3388 1686 3477 1742 ille
3511 1687 3691 1742 cultus
3726 1696 3815 1741 est

2223 1773 2596 1842 admirandus,
2634 1774 2728 1845 qui
2757 1775 2911 1830 vobis
2938 1785 2994 1831 et
3033 1776 3189 1830 nobis
3211 1777 3452 1846 prodest,
3495 1778 3540 1832 si
3581 1792 3679 1833 nos
3713 1793 3815 1834 au-

2232 1865 2411 1920 diatis.
2445 1866 2639 1922 Audite
2667 1877 2722 1921 et
2749 1866 2969 1922 Paulum
2997 1863 3292 1933 dicentem,
3336 1865 3662 1932 Nesciobam,
3704 1867 3814 1922 fra-

2225 1958 2521 2030 tres,"quod
2540 1960 2606 2014 sit
2631 1959 2861 2030 pontifex
2886 1955 3020 2028 (Act.
3047 1958 3138 2013 25.
3162 1958 3196 2013 5
3221 1959 3240 2030 )
3265 1975 3279 2012 :
3309 1959 3434 2014 audi
3461 1968 3514 2013 et
3543 1957 3814 2014 Christum

2222 2054 2515 2122 dicentem,
2549 2055 2736 2109 Omnia
2759 2071 2874 2126 quia
2892 2054 3112 2108 diam-int
3129 2054 3270 2108 vobis
3288 2063 3346 2108 ut
3366 2053 3592 2120 servetis,
3621 2063 3816 2109 servate

2221 2155 2271 2199 et
2291 2145 2668 2217 facite(Mattlt.
2695 2147 2787 2202 9.3.
2809 2145 2888 2218 3).
2913 2146 3028 2203 Non
3055 2161 3142 2200 me
3157 2145 3480 2208 contemnis.
3509 2144 3605 2200 sed
3633 2159 3814 2201 sacer-

2221 2234 2429 2291 dotium
2460 2255 2474 2292 :
2515 2236 2562 2291 si
2601 2251 2688 2292 me
2725 2251 2793 2292 eo
2833 2235 3032 2292 videris
3071 2236 3350 2301 nudatum,
3393 2246 3519 2290 tunc
3555 2249 3645 2291 me
3679 2250 3813 2291 con-

2222 2335 2406 2384 temne
2438 2346 2453 2382 :
2494 2337 2621 2383 tunc
2659 2343 2760 2385 nec
2797 2343 2898 2399 ego
2941 2329 3209 2400 imperare
3248 2343 3487 2399 pergam.
3542 2327 3810 2394 Quamdiu

2219 2431 2402 2476 autem
2434 2422 2488 2476 in
2522 2420 2623 2476 hac
2653 2419 2783 2478 sede
2804 2422 3056 2477 sedemus
3079 2462 3096 2488 ,
3134 2421 3387 2491 quamdiu
3419 2420 3771 2490 prmsidemus
3791 2461 3807 2486 ,

2223 2512 2485 2568 habemus
2510 2521 2564 2568 et
2592 2513 2965 2568 auctoritatem
2995 2519 3054 2566 et
3081 2511 3356 2577 virtutem,
3400 2511 3609 2566 etiamsi
3640 2511 3811 2566 simus

2222 2606 2448 2677 indigni.
2479 2605 2534 2661 Si
2563 2605 2762 2677 Moysis
2785 2604 3014 2660 thronus
3041 2611 3159 2660 erat
3187 2602 3323 2658 adeo
3349 2602 3688 2658 venerandus
3706 2643 3720 2666 ,
3750 2612 3809 2657 ut

2221 2709 2444 2772 propter
2470 2699 2622 2754 illum
2659 2698 2958 2765 audiretur,
2999 2696 3171 2752 multo
3210 2695 3378 2766 magis
3416 2693 3615 2750 Christi
3657 2693 3812 2750 thro-

2219 2809 2323 2849 nus
2355 2809 2371 2848 :
2411 2793 2566 2849 illum
2591 2807 2691 2848 nos
2716 2791 3041 2862 accepimus,
3086 2791 3137 2844 in
3178 2789 3269 2848 illo
3291 2788 3580 2859 loquimur,
3614 2803 3678 2843 ex
3698 2802 3809 2858 quo

2218 2885 2468 2943 Christus
2507 2887 2559 2941 in
2602 2885 2758 2941 nobis
2796 2885 2976 2955 posuit
3013 2883 3371 2939 ministerium
3412 2882 3807 2936 reconciliatio-

2221 2979 2328 3034 nis.
2368 2977 2574 3048 Legati,
2616 2978 2941 3048 quicumque
2981 2975 3014 3030 ii
3057 2974 3277 3042 fuerint,
3320 2983 3542 3046 propter
3577 2973 3810 3044 dignita-

2223 3080 2328 3126 tem
2369 3069 2651 3140 legationis
2691 3069 2915 3123 multum
2957 3068 3214 3122 honorem
3255 3073 3633 3136 assequuntur.
3676 3064 3808 3119 Vide

2223 3165 2365 3218 enim
2397 3181 2409 3217 :
2440 3163 2660 3218 veniunt
2690 3162 2742 3217 in
2773 3161 3006 3217 mediam
3031 3160 3378 3214 barbarorum
3399 3161 3676 3227 regionem
3703 3158 3805 3213 soli

2221 3257 2360 3314 inter
2384 3265 2462 3312 tot
2492 3256 2712 3324 hostes;
2749 3263 2802 3309 et
2830 3254 3080 3324 quoniam
3114 3267 3362 3322 magnam
3391 3252 3497 3306 vim
3533 3250 3697 3306 habet
3718 3250 3807 3320 jus

2217 3351 2520 3422 legationis,
2543 3365 2732 3404 omnes
2759 3363 2853 3403 eos
2879 3349 3174 3410 intuentur,
3192 3361 3380 3402 omnes
3399 3360 3493 3401 eos
3517 3355 3631 3400 tuto
3646 3345 3809 3400 emit~

2218 3451 2356 3497 tunt.
2401 3443 2469 3496 Et
2507 3456 2607 3496 nos
2645 3453 2777 3510 ergo
2807 3439 3144 3509 suscepimus
3183 3453 3378 3493 munus
3406 3437 3710 3508 legationis,
3740 3446 3796 3492 et

2216 3553 2248 3592 a
2273 3536 2385 3592 Deo
2412 3535 2657 3592 venimus
2685 3552 2698 3588 :
2743 3533 2858 3588 haec
2898 3540 2982 3588 est
3001 3533 3144 3588 enim
3174 3531 3405 3601 dignitas
3433 3531 3796 3600 episcopatus.

2222 3629 2478 3685 Venimus
2501 3627 2568 3682 ad
2591 3641 2686 3682 vos
2707 3625 2972 3697 legatione
3002 3623 3304 3695 fungentes,
3327 3632 3582 3694 rogantes
3602 3632 3659 3678 ut
3687 3621 3806 3678 bel-

2215 3721 2272 3778 le
2294 3722 2458 3777 ﬁnem
2477 3719 2792 3790 imponatis,
2812 3727 2866 3774 et
2887 3717 3115 3774 dicimus
3138 3716 3456 3788 quibusnam
3481 3716 3809 3771 conditionir

2214 3815 2336 3878 bus,
2377 3828 2484 3868 non
2527 3813 2779 3868 civitates
2815 3809 2968 3865 vobis
2998 3809 3217 3864 daturos
3244 3808 3596 3880 pollicentes,
3631 3823 3806 3878 neque

2215 3915 2296 3962 tot
2321 3914 2375 3961 et
2397 3913 2480 3960 tot
2513 3902 2764 3959 frumenti
2795 3901 3005 3957 modios
3032 3942 3047 3969 ,
3079 3915 3256 3970 neque
3282 3900 3582 3969 mancipia,
3628 3913 3807 3968 neque

2213 4017 2424 4064 aurum,
2449 3999 2542 4055 sed
2570 4013 2799 4069 regnum
2838 3996 3091 4052 caelorum
3111 4036 3127 4061 ,
3170 3994 3334 4048 vitam
3357 4002 3612 4049 aeternam
3632 4033 3648 4058 ,
3678 4006 3802 4046 cum

2214 4093 2429 4150 Christo
2460 4092 2912 4149 consuetudinem
2940 4133 2954 4157 ,
3011 4099 3062 4145 et
3117 4090 3217 4144 alia
3241 4089 3378 4143 bona
3411 4102 3531 4157 quae
3572 4099 3746 4156 neque
3768 4097 3798 4136 s

2214 4188 2367 4243 nobis
2413 4187 2591 4242 verbis
2644 4193 2871 4257 possunt
2923 4181 3175 4252 exprimi,
3217 4194 3393 4250 neque
3434 4193 3464 4232 a
3518 4177 3670 4233 vobis
3705 4192 3802 4232 au-

2210 4280 2336 4349 diri,
2368 4278 2622 4351 quamdiu
2669 4276 2933 4334 fuerimus
2971 4275 3024 4330 in
3079 4273 3180 4328 hac
3224 4286 3387 4327 carne
3435 4277 3492 4326 et
3529 4269 3634 4323 vita
3665 4283 3804 4339 pre-

2211 4375 2369 4430 senti.
2417 4373 2710 4444 Legatione
2763 4385 2896 4442 ergo
2965 4367 3280 4438 fungimur:
3349 4364 3554 4419 honore
3618 4370 3799 4417 autem

2212 4467 2314 4524 frui
2340 4467 2608 4531 volumus,
2650 4478 2756 4518 non
2797 4469 3018 4532 propter
3054 4473 3176 4524 nos,
3210 4457 3383 4522 absit;
3425 4455 3627 4510 scimus
3654 4453 3801 4509 enim

2209 4572 2368 4632 quam
2399 4558 2469 4614 sit
2493 4557 2648 4619 vilis;
2687 4553 2782 4609 scd
2803 4560 3021 4624 propter
3049 4565 3168 4618 vos,
3209 4556 3270 4604 ut
3307 4563 3402 4603 vos
3419 4563 3543 4618 qua:
3571 4547 3800 4603 dicimus

2209 4655 2493 4726 diligenter
2519 4648 2748 4704 audiatis
2785 4666 2799 4702 :
2839 4655 2898 4701 ut
2925 4644 3209 4700 utilitatem
3237 4641 3511 4711 accipiatis
3537 4681 3553 4706 ,
3593 4649 3651 4695 ut
3687 4652 3795 4694 non

2207 4763 2330 4805 cum
2358 4743 2600 4801 socordia
2630 4751 2684 4798 et
2709 4738 3027 4811 negligentia
3057 4751 3119 4792 ea
3158 4749 3277 4806 quae
3313 4733 3586 4799 dicuntur,
3623 4740 3798 4786 atten-

2207 4842 2368 4899 datis.
2401 4839 2527 4898 ‘Non
2565 4836 2762 4893 videtis
2799 4831 3070 4906 quomodo
3110 4831 3314 4900 legatos
3351 4827 3532 4884 cuncti
3563 4826 3796 4882 circum-

2207 4943 2352 4990 stant
2377 4941 2432 4990 et
2451 4928 2780 4987 observant?
2811 4927 2918 4982 Nos
2943 4932 3122 4979 autem
3151 4921 3244 4977 Dei
3277 4918 3565 4990 legationis
3595 4932 3792 4972 munus

2203 5023 2417 5100 obimus
2454 5022 2596 5093 apud
2646 5020 2912 5076 homines.
2951 5016 3008 5071 Si
3059 5021 3240 5072 autem
3278 5013 3381 5068 hoc
3420 5009 3573 5066 vobis
3602 5009 3793 5064 durum

2204 5119 2454 5186 videtur;
2484 5131 2594 5172 non
2623 5129 2724 5170 nos
2753 5155 2768 5181 ,
2811 5112 2904 5167 sed
2946 5112 3060 5180 ipse
3102 5108 3489 5178 episcOpatus;
3531 5116 3638 5157 non
3693 5101 3793 5154 ista

2203 5224 2296 5269 aut
2327 5217 2434 5282 ille,
2469 5213 2561 5267 sed
2590 5207 2906 5278 episcopus.
2934 5202 3106 5257 Nemo
3137 5214 3225 5254 me
3255 5197 3460 5262 audiat,
3490 5193 3586 5250 sed
3612 5191 3790 5264 digni-

2203 5317 2384 5366 tatem.
2420 5303 2611 5358 Omnia
2638 5315 2765 5368 ergo
2793 5297 3067 5358 faciamus,
3092 5304 3151 5347 ut
3181 5291 3294 5345 Deo
3323 5289 3524 5360 placet,
3553 5296 3611 5340 ut
3641 5285 3791 5339 viva-

2203 5419 2323 5457 mus
2345 5399 2410 5454 ad
2441 5397 2533 5452 Dei
2559 5394 2787 5468 gloriam
2812 5431 2827 5456 ,
2867 5397 2925 5444 et
2962 5386 3105 5456 digni
3146 5384 3444 5440 habeamur
3481 5377 3634 5468 bonis
3662 5389 3790 5446 pro-

2201 5493 2382 5549 missis
2421 5491 2484 5546 iis
2522 5464 2612 5561 qui
2654 5487 2827 5557 ipsum
2853 5481 3099 5551 diligunt,
3141 5476 3310 5549 gratia
3334 5483 3387 5532 ct
3417 5464 3788 5540 benignitate,

2201 5602 2330 5654 e:c.,
2357 5596 2461 5640 etc.
