4184 6484
387 365 509 424 ’523

396 483 580 551 λέγει’
618 478 847 549 Εἰρήνη
891 477 1113 534 πᾶσιν*
1142 478 1280 534 ’ὅταν
1306 479 1493 550 ὁμιλῇ,
1525 478 1753 547 Εἰρήνη
1781 473 1988 530 πᾶσιν·

395 567 529 620 ὅταν
560 564 780 634 εὐλογῇ,
814 561 1042 632 Εἰρήνη
1072 562 1264 619 πᾶσιν
1287 580 1303 595 ⁶
1340 564 1477 617 ὅταν
1517 559 1862 625 ἀσπάζεσθαι
1903 575 1994 612 κε-

395 647 552 724 λεύῃ.
575 647 805 717 Εἰρήνη
827 646 1049 702 πᾶσιν·
1078 648 1208 702 ὅταν
1234 650 1269 718 ἠ
1295 646 1456 700 θυσία
1484 645 1735 715 τελεσθῇ,
1770 642 1991 711 Εἰρήνη

396 735 574 791 πᾶσι.
618 734 730 788 Καὶ
768 732 972 804 μεταξὺ
1029 734 1212 796 πάλιν,
1250 733 1432 801 Χάρις
1465 731 1610 800 ὑμῖν
1633 731 1729 783 καὶ
1757 727 1988 797 ειρήνη.

390 815 526 879 ’Πῶς
559 813 657 870 οὖν
695 817 797 870 οὐκ
830 817 1052 879 ἄτοπον,
1089 819 1137 870 εί
1171 815 1500 878 τοσαυτάκις
1525 813 1815 876 ἀκούοντες
1843 813 1992 883 εἰρή-

392 921 494 973 νην
559 902 726 972 ἔχειν,
793 899 1308 971 ἐκπεπολεμώμεθα
1370 901 1506 972 πρὸς
1561 897 1844 969 ἀλλήλους,
1897 895 1991 948 καί

393 985 794 1057 λαμϐάνοντες,
837 985 933 1038 καλ⁵
963 984 1347 1048 ἀντιδιδόντες,
1378 981 1456 1054 τῷ
1490 982 1686 1036 διδόντι
1716 981 1813 1052 τὴν
1845 980 1987 1051 είρή·

392 1087 494 1138 νην
547 1067 935 1139 πολεμοῦμενς
976 1069 1190 1136 Λέγεις,
1245 1068 1356 1122 Καὶ
1404 1065 1484 1132 τῷ
1517 1065 1811 1134 πνεύματι
1847 1078 1984 1127 σου,

393 1151 492 1207 καὶ
522 1153 838 1216 διαϐάλλεις
872 1153 1037 1206 αὑτὸν
1089 1153 1228 1220 tam;
1260 1153 1441 1223 Οἷμοι,
1472 1153 1555 1204 ὅτι
1584 1151 1651 1204 τὰ
1679 1147 1852 1219 σεμνά
1890 1149 1987 1218 τῆς

408 1237 766 1310 Ἐκκλησίας,
851 1238 1108 1306 σχήματα
1155 1238 1349 1305 γέγονε
1407 1233 1750 1307 πραγμάτων
1803 1231 1984 1304 μόνον,

392 1320 512 1376 ἀλλ’
545 1321 647 1374 οὐκ
680 1318 911 1390 ἀλήθειά
944 1337 1025 1383 τις
1056 1335 1070 1350 ο
1112 1321 1281 1390 οἴμοι,
1317 1321 1399 1373 ὃτι
1438 1319 1600 1390 μέχρι
1633 1316 1892 1390 ῥημάτων
1918 1315 1987 1369 τὰ

393 1403 647 1475 σύμϐολα
706 1405 858 1473 μένει
898 1404 992 1456 τοῦ
1039 1404 1403 1471 στρατοπέδου
1451 1402 1663 1454 τούτου.
1697 1400 1860 1454 Ὅθεν
1893 1397 1988 1452 καὶ

397 1489 647 1556 ἀγνοεῖτε
667 1486 756 1540 διά
771 1486 824 1539 τί
846 1485 1088 1554 λέγεται,
1115 1485 1338 1553 Εἰρήνη
1359 1484 1568 1540 πᾶσιν.
1604 1484 1742 1536 Ἀλλ’
1761 1482 1987 1536 ἀκούετε

393 1574 506 1625 τῶν
533 1572 684 1640 ἑξῆς,
735 1569 788 1623 τί
837 1587 1002 1640 φησιν
1051 1572 1079 1623 ό
1119 1569 1390 1640 Χριστόςο
1432 1571 1514 1631 είς
1558 1568 1625 1639 ἢν
1657 1567 1702 1620 δ’
1735 1566 1800 1620 ἂν
1833 1566 1986 1620 πόλιν

394 1657 430 1727 ἦ
466 1656 662 1726 κώμην
701 1653 1006 1724 εἰσέλθητε,
1035 1654 1466 1721 Εἱσερχόμενοι
1497 1654 1586 1718 είς
1614 1651 1731 1719 τὴν
1764 1649 1983 1715 οὶκίαν,

395 1738 768 1793 ἀσπάσασθε
805 1736 1031 1803 αὐτήν·
1064 1737 1161 1790 καὶ
1197 1737 1306 1789 ἐὰν
1331 1735 1449 1804 μὲν
1541 1736 1576 1802 ἡ
1621 1735 1781 1788 οὶκία
1820 1733 1984 1796 ἀξία,

397 1821 620 1878 ἐλθέτω
658 1822 697 1887 ἡ
747 1820 955 1890 εἰρήνη
982 1819 1152 1888 ὑμῶν
1201 1821 1295 1872 ἐπ’
1335 1819 1530 1884 αὐτήν
1550 1836 1563 1848 ·
1592 1818 1702 1872 ἐὰν
1728 1818 1797 1871 δὲ
1831 1816 1918 1887 μὴ
1947 1811 1990 1888 ᾖ

385 1906 564 1970 ἀξία,
583 1907 620 1974 ἠ
645 1905 855 1974 εἰρήνη
872 1905 1038 1974 ὑμῶν
1053 1903 1203 1973 πρὸς
1225 1902 1380 1973 ὑμᾶς
1410 1901 1871 1972 ἀποστραφήτω.
1890 1900 1990 1954 Διά

397 1987 560 2041 τοῦτο
578 1988 677 2042 οὐκ
705 1989 882 2058 ἴσμεν,
915 1987 998 2041 ὅτι
1032 1987 1199 2040 τύπον
1220 1987 1484 2059 ῥημάτων
1508 1985 1801 2055 νομίζομεν
1817 1984 1988 2038 ταῦτα

403 2067 566 2137 εἶναι,
596 2072 689 2124 καὶ
716 2072 776 2124 οὐ
800 2070 1166 2142 συντιθέμεθα
1186 2070 1264 2140 τῷ
1297 2068 1393 2140 νῷ.
1413 2069 1504 2140 Μὴ
1536 2069 1644 2140 γάρ
1661 2066 1771 2137 ἐγὼ
1796 2067 1989 2138 δίδωμι

401 2153 503 2226 τὴν
527 2156 780 2226 είρήνην;
825 2155 884 2208 Ὀ
908 2154 1140 2224 Χριστὸς
1177 2153 1246 2206 δι’
1276 2153 1433 2224 ἡμῶν
1492 2151 1828 2223 φθέγγεσθαι
1862 2167 1992 2203 κατ-

400 2238 594 2304 αξιῶν.
626 2238 691 2293 Εἰ
727 2241 819 2293 καὶ
841 2239 932 2292 τὸν
965 2239 1355 2294 ἄλλονᾶπαντα
1378 2238 1570 2310 χρόνον
1595 2236 1742 2290 κενοὶ
1765 2235 1862 2305 τῆς
1892 2233 1992 2304 χά-

399 2327 548 2394 ριτός
585 2325 775 2394 ἐσμεν,
802 2324 918 2376 ἀλλ’
949 2325 1010 2377 ού
1044 2323 1140 2377 νῦν
1185 2324 1256 2376 δι’
1290 2325 1454 2392 ὑμᾶς.
1496 2323 1560 2374 Εἰ
1604 2321 1714 2391 γάρ
1750 2321 1830 2382 εἰς
1869 2319 1990 2371 όνον

396 2409 673 2479 ἐνήργησε
708 2409 802 2462 καὶ
832 2411 911 2472 εἰς
947 2407 1147 2478 μάντιν
1185 2410 1218 2476 ἡ
1247 2406 1338 2460 τοῦ
1368 2405 1504 2459 Θεοῦ
1543 2405 1724 2476 χάρις,
1754 2403 1820 2456 δι’
1846 2403 1992 2455 οἰκο-

394 2493 590 2562 νομίαν
627 2493 721 2546 καὶ
748 2492 846 2562 τὴν
876 2491 985 2546 τῶν
1039 2489 1394 2560 Ἰσραηλιτῶν
1441 2489 1734 2558 ὠφέλειαν,
1767 2485 1989 2556 εὔδηλον

392 2578 478 2629 ὅτι
520 2575 642 2629 οὐδὲ
684 2577 767 2639 εἰς
813 2578 963 2646 ἡμᾶς
999 2576 1407 2647 παραιτήσεται
1442 2572 1706 2643 ἐνεργεῖν,
1754 2570 1870 2622 ἀλλ’
1897 2570 1990 2637 ἀνα

394 2660 582 2725 έξεται
614 2662 710 2713 καὶ
741 2660 900 2713 τοῦτο
927 2660 998 2713 δι’
1030 2661 1203 2730 ἡμᾶς.

465 2751 531 2800 ε’.
562 2745 770 2815 Μηδεὶς
793 2743 973 2796 τοίνυν
999 2742 1165 2806 εἴποι,
1185 2743 1265 2794 ὅτι
1293 2738 1517 2809 εὐτελὴς
1545 2735 1655 2805 ἐγὼ
1685 2736 1781 2790 καὶ
1805 2751 1990 2788 ταπει-

387 2829 489 2892 νὸς
516 2829 612 2881 καὶ
632 2827 848 2890 οὐδενὸς
873 2826 1023 2891 ἄξιος
1048 2827 1230 2894 λόγου,
1250 2825 1344 2878 καὶ
1364 2821 1507 2876 οὕτω
1532 2839 1620 2892 μοι
1645 2820 1980 2892 προσεχέτω.

390 2911 528 2982 Εἰμὶ
570 2911 681 2983 γὰρ
713 2909 957 2974 τοιοῦτος
979 2925 993 2940 ⁶
1031 2909 1146 2963 ἀλλ’
1176 2909 1264 2962 ἀεὶ
1302 2907 1423 2971 ἔθος
1455 2905 1533 2976 τῷ
1573 2904 1694 2974 Θεῷ
1739 2903 1829 2957 διά
1861 2903 1987 2966 τοὺς

393 2995 630 3058 πολλοὺς
651 2996 744 3047 καὶ
776 2996 888 3058 τοῖς
938 2994 1205 3054 τοιούτοις
1240 2989 1587 3059 ἐφίστασθαι.
1622 2987 1734 3040 Καὶ
1764 2987 1852 3039 ῖνα
1881 2986 1986 3057 μά-

387 3081 550 3150 ’θητε,
598 3077 678 3148 τῷ
730 3077 882 3150 [549]
935 3077 1075 3130 Κάῖν
1108 3075 1419 3144 κατηξίωσε
1458 3073 1690 3144 λαλῆσαι
1764 3070 1852 3125 διὰ
1895 3070 1987 3124 τὸν

397 3165 590 3228 ’Λϐελ,
623 3163 704 3235 τῷ
726 3161 960 3233 διαϐόλῳ
994 3160 1083 3214 διὰ
1115 3160 1210 3214 τὸν
1252 3157 1395 3221 Ἰὼϐ,
1427 3156 1506 3228 τῷ
1546 3155 1747 3228 Φαραὼ
1773 3157 1862 3209 διὰ
1896 3157 1988 3208 τὸν

405 3248 631 3318 Ἰωσὴφ,
668 3246 748 3317 τῷ
777 3243 1250 3315 Ναϐουχοδονόσορ
1273 3241 1364 3294 διὰ
1388 3241 1480 3294 τὸν
1505 3239 1822 3312 Δανιὴλ,τῷ
1850 3239 1988 3293 Βαλ-

385 3333 577 3404 τάσαρ
625 3329 717 3385 διὰ
763 3329 857 3382 τὸν
905 3327 1088 3381 αὐτὸν.
1138 3328 1249 3380 Καὶ
1293 3325 1460 3397 μάγοι
1489 3325 1547 3378 δὲ
1591 3322 1990 3392 ἀποκαλύψεως

397 3416 612 3488 ἔτυχον,
648 3416 744 3469 καὶ
785 3414 1046 3483 Καῖάφας
1079 3412 1456 3482 προεφήτευσε
1499 3408 1880 3479 χριστοκτόνος
1914 3404 1989 3458 ὢν

398 3507 499 3561 καὶ
526 3505 762 3571 ἀνάξιος,
793 3503 881 3557 διὰ
909 3503 973 3555 τὸ
1007 3504 1108 3572 τῆς
1141 3497 1445 3570 ἱερωσύνης
1479 3496 1716 3568 ἀξίωμα.
1756 3495 1989 3562 Λέγεται

394 3589 501 3644 καὶ
549 3587 762 3659 Ἀαρὼν
796 3586 884 3640 διὰ
912 3586 1074 3640 τοῦτο
1116 3584 1190 3656 μὴ
1229 3581 1605 3654 λεπρωθῆναι.
1646 3580 1746 3633 Διὰ
1773 3578 1826 3631 τί
1857 3577 1987 3646 γὰρ,

397 3673 526 3728 εἰπέ
565 3690 680 3744 μοι,
714 3671 1045 3742 ἀμφοτέρων
1091 3667 1614 3738 καταλαλησάντων,
1645 3662 1828 3733 ἐκείνη
1853 3661 1990 3732 μόνη

393 3757 499 3830 τὴν
527 3757 686 3826 δίκην
711 3755 880 3808 ἔδωκε
901 3772 916 3820 ;
940 3754 1034 3823 Μὴ
1063 3751 1358 3822 θαυμάσῃς
1381 3766 1394 3780 ’
1431 3752 1480 3803 εἰ
1502 3749 1611 3819 γάρ
1631 3750 1689 3801 ἐν
1718 3749 1831 3809 τοῖς
1864 3744 1994 3830 ἔξω-

400 3829 494 3896 θεν
533 3840 836 3910 ἀξιώμασι,
871 3838 974 3892 κάν
1004 3837 1174 3909 μυρία
1205 3854 1290 3900 τις
1325 3834 1725 3906 κατηγορῆται,
1759 3831 1821 3884 ού
1859 3829 1993 3902 πρό-

399 3943 562 3997 τερον
593 3927 674 3987 είς
700 3923 1058 3992 δικαστήριον
1084 3922 1304 3989 ἄγεται,
1342 3919 1448 3982 ἓως
1482 3919 1549 3972 ἂν
1579 3917 1855 3985 ἀπόθηται
1892 3914 1993 3984 τὴν

401 4010 602 4081 ἀρχὴν.
643 4009 732 4062 ἵνα
797 4007 872 4078 μὴ
924 4006 1020 4061 καὶ
1062 4006 1245 4076 ἐκείνη
1291 4003 1407 4076 μετ’
1455 4001 1622 4057 αὐτοῦ
1663 4000 1989 4073 ὑϐρίζηταιο

403 4094 588 4165 πολλῷ
615 4093 819 4164 μᾶλλον
865 4092 960 4145 ἐπὶ
1003 4090 1106 4161 τῆς
1136 4089 1314 4161 ἀρχῆς
1351 4088 1449 4159 τῆς
1484 4085 1863 4155 πνευματικῆς
1888 4083 1993 4138 κᾶν

396 4179 658 4232 ὁστισοῦν
684 4173 738 4251 ᾖ,
778 4178 994 4247 ἐνεργεῖ
1029 4175 1062 4245 ἡ
1094 4172 1191 4228 τοῦ
1227 4169 1363 4226 Θεοῦ
1412 4171 1575 4241 χάρις
1601 4187 1614 4200 ·
1651 4169 1777 4220 ἐπεὶ
1814 4168 1994 4222 πάντα

403 4265 475 4318 ἂν
500 4275 526 4303 ⁸
556 4260 836 4316 ἀπόλωλεν
857 4275 869 4288 ·
903 4261 1033 4313 ὅταν
1095 4258 1151 4311 δὲ
1187 4254 1361 4327 αὐτὴν
1394 4253 1692 4324 ἀπόθηται,
1731 4251 1841 4304 εἴτε
1883 4251 1989 4304 ἀπ-

402 4343 606 4410 ελθὼν,
636 4343 748 4398 εξτε
780 4344 877 4398 καὶ
902 4341 1157 4408 ἐνταῦθα,
1190 4340 1313 4394 τότε
1339 4338 1431 4410 δὴ,
1459 4337 1580 4390 τότε
1596 4334 1992 4407 χαλεπωτέραν

399 4427 570 4483 δώσει
594 4429 694 4497 τὴν
723 4427 902 4499 δίκην.
941 4428 1036 4498 Μὴ
1060 4426 1124 4497 δὴ
1155 4421 1410 4497 νομίζετε
1456 4422 1587 4494 παρ’
1613 4421 1772 4492 ἡμῶν
1819 4418 1993 4474 ταῦτα

401 4512 696 4582 λέγεσθαι·
733 4513 766 4582 ὴ
791 4511 884 4566 τοῦ
911 4511 1046 4565 Θεοῦ
1084 4510 1248 4581 χάρις
1279 4507 1435 4562 ἐστὶν
1465 4509 1500 4579 ἡ
1527 4507 1626 4562 καὶ
1658 4507 1741 4569 είς
1773 4503 1994 4568 ἀνάξιον

412 4596 741 4669 ἐνεργοῦσα,
766 4595 826 4649 οὐ
848 4595 917 4648 δι’
938 4596 1110 4665 ἡμᾶς,
1135 4592 1272 4647 ἀλλά
1285 4593 1354 4646 δι’
1383 4593 1550 4664 ὑμᾶς.
1587 4589 1886 4644 Ἀκούσατε
1900 4582 1995 4642 οὖν

403 4681 460 4735 τί
493 4683 702 4752 φησινό
727 4679 984 4751 Χριστός·
1020 4672 1215 4750 Ἐἀνῇ
1243 4678 1282 4748 ἡ
1308 4677 1470 4733 οίκία
1496 4675 1660 4742 ἀξία,
1704 4672 1923 4728 ἐλθέτω
1953 4670 1994 4741 ἡ

465 4863 496 4892 ⁸
519 4859 602 4910 Sic
623 4857 942 4912 Colbcrlinus
966 4871 1094 4908 unus
1117 4862 1279 4907 recte.
1322 4855 1375 4904 In
1399 4852 1550 4905 editis
1570 4853 1627 4902 ἄν
1643 4853 1808 4902 deest.

1321 361 1388 418 IN
1429 361 1650 419 EPIST.
1693 359 1784 416 AD
1812 356 2102 417 COLOSS.
2134 358 2288 416 CAP.
2330 361 2372 416 1.
2417 358 2652 417 1105111..
2690 360 2776 417 111.

3575 367 3683 429 524

2096 474 2306 544 ειρήνη
2338 475 2492 546 ὑμῶν
2519 476 2612 529 ἐπ’
2642 475 2858 543 αὐτήν.
2893 477 3014 542 Πῶς
3033 479 3089 532 δὲ
3113 480 3237 547 ἀξία
3277 482 3524 551 γίνεται;
3557 486 3685 541 Ἐὰν

2095 557 2350 623 δέξωνται
2381 560 2544 628 ὑμᾶς,
2581 562 2766 631 φησίν.
2814 563 2956 616 Ἐὰν
2986 563 3055 616 δὲ
3079 566 3166 634 μὴ
3189 565 3477 632 δέξονται
3504 570 3678 639 ὑμᾶς,

2089 642 2245 710 μηδὲ
2264 644 2574 697 ἀκούσωσι
2604 646 2712 696 τὸν
2731 646 2917 715 λόγον
2936 647 3124 715 ὑμῶν,
3157 650 3322 719 ἀμὴν
3343 655 3500 722 λέγω
3518 655 3681 725 ὑμῖν,

2096 727 2488 795 ἀνεκτότερον
2516 727 2688 782 ἔσται
2709 728 2788 798 τῇ
2818 731 3099 801 Σοδόμων
3126 735 3225 788 καὶ
3258 738 3575 806 Γομόῤῥιθις
3614 741 3686 794 ἐν

2095 809 2288 878 ἡμέρᾳ
2317 812 2592 880 κρίσεως,
2618 811 2656 880 ἢ
2697 810 2773 880 τῇ
2802 815 2975 868 πόλει
3001 816 3228 886 ἐκείνῃ.
3260 819 3325 871 Τί
3348 816 3442 876 οὖν
3465 821 3682 891 ὄφελος,

2093 893 2174 978 ότι
2208 894 2429 964 δέχεσθε
2470 897 2639 966 ἡμᾶς,
2688 898 2784 950 καλ.
2817 899 2917 952 οὐκ
2945 901 3173 955 ἀκούετε
3217 903 3326 956 τῶν
3359 906 3488 978 παρ’
3524 908 3683 977 ἡμῶν

2093 977 2434 1049 λεγομένων;
2484 979 2537 1032 τί
2589 979 2648 1033 τὸ
2689 981 2899 1052 κέρδος,
2951 983 3032 1036 ὅτι
3085 977 3449 1056 θεραπεύετε,
3471 991 3567 1044 καὶ
3617 991 3682 1043 οὐ

2093 1063 2392 1146 προσέχετε
2428 1065 2540 1127 τοίς
2570 1063 2890 1134 λεγομένοις
2927 1067 3094 1137 ύμῖν;
3143 1069 3358 1142 Ἐκείνη
3389 1072 3508 1125 ἐστὶ
3547 1074 3682 1146 τιμὴ

2092 1145 2247 1215 ἡμῖν,
2279 1146 2465 1218 ἐκείνη
2497 1146 2766 1218 θεραπεία
2811 1148 3121 1222 θαυμαστὴ,
3159 1154 3189 1222 ἡ
3222 1155 3315 1206 καὶ
3351 1156 3496 1225 ὑμᾶς
3538 1145 3684 1224 ὠφεέ

2090 1229 2259 1283 λοῦσα
2277 1232 2368 1284 καὶ
2390 1231 2561 1302 ἡμᾶς,
2585 1233 2681 1286 ἐὰν
2700 1233 2860 1303 ἡμῶν
2878 1234 3137 1306 ἀκούητε.
3184 1237 3441 1291 Ἀκούετε
3467 1240 3564 1292 καὶ
3587 1237 3682 1292 τοῦ

2091 1311 2306 1367 Παύλου
2327 1313 2598 1382 λέγοντος,
2627 1317 2747 1370 Οὐκ
2776 1315 2966 1387 ᾔδειν,
2999 1318 3240 1389 ἀδελφοὶ,
3260 1320 3349 1374 ὅτι
3375 1321 3686 1390 ἀρχιερεύς

2090 1395 2283 1450 ἐστιν.
2316 1397 2517 1452 Ἀκουε
2547 1403 2643 1452 καὶ
2667 1398 2762 1454 τοῦ
2782 1401 3021 1472 Χριστοῦ
3047 1403 3322 1471 λέγοντος,
3348 1404 3554 1459 Πάντα
3569 1403 3688 1459 ὅσα

2090 1479 2168 1533 ἂν
2202 1479 2466 1551 λέγωσιν
2489 1481 2630 1552 ὑμῖν
2659 1485 2880 1552 τηρεῖν,
2913 1487 3141 1555 τηρεῖτε
3165 1487 3266 1542 καὶ
3294 1489 3535 1545 ποιεῖτε.
3573 1489 3686 1543 Οὐκ

2090 1561 2226 1632 ἐμοῦ
2253 1569 2640 1636 καταφρονεῖς,
2665 1567 2804 1622 ἀλλὰ
2827 1569 2928 1638 τῆς
2950 1571 3253 1641 ἱερωσύνης
3274 1588 3287 1600 °
3318 1573 3385 1626 ἂν
3419 1573 3536 1645 ῖδῃς
3556 1573 3686 1626 ταύ-

2090 1663 2191 1717 της
2220 1647 2448 1718 γυμνὸν,
2485 1651 2606 1702 τότε
2642 1652 3000 1722 καταφρόνει,
3036 1655 3159 1708 τότε
3191 1655 3316 1708 οὐδὲ
3343 1653 3454 1724 ἐγὼ
3489 1656 3683 1726 ἀνέχο-

2095 1749 2194 1803 μαι
2232 1733 2564 1790 ἐπιτάττειν.
2607 1735 2754 1800 Ἕως
2801 1739 2846 1791 δ’
2883 1738 2949 1792 ἂν
2991 1740 3086 1792 ἐπὶ
3130 1740 3225 1794 τοῦ
3259 1740 3452 1812 θρόνου
3489 1741 3683 1794 τούτου

2090 1817 2403 1888 καθήμεθα,
2432 1819 2539 1883 ἕως
2565 1819 2630 1874 ἀν
2658 1820 2758 1892 τὴν
2786 1822 3080 1894 προεδρίαν
3107 1823 3341 1895 ἔχωμεν,
3362 1824 3568 1896 ,ἔχομεν
3589 1825 3685 1880 καὶ

2088 1902 2186 1972 τὴν
2224 1903 2383 1968 ἀξίαν
2413 1903 2508 1956 καὶ
2541 1904 2642 1976 τὴν
2676 1906 2850 1976 ίσχὺν,
2887 1908 2935 1960 εί
2969 1908 3064 1961 καὶ
3093 1909 3304 1973 ἀνάξιοί
3336 1913 3526 1979 ἐσμεν.
3563 1909 3628 1962 EE
3657 1909 3686 1962 ὁ

2089 1986 2370 2050 Μωῦσέως
2401 1986 2594 2058 θρόνος
2624 1987 2801 2052 οῦτως
2830 1985 2898 2062 ἦν
2947 1991 3249 2062 αἰδέσιμος,
3279 1992 3356 2056 ὼς
3383 1994 3449 2046 δι’
3474 1993 3685 2045 ἐκεῖνον

2089 2068 2407 2136 ἀκούεσθαι,
2461 2071 2642 2143 πολλῷ
2695 2073 2896 2143 μᾶλλον
2947 2076 2976 2128 ό
3028 2075 3124 2128 τοῦ
3175 2075 3417 2147 Χριστοῦ
3470 2074 3681 2147 θρόνος.

2103 2153 2346 2207 Ἐκεῖνον
2367 2156 2528 2225 ἡμεῖς
2547 2155 2904 2225 διεδεξάμεθα
2927 2175 2939 2188 ·
2965 2158 3075 2211 ἀπὸ
3095 2159 3288 2213 τούτου
3308 2159 3684 2230 φθεγγόμεθα,

2089 2237 2185 2307 ἀφ’
2222 2233 2282 2291 οῦ
2315 2238 2408 2290 καὶ
2441 2239 2469 2290 ὁ
2506 2239 2746 2310 Χριστὸς
2776 2240 2929 2293 ἔθετο
2975 2243 3034 2294 ἐν
3081 2244 3217 2311 ἡμῖν
3257 2243 3358 2314 τὴν
3403 2242 3687 2295 διακονίαν

2090 2322 2190 2392 τῆς
2231 2322 2605 2393 καταλλαγῆς.
2644 2326 2706 2377 Οἱ
2758 2325 3040 2397 πρέσϐεις,
3076 2321 3286 2397 οἷοίπερ
3337 2326 3402 2380 ἂν
3436 2320 3562 2392 ὦσι,
3596 2325 3686 2378 διά

2089 2407 2152 2459 τὸ
2195 2407 2294 2476 τῆς
2324 2408 2620 2478 πρεσϐείας
2667 2407 2884 2480 ἀξίωμα
2941 2409 3145 2480 πολλῆς
3204 2409 3541 2463 ἀπολαύουσι
3579 2409 3684 2478 τῆς

2090 2491 2272 2560 τιμῆς.
2301 2490 2444 2561 Ὅρα
2475 2491 2584 2562 γάρ
2606 2509 2619 2522 ·
2643 2493 2724 2555 είς
2765 2493 2938 2562 μέσην
2974 2491 3270 2563 βαρϐάρων
3294 2493 3546 2563 ἔρχονται
3585 2491 3686 2563 τὴν

2090 2575 2194 2644 γῆν
2231 2575 2404 2643 μόνοι,
2437 2575 2641 2644 μεταξὺ
2677 2575 2952 2629 τοσούτων
3011 2577 3288 2645 πολεμίων
3315 2594 3329 2608 ·
3358 2579 3452 2630 καὶ
3495 2575 3686 2644 ἐπειδὴ

2093 2656 2309 2727 μεγάλα
2371 2657 2400 2708 ὁ
2457 2657 2560 2725 τῆς
2618 2658 2919 2729 πρεσϐείας
2979 2659 3154 2728 ἰσχύει
3225 2659 3422 2729 νόμος,
3483 2659 3688 2721 πάντες

2089 2739 2291 2804 αὐτοὺς
2348 2741 2586 2810 τιμῶσι,
2647 2743 2847 2805 πάντες
2899 2743 2981 2804 εἰς
3037 2743 3238 2806 αὐτοὺς
3289 2742 3684 2806 ἀποϐλέπουσι,

2091 2825 2292 2888 πάντες
2355 2826 2494 2896 μετά
2553 2826 2858 2896 ἀσφαλείας
2919 2826 3295 2897 ἐκπέμπουσι.
3353 2829 3480 2881 Καὶ.
3524 2829 3689 2898 ἡμεῖς

2089 2909 2274 2962 τοίνυν
2325 2909 2625 2979 πρεσϐείας
2679 2909 3056 2981 ἀνεδεξάμεθα
3110 2911 3292 2981 λόγον,
3347 2913 3442 2966 καὶ
3478 2913 3689 2984 ἥκομεν

2093 2993 2243 3065 παρά
2286 2994 2380 3047 τοῦ
2427 2994 2566 3048 Θεοῦ
2595 3011 2608 3025 ο
2634 2994 2794 3048 τοῦτο
2829 2996 2939 3067 γάρ
2980 2998 3101 3049 ἐστι
3130 2995 3193 3048 τὸ
3230 2999 3330 3068 τῆς
3378 2995 3691 3065 ἐπισκοπῆς

2091 3077 2328 3149 ἀξίωμα.
2349 3078 2598 3146 Ἥκομεν
2631 3078 2766 3149 πρὸς
2795 3079 2938 3149 ὑμᾶς
2965 3079 3389 3150 πρεσϐεύοντες.
3410 3079 3691 3144 ἀξιοῦντες

2091 3162 2398 3216 καταλῦσαι
2425 3161 2576 3234 [550]
2606 3161 2698 3215 τὸν
2719 3162 2981 3234 πόλεμον,
3006 3165 3101 3217 καὶ
3123 3163 3356 3233 λέγομεν
3386 3163 3478 3215 ἐπὶ
3503 3162 3645 3216 τίσιν
3673 3177 3687 3190 ·

2091 3247 2153 3299 ού
2188 3245 2374 3308 πόλεις
2413 3245 2875 3316 ἐπαγγελλόμενοι
2910 3245 3127 3312 δώσειν,
3163 3246 3285 3299 οὐδὲ
3328 3245 3479 3298 σίτου
3513 3245 3690 3316 μέτρα

2090 3329 2224 3381 τόσα
2261 3329 2358 3382 καλ⁴
2388 3329 2543 3393 τόσα,
2573 3329 2697 3382 οὐδὲ
2742 3329 3072 3400 ἀνδράποδα,
3101 3329 3223 3384 οὐδὲ
3271 3328 3518 3400 χρυσίον,
3551 3329 3690 3382 ἀλλὰ

2095 3413 2372 3484 βασιλείαν
2422 3414 2708 3486 οὐρανῶν,
2753 3415 2902 3486 ζωὴν
2959 3415 3201 3481 αἰώνιον,
3245 3414 3537 3467 συνουσίαν
3590 3412 3690 3482 τὴν

2096 3499 2236 3568 μετά
2269 3497 2532 3570 Χριστοῦ,
2563 3497 2632 3550 τὰ
2664 3497 2800 3550 ἄλλα
2839 3498 3043 3566 ἀγαθὰ,
3073 3499 3108 3553 ἀ
3142 3499 3279 3570 μήτε
3311 3499 3486 3550 εἰπεῖν
3525 3496 3688 3550 δυνα-

2091 3582 2183 3634 τὸν
2233 3583 2389 3650 ἡμῖν,
2429 3583 2567 3652 μήτε
2613 3581 2742 3651 ύμῖν
2795 3581 3050 3646 ἀκοῦσαι,
3081 3582 3187 3645 ἓως
3226 3582 3292 3635 ἂν
3331 3581 3388 3632 ἐν
3425 3583 3491 3652 τῇ
3525 3581 3691 3652 σαρκὶ

2091 3664 2266 3738 ταύτῃ
2323 3658 2476 3735 ὦμεν
2531 3664 2628 3717 καὶ
2679 3663 2757 3733 τῷ
2819 3664 3052 3736 παρόντι
3119 3665 3238 3735 βίῳ.
3301 3663 3690 3735 Πρεσϐεύομεν

2092 3750 2272 3803 τοίνυν
2298 3765 2312 3778 ο
2343 3746 2639 3803 ἀπολαύειν
2664 3747 2721 3800 δὲ
2753 3746 3060 3818 βουλόμεθα
3088 3749 3257 3816 τιμῆς
3286 3763 3300 3776 ο
3328 3748 3392 3800 ού
3420 3747 3486 3799 δι’
3515 3748 3688 3818 ἡμᾶς,

2097 3833 2172 3904 μὴ
2203 3832 2414 3900 γένοιτο
2449 3832 2652 3902 ’ἴσμεν
2689 3831 2802 3903 γάρ
2836 3831 3006 3902 αὐτῆς
3045 3831 3105 3884 τι
3139 3831 3357 3894 εὐτελές
3392 3844 3408 3859 ·
3447 3829 3585 3883 ἀλλὰ
3619 3829 3690 3883 δι’

2094 3918 2260 3988 ὑμᾶς,
2284 3917 2373 3970 ἵνα
2387 3915 2548 3986 ὑμεῖς
2574 3915 2714 3985 μετά
2731 3915 2971 3983 σπουδῆς
2991 3913 3060 3968 τά
3084 3914 3216 3985 παρ’
3240 3914 3402 3984 ἡμῶν
3425 3913 3688 3984 ἀκούητε,

2097 4001 2183 4054 ἵνα
2211 4001 2372 4071 ὑμεῖς
2397 3998 2708 4070 ὼφελῆσθε,
2733 3999 2820 4051 ἵνα
2847 3999 2922 4070 μὴ
2950 3998 3088 4069 μετά
3115 3997 3393 4068 ῥᾳθυμίας
3421 3997 3455 4067 ἢ
3483 3997 3692 4069 ἀπροσ-

2096 4082 2246 4150 εξίας
2288 4083 2597 4155 προσέχητε
2647 4084 2761 4146 τοῖς
2798 4081 3136 4153 λεγομένοις.
3171 4081 3283 4152 Οὐχ
3335 4082 3500 4153 ὁρᾶτε
3559 4079 3691 4144 τοὺς

2096 4168 2360 4240 πρέσϐεις
2399 4165 2514 4229 πῶς
2566 4165 2770 4227 πάντες
2805 4165 3006 4227 αὐτοὺς
3059 4162 3448 4232 περιέπουσιν;
3494 4163 3690 4233 Ἡμεῖς

2091 4251 2235 4306 ’Θεοῦ
2266 4251 2525 4321 πρέσϐεις
2556 4249 2724 4318 ἐσμὲν
2751 4247 2886 4319 πρὸς
2917 4244 3263 4315 ἀνθρώπους.
3292 4245 3427 4298 Εἰδέ
3454 4245 3692 4316 πρόσαν-

2098 4355 2190 4402 τες
2218 4337 2348 4407 ύμῖν
2379 4334 2555 4399 τοῦτο,
2586 4335 2684 4403 οὐχ
2709 4335 2893 4404 ἡμεῖς,
2925 4329 3044 4385 ἀλλ’
3067 4328 3209 4402 αὕτη
3273 4331 3307 4401 ἡ
3345 4328 3631 4389 ὲπισκοπή
3669 4344 3683 4358 ο

2099 4421 2221 4491 οὐχ)⁵
2244 4421 2273 4474 ό
2301 4419 2468 4482 δεῖνα,
2484 4417 2598 4472 ἀλλ’
2615 4417 2643 4469 ὁ
2671 4417 2988 4470 ἐπίσκοπος.
3005 4413 3216 4484 Μηδεὶς
3252 4411 3387 4491 ἐμοῦ
3414 4411 3684 4478 ἀκουέτω,

2099 4489 2240 4561 ἀλλά
2280 4500 2375 4556 τοῦ
2404 4499 2735 4572 ἀξιώματος.
2767 4498 2954 4552 Πάντα
2993 4496 3174 4551 τοίνυν
3233 4489 3484 4565 ποιῶμεν
3543 4493 3690 4548 κατά

2100 4587 2160 4643 τὸ
2202 4585 2283 4659 τῷ
2336 4583 2458 4656 Θεῷ
2507 4582 2717 4647 δοκοῦν,
2753 4582 2841 4636 ῖνα
2890 4582 2970 4643 εἰς
3029 4578 3188 4644 δόξαν
3225 4578 3362 4632 Θεοῦ
3408 4577 3689 4650 ζήσωμεν,

2101 4674 2201 4729 καὶ
2249 4667 2679 4741 καταξιωθῶμεν
2705 4666 2817 4720 τῶν
2845 4662 3275 4736 ἐπηγγελμένων
3327 4660 3548 4730 ἀγαθῶν
3574 4660 3691 4722 τοῖς

2100 4757 2392 4828 ἀγαπῶσιν
2430 4754 2615 4821 αὐτὸν,
2673 4751 2859 4825 χάριτι
2889 4750 2986 4805 καὶ
3043 4745 3442 4819 φιλανθρωπίᾳ,
3484 4742 3581 4798 καὶ
3617 4741 3690 4798 τὰ

2102 4844 2250 4914 ιξῆςο
