4184 6492
506 362 617 421 ³23

1213 355 1270 410 S.
1310 349 1596 409 JOANNIS
1632 341 2120 405 CIIRYSOSTOMI
2158 341 2481 399 ARCBIEP.
2520 335 3062 398 CONSTANTINOP.

3677 336 3787 396 526

544 499 3750 534 MM“

1999 649 2243 703 ΟΜΙΛῙΔ
2278 648 2329 697 Δ⁰

510 779 617 832 Καὶ
646 774 801 845 ὑμᾶς
827 787 971 847 ποτε
1019 770 1274 847 ἐχθρούς
1311 768 1490 847 ὄντας
1524 768 1625 821 καὶ
1683 766 2100 847 ἀπηλλοτριω-

576 839 805 915 μένους
823 843 895 911 τῇ
925 839 1164 915 διανοίᾳ
1186 842 1256 915 ἐν
1276 840 1402 915 τοῖς
1419 839 1617 915 ἔργοις
1638 839 1765 901 τοῖς
1780 839 2099 915 πονηροῖς,

580 904 718 970 νυνὶ
770 904 839 968 δὲ
860 904 1347 985 γ’ἆποκατῆλλαξε
1370 904 1458 975 τῷ
1483 904 1709 976 σώματι
1734 905 1845 985 τῇς
1877 904 2103 985 σαρκρς

581 985 773 1040 αὐτοῦ
841 984 938 1037 διὰ
995 982 1104 1036 τοῦ
1172 981 1466 1042 θανάτου,
1518 979 1903 1044 παραστῆσαι
1943 979 2103 1041 ὑμᾶς

581 1056 793 1125 ἁγίους
822 1053 933 1125 καί,
958 1051 1239 1123 ἀμώμους
1276 1049 1375 1104 καὶ
1401 1048 1812 1117 ἀνεγκλήτους
1838 1044 1933 1098 καὶ
1958 1044 2104 1097 ἐνώ-

584 1122 726 1178 πιον
752 1122 959 1178 αὐτοῦ.

586 1298 655 1344 α’.
716 1287 983 1343 Ἐνταῦθα
1024 1287 1210 1340 λοιπον
1247 1284 1547 1343 δείκνυσιν,
1589 1284 1672 1335 ὅτι
1708 1279 1803 1334 καὶ
1856 1276 2148 1356 ἀναξίουςν

517 1375 680 1438 ὂντας
704 1370 1059 1440 καταλλαγῆς
1088 1368 1416 1440 κατήλλαξε.
1441 1366 1515 1418 Τὸ
1547 1366 1647 1436 μὲν
1668 1363 1777 1435 γὰρ
1807 1365 2001 1426 εἰπεῖν,
2028 1364 2110 1415 ὅτι
2160 1390 2165 1393 -

521 1456 627 1511 ὑπὸ
657 1457 757 1526 τὴν
791 1453 1041 1521 ἐξουσίαν
1092 1451 1186 1505 τοῦ
1236 1451 1461 1512 σκότους
1502 1444 1666 1518 ἦσαν,
1711 1447 1953 1500 δείκνυσι
2011 1445 2111 1515 τὴν

522 1538 830 1611 συμφορὰν,
856 1538 913 1590 ἐν
943 1531 976 1612 ᾖ
1008 1532 1168 1608 ἦσαν.
1204 1534 1347 1587 Ἀλλ’
1374 1532 1459 1585 ἵνα
1489 1533 1563 1604 μὴ
1596 1531 1836 1595 ἀκούσας
1867 1529 2113 1612 ἐξουσίαν

522 1624 770 1688 σκότους,
806 1611 1055 1691 ἀνάγκην
1093 1617 1321 1690 νομίσῃς
1346 1612 1509 1680 εἶναι,
1532 1614 1731 1684 ἐπάγει
1772 1631 1788 1647 ο
1824 1615 1932 1669 Καὶ
1962 1611 2113 1683 ὑμᾶς

523 1705 702 1771 ὄντας
726 1700 1335 1771 ἀπηλλοτριωμένους
1364 1717 1375 1730 ’
1405 1699 1548 1753 ὥστε
1579 1699 1729 1751 δοκεῖ
1763 1696 1865 1767 μὲν
1897 1696 1959 1749 τὸ
1985 1695 2117 1748 αύτδ

522 1788 719 1857 λέγειν,
745 1786 846 1840 οὐκ
875 1785 990 1839 ἔστι
1018 1785 1076 1837 δέ
1101 1802 1114 1815 ο
1140 1784 1201 1836 ού
1234 1782 1342 1853 γάρ
1370 1782 1517 1835 ἐστιν
1544 1782 1658 1834 ἴσον
1682 1782 1899 1854 ἀνάγκῃ
1930 1779 2118 1843 κακῶς

524 1870 787 1932 παθόντα,
814 1870 911 1923 καὶ
951 1867 1149 1921 ἑκόντα
1195 1865 1355 1919 τοῦτο
1392 1864 1767 1933 ὑπομείναντα
1810 1862 2119 1928 ἀπαλλάξαι

526 1953 635 2006 τῶν
669 1951 881 2006 δεινῶν.
925 1952 1165 2013 Ἐκεῖνος
1194 1950 1292 2019 μὲν
1321 1946 1431 2018 γάρ
1468 1946 1735 2000 ἐλεεῖσθαι
1768 1944 1939 2012 ἄξιος,
1969 1941 2121 2010 οὗτος

525 2037 584 2091 δὲ
620 2036 917 2108 μισεῖσθαι.
964 2033 1107 2088 Ἀλλ’
1144 2034 1293 2104 ὅμως
1324 2032 1492 2101 ὑμᾶς,
1518 2031 1707 2101 φησὶν,
1738 2030 1860 2101 οὐχὶ
1889 2031 2121 2093 ἄκοντας

528 2119 650 2172 οὐδὲ
697 2117 1199 2187 ἀναγκαζομένους,
1254 2114 1369 2168 ἀλλ’
1420 2114 1647 2177 ἐκόντας
1692 2114 1786 2165 καὶ
1836 2114 1982 2183 μετὰ
2026 2112 2121 2166 τοῦ

535 2203 825 2273 βούλεσθαι
865 2199 1266 2270 ἀποπηδῶντας
1304 2197 1492 2262 αὑτοῦ,
1535 2198 1631 2250 καὶ
1671 2197 1925 2263 ἀναξίους
1966 2196 2125 2259 ὄντας

532 2285 832 2355 ἀπήλλαξε.
855 2285 966 2338 Kal
997 2281 1185 2353 ἐπειδὴ
1212 2280 1321 2335 τῶν
1355 2281 1413 2334 ἐν
1443 2282 1555 2342 τοῖς
1585 2280 1831 2351 οὐρανοῖς
1855 2280 2122 2351 ἐμνήσθη,

533 2369 805 2423 δείκνυσιν
836 2368 917 2420 ὃτι
959 2369 992 2436 ἡ
1017 2364 1185 2435 ἔχθρα
1225 2364 1376 2416 πᾶσα
1397 2361 1645 2415 ἐντεῦθεν
1669 2359 1782 2432 εἶχε
1805 2363 1904 2434 τὴν
1928 2363 2123 2435 ἀρχὴν,

534 2454 635 2506 οὐκ
682 2451 911 2504 ἐκεῖθεν.
950 2450 1180 2504 Ἐκεῖνοι
1213 2446 1312 2517 μὲν
1350 2447 1459 2517 γὰρ
1492 2446 1659 2499 πάλαι
1702 2446 2004 2509 ἐόούλοντο,
2035 2445 2128 2498 καὶ

538 2539 566 2590 6
592 2536 724 2600 θεός
746 2553 758 2566 ·
794 2536 952 2605 ὑμεῖς
983 2533 1040 2585 δέ
1081 2532 1181 2584 οὐκ
1200 2530 1523 2600 ἠθελήσατε.
1547 2530 1656 2582 Kal
1686 2529 1862 2583 διόλου
1888 2530 2128 2582 δείκνυσι

534 2622 660 2684 τοὺς
692 2619 955 2687 ἀγγέλους
995 2616 1159 2687 μηδὲν
1198 2612 1530 2682 ἰσχύσαντας
1563 2614 1621 2664 ἐν
1663 2615 1775 2675 τοῖς
1818 2614 1969 2666 κάτω
2000 2613 2128 2682 χρό-

539 2720 676 2767 νοις,
709 2704 762 2756 et
794 2718 854 2770 γε
888 2699 1080 2770 ἔμενον
1109 2697 1314 2767 ἐχθροὶ,
1352 2695 1446 2748 καὶ
1480 2694 1603 2747 οὔτε
1638 2698 1823 2748 πεῖσαι
1846 2696 2127 2765 ⁴ἠδύναντο,

541 2786 669 2841 οὔτε
716 2784 1044 2846 πεισθέντας
1084 2780 1395 2846 ἀπαλλάξαι
1425 2777 1518 2832 τοῦ
1558 2778 1824 2831 διαὸόλου.
1856 2779 1992 2833 Οὐδὲ
2024 2779 2131 2849 γὰρ

541 2872 606 2927 τὸ
640 2874 826 2925 πεῖσαι
857 2866 973 2939 εἶχέ
1004 2885 1059 2921 τι
1104 2866 1317 2936 κέρδος,
1352 2864 1445 2917 τοῦ
1478 2863 1800 2934 κατέχοντος
1835 2863 1908 2935 μὴ
1955 2863 2133 2917 δεθέν-

543 2973 635 3019 τος
670 2974 682 2987 ·
716 2953 837 3008 οὐδὲ
871 2953 933 3006 τὸ
962 2950 1181 3021 δεθῆναι
1212 2944 1326 3018 εἶχέ
1358 2966 1412 3000 τι
1443 2946 1655 3017 κέρδος,
1687 2946 1793 2999 τῶν
1832 2946 2132 3017 κατεχομέ-

548 3055 655 3093 νων
692 3036 767 3107 μὴ
791 3034 1131 3105 βουλομένων
1162 3030 1497 3085 ἐπανελθεῖν.
1532 3030 1671 3081 Ἀλλ’
1695 3030 1976 3101 ἀμφότερα
2005 3030 2132 3091 ἔδει,

547 3113 622 3174 ὧν
654 3122 849 3174 ἐκεῖνοι
896 3118 994 3188 μὲν
1032 3115 1207 3179 οὐδὲν,
1232 3112 1382 3185 [551]
1418 3114 1447 3165 6
1495 3112 1726 3183 Χριστὸς
1756 3112 1811 3164 δὲ
1854 3112 2136 3181 ἀμφότερα

548 3204 868 3273 πεποίηκεν.
907 3200 1069 3253 Ὥστε
1096 3196 1191 3251 τοῦ
1231 3197 1321 3251 τὸν
1350 3196 1577 3249 θάνατον
1623 3193 1782 3248 λῦσαι
1821 3193 2137 3265 θαυμασιώ-

546 3305 703 3357 τερον
732 3286 794 3339 τὸ
827 3287 1035 3344 πεῖσαι.
1077 3283 1282 3335 Ἐκεῖνο
1314 3281 1414 3352 μὲν
1445 3280 1554 3351 γὰρ
1578 3279 1698 3333 ὅλον
1724 3279 1888 3332 αὐτοῦ
1919 3275 2008 3351 ἦν,
2040 3279 2136 3332 καὶ

552 3371 715 3436 αὐτὸς
757 3370 919 3441 μόνος
956 3367 1143 3439 κύριος
1167 3361 1235 3437 ἦν
1258 3382 1272 3395 ·
1305 3365 1498 3419 τούτου
1527 3364 1583 3417 δέ
1620 3364 1740 3433 οὐχὶ
1769 3363 1928 3426 αὐτὸς
1955 3362 2134 3441 μόνος,

551 3454 689 3509 ἀλλά
724 3439 820 3508 xal
846 3454 1006 3524 ἡμεῖς
1040 3466 1052 3479 ο
1089 3448 1457 3520 εὐκολώτερον
1490 3447 1547 3499 δὲ
1581 3446 1755 3500 ταῦτα
1784 3445 2039 3515 ἀνύομεν,
2063 3439 2137 3498 ὧν

552 3539 708 3593 αὐτοὶ
739 3536 919 3608 κύριοί
954 3536 1143 3605 ἐσμεν.
1175 3533 1309 3587 "Are
1339 3528 1431 3585 οὖν
1464 3531 1556 3584 καὶ
1583 3529 1767 3601 μεῖζον
1798 3529 1876 3594 ὃν,
1913 3528 2137 3601 ὕστερον

552 3623 686 3677 αὐτὸ
714 3620 920 3691 τίθησι.
954 3618 1064 3672 Kal
1106 3618 1204 3688 οὐχ
1231 3616 1414 3680 ἁπλῶς
1446 3612 1619 3677 εἶπεν,
1657 3615 2135 3682 Ἐχοραίνοντας,

553 3705 711 3770 ἀλλά,
746 3698 1388 3770 Ἀπηλλοτριωμένους,
1420 3699 1448 3750 ὃ
1470 3697 1671 3765 πολλῆς
1713 3698 1912 3767 ἔχθρας
1954 3697 2098 3749 ἐστίν
2122 3712 2136 3724 ’

554 3788 677 3841 οὐδὲ
730 3785 1199 3857 ἠλλοτριωμένους
1228 3822 1241 3846 ,
1304 3781 1441 3834 ἀλλὰ
1520 3781 1654 3851 μηδὲ
1725 3779 2138 3848 προσδοκῶντας

555 3867 894 3924 ἐπανελθεῖν.
954 3866 1065 3919 Kal
1122 3865 1373 3937 ἐχθροὺς,
1428 3865 1590 3934 φησὶ,
1647 3864 1711 3933 τῇ
1767 3862 1997 3932 διανοίᾳ,
2053 3860 2143 3914 διὰ

556 3953 745 4008 τούτου
778 3949 1079 4021 δηλῶν,ὄτι
1099 3949 1219 4019 οὐχὶ
1256 3949 1418 4019 μέχρι
1446 3947 1546 4015 τῆς
1579 3949 1950 4018 προαιρέσεως
1982 3946 2140 4018 μόνον

556 4038 594 4107 ἡ
649 4033 1002 4105 ἀλλοτρίωσις
1057 4026 1125 4103 ἦν
1182 4032 1401 4085 αὐτῶνο
1432 4031 1567 4084 ἀλλά
1604 4032 1689 4097 τί;
1723 4032 1831 4085 Καὶ
1893 4033 1965 4084 ἐν
2018 4031 2143 4097 τοῖς

556 4121 752 4189 ἔργοις
772 4115 897 4182 τοῖς
930 4114 1236 4185 πονηροῖς.
1279 4115 1388 4168 Καὶ
1422 4114 1604 4185 ἐχθροὶ
1632 4110 1752 4184 ἦτε,
1786 4115 1939 4185 φησὶ,
1960 4116 2053 4168 καὶ
2077 4116 2143 4168 τὰ

557 4203 668 4256 τῶν
723 4199 931 4271 ἐχθρῶν
978 4199 1299 4269 ἐπράττετε.
1332 4198 1485 4252 Νυνὶ
1525 4198 1592 4251 δὲ
1639 4198 2145 4263 ἀποκατήλλαξεν

557 4287 630 4339 ἐν
656 4283 736 4350 τῷ
764 4283 991 4350 σώματι
1021 4281 1131 4348 τῆς
1153 4282 1381 4349 σαρκὸς
1399 4282 1585 4335 αὑτοῦ
1614 4281 1713 4335 διὰ
1729 4282 1832 4336 τοῦ
1862 4280 2141 4349 θανάτου,

562 4364 950 4435 παραστῆσαι
984 4363 1140 4434 ὑμᾶς
1166 4365 1374 4433 ἁγίους
1404 4365 1500 4417 καὶ
1529 4363 1806 4434 ἀμώμους
1835 4364 1931 4418 καὶ
1968 4366 2144 4432 ἀνεγ-

562 4454 829 4521 κλήτους
868 4448 1235 4505 κατενώπιον
1278 4451 1485 4505 αὐτοῦ.
1525 4450 1789 4506 Ἐνταῦθα
1828 4449 2012 4521 τίθησι
2052 4449 2145 4503 καὶ

564 4541 656 4592 τὸν
694 4538 892 4609 τρόπον
936 4541 1035 4609 τῆς
1077 4538 1441 4607 καταλλαγῆς,
1478 4540 1561 4592 ὅτι
1594 4539 1652 4592 ἐν
1678 4538 1758 4607 τῷ
1787 4537 2019 4608 σώματι,
2050 4538 2146 4592 καὶ

565 4626 647 4680 ὅτι
677 4626 776 4695 οὐχ
804 4624 990 4687 ἁπλῶς
1022 4623 1271 4696 πληγεὶς,
1299 4626 1419 4679 οὐδὲ
1445 4627 1831 4695 μαστιγωθεὶς,
1857 4626 1977 4678 οὺδέ
2004 4642 2148 4696 πρα-
2215 4625 2223 4633 ’

566 4712 700 4776 θεὶς,
743 4710 878 4764 ἀλλὰ
905 4711 998 4764 καὶ
1033 4711 1319 4766 ἀποθανὼν
1350 4712 1428 4782 τῷ
1465 4712 1734 4783 αἰσχίστῳ
1764 4712 1998 4783 θανάτῳ.
2032 4711 2149 4766 Πά-

566 4799 649 4853 λιν
679 4799 773 4853 τοῦ
800 4798 1034 4869 σταυροῦ
1065 4799 1358 4870 μέμνηται,
1396 4800 1490 4851 καὶ
1518 4800 1679 4853 πάλιν
1713 4800 1904 4872 ἑτέραν
1936 4800 2150 4872 τίθησιν

567 4887 902 4959 εὐεργεσίαν.
959 4888 1032 4940 Οὐ
1089 4887 1199 4957 γὰρ
1243 4885 1521 4957 ἀπήλλαξε
1574 4887 1768 4957 μόνον,
1814 4887 1948 4941 ἀλλᾶ
1980 4889 2073 4940 καὶ
2121 4889 2150 4941 ὅ

570 4992 733 5045 φησιν
757 4975 1037 5045 ἀνωτέρω,
1074 4973 1158 5038 Τῷ
1182 4973 1545 5027 ἱκανώσαντι
1573 4972 1751 5042 ἡμᾶς,
1776 4974 1935 5027 τοῦτο
1964 4975 2021 5027 δὲ
2056 4974 2151 5028 καὶ

571 5060 805 5117 ἐνταῦθα
841 5061 1157 5114 αἰνίττεται.
1191 5062 1296 5115 Διὰ
1323 5061 1429 5114 τοῦ
1460 5061 1722 5116 θανάτου
1754 5061 1963 5125 αὑτοῦ,
1994 5063 2148 5131 φησὶ,

572 5150 959 5219 παραστῆσαι
993 5146 1151 5219 ὑμᾶς
1180 5150 1385 5219 ἁγίους
1422 5149 1519 5205 καὶ
1547 5150 1823 5220 ἀμώμους
1848 5150 1947 5204 καὶ
1980 5152 2153 5219 ἀνεγ-

579 5239 843 5304 κλήτους
882 5235 1248 5290 κατενώπιον
1277 5237 1484 5291 αὐτοῦ.
1520 5238 1593 5290 Οὐ
1622 5238 1730 5308 γὰρ
1760 5238 1823 5308 δὴ
1852 5238 2010 5308 μόνον
2044 5238 2154 5292 τῶν

578 5325 796 5395 ἀμαρτη
808 5325 992 5394 μάτων
1037 5322 1346 5393 ἀπήλλαξεν
1368 5363 1383 5385 ,
1424 5323 1559 5377 ἀλλά
1586 5325 1680 5377 καὶ
1706 5325 1764 5377 ἐν
1790 5328 1902 5389 τοῖς
1941 5325 2154 5379 εὐδοκι-

579 5412 777 5481 μηκόσι
810 5411 1164 5481 κατέστησεν.
1189 5411 1261 5464 Οὐ
1288 5411 1394 5480 γὰρ
1418 5410 1502 5462 ἴνα
1531 5410 1718 5463 κακῶν
1744 5410 2023 5483 ἀπαλλάξῃ
2059 5414 2155 5483 μό-

578 5514 667 5551 νον
690 5498 928 5551 τοσαῦτα
950 5498 1173 5563 ἔπαθεν,
1200 5497 1313 5550 ἀλλ’
1344 5499 1433 5551 ἵνα
1457 5499 1551 5552 καὶ
1580 5498 1685 5551 τῶν
1711 5501 1942 5571 πρώτων
1969 5502 2156 5555 ἐπιτύ-

579 5597 800 5652 χωμεν·
840 5583 1029 5654 ὥσπερ
1065 5584 1132 5637 ἂν
1182 5586 1234 5638 εῐ
1280 5601 1367 5647 τις
1402 5585 1693 5639 κατάδικον
1741 5588 1815 5657 μὴ
1853 5589 2015 5658 μόνον
2055 5590 2155 5659 τῆς

582 5669 845 5740 τιμωρίας
878 5670 1238 5742 ἐλευθερώσῃ,
1279 5670 1414 5725 ἀλλά
1448 5672 1543 5725 καὶ
1576 5674 1653 5735 είς
1680 5675 1845 5745 τιμὴν
1880 5676 2150 5747 ἀναγάγῃ.

587 5755 693 5808 Kal
719 5759 828 5818 τοῖς
854 5756 1005 5811 οὐδὲν
1047 5758 1418 5827 ἡμαρτηκόσιν
1457 5760 1787 5828 ἐγκατέταξε
1817 5780 1829 5795 ο
1868 5763 2067 5833 μᾶλλον
2099 5765 2155 5817 δὲ

2207 762 2268 814 ού
2296 763 2408 823 τοῖς
2441 759 2515 831 μὴ
2543 758 2889 830 ἡμαρτηκόσι
2916 758 3075 829 μόνον
3096 796 3111 820 ,
3142 755 3279 811 ἀλλά
3304 755 3398 808 καὶ
3431 754 3543 820 τοῖς
3576 768 3794 825 κατωρ⁴

2210 846 2409 899 θωκόσι
2432 847 2499 898 τά
2531 846 2764 915 μέγιστα
2785 862 2799 877 ο
2832 846 2927 898 καὶ
2949 844 3015 897 «τὸ
3034 845 3097 915 δὴ
3129 842 3334 915 μεῖζον,
3368 843 3451 895 ὅτι
3482 842 3797 914 ἁγιωσύνην

2208 934 2307 1005 τὴν
2363 932 2700 986 κατενώπιον
2739 930 2906 984 αὐτοῦ
2947 930 3167 984 δέδωκε.
3207 930 3281 984 Τὸ
3325 930 3382 983 δέ
3430 930 3796 1001 ἀνέγκλητον,

2212 1024 2460 1086 ἐπίτασις
2492 1022 2586 1075 τοῦ
2614 1020 2850 1091 ἀμώμου
2876 1036 2889 1048 ·
2916 1020 3249 1091 ἀνέγκλητον
3278 1020 3386 1092 γὰρ
3413 1019 3535 1072 τότε
3557 1018 3796 1088 λέγεται,

2212 1110 2339 1163 ὅταν
2385 1108 2522 1180 μηδέ
2568 1108 2729 1179 μέχρι
2763 1106 3192 1176 καταγνώσεως,
3231 1106 3366 1178 μηδέ
3403 1106 3566 1177 μέχρι
3596 1104 3799 1178 ἐγκλή-

2218 1193 2445 1271 ματοςῇ
2486 1213 2537 1248 τι
2566 1194 2954 1265 πεπραγμένον
2988 1196 3141 1265 ἡμῖν.
3181 1194 3323 1247 Ἀλλ’
3350 1193 3540 1264 ἐπειδὴ
3578 1193 3640 1247 τὸ
3676 1194 3800 1247 ὅλον

2216 1284 2381 1338 αὑτοῦ
2403 1282 2645 1337 τέθεικεν
2666 1280 2856 1346 εἰπὼν,
2884 1282 2966 1334 ὅτι
2990 1281 3077 1333 διὰ
3092 1280 3183 1333 τοῦ
3212 1281 3442 1334 θανάτου
3463 1280 3638 1333 ταῦτα
3666 1297 3805 1334 κατ·

2215 1370 2504 1443 ώρθωσεν,
2544 1370 2631 1421 ἵνα
2683 1371 2756 1439 μή
2811 1385 2898 1430 τις
2931 1368 3081 1441 εἴπῃ,
3113 1367 3320 1422 Οὐκοῦν
3362 1368 3573 1431 οὐδενὸς
3605 1366 3806 1439 χρῄζο-

2222 1476 2342 1530 μεν,
2379 1457 2469 1510 διὰ
2494 1455 2656 1509 τοῦτο
2690 1457 2969 1525 ἐπήγαγεν
2993 1472 3007 1485 ·
3050 1454 3123 1509 El
3152 1471 3220 1524 γε
3258 1454 3567 1524 ἐπιμένετε
3599 1453 3677 1524 τῇ
3710 1455 3807 1508 πί-

2218 1563 2350 1601 στει
2383 1543 2870 1613 τεθεμελιωμένοι
2900 1542 3000 1595 καὶ
3037 1541 3291 1610 ἑδραῖοι,
3321 1542 3416 1595 καί
3446 1542 3533 1612 μὴ
3565 1558 3808 1611 μετακι-

2220 1634 2501 1703 νούμενοι
2529 1631 2645 1685 ἀπὸ
2689 1629 2801 1699 τῆς
2837 1630 3088 1695 ἐλπίδος
3128 1628 3235 1683 τοῦ
3264 1630 3656 1700 Εὐαγγελίου.
3693 1628 3807 1700 Τὴν

2225 1720 2499 1794 ρᾳθυμίαν
2536 1719 2713 1773 αὐτῶν
2743 1718 2975 1772 ἐνταῦθα
3010 1718 3316 1772 ἐπικύπτει.
3351 1718 3462 1772 Kal
3487 1717 3584 1789 οὐχ
3616 1717 3808 1781 ἁπλῶς

2224 1806 2399 1871 εἶπεν,
2442 1805 2777 1876 Ἑπιμένετε
2796 1824 2809 1837 ·
2844 1804 2958 1858 ἔστι
2984 1805 3094 1877 γάρ
3115 1805 3396 1878 ἐπιμένειν
3422 1805 3805 1876 σαλευόμενον,

2226 1898 2323 1951 καὶ
2351 1894 2770 1968 διχοστατοῦντα
2792 1910 2807 1922 ·
2836 1893 2982 1947 ἐστιν
3006 1894 3227 1949 ἑστάναι
3252 1896 3343 1948 καὶ
3373 1896 3554 1965 μένειν
3576 1909 3808 1967 περιφε-

2230 1986 2478 2056 ρόμενον.
2499 1984 2573 2039 Εἴ
2592 2000 2657 2052 γε
2676 1982 3004 2052 ἐπιμένετε,
3030 1983 3182 2052 φησὶ,
3206 1980 3687 2051 τεθεμελιωμένοι
3710 1981 3812 2036 καὶ

2224 2072 2467 2141 ἑδραῖοι,
2498 2070 2702 2139 καὶμὴ
2732 2069 3246 2139 μετακινούμενοι.
3290 2067 3487 2133 Βαόαὶ,
3526 2068 3689 2140 ἡλίκῃ
3728 2069 3814 2122 κέ-

2224 2177 2424 2231 χρηται
2447 2160 2659 2231 τροπῇ.
2682 2158 2743 2210 ού
2769 2157 2930 2228 μόνον
2962 2157 3037 2227 μὴ
3065 2155 3436 2226 σαλευόμενοι,
3463 2157 3651 2227 φησὶν,
3678 2155 3814 2209 ἀλλὰ

2230 2247 2365 2319 μηδέ
2389 2245 2539 2301 κινού
2550 2262 2717 2317 μενοι.
2737 2245 2849 2298 Kal
2875 2244 2975 2314 ὅρα
2998 2260 3012 2274 ο
3043 2243 3195 2297 οὐδὲν
3218 2244 3474 2314 φορτικὸν
3497 2244 3635 2308 τέως
3660 2244 3783 2315 τίθη
3798 2274 3816 2286 -

2228 2352 2332 2398 σιν,
2367 2335 2487 2388 οὐδὲ
2522 2334 2797 2396 ἐπίπονον,
2839 2331 2975 2384 ἀλλὰ
3022 2330 3204 2383 πίστιν
3254 2332 3348 2385 καὶ
3385 2330 3592 2385 ἐλπίδα.
3642 2332 3814 2384 Τουτ-

2232 2423 2382 2475 έστιν
2403 2462 2418 2487 ,
2463 2422 2558 2473 ἐὰν
2599 2420 2796 2490 μένητε
2831 2418 3200 2483 πιστεύοντες,
3234 2418 3315 2471 ὅτι
3351 2417 3558 2489 ἀληθὴς
3584 2420 3618 2489 ὴ
3659 2418 3817 2479 ἐλπὶς

2228 2507 2337 2560 τῶν
2384 2507 2709 2578 μελλόντων.
2764 2503 3032 2559 Ἐνταῦθα
3072 2504 3170 2573 μὲν
3197 2503 3305 2575 γὰρ
3338 2505 3559 2559 δυνατόν
3580 2520 3594 2535 ⁸
3627 2506 3720 2558 ἐπὶ
3756 2504 3814 2557 δὲ

2228 2598 2329 2667 τῆς
2360 2596 2559 2667 ἀρετῆς
2585 2595 2686 2647 οῦκ
2707 2593 2788 2647 ἔνι
2816 2594 2889 2665 μὴ
2922 2592 3415 2663 μετασαλευθῆναι,
3445 2595 3548 2647 κᾶν
3573 2595 3771 2665 μικρόν
3798 2611 3812 2625 ο

2230 2683 2403 2746 οὕτως
2438 2682 2539 2735 οὐκ
2572 2680 2721 2733 ἔστιν
2742 2679 3003 2749 ἐπαχθές.
3048 2679 3192 2734 Ἀπὸ
3224 2679 3331 2748 τῆς
3360 2682 3627 2747 ἐλπίδος,
3657 2681 3814 2751 φησὶ,

2238 2769 2343 2824 τοῦ
2370 2769 2737 2838 Εὑαγγελίου
2757 2809 2771 2833 ,
2802 2763 2874 2823 οὗ
2903 2768 3237 2834 ἠκούσατε,
3271 2766 3377 2821 τοῦ
3407 2770 3814 2837 κηρυχθέντος

2232 2859 2302 2912 ἐν
2333 2857 2499 2927 πάσῃ
2532 2858 2725 2910 κτίσει
2748 2855 2823 2924 td
2856 2856 2973 2911 ὑπὸ
3005 2855 3113 2909 τὸν
3143 2858 3421 2924 οὐρανόν.
3457 2858 3551 2922 Τίς
3579 2858 3635 2911 δέ
3666 2861 3815 2912 ἐστιν

2235 2947 2268 3016 ἡ
2299 2945 2450 3007 ἐλπὶς
2471 2943 2565 2996 τοῦ
2596 2942 2746 3015 [352]
2772 2943 3127 3011 Εὐαγγελίου,
3157 2943 3273 2997 ἀλλ’
3305 2943 3337 3014 ἢ
3364 2946 3392 2997 6
3420 2944 3652 3015 Χριστὸς
3672 2962 3687 3010 ;
3707 2936 3834 2997 Αὺ-’

2235 3031 2325 3094 τὸς
2364 3033 2472 3101 γάρ
2506 3032 2653 3082 ἐστιν
2692 3031 2724 3100 η
2767 3030 2959 3099 εἰρήνη
3000 3030 3187 3101 ἡμῶν,
3223 3030 3317 3083 καὶ
3352 3031 3528 3084 πάντα
3571 3030 3743 3086 ταῦτα
3788 3032 3818 3086 6

2237 3119 2631 3191 ἐργασάμενος.
2672 3117 2836 3169 Ὥστε
2870 3120 2897 3170 6
2921 3119 3127 3188 ἑτέροις
3154 3118 3496 3189 ἐπιγράφων,
3534 3121 3793 3191 μετακεκί

2239 3222 2429 3277 νηται·
2466 3206 2642 3259 πάντα
2683 3204 2793 3276 γὰρ
2843 3204 3145 3271 ἀπώλεσεν,
3188 3206 3281 3259 ἐάν
3324 3209 3399 3278 μὴ
3444 3209 3524 3271 εἰς
3552 3207 3640 3260 τὸν
3679 3209 3819 3278 Χρι-

2246 3294 2370 3346 στὸν
2400 3290 2650 3363 πιστεύῃ.
2681 3290 3035 3357 Ἠκούσατε,
3067 3293 3221 3363 φησί.
3251 3294 3418 3346 Πάλιν
3446 3294 3640 3357 αὐτοὺς
3662 3295 3821 3365 φέρει

2249 3382 2567 3454 μάρτυρας,
2599 3375 2717 3433 εἶτα
2746 3378 2845 3451 τὴν
2875 3381 3204 3451 οἰκουμένην
3238 3381 3477 3436 ἃπασαν.
3520 3381 3596 3434 Οὐ
3635 3381 3818 3450 λέγει,

2243 3470 2336 3523 τοῦ
2376 3469 2780 3540 κηρυττομένου
2804 3507 2818 3533 ,
2861 3468 2996 3534 ἀλλ’,
3033 3468 3133 3540 ἤδη
3174 3470 3553 3533 πιστευθέντος
3580 3469 3674 3522 καὶ
3707 3473 3824 3537 Κη-

2238 3559 2572 3628 ρυχθὲντος
2591 3575 2605 3589 ·
2634 3559 2771 3630 ὅπερ
2808 3559 2902 3612 καὶ
2932 3558 3232 3629 ἀρχόμενος
3266 3558 3541 3629 ἐποίησεν,
3583 3559 3690 3612 ἀπὸ
3720 3558 3823 3628 τῆς

2244 3646 2353 3699 τῶν
2384 3645 2593 3699 πολλῶν
2622 3645 2925 3717 μαρτυρίας
2960 3645 3052 3697 καὶ
3077 3645 3301 3709 τούτους
3327 3648 3522 3717 στῆσαι
3559 3644 3826 3716 βουλόμε-

2246 3751 2352 3796 νος.
2386 3730 2469 3789 Οὗ
2496 3734 2789 3803 ἐγενόμην
2813 3731 2928 3802 ἐγὼ
2952 3731 3193 3798 Παῦλος
3211 3731 3508 3799 διάκονος.
3538 3734 3647 3786 Kal
3667 3733 3827 3786 τοῦτο

2248 3822 2328 3884 είς
2371 3821 2433 3873 τὸ
2478 3819 2789 3884 ἀξιόπιστον
2836 3819 3097 3872 συντελεῖ.
3144 3819 3319 3888 Ἐγὼ,
3368 3820 3535 3889 φησὶ,
3582 3818 3826 3885 Παῦλος

2247 3908 2548 3973 διάκονος.
2603 3907 2762 3974 Μέγα
2814 3905 2923 3977 γὰρ
2972 3905 3138 3960 αὐτοῦ
3186 3901 3253 3975 ἦν
3291 3906 3352 3961 τὸ
3391 3906 3605 3977 ἀξίωμα
3637 3907 3825 3961 λοιπὸν

2250 3995 2529 4065 πανταχοῦ
2571 3994 2855 4065 ᾀδομένου,
2891 3993 3108 4056 καὶτῆς
3145 3993 3468 4065 οἰκουμένης
3504 3995 3656 4060 δντος
3677 3996 3824 4049 διδα-

2252 4082 2473 4137 σκάλου.
2516 4082 2646 4136 Νῦν
2683 4081 2866 4151 χαίρω
2908 4081 2979 4134 ἐν
3010 4080 3133 4146 τοῖς
3169 4080 3480 4150 παθήμασί
3522 4101 3641 4151 μου
3675 4083 3827 4153 ὑπὲρ

2250 4168 2437 4238 ὑμῶν,
2473 4169 2572 4222 καί
2594 4166 3032 4236 ἀνταναπληρῶ
3058 4166 3130 4220 τὰ
3152 4167 3532 4236 ὑστερήματα
3558 4169 3673 4222 τῶν
3700 4171 3827 4225 θλί-

2249 4261 2416 4327 ψεων
2446 4257 2554 4313 τοῦ
2578 4258 2836 4325 Χριστοῦ
2858 4258 2929 4309 ἐν
2956 4256 3029 4325 τῇ
3050 4257 3231 4324 σαρκί
3247 4274 3368 4326 μου
3399 4258 3551 4327 ὑπὲρ
3574 4259 3680 4314 τοῦ
3705 4258 3826 4314 σώ-

2245 4362 2436 4413 ματος
2465 4343 2653 4398 αὑτοῦ
2673 4384 2688 4409 ,
2729 4343 2763 4397 ὅ
2792 4344 2965 4397 ἐστιν
2996 4345 3035 4413 ἠ
3081 4344 3425 4411 Ἐκκλησία.

2306 4448 2371 4518 β’.
2394 4450 2502 4501 Καὶ
2519 4448 2648 4501 ποία
2666 4447 2803 4518 αὕτη
2820 4446 3136 4513 ἀκολουθία;
3158 4449 3315 4501 Δοκεῖ
3335 4449 3435 4518 μὲν
3454 4450 3824 4522 ἀπηρτῆσθαι,

2254 4537 2454 4607 πολλὴν
2484 4537 2540 4590 δὲ
2574 4537 2687 4607 ἔχει
2713 4538 2810 4605 τὴν
2844 4536 3185 4591 ἀκολουθίαν.
3219 4538 3348 4604 Kal,
3380 4539 3686 4606 Διὰκονος,
3720 4556 3827 4610 φη-

2251 4628 2335 4681 σίν
2351 4643 2363 4655 ·
2389 4626 2509 4679 ἀντὶ
2527 4624 2644 4689 τοῦ,
2676 4627 2826 4679 οὐδὲν
2852 4626 2981 4696 παρ’
3015 4625 3254 4694 ἐμαυτοῦ
3278 4626 3570 4699 εἰσφέρων,
3597 4614 3733 4682 ἀλλὰ
3755 4629 3827 4682 τὰ

2249 4713 2436 4784 ἐτέρου
2455 4713 2863 4782 καταγγέλλων.
2883 4712 3038 4767 Οὕτω
3058 4715 3117 4768 δὲ
3139 4713 3398 4781 πιστεύω,
3419 4718 3503 4769 ὅτι
3520 4717 3617 4770 καὶ
3633 4717 3828 4787 πάσχω

2250 4803 2389 4875 ὑπὲρ
2418 4802 2616 4858 αὑτοῦ·
2655 4806 2748 4858 καὶ
2795 4806 2857 4857 ού
2905 4804 3098 4875 πάσχω
3140 4805 3321 4875 μόνον,
3355 4805 3491 4860 ἀλλά
3523 4807 3618 4860 καὶ
3657 4806 3833 4877 χαίρω

2251 4891 2508 4962 πάσχων,
2546 4889 2682 4962 πρὸς
2720 4890 2819 4961 τὴν
2862 4891 3055 4945 ἐλπίδα
3092 4892 3191 4961 τὴν
3226 4890 3526 4961 μέλλουσαν
3570 4892 3826 4965 ἀφορῶνυ

2252 4981 2349 5035 καὶ
2382 4983 2576 5051 πάσχω
2607 4980 2705 5049 οὐχ
2729 4980 2869 5050 ὑπὲρ
2897 4979 3157 5051 ἐμαυτοῦ,
3191 4980 3306 5034 ἀλλ’
3342 4980 3480 5051 ὑπὲρ
3506 4982 3678 5051 ὑμῶν.
3723 4981 3832 5036 Καὶ

2251 5067 2710 5137 ἀνταναπληρῶ,
2734 5067 2889 5137 φησὶ,
2918 5067 2990 5121 τὰ
3018 5068 3400 5137 ὑστερήματα
3425 5066 3542 5122 τῶν
3567 5069 3833 5138 θλίψεων

2252 5156 2361 5210 τοῦ
2378 5155 2637 5222 Χριστοῦ
2664 5154 2821 5223 ἐντῇ
2846 5155 3031 5222 σαρκί
3046 5173 3187 5223 μου.
3216 5156 3377 5209 Δοκεῖ
3399 5156 3498 5226 μὲν
3520 5157 3664 5225 μέγα
3692 5152 3833 5210 εἶναι

2253 5247 2389 5317 ὅπερ
2425 5243 2756 5312 ἐφθέγξατο,
2812 5243 2931 5296 ἀλλ’
2964 5244 3064 5296 οὐκ
3104 5243 3252 5298 ἐστιν
3298 5244 3590 5313 ἀπονοίας,
3628 5246 3701 5316 μὴ
3744 5246 3837 5314 γέ-

2253 5349 2425 5396 νοιτο,
2474 5329 2610 5383 ἁλλά
2643 5330 2737 5382 καὶ
2779 5328 2980 5398 πολλῆς
3026 5329 3406 5402 φιλοστοργίας
3446 5331 3545 5402 τῆς
3580 5333 3707 5403 περὶ
3745 5332 3836 5385 τὸν

2255 5418 2487 5489 Χριστὸν
2513 5431 2526 5447 ·
2566 5417 2627 5469 οὐ
2664 5415 2772 5487 γὰρ
2804 5414 3051 5484 βούλεται
3081 5417 3246 5470 αὐτοῦ
3284 5414 3445 5481 εἶναι,
3479 5418 3594 5473 ἀλλ’
3625 5420 3835 5472 ἐκείνου

2255 5505 2325 5559 τὰ
2346 5505 2513 5572 πάθη.
2548 5503 2704 5557 Οῦτω
2728 5504 2783 5555 δέ
2810 5499 2950 5569 εἷπε,
2981 5504 3201 5569 τούτους
3232 5506 3509 5560 οἰκειῶσαι
3539 5507 3687 5579 αὐτῷ
3712 5506 3838 5577 βουο

2256 5594 2502 5664 λόμενος.
2549 5592 2660 5645 Kal
2682 5591 2716 5644 ἃ
2746 5590 2857 5659 ἐγὼ
2896 5592 3108 5663 πάσχω,
3141 5592 3209 5646 δι’
3247 5594 3456 5650 ἐκεῖνον
3486 5595 3699 5665 πάσχω.
3731 5612 3839 5665 φη-

2261 5682 2342 5733 σίν
2367 5698 2380 5712 ·
2413 5679 2552 5733 ὥστε
2592 5680 2666 5747 μὴ
2700 5680 2822 5747 ἐμοὶ
2873 5680 3033 5749 χάριν
3076 5680 3388 5750 ὁμολογεῖτε
3410 5723 3425 5746 ,
3465 5682 3580 5736 ἀλλ’
3604 5683 3833 5753 ὲκείνῳυ

2260 5767 2421 5828 αὐτὸς
2447 5765 2555 5837 γὰρ
2586 5767 2780 5836 πάσχει
2809 5767 2999 5823 ταῦτα.
3034 5768 3246 5838 Ὥσπερ
3285 5769 3351 5823 ἂν
3373 5769 3534 5835 εἴτις
3559 5770 3841 5842 πεμφθεὶς
