4184 6490
327 329 438 393 5-18

1263 324 1328 381 l.\'
1373 323 1586 380 EPIST.
1628 321 1718 378 an
1756 320 2036 378 coLoss.
2075 321 2228 380 CAP.
2273 325 2312 380 ι.
2351 323 2580 382 nouit.
2619 323 2707 379 Iv.
3355 307 3359 310 ’
3537 327 3646 387 sse

1737 558 2086 622 HOMILIA
2131 560 2238 620 IV.

324 704 458 759 (Iw.
501 705 549 756 1.
599 720 649 755 v.
688 701 779 756 ‘ZI.
814 701 883 756 Et
925 718 1010 757 vos
1041 720 1154 756 cum
1192 704 1362 758 essetis
1404 702 1682 772 aliquando
1718 704 1927 758 alienati

399 805 447 848 et
484 793 679 847 inimici
719 811 872 848 sensu
901 795 953 847 in
991 794 1226 862 operibus
1263 793 1434 858 malis,
1479 796 1570 849 2‘2.
1604 811 1738 848 nunc
1763 805 1932 849 autem

399 887 746 941 reconciliavit
776 887 828 940 in
855 903 1067 958 corpore
1092 888 1261 942 carnis
1281 887 1389 955 ejus
1412 903 1501 956 per
1526 897 1756 952 mortem,
1783 888 1932 941 exhi-

398 979 512 1033 bere
543 995 627 1031 vos
662 992 866 1031 sanctos
908 988 954 1031 et
995 978 1348 1032 imntaculatos
1391 989 1438 1032 et
1468 977 1932 1048 irrepreltensibiles

397 1090 570 1126 rerum
593 1074 728 1142 ipso.

402 1169 453 1220 l.
505 1166 602 1221 llic
649 1165 906 1234 deinceps
949 1163 1208 1231 ostendit,
1238 1163 1379 1234 quod
1404 1164 1567 1220 etiam
1599 1179 1720 1219 cum
1748 1175 1931 1219 essent

325 1259 529 1329 indigni
555 1257 1018 1322 reconciliatione,
1044 1271 1139 1312 eos
1157 1257 1548 1312 reconciliavit.
1571 1257 1762 1313 Dicere
1783 1259 1928 1312 enim

319 1350 466 1420 quod
512 1358 698 1404 essent
740 1350 840 1403 sub
868 1357 1133 1419 potestate
1163 1347 1530 1416 tenebrarum,
1565 1349 1801 1403 ostendit
1837 1364 1928 1401 ca-

320 1442 617 1497 lamitatem
662 1442 714 1495 in
757 1458 860 1512 qua
891 1451 1064 1497 erant.
1094 1441 1200 1497 Sed
1233 1456 1321 1507 ne,
1350 1455 1474 1495 cum
1507 1441 1741 1496 audieris
1774 1451 1927 1510 pote-

317 1545 516 1589 statem
571 1533 915 1588 tenebrarum
947 1575 961 1597 ,
1017 1533 1294 1588 existimes
1343 1548 1465 1588 esse
1514 1534 1925 1596 necessitatem,

317 1627 603 1694 subjunxit
639 1645 652 1681 :
690 1624 752 1678 Et
798 1642 882 1678 vos
921 1642 1035 1678 cum
1077 1628 1248 1680 essetis
1284 1625 1516 1679 alienati.
1567 1626 1925 1692 Quamobrem

319 1716 533 1771 videtur
559 1716 776 1786 quidem
822 1716 962 1770 idem
1003 1715 1206 1780 dicere,
1250 1730 1356 1770 non
1398 1724 1482 1771 est
1524 1725 1704 1770 autem
1739 1715 1877 1771 idem
1912 1737 1924 1772 :

320 1822 429 1861 non
459 1817 582 1863 sunt
629 1808 773 1862 enim
809 1806 978 1876 paria,
1025 1823 1146 1861 eum
1198 1807 1288 1877 qui
1333 1821 1398 1860 ex
1441 1808 1762 1862 necessitate
1805 1823 1928 1878 per-

318 1913 514 1969 pessus
538 1906 640 1962 est,
672 1907 727 1952 et
756 1913 876 1951 eum
906 1897 995 1967 qui
1028 1912 1123 1950 sua
1154 1905 1346 1966 sponte
1390 1904 1445 1951 et
1487 1896 1672 1951 volens
1698 1907 1782 1950 est
1806 1911 1925 1966 pas-

319 2005 416 2045 sus
443 2030 456 2052 ,
496 2005 524 2042 a
570 1991 725 2046 malis
768 1990 1045 2044 liberasse.
1077 1989 1208 2043 Nam
1255 1989 1344 2043 ille
1376 1989 1589 2059 quidem
1617 1990 1809 2060 dignus
1844 2001 1925 2046 est

326 2081 734 2147 misericordia;
769 2081 856 2135 hic
883 2091 1062 2134 autem
1109 2081 1300 2151 dignus
1332 2091 1421 2135 cst
1450 2083 1537 2150 qui
1569 2082 1695 2136 odio
1723 2081 1924 2136 habea-

322 2182 432 2228 tur.
464 2173 567 2228 Sed
604 2184 779 2228 tamen
809 2188 927 2237 vos,
968 2175 1159 2244 inquit,
1208 2190 1314 2229 non
1349 2176 1568 2240 imitus,
1603 2191 1702 2230 nec
1734 2191 1924 2231 neces-

317 2268 478 2321 sitate
508 2267 840 2338 compulsos,
874 2267 970 2321 sed
1013 2268 1259 2322 labentes
1288 2279 1343 2325 et
1378 2269 1677 2324 voluntarie
1714 2270 1783 2325 ab
1810 2271 1926 2340 ipso

316 2362 644 2428 resilientes,
664 2376 786 2416 cum
811 2362 1002 2417 essetis
1026 2361 1250 2432 ittdigui,
1280 2361 1548 2417 liberavit.
1579 2361 1644 2416 Et
1669 2364 1923 2433 quoniam

317 2455 566 2508 meminit
594 2470 784 2510 eorum
824 2470 944 2525 qua:
975 2464 1099 2509 sunt
1143 2455 1194 2510 in
1235 2455 1412 2522 cmlis,
1462 2455 1696 2510 ostendit
1737 2471 1925 2512 omnes

317 2547 630 2602 inimicitias
661 2547 808 2612 hinc,
838 2563 944 2600 non
974 2547 1121 2601 illinc
1154 2546 1380 2601 duxisse
1414 2547 1644 2601 initium.
1675 2547 1808 2602 Nam
1849 2548 1922 2602 illi

313 2638 422 2709 jam
456 2640 584 2694 olim
614 2640 888 2706 volebant,
913 2651 968 2696 et
997 2640 1137 2696 Deus
1166 2641 1332 2695 voluit
1357 2659 1372 2704 ;
1407 2657 1501 2694 vos
1533 2651 1711 2696 autem
1744 2641 1924 2695 nolui-

315 2732 436 2786 stis.
475 2733 539 2786 lit
565 2732 790 2786 omnino
815 2732 1054 2787 ostendit
1085 2732 1220 2801 fore,
1257 2743 1312 2787 ut
1340 2734 1390 2786 in
1424 2733 1765 2788 inferioribus
1790 2743 1925 2789 tem-

316 2825 540 2894 poribus
587 2825 716 2879 nihil
754 2835 975 2894 possent
1004 2826 1200 2897 angeli,
1245 2826 1288 2880 si
1323 2825 1648 2881 mansissent
1679 2826 1920 2892 inimici;

315 2925 371 2970 et
401 2933 577 2988 neque
624 2927 846 2989 possent
878 2920 1224 2990 persuadere,
1259 2934 1433 2990 neque
1463 2934 1750 2989 persuasos
1785 2919 1922 2974 libe-

318 3023 440 3063 rare
461 3023 490 3062 a
518 3008 760 3066 diabolo.
803 3010 989 3082 Neque
1016 3011 1162 3066 enim
1205 3012 1539 3082 persuasisse
1568 3011 1771 3082 aliquid
1799 3027 1925 3082 pro-

317 3103 530 3172 fuisset,
579 3105 624 3160 si
667 3107 757 3177 qui
799 3106 1076 3161 detinebat
1107 3121 1213 3160 non
1266 3104 1707 3175 luissetligatus;
1750 3120 1925 3175 neque

317 3211 444 3250 esse
473 3195 694 3264 ligatum
735 3196 936 3266 aliquid
972 3195 1264 3266 profuisset
1286 3237 1299 3260 ,
1353 3197 1396 3252 si
1429 3197 1518 3266 qui
1547 3195 1922 3252 detinebantur

318 3289 533 3344 nollent
563 3290 762 3345 redire.
792 3289 901 3345 Sed
930 3298 1217 3360 utrumque
1246 3287 1556 3358 oportebat,
1591 3303 1819 3359 quorum
1845 3287 1923 3342 illi

314 3381 536 3451 quidem
568 3380 724 3444 nihil,
754 3380 1004 3436 Christus
1039 3393 1217 3436 autem
1249 3379 1370 3434 fecit
1403 3389 1709 3449 utrumque.
1742 3379 1925 3448 Itaque

317 3472 619 3528 mirabilius
652 3481 768 3528 erat
815 3473 1176 3542 persuadere,
1221 3486 1382 3541 quant
1427 3479 1654 3524 mortem
1688 3469 1922 3525 solvere.

317 3565 453 3622 Nam
485 3566 612 3620 illud
652 3565 867 3636 quidem
919 3574 1089 3619 totum
1148 3575 1266 3619 erat
1316 3565 1367 3618 in
1415 3563 1529 3634 ejus
1571 3563 1738 3617 solius
1769 3559 1922 3633 pote-

317 3667 488 3722 state;
524 3657 626 3713 hoc
652 3667 831 3712 autem
879 3673 986 3712 non
1035 3658 1088 3712 in
1128 3657 1246 3726 ejus
1287 3656 1452 3711 solius
1499 3664 1787 3725 potestate,
1828 3653 1923 3708 sed

319 3751 484 3804 etiam
512 3758 630 3804 erat
658 3751 709 3804 in
742 3758 924 3804 nostra
959 3767 972 3802 :
1005 3748 1214 3804 facilius
1239 3759 1418 3804 autem
1438 3747 1700 3803 cllicimus
1718 3763 1778 3801 ea
1803 3760 1926 3816 qua:

319 3851 450 3898 Sttltl
480 3843 532 3897 in
577 3851 765 3898 nostra
813 3852 1101 3913 potestate.
1149 3842 1287 3913 Ergo
1334 3851 1604 3912 tamquam
1649 3840 1839 3911 majus,
1874 3838 1925 3895 id

323 3937 474 4007 ponit
503 3938 794 4007 posterius.
860 3936 1042 4006 Neque
1083 3935 1258 3990 solum
1287 3936 1436 4000 dixit,
1466 3934 1592 3991 Cum
1627 3935 1822 3988 inimici
1845 3951 1926 3988 es-

321 4029 459 4091 setis,
491 4027 584 4081 sed
612 4026 799 4093 etiam,
834 4026 1056 4080 Alienati
1081 4042 1098 4080 :
1127 4025 1269 4095 quod
1304 4041 1552 4096 magnam
1583 4023 1802 4094 praalert
1827 4024 1928 4078 ini-

321 4117 622 4172 tuicitiam:
659 4132 834 4186 neque
876 4118 1050 4170 solum
1091 4116 1341 4182 alienati,
1387 4115 1479 4170 sed
1518 4130 1692 4184 neque
1727 4129 1929 4183 exspe-

319 4217 537 4264 ctantes
567 4209 784 4263 reverti.
821 4207 891 4262 Et
924 4208 1173 4262 inimicos
1203 4207 1332 4261 dicit
1371 4223 1532 4261 sensu
1577 4223 1670 4260 seu
1708 4207 1924 4272 animo;

322 4302 452 4356 hinc
479 4301 762 4356 declarans
789 4317 976 4356 eorum
1013 4300 1392 4354 alienationem
1428 4316 1531 4352 non
1567 4300 1618 4353 in
1652 4300 1928 4370 proposito

323 4401 534 4447 tantum
561 4393 805 4457 stetisse;
849 4392 942 4447 sed
971 4391 1142 4462 quid?
1184 4390 1250 4444 Et
1291 4392 1344 4444 in
1387 4391 1623 4460 aperibus
1662 4391 1831 4445 malis.
1865 4392 1925 4446 Et

325 4485 554 4550 inimici,
602 4486 795 4555 inquit,
823 4487 1019 4550 cratis;
1062 4495 1115 4540 et
1153 4485 1393 4555 agebatis
1424 4501 1543 4554 qua:
1583 4493 1711 4538 sunt
1754 4485 1929 4539 inimi-

323 4595 535 4632 eorum.
566 4577 719 4630 Nunc
747 4587 913 4631 autem
945 4577 1286 4631 reconciliavit
1310 4581 1360 4632 in
1388 4594 1600 4648 corpore
1622 4578 1792 4632 carnis
1822 4579 1932 4649 ejus

325 4689 418 4740 per
458 4681 700 4734 mortem,
747 4669 982 4724 exhibere
1030 4687 1115 4724 ves
1157 4680 1357 4725 sanctos
1394 4681 1440 4723 et
1487 4671 1841 4725 innnacululos
1885 4683 1931 4726 et

327 4761 794 4830 trrepreltensibiles
830 4762 1153 4831 coramipso.
1201 4761 1293 4815 llic
1318 4762 1466 4831 ponit
1511 4762 1672 4816 etiam
1713 4763 1930 4818 modunt

329 4854 789 4909 reconciliationis
821 4869 837 4910 :
867 4853 1008 4926 quod
1060 4854 1111 4907 in
1161 4868 1390 4924 corpore
1440 4869 1545 4908 non
1593 4855 1768 4908 solum
1810 4872 1933 4924 per-

327 4962 543 5013 cussus,
576 4945 881 5017 ﬂagellatus
906 4957 961 5001 et
989 4948 1260 5010 venditus,
1288 4946 1382 5000 sed
1435 4947 1597 5001 etiam
1627 4948 1930 5016 turpissima

330 5048 508 5093 morte
537 5049 777 5093 mortuus
804 5039 894 5094 sit.
927 5038 1131 5093 Rursus
1154 5038 1402 5092 meminit
1429 5039 1633 5103 crucis;
1663 5047 1717 5092 et
1749 5055 1935 5094 rursus

330 5131 478 5185 aliud
510 5132 659 5201 ponit
707 5133 1050 5187 beneﬁcium.
1105 5132 1220 5186 Non
1270 5132 1440 5185 solum
1474 5131 1616 5185 enim
1668 5131 1930 5196 liberavit,

333 5223 432 5278 sed
477 5223 638 5276 etiam
669 5222 812 5293 quod
853 5223 1102 5293 superius
1146 5222 1297 5288 dicit,
1336 5222 1431 5287 Qui
1461 5237 1553 5274 nos
1582 5223 1699 5292 fecit
1728 5222 1936 5276 idoneos

334 5325 383 5368 et
405 5315 725 5386 suﬁicientes,
757 5315 843 5371 hic
865 5331 1080 5387 quoque
1107 5316 1264 5371 tacite
1285 5313 1569 5384 signiﬁcat.
1597 5311 1700 5366 Per
1726 5326 1937 5370 mortem

335 5411 470 5479 ejus,
501 5409 692 5478 inquit,
723 5408 956 5463 exhibere
989 5426 1072 5465 vos
1097 5419 1298 5464 sanctas
1331 5418 1376 5462 et
1404 5406 1757 5461 immaculatos
1789 5421 1833 5462 et
1861 5410 1937 5462 ir-

338 5499 756 5570 repreltensibiles
784 5517 954 5552 coram
986 5501 1118 5569 ipso.
1162 5500 1276 5554 Non
1306 5499 1480 5554 solum
1517 5499 1660 5553 enim
1695 5499 1940 5556 liberavit

340 5609 370 5646 a
401 5594 657 5662 peccatis,
689 5590 784 5646 sed
816 5592 974 5645 etiam
1023 5592 1074 5646 in
1109 5593 1398 5662 proborum
1430 5607 1494 5646 ac
1539 5591 1801 5645 bonorum
1835 5606 1940 5645 nu-

346 5703 554 5740 merum
587 5684 791 5740 retulit.
833 5683 951 5738 Non
993 5685 1134 5738 enim
1160 5695 1303 5739 tanta
1332 5699 1520 5755 passus
1559 5693 1641 5739 est
1677 5684 1849 5738 solum
1884 5694 1943 5739 ut

351 5793 449 5832 nos
477 5778 736 5832 liberaret
775 5789 803 5826 a
856 5774 1032 5838 malis,
1080 5774 1174 5829 sed
1218 5776 1378 5830 etiam
1426 5785 1482 5829 ιιι
1517 5777 1715 5846 primas
1759 5785 1944 5848 partes

348 5885 764 5942 assequeremur
796 5887 807 5921 :
844 5877 898 5920 ut
955 5865 997 5918 si
1026 5864 1144 5933 quis
1173 5879 1322 5917 reum
1355 5880 1457 5922 nou
1486 5867 1658 5925 solum
1688 5871 1944 5926 liberaret

679 5984 952 6044 PATnOL.
997 5981 1114 6042 Gtt.
1172 5976 1356 6042 LXII.

2042 719 2070 757 a
2100 706 2386 776 supplicio,
2418 707 2510 763 sed
2539 707 2700 765 etiam
2729 709 2793 765 ad
2828 711 3087 769 honorem
3139 714 3416 776 eveheret.
3456 718 3632 776 Etru-

2042 797 2161 851 tulit
2185 798 2235 851 in
2266 815 2569 868 numerum,
2600 817 2708 856 non
2746 804 2918 858 solum
2950 821 3136 861 eorum
3164 810 3253 879 qui
3284 810 3416 866 nihil
3446 827 3642 883 pecca-

2039 899 2185 954 runt,
2210 889 2304 943 sed
2331 889 2492 944 etiam
2520 907 2707 946 eorum
2736 895 2824 962 qui
2861 910 2949 950 res
2974 907 3260 966 gesserunt
3290 902 3552 957 maximas
3575 913 3633 959 et

2040 978 2486 1047 prmclarissimas
2517 999 2529 1034 :
2559 991 2613 1036 et
2657 984 2799 1052 quod
2839 986 3010 1054 majus
3041 999 3144 1054 est,
3177 990 3326 1045 dedit
3372 995 3633 1049 sanctita-

2040 1076 2146 1122 tem
2172 1085 2292 1138 quze
2321 1080 2405 1125 est
2430 1086 2611 1127 coram
2645 1073 2782 1143 ipso.
2812 1075 2944 1130 Illud
2987 1088 3190 1146 autem,
3241 1081 3637 1152 irreprehensi-

2038 1158 2224 1225 bilem,
2253 1161 2428 1230 majus
2468 1171 2570 1230 est,
2618 1180 2780 1234 quam
2823 1166 3199 1238 inculpatum:
3243 1171 3633 1243 irreprehensi-

2037 1250 2170 1305 biles
2198 1252 2340 1306 enim
2379 1252 2640 1320 dicimur,
2682 1257 2897 1327 quando
2941 1275 3042 1315 nec
3082 1261 3503 1330 reprehensione
3535 1282 3637 1323 nec

2035 1345 2413 1401 criminatione
2439 1347 2662 1418 dignum
2702 1350 2828 1421 quid
2858 1352 3102 1408 fecimus.
3131 1354 3234 1411 Sed
3259 1359 3512 1427 quoniam
3548 1370 3636 1414 to-

2035 1445 2146 1492 tum
2175 1438 2223 1492 ei
2249 1439 2512 1507 attribuit,
2547 1440 2753 1509 dicens,
2784 1444 2924 1514 quod
2959 1463 3056 1517 per
3095 1457 3327 1505 mortem
3360 1452 3476 1507 haec
3511 1469 3636 1524 ges-

2034 1531 2188 1598 serit,
2217 1547 2283 1586 ne
2306 1532 2427 1602 quis
2454 1534 2617 1598 dicat,
2651 1535 2802 1591 Nulla
2831 1551 2960 1608 ergo
2989 1554 3048 1593 re
3073 1555 3316 1610 egemus,
3347 1553 3634 1614 propterea

2032 1620 2309 1691 subjunin
2339 1641 2352 1676 :
2386 1621 2476 1680 25.
2509 1623 2568 1679 Si
2598 1634 2765 1681 tamen
2797 1631 3103 1698 permanetis
3128 1632 3180 1684 in
3211 1633 3312 1700 fide
3338 1633 3560 1703 fundati,
3589 1647 3636 1690 et

2031 1715 2255 1782 stabiles,
2281 1727 2326 1772 et
2356 1719 2636 1774 immobiles
2653 1739 2684 1774 a
2706 1739 2795 1791 spe
2814 1726 3083 1794 evangelii.
3108 1726 3304 1782 Eorum
3327 1729 3630 1784 socordiam

2032 1804 2118 1861 hic
2150 1809 2501 1880 perstringit:
2532 1820 2588 1867 et
2614 1827 2720 1867 non
2753 1815 2928 1869 solum
2957 1816 3113 1884 dixit,
3150 1816 3509 1875 Permanetis:
3538 1836 3633 1891 po-

2033 1905 2138 1952 test
2187 1901 2330 1954 enim
2379 1915 2496 1957 esse
2535 1911 2593 1957 ut
2629 1915 2943 1974 permaneat
2995 1907 3183 1964 labans
3214 1918 3269 1964 et
3311 1892 3630 1968 seditionem

2029 1987 2280 2058 agitans;
2312 2000 2489 2062 potest
2518 1995 2679 2049 etiam
2703 2012 2824 2052 esse
2857 2007 2912 2053 ut
2942 2010 3048 2054 stet
3076 2009 3368 2058 etmaneat
3399 2003 3631 2060 circum-

2028 2089 2224 2136 actus:
2261 2083 2323 2138 Si
2353 2093 2519 2140 tamen
2567 2091 2893 2157 permanetis,
2938 2091 3127 2162 inquit,
3183 2094 3386 2164 fundati
3433 2105 3480 2150 et
3521 2104 3631 2151 sta-

2031 2171 2175 2239 biles,
2206 2184 2251 2228 et
2275 2176 2573 2232 immobiles.
2605 2177 2792 2250 Papae!
2827 2190 3024 2250 quanta
3049 2198 3177 2238 usus
3205 2194 3290 2239 est
3315 2185 3630 2257 metaphora

2028 2280 2092 2319 ac
2123 2268 2506 2326 translatione!
2549 2272 2664 2326 Non
2711 2274 2909 2342 solum,
2958 2275 3170 2347 inquit,
3213 2291 3320 2334 non
3363 2279 3629 2344 labantes.

2029 2357 2124 2411 sed
2154 2373 2222 2413 ne
2246 2361 2373 2415 moti
2403 2361 2802 2438 quidemaV'ide
2826 2376 3044 2434 autem;
3079 2367 3210 2423 nihil
3238 2369 3452 2426 interim
3484 2373 3633 2442 ponit

2029 2463 2194 2517 grave
2225 2467 2323 2505 nec
2351 2452 2702 2520 laboriosum,
2749 2455 2843 2511 sed
2877 2457 3033 2512 fidem
3065 2467 3120 2513 et
3155 2475 3329 2525 spem.
3373 2461 3487 2518 Hoc
3523 2473 3627 2528 est.

2028 2537 2084 2592 Si
2135 2543 2397 2596 maneatis
2435 2543 2722 2600 credentes
2776 2546 2919 2616 quod
2961 2563 3089 2603 vera
3120 2549 3190 2604 sit
3235 2566 3360 2620 spes
3407 2551 3630 2608 futuro-

2029 2647 2169 2688 rum.
2202 2633 2332 2689 Nam
2363 2635 2449 2691 hic
2478 2637 2694 2708 quidem
2725 2647 2902 2709 potest
2943 2640 3087 2706 lieri;
3122 2642 3174 2696 in
3217 2644 3414 2700 virtute
3449 2654 3628 2702 autem

2031 2741 2136 2781 non
2162 2727 2285 2783 licet
2319 2746 2385 2785 ne
2423 2731 2508 2786 vel
2537 2747 2723 2801 parum
2757 2732 2969 2803 quidem
2998 2738 3323 2792 commoveri
3355 2755 3367 2790 :
3402 2739 3473 2793 ita
3519 2755 3625 2794 non

2031 2829 2112 2874 est
2146 2837 2325 2890 grave.
2355 2822 2397 2875 Α
2424 2839 2532 2894 spe,
2564 2823 2755 2893 inquit,
2778 2827 3044 2896 evangelii,
3067 2828 3202 2892 quod
3227 2827 3459 2894 audistis,
3491 2831 3628 2898 quod

2030 2911 2366 2981 pradicatum
2394 2925 2468 2970 est
2495 2917 2546 2969 in
2573 2920 2808 2970 universa
2833 2931 3066 2973 creatura
3108 2937 3222 2991 qua:
3251 2922 3341 2976 sub
3380 2921 3504 2977 mlo
3532 2934 3628 2977 est.

2029 3003 2286 3071 Qumnam
2319 3016 2401 3062 est
2428 3015 2610 3062 autent
2639 3009 2742 3063 alia
2791 3024 2916 3080 spes
2955 3013 3243 3082 evangelii,
3275 3029 3435 3084 quam
3476 3015 3627 3071 Chri-

2029 3096 2189 3150 stus?
2219 3096 2332 3166 ipse
2359 3099 2503 3153 enim
2535 3107 2618 3154 est
2657 3114 2784 3169 spes
2824 3111 3031 3169 nostra,
3079 3113 3133 3158 et
3163 3105 3252 3174 qui
3296 3104 3410 3160 haec
3450 3110 3630 3162 omnia

2030 3196 2115 3243 est
2141 3198 2416 3259 operatus.
2443 3190 2808 3259 Quamobrem
2839 3192 2930 3262 qui
2954 3209 3072 3248 eam
3099 3195 3218 3250 aliis
3244 3196 3519 3261 adscribit,
3546 3207 3632 3254 est

2033 3289 2365 3337 transmoms
2400 3299 2463 3337 ac
2510 3291 2937 3340 transmittatus:
2970 3287 3150 3341 omnia
3190 3287 3332 3342 enim
3376 3287 3626 3359 perdidit,

2030 3373 2134 3426 nisi
2180 3373 2365 3429 credat
2409 3374 2462 3429 in
2493 3374 2792 3430 Christum.
2820 3376 3118 3444 .Audivistis,
3153 3378 3343 3449 inquit.
3378 3380 3483 3435 Eos
3507 3396 3631 3436 rur-

2030 3479 2122 3520 sus
2152 3467 2282 3521 citat
2310 3475 2498 3531 testes.
2535 3468 2734 3524 deinde
2764 3478 2931 3525 totum
2963 3470 3150 3526 orbem
3184 3482 3360 3527 torrat.
3402 3472 3518 3529 Non
3545 3475 3633 3529 di-

2029 3560 2122 3625 cit,
2151 3559 2304 3625 Quod
2338 3560 2680 3631 prmdicatur,
2731 3561 3006 3630 sed,Quod
3047 3573 3120 3618 est
3143 3564 3254 3635 jam
3282 3564 3545 3622 creditum
3577 3579 3634 3622 et

2033 3654 2381 3720 prtedicatum,
2415 3653 2558 3723 quod
2589 3654 2750 3708 etiam
2783 3653 2909 3709 fecit
2939 3656 2992 3709 in
3027 3657 3294 3726 principio
3333 3675 3345 3710 :
3375 3673 3403 3712 a
3434 3660 3634 3714 multo-

2033 3761 2150 3800 rum
2185 3745 2494 3801 testimonio
2522 3762 2616 3801 eos
2646 3748 2830 3802 rulens
2852 3747 3112 3804 stabilire.
3140 3749 3302 3822 Cujus
3331 3755 3496 3822 factus
3521 3769 3634 3807 sum

2032 3853 2124 3907 ego
2156 3835 2355 3892 Paulus
2383 3839 2629 3893 minister.
2680 3840 2744 3894 Et
2781 3839 2884 3895 hoc
2925 3857 3138 3911 quoque
3169 3843 3376 3898 confert
3417 3845 3483 3900 ad
3534 3845 3636 3901 huc

2034 3937 2092 3984 ttt
2117 3931 2186 3985 sit
2215 3929 2319 3985 lide
2357 3931 2570 4001 dignus.
2609 3929 2739 4003 Ego,
2770 3933 2961 4000 inquit,
2999 3930 3200 3987 Paulus
3230 3936 3474 3990 minister.
3509 3936 3642 3992 Erat

2034 4024 2177 4076 enim
2205 4037 2396 4093 magna
2433 4023 2552 4092 ejus
2593 4024 2907 4089 auctoritas,
2937 4033 2994 4079 ut
3018 4024 3109 4094 qui
3143 4025 3338 4096 ubique
3356 4028 3466 4095 jam
3498 4031 3638 4084 cele-

2035 4115 2282 4170 braretur
2309 4125 2363 4169 ct
2388 4127 2532 4170 esset
2575 4114 2767 4170 ductor
2796 4115 2944 4170 orbis
2991 4125 3172 4172 terrm.
3202 4117 3293 4172 24.
3328 4116 3482 4172 Nunc
3512 4137 3642 4189 gau-

2035 4207 2129 4260 deo
2156 4209 2206 4260 in
2234 4209 2552 4276 passionibus
2576 4223 2668 4275 pro
2696 4208 2854 4273 vobis,
2879 4218 2926 4262 et
2953 4207 3210 4276 adimpleo
3232 4227 3291 4262 ea
3314 4226 3431 4281 qua:
3453 4212 3637 4266 desunt

2036 4300 2334 4368 passionum
2357 4297 2550 4354 Clariin
2571 4300 2624 4351 in
2657 4314 2806 4352 carne
2844 4315 2955 4353 utea
2990 4315 3082 4369 pro
3107 4317 3321 4370 corpore
3346 4303 3477 4373 ejus,
3502 4309 3640 4374 quod

2035 4402 2110 4445 est
2141 4389 2392 4446 Ecclesia.

2109 4481 2164 4534 2.
2199 4483 2265 4536 Et
2292 4497 2539 4552 quaenam
2571 4490 2655 4537 est
2680 4481 2797 4538 hmc
2821 4484 3209 4553 consequentia
3234 4484 3256 4538 ?
3284 4483 3503 4540 Videtur
3521 4489 3643 4559 qui-

2038 4574 2160 4629 dem
2199 4573 2524 4643 sejunctum,
2557 4574 2651 4629 sed
2685 4590 2932 4646 magnam
2965 4575 3130 4631 habet
3169 4581 3636 4649 consequentiam.

2045 4665 2394 4734 lit,.ilinister,
2439 4667 2640 4737 inquit;
2672 4667 2722 4721 id
2751 4677 2856 4735 est,
2897 4667 3038 4721 Nihil
3081 4683 3113 4724 a
3154 4685 3241 4724 me
3264 4670 3514 4733 all‘ereus.
3546 4675 3638 4728 sed

2038 4775 2159 4829 qua:
2189 4768 2313 4813 sunt
2342 4759 2566 4814 alterius
2595 4761 2943 4816 annuntians.
2976 4761 3048 4815 Ita
3078 4761 3242 4816 credo
3279 4763 3421 4834 quod
3462 4774 3516 4819 et
3545 4783 3642 4835 pro

2042 4851 2159 4921 ipso
2201 4851 2408 4921 patior;
2438 4861 2493 4906 ct
2537 4867 2644 4908 non
2693 4852 2869 4908 solum
2901 4854 3109 4924 patior,
3150 4853 3245 4909 sed
3278 4857 3438 4910 etiam
3485 4856 3642 4913 hetor

2045 4945 2275 5014 patiens,
2305 4944 2372 4998 ad
2405 4960 2557 5015 spem
2602 4947 2834 5000 futuram
2883 4946 3190 5015 aspiciens;
3231 4957 3288 5002 et
3332 4949 3505 5018 patior
3535 4967 3644 5007 non

2043 5052 2142 5108 pro
2173 5053 2280 5105 me,
2310 5038 2404 5092 sed
2436 5055 2532 5108 pro
2560 5039 2733 5094 vobis.
2775 5038 2842 5093 Et
2870 5040 3148 5110 adimpleo,
3188 5041 3378 5112 inquit,
3409 5059 3525 5112 qua:
3556 5045 3647 5099 de-

2043 5141 2160 5186 sunt
2187 5132 2487 5202 passionum
2518 5132 2707 5186 Christi
2747 5133 2799 5186 iu
2831 5149 2985 5186 carne
3012 5149 3142 5186 mea.
3179 5133 3398 5191 Videtur
3424 5136 3642 5206 quidem

2045 5239 2296 5294 magnum
2326 5239 2450 5278 esse
2476 5226 2620 5295 quod
2649 5236 2732 5280 est
2765 5225 3036 5297 loquutus,
3087 5225 3181 5281 sed
3227 5243 3332 5283 non
3364 5239 3449 5285 est
3495 5245 3646 5286 arru-

2044 5318 2259 5386 gantize,
2285 5316 2445 5382 absit,
2470 5317 2562 5372 sed
2593 5333 2800 5387 magna:
2831 5319 2881 5374 iu
2913 5318 3186 5374 Christum
3216 5321 3642 5378 benevolentia-z

2048 5423 2154 5463 nozt
2181 5409 2326 5463 enim
2352 5410 2459 5464 vult
2489 5424 2612 5465 esse
2639 5426 2784 5475 suas,
2805 5411 2898 5465 sed
2924 5411 3070 5466 illius
3097 5415 3394 5482 passiones.
3423 5413 3494 5468 Ita
3515 5431 3647 5470 vero

2049 5498 2303 5568 loquutus
2329 5509 2432 5565 est,
2466 5515 2560 5554 eos
2601 5500 2698 5570 ipsi
2729 5502 2914 5557 volens
2941 5503 3250 5557 conciliare.
3285 5504 3348 5558 Et
3378 5521 3497 5574 qua:
3522 5521 3645 5576 ego.

2051 5592 2244 5662 inquit,
2278 5594 2472 5661 patior,
2504 5606 2726 5664 propter
2751 5594 2900 5650 illum
2933 5595 3105 5665 patior
3127 5614 3139 5650 :
3160 5598 3513 5666 quamobrem
3540 5614 3648 5653 non

2050 5685 2201 5749 mihi,
2228 5684 2323 5740 scd
2347 5684 2421 5740 illi
2443 5684 2635 5740 habete
2657 5685 2888 5756 gratias;
2911 5685 3026 5755 ipse
3044 5688 3185 5742 enim
3208 5688 3321 5742 haec
3341 5690 3561 5760 patitur.
3580 5689 3652 5746 Ut

2053 5778 2096 5832 si
2119 5778 2238 5848 quis
2257 5779 2450 5832 missus
2467 5777 2532 5832 ad
2556 5779 2786 5849 aliquem
2805 5779 2991 5846 alium,
3012 5790 3162 5852 roget
3184 5781 3391 5847 dicens,
3408 5782 3558 5856 Rogo
3577 5795 3648 5845 tu,

2057 5885 2154 5940 pro
2177 5869 2342 5925 mead
2379 5869 2525 5924 illum
2556 5869 2686 5925 vade
2740 5870 2932 5929 deinde
2965 5871 3053 5926 ille
3074 5871 3237 5931 dicat.
3259 5875 3482 5945 Proliter
3509 5874 3652 5929 hunc

3237 5963 3306 6025 '21
