4184 6514
584 349 686 405 537

587 463 704 518 hcc
728 462 882 517 facio.
901 458 1258 528 Quamobrem
1276 471 1390 513 non
1414 455 1683 512 erubescit
1702 455 1798 510 has
1821 468 2037 526 quoque
2051 454 2168 525 ejus

589 554 862 623 appellare
912 550 1210 622 passiones.
1237 547 1353 603 Non
1404 548 1577 603 solum
1617 548 1759 602 enim
1789 561 1887 618 pro
1913 547 2066 602 nobis
2088 555 2175 601 est

591 653 853 720 mortuus,
886 642 980 698 sed
1003 642 1164 696 etiam
1198 648 1479 711 postquam
1520 637 1619 693 fuit
1659 647 1923 704 mortuus,
1957 647 2173 708 paratus

584 732 679 788 fuit
710 749 807 804 pro
833 732 986 787 nobis
1014 726 1195 802 afﬂigi.
1226 727 1623 800 Contenditque
1644 738 1699 785 et
1726 730 1923 785 acriter
1944 734 2172 783 conatur

583 825 867 881 ostendere
909 824 1083 896 ipsum
1112 837 1326 895 quoque
1352 837 1494 878 nunc
1516 820 1822 893 perieulum
1862 822 2043 876 subire
2075 834 2171 891 pro

583 917 822 974 Ecclesia
844 930 942 988 per
962 917 1482 988 proprium-corpus;
1502 922 1560 969 et
1579 913 1706 968 illac
1726 914 1945 984 respicit
1963 912 2164 977 dicens,

582 1009 700 1065 Non
729 1023 823 1081 per
838 1022 943 1065 nos
961 1008 1287 1064 adducimini
1308 1015 1363 1062 et
1387 1020 1665 1062 accessum
1696 1006 1925 1070 habetis,
1948 1003 2043 1061 sed
2075 1019 2171 1074 per

580 1103 780 1170 ipsum,
804 1101 1012 1157 etiamsi
1036 1114 1135 1157 nos
1161 1101 1275 1154 lucc
1294 1098 1598 1155 'faeiamus:
1628 1098 1899 1154 nonenim
1929 1108 2166 1152 nostrum

579 1209 714 1265 Opus
738 1194 1093 1264 suscepimus,
1116 1193 1209 1247 sed
1233 1207 1370 1263 opus
1391 1193 1552 1247 illius.
1580 1191 1642 1247 Et
1664 1191 1885 1262 perinde
1908 1199 2013 1256 est,
2044 1191 2165 1245 utsi

577 1287 845 1357 quiSpiam
869 1287 1162 1352 exercitus,
1194 1286 1280 1340 cui
1325 1285 1608 1355 obtigisset
1635 1282 1744 1339 dux
1776 1283 1899 1338 belli
1927 1284 2014 1353 qui
2042 1297 2163 1338 eum

575 1380 890 1436 defenderet
909 1393 972 1435 ac
997 1386 1325 1450 protegeret,
1351 1377 1403 1432 in
1429 1376 1572 1433 bello
1592 1385 1758 1432 staret
1782 1393 1797 1442 ;
1827 1374 2019 1431 deinde
2040 1386 2164 1430 cum

576 1473 669 1530 ille
687 1474 1031 1538 excessisset,
1051 1472 1170 1541 ejus
1182 1471 1325 1525 vices
1340 1481 1536 1541 gerens
1555 1469 1763 1539 legatus
1781 1468 1925 1524 illius
1943 1467 2161 1522 vulnera

573 1566 891 1636 susciperet,
912 1561 1084 1617 donec
1102 1569 1378 1634 peractum
1402 1568 1547 1616 esset
1559 1559 1778 1615 bellum.
1799 1557 2002 1614 Deinde
2018 1557 2160 1629 quod

572 1665 793 1728 propter
822 1656 994 1725 ipsum
1024 1654 1126 1709 hoc
1151 1652 1326 1717 faciat,
1361 1651 1519 1708 audi:
1550 1650 1654 1707 Pro
1680 1662 1892 1722 torpere
1918 1653 2050 1722 ejus,
2080 1652 2160 1706 in-

569 1747 706 1819 quit;
723 1746 826 1801 b‘oe
844 1746 1028 1802 volens
1044 1745 1248 1813 dicere,
1267 1742 1382 1799 Non
1407 1743 1557 1799 vobis
1576 1743 1869 1815 gratiﬂcor,
1888 1742 1982 1797 sed
1998 1741 2134 1798 Chri
2146 1771 2161 1783 -

564 1850 650 1896 sto
673 1858 686 1894 :
710 1844 831 1895 nam
853 1855 971 1911 qua:
989 1839 1135 1894 illum
1156 1836 1437 1908 Oportebat
1455 1838 1585 1907 pati,
1600 1846 1701 1907 ego
1718 1848 1815 1907 pro
1828 1836 1944 1905 ipso
1959 1835 2153 1905 patior.

567 1930 701 1989 Vide
739 1948 899 2005 quam
937 1932 1105 1988 multa
1135 1931 1325 2002 probet
1348 1940 1398 1986 et
1431 1929 1733 1986 confirmet.
1764 1926 2013 1983 Ostendit
2038 1942 2156 1981 ma-

560 2038 723 2095 gnum
760 2038 1033 2088 amorem;
1064 2024 1202 2079 sicut
1241 2024 1293 2078 in
1338 2022 1570 2078 secunda
1614 2019 1846 2090 Epistola
1875 2020 1943 2074 ad
1969 2019 2157 2073 Corin-

563 2116 703 2171 thios
753 2113 1111 2172 dicebat:1n
1157 2114 1301 2170 nobis
1347 2114 1516 2184 posuit
1556 2114 1890 2167 ministerium
1934 2113 2155 2166 reconti-

559 2208 806 2264 lialionis.
845 2207 911 2264 Et
947 2222 1135 2263 rursus
1159 2248 1175 2274 ,
1223 2223 1316 2277 pro
1358 2204 1563 2261 Christo
1598 2204 1848 2277 legatione
1890 2205 2153 2275 {unginmr

559 2312 818 2364 tamquam
861 2298 972 2354 Deo
1013 2299 1248 2353 hortante
1290 2314 1380 2368 per
1420 2314 1513 2352 nos
1539 2295 1614 2368 (ἓ.
1642 2296 1761 2353 Cor.
1795 2297 1845 2353 5.
1881 2295 1967 2351 18.
2010 2294 2148 2366 20);

558 2392 661 2445 hoc
684 2390 772 2445 hic
796 2404 1013 2460 quoque
1042 2388 1192 2457 dicit,
1222 2387 1327 2444 Pro
1355 2388 1474 2460 ipso
1508 2387 1702 2457 patior,
1730 2398 1787 2441 ut
1813 2387 1957 2456 ipsos
1984 2387 2152 2457 magis

557 2482 873 2538 attraheret.
908 2482 1021 2537 Hoc
1044 2490 1147 2550 est,
1175 2482 1385 2537 etiamsi
1418 2482 1463 2536 is
1490 2481 1580 2552 qui
1606 2479 1758 2535 vobis
1784 2479 1965 2546 debet,
1994 2479 2144 2545 abiit,

553 2586 653 2646 ego
684 2584 860 2630 tamen
909 2573 1098 2629 reddo.
1130 2573 1424 2645 Propterea
1454 2573 1596 2627 enim
1634 2570 1762 2627 dicit
1791 2571 1951 2627 etiam
1971 2612 1985 2636 ,
2022 2569 2151 2639 Quis

552 2667 777 2733 desunt;
811 2674 868 2719 ut
897 2665 1149 2721 ostendat
1175 2674 1361 2735 putare
1401 2678 1461 2719 se
1489 2665 1664 2734 ipsum
1701 2661 1936 2717 nondum
1974 2670 2147 2717 totum

552 2773 651 2828 pro
692 2756 845 2813 nobis
892 2771 1012 2812 esse
1043 2772 1282 2827 passum.
1312 2754 1449 2811 Dicit
1474 2754 1633 2810 etiam
1661 2769 1788 2810 eum
1842 2762 1961 2823 post
2001 2769 2148 2807 mor-

555 2857 663 2903 tem
692 2848 1099 2920 pati,siquidem
1128 2846 1303 2901 adhuc
1334 2853 1644 2901 manserunt
1672 2856 1791 2915 quae
1817 2844 2015 2900 desint.
2035 2843 2145 2899 Hoc

548 2941 606 2995 in
623 2936 859 3010 Epistula
882 2940 947 2995 ad
976 2940 1247 2994 Romanos
1270 2937 1427 2993 aliter
1454 2936 1595 3002 facit,
1623 2937 1808 2992 dicens
1833 2956 1847 2993 :
1877 2938 1979 3003 Qui
1994 2938 2144 2991 etiam

548 3028 841 3099 interpellat
883 3046 977 3100 pro
1016 3030 1159 3084 nobis
1198 3024 1376 3095 (Rom.
1423 3028 1477 3085 8.
1511 3028 1644 3100 3i);
1687 3028 1980 3083 ostendens
2020 3044 2141 3082 eum

546 3134 658 3177 non
688 3120 800 3175 sola
843 3132 1018 3177 morte
1058 3121 1220 3177 fuisse
1256 3129 1566 3176 contentum
1591 3161 1608 3186 ,
1648 3120 1740 3175 sed
1771 3122 1929 3174 etiam
1957 3131 2140 3190 postea

548 3213 722 3269 facere
766 3213 1199 3270 innumerabilia.
1248 3208 1369 3269 Non
1420 3228 1551 3285 ergo
1595 3213 1830 3283 seipsum
1878 3213 2143 3268 extollens

548 3303 663 3359 haec
687 3303 837 3371 dicit,
869 3304 962 3361 sed
988 3304 1174 3360 volens
1201 3303 1490 3361 ostendere
1518 3303 1791 3359 Christum
1826 3319 2013 3358 eorum
2043 3303 2138 3357 ad-

548 3399 652 3453 huc
667 3413 859 3453 curam
884 3413 1098 3470 gerere.
1129 3399 1195 3453 Et
1223 3413 1337 3453 rem
1367 3397 1490 3452 facit
1519 3395 1883 3477 fide'dignam,
1914 3396 2139 3467 subjun-

544 3491 739 3562 gendo,
775 3487 880 3545 Pro
905 3507 1116 3563 corpore
1141 3493 1272 3562 ejus.
1302 3489 1435 3546 Nam
1462 3488 1603 3560 quod
1636 3489 1703 3543 ita
1736 3503 1795 3544 se
1828 3488 2056 3556 habeat,
2085 3497 2139 3544 et

544 3599 654 3639 non
685 3584 756 3639 sit
784 3581 1158 3654 improbabile,
1185 3591 1266 3637 est
1300 3580 1637 3652 perspicuum
1667 3594 1734 3635 ex
1765 3595 1832 3635 eo
1856 3579 1997 3650 quod
2024 3580 2137 3634 lure

544 3678 675 3733 fiant
703 3691 801 3747 pro
828 3690 1055 3746 corpore
1094 3676 1234 3746 ejus.
1268 3672 1401 3731 Vide
1438 3672 1711 3746 quomodo
1745 3687 1845 3728 nos
1875 3672 1973 3727 sibi
2001 3687 2135 3727 con-

537 3768 742 3837 junxit.
767 3765 876 3823 Cur
896 3783 1025 3840 ergo
1055 3772 1106 3823 in
1129 3766 1364 3823 medium
1389 3766 1606 3837 angelos
1632 3762 1945 3818 addueitis?
1975 3761 2135 3833 Cujus

542 3864 709 3933 factus
737 3879 848 3916 sum
875 3879 986 3933 ego,
1022 3861 1213 3932 inquit,
1246 3860 1496 3915 minister.
1533 3857 1669 3927 Quid
1702 3857 1838 3912 alios
1859 3898 1874 3922 ,
1926 3856 2131 3926 inquit,

544 3953 884 4009 introducitis
924 3954 1189 4023 angelos?
1217 3966 1316 4022 ego
1344 3965 1461 4004 sum
1492 3948 1758 4005 minister.
1811 3946 2011 4002 Deinde
2039 3961 2133 4001 os-

541 4046 713 4101 tendit
741 4061 799 4100 se
838 4045 971 4101 nihil
1014 4044 1246 4109 fecisse,
1286 4041 1547 4113 siquidem
1590 4049 1674 4096 est
1720 4038 1986 4095 minister.
2036 4038 2128 4094 25.

540 4137 721 4208 Cujus,
753 4137 955 4209 inquit,
989 4138 1154 4207 factus
1180 4130 1292 4190 sum
1342 4150 1434 4206 ego
1472 4133 1702 4188 minister
1741 4130 2017 4187 secundum
2053 4131 2132 4183 di-

537 4231 910 4301 spensationem
936 4228 1031 4285 Dei
1095 4244 1207 4298 qua:
1234 4227 1355 4280 data
1379 4237 1452 4282 est
1482 4226 1604 4280 mihi
1648 4226 1701 4280 in
1733 4225 1892 4292 vobis,
1935 4234 1997 4301 ut
2033 4226 2131 4278 im-

538 4324 709 4391 pleam
745 4321 950 4376 uerbum
996 4319 1111 4375 Dei.
1162 4318 1628 4387 Dispensationem.
1682 4318 1787 4373 Aut
1827 4317 1931 4373 hoc
1957 4300 2126 4385 dicit,

537 4413 680 4484 quod
709 4413 787 4467 sic
814 4412 983 4467 voluit
1011 4426 1132 4466 cum
1166 4412 1279 4481 ipse
1305 4411 1525 4466 abiisset
1547 4451 1564 4477 ,
1593 4424 1692 4467 nos
1732 4409 2008 4481 suscipere
2047 4409 2130 4465 di-

535 4504 958 4575 spensationem,
982 4518 1049 4560 ne
1079 4502 1422 4559 ciliceremini
1453 4513 1725 4573 tamquam
1755 4501 1983 4566 deserti;
2013 4501 2128 4573 ipse

537 4597 680 4652 enim
710 4605 794 4651 est
818 4594 1007 4666 quiest
1037 4610 1248 4665 passus,
1283 4594 1397 4664 ipse
1421 4596 1511 4667 qui
1541 4593 1807 4664 legatione
1837 4593 2077 4665 fungitur
2109 4609 2124 4648 :

533 4698 628 4744 aut
655 4689 757 4744 hoc
784 4688 915 4743 dicit
941 4705 952 4743 :
983 4688 1067 4744 Me
1102 4689 1191 4758 qui
1220 4688 1458 4742 omnium
1498 4688 1731 4743 maxime
1759 4703 1906 4743 eram
1939 4702 2128 4758 persev

532 4790 765 4849 qtuuor,
796 4790 1077 4851 propterea
1117 4780 1246 4835 sivit
1274 4781 1555 4851 persequi,
1594 4790 1652 4835 ut
1685 4780 1983 4851 praedicans
2021 4780 2139 4836 sim‘

537 4870 642 4926 lide
670 4872 902 4942 digitus:
934 4881 1024 4926 aut
1051 4871 1177 4927 dicit
1208 4870 1666 4941 dispensationem
1688 4912 1704 4937 ,
1733 4870 1985 4942 quoniam
2016 4887 2121 4926 non

532 4964 781 5033 qua-sivit
807 4980 968 5034 opera
992 5003 1005 5027 ,
1036 4979 1210 5034 neque
1239 4965 1477 5019 aeliones
1500 5005 1516 5030 ,
1547 4977 1723 5035 neque
1761 4964 2015 5034 praeclara
2047 4960 2126 5018 fa-

533 5057 717 5110 cinora
740 5098 754 5119 ,
786 5055 879 5110 sed
911 5056 1068 5110 fidem
1098 5066 1153 5111 et
1190 5057 1474 5126 baptisma.
1504 5055 1620 5112 Non
1656 5057 1798 5113 enim
1825 5057 1980 5112 aliter
2005 5073 2126 5113 ver-

531 5147 658 5201 bum
681 5147 1076 5216 snscepissetis.
1109 5145 1173 5200 In
1202 5148 1359 5211 vobis,
1388 5147 1582 5217 inquit,
1606 5157 1662 5202 ut
1688 5148 1899 5219 impleat
1918 5148 2120 5202 verbum

535 5236 649 5292 Dei.
688 5236 829 5292 Dicit
854 5237 921 5293 de
956 5238 1204 5309 gentibus
1224 5281 1237 5301 ,
1268 5239 1559 5294 ostendens
1586 5255 1683 5295 eos
1704 5240 1879 5296 adhuc
1905 5239 2121 5307 labare,

530 5326 780 5393 dicendo,
815 5325 883 5382 Ut
911 5328 1172 5399 impleam.
1198 5328 1330 5384 Nam
1363 5329 1504 5401 quod
1541 5340 1729 5402 gentes
1750 5330 1991 5405 disiectae
2021 5348 2121 5402 po-

532 5412 732 5473 tuerint
757 5417 1064 5490 dogmatum
1092 5428 1288 5474 tantam
1317 5421 1593 5491 suscipere
1622 5422 1982 5489 altitudinem,
2013 5438 2117 5478 non

532 5517 648 5562 erat
674 5508 843 5576 Pauli,
874 5511 966 5565 sed
1000 5510 1091 5565 Dei
1115 5508 1531 5580 dispensationis
1561 5531 1574 5566 :
1604 5511 1736 5568 Nam
1768 5529 1890 5586 ego,
1923 5515 2115 5587 inquit,

534 5612 639 5650 non
672 5600 982 5666 potuissem.
1012 5600 1147 5658 Cum
1182 5612 1361 5659 autem
1391 5603 1737 5670 ostendisset,
1769 5605 1909 5677 quod
1943 5600 2121 5677 majus

529 5695 612 5738 est
637 5727 652 5750 ,
694 5702 817 5744 suas
864 5693 1239 5760 perpessioncs
1273 5708 1394 5749 esse
1438 5694 1684 5762 Christi,
1729 5685 1856 5752 tunc
1880 5697 2118 5768 apertius

530 5776 835 5852 subjungit,
871 5780 971 5839 hoc
1016 5799 1228 5853 quoque
1254 5801 1373 5843 esse
1413 5786 1549 5857 Dei,
1601 5789 1745 5859 quod
1793 5792 2016 5847 verbum
2062 5790 2114 5845 iu

1241 345 1297 400 S.
1336 340 1614 401 JOANNIS
1646 338 2123 399 CHRYSOSTOMI
2167 339 2486 399 ΛῐὶΟηΙΕΡ.
2527 340 3059 406 CONSTAN’I’INOP.

3766 356 3885 412 328'

2278 455 2359 511 eis
2387 455 2712 526 impleverit.
2742 459 2809 516 Et
2832 461 2916 518 hic
2949 462 3217 532 ostendit,
3254 464 3379 523 licet
3408 482 3513 523 non
3546 471 3864 541 manifeste,

2278 546 2380 601 hoc
2407 562 2648 619 quoque,
2679 553 2821 622 quod
2846 552 3048 610 dictum
3075 566 3178 622 est,
3210 573 3375 628 quum
3405 559 3591 616 audire
3617 566 3864 632 potestis,

2275 650 2340 692 ex
2371 637 2772 708 dispensatione
2805 658 2927 700 esse
2949 686 2965 713 ,
3001 662 3106 701 non
3138 657 3318 704 autem
3358 665 3422 706 ex
3474 652 3680 708 incuria
3706 695 3723 721 ,
3769 657 3865 710 sed

2266 738 2335 784 'nt
2360 731 2475 785 sitis
2502 747 2745 803 capaces.
2766 735 2919 792 :Deus
2946 738 3089 793 enim
3118 754 3228 795 non
3257 751 3481 807 repente
3509 744 3637 800 facit
3660 747 3862 812 omnia,

2275 819 2369 873 sed
2397 822 2563 877 utitur
2597 826 2678 878 sui
2708 826 3032 884 demissione
3068 841 3286 903 propter
3313 849 3558 905 magnam
3584 852 3736 892 suam
3768 838 3867 892 hu-
3898 902 3904 907 ο

2274 912 2604 969 manitatem.
2646 913 2719 971 Et
2751 916 2864 972 hinc
2890 928 3161 976 estcausa
3185 963 3201 987 ,
3249 926 3392 994 quod
3435 908 3579 981 nunc
3618 929 3863 985 Christus

2274 1001 2570 1070 advenerit,
2603 1021 2707 1062 non
2736 1010 2885 1065 olim.
2911 1011 3004 1066 Sic
3026 1014 3188 1069 etiam
3218 1016 3457 1072 ostendit
3488 1019 3538 1073 in
3567 1019 3863 1092 Evangelia

2271 1096 2414 1166 quod
2446 1112 2631 1153 servos
2660 1100 2866 1157 miserit
2902 1104 3103 1172 primos
3124 1147 3140 1173 ,
3184 1121 3253 1162 ne
3278 1107 3344 1162 ad
3368 1109 3569 1166 caedem
3597 1110 3686 1167 ﬁlii
3716 1117 3865 1169 veni-

2268 1196 2410 1242 rent.
2438 1188 2493 1245 Si
2511 1188 2655 1245 enim
2677 1204 2745 1245 ne
2767 1188 2957 1250 Filium
2986 1197 3203 1267 quidem
3234 1198 3325 1254 Dei
3356 1211 3479 1256 sunt
3505 1205 3743 1270 reveriti,
3769 1210 3859 1276 qui

2272 1288 2390 1349 post
2420 1293 2608 1337 servos
2628 1295 2894 1353 venerat,
2920 1288 3097 1344 multo
3130 1291 3300 1361 magis
3329 1301 3484 1347 antea
3516 1311 3529 1349 :
3561 1296 3604 1349 si
3651 1297 3858 1353 minora

2271 1380 2534 1442 praseepta
2578 1388 2684 1428 non
2725 1375 3047 1445 audierunt,
3079 1382 3351 1451 quomodo
3382 1384 3583 1453 majora
3611 1387 3860 1443 audivis-

2267 1471 2388 1516 sent
2407 1463 2432 1517 ἲ
2454 1462 2592 1530 Quid
2623 1478 2753 1536 ergo
2776 1467 2947 1523 dicit?
2971 1471 3166 1526 Annon
3198 1485 3323 1527 sunt
3359 1489 3504 1531 nunc
3526 1492 3739 1548 quoque
3764 1479 3857 1533 .Iuo

2266 1551 2367 1606 dmi
2392 1563 2446 1609 et
2464 1550 2637 1610 Graeci
2666 1556 3029 1628 imperfectius
3050 1561 3222 1618 atl'eeti
3247 1562 3367 1619 YLEa
3393 1580 3522 1621 vero
3541 1578 3621 1623 est
3645 1583 3855 1625 summa

2256 1644 2511 1700 socordia
2542 1663 2555 1700 :
2587 1660 2710 1702 nam
2734 1658 2857 1718 post
2886 1659 3092 1706 tantum
3133 1661 3340 1725 tempus
3367 1697 3385 1721 ,
3424 1667 3545 1725 post
3574 1667 3651 1713 tot
3691 1658 3859 1714 docu-

2268 1745 2468 1804 menta,
2498 1737 2673 1795 adimo
2699 1754 2919 1798 manere
2950 1741 3289 1814 imperfectos
3308 1787 3324 1814 ,
3349 1757 3429 1802 est
3461 1763 3670 1821 magna:
3690 1749 3856 1807 behe-

2264 1826 2481 1884 tudinis.

2333 1921 2387 1975 5.
2435 1921 2662 1987 Quando
2704 1940 2835 1997 ergo
2859 1926 3095 1984 dixerint
3129 1928 3304 1988 Grieci
3331 1977 3347 1999 ,
3376 1935 3486 1993 Cur
3524 1948 3669 1992 nunc
3703 1940 3855 1994 venit

2259 2011 2553 2069 Christus?
2593 2032 2661 2073 ne
2688 2019 2928 2076 sinamus
2964 2038 3059 2078 eos
3082 2024 3185 2079 hoc
3208 2025 3390 2083 dicere
3414 2070 3430 2094 ,
3472 2029 3569 2084 sed
3597 2044 3853 2100 rogemus

2260 2121 2387 2160 num
2412 2116 2560 2163 recte
2586 2124 2645 2164 se
2666 2112 2916 2180 gesserit.
2954 2112 3026 2170 Ut
3052 2116 3194 2171 enim
3219 2116 3267 2172 si
3294 2121 3535 2176 venisset
3562 2120 3632 2175 ab
3651 2122 3804 2176 initio
3832 2165 3846 2182 .

2261 2207 2316 2255 et
2342 2212 2400 2254 se
2426 2218 2536 2258 non
2565 2209 2712 2258 recte
2741 2205 2998 2274 gessisset
3025 2248 3040 2273 ,
3073 2222 3180 2263 non
3213 2208 3514 2266 suil'ecisset
3547 2221 3758 2284 tempus
3782 2216 3849 2267 ad

2258 2297 2663 2351 excusationem
2698 2314 2714 2352 :
2745 2297 2816 2351 ita
2844 2298 3098 2367 quoniam
3127 2314 3186 2355 se
3216 2313 3371 2356 recte
3386 2303 3603 2372 gessit,
3637 2318 3744 2359 non
3769 2316 3848 2360 est

2257 2400 2468 2456 :equum
2512 2397 2569 2441 ut
2615 2389 2871 2460 temporis
2908 2403 2939 2443 a
2978 2389 3134 2444 nubis
3174 2392 3418 2461 exigatur
3460 2394 3616 2448 ratio.
3664 2395 3850 2467 Neque

2255 2478 2397 2533 enim
2420 2492 2449 2531 a
2479 2478 2686 2534 medico
2714 2482 2802 2551 qui
2832 2480 3077 2537 morbum
3101 2484 3323 2551 curarit,
3349 2494 3402 2539 et
3427 2486 3644 2541 sanitati
3672 2503 3847 2558 tegm-

2257 2576 2365 2622 tum
2397 2570 2714 2637 restituerit,
2737 2572 2904 2642 exigit
2924 2573 3190 2643 quispiam
3222 2576 3485 2630 rationem
3516 2579 3842 2641 curationis;

2252 2673 2428 2728 neque
2461 2658 2651 2716 ducem
2696 2664 2971 2717 exercitus
3014 2662 3233 2718 victoria
3267 2666 3497 2734 potitum
3524 2667 3797 2724 examinat
3823 2711 3839 2731 ,

2250 2763 2346 2803 cur
2383 2748 2435 2803 in
2464 2749 2567 2805 hoc
2597 2758 2872 2821 tempore,
2902 2761 2956 2808 et
2996 2769 3095 2808 cur
3134 2755 3187 2808 in
3238 2754 3331 2809 ilio
3378 2757 3585 2813 vicerit.
3632 2758 3764 2814 Nam
3798 2764 3843 2815 si

2251 2856 2357 2894 non
2397 2856 2508 2896 rem
2565 2850 2708 2897 recte
2751 2843 3045 2914 gessisset,
3077 2858 3194 2901 erat
3242 2847 3692 2918 interrogandus;
3720 2866 3842 2905 cum

2249 2940 2426 2987 autem
2480 2947 2592 2987 rem
2644 2946 2790 2989 recte
2840 2934 3115 3005 gesserit,
3158 2951 3280 2993 cum
3344 2938 3503 2994 laude
3553 2949 3637 2996 est
3684 2945 3840 2997 exei-

2246 3024 2494 3094 pieudus.
2537 3025 2668 3092 Quae
2703 3038 2791 3082 est
2826 3031 2968 3083 enim
2991 3071 3006 3094 ,
3049 3028 3160 3091 dic,
3191 3045 3376 3100 qumo
3401 3073 3417 3098 ,
3451 3032 3555 3088 fide
3584 3032 3797 3103 dignior
3819 3074 3839 3096 .

2251 3126 2411 3171 tuane
2442 3116 2783 3172 ratiocinatio
2811 3127 2867 3173 et
2893 3120 3182 3185 calumnia,
3215 3136 3283 3174 an
3308 3121 3385 3176 rei
3412 3122 3680 3191 perfectio
3704 3123 3730 3176 7
3756 3126 3837 3177 vi-

2247 3209 2410 3274 citae,
2429 3211 2647 3267 annon?
2669 3208 2770 3264 hoc
2810 3211 3035 3266 ostende
3069 3228 3082 3266 :
3116 3212 3446 3282 Superiorne
3474 3213 3575 3268 fuit
3610 3230 3789 3270 annon
3814 3216 3840 3270 τ

2242 3302 2313 3357 ad
2341 3301 2571 3358 finemne
2601 3302 2851 3374 perduxit
2875 3319 2995 3375 qua:
3017 3304 3172 3371 dixit,
3206 3305 3430 3360 annon?
3461 3305 3589 3361 llaec
3612 3318 3742 3362 sunt
3767 3310 3840 3364 de

2244 3396 2437 3467 quibus
2460 3395 2737 3452 reddenda
2769 3405 2852 3452 est
2878 3399 3040 3451 ratio.
3083 3393 3175 3453 Dic
3202 3399 3331 3453 mihi
3357 3439 3372 3465 ,
3418 3398 3583 3454 Deum
3614 3401 3841 3455 omnino

2246 3489 2428 3544 fateris
2458 3504 2596 3556 esse,
2632 3490 2675 3545 si
2705 3506 2810 3545 non
2837 3490 3109 3546 Christum
3130 3492 3155 3546 ?
3174 3508 3241 3547 ex
3267 3502 3319 3548 te
3346 3502 3524 3548 autem
3550 3493 3834 3551 sciscitor:

2245 3581 2455 3637 Deusne
2480 3591 2565 3637 est
2605 3582 2724 3637 sine
2768 3583 3075 3653 principio?
3108 3584 3263 3639 Dices
3288 3627 3303 3652 ,
3335 3585 3498 3642 Sane.
3532 3587 3625 3642 Die
3653 3600 3835 3643 autem

2242 3671 2372 3726 mihi
2399 3688 2414 3726 :
2447 3670 2556 3727 Cur
2578 3689 2683 3728 non
2705 3683 2830 3729 ante
2849 3672 3031 3730 decies
3053 3676 3200 3730 mille
3221 3690 3391 3732 annos
3417 3678 3540 3733 fecit
3563 3677 3837 3736 homines?

2241 3764 2499 3818 vixissent
2537 3764 2678 3818 enim
2718 3765 2949 3836 longiori
2981 3775 3242 3836 tempore.
3282 3766 3415 3822 Nam
3443 3769 3486 3822 si
3517 3768 3719 3823 bonum
3751 3782 3855 3825 est'

2235 3868 2383 3919 esse,
2412 3854 2579 3908 multo
2609 3855 2777 3925 magis
2803 3868 2924 3912 esse
2942 3855 3166 3913 diutius.
3186 3857 3337 3911 Nune
3353 3869 3531 3913 autem
3549 3858 3832 3914 damnum-

2239 3959 2306 3999 ue
2331 3953 2652 4012 acceperunt
2674 3945 2791 4016 ejus
2812 3945 3074 4017 temporis
3094 3962 3201 4017 quo
3222 3962 3327 4002 non
3353 3946 3589 4010 fuerunt,
3610 3964 3787 4004 annon
3807 3952 3832 4004 ?

2238 4034 2344 4092 Sed
2372 4034 2627 4091 danmum
2663 4053 2768 4091 non
2799 4048 3154 4108 acceperunt:
3180 4039 3452 4110 quomodo
3479 4049 3679 4107 autem,
3715 4042 3832 4111 ipse

2237 4128 2339 4183 scit
2362 4128 2450 4198 qui
2484 4124 2652 4183 fecit?
2682 4126 2889 4185 Rursus
2919 4143 2989 4184 ex
3021 4140 3071 4184 te
3095 4144 3284 4200 quer
3314 4173 3329 4197 ,
3361 4145 3460 4185 cur
3490 4145 3597 4185 non
3640 4145 3834 4186 omnes

2237 4230 2459 4290 repente
2502 4230 2556 4275 et
2592 4221 2751 4275 simul
2781 4219 2943 4277 fecit?
2970 4231 3025 4277 et
3056 4220 3200 4276 illius
3228 4221 3444 4292 quidem
3474 4222 3565 4293 qui
3609 4225 3816 4292 primus

2235 4321 2319 4368 est
2339 4322 2520 4379 natus,
2554 4314 2756 4378 anima,
2790 4322 2869 4368 tot
2893 4313 3268 4379 habetaunos,
3299 4311 3468 4369 altera
3497 4324 3677 4369 autem
3702 4329 3829 4369 eum

2234 4405 2473 4461 nondum
2515 4408 2586 4461 sit
2638 4404 2776 4460 facta
2804 4446 2822 4472 ,
2858 4406 3035 4462 minus
3066 4405 3225 4462 habet
3252 4406 3278 4461 τ
3305 4421 3401 4461 cur
3431 4406 3579 4461 illum
3607 4407 3825 4478 quidem

2234 4500 2488 4572 primum,
2514 4498 2654 4554 hunc
2676 4514 2807 4554 vero
2832 4500 3186 4569 posteriorem
3213 4502 3264 4556 in
3293 4499 3434 4555 hunc
3461 4500 3719 4556 mundum
3745 4501 3833 4555 ius

2233 4590 2433 4646 duxit?
2461 4590 2527 4645 Et
2558 4589 2673 4645 btec
2702 4591 2916 4662 quidem
2955 4607 3081 4647 vere
3123 4590 3284 4663 digna
3314 4601 3441 4647 sunt
3469 4634 3485 4658 ,
3517 4592 3588 4648 de
3629 4593 3829 4664 quith

2232 4690 2524 4754 qua:ratur,
2550 4690 2606 4737 at
2627 4699 2733 4737 non
2760 4698 2881 4753 qua:
2911 4683 3124 4739 curiose
3164 4683 3489 4754 indagcntur
3519 4703 3533 4739 :
3568 4700 3688 4740 nam
3719 4684 3829 4741 hoc

2234 4790 2303 4830 ne
2330 4784 2412 4830 est
2433 4776 2649 4845 quidem
2680 4776 3050 4846 quaerendum.
3083 4776 3194 4847 Ego
3219 4776 3363 4832 enim
3391 4777 3568 4832 dicam
3598 4792 3826 4833 causam

2233 4885 2392 4939 quam
2437 4869 2545 4925 dixi
2571 4887 2585 4925 z
2614 4884 2754 4940 pone
2790 4869 2919 4924 tuilti
2963 4870 3181 4941 quidem
3236 4871 3526 4925 humanam
3569 4869 3839 4927 naturam'

2232 4976 2353 5015 esse
2376 4959 2539 5015 veluti
2563 4959 2848 5030 quamdam
2877 4968 3088 5016 aetatem
3112 4979 3126 5027 ;
3156 4971 3209 5017 et
3235 4961 3423 5032 primis
3445 4961 3660 5033 quidem
3688 4972 3830 5017 tem-

2232 5052 2450 5122 poribus
2484 5051 2843 5109 adolescentis
2884 5053 3060 5109 locum
3096 5052 3296 5108 habere
3327 5061 3572 5107 nostrum
3600 5067 3774 5123 genus
3803 5071 3821 5117 ;

2231 5144 2295 5198 iis
2320 5153 2501 5199 autem
2530 5146 2620 5215 qui
2648 5154 2970 5216 sequuntur,
3020 5146 3234 5214 juvenis
3263 5161 3278 5209 ;
3312 5144 3376 5199 iis
3402 5159 3531 5198 vero
3566 5144 3655 5214 qui
3692 5155 3824 5199 sunt

2228 5250 2394 5306 prope
2415 5236 2828 5302 senium,senis.
2849 5236 2967 5293 Jam
2996 5251 3126 5291 vero
3153 5252 3273 5291 cum
3308 5237 3359 5291 in
3388 5233 3521 5290 flore
3548 5247 3603 5290 et
3631 5235 3824 5304 vigore

2229 5330 2382 5383 fuerit
2407 5329 2606 5395 anima,
2624 5328 2815 5384 laxatis
2840 5328 3095 5383 membris
3112 5329 3377 5398 corporis,
3403 5336 3459 5383 et
3474 5327 3616 5383 bello
3642 5327 3818 5392 finito,

2228 5431 2353 5475 tunc
2380 5421 2521 5475 ducti
2549 5433 2734 5475 sumus
2759 5419 2825 5474 ad
2853 5419 3269 5489 philosophiam.
3303 5419 3462 5490 Atqui
3489 5427 3702 5481 contra,
3738 5418 3823 5471 ii:-

2225 5515 2395 5583 quies,
2428 5528 2516 5569 res
2546 5527 2605 5567 se
2629 5511 2791 5566 habet
2823 5529 2836 5566 :
2867 5527 2962 5568 eos
2985 5513 3072 5583 qui
3105 5521 3232 5566 sunt
3258 5496 3629 5567 adolescentes
3655 5509 3820 5565 doce-

2225 5623 2366 5673 mus,
2397 5606 2490 5661 sed
2524 5621 2628 5660 non
2658 5620 2847 5675 magna
2875 5605 3152 5676 dogmata,
3185 5620 3372 5661 verum
3403 5604 3728 5660 rhetoricam
3760 5610 3817 5656 et

2225 5698 2437 5754 dicendi
2474 5696 2780 5752 facultatem
2815 5714 2829 5762 ;
2864 5699 2978 5754 haec
3003 5714 3133 5754 vero
3161 5697 3378 5769 quando
3404 5697 3601 5754 ﬂorent
3629 5704 3811 5750 aetate.

2228 5790 2360 5846 Vide
2388 5798 2565 5846 autem
2599 5788 2764 5845 Deum
2807 5806 3018 5862 imoque
3052 5789 3165 5847 lucc
3198 5790 3373 5846 facere
3403 5788 3543 5860 apud
3572 5785 3816 5844 Judxos.
