4184 6494
466 495 572 553 339

460 613 666 670 Judmis
695 612 839 668 enim
888 620 1157 683 tamquam
1204 610 1389 682 pueris
1426 610 1568 665 Deus
1615 608 1817 664 Mosem
1860 606 2056 677 perc-

364 760 367 763 .
461 707 538 761 cit
584 705 695 760 ludi
745 705 1083 775 magistrum,
1113 713 1169 760 et
1211 712 1269 758 ttt
1298 703 1481 775 pueris
1522 703 1637 758 hzee
1668 701 1797 757 fecit"
1822 702 1927 766 ille,
1962 700 2061 755 ad-

462 796 725 852 umbrans
751 797 888 851 sicut
918 812 1016 851 nos
1046 797 1313 852 elementa
1344 814 1358 851 :
1392 795 1636 851 Umbram
1662 795 1795 847 enim
1820 834 1835 855 ,
1867 795 2057 863 inquit,

462 887 652 941 habens
674 887 758 940 lea:
786 886 1079 955 futurorum
1101 886 1347 941 bonorum
1371 928 1385 951 ,
1417 903 1519 941 non
1548 886 1715 955 ipsam
1745 902 1912 939 rerum
1934 886 2061 937 ima-

460 981 629 1049 ginem
670 980 690 1051 (
719 978 881 1034 Hebr.
910 981 998 1037 10.
1034 981 1058 1036 1
1094 980 1137 1052 ).
1188 980 1338 1037 Sicut
1366 995 1463 1035 nos
1493 979 1674 1051 pueris
1702 990 1761 1034 et
1787 980 2062 1049 placentas

458 1075 712 1141 emimus,
744 1085 799 1131 et
826 1077 1134 1133 nummulos
1164 1078 1356 1133 damus
1380 1120 1396 1142 ,
1429 1094 1593 1132 unum
1623 1077 1693 1132 ab
1722 1077 1801 1133 eis
1830 1078 2052 1147 exigen-

461 1175 543 1221 tes
564 1176 623 1220 ut
644 1181 787 1221 nunc
814 1179 939 1222 eant
967 1168 1035 1222 ad
1064 1170 1245 1224 ludum
1275 1170 1571 1225 literarium
1603 1187 1615 1225 :
1648 1170 1718 1225 ita
1756 1170 1893 1225 Deus
1936 1179 2062 1225 tunc

460 1275 678 1330 quoque
721 1270 775 1316 et
827 1261 1041 1317 divitias
1068 1263 1213 1319 dedit
1251 1275 1306 1320 et
1349 1265 1567 1320 delicias
1594 1306 1609 1330 ,
1652 1265 1816 1319 multa
1860 1280 2059 1320 conce-

457 1351 639 1407 dendo
660 1369 824 1407 unum
848 1354 917 1408 ab
946 1355 1028 1409 eis
1048 1371 1258 1422 emens,
1282 1366 1340 1411 ut
1367 1357 1616 1412 audirent
1645 1358 1904 1430 Moysem.
1929 1357 2064 1412 Pro-

460 1454 645 1515 pterea
697 1447 847 1501 dedit
893 1463 990 1503 eos
1038 1448 1248 1505 doctori
1298 1465 1362 1505 ac
1413 1452 1717 1521 magistro,
1767 1467 1835 1506 ne
1884 1452 2058 1521 ipsum

458 1536 844 1605 despicerent,
879 1538 973 1593 sed
1018 1548 1076 1593 ut
1118 1549 1326 1612 patrem
1370 1541 1691 1596 benevolum
1721 1541 2055 1611 exciperent.

462 1626 595 1682 γωδ
613 1628 886 1695 quomodo
913 1629 1059 1683 illum
1089 1632 1263 1686 solum
1294 1632 1719 1688 timuerint.Nun
1747 1633 1887 1687 enim
1908 1632 2061 1687 dixe-

458 1726 614 1785 runt,
638 1717 737 1774 Ubi
781 1727 866 1775 est
906 1719 1048 1775 Deus
1072 1762 1088 1787 ,
1117 1720 1210 1777 sed
1238 1761 1254 1785 ,
1285 1722 1384 1779 Ubi
1434 1735 1518 1779 est
1567 1724 1777 1795 Moyses
1800 1724 1827 1776 ?
1851 1731 1907 1777 et
1935 1739 2058 1778 cum

458 1810 643 1865 silum.
659 1810 897 1877 adesset,
915 1824 1033 1869 erat
1058 1814 1337 1870 terribilis.
1372 1815 1600 1884 Quando
1629 1817 1793 1887 igitur
1815 1817 1955 1870 male
1985 1818 2059 1870 fe-

457 1911 687 1969 cerunt,
722 1902 843 1959 vide
870 1906 1144 1974 quomodo
1167 1922 1263 1964 eos
1288 1910 1478 1977 puniit.
1508 1909 1641 1963 Nam
1675 1910 1813 1964 Deus
1841 1909 2056 1979 quidem

462 1994 675 2050 volebat
713 2010 809 2051 eos
848 1997 1100 2054 abdicare
1127 2041 1142 2065 ,
1177 2000 1292 2069 ipse
1323 2016 1453 2056 vero
1479 2016 1585 2056 non
1617 2003 1913 2072 permittit;
1950 2003 2059 2057 imo

465 2101 591 2141 vero
614 2096 778 2143 totum
807 2088 905 2144 fuit
928 2090 1044 2157 Dei,
1068 2090 1157 2145 illo
1182 2101 1452 2162 tamquam
1478 2100 1629 2161 patre
1655 2094 1915 2157 minante,
1941 2109 2054 2146 ma-

458 2180 627 2248 gistro
654 2189 834 2236 autem
860 2193 1083 2252 rogante
1109 2198 1173 2238 ac
1194 2183 1526 2255 deprecante
1547 2185 1893 2253 dicenteque,
1928 2187 2056 2241 Mihi

457 2269 727 2339 cundona,
759 2284 814 2328 et
838 2274 906 2329 ab
934 2274 1059 2331 inde
1083 2276 1133 2329 in
1158 2292 1245 2332 me
1269 2277 1530 2345 suscipio.
1559 2276 1649 2332 Sic
1670 2278 1942 2333 desertum
1963 2278 2060 2333 fuit

457 2362 615 2419 ludus
647 2364 935 2421 literarius.
967 2367 1033 2421 Et
1061 2368 1201 2423 sicut
1229 2369 1376 2438 ptteri
1405 2384 1526 2424 cum
1559 2370 1612 2424 in
1658 2370 1783 2424 ludo
1814 2357 2060 2428 lilerario

456 2453 657 2509 fuerint
685 2455 846 2527 longo
874 2467 1140 2528 tempore,
1173 2461 1360 2516 Volunt
1387 2460 1645 2516 recedere
1676 2478 1689 2514 :
1726 2461 1795 2516 ita
1826 2462 1898 2516 illi
1927 2478 2062 2533 quo-

456 2559 561 2614 que
589 2554 717 2601 tunc
757 2548 973 2602 assidue
999 2550 1317 2619 quazrebant
1346 2551 1642 2623 Egyptum
1670 2592 1686 2619 ,
1717 2561 1773 2607 et
1818 2552 2021 2608 flebant
2040 2595 2055 2619 ,

456 2637 703 2695 dicentes
733 2681 748 2704 ,
793 2640 1093 2707 Periimus,
1126 2647 1430 2715 consumpti
1464 2662 1652 2699 sumus
1678 2686 1695 2712 ,
1729 2647 2055 2701 interiimus.

458 2730 525 2785 Et
554 2732 799 2787 tabulam.
814 2749 1001 2789 eorum
1032 2736 1287 2790 contrivit
1312 2736 1543 2808 Moyses.
1575 2753 1697 2793 eum
1727 2740 1887 2793 veluti
1912 2755 2059 2809 qua:-

456 2822 580 2877 d‘am
604 2827 821 2880 nomina
850 2824 930 2882 eis
962 2828 1293 2897 scripsisset.
1327 2829 1480 2897 Quod
1527 2832 1693 2884 etiam
1725 2832 1910 2886 fecerit
1939 2847 2056 2886 ma-

456 2915 645 2983 gister,
665 2930 789 2970 cum
816 2928 1033 2988 accepta
1060 2919 1234 2975 tabula
1259 2936 1379 2976 eam
1404 2921 1596 2977 viderit
1616 2923 1763 2978 male
1779 2923 2053 2993 scriptam,

460 3005 631 3075 ipsam
676 3024 891 3080 quoque
924 3009 1058 3081 jacit
1100 3012 1379 3079 tabulam,
1410 3029 1659 3085 magnam
1707 3014 1840 3070 iram
1872 3016 2059 3070 volens

458 3099 747 3157 ostendere
774 3111 884 3167 ;.ct
924 3102 969 3157 si
1009 3102 1339 3174 confregerit
1368 3146 1383 3171 ,
1436 3116 1589 3177 pater
1633 3121 1738 3162 non
1786 3108 2053 3163 irascitur.

457 3190 592 3247 Nam
622 3193 735 3264 ipse
762 3193 977 3264 quidem
1004 3194 1054 3250 ei
1080 3196 1379 3252 scribendae
1403 3196 1755 3266 incubuerat;
1782 3200 1855 3255 illi
1878 3210 2057 3255 autem

460 3300 567 3339 non
592 3285 657 3341 ad
696 3301 819 3341 eum
851 3289 1205 3357 astticieutes,
1234 3289 1339 3344 sed
1362 3290 1468 3344 alio
1494 3294 1763 3356 COHVCI'ai,
1788 3309 1845 3349 se
1864 3295 2058 3350 immo-

459 3376 610 3432 deste
628 3388 680 3434 et
712 3379 1007 3437 insolenter
1033 3381 1318 3451 gerebant:
1339 3391 1394 3438 et
1419 3383 1557 3438 sicut
1590 3383 1640 3438 in
1670 3384 1797 3439 ludo
1820 3387 2059 3445 literario

461 3471 613 3541 pueri
643 3486 709 3527 se
733 3473 957 3529 invicem
988 3474 1232 3545 pulsant,
1262 3475 1331 3530 ita
1385 3485 1509 3530 tunc
1539 3492 1751 3548 quoque
1777 3479 1936 3549 jussit
1960 3497 2056 3536 eos

462 3576 521 3616 se
539 3574 730 3619 mutuo
754 3565 1038 3621 verberare
1055 3576 1107 3621 et
1127 3567 1452 3623 interimere.
1469 3569 1535 3624 Et
1551 3585 1736 3625 rursus
1762 3571 1901 3628 sicut
1926 3573 2058 3629 dans

459 3652 792 3725 disciplinas,
822 3658 1018 3713 deinde
1046 3660 1288 3729 exigens,
1319 3670 1371 3716 et
1400 3678 1505 3716 non
1536 3664 1839 3731 inveniens,
1862 3665 1931 3719 ita
1965 3681 2059 3736 pu-

462 3746 659 3802 niebat.
704 3747 773 3806 Ut
811 3750 958 3805 verbi
1001 3752 1170 3821 gratia
1204 3768 1219 3810 :
1265 3752 1431 3809 litera:
1457 3764 1612 3809 erant
1642 3755 1733 3811 Dei
1767 3758 2055 3827 potentiam

461 3840 757 3898 indicantes
784 3858 903 3913 qua:
948 3846 999 3899 in
1026 3844 1260 3919 Egypto
1285 3858 1434 3918 gesta
1479 3858 1623 3903 sunt.
1659 3848 1821 3915 Sane,
1852 3852 2053 3923 inquit;

458 3931 553 3986 sed
597 3934 701 3989 illa:
744 3935 911 3991 litera:
951 3938 1553 4011 signiﬁcabantplagas.
1587 3941 1691 3997 Sed
1715 3945 1929 4013 etquod
1962 3962 2059 4016 pu-

460 4026 569 4081 niat
614 4026 896 4095 inimicos;
927 4038 980 4086 et
1007 4041 1160 4087 erant
1200 4032 1280 4088 eis
1325 4033 1479 4088 ludus
1526 4034 1794 4090 literarius
1840 4052 2058 4092 accura-

460 4126 565 4172 tus.
593 4119 729 4189 Quid
757 4122 902 4177 enim
929 4133 1046 4178 erat
1072 4123 1214 4179 aliud
1239 4126 1817 4194 punitioinimicorum
1841 4170 1855 4193 ,
1892 4146 2054 4200 quam

460 4218 694 4265 vestrum
726 4212 1091 4269 beneﬁcium?
1114 4215 1328 4286 Alioqui
1359 4226 1537 4272 autem
1569 4232 1666 4272 vos
1696 4235 1908 4289 quoque
1932 4221 2054 4276 affi-

459 4301 634 4356 ciebat
658 4302 955 4371 benelicio;
980 4316 1033 4361 et
1061 4306 1287 4376 perinde
1316 4306 1437 4373 fuit,
1457 4317 1517 4362 ut
1544 4309 1588 4362 si
1621 4310 1883 4380 quispiam
1911 4311 2054 4369 dicat

460 4394 673 4463 quidem
697 4411 757 4452 se
784 4413 943 4453 nosse
972 4399 1431 4471 literas,.sparsim
1453 4409 1631 4456 autem
1666 4402 2051 4473 interrogatus,

460 4501 565 4540 nun
589 4488 863 4554 inveniat,
893 4499 947 4544 et
977 4491 1312 4547 verberetur.
1339 4491 1414 4549 Ita
1446 4493 1523 4548 illi
1555 4509 1773 4565 quoque
1798 4494 2055 4552 dicebant

457 4579 675 4648 quidem
705 4596 774 4637 se
787 4597 946 4637 nosse
975 4584 1064 4639 Dei
1096 4586 1424 4654 potentiam;
1449 4586 1493 4641 si
1520 4588 1747 4657 sparsim
1780 4598 1959 4645 autem
1985 4590 2055 4647 ab

456 4670 536 4724 eis
561 4672 868 4742 exigeretur
896 4674 1009 4743 ipsa
1036 4679 1275 4747 cognitio
1298 4720 1312 4741 ,
1351 4694 1417 4733 ne
1444 4679 1751 4748 praabebant
1779 4680 2049 4751 quidem,

457 4769 512 4816 ct
539 4762 660 4817 ideo
693 4765 1141 4822 verberabantur.
1179 4768 1371 4825 Vidisti
1411 4772 1640 4842 aquam?
1669 4772 2054 4829 debes-recor-

461 4853 571 4908 dari
602 4870 755 4926 aqua:
785 4873 904 4928 qua:
928 4858 1031 4914 fuit
1058 4861 1109 4915 in
1141 4860 1400 4931 Egypto.
1434 4862 1565 4917 Nam
1584 4864 1682 4933 qui
1710 4879 1773 4918 ex
1808 4881 1942 4935 aqua
1978 4865 2054 4921 fe-

457 4945 527 4999 eit
549 4949 861 5018 sanguinem
884 4991 899 5016 ,
934 4953 1128 5022 poterit
1160 4954 1273 5022 ipse
1300 4969 1513 5025 quoque
1542 4956 1642 5010 ltue
1669 4956 1868 5011 facere.
1902 4960 2051 5014 Sicut

456 5055 554 5097 nos
582 5058 727 5112 stupe
757 5043 985 5100 dicimus
1014 5046 1193 5116 pueris
1219 5089 1232 5111 ,
1275 5045 1409 5102 Cum
1440 5047 1643 5103 videris
1674 5049 1725 5103 in
1759 5049 1898 5105 libro
1939 5051 2051 5108 ele-

455 5144 716 5201 mentum,
739 5138 802 5201 A,
828 5137 1115 5193 recordare
1140 5138 1282 5209 quod
1302 5139 1351 5193 id
1376 5138 1612 5194 habebas
1641 5141 1690 5194 in
1722 5140 1939 5197 tabella.
1962 5142 2053 5198 Vi-

455 5222 579 5279 disti
634 5227 866 5282 famem?
899 5228 1188 5284 recordare
1236 5230 1377 5300 quod
1424 5230 1465 5284 is
1495 5232 1609 5300 ipse
1649 5238 1769 5286 erat
1810 5232 1898 5302 qui
1926 5248 2049 5303 ger-

455 5317 597 5369 mina
649 5318 899 5387 perdidit.
934 5319 1120 5376 Vidisti
1155 5321 1337 5377 bella?
1384 5321 1667 5376 recordare
1719 5322 1921 5380 diluvii.
1958 5323 2050 5379 Vi-

454 5406 577 5462 disti
608 5424 830 5479 magnos
858 5426 979 5467 esse
1020 5413 1107 5483 qui
1137 5422 1333 5467 terram
1358 5412 1638 5467 habitant?
1673 5415 1768 5469 sed
1799 5430 1906 5469 non
1938 5432 2051 5472 tua-

450 5496 597 5568 jores
621 5496 910 5571 Egyptiis.
932 5502 1031 5572 Qui
1050 5518 1117 5559 ex
1139 5519 1326 5559 eorum
1351 5505 1603 5559 mediote
1625 5505 1846 5570 exemit,
1867 5520 2046 5561 annon

454 5591 624 5645 multo
666 5592 834 5661 magis
874 5601 924 5647 te
965 5608 1087 5647 eum
1135 5596 1210 5649 sis
1257 5606 1411 5651 extra
1437 5595 1904 5652 servaveritTSed
1938 5614 2046 5653 non

455 5694 649 5740 norant
678 5685 1051 5756 sede-sparsis
1083 5688 1400 5757 interrogari
1431 5689 1756 5755 elementis;
1792 5701 2048 5760 propter-

454 5793 515 5834 ea
558 5777 1002 5833 verberabantur.
1035 5778 1402 5837 Cetnederunt
1431 5792 1486 5838 et
1512 5783 1765 5837 biberunt
1794 5791 1849 5837 et
1877 5783 2050 5837 recal-

453 5871 733 5927 citrarunl.
753 5870 1046 5943 Oportebat
1074 5873 1125 5927 in
1160 5888 1352 5927 manna
1385 5889 1490 5928 non
1520 5888 1762 5943 quaerere
1799 5875 2047 5946 volupta-

458 5973 564 6022 teut
593 6005 611 6035 ,
636 5979 759 6021 cum
792 5963 916 6023 inde
958 5974 1137 6022 ortum
1175 5966 1377 6023 malum
1408 5967 1739 6027 didicissent.
1776 5971 1841 6028 Et
1884 5972 2024 6030 idem

1387 491 1452 547 IN
1494 490 1708 548 EPIST.
1751 489 1845 546 AD
1881 488 2163 546 COLOSS.
2205 488 2363 545 CAP.
2404 489 2444 545 ι.
2491 490 2723 546 ilOMlL.
2768 491 2856 549 IV.

3665 504 3771 563 330

2191 604 2458 659 faciebant
2488 605 2629 675 quod
2663 623 2794 675 ptter
2819 607 3085 679 ingenuus
3116 610 3312 668 missus
3339 613 3405 669 ad
3433 613 3615 672 ludum
3646 618 3771 675 lite-

2172 699 2372 751 rarium
2400 738 2414 762 ,
2442 698 2531 767 qui
2562 707 2769 768 quwrat
2806 698 3004 769 degere
3042 716 3163 757 cum
3193 704 3389 773 servis,
3416 716 3471 763 et
3502 708 3581 764 eis
3608 711 3773 765 mini-

2172 798 2375 852 strare;
2401 801 2598 845 etcum
2627 795 2959 849 necessarios
2986 810 3049 849 ae
3074 794 3308 866 ingenuo
3326 798 3514 870 dignos
3535 802 3684 857 cibos
3716 804 3769 858 in

2171 896 2357 935 mensa
2391 882 2556 951 patris
2578 881 2774 937 sedens
2800 900 3015 940 sumere
3044 888 3234 956 possit,
3271 890 3422 944 malit
3454 890 3553 946 frui
3584 892 3766 948 fmtida

2171 984 2222 1028 et
2250 975 2475 1028 tumultu
2520 990 2583 1030 ac
2628 977 3035 1045 perturbatione
3058 980 3215 1047 plena
3248 996 3527 1037 servorum
3552 1000 3760 1040 mensa.

2171 1064 2245 1118 Ita
2278 1075 2332 1120 et
2365 1066 2437 1120 illi
2468 1066 2764 1138 Egyptum
2795 1070 3130 1138 qumrebant.
3167 1071 3232 1126 Et
3274 1072 3527 1128 dicebant
3554 1074 3720 1149 Moysi
3748 1119 3763 1143 ,

2170 1156 2333 1223 Certe,
2359 1156 2579 1213 Domine
2608 1178 2627 1214 :
2654 1162 2825 1215 omnia
2852 1178 3180 1232 qutt'cumque
3204 1164 3397 1219 dixeris
3427 1168 3689 1236 faciemus,
3719 1179 3767 1222 et

2167 1251 2435 1306 audiemus
2468 1254 2489 1323 (
2516 1251 2689 1309 Exod.
2722 1253 2814 1310 24.
2843 1255 2873 1309 7
2900 1255 2940 1327 ).
2977 1254 3043 1309 Et
3074 1266 3129 1310 ut
3158 1268 3311 1327 patre
3343 1258 3767 1317 inemendabiles

2169 1342 2308 1399 filius
2330 1345 2645 1402 interimere
2678 1348 2895 1402 volente
2918 1389 2934 1414 ,
2968 1349 3231 1420 magister
3256 1351 3474 1406 assidue
3498 1352 3762 1423 depreca-

2169 1445 2274 1500 tur,
2305 1438 2354 1493 id
2387 1451 2511 1495 tunc
2533 1456 2681 1511 smpe
2713 1440 2911 1495 factum
2944 1451 3048 1497 est.

2238 1530 2290 1583 4.
2325 1530 2431 1585 Cur
2457 1531 2571 1586 lnec
2600 1547 2630 1585 a
2661 1533 2817 1587 nobis
2845 1533 2988 1587 dicta
3013 1534 3179 1588 sunt?
3206 1534 3358 1602 Quod
3387 1551 3415 1590 a
3453 1539 3635 1608 pueris
3678 1538 3765 1595 ni-

2168 1617 2239 1673 hil
2280 1619 2614 1677 differamus.
2650 1622 2744 1678 Vis
2781 1624 2972 1679 audire
3012 1641 3202 1680 eorum
3249 1644 3463 1698 quoque
3509 1630 3762 1702 dogmata

2168 1726 2455 1779 puerorum
2484 1714 2647 1770 esse?
2676 1713 2895 1769 Oculum
2921 1758 2935 1781 ,
2970 1717 3142 1787 inquit
3170 1759 3183 1782 ,
3213 1735 3309 1788 pro
3336 1721 3484 1775 oculo
3510 1763 3524 1787 ,
3555 1732 3603 1775 et
3634 1723 3765 1778 den.

2165 1812 2265 1856 tem
2297 1821 2389 1873 pro
2412 1805 2563 1861 dente
2603 1808 2621 1877 (
2650 1805 2771 1861 Lev.
2805 1807 2898 1862 24.
2921 1806 3056 1880 20).
3086 1808 3277 1865 Merito
3307 1826 3321 1865 :
3346 1813 3481 1868 nihil
3513 1815 3655 1870 enim
3695 1815 3766 1871 ad

2166 1897 2423 1953 ultionem
2466 1915 2619 1970 arque
2664 1900 2923 1957 incitatur
2959 1912 3122 1973 atque
3164 1906 3317 1975 pueri
3356 1907 3591 1963 animus.
3628 1908 3763 1965 Nam

2164 1990 2419 2058 quoniam
2449 1992 2675 2048 rationis
2705 2004 2920 2064 egestas
2947 2006 3033 2050 est
3059 2004 3115 2051 et
3144 1998 3308 2051 animi
3332 2007 3511 2055 motus
3537 2014 3758 2070 tte-per-

2166 2083 2419 2150 turbatio,
2450 2100 2643 2173 magna
2673 2096 2854 2142 autem
2880 2098 3094 2159 egestas
3123 2091 3347 2147 rationis
3376 2102 3431 2147 et
3454 2095 3765 2150 considera-

2169 2174 2331 2229 tionis
2372 2186 2456 2231 est
2506 2177 2558 2231 in
2611 2178 2700 2232 illa
2744 2187 2943 2245 aetate,
2974 2181 3168 2236 merito
3214 2182 3282 2238 ab
3334 2184 3428 2239 ira:
3476 2188 3763 2257 tyrannide

2166 2266 2485 2333 opprimitur
2528 2284 2697 2337 puer;
2737 2277 2790 2325 et
2839 2279 2982 2325 tanta
3015 2272 3301 2342 tyrannide
3317 2304 3335 2338 ~,
3365 2284 3425 2330 ut
3451 2290 3605 2346 stupe
3640 2293 3763 2333 cum
3817 2275 3829 2289 '

2165 2358 2233 2413 ad
2262 2370 2455 2415 terram
2488 2376 2546 2417 se
2574 2362 2799 2418 alliserit
2829 2372 2883 2419 et
2912 2367 3227 2432 surrexerit,
3253 2376 3345 2423 aut
3363 2368 3604 2425 irascens
3621 2386 3762 2441 genu

2166 2453 2365 2522 pulset,
2397 2464 2489 2509 aut
2513 2455 2806 2511 scabetlum
2835 2468 3063 2521 evertat;
3095 2468 3148 2515 et
3176 2459 3246 2515 ita
3268 2460 3510 2517 dolorem
3534 2464 3687 2520 sedet
3710 2474 3767 2521 et

2167 2545 2298 2599 iram
2331 2548 2654 2619 exstinguat.
2677 2549 2809 2605 Tale
2837 2550 2967 2619 quid
2996 2552 3157 2606 etiam
3192 2553 3332 2607 Deus
3353 2554 3498 2623 fecit,
3522 2557 3754 2613 oculum

2166 2650 2264 2704 pro
2288 2637 2443 2691 oculo
2469 2638 2602 2693 dans
2621 2640 3065 2709 exsculpendutn,
3096 2650 3151 2697 et
3180 2642 3523 2714 dentempro
3549 2646 3712 2704 dente
3737 2689 3753 2713 ,

2164 2736 2219 2783 et
2248 2726 2531 2799 Egyptios
2575 2730 2869 2800 perituens,
2902 2748 3110 2788 necnon
3145 2734 3469 2791 Amalecitss
3499 2739 3589 2809 qui
3616 2739 3764 2810 ipsos

2166 2818 2413 2873 molestia
2442 2818 2759 2875 affecerant.
2788 2822 2852 2876 Et
2878 2822 3006 2877 talia
3034 2823 3113 2879 eis
3138 2826 3401 2894 promittit
3430 2870 3445 2893 ,
3477 2839 3532 2884 ut
3560 2830 3604 2886 si
3634 2832 3756 2902 quis

2165 2907 2310 2964 dicat
2346 2927 2360 2964 :
2392 2910 2572 2977 Pater,
2605 2912 2693 2968 ille
2721 2929 2809 2968 me
2840 2916 3109 2984 percussit
3131 2932 3145 2982 ;
3169 2918 3366 2974 deinde
3391 2920 3534 2977 dicat
3564 2934 3719 2994 pater
3741 2967 3765 2993 ν

2167 3001 2260 3057 Ille
2290 3002 2452 3059 homo
2479 3006 2759 3062 malusest
2786 3048 2802 3073 ,
2833 3007 2981 3064 illum
3008 3008 3300 3068 habeamus
3322 3012 3467 3069 odio.
3499 3014 3572 3073 lta
3599 3018 3763 3074 etiam

2170 3094 2355 3152 Deus:
2387 3095 2479 3151 Eis
2504 3098 2592 3167 qui
2626 3097 2723 3153 tibi
2744 3111 2871 3154 sunt
2899 3100 3099 3156 inimici
3127 3116 3223 3157 ero
3251 3103 3517 3166 inimicus.
3545 3108 3715 3180 inquit
3742 3153 3757 3177 ,

2167 3196 2224 3242 et
2246 3203 2341 3245 eos
2370 3190 2459 3260 qui
2492 3200 2541 3246 te
2562 3191 2796 3259 oderint,
2815 3192 2982 3248 odero
3004 3192 3201 3265 (Exod.
3225 3193 3316 3252 25.
3344 3195 3458 3269 22).
3485 3198 3552 3254 Et
3577 3216 3766 3257 rursus

2167 3282 2382 3352 quando
2421 3284 2741 3354 precabatur
2772 3286 2989 3341 Balaam
3014 3330 3028 3351 ,
3062 3288 3280 3357 puerilis
3320 3301 3436 3346 erat
3475 3308 3595 3363 qua:
3634 3294 3763 3365 ipsis

2169 3375 2304 3429 facta
2333 3385 2419 3431 est
2442 3376 2603 3431 animi
2627 3375 2905 3433 demissio.
2922 3378 3075 3435 Sicut
3095 3382 3238 3436 enim
3268 3384 3439 3452 pueri,
3458 3398 3578 3439 cum
3608 3387 3764 3458 quid-

2168 3466 2308 3535 piam
2338 3483 2445 3521 nun
2486 3468 2824 3526 formidabile
2865 3470 3046 3527 vident
3077 3512 3095 3540 ,
3147 3480 3203 3527 ut
3233 3472 3410 3531 lanam
3440 3486 3494 3531 et
3523 3476 3714 3534 similia
3741 3520 3758 3547 ,

2164 3558 2343 3613 statim
2368 3560 2594 3626 timent;
2629 3570 2863 3634 tuncque
2885 3580 2953 3621 ne
2986 3569 3175 3622 timere
3205 3578 3447 3638 pergant,
3479 3569 3530 3624 id
3558 3570 3624 3625 ad
3648 3586 3761 3626 ma-

2167 3667 2267 3706 nus
2295 3651 2507 3707 illorum
2535 3653 2854 3710 adducimus
2880 3698 2894 3723 ,
2942 3665 2997 3712 et
3024 3658 3259 3713 nutrices
3281 3658 3539 3729 jubemus
3567 3670 3756 3718 osten-

2165 3741 2296 3799 dere
2338 3742 2467 3814 quid
2512 3745 2583 3798 sit
2618 3762 2629 3798 :
2663 3746 2733 3800 ita
2758 3748 2918 3801 etiam
2947 3746 3075 3802 fecit
3103 3748 3244 3804 Deus
3277 3767 3291 3805 :
3319 3751 3571 3821 quoniam
3612 3762 3764 3810 vates

2164 3844 2282 3889 erat
2313 3836 2568 3891 terribilis
2595 3880 2610 3904 ,
2645 3841 2898 3894 timorem
2930 3838 3036 3894 illis
3062 3841 3349 3897 convertit
3371 3841 3425 3898 in
3458 3843 3758 3901 audaciam.

2167 3928 2232 3982 Et
2265 3927 2405 3984 sicut
2443 3929 2675 3986 infantes
2712 3932 2802 4002 qui
2842 3931 3185 3988 ablactantur
3211 3975 3228 4001 ,
3258 3936 3438 3991 omnia
3470 3935 3669 3994 habent
3707 3938 3761 3994 itt

2165 4022 2343 4090 parvis
2369 4022 2593 4077 calathis
2623 4041 2647 4077 :,
2670 4023 2739 4078 ita
2769 4024 2877 4080 illis
2903 4042 3116 4097 quoque
3137 4026 3300 4083 dabat
3319 4029 3520 4097 omnia,
3544 4038 3600 4087 et
3626 4029 3764 4087 mul-

2168 4124 2248 4169 tas
2278 4114 2522 4171 delicias.
2566 4117 2674 4172 Sed
2706 4122 2845 4173 sicut
2874 4117 3049 4174 infans
3074 4121 3298 4190 requirit
3325 4136 3615 4179 mammam
3642 4164 3655 4188 ,
3688 4124 3759 4179 itn

2166 4207 2253 4261 iall
2281 4224 2498 4279 quoque
2522 4209 2840 4281 Egyptnm,
2869 4219 2925 4266 et
2944 4227 3065 4281 qua:
3096 4212 3203 4268 illic
3229 4221 3385 4267 erant
3410 4228 3624 4271 carnes.

2235 4297 2374 4353 Laus
2416 4299 2628 4371 Moysis.
2660 4300 2766 4354 Cur
2793 4300 3024 4357 Christus
3059 4306 3109 4355 in
3154 4303 3399 4358 mundum
3440 4307 3636 4362 tardius
3679 4324 3756 4362 tte-

2164 4392 2314 4443 nerit.
2333 4420 2404 4431 —
2419 4391 2780 4459 Quamobrem
2815 4410 2919 4447 non
2941 4393 3303 4461 aberraverit,
3318 4396 3407 4465 qui
3436 4395 3675 4469 Meysem
3705 4409 3760 4457 et

2162 4483 2439 4539 doctorem
2481 4493 2536 4539 et
2573 4485 2798 4541 altorem
2840 4486 3271 4559 et‘predagogutn
3302 4490 3673 4561 appellaverit,
3705 4502 3761 4551 et

2162 4575 2280 4647 ejus
2307 4593 2551 4648 magnam
2583 4578 2775 4635 dixerit
2805 4595 2926 4637 esse
2953 4582 3290 4652 sapientiam.
3326 4582 3441 4641 Non
3471 4596 3594 4642 sunt
3615 4587 3759 4645 enim

2164 4670 2309 4739 paria
2341 4671 2469 4725 viris
2494 4671 2605 4741 jam
2644 4671 2977 4744 pltilo50phis
3004 4689 3259 4745 praeesse,
3292 4686 3346 4732 et
3374 4678 3553 4747 puetis
3583 4679 3756 4749 impe-

2163 4777 2305 4825 rare,
2336 4762 2545 4818 ratione
2569 4764 2746 4818 minus
2774 4765 3027 4835 prazditis.
3057 4767 3141 4832 Et,
3173 4769 3215 4823 si
3247 4768 3391 4823 aliud
3417 4785 3628 4843 quoque
3649 4772 3759 4829 vul-

2164 4855 2232 4909 tis
2258 4854 2464 4921 audire,
2500 4857 2639 4911 sicut
2670 4858 2849 4911 nutrix
2882 4858 3013 4912 dicit
3041 4858 3253 4927 infanti,
3286 4860 3511 4931 Quando
3541 4878 3600 4918 es
3629 4879 3757 4934 cge-

2161 4960 2363 5012 smrus,
2399 4957 2574 5002 vestes
2605 4955 2724 5001 tuas
2752 4948 2946 5018 collige
2983 4957 3038 5005 et
3077 4964 3367 5021 compone,
3409 4964 3463 5008 et
3502 4955 3756 5027 quamdiu

2160 5038 2465 5094 considebis
2490 5056 2505 5094 :
2529 5038 2600 5093 ita
2622 5043 2784 5093 etiam
2815 5039 3044 5095 faciebat
3069 5040 3301 5113 Moyses.
3324 5042 3392 5098 Et
3413 5044 3549 5101 sicut
3568 5062 3759 5103 omnes

2159 5133 2325 5189 animi
2356 5142 2533 5189 motus
2563 5143 2617 5189 et
2660 5134 3093 5205 perturbationes
3136 5137 3470 5211 tyrannidem
3502 5150 3763 5196 exercent

2159 5224 2212 5279 iu
2259 5224 2441 5295 pueris
2484 5222 2761 5297 (nondum
2797 5224 2941 5279 enim
2994 5223 3193 5281 habent
3241 5226 3526 5299 aurigam),
3581 5229 3758 5286 inanis

2158 5316 2366 5388 gloria,
2390 5315 2674 5387 cupiditas,
2729 5315 2953 5370 rationis
2983 5325 3215 5387 egestas,
3259 5318 3359 5384 ira,
3409 5318 3605 5373 invidia
3638 5334 3653 5374 :
3684 5319 3755 5375 ita

2157 5408 2319 5462 etiam
2351 5407 2404 5462 in
2436 5406 2638 5462 Iudaeis
2678 5406 2792 5461 bare
2820 5406 2998 5461 omnia
3029 5406 3362 5461 dominatum
3391 5408 3700 5466 obtinebant
3738 5428 3752 5467 :

2157 5500 2529 5571 conspucbant
2559 5500 2819 5571 Moysem,
2838 5500 3227 5555 verberabant.
3259 5500 3329 5555 Et
3352 5500 3486 5555 sicut
3509 5516 3645 5573 puer
3666 5517 3757 5558 ac-

2157 5592 2287 5665 cipit
2313 5591 2564 5662 lapidem,
2596 5602 2651 5646 et
2680 5606 2871 5647 omnes
2897 5590 3214 5656 clamamus,
3249 5592 3386 5648 One
3414 5591 3610 5663 ieceris
3637 5610 3652 5650 :
3681 5595 3754 5649 ita

2158 5687 2230 5741 illi
2269 5702 2481 5757 quoque
2529 5684 2732 5756 lapides
2762 5684 3045 5756 capiebant
3085 5682 3346 5739 adversus
3385 5696 3631 5754 patrem;
3664 5685 3755 5742 ille.

2159 5795 2287 5833 vero
2318 5778 2570 5850 fugiebat.
2594 5778 2661 5832 Et
2681 5780 2819 5832 sicut
2846 5776 2891 5831 si
2916 5786 3292 5831 ornamentum
3322 5776 3537 5848 aliquod
3561 5776 3754 5833 habeat

2159 5881 2332 5943 pater,
2362 5872 2430 5927 ab
2459 5886 2525 5927 eo
2551 5872 2681 5941 petit
2708 5885 2840 5941 puer
2860 5868 3163 5925 ornamenti
3191 5868 3416 5942 cupidus
3443 5889 3457 5923 :
3490 5869 3561 5925 ita
3588 5871 3750 5925 etiam

2162 5969 2404 6029 iccerunt
2431 5966 2635 6024 Dathan
2668 5976 2721 6023 et
2750 5965 2975 6033 Abirou,
3008 5964 3348 6036 insurgentes
3373 5963 3629 6021 adversus
3658 5981 3747 6021 sa-
