4184 6490
432 478 530 537 551

436 589 728 648 senionem
759 583 947 659 (Num.
979 581 1090 648 16).
1120 580 1284 634 Erant
1312 585 1489 631 autem
1529 571 1766 627 omnium
1799 570 2028 624 maxime

437 679 622 746 invidi,
664 677 834 733 rixosi
871 682 927 730 et
959 669 1254 740 imperfecti
1297 668 1349 721 iu
1391 664 1662 720 omnibus.
1695 661 1847 716 Tunc
1874 674 2024 729 ergo,

437 773 525 836 dic
565 769 719 834 mihi,
748 780 951 838 quaeso,
993 761 1231 833 oportuit
1257 759 1529 816 Christum
1569 767 1863 823 apparere;
1906 758 2030 805 tunc

439 862 556 923 hinc
600 866 863 929 praeCepta
904 855 1034 910 dare
1076 850 1470 923 philosophica,
1519 843 1735 916 quando
1786 840 2032 896 furebant

439 951 678 1016 libidine,
725 949 940 1020 quando
968 955 1122 1003 erant
1151 944 1276 1014 equi
1321 944 1373 997 in
1416 940 1640 995 feiuinas
1676 934 2028 997 insanientes,

440 1043 652 1114 quando
683 1040 990 1097 serviebant
1022 1037 1260 1108 pecuniae
1290 1043 1346 1088 et
1382 1031 1551 1088 Ventri
1573 1030 1596 1083 ?
1621 1027 1724 1084 Sed
1757 1024 2033 1080 effudisset

441 1135 761 1198 documenta
792 1129 1146 1203 philosophiae
1171 1127 1444 1181 disserens
1465 1137 1587 1176 cum
1621 1115 2028 1188 insipientibus;

440 1237 495 1289 et
525 1239 698 1294 neque
725 1222 864 1287 haec,
907 1234 1080 1290 neque
1118 1218 1205 1272 illa
1234 1214 1545 1270 didicissent
1575 1228 1588 1264 :
1617 1217 1674 1264 et
1698 1211 1836 1262 sicut
1868 1207 1912 1260 is
1941 1203 2031 1273 qui

441 1326 568 1372 ante
593 1317 859 1372 elementa
905 1312 1064 1366 docet
1105 1309 1305 1378 legere,
1351 1317 1639 1373 numquam
1671 1315 1738 1354 ne
1766 1297 2032 1352 elementa

444 1407 660 1477 quidem
691 1404 940 1466 docebit;
988 1403 1056 1455 ita
1101 1409 1228 1454 tunc
1269 1410 1502 1467 quoque.
1551 1390 1658 1446 Sed
1700 1404 1805 1443 non
1841 1399 1982 1442 nunc
2017 1402 2030 1438 :

446 1512 570 1555 nam
600 1511 696 1566 per
740 1493 835 1562 Dei
877 1492 1104 1563 gratiam
1149 1489 1314 1544 multa
1365 1479 1719 1540 mansuetudo
1768 1486 1824 1534 et
1869 1477 2033 1531 multa

447 1591 613 1652 virtus
643 1587 836 1656 ubique
860 1594 942 1640 est
979 1583 1234 1654 plautata.
1266 1580 1370 1633 Pro
1401 1575 1651 1631 omnibus
1681 1586 1810 1641 ergo
1835 1568 2034 1639 gratias

447 1693 684 1750 agamus,
729 1685 784 1732 et
826 1691 894 1732 ne
935 1675 1104 1729 simus
1149 1671 1370 1726 nimium
1399 1667 1618 1723 curiosi.
1651 1663 1784 1719 Nam
1826 1670 2035 1750 tempus

446 1749 546 1841 nos
573 1771 860 1834 nescimus,
904 1765 997 1822 sed
1028 1766 1128 1820 scit
1177 1763 1410 1818 Etl'eetnr
1442 1757 1725 1827 temporis,
1758 1764 1813 1809 et
1846 1749 2035 1820 Opifex

446 1864 783 1933 piaculorum.
807 1860 1068 1915 Omnbus
1093 1873 1225 1926 ergo
1249 1855 1320 1909 illi
1345 1853 1598 1908 cedamus
1623 1867 1634 1902 :
1661 1848 1764 1903 hoc
1791 1855 1870 1900 est
1894 1842 2035 1898 enim

1163 468 1219 522 S.
1258 461 1534 530 JOANNIS
1568 454 2048 516 CIIRYSOSTOMI
2083 451 2402 510 ARCIIIEP.
2426 451 2958 509 CONSTANTINOP.

3626 450 3732 509 33!

2138 564 2306 621 Deum
2355 565 2684 635 glorilicare,
2728 566 2797 621 de
2842 567 2904 620 iis
2952 582 3071 636 qua:
3116 566 3262 634 facit,
3313 566 3574 621 rationem
3624 581 3730 621 non

2134 658 2370 726 exigere.
2405 656 2495 713 Sic
2537 669 2592 714 et
2632 659 2899 712 Abraham
2945 659 3090 716 dedit
3141 661 3368 730 gratiam
3404 659 3514 712 Deo
3547 676 3561 712 :
3596 657 3730 716 Per-

2133 765 2338 802 suasum
2371 749 2580 816 habens,
2627 750 2814 818 inquit,
2858 751 2995 819 quod
3035 751 3089 804 id
3125 751 3262 823 quod
3293 752 3525 822 promisit
3555 761 3732 822 potens

2136 851 2211 892 est
2240 840 2392 893 etiam
2422 844 2589 912 facere
2620 841 2798 912 (llam.
2830 844 2883 896 Α.
2910 843 3026 914 21).
3072 844 3165 898 llle
3202 860 3269 898 ne
3299 844 3367 898 de
3397 845 3576 898 futuro
3609 845 3728 916 qui-

2135 930 2255 984 dem
2293 938 2376 984 est
2401 931 2706 988 sciscitatus
2738 948 2750 994 _:
2784 947 2881 986 nos
2925 943 3103 987 autem
3146 935 3305 988 etiam
3345 933 3412 988 de
3448 935 3733 1005 praeteritis

2136 1021 2400 1074 rationem
2430 1022 2596 1092 inquit
2615 1023 2771 1077 imus.
2808 1023 2940 1079 Vide
2963 1039 3160 1095 quanta
3188 1026 3258 1079 sit
3286 1027 3540 1090 amentia,
3565 1043 3734 1095 quan-

2138 1120 2247 1164 tum
2277 1111 2466 1181 ingrati
2493 1113 2658 1168 animi
2689 1115 2897 1168 vitium.
2926 1116 3030 1172 Sed
3061 1116 3126 1171 tle
3147 1126 3344 1172 cmtero
3365 1116 3690 1171 desistamus
3716 1135 3731 1172 :

2141 1202 2270 1256 nihil
2319 1203 2461 1282 enim
2509 1220 2572 1260 ex
2628 1221 2694 1261 eo
2735 1207 2869 1262 lucri
2899 1209 3179 1278 accipitur,
3211 1208 3305 1264 sed
3349 1225 3598 1280 magnum
3636 1209 3733 1263 da-

2138 1311 2321 1349 mnum
2353 1317 2366 1351 :
2397 1306 2452 1352 et
2479 1307 2631 1368 grato
2661 1301 2829 1355 simus
2859 1303 3037 1355 animo
3071 1302 3120 1356 in
3155 1311 3395 1356 nostrum
3427 1301 3732 1369 Dominum,

2139 1397 2193 1439 et
2222 1386 2330 1440 Deo
2358 1387 2584 1455 gloriam
2608 1391 2936 1456 emittamus,
2969 1403 3025 1446 ut
3052 1408 3148 1461 pro
3172 1393 3423 1446 omnibus
3448 1391 3736 1448 offerentes

2139 1476 2432 1544 gratiarum
2487 1481 2778 1546 actionem,
2829 1482 2947 1551 ejus
2996 1483 3364 1538 misericordia
3416 1483 3735 1554 dignemur,

2139 1566 2310 1634 gratia
2354 1575 2410 1622 et
2457 1567 2785 1639 benignitate
2833 1573 3040 1628 Domini
3092 1573 3259 1627 nostri
3317 1573 3444 1629 Jesu
3494 1574 3737 1639 Christi,

2141 1671 2261 1715 cum
2293 1673 2401 1727 quo
2443 1659 2586 1715 Patri
2621 1664 2884 1734 simulque
2915 1678 3102 1718 sancto
3144 1665 3365 1732 Spiritui
3407 1667 3600 1736 gloria,
3640 1668 3735 1721 im-

2144 1748 2374 1816 perium,
2406 1749 2598 1820 honor,
2632 1769 2772 1808 nunc
2812 1765 2868 1810 et
2909 1771 3142 1828 semper,
3175 1767 3228 1812 et
3259 1759 3310 1812 iu
3337 1759 3531 1813 saecula
3562 1774 3734 1813 sacu-

2144 1841 2342 1898 lorum.
2376 1846 2568 1902 Amen.

444 1977 3736 2012 Mm-

1846 2051 2193 2113 HOMILIA
2231 2053 2307 2114 ν.

383 2246 389 2254 ε
449 2215 574 2278 Car.
623 2216 675 2270 1.
725 2229 776 2267 v.
817 2214 908 2267 26.
954 2210 1278 2281 Mysterium,
1321 2205 1457 2276 quod
1499 2203 1594 2272 fuit
1633 2199 1982 2254 absconditum
2012 2215 2044 2250 lt

523 2307 724 2362 saeculis
751 2318 796 2360 et
825 2302 1257 2376 generationibus,
1302 2315 1434 2352 nunc
1469 2306 1636 2349 autent
1663 2293 2041 2362 manifestatum

405 2442 430 2464 ,ς
524 2408 598 2454 σει
627 2397 814 2450 sanctis
839 2396 970 2464 ejus,
1008 2392 1102 2446 27.
1133 2391 1312 2461 quibus
1342 2387 1499 2442 voluit
1531 2384 1669 2439 Deus
1702 2392 1846 2436 notas
1879 2384 2044 2451 facere

520 2489 723 2545 divitias
750 2488 929 2559 gloria:
953 2483 1256 2540 sacramenti
1280 2481 1432 2550 hujus
1454 2479 1505 2532 in
1531 2475 1782 2548 gentibus,
1809 2471 1944 2542 quod
1971 2478 2042 2523 est

523 2582 754 2640 Christus
781 2581 834 2634 in
864 2578 1005 2631 nobis
1031 2590 1146 2644 spes
1175 2573 1356 2643 gloria:
1385 2587 1402 2623 :
1429 2569 1517 2624 28.
1546 2584 1692 2637 quem
1721 2582 1810 2618 nos
1838 2578 2041 2616 annun-

523 2674 727 2735 tiamus,
773 2668 1105 2738 corripientes
1153 2679 1350 2719 onmem
1397 2659 1671 2722 hominent,
1711 2667 1757 2709 et
1810 2654 2044 2708 docentes

521 2780 718 2820 omnem
747 2761 1001 2817 hominem
1046 2760 1097 2812 in
1129 2756 1267 2811 omni
1302 2753 1573 2822 sapientia,
1620 2759 1672 2802 ut
1721 2747 2043 2801 exhibeantus

521 2873 721 2917 onmem
743 2855 995 2909 hominem
1019 2851 1300 2922 perfectum
1329 2847 1380 2899 in
1411 2843 1614 2899 Christo
1642 2840 1790 2893 Jesu.

525 2951 578 3004 σί.
618 2946 753 3002 Cum
783 2944 1008 3000 dixisset
1029 2957 1090 2997 ea
1115 2955 1233 3010 qua!
1255 2949 1440 2992 sumus
1461 2932 1756 3002 assequuti,
1787 2939 1839 2983 et
1861 2937 2043 2982 osten-

453 3041 622 3096 disset
653 3036 746 3093 Dei
775 3035 1159 3106 benignitatem
1190 3039 1243 3086 et
1273 3029 1557 3093 honorem,
1586 3040 1651 3078 ex
1680 3019 2046 3092 magnitudine

453 3144 642 3185 eorum
681 3141 801 3198 quae
839 3126 962 3179 data
989 3133 1133 3186 sunt,
1165 3133 1350 3175 rursus
1374 3115 1590 3172 adducit
1614 3113 1775 3168 aliam
1803 3107 2040 3179 amplifi-

451 3222 742 3285 cationem,
779 3231 974 3285 nempe
1013 3211 1157 3284 quod
1204 3225 1305 3266 nec
1334 3218 1459 3263 ante
1488 3220 1586 3261 nos
1625 3203 1892 3272 quispiam
1920 3213 2042 3254 eum

456 3313 623 3367 novit.
655 3309 807 3376 Quod
834 3308 996 3363 etiam
1029 3306 1155 3360 facit
1181 3303 1232 3357 in
1270 3300 1508 3372 Epistola
1539 3296 1607 3350 ad
1643 3293 1924 3364 Ephesios.
1967 3289 2040 3344 di-

453 3417 585 3458 cens
615 3422 628 3457 :
656 3400 839 3471 Neque
871 3396 1067 3467 angeli,
1107 3409 1283 3464 neque
1329 3389 1685 3457 Principatus,
1727 3398 1900 3453 neque
1941 3381 2046 3436 ulla

454 3496 561 3549 alia
591 3501 767 3548 creata
800 3492 989 3555 virtus,
1018 3488 1114 3542 sed
1142 3487 1290 3539 solus
1331 3483 1426 3536 Dei
1452 3480 1619 3535 Filius
1649 3477 1797 3532 novit
1827 3473 2045 3545 (Ephes.

453 3589 508 3660 ζ).
543 3586 619 3654 5).
652 3584 775 3645 Ideo
811 3597 914 3637 non
948 3580 1121 3634 solum
1161 3577 1319 3641 dixit,
1369 3572 1679 3638 Conditum,
1723 3568 1819 3624 sed
1861 3567 2045 3632 etiam,

457 3659 862 3737 Absconditum;
892 3681 945 3726 et
976 3667 1117 3740 quod
1148 3666 1360 3722 etiamsi
1401 3679 1547 3720 nunc
1585 3661 1782 3717 factum
1828 3659 1919 3726 sit,
1965 3667 2050 3714 est

458 3779 638 3821 tamen
665 3772 856 3828 vetus;
899 3772 956 3816 et
995 3757 1138 3830 quod
1172 3757 1310 3812 Deus
1347 3753 1463 3809 hanc
1501 3753 1570 3808 ab
1619 3751 1770 3807 initio
1814 3748 2046 3807 volebat.

459 3872 509 3923 et
539 3858 618 3912 sic
643 3866 758 3912 erat
781 3854 1128 3910 constitutum
1152 3867 1166 3914 ;
1191 3864 1287 3904 cur
1316 3856 1516 3911 autem,
1545 3843 1783 3899 nondum
1823 3841 1973 3897 dicit.
2007 3842 2047 3894 Α

459 3947 678 4014 δηττιιῑι,
728 3945 920 4016 inquit,
969 3943 1032 3996 ab
1072 3941 1235 3995 initio.
1279 3939 1346 3992 Et
1383 3936 1696 4008 mysterium
1739 3934 1860 4004 jure
1895 3941 2051 3986 vocat

459 4042 598 4110 quud
628 4055 785 4095 nemo
814 4045 1035 4092 noverat
1065 4035 1166 4088 nisi
1205 4033 1368 4087 Deus.
1408 4030 1474 4084 Et
1503 4029 1592 4082 ubi
1635 4023 2050 4082 absconditum?

461 4133 529 4189 In
558 4133 756 4187 Christo
788 4148 806 4186 :
836 4131 975 4184 sicut
1003 4127 1133 4183 dicit
1165 4125 1400 4196 Epistula
1428 4121 1492 4176 ad
1523 4120 1788 4190 Ephesios
1826 4117 2044 4190 (Ep/tes.

458 4231 517 4293 '5.
537 4227 638 4299 9);
669 4236 759 4282 aut
783 4227 922 4280 sicut
957 4221 1172 4293 quando
1199 4219 1333 4274 dicit
1374 4215 1634 4288 propinata
1666 4235 1677 4270 :
1709 4214 1750 4267 A
1789 4212 1977 4267 swculo
2003 4221 2049 4265 et

459 4332 617 4387 usque
643 4319 696 4372 in
723 4314 966 4372 saxulum
989 4323 1041 4365 tu
1072 4329 1123 4380 es
1153 4308 1323 4382 (Psal.
1347 4308 1436 4364 89.
1463 4307 1542 4376 2).
1571 4303 1723 4359 Nunc
1745 4315 1914 4358 autem
1934 4318 2046 4355 nta-

462 4413 752 4482 nifestatum
781 4416 854 4462 est
875 4405 1060 4460 sanctis
1086 4405 1216 4476 ejus,
1256 4401 1444 4472 inquit.
1474 4397 1836 4468 Quamobrem
1875 4401 2048 4450 totum

462 4512 545 4566 est
571 4502 664 4556 Dei
694 4496 1127 4570 dispensationis.
1158 4494 1311 4549 Nunc
1342 4502 1510 4548 autem
1536 4492 1918 4563 manifestatum
1950 4496 2045 4552 est,

462 4591 654 4663 inquit.
688 4590 801 4652 Non
828 4589 980 4653 dix7t,
1015 4587 1237 4643 Factum
1275 4593 1376 4649 est,
1410 4583 1525 4648 sed,
1560 4582 1946 4652 Manifestatum
1975 4587 2048 4632 est

462 4685 652 4748 sanctis
677 4683 807 4756 ejus.
849 4681 1031 4749 Itaque
1059 4694 1202 4735 nunc
1226 4691 1438 4748 quoque
1468 4675 1643 4730 adhuc
1677 4671 2043 4736 absconditur,

462 4760 726 4848 siquidem
755 4771 1149 4828 manifestatum
1175 4769 1274 4824 fuit
1303 4768 1432 4824 solis
1457 4767 1676 4822 sanctis.
1702 4765 1780 4819 Ne
1815 4764 1888 4818 illi
1920 4776 2047 4832 ergo

460 4883 557 4922 vos
579 4866 849 4936 decipiant
879 4881 891 4918 :
924 4867 1167 4919 nesciunt
1195 4862 1338 4917 enim
1363 4877 1458 4916 cur
1478 4860 1606 4915 solis
1629 4859 1714 4926 iis,
1741 4857 1933 4926 Quibus
1961 4873 2046 4911 vo-

459 4959 578 5025 luit,
599 4957 788 5028 inquit.
816 4954 946 5010 Vide
967 4951 1236 5024 quomodo
1259 4951 1453 5022 ubique
1488 4949 1733 5020 reprimit
1753 4963 1936 5003 eorum
1967 4947 2046 5002 in-

461 5050 870 5120 terrogationes.
892 5048 1084 5116 Quibus
1111 5045 1264 5101 voluit
1286 5042 1448 5111 Deus,
1472 5043 1664 5114 inquit,
1685 5051 1829 5095 notas
1861 5043 2044 5114 facere.

464 5141 595 5212 Ejus
617 5125 799 5196 autem
826 5140 1073 5194 voluntas
1101 5153 1208 5192 non
1235 5146 1383 5191 caret
1411 5137 1637 5191 ratione.
1669 5134 1782 5190 Hoc
1805 5148 1935 5188 vero
1962 5133 2044 5187 di-

463 5235 559 5296 xit,
577 5247 670 5287 eos
695 5231 881 5302 gratia:
903 5230 1070 5302 magis
1094 5228 1324 5284 reddens
1350 5227 1634 5293 obnoxios,
1657 5241 1815 5297 quam
1834 5225 1877 5279 si
1902 5225 2047 5294 ipsos

459 5323 662 5383 sineret
698 5322 766 5376 de
808 5321 966 5377 rebus
995 5334 1024 5374 a
1054 5327 1288 5375 setrecte
1312 5319 1476 5390 gestis
1514 5317 1752 5388 gloriari.
1787 5316 2046 5381 Quidnam

461 5414 559 5466 sint
587 5411 775 5467 divitiae
795 5412 971 5482 gloria:
995 5410 1218 5482 mysterii
1259 5410 1410 5482 hujus
1448 5409 1497 5462 in
1525 5407 1774 5479 gentibus.
1800 5408 2046 5463 Graviter

461 5503 597 5558 dixit
615 5513 669 5559 et
699 5506 1044 5574 pt'mclarc,ct
1070 5520 1134 5561 ex
1166 5519 1358 5574 magno
1379 5501 1568 5558 affectu
1601 5502 1806 5571 pondus
1822 5501 2042 5566 addidit,

461 5593 932 5662 amplificationum
980 5611 1228 5665 quaarens
1275 5594 1756 5665 amplificationes:
1789 5605 1870 5650 est
1904 5597 2046 5650 enim

463 5680 566 5736 hoc
595 5697 805 5752 quoque
829 5686 1257 5754 ampliﬁcationis
1288 5685 1561 5741 indefinite
1587 5683 1768 5740 dicere
1792 5726 1805 5750 ,
1843 5683 2047 5738 Divitiae
2097 5671 2112 5685 ”

459 5775 638 5845 gloria:
665 5779 887 5844 mysterii
905 5779 1055 5847 hujus
1076 5779 1126 5830 in
1152 5779 1400 5847 gentibus.
1419 5778 1548 5832 Nam
1573 5779 1802 5834 maxime
1826 5786 2047 5849 apparet

459 5868 513 5921 in
550 5864 822 5938 gentibus,
854 5869 992 5924 sicut
1033 5869 1192 5927 etiam
1231 5870 1360 5925 dicit
1386 5870 1533 5938 alibi,
1569 5871 1749 5953 Gentes
1777 5890 1869 5957 pro
1899 5873 2043 5929 misc-

2154 2200 2375 2252 ricortlia
2402 2201 2693 2269 gloriﬁcare
2726 2201 2887 2255 Deum
2915 2202 3088 2270 (Rom.
3127 2204 3210 2257 15.
3241 2203 3311 2274 9)
3339 2225 3351 2258 :
3375 2214 3590 2274 apparet
3614 2221 3748 2261 vu'o

2152 2291 2310 2343 etiam
2341 2291 2391 2344 in
2424 2292 2562 2358 aliis,
2602 2293 2770 2348 multo
2803 2295 2971 2363 magis
2997 2304 3177 2349 autem
3207 2294 3258 2349 in
3292 2295 3374 2349 his
3405 2311 3592 2365 magna
3624 2298 3743 2368 glo-

2151 2380 2226 2434 ria
2268 2382 2530 2451 mysterii.
2581 2381 2839 2438 ﬂutnincs
2879 2384 3023 2438 enim
3064 2399 3226 2439 sensu
3275 2387 3450 2440 minus
3491 2387 3746 2455 praeditos

2151 2485 2307 2538 quam
2341 2473 2562 2542 lapides,
2595 2485 2816 2545 repente
2841 2474 3132 2531 deduxisse
3152 2476 3216 2532 ad
3247 2477 3554 2548 dignitatem
3584 2495 3746 2550 ange-

2152 2561 2350 2629 lorum,
2399 2564 2742 2620 Sulummodo
2785 2582 2883 2637 por
2913 2567 3052 2622 nuda
3088 2569 3247 2623 verba
3278 2580 3332 2624 et
3362 2569 3519 2624 fidem
3552 2572 3742 2635 solam,

2151 2654 2353 2724 absque
2379 2658 2523 2712 omni
2549 2661 2885 2728 operatione,
2925 2676 3110 2716 revera
3157 2671 3239 2717 est
3267 2663 3434 2733 gloria
3463 2674 3512 2719 et
3543 2665 3740 2720 divitiae

2153 2748 2413 2816 mystcrii.
2447 2747 2515 2803 Ut
2551 2750 2593 2803 si
2622 2751 2742 2820 quis
2769 2766 2959 2806 canem
3003 2751 3143 2808 fame
3169 2762 3222 2808 et
3250 2755 3429 2808 scabie
3455 2755 3744 2825 perditum,

2152 2845 2362 2906 turpem
2394 2847 2448 2893 et
2482 2839 2800 2909 deformem,
2829 2852 2882 2898 et
2907 2844 2994 2913 qni
3025 2861 3091 2899 ne
3129 2847 3332 2901 moveri
3370 2847 3585 2917 quidem
3619 2864 3747 2919 pos-

2151 2940 2255 2992 set,
2288 2931 2381 2986 sed
2419 2933 2647 3003 jaceret,
2693 2945 2916 3006 repente
2951 2946 3007 2992 et
3045 2936 3320 2993 hominem
3361 2942 3565 3006 fecerit,
3597 2951 3651 2996 et
3694 2942 3746 2997 in

2152 3019 2278 3075 sede
2310 3024 2452 3090 regia
2483 3023 2797 3079 ostenderit.
2833 3025 2964 3082 Vide
3008 3041 3238 3098 namque
3270 3046 3284 3082 :
3318 3028 3524 3099 lapides
3559 3030 3748 3085 adora-

2153 3109 2280 3164 bunt
2309 3121 2365 3165 et
2402 3119 2600 3167 terram
2624 3130 2638 3178 ;
2666 3113 2967 3171 didicerunt
2995 3118 3136 3188 quod
3164 3128 3219 3174 et
3253 3121 3388 3175 ca-ln
3415 3130 3468 3174 et
3499 3123 3613 3178 sole
3641 3125 3748 3178 sint

2153 3201 2440 3267 meliores.
2485 3213 2538 3259 et
2580 3205 2866 3262 universus
2915 3208 3147 3263 mundus
3197 3209 3276 3265 eis
3316 3212 3561 3266 serviat:
3595 3221 3749 3269 erant

2153 3293 2372 3362 captivi,
2396 3302 2452 3348 et
2478 3295 2530 3349 in
2560 3295 2788 3351 vinculis
2815 3298 3012 3354 diaboli
3040 3317 3059 3366 ;
3088 3312 3311 3371 repente
3339 3303 3556 3358 fuerunt
3586 3321 3746 3374 supra

2153 3391 2310 3452 caput
2355 3383 2492 3454 ejus,
2542 3386 2699 3456 eique
2740 3389 3076 3458 imperabant
3117 3399 3172 3445 et
3217 3405 3342 3446 eum
3385 3392 3746 3464 ﬂag-llabant.

2151 3473 2284 3528 Cum
2307 3475 2609 3531 dmmonum
2633 3490 2813 3533 essont
2834 3481 3028 3549 captivi
3051 3491 3104 3536 et
3126 3483 3290 3548 servi,
3313 3499 3510 3554 corpus
3537 3486 3745 3542 Domini

2152 3565 2467 3635 angulorum
2493 3577 2547 3622 et
2573 3570 3020 3639 archangelorum
3051 3571 3172 3627 facti
3209 3584 3333 3627 sunt
3362 3590 3374 3626 :
3407 3576 3494 3646 qui
3521 3591 3587 3631 ne
3618 3577 3748 3647 quid

2154 3668 2297 3712 esset
2327 3657 2543 3728 quidem
2576 3659 2717 3714 Deus
2742 3661 3005 3728 sciebant,
3035 3678 3157 3718 mox
3186 3665 3237 3718 in
3265 3665 3455 3720 eodem
3486 3683 3606 3721 cum
3641 3669 3749 3724 Deo

2156 3747 2350 3801 throno
2378 3749 2757 3804 consederunt.
2785 3749 2877 3806 Vis
2899 3752 3086 3807 videre
3114 3753 3531 3812 innumerabiles
3551 3757 3749 3828 gradus

2153 3855 2314 3909 supra
2360 3857 2494 3911 quos
2542 3842 2894 3898 exsilierunt?
2929 3843 3218 3916 Oportebat
3269 3847 3499 3919 primum
3540 3851 3748 3906 discere

2155 3931 2296 3999 quod
2319 3931 2525 4002 lapides
2555 3949 2662 3989 non
2693 3936 2801 3990 sint
2824 3935 2921 4004 dii,
2954 3939 3191 3994 secundo
3219 3949 3421 4005 autem,
3455 3942 3598 4012 quod
3641 3959 3745 4000 non

2154 4026 2328 4080 solum
2362 4040 2466 4081 non
2503 4025 2610 4081 sint
2651 4027 2750 4094 dii,
2786 4029 2880 4084 sed
2917 4030 3078 4086 etiam
3113 4033 3352 4089 minores
3399 4035 3743 4104 hominibus;

2157 4117 2336 4182 tertio,
2363 4118 2504 4188 quod
2534 4129 2586 4173 et
2615 4119 2782 4176 brutis
2811 4122 3049 4178 minores
3072 4142 3087 4190 ;
3110 4136 3323 4196 quarto,
3355 4127 3496 4197 quod
3523 4137 3577 4183 et
3596 4128 3746 4200 plan-

2157 4208 2222 4262 tis
2248 4225 2261 4274 ;
2285 4208 2491 4278 quinto,
2537 4211 2680 4280 quod
2712 4221 2952 4268 extrema
2991 4215 3152 4269 simul
3187 4216 3553 4287 collegerunt;
3603 4221 3745 4290 quod

2156 4316 2262 4355 nun
2290 4302 2463 4356 solum
2491 4303 2715 4373 lapides,
2743 4305 2838 4360 sed
2868 4321 2967 4362 nec
2998 4317 3158 4371 terra,
3189 4324 3289 4365 nec
3317 4312 3628 4380 animantia,
3653 4330 3747 4370 ne-

2155 4407 2260 4463 que
2288 4393 2501 4462 plantas,
2533 4409 2633 4449 nec
2663 4398 2845 4463 homo,
2875 4413 2973 4453 nec
3009 4399 3198 4454 caelum
3222 4418 3236 4467 ;
3260 4403 3365 4469 vel,
3389 4403 3532 4473 quod
3562 4406 3746 4460 excel-

2155 4485 2268 4539 sius
2287 4494 2389 4550 est,
2410 4485 2550 4556 quod
2573 4502 2678 4541 non
2702 4487 2928 4557 lapides,
2963 4505 3068 4545 non
3091 4491 3365 4559 animalia,
3397 4510 3500 4549 non
3525 4496 3744 4566 plautze,

2156 4591 2261 4630 non
2290 4575 2575 4644 elementa,
2601 4592 2708 4632 non
2735 4593 2989 4649 superna,
3019 4597 3124 4636 non
3149 4582 3376 4649 inferna,
3413 4600 3518 4641 non
3559 4586 3743 4657 homo,

2155 4683 2263 4722 non
2294 4665 2588 4734 dtemones,
2625 4684 2730 4724 non
2770 4671 2966 4740 angeli,
3003 4687 3108 4728 non
3136 4673 3464 4745 archangeli,
3502 4692 3610 4732 non
3647 4678 3746 4733 ali-

2153 4773 2254 4827 qua
2284 4757 2386 4813 alia
2412 4774 2477 4813 ex
2503 4761 2748 4830 supernis
2779 4762 2887 4818 illis
2926 4762 3307 4833 Potestatibus,
3350 4767 3510 4824 debet
3539 4769 3640 4824 coli
3675 4769 3746 4825 ab

2155 4852 2385 4906 humana
2413 4862 2624 4908 natura.
2664 4852 2957 4925 Tamquam
2985 4872 3049 4912 ex
3092 4859 3356 4928 profundo
3393 4861 3576 4932 aliquo
3607 4861 3742 4917 han-

2153 4946 2353 5003 riemes
2384 4946 2594 5004 discere
2623 4951 2928 5020 oportebat,
2957 4951 3099 5022 quod
3131 4953 3221 5024 qui
3256 4964 3338 5009 est
3365 4956 3605 5010 omnium
3636 4957 3742 5012 Do-

2153 5041 2350 5108 minus,
2383 5041 2428 5106 is
2457 5053 2540 5098 est
2568 5043 2708 5100 Deus
2733 5061 2746 5110 ;
2775 5045 2916 5116 quod
2944 5061 3065 5101 eum
3099 5048 3274 5102 solum
3299 5059 3511 5120 oportet
3538 5052 3740 5118 colere,

2153 5131 2297 5202 quod
2327 5147 2412 5188 res
2443 5133 2662 5204 pulchra
2692 5143 2748 5190 et
2778 5135 2915 5191 bona
2943 5137 3013 5191 sit
3037 5137 3348 5194 admiranda
3376 5141 3498 5196 vita:
3532 5142 3746 5198 institu-

2156 5227 2266 5290 tio;
2299 5225 2440 5297 quod
2472 5241 2617 5281 mors
2643 5243 2879 5297 praesens
2905 5245 3011 5284 non
3036 5231 3107 5285 sit
3128 5247 3290 5298 mors,
3324 5233 3468 5304 quod
3500 5236 3605 5288 vita
3635 5250 3740 5290 nou

2153 5317 2294 5383 vita;
2319 5317 2461 5389 quod
2491 5333 2689 5389 corpus
2718 5329 2979 5392 resurgat,
3019 5322 3161 5390 quod
3192 5324 3598 5396 iucorruptihile
3627 5327 3740 5393 fiat,

2152 5411 2295 5480 quod
2321 5410 2577 5466 ascendat
2604 5411 2656 5464 in
2687 5411 2871 5478 caelos,
2900 5412 3040 5482 quod
3083 5425 3401 5488 assequatur
3429 5416 3744 5473 immortali-

2155 5511 2335 5567 tatem,
2377 5504 2519 5573 quod
2560 5511 2665 5558 stet
2694 5518 2816 5559 cum
2846 5505 3070 5575 angelis,
3115 5509 3258 5577 quod
3286 5509 3412 5564 illuc
3451 5509 3744 5566 transiere.

2155 5603 2258 5649 tur.
2289 5595 2394 5650 Sed
2427 5597 2569 5650 hunc
2601 5595 2692 5666 qui
2722 5594 2830 5648 illic
2856 5608 2973 5651 erat
3003 5598 3055 5652 in
3088 5598 3217 5666 imo,
3249 5615 3370 5654 cum
3418 5601 3533 5656 haec
3560 5601 3740 5656 omnia

2154 5695 2462 5755 superasset
2511 5695 2567 5741 et
2620 5686 2994 5755 transiliisset,
3047 5691 3296 5759 superius
3347 5692 3631 5748 collocavit
3686 5693 3739 5747 in

2157 5777 2353 5832 throno
2388 5795 2402 5832 :
2433 5779 2581 5833 illum
2608 5777 2695 5849 qui
2726 5789 2841 5834 erat
2865 5778 3004 5834 infra
3037 5780 3260 5849 lapides,
3293 5782 3473 5838 elfecit
3494 5787 3741 5853 superio-

2158 5888 2272 5930 rcm
2301 5871 2504 5944 angelis
2535 5881 2589 5929 ct
2617 5871 2952 5946 archangelis
2983 5881 3037 5930 et
3066 5871 3298 5930 Thronis
3324 5882 3380 5931 et
3407 5873 3739 5931 Domitiano-
