4184 6488
353 434 464 491 333

354 554 538 608 nibus.
588 548 801 606 Revera
838 544 980 604 bene
1026 541 1188 606 dixit,
1244 542 1373 610 Qua:
1418 541 1520 595 sint
1558 536 1751 592 divitia?
1784 533 1962 607 gloriw

354 646 512 715 hujus
561 641 808 714 mystcrii.
852 639 929 695 Ac
966 636 1015 694 si
1058 637 1180 708 quis
1226 632 1605 704 philosophum
1652 629 1961 699 quempiam

355 738 583 793 stultum
615 750 736 791 esse
774 731 955 788 statim
996 728 1309 786 ostenderet
1346 745 1359 781 :
1395 726 1508 781 imo
1546 741 1677 779 vero
1703 720 1961 793 quidquid

353 831 580 896 dixeris,
614 828 747 884 nihil
781 826 933 882 dices
962 842 978 880 :
1013 824 1163 879 Pauli
1209 834 1442 888 namque
1484 818 1645 873 verba
1686 814 1963 870 indelinita

356 936 523 983 sunt:
564 924 693 991 Qua
720 922 821 976 sint
851 919 1059 980 divitia,
1102 915 1293 985 inquit,
1326 914 1504 985 gloria:
1549 908 1773 981 mysterii
1810 906 1966 974 hujus

356 1021 411 1073 in
442 1015 692 1089 gentibus,
724 1012 862 1084 quod
890 1020 961 1065 est
986 1009 1216 1063 Christus
1242 1007 1294 1060 in
1325 1004 1480 1060 vobis.
1509 1003 1716 1056 Rursus
1743 1006 1964 1069 oporte-

358 1113 451 1167 hat
479 1109 642 1173 scire,
688 1104 832 1176 quod
861 1101 949 1172 qui
980 1109 1064 1156 est
1102 1100 1350 1169 superior
1378 1095 1628 1152 omnibus
1655 1102 1708 1148 et
1739 1092 1967 1159 imperat

357 1201 588 1274 angelis,
615 1209 671 1255 et
701 1199 754 1252 in
780 1196 918 1251 alias
944 1206 1134 1249 omnes
1160 1198 1455 1261 potestates
1481 1187 1691 1243 obtinet
1722 1183 1968 1240 domina-

358 1308 500 1363 tum,
521 1288 805 1349 descendit
844 1286 1005 1351 infra,
1050 1292 1109 1341 et
1137 1283 1307 1339 factus
1347 1291 1432 1336 est
1476 1280 1660 1343 homo,
1693 1285 1747 1330 et
1776 1288 1968 1344 passus

357 1398 445 1445 est
475 1379 909 1444 innumerabilia,
940 1388 993 1434 et
1023 1373 1320 1432 resurrexit
1341 1380 1395 1428 et
1419 1380 1501 1427 est
1527 1381 1855 1437 assumptus.

431 1477 485 1532 ‘1.
530 1476 658 1532 llzec
672 1473 851 1529 omnia
869 1479 1023 1527 erant
1041 1468 1182 1525 illius
1206 1465 1446 1538 mysterii
1473 1482 1485 1518 :
1507 1473 1697 1518 etcum
1718 1458 1967 1518 encomio

360 1571 414 1626 id
433 1569 585 1641 ponit
608 1567 819 1631 dicens,
846 1563 998 1630 Quod
1016 1572 1091 1619 est
1107 1560 1339 1616 Christus
1360 1558 1411 1611 in
1432 1556 1585 1611 vobis.
1608 1554 1665 1610 Si
1686 1562 1768 1609 est
1788 1562 1967 1607 autem

363 1662 418 1717 in
448 1660 626 1727 vobis,
652 1674 751 1714 cur
777 1656 997 1727 angelos
1025 1652 1266 1726 quaeritis
1282 1650 1534 1706 doctores
1558 1647 1581 1700 ?
1611 1645 1845 1717 Mysterii
1870 1645 1969 1697 hu-

352 1756 447 1825 jus
463 1771 482 1810 :
500 1760 584 1809 est
597 1750 743 1806 enitn
773 1747 915 1803 aliud
932 1760 1148 1818 quoque
1167 1742 1505 1816 mysterium.
1522 1738 1627 1795 Sed
1648 1738 1749 1793 hoc
1778 1745 1863 1792 est
1888 1750 1974 1791 re-

362 1861 488 1901 vera
504 1843 843 1916 mysterium,
861 1838 1003 1912 quod
1019 1853 1177 1895 nemo
1195 1836 1362 1900 novit,
1377 1831 1519 1903 quod
1532 1842 1613 1888 est
1628 1828 1967 1895 admirabile,

363 1936 510 2009 quod
526 1946 610 1993 est
627 1942 827 2006 praeter
841 1945 1183 1987 communem
1206 1925 1683 2005 exSpectationem,
1707 1919 1851 1992 quod
1872 1918 1970 1974 ab-

368 2028 750 2085 scondebatnr.
762 2026 835 2094 ρρ.
847 2025 913 2079 od
930 2035 1023 2090 est,
1045 2022 1235 2093 inquit,
1253 2019 1483 2074 Christus
1500 2017 1551 2070 in
1569 2015 1845 2085 vobis,spes
1860 2013 1973 2084 glo-

370 2124 481 2188 ria,
510 2138 654 2192 quem
680 2135 772 2174 nos
810 2116 1194 2180 annuntiamus,
1227 2129 1257 2167 a
1286 2110 1498 2182 superis
1525 2125 1648 2164 eum
1682 2107 1919 2162 ferentes
1950 2124 1964 2161 :

373 2228 535 2284 quem
582 2227 702 2279 nos,
747 2223 855 2264 non
881 2206 1059 2278 angeli
1089 2223 1101 2258 :
1136 2206 1374 2259 docentes
1399 2211 1446 2257 et
1476 2201 1829 2270 corripientes,
1865 2214 1971 2254 non

369 2305 711 2377 imperando,
739 2318 914 2374 neque
939 2317 1061 2357 cum
1090 2299 1411 2356 necessitate
1440 2315 1453 2352 :
1480 2312 1605 2352 nam
1633 2295 1736 2351 ltoc
1758 2310 1975 2367 quoque

366 2411 451 2456 est
483 2400 576 2455 Dei
608 2395 979 2468 benignitatis,
1022 2410 1127 2450 non
1156 2391 1349 2448 adduci
1376 2391 1674 2463 tyrannice.
1708 2389 1973 2458 Quoniam

366 2489 523 2557 illud,
554 2488 824 2553 Docentes,
848 2497 967 2543 erat
984 2500 1255 2557 maguum,
1280 2483 1578 2553 subiunxit,
1611 2480 1971 2553 Corripientes,

366 2581 512 2652 quod
554 2580 726 2653 magis
769 2587 889 2636 erat
928 2578 1094 2651 patris
1124 2593 1285 2648 quam
1332 2576 1571 2631 doctorfs
1609 2586 1665 2630 et
1708 2576 1972 2646 magistri.

369 2676 535 2741 Quem
562 2689 675 2739 nos,
726 2671 921 2742 inquit,
967 2671 1356 2733 annuntiamus,
1399 2668 1731 2738 corripientes
1776 2685 1976 2723 onmem

369 2769 647 2834 hominem,
680 2778 725 2822 et
750 2767 985 2821 docentes
1013 2781 1215 2821 omnem
1245 2763 1500 2818 hominem
1529 2762 1582 2816 in
1611 2762 1747 2815 omni
1768 2762 1977 2830 sapien-

370 2868 443 2921 tia
472 2881 490 2919 :
524 2862 576 2919 id
618 2870 725 2930 est,
765 2876 887 2916 cum
927 2858 1073 2915 omni
1119 2856 1381 2928 sapientia
1419 2865 1473 2912 et
1524 2854 1849 2927 prudentia;
1894 2853 1977 2909 vel

369 2955 554 3013 omnia
586 2956 639 3011 in
669 2953 932 3025 sapientia
980 2951 1243 3005 dicentes.
1296 2949 1480 3017 Itaque
1521 2947 1669 3003 omni
1715 2946 1977 3016 sapientia

370 3058 458 3104 est
483 3064 621 3119 Opus
652 3063 667 3101 :
700 3046 828 3101 talia
859 3045 1002 3100 enim
1036 3058 1195 3114 posse
1223 3041 1436 3098 discere
1466 3058 1573 3097 non
1603 3051 1688 3097 est
1722 3054 1980 3112 quorum-

371 3144 476 3198 vis.
509 3141 576 3199 Ut
597 3140 922 3197 exhibeamus
947 3154 1147 3193 onmem
1175 3136 1429 3192 hominem
1461 3141 1738 3208 perfectum
1758 3136 1811 3190 in
1831 3135 1982 3190 Chri-

370 3245 452 3290 sto
478 3234 627 3291 Jestt.
656 3232 795 3302 Quid
824 3231 983 3299 dicis,
1018 3230 1231 3286 Omnem
1255 3230 1549 3284 hominem?
1576 3232 1754 3294 Certe,
1786 3229 1979 3300 inquit,

374 3340 622 3385 nostrum
652 3327 889 3384 studium
917 3326 969 3381 in
996 3340 1063 3381 eo
1090 3324 1360 3395 ponimus.
1387 3322 1525 3390 Quid
1555 3322 1741 3379 enim?
1769 3323 1980 3377 etiamsi

374 3424 481 3480 hoc
510 3439 616 3479 non
639 3424 751 3489 flat,
784 3420 989 3478 studuit
1017 3428 1197 3475 tamen
1238 3417 1425 3473 beatus
1455 3416 1652 3472 Paulus
1684 3415 1981 3485 perfectum

376 3519 579 3575 facere.
619 3514 785 3588 Igitur
810 3514 915 3571 hoc
952 3524 1035 3569 est
1078 3512 1375 3583 perfectio;
1410 3508 1541 3565 illud
1571 3518 1752 3564 autem
1786 3523 1874 3564 res
1898 3517 1983 3561 est

377 3608 736 3680 imperfecta:
768 3621 878 3679 quo
916 3605 975 3661 lit
1022 3614 1082 3660 ut
1128 3604 1172 3660 si
1217 3603 1338 3674 quis
1384 3620 1490 3658 non
1523 3618 1740 3657 omnem
1787 3599 1983 3655 habeat

375 3701 720 3771 sapientiam,
765 3700 835 3754 sit
862 3713 950 3755 res
982 3695 1315 3767 imperfecta.
1350 3693 1645 3766 Perfectum
1686 3695 1738 3749 in
1780 3692 1982 3748 Christo

374 3792 530 3847 Jesu.
562 3791 679 3847 Non
708 3790 762 3845 in
790 3790 929 3860 lege,
959 3804 1135 3859 neque
1176 3789 1229 3842 in
1260 3787 1468 3858 angelis
1495 3805 1507 3841 :
1537 3787 1665 3842 illud
1697 3787 1840 3841 enim
1873 3801 1981 3841 non

377 3885 701 3958 perlectum.
736 3884 804 3939 In
825 3883 1068 3948 Christo;
1096 3882 1197 3937 hoc
1218 3892 1321 3946 est,
1353 3883 1403 3936 in
1427 3880 1737 3951 cognitione
1756 3878 1979 3935 Christi.

376 3985 479 4051 Qui
504 3983 608 4040 scit
632 3981 759 4054 quid
784 3980 1034 4038 Christus
1060 3979 1271 4047 fecerit,
1298 3979 1416 4050 plus
1438 3981 1578 4050 sapit
1599 3995 1758 4049 quam
1781 3978 1979 4048 angeli.

376 4077 447 4132 In
476 4077 680 4133 Christo
724 4074 896 4141 Iesu;
931 4073 1024 4131 ‘29.
1053 4075 1105 4128 in
1134 4090 1233 4145 quo
1260 4083 1308 4128 et
1350 4072 1527 4127 laboro
1568 4073 1831 4127 certando.
1864 4073 1980 4129 Non

378 4170 573 4225 leviter
619 4184 721 4225 nec
766 4166 1295 4239 quomodocumque,
1348 4165 1556 4235 inquit,
1595 4164 1819 4229 studeo,
1861 4165 1979 4233 sed,

377 4262 582 4318 Laboro
606 4260 873 4326 certando,
901 4275 1023 4316 cum
1057 4260 1226 4313 multo
1256 4256 1458 4322 studio,
1493 4256 1544 4310 id
1572 4266 1675 4318 est,
1706 4272 1831 4312 cum
1853 4256 1981 4311 mul-

380 4356 449 4409 tis
478 4353 697 4426 vigiliis.
720 4352 778 4410 Si
806 4368 907 4424 ego
934 4367 1033 4423 pro
1052 4350 1248 4407 vestris
1277 4349 1432 4405 bonis
1450 4348 1588 4403 adeo
1609 4348 1789 4417 vigilo,
1815 4348 1984 4403 nmlto

379 4445 553 4515 magis
591 4460 687 4500 vos
717 4443 947 4500 debetis.
993 4441 1196 4498 Deinde
1232 4456 1421 4497 rursus
1449 4439 1686 4495 ostendit
1712 4455 1826 4495 rem
1864 4455 1983 4495 esse

378 4536 617 4590 divinam
653 4554 667 4591 :
701 4534 997 4591 Secundum
1035 4535 1379 4605 operationem
1420 4533 1553 4606 ejus,
1590 4548 1705 4603 quis
1742 4541 1985 4603 operatur

378 4628 434 4682 in
457 4645 536 4683 me
560 4629 613 4682 in
640 4629 839 4683 virtute.
868 4626 1116 4683 Ostendit
1144 4626 1245 4681 hoc
1268 4641 1389 4682 esse
1410 4642 1547 4698 opus
1577 4626 1690 4681 Dei.
1720 4626 1820 4694 Qui
1852 4641 1984 4697 ergo

382 4737 472 4777 me
494 4721 560 4778 ad
591 4721 695 4777 hoc
721 4720 847 4777 facit
877 4721 1066 4776 fortem
1098 4730 1152 4775 et
1181 4721 1483 4785 robustum,
1516 4719 1692 4790 palam
1720 4728 1804 4775 est
1840 4718 1982 4790 quod

388 4814 493 4868 hoc
520 4814 667 4869 velit.
710 4812 778 4867 Et
821 4811 942 4867 ideo
981 4810 1110 4867 dicit
1156 4808 1329 4873 initio,
1379 4807 1483 4863 Per
1521 4807 1831 4864 voluntatem
1862 4808 1979 4864 Dei.

382 4904 748 4972 Quamobrem
780 4920 885 4959 non
916 4902 1089 4958 solum
1138 4900 1240 4957 hoc
1286 4901 1465 4971 posuit
1506 4909 1666 4955 utcus
1696 4901 1982 4970 modestia,

380 4997 479 5051 sed
507 5007 563 5053 et
597 5012 725 5052 vere
752 4996 961 5061 dicens,
1007 4993 1285 5052 Certando.
1332 4992 1445 5049 lloc
1493 4992 1702 5058 dicens,
1744 4992 1987 5049 ostendit

381 5105 505 5146 esse
532 5090 731 5145 multos
756 5089 846 5161 qui
877 5105 1000 5144 cum
1028 5102 1095 5144 eo
1122 5095 1381 5157 pugnant.
1416 5085 1620 5140 Deinde
1656 5102 1842 5141 rursus
1866 5103 1984 5141 ma-

380 5200 483 5253 gna
506 5193 593 5240 est
622 5183 995 5239 benevolentia
1027 5199 1041 5235 :
1078 5180 1229 5253 (Cap.
1263 5173 1341 5243 2.)
1360 5180 1407 5236 l.
1434 5177 1562 5233 Volo
1587 5180 1718 5234 enim
1745 5197 1832 5234 vos
1858 5180 1988 5235 scire

382 5276 585 5345 qualem
613 5277 1011 5332 sollicitudinem
1037 5275 1253 5330 habeam
1290 5289 1383 5346 pro
1429 5272 1584 5336 vobis,
1617 5282 1665 5326 et
1692 5289 1783 5343 pro
1810 5273 1873 5326 iis
1899 5275 1986 5345 qui

382 5377 499 5423 sunt
525 5367 814 5424 Laodicea.
858 5367 1081 5435 Deinde,
1126 5382 1194 5423 ne
1237 5366 1341 5422 hoc
1376 5364 1624 5421 videatur
1651 5380 1771 5420 esse
1798 5382 1984 5422 corum

383 5459 788 5525 imbecillitatis,
812 5459 1093 5528 conjunxit
1125 5458 1287 5513 etiam
1331 5456 1489 5523 alios,
1533 5465 1589 5511 et
1628 5456 1864 5511 nondum
1897 5474 1986 5514 re-

384 5549 693 5621 prehendit.
729 5549 793 5605 Et
815 5551 1119 5620 quicumque
1146 5566 1246 5604 non
1269 5549 1503 5605 uiderunt
1526 5549 1708 5621 faciem
1740 5567 1904 5605 meam
1934 5551 1988 5604 in

382 5657 559 5696 carne.
592 5640 782 5696 Divine
823 5640 911 5695 hic
951 5640 1186 5696 ostendit
1223 5654 1284 5696 se
1324 5656 1420 5696 eos
1463 5640 1679 5696 assidue
1718 5640 1901 5698 videre
1930 5643 1986 5697 in

384 5733 596 5803 spiritu.
626 5731 741 5789 Suo
766 5740 947 5788 autem
980 5731 1291 5787 testimonio
1320 5733 1400 5788 eis
1428 5733 1613 5789 tribuit
1652 5734 1871 5790 multam
1899 5734 1985 5791 di-

385 5824 713 5888 lectionem;
743 5823 971 5895 ideoque
1015 5822 1177 5879 infert
1208 5840 1221 5877 :
1250 5824 1307 5879 2.
1354 5823 1424 5879 Ut
1463 5827 1787 5882 consolentur
1828 5830 1986 5885 corda

388 5916 643 5988 ipsorum,
680 5916 912 5972 instructi
939 5917 991 5973 in
1017 5916 1248 5987 caritate,
1291 5925 1335 5971 et
1361 5916 1413 5972 in
1445 5934 1617 5977 omnes
1643 5920 1844 5979 divitias
1870 5923 1984 5995 ple-

1292 421 1359 480 IN
1396 420 1614 481 EPIST.
1657 420 1751 477 AD
1789 415 2068 476 COLOSS.
2108 415 2263 474 CAP.
2306 415 2371 475 ll.
2416 417 2651 480 llOMlL.
2694 422 2760 479 ν.

3565 433 3671 490 δδι

2071 533 2321 589 nitudinis
2347 537 2634 594 intellectus
2674 540 2726 593 in
2753 540 3014 611 agnitione
3041 543 3270 615 mysterii
3297 542 3398 601 Dei
3429 545 3601 601 Patris
3628 567 3676 603 e.

2071 626 2260 681 Christi
2285 626 2408 683 Iesu
2436 645 2456 683 :
2485 631 2539 685 3.
2572 631 2624 685 in
2668 649 2766 702 quo
2807 644 2927 688 sunt
2954 650 3128 690 omnes
3158 637 3385 691 thesauri
3410 640 3679 711 sapientia:

2068 726 2116 769 et
2146 717 2370 771 scientia:
2407 720 2709 775 absconditi.
2751 723 2872 779 iam
2913 724 3107 798 dogma
3145 730 3365 799 aggredi
3395 734 3677 787 contendit

2068 817 2124 863 et
2152 809 2408 877 enititur;
2440 828 2616 882 neque
2662 830 2941 878 accusans,
2991 835 3166 889 neque
3195 837 3291 878 eos
3323 822 3560 878 liberans
3605 824 3673 879 ab

2070 903 2435 958 accusatione.
2467 904 2776 970 Certamen,
2813 908 3004 977 inquit,
3038 911 3232 977 habeo,
3266 929 3361 969 seu
3402 915 3675 971 contendo

2070 1002 2125 1047 et
2156 993 2361 1049 laboro.
2411 996 2630 1065 Quare?
2679 998 2745 1055 Ut
2783 1001 2891 1056 sint
2919 1007 3207 1075 compacti.
3259 1007 3369 1064 Iloc
3408 1018 3493 1065 est
3528 1010 3673 1077 quod

2070 1085 2201 1142 dicit
2236 1105 2249 1141 :
2283 1099 2341 1143 ut
2369 1098 2511 1142 stent
2544 1090 2679 1146 firmi
2713 1104 2767 1149 et
2791 1096 3013 1152 stabiles
3052 1099 3105 1153 in
3145 1098 3268 1154 lide.
3315 1100 3421 1157 Sed
3461 1118 3567 1157 non
3596 1104 3675 1160 sic

2073 1183 2248 1252 ponit,
2280 1199 2465 1239 verum
2492 1199 2700 1243 resecat
2723 1205 2843 1259 quae
2865 1200 2989 1246 sunt
3015 1194 3409 1258 accusationis;
3437 1196 3539 1252 hoc
3568 1206 3670 1262 est,

2075 1282 2134 1328 ut
2157 1275 2268 1330 sint
2311 1277 2442 1332 uniti
2472 1293 2593 1333 cum
2637 1283 2899 1347 caritate;
2947 1299 3124 1356 neque
3162 1302 3285 1341 cum
3333 1290 3674 1357 necessitate,

2074 1384 2248 1439 neque
2271 1385 2393 1426 cum
2416 1372 2690 1428 violentia.
2718 1374 2851 1431 Nam
2875 1378 3015 1433 sicut
3041 1379 3175 1445 dixi,
3199 1382 3405 1451 absque
3430 1384 3679 1441 molestia

2074 1463 2195 1519 illos
2239 1481 2455 1536 semper
2500 1466 2784 1535 hortatur;
2829 1481 2883 1525 et
2929 1483 3215 1542 propterea
3258 1474 3435 1531 dicit:
3471 1479 3676 1547 Angor,

2073 1555 2196 1625 quia
2246 1571 2370 1611 cum
2425 1557 2735 1627 dilectione,
2771 1569 2827 1617 et
2879 1561 3128 1617 lnbentes
3168 1581 3330 1633 agere
3380 1568 3523 1621 volo.
3559 1568 3676 1624 Non

2073 1662 2170 1705 ore
2213 1650 2410 1715 solum,
2453 1669 2626 1722 neque
2655 1663 2857 1710 temere
2883 1666 2937 1712 et
2968 1658 3362 1715 inconsiderate
3404 1662 3519 1717 fieri
3555 1665 3678 1718 volo

2074 1742 2569 1811 congregationem,
2601 1746 2696 1799 sed
2732 1754 2789 1799 ut
2828 1748 2989 1802 corda
3025 1764 3211 1804 eorum
3248 1751 3514 1821 accipiant
3542 1769 3679 1807 con-

2075 1830 2396 1887 solationem
2429 1851 2443 1886 :
2472 1832 2849 1890 Instructorum
2902 1837 2956 1891 in
3008 1840 3221 1895 caritate
3272 1842 3325 1895 in
3375 1858 3547 1896 omnes
3593 1844 3675 1897 di-

2076 1923 2224 1980 vitias
2255 1925 2589 1994 plenitudinis
2615 1928 2922 1983 intellectus.
2953 1929 3066 1987 Hoc
3092 1941 3197 1997 est,
3241 1942 3298 1987 ut
3324 1950 3430 1989 non
3470 1934 3539 1989 de
3574 1935 3677 1989 ulla

2076 2031 2137 2073 re
2157 2016 2422 2084 dubitent,
2458 2028 2516 2075 ut
2538 2019 2607 2075 de
2636 2022 2886 2077 omnibus
2916 2023 3020 2078 sint
3064 2024 3219 2094 plene
3258 2027 3519 2097 persuasi.
3556 2027 3676 2082 Ple-

2078 2109 2377 2167 nitudinem
2419 2122 2599 2169 autem
2627 2113 2762 2169 dixit
2790 2130 2909 2170 eam
2949 2133 3071 2187 qua:
3108 2127 3189 2173 est
3229 2134 3323 2188 per
3363 2118 3521 2173 iidem
3550 2138 3563 2172 :
3593 2129 3679 2175 est

2079 2204 2223 2261 enim
2255 2206 2417 2260 etiam
2463 2207 2742 2278 persuasio
2781 2224 2877 2279 per
2920 2210 3221 2277 ratiocinia,
3267 2212 3361 2268 sed
3409 2213 3496 2269 illa
3528 2214 3682 2270 nihili

2080 2309 2164 2357 est
2194 2300 2531 2355 :estimanda.
2580 2300 2706 2357 Scio
2736 2319 2830 2357 vos
2855 2304 3103 2371 credere,
3146 2305 3242 2361 sed
3276 2306 3398 2360 volo
3439 2323 3532 2361 vos
3562 2322 3684 2365 esse

2080 2392 2239 2464 plene
2266 2408 2595 2465 persuasos;
2628 2412 2735 2451 non
2770 2396 2821 2451 in
2851 2396 3064 2453 divitias
3089 2399 3287 2465 solum,
3324 2400 3441 2465 sed,
3470 2399 3535 2454 In
3569 2418 3685 2455 om-

2082 2502 2170 2540 nes
2195 2486 2443 2551 diuitias;
2488 2496 2543 2541 ιιι
2580 2488 2701 2543 sitis
2741 2488 2795 2543 in
2840 2491 3092 2545 omnibus
3138 2501 3194 2546 et
3232 2493 3389 2562 plene
3421 2493 3682 2563 persuasi.

2083 2575 2219 2633 Vide
2248 2587 2424 2633 autem
2456 2578 2597 2635 beati
2632 2581 2789 2649 hujus
2819 2582 3178 2652 prudentiam.
3205 2583 3323 2639 Non
3355 2584 3510 2652 dixit,
3550 2585 3686 2641 Male

2083 2669 2257 2726 facitis
2287 2672 2428 2742 quod
2462 2688 2567 2727 non
2598 2673 2812 2743 plenam
2862 2674 3072 2730 habetis
3111 2678 3542 2746 persuasionem,
3585 2694 3686 2734 nrc

2082 2776 2179 2817 eos
2206 2763 2517 2829 accusavit;
2561 2764 2679 2831 sed,
2721 2763 2953 2821 Nescitis
3000 2768 3273 2836 quomodo
3312 2767 3578 2833 studeam,
3626 2779 3686 2824 ut

2082 2853 2241 2925 plene
2269 2870 2585 2926 persuasum
2620 2856 2863 2914 habeatis
2900 2873 3024 2914 cum
3052 2859 3424 2931 intelligentia,
3456 2877 3563 2917 non
3600 2871 3683 2917 te-

2084 2962 2235 3004 mere
2266 2963 2365 3004 nec
2391 2948 2603 3005 leviter.
2637 2949 2770 3005 Nam
2803 2951 3056 3020 quoniam
3088 2952 3222 3006 dixit
3257 2952 3438 3019 fidem,
3470 2952 3547 3008 Ne
3569 2953 3686 3008 exi-

2082 3042 2335 3109 stimetis,
2386 3044 2576 3115 inquit,
2609 3044 2752 3115 quod
2797 3054 3002 3101 temere
3032 3046 3261 3102 dixerim
3304 3057 3357 3102 et
3402 3046 3684 3116 inutiliter,

2085 3134 2182 3192 sed
2212 3150 2334 3191 cum
2366 3137 2741 3206 intelligentia,
2776 3154 2899 3193 cum
2926 3139 3170 3195 caritate.
3200 3139 3264 3194 In
3291 3140 3551 3211 agnitione
3577 3158 3689 3212 my—

2085 3228 2226 3282 sterii
2260 3227 2352 3282 Dei
2390 3228 2562 3283 Patris
2588 3239 2632 3282 et
2663 3228 2872 3287 Cltristi.
2919 3230 3282 3299 Quamobrem
3328 3232 3427 3285 hoc
3469 3240 3553 3287 est
3594 3232 3687 3287 Dei

2086 3323 2426 3394 mysterium,
2461 3340 2555 3394 per
2585 3324 2777 3379 Filium
2808 3324 3021 3381 adduci.
3057 3326 3123 3381 Et
3142 3324 3350 3387 Christi,
3370 3326 3422 3380 in
3448 3342 3548 3395 quo
3568 3335 3688 3380 sunt

2084 3432 2258 3469 omnes
2286 3414 2511 3470 thesauri
2550 3418 2815 3487 sapientia:
2852 3428 2900 3472 et
2926 3418 3151 3473 scientiae
3179 3417 3480 3472 absconditi.
3512 3417 3566 3472 Si
3596 3432 3690 3470 auo

2088 3514 2195 3560 tem
2239 3516 2365 3561 sunt
2406 3506 2458 3561 in
2501 3508 2638 3575 ipso,
2663 3508 2937 3578 sapienter
2976 3524 3191 3579 quoque
3220 3526 3359 3564 nunc
3387 3511 3548 3564 venit.
3580 3511 3688 3565 Cur

2086 3612 2216 3668 ergo
2259 3598 2409 3653 stulti
2450 3598 2668 3669 quidam
2699 3600 3099 3654 criminantur?
3140 3599 3271 3655 Vide
3299 3600 3570 3672 quomodo
3610 3602 3687 3656 lo.

2086 3692 2270 3762 quitur
2307 3706 2431 3747 cum
2474 3691 2891 3760 simplicioribus
2928 3712 2941 3747 :
2971 3691 3037 3747 In
3072 3710 3172 3762 quo
3214 3705 3333 3749 sunt
3361 3713 3530 3750 omnes
3574 3697 3689 3750 the~

2086 3787 2248 3844 sauri.
2281 3785 2398 3856 Ipse
2428 3788 2797 3843 nmitomnia.
2826 3788 3140 3844 Absconditi.
3171 3790 3305 3846 Nam
3337 3807 3405 3847 ne
3430 3791 3539 3861 jam
3577 3793 3692 3847 exi—

2087 3880 2321 3936 stimetis
2352 3896 2447 3935 vos
2476 3880 2676 3936 habere
2700 3881 3009 3937 universum
3037 3899 3050 3935 :
3076 3891 3203 3937 sunt
3222 3884 3366 3938 enim
3389 3883 3690 3940 absconditi

2087 3973 2249 4029 etiam
2291 3973 2359 4028 ab
2406 3973 2638 4045 angelis,
2687 3989 2794 4028 non
2839 3989 2870 4028 a
2921 3974 3075 4029 vobis
3118 3973 3296 4029 solis:
3338 3976 3689 4045 quamobrem

2088 4075 2217 4122 sunt
2254 4067 2324 4121 ab
2363 4082 2431 4123 eo
2471 4068 2650 4123 omnia
2689 4067 2921 4139 petenda
2954 4085 2967 4122 :
2998 4069 3115 4138 ipse
3158 4068 3252 4123 dat
3288 4070 3606 4139 sapientiam
3635 4081 3693 4127 et

2087 4158 2474 4229 cognitionem.
2508 4159 2745 4215 Dicendo
2768 4175 2919 4229 ergo,
2950 4159 3257 4226 Thesauros,
3286 4161 3521 4216 ostendit
3548 4164 3689 4217 mul-

2088 4249 2414 4316 titudinem;
2462 4250 2693 4306 dicendo
2738 4266 2888 4313 vero,
2934 4253 3140 4310 Omnes.
3185 4268 3309 4308 eum
3358 4252 3489 4309 nihil
3542 4255 3678 4324 igno-

2089 4360 2249 4409 rare;
2291 4343 2523 4399 dicendo
2563 4355 2765 4411 autem,
2809 4345 3123 4411 Absconditi,
3168 4346 3310 4417 quod
3353 4349 3501 4401 solus
3531 4347 3686 4403 sciat.

2086 4437 2144 4493 4.
2180 4434 2295 4491 Hoc
2322 4446 2493 4491 autent
2519 4437 2656 4505 dico,
2683 4446 2739 4492 ut
2776 4454 2921 4494 nemo
2946 4454 3032 4495 vos
3060 4438 3281 4511 decipiat
3306 4440 3360 4495 in
3386 4438 3690 4496 sublimitate

2088 4546 2398 4585 sermonum.

2163 4624 2216 4679 ὃ.
2264 4623 2462 4692 Vides,
2496 4624 2708 4697 inquit,
2740 4640 2828 4683 me
2876 4625 2994 4682 hzec
3042 4625 3267 4691 dixisse,
3314 4641 3383 4683 ne
3435 4625 3690 4698 quzeratis

2090 4716 2159 4771 ab
2182 4716 2511 4774 hominibus.
2543 4718 2798 4790 Decipiat,
2829 4720 3023 4791 inquit,
3054 4721 3107 4774 in
3146 4719 3453 4774 sublimitate
3492 4735 3690 4773 sermo-

2092 4809 2192 4864 nis.
2223 4809 2361 4878 Quid
2395 4820 2504 4866 tum
2532 4813 2700 4876 enim,
2731 4812 2776 4867 si
2815 4812 2945 4869 dicit
2972 4811 3362 4882 probabiliter?
3392 4811 3444 4866 5.
3479 4810 3616 4866 Nam
3641 4820 3690 4865 et

2090 4902 2137 4957 si
2175 4902 2469 4973 incorpore
2510 4902 2693 4959 absens
2735 4921 2870 4967 sum,
2899 4902 2990 4958 sed
3035 4903 3222 4973 spiritu
3261 4903 3516 4958 vobiscum
3555 4921 3690 4959 sunt.

2091 4994 2443 5067 Consequens
2469 5007 2586 5052 erat
2614 4997 2796 5053 dicere
2830 5016 2843 5052 :
2872 4998 3006 5054 Nam
3034 4997 3079 5051 si
3109 5012 3274 5052 carne
3322 4997 3532 5058 absum,
3568 4998 3692 5053 novi

2094 5097 2274 5145 tamen
2300 5088 2655 5160 deccptores;
2687 5105 2831 5145 nunc
2868 5098 3049 5146 autem
3077 5089 3239 5146 desiit
3278 5090 3331 5145 in
3361 5090 3689 5146 eucomium.

2094 5180 2334 5236 Gaudeas
2362 5190 2409 5235 et
2436 5181 2611 5235 uidens
2650 5182 2881 5236 ordinem
2928 5192 3169 5249 vestrum,
3218 5191 3267 5235 et
3318 5182 3695 5250 ﬁrmamentum

2093 5274 2224 5344 ejus,
2250 5290 2367 5345 qua:
2409 5274 2461 5328 in
2490 5272 2692 5329 Christo
2719 5286 2813 5335 est,
2847 5274 2969 5344 ﬁdei
3007 5284 3201 5329 vestrm.
3242 5272 3523 5338 Ordinem,
3558 5273 3695 5328 bene

2092 5369 2447 5424 constitutum
2474 5368 2605 5424 dicit
2630 5368 2897 5424 ordinem.
2932 5368 2997 5423 Et
3024 5370 3401 5438 firmamentum
3417 5368 3559 5436 ﬁdei,
3582 5383 3697 5439 qut?

2093 5462 2147 5516 in
2177 5459 2381 5516 Christo
2401 5470 2495 5517 est.
2528 5460 2658 5517 Haec
2683 5462 2855 5532 magis
2881 5471 3007 5517 sunt
3039 5460 3210 5516 laudis
3239 5479 3253 5515 :
3277 5470 3332 5516 et
3378 5475 3484 5514 non
3512 5460 3648 5515 dixit
3674 5501 3693 5529 ,

2095 5552 2308 5618 Fidem,
2341 5554 2459 5618 sed,
2489 5553 2920 5621 Firmamentum,
2946 5564 3218 5625 tamquam
3251 5554 3513 5611 militibus
3539 5555 3691 5610 ordi-

2096 5652 2220 5700 nate
2252 5644 2580 5716 lirmiterque
2611 5645 2897 5701 stantibus.
2929 5644 3082 5711 Quod
3105 5654 3189 5701 est
3230 5644 3444 5700 ﬁrmum
3475 5660 3538 5701 ac
3562 5646 3697 5701 soli-

2094 5734 2224 5790 dum
2248 5750 2354 5790 non
2383 5736 2542 5793 dolus
2571 5734 2876 5802 labefactat,
2923 5752 3030 5792 non
3060 5742 3305 5793 tentatto.
3337 5735 3454 5792 Non
3495 5738 3695 5802 solum,

2097 5829 2289 5900 inquit,
2323 5844 2431 5885 non
2461 5828 2754 5893 cecidistis,
2787 5828 2882 5885 sed
2907 5845 3007 5885 nec
3028 5829 3274 5886 ordinem
3299 5836 3537 5885 vestrum
3568 5842 3698 5883 con-

2100 5920 2237 5979 fudit
2264 5920 2475 5993 aliquis.
2508 5919 2579 5979 Se
2612 5920 2741 5993 ipsis
2770 5921 2903 5979 stitit
2930 5929 2984 5978 et
3023 5920 3271 5979 exhibuit
3296 5963 3311 5991 ,
3345 5930 3401 5978 ut
3442 5920 3693 5976 titnctcnt
