4184 6492
523 435 628 494 3.35

527 559 796 620 tamquam
845 558 1159 620 praesentem
1186 565 1198 603 :
1227 549 1306 605 sic
1353 549 1495 604 enim
1539 555 1784 602 servatur
1827 541 1983 597 ordo.
2033 540 2108 595 Ex

528 646 864 699 ﬁrmamento
886 644 1124 714 sequitur
1147 641 1407 697 densitas.
1441 641 1530 695 Sic
1559 639 1701 693 enim
1729 637 1788 691 ﬁt
1818 634 2113 690 ﬁrmamen-

528 744 663 797 tum,
693 733 904 804 quando
947 733 1111 788 multa
1153 741 1339 787 coacta
1387 746 1450 787 ac
1497 737 1822 798 congregata
1861 725 2028 779 dense
2056 729 2115 775 et

529 826 791 881 iudivulse
817 824 1291 896 conglutinaveris,
1333 835 1392 878 ut
1425 823 1483 878 ﬁt
1506 823 1562 876 in
1588 835 1761 875 muro.
1790 818 1904 873 Iloe
1931 825 2108 870 autem

523 928 609 971 est
633 932 768 986 opus
780 917 1022 972 caritatis
1050 934 1063 972 :
1097 932 1186 973 eos
1204 917 1346 972 enim
1367 915 1456 986 qui
1483 913 1622 983 apud
1650 927 1708 966 se
1737 919 1878 973 sunt,
1899 904 2110 977 quando

526 1018 719 1064 exacto
749 1009 1129 1079 conglutinarit
1153 1022 1214 1063 ac
1242 1005 1594 1075 conjunxerit,
1629 1003 1794 1057 fortes
1838 998 2013 1054 reddit
2047 1009 2110 1050 ae

527 1101 756 1157 solidos.
783 1101 939 1156 Fides
963 1115 1177 1171 quoque
1204 1112 1388 1154 rursus
1418 1097 1518 1151 hoc
1539 1097 1708 1166 ipsum
1734 1092 1878 1157 facit,
1897 1085 2111 1158 quando

529 1207 637 1248 non
668 1192 795 1247 sinit
825 1192 1032 1262 ingredi
1059 1189 1355 1246 ratiocinia.
1392 1187 1523 1242 Nam
1562 1187 1697 1240 sicut
1720 1179 1996 1238 ratiocinia
2023 1176 2109 1231 di-

526 1283 713 1337 vidunt
739 1293 793 1338 et
819 1283 1153 1345 concutiunt,
1189 1281 1259 1336 ita
1291 1277 1587 1336 consolidat
1618 1275 1748 1331 ﬁdes
1783 1281 1836 1328 et
1865 1269 2107 1327 conden-

523 1386 626 1432 sat.
657 1378 790 1444 Quia
820 1379 964 1432 enim
997 1377 1135 1431 Dens
1158 1390 1255 1428 nos
1279 1371 1569 1441 majoribus
1595 1367 1772 1422 atl‘ecit
1811 1362 2106 1426 beneﬁciis,

523 1484 682 1536 quam
705 1484 824 1538 qua:
850 1467 1017 1536 possit
1040 1465 1267 1519 humana
1299 1462 1436 1516 ratio
1467 1458 1702 1530 assequi,
1729 1455 1920 1510 merito
1948 1452 2108 1508 ﬁdem

527 1560 838 1614 introduxit.
876 1559 1015 1614 Fieri
1038 1558 1179 1612 enim
1210 1570 1316 1610 non
1347 1560 1519 1623 potest
1541 1561 1596 1604 ut
1618 1549 1686 1605 sit
1726 1549 1908 1602 ﬁrmus
1932 1560 1996 1601 ac
2015 1558 2108 1598 so-

525 1650 684 1713 lidus,
716 1650 805 1720 qui
832 1649 996 1719 exigit
1023 1647 1280 1702 rationes.
1315 1644 1452 1698 Ecce
1479 1641 1620 1696 cnim
1643 1655 1761 1709 qua:
1789 1637 2029 1708 graviora
2054 1644 2112 1691 et

522 1740 725 1809 nnjora
754 1749 878 1793 sunt
924 1739 1062 1808 apud
1091 1753 1213 1801 nos,
1242 1731 1532 1790 ratiociniis
1579 1745 1745 1784 vacua
1773 1729 1872 1784 soli
1911 1726 2111 1782 adlue—

523 1843 642 1888 rent
693 1831 857 1887 ﬁdei:
891 1831 1158 1899 Nusquam
1195 1837 1276 1881 est
1319 1827 1478 1890 Deus,
1510 1832 1564 1878 et
1602 1831 1683 1876 est
1730 1820 1953 1890 ubique.
1971 1818 2108 1885 Quid

521 1935 605 1978 est
637 1927 737 1980 hoc
767 1923 937 1993 magis
962 1939 989 1974 a
1019 1921 1222 1975 ratione
1247 1919 1480 1973 alienum
1506 1915 1529 1968 ?
1557 1911 1982 1982 Unumquodque
2010 1924 2110 1980 per

520 2032 580 2071 se
623 2027 707 2073 est
747 2015 1056 2087 perplexum
1099 2022 1153 2066 et
1196 2010 1456 2066 refertum
1501 2005 1854 2061 haesitatione.
1881 2001 1999 2056 Non
2025 2009 2110 2057 est

520 2110 661 2164 eiiim
688 2111 740 2163 in
764 2109 913 2173 loco;
943 2120 1114 2176 neque
1130 2113 1212 2159 cst
1231 2103 1368 2158 ullus
1396 2103 1446 2155 in
1471 2114 1577 2170 quo
1605 2098 1675 2153 sit
1701 2097 1868 2151 locus.
1889 2093 2006 2148 Non
2028 2103 2112 2150 est

521 2202 752 2272 genitus,
779 2216 884 2255 non
915 2201 1150 2269 seipsum
1178 2196 1325 2261 fecit,
1357 2210 1468 2250 non.
1493 2192 1655 2262 carpit
1681 2205 1819 2248 esse.
1853 2189 2112 2256 Quaenam

525 2296 662 2351 ratio
689 2295 803 2348 haec
830 2291 1150 2362 susceperit,
1180 2291 1224 2344 si
1257 2306 1363 2344 non
1391 2289 1458 2341 sit
1484 2285 1653 2340 ﬁdes?
1693 2299 1869 2337 annon
1903 2282 2112 2336 videtur

524 2401 646 2442 esse
667 2385 969 2447 ridiculum,
997 2390 1052 2437 et
1095 2382 1300 2436 nullum
1332 2379 1530 2433 habere
1561 2377 1718 2430 linem
1755 2374 1923 2444 magis
1948 2389 2108 2442 quam

524 2478 790 2548 amigma?
817 2479 988 2546 Atque
1017 2475 1157 2544 quod
1189 2474 1259 2527 sit
1293 2471 1410 2526 sine
1459 2467 1724 2540 principio
1761 2475 1816 2520 et
1845 2465 2110 2534 ingenitus

523 2581 574 2625 et
617 2569 1109 2637 incircumscriptus
1152 2574 1207 2620 et
1251 2563 1526 2624 inﬁnitus,
1575 2560 1646 2614 ila
1675 2567 1758 2614 est
1804 2556 2022 2612 dubium
2056 2565 2112 2613 et

528 2663 839 2733 perplexum
869 2659 1047 2730 :quod
1093 2658 1163 2714 sit
1209 2665 1388 2711 autem
1434 2654 1802 2722 incorporeus,
1835 2649 2111 2706 videamus

525 2774 650 2810 num
666 2757 932 2826 possimus
951 2752 1202 2820 indagare
1228 2749 1457 2804 ratione.
1486 2743 2110 2810 Deusestincorporeus.

525 2849 662 2917 Quid
687 2857 771 2902 est
800 2845 1191 2916 incorporeus?
1228 2841 1411 2898 Solum
1437 2839 1656 2894 verbum
1682 2835 1884 2890 nudum
1915 2851 1928 2888 :
1959 2849 2112 2890 mens

526 2944 670 2997 cnim
702 2941 834 2995 nihil
865 2939 1118 3008 suscepit,
1153 2949 1325 3005 neque
1376 2933 1476 2988 sibi
1526 2933 1745 3002 ﬁguram
1793 2927 2063 2998 impressit
2095 2943 2110 2980 :

530 3049 652 3088 nam
683 3033 728 3086 si
757 3031 978 3102 ﬁguram
1009 3025 1362 3099 impresserit,
1403 3025 1550 3078 venit
1577 3022 1642 3077 ad
1670 3030 1936 3081 naturam,
1967 3029 2020 3072 et
2048 3032 2113 3073 ea

528 3143 647 3198 qum
681 3124 1016 3180 constituunt
1057 3135 1273 3188 corpus.
1322 3117 1681 3185 Quamobrem
1722 3113 1853 3168 dicit
1897 3111 2113 3182 quidem

528 3233 642 3285 ore,
672 3216 764 3272 sed
795 3215 918 3286 quid
947 3215 1091 3268 dicat
1134 3227 1240 3266 non
1291 3209 1442 3264 novit
1481 3207 1755 3277 cogitatio,
1805 3203 1905 3259 nisi
1951 3218 2114 3257 unum

530 3311 725 3372 solum,
751 3323 942 3377 nempe
969 3304 1110 3376 quod
1134 3319 1239 3358 non
1265 3302 1337 3356 sit
1364 3315 1583 3370 corpus,
1615 3298 1718 3353 hoc
1747 3299 1917 3352 solum
1945 3295 2114 3351 novit.

531 3405 601 3458 Iit
647 3400 774 3473 quid
817 3399 940 3455 dico
971 3398 1039 3453 de
1070 3397 1220 3451 Deo?
1265 3395 1317 3448 in
1346 3393 1521 3447 anima
1557 3392 1698 3447 enim
1749 3390 1874 3462 quid
1902 3398 1985 3444 est
2031 3389 2117 3442 in-

530 3507 874 3562 corporeum,
907 3506 1026 3561 qua:
1053 3499 1132 3545 est
1164 3487 1324 3552 facta,
1353 3501 1470 3556 quae
1496 3484 1721 3549 inclusa,
1751 3499 1871 3553 qua:
1897 3483 2122 3536 circum.

531 3585 824 3639 scribitur?
861 3582 979 3647 dic,
1017 3577 1260 3635 ostende.
1303 3576 1408 3631 Sed
1454 3591 1560 3628 non
1611 3582 1782 3644 potes.
1852 3572 1948 3628 Est
1987 3572 2119 3628 aer?

531 3675 638 3732 Sed
687 3691 781 3732 aer
820 3681 904 3727 est
951 3686 1167 3740 corpus,
1223 3667 1428 3723 etiamsi
1479 3683 1583 3722 non
1627 3664 1855 3720 solidum
1883 3705 1899 3730 ,
1953 3673 2010 3719 et
2051 3678 2118 3719 ex

534 3771 717 3826 multis
736 3775 944 3823 constat
970 3765 1110 3836 quod
1135 3765 1203 3819 sit
1228 3777 1422 3832 corpus
1453 3761 1648 3815 laxum.
1694 3758 1834 3829 Ignis
1859 3755 1980 3813 eat?
2013 3755 2120 3811 Sed

534 3863 672 3934 ignis
712 3869 796 3916 est
845 3855 1341 3928 corpus,operatio
1381 3860 1558 3907 autem
1600 3850 1792 3904 animae
1835 3858 1916 3902 est
1943 3847 2121 3902 incur-

535 3970 719 4026 porea.
766 3951 977 4020 Quare?
1020 3948 1294 4019 Siquidem
1323 3945 1500 4000 omnia
1541 3940 1803 4014 pervadit.
1857 3939 1912 3996 Si
1943 3949 2121 3994 autem

539 4048 656 4118 ipsa
676 4056 758 4102 est
787 4057 1006 4114 corpus,
1047 4043 1100 4098 in
1143 4041 1263 4096 loco
1287 4047 1371 4096 est
1412 4039 1788 4106 incorporeum
1816 4050 1830 4086 :
1862 4047 1990 4102 ergo
2015 4031 2125 4085 cir-

537 4137 951 4202 cumscribitur;
982 4133 1125 4205 quod
1155 4141 1332 4186 autem
1370 4126 1844 4188 circumscribitur,
1867 4133 1944 4180 est
1977 4124 2029 4178 in
2058 4123 2122 4178 ﬁo

537 4248 698 4303 gnra;
731 4231 911 4300 ﬁgurm
941 4237 1120 4283 autem
1149 4241 1218 4280 ex
1246 4225 1383 4278 linea
1409 4238 1424 4287 ;
1457 4222 1613 4276 linem
1638 4227 1816 4273 autem
1847 4227 2124 4276 suntmor-

539 4338 748 4394 porum.
792 4321 997 4375 Rursus
1039 4317 1180 4388 quod
1218 4324 1306 4371 est
1347 4328 1542 4382 expers
1583 4313 1788 4382 ﬁgurae,
1837 4323 2122 4380 qnamnam

533 4414 700 4468 habet
739 4409 1050 4467 notionem?
1078 4408 1193 4462 Non
1237 4406 1398 4460 habet
1441 4405 1686 4474 ﬁguram,
1725 4418 1832 4456 non
1872 4401 2123 4464 fortnam,

541 4521 646 4561 non
691 4505 891 4559 locum.
939 4501 1102 4555 Vides
1143 4497 1411 4568 quomodo
1446 4511 1596 4550 mens
1645 4495 1880 4566 caligat?
1921 4493 2126 4549 Rursus

541 4609 729 4654 natura
755 4595 844 4650 illa
874 4609 981 4648 non
1003 4601 1085 4647 est
1103 4605 1268 4660 capax
1290 4589 1548 4644 malorum
1577 4605 1592 4641 :
1623 4587 1716 4643 sed
1742 4595 1796 4644 et
1822 4601 1916 4641 sua
1934 4595 2127 4656 Sponte

540 4690 804 4763 quispiam
835 4696 920 4744 est
942 4689 1111 4742 bonus
1140 4702 1154 4739 :
1185 4699 1314 4754 ergo
1335 4690 1419 4739 est
1443 4697 1630 4752 capax.
1652 4680 1759 4737 Sed
1790 4681 1893 4736 dici
1919 4696 2023 4735 non
2043 4695 2130 4748 po-

540 4792 679 4848 test;
709 4781 870 4837 absit.
900 4779 1106 4835 Rursus
1130 4776 1196 4832 ad
1227 4777 1328 4832 hoc
1369 4785 1427 4830 ut
1454 4784 1618 4838 esset,
1652 4774 1838 4827 volens
1866 4771 2127 4827 deductus

537 4883 644 4940 est,
673 4889 741 4928 an
769 4871 999 4928 nolens?
1027 4870 1134 4927 Sed
1161 4884 1262 4924 nec
1299 4867 1401 4923 hoc
1425 4866 1528 4922 dici
1560 4875 1757 4937 potest.
1790 4864 1995 4919 Rursus
2024 4864 2130 4918 cir-

537 4965 852 5021 cumscribit
871 4965 1056 5020 orbem
1079 4971 1258 5028 terrm,
1275 4976 1452 5015 annon
1469 4960 1494 5014 ?
1511 4960 1566 5015 Si
1585 4975 1690 5014 non
1715 4957 2128 5025 circumscribit,

543 5060 660 5128 ipse
685 5057 1147 5114 circumscribitur
1176 5074 1191 5108 :
1217 5055 1262 5110 si
1290 5065 1468 5110 autem
1499 5053 1910 5119 circumscribit,
1934 5063 2018 5108 est
2044 5053 2128 5106 in-

545 5149 726 5203 ﬁnitus
778 5157 990 5203 natura.
1051 5146 1259 5201 Rursus
1304 5145 1698 5200 circumscribit
1750 5145 2024 5213 scipsum?
2073 5144 2128 5198 Si

542 5239 937 5296 circumscribit
964 5239 1225 5309 seipsum,
1253 5253 1358 5292 non
1388 5246 1620 5306 estergo
1647 5236 1745 5292 sibi
1794 5238 1911 5290 sine
1942 5236 2131 5306 princi-

545 5332 657 5400 pio,
687 5332 781 5387 sed
811 5331 965 5386 nobis
995 5347 1008 5383 :
1042 5346 1149 5385 non
1173 5337 1258 5386 est
1303 5343 1435 5400 ergo
1483 5338 1670 5382 natura
1698 5328 1816 5382 sine
1844 5329 2129 5398 principio.

547 5419 756 5491 Ubique
788 5430 1002 5492 oportet
1031 5421 1160 5476 dare
1187 5420 1478 5476 contraria.
1518 5419 1678 5474 Vides
1702 5428 1896 5490 quanta
1927 5419 1999 5474 sit
2035 5435 2129 5474 ca-

549 5510 676 5580 ligo,
706 5520 759 5567 et
783 5513 925 5581 quod
956 5513 1153 5583 ubique
1180 5527 1314 5582 opus
1347 5513 1418 5566 sit
1457 5511 1600 5566 ﬁde?
1629 5511 1743 5581 Ipsa
1780 5521 1863 5566 est
1891 5512 2042 5566 ﬁrma
2071 5527 2136 5567 ac

547 5601 742 5654 solida.
773 5602 877 5657 Sed
900 5604 946 5659 si
968 5605 1150 5668 vultis,
1185 5605 1461 5658 veniamus
1490 5602 1555 5657 ad
1589 5603 1672 5656 his
1697 5603 1926 5657 minora.
1963 5602 2136 5658 liabet

549 5692 915 5760 operationem
940 5695 1029 5750 illa
1058 5696 1313 5750 essentia.
1341 5695 1406 5748 Et
1427 5694 1551 5764 quid
1576 5702 1659 5749 est
1688 5693 1741 5748 iu
1772 5709 1837 5750 eo
1855 5694 2136 5763 operatio?

551 5789 802 5836 motusue
845 5782 1074 5851 aliquis?
1122 5784 1238 5839 Non
1283 5796 1368 5841 est
1412 5802 1541 5854 ergo
1585 5785 1934 5839 immutabilis
1967 5801 1980 5837 :
2013 5800 2134 5840 nam

549 5872 692 5942 quod
725 5883 988 5941 movetur,
1035 5891 1138 5932 uon
1167 5886 1246 5933 cst
1289 5877 1618 5938 immutabile
1649 5894 1660 5930 :
1695 5893 1816 5933 nam
1844 5894 1907 5935 ex
1942 5878 2132 5933 immo-

1231 433 1289 491 S.
1326 432 1606 491 JOANNIS
1639 426 2108 487 CIIRYSOSTOIII
2147 425 2462 482 ARCIIIEP.
2500 425 3025 488 CONSTAN'I‘INOP.

3696 438 3814 498 331i-

2217 537 2421 594 billtate
2465 551 2728 597 movetur.
2773 543 2879 599 Sed
2921 556 3096 602 tamen
3125 558 3386 614 movetur,
3415 559 3469 606 et
3509 568 3816 623 numquam.

2215 638 2338 684 stat.
2387 630 2628 698 Quonam
2675 643 2853 689 autem
2886 647 3058 705 motu,
3101 639 3453 710 dic,qua:so?
3505 645 3644 713 apud
3698 663 3813 703 nos.

2212 721 2354 774 enim
2388 730 2514 775 sunt
2556 732 2784 792 septem,
2820 741 3069 793 sursum,
3110 729 3384 796 deorsum,
3427 733 3584 798 intra,
3632 736 3814 802 τοι-οε..

2213 812 2423 867 sinistra
2449 854 2463 878 ,
2489 813 2698 882 dextra,
2729 818 3057 875 eirculariter
3081 834 3094 871 :
3120 831 3212 877 aut
3252 823 3297 877 si
3349 840 3454 881 non
3501 826 3620 894 hoc,
3669 845 3799 901 ang-

2213 913 2450 959 mentum
2477 946 2500 971 ,,
2524 905 2803 963 diminutio
2825 950 2841 975 ,
2868 921 3018 966 ortus
3039 953 3053 976 ,
3085 913 3328 970 inter-itus
3352 959 3366 982 ,
3397 918 3659 974 alteratio.
3687 921 3814 978 Sed.

2213 995 2360 1049 nullo
2386 994 2597 1060 horum,
2632 1014 2816 1054 verum
2861 1016 2928 1056 eo
2963 1012 3110 1058 motu
3154 1021 3261 1076 quo
3303 1023 3476 1077 mens,
3506 1017 3798 1069 movetur?

2215 1083 2320 1138 Sed
2367 1099 2468 1141 nec
2494 1085 2595 1142 hoc
2639 1089 2891 1158 quidem;
2924 1093 3100 1147 absit:
3135 1096 3186 1150 in
3229 1097 3410 1153 multis
3453 1102 3594 1154 enim
3632 1104 3794 1158 etiam

2213 1177 2440 1232 absurde
2462 1194 2616 1233 mens
2637 1193 2900 1237 movetur.
2932 1183 3082 1241 Velle
3102 1196 3187 1242 est
3205 1195 3414 1258 operari
3432 1191 3456 1244 ?
3477 1209 3666 1250 omnes
3699 1213 3797 1251 an-

2214 1275 2318 1322 tem
2362 1269 2604 1324 homines
2634 1273 2746 1326 vult
2786 1287 2910 1328 esse
2956 1275 3127 1331 bonos
3174 1289 3230 1334 et
3269 1282 3489 1339 salvos:
3525 1289 3813 1356 quomodo.

2214 1375 2319 1414 non
2347 1361 2406 1415 ﬁt
2429 1361 2578 1417 ?'Sed
2609 1364 2752 1420 aliud
2772 1376 2855 1421 est
2881 1369 3036 1435 velle,
3055 1370 3198 1426 aliud
3222 1377 3476 1443 operari?
3504 1379 3584 1434 Ad
3607 1397 3798 1451 opem-

2213 1451 2412 1506 tionem
2441 1468 2569 1523 ergo
2597 1471 2702 1510 non
2729 1457 2926 1513 sufﬁcit
2969 1461 3106 1516 velle
3138 1481 3166 1517 :-
3185 1463 3468 1530 Quomodo
3512 1485 3641 1541 ergo
3666 1472 3799 1528 dicit

2211 1543 2507 1614 Scriptura,
2539 1546 2724 1601 Omnia
2751 1565 3073 1619 quascumque
3099 1553 3254 1608 valuit
3285 1556 3402 1626 fecit
3432 1557 3452 1630 (
3481 1559 3627 1615 Psal.
3672 1563 3793 1619 H3.

2216 1637 2275 1690 III
2299 1636 2354 1705 ΓΞ
2381 1646 2434 1692 et
2480 1653 2665 1693 rursus
2695 1640 2940 1710 leprosus
2963 1643 3092 1699 dicit
3120 1645 3351 1714 Christo,
3386 1651 3449 1706 Si
3485 1654 3624 1720 vctis,
3657 1667 3798 1726 potes

2213 1745 2290 1781 me
2318 1730 2564 1785 mundare
2579 1730 2788 1800 (Matth.
2817 1735 2870 1789 8.
2895 1735 2953 1803 ἃ)
2975 1736 2998 1789 7
3019 1737 3187 1794 Vultis
3206 1741 3346 1795 aliud
3368 1759 3578 1814 quoque
3597 1747 3798 1803 dicam?

2213 1819 2490 1883 Quomodo
2510 1837 2585 1875 ex.
2604 1823 2667 1875 iis
2687 1839 2805 1891 qua:
2836 1841 2941 1878 non
2967 1837 3141 1892 erant,
3171 1828 3307 1885 facta
3339 1843 3458 1887 sunt
3487 1851 3606 1906 qua:
3631 1840 3800 1891 sunt?

2212 1911 2482 1979 quomodo
2506 1916 2557 1967 in
2590 1914 2814 1970 nihilum
2841 1917 3206 1977 dissolvuntur
3224 1924 3249 1976 ?
3275 1924 3411 1992 Quid
3441 1939 3522 1982 est
3562 1931 3694 1985 czelo
3720 1933 3800 1986 al-

2213 2003 2354 2058 tius?
2393 2004 2484 2058 illo
2515 2014 2699 2060 autem
2743 2008 2903 2065 altius
2931 2013 3101 2080 quid?
3126 2023 3182 2069 et
3228 2016 3322 2070 illo
3351 2019 3524 2087 quid?
3567 2033 3622 2076 et
3670 2025 3797 2094 quid

2214 2104 2332 2166 post
2353 2096 2524 2151 illud?
2549 2107 2603 2153 et
2623 2098 2726 2154 hoc
2747 2101 2798 2154 in
2833 2101 3117 2157 inﬁnitum.
3144 2105 3278 2174 Quid
3300 2108 3434 2163 infra
3463 2122 3656 2167 terram
3680 2116 3814 2168 est?-

2213 2202 2363 2244 mare
2391 2204 2406 2243 :
2431 2196 2625 2258 etpost
2649 2191 2820 2261 ipsum
2851 2194 3022 2263 quid?
3061 2207 3114 2251 et
3143 2214 3326 2254 rursus
3353 2212 3472 2271 post
3499 2204 3626 2259 illud
3647 2206 3672 2259 ?
3692 2205 3808 2262 Sed-

2213 2279 2266 2333 in
2308 2280 2543 2337 dexteris
2573 2291 2627 2338 et
2674 2285 2904 2340 sinistris
2935 2303 3114 2345 nonne
3163 2293 3348 2348 eadem
3389 2306 3470 2351 est
3497 2298 3813 2356 dubitatio?

2283 2378 2332 2429 4.
2379 2374 2482 2430 Sed
2527 2375 2644 2431 haec
2690 2378 2906 2447 quidem
2958 2383 3057 2437 sub
3106 2395 3380 2454 aspectum
3431 2404 3536 2444 non
3581 2391 3810 2449 cadunt-

2214 2465 2386 2520 Vultis
2412 2467 2465 2521 in
2493 2468 2560 2522 iis
2603 2484 2724 2538 qua:
2759 2480 3054 2526 cernuntur
3077 2474 3408 2532 deducamus
3448 2481 3747 2536 orationem
3775 2485 3813 2536 ἲν

2215 2557 2266 2612 in
2295 2558 2358 2613 iis
2377 2575 2498 2631 qua:
2518 2560 2627 2629 jam
2657 2576 2953 2618 evenerunt
2973 2565 3117 2620 ?~Dic
3156 2568 3588 2640 mihi,quomodo
3626 2575 3816 2630 bellua

2213 2649 2402 2705 Ionam
2428 2651 2655 2708 habebat
2697 2654 2990 2722 inventre,
3017 2665 3074 2712 et
3120 2659 3164 2713 is
3205 2675 3312 2715 non
3346 2663 3592 2731 peribat?
3621 2682 3801 2721 annon

2216 2741 2269 2797 id
2299 2757 2492 2813 expers
2518 2753 2601 2800 est
2630 2746 2892 2800 rationis?
2922 2762 3100 2802 annon
3132 2757 3335 2807 temere
3357 2757 3637 2809 movetur?
3668 2773 3804 2824 quo-

2216 2834 2376 2890 modo
2402 2834 2548 2904 justo
2572 2838 2851 2906 pepercit?
2881 2840 3156 2909 quomodo
3179 2843 3326 2897 calor
3346 2858 3451 2898 non
3479 2859 3599 2899 eum
3631 2847 3803 2901 snﬁ'o-

2217 2928 2396 2982 eavit?
2423 2928 2694 2998 quomodo
2725 2945 2832 2984 non
2871 2931 3190 3000 pittrefecit?
3224 2933 3354 2988 Nam
3385 2936 3429 2990 si
3462 2937 3807 3008 iri-profundo

2218 3019 2390 3074 solum
2429 3035 2569 3081 esse,
2600 3021 2960 3090 periculosum
3009 3032 3131 3089 est;
3163 3040 3283 3080 esse
3312 3027 3471 3082 etiam
3502 3029 3552 3082 in
3582 3030 3806 3085 visceri—

2219 3111 2340 3176 bus,
2367 3120 2423 3166 et
2450 3111 2503 3165 in
2543 3111 2635 3165 illo
2673 3113 2878 3178 calore,
2911 3115 3068 3184 longe
3109 3116 3486 3186 periculosius.
3520 3119 3820 3186 Quomodo

2221 3199 2371 3256 illinc
2395 3202 2627 3272 spirabat
2656 3205 2882 3259 aerem?
2917 3206 3191 3274 quomodo
3213 3207 3422 3263 duobus
3446 3211 3808 3266 animantibus

2220 3292 2520 3348 sufﬁciebat
2554 3295 2880 3364 respiratio?
2902 3297 3384 3366 quomodoantem
3419 3315 3541 3354 eum
3571 3303 3822 3356 evomuit:

2223 3383 2446 3439 illtcsum
2468 3385 2492 3438 ?
2517 3387 2788 3454 quomodo
2819 3397 2873 3442 et
2903 3387 3267 3457 loquebatur?
3292 3391 3564 3459 quomodo
3591 3402 3643 3448 et
3668 3393 3807 3463 apud

2222 3491 2281 3531 se
2306 3486 2421 3532 erat
2447 3487 2500 3532 et
2526 3477 2884 3547 precabatur?
2905 3496 3084 3534 annon
3121 3492 3244 3536 sunt
3288 3481 3402 3537 ha-c
3431 3484 3759 3540 incredibilia
3784 3486 3830 3538 τ’

2225 3569 2582 3636 Incredibilia,
2610 3571 2656 3627 si
2701 3573 2905 3628 ratione
2951 3573 3330 3644 exquiramus;
3372 3575 3416 3628 si
3450 3585 3627 3630 autem
3679 3577 3807 3639 ﬁde,

2222 3663 2378 3718 valde
2421 3662 2724 3719 credibilia.
2778 3663 2962 3718 Dicam
2993 3675 3055 3720 et
3096 3666 3240 3736 quod
3284 3677 3368 3722 est
3406 3667 3507 3723 hoc
3549 3669 3831 3741 amplius?’

2225 3755 2576 3811 Frumentum
2605 3757 2658 3810 in
2688 3756 2810 3812 sinu
2841 3766 2999 3812 terra:
3045 3759 3409 3829 corrumpitur
3453 3770 3510 3816 et
3553 3763 3805 3832 resurgit.

2227 3847 2358 3904 Vide
2389 3848 2647 3904 miracula
2688 3849 2977 3916 contraria,
3020 3859 3076 3906 et
3109 3867 3228 3923 qua:
3269 3852 3496 3908 alterum
3538 3855 3606 3910 ab
3643 3856 3814 3911 altero

2227 3941 2512 3996 vincuntur
2539 3959 2552 3996 :
2583 3950 2667 3997 est
2709 3941 3010 3997 mirandum
3055 3944 3196 4014 quod
3227 3961 3332 3999 non
3362 3947 3697 4015 putruerint;
3731 3957 3823 4004 est

2227 4031 2532 4088 mirandum
2558 4033 2700 4102 quod
2730 4032 3025 4102 putrefacta
3056 4037 3479 4092 resurrexerint.

2297 4121 2487 4179 Contra
2510 4140 2596 4178 eos
2623 4125 2708 4194 qui
2729 4125 3144 4180 resurrectionem
3173 4127 3439 4198 negabant.
3472 4159 3543 4169 —
3569 4129 3668 4184 Ubi
3693 4137 3828 4184 sunt

2228 4217 2318 4286 qui
2364 4231 2471 4271 non
2515 4215 2742 4272 credunt
2788 4218 3190 4285 resurrectioni,
3239 4231 3294 4275 et
3341 4219 3566 4276 dicunt:
3600 4222 3711 4277 Hoc
3753 4239 3828 4278 os-

2227 4308 2499 4379 quomodo
2539 4309 2664 4364 huic
2701 4309 3139 4380 conglutinatur?
3181 4320 3235 4366 et
3274 4311 3538 4380 ejusmodi
3578 4311 3833 4369 fabulosa.

2231 4398 2600 4456 introducunt.
2638 4399 2731 4454 Dic
2774 4399 3120 4464 mihi,-Elias
3158 4402 3431 4472 quomodo
3474 4405 3715 4460 ascendit
3764 4406 3824 4460 in

2231 4507 2392 4548 curru
2434 4492 2570 4562 ignis
2600 4491 2695 4562 (4.
2719 4491 2849 4560 Reg.
2887 4490 2943 4544 2.
2975 4493 3034 4546 II
3071 4490 3138 4564 )7
3169 4493 3306 4563 Ignis
3331 4496 3469 4550 solet
3500 4510 3677 4562 urere,
3709 4512 3823 4549 non

2231 4599 2444 4639 sursum
2482 4584 2690 4638 tollere.
2730 4584 3012 4651 Quomodo
3055 4587 3181 4641 vivit
3222 4596 3424 4641 tantum
3460 4590 3717 4658 tempus?
3767 4589 3834 4643 in

2231 4691 2338 4746 quo
2380 4682 2464 4729 est
2501 4674 2660 4728 loco?
2689 4689 2853 4744 quare
2903 4675 3004 4730 hoc
3045 4675 3245 4731 factum
3283 4677 3410 4732 est?
3465 4678 3582 4745 Quo
3632 4687 3828 4732 autem».

2235 4769 2522 4823 translatus
2548 4777 2632 4824 est
2659 4767 2887 4822 Enoch?
2932 4783 3066 4824 eone
3107 4771 3229 4825 cibo
3263 4771 3497 4826 vescitur
3526 4785 3642 4840 quo
3674 4787 3774 4825 nos
3804 4773 3839 4824 τ’

2235 4872 2290 4916 ct
2313 4863 2438 4934 quid
2472 4871 2613 4918 vetat
2639 4863 2924 4933 quominus
2953 4863 3023 4916 sit
3047 4862 3172 4918 hic?
3221 4864 3292 4917 At
3337 4879 3444 4918 non
3472 4862 3741 4918 vescitur?
3772 4873 3831 4916 et

2235 4969 2334 5008 cur
2362 4953 2462 5008 fuit
2509 4954 2843 5009 translatus?
2882 4953 3013 5008 Vide
3045 4954 3210 5008 Deum
3257 4955 3511 5024 paulatim
3555 4970 3652 5009 nos
3697 4968 3831 5007 cru-

2237 5048 2495 5103 dientem.
2533 5046 2824 5101 Transtulit
2869 5045 3051 5101 Enoch
3077 5062 3090 5098 :
3120 5044 3223 5100 hoc
3265 5061 3371 5098 nou
3417 5053 3502 5099 cst
3548 5059 3828 5115 magnum.

2240 5139 2352 5194 I'Ioc
2376 5153 2474 5194 nos
2502 5137 2685 5192 docuit
2720 5137 2774 5191 in
2817 5136 2944 5190 Elia;
2976 5135 3029 5192 in
3061 5135 3227 5190 altum
3256 5135 3556 5190 evectione.
3589 5135 3829 5191 Rursum

2240 5234 2453 5290 inclusit
2480 5232 2594 5288 Noe
2617 5233 2668 5287 in
2700 5248 2822 5287 arca
2852 5247 3062 5303 :neque
3083 5233 3185 5286 hoc
3213 5241 3295 5286 est
3321 5232 3389 5286 ita
3412 5244 3683 5300 magnum.
3713 5227 3835 5284 IIoc

2239 5341 2339 5382 nos
2366 5326 2544 5381 docuit
2571 5325 2622 5377 in
2647 5325 2922 5394 propheta:
2945 5323 3244 5379 inclusione
3272 5323 3324 5376 in
3351 5331 3499 5376 ceto.
3523 5322 3613 5377 Sic
3643 5331 3831 5374 vetera

2239 5432 2452 5487 quoque
2501 5413 2927 5484 pramursoribus
2968 5428 3104 5483 opus
3155 5414 3456 5467 habuerunt
3506 5423 3566 5466 et
3616 5411 3827 5478 ﬁguris.

2239 5509 2388 5563 Sicut
2409 5506 2551 5561 enim
2582 5505 2634 5559 in
2659 5505 2818 5559 scalis
2848 5503 3056 5573 primus
3073 5504 3274 5574 gradus
3301 5501 3613 5558 transmittit
3637 5500 3712 5554 ad
3733 5515 3830 5554 sc-

2241 5600 2506 5664 cundum;
2535 5613 2564 5652 a
2594 5598 2768 5668 primo
2805 5607 2982 5653 autem
3014 5611 3120 5651 non
3165 5597 3290 5651 licet
3339 5594 3522 5650 venire
3555 5593 3620 5647 ad
3666 5607 3832 5664 quar-

2243 5702 2378 5760 tum,
2403 5700 2458 5747 et
2483 5692 2582 5746 iste
2607 5690 2673 5745 ad
2706 5689 2879 5753 illum,
2915 5696 2975 5743 ut
3003 5689 3092 5743 ille
3121 5689 3187 5742 ad
3216 5689 3374 5742 istum
3412 5688 3483 5741 sit
3506 5686 3588 5740 via
3611 5703 3625 5750 ;
3651 5701 3830 5754 neque

2242 5791 2368 5839 ante
2396 5783 2624 5854 primum
2666 5781 2778 5837 ﬁeri
2825 5790 3000 5850 potest
3030 5789 3088 5836 ut
3112 5780 3358 5836 veniatur
3385 5779 3451 5834 ad
3481 5778 3774 5834 secundum
3810 5796 3824 5829 :

2247 5878 2314 5932 ita
2338 5876 2422 5932 hic
2451 5889 2680 5946 quoque.
2717 5875 2777 5929 Et
2820 5874 2940 5930 vidc
2985 5874 3132 5946 signa
3175 5874 3446 5945 signorum
3483 5889 3497 5928 :
3527 5881 3583 5928 ct
3621 5869 3826 5926 videbis
