4184 6534
267 360 371 420 557

1167 347 1233 405 ιΝ
1272 345 1490 405 εριετ.
1532 347 1624 404 AD
1659 345 1940 405 COLOSS.
1978 347 2135 406 CAP.
2177 347 2241 407 ll.
2284 348 2516 406 llOillL.
2563 348 2646 405 Vl.

3474 354 3579 413 338

269 474 375 530 hoc
403 472 457 527 in
481 470 624 527 scala
655 482 815 542 quam
842 464 972 521 vidit
999 463 1206 521 Jacob:
1239 463 1499 535 Superius
1521 462 1762 534 quidem,
1789 463 1872 519 in-
1978 464 2240 536 optimum
2267 474 2321 521 et
2344 465 2844 537 praestantissimum
2860 481 2982 524 esse
3004 467 3301 527 hominem.
3335 470 3581 530 Christus

268 564 409 637 quit,
441 563 630 618 ﬁrmus
659 569 716 616 ct
739 559 947 614 stabilis
969 558 1145 612 stabat
1178 556 1473 622 Dominus;
1505 555 1733 611 inferius
1775 569 1876 610 au-

268 668 382 712 tent
414 655 591 724 angeli
620 650 987 706 ascendebant
1012 659 1065 704 et
1104 647 1526 704 descendebant.
1558 644 1880 717 Prdpbetice

271 748 629 806 nuntiabatur
654 743 795 815 quod
847 742 1044 799 Filium
1090 740 1317 795 haberet
1365 738 1565 794 Pater:
1597 737 1882 808 oportebat

272 843 380 898 hoc
411 838 582 895 credi.
620 838 899 894 Undenam
948 837 1029 889 vis
1065 832 1349 889 ostendam
1396 833 1541 887 illius
1584 831 1772 902 signa?
1811 830 1882 888 ab

268 933 383 987 alto
419 932 581 993 infra,
612 931 681 985 ab
720 930 829 984 imo
885 926 1081 998 supra?
1121 923 1529 980 Ostendeudum
1575 931 1693 977 erat
1737 921 1881 991 quod

268 1031 457 1095 gignat
489 1021 859 1091 impatibiliter
893 1038 906 1073 :
934 1026 1220 1091 propterea
1248 1016 1429 1086 genuit
1458 1014 1690 1083 primum
1720 1012 1883 1068 steri-

272 1120 362 1172 lis.
393 1116 505 1171 Imo
536 1131 664 1171 vero
704 1116 774 1170 ab
813 1114 924 1168 alto
966 1112 1187 1183 petitum
1241 1110 1500 1164 ducamus
1529 1122 1883 1165 sermonem:

269 1212 421 1267 credi
454 1210 765 1280 oportebat,
797 1206 941 1278 quod
973 1221 1038 1261 ex
1070 1207 1187 1275 ipso
1220 1222 1234 1259 :
1263 1203 1391 1272 quid
1437 1201 1606 1273 ergo?
1654 1201 1766 1256 lloc
1802 1202 1881 1267 ﬁt,

272 1304 371 1359 sed
400 1303 656 1364 obscure,
690 1310 875 1371 utpote
920 1298 971 1352 in
1002 1298 1190 1352 umbra
1233 1304 1290 1350 et
1328 1294 1533 1365 ﬁgura;
1570 1292 1667 1348 sed
1698 1293 1757 1347 ﬁt
1787 1310 1802 1349 :
1830 1301 1887 1347 et

275 1396 625 1466 procedendo
657 1394 711 1447 lit
740 1390 1140 1463 quodammodo
1169 1389 1526 1445 manifestius.
1558 1387 1635 1442 Ex
1670 1387 1887 1441 homine

274 1491 397 1544 solo
422 1501 505 1543 est
548 1488 765 1553 mulier,
798 1496 851 1541 et
878 1485 969 1540 ille
1016 1492 1198 1538 manet
1237 1484 1465 1553 integer.
1501 1481 1705 1537 Rursus
1751 1495 1888 1535 cou-

276 1581 548 1653 ecptionis
577 1598 642 1635 ex
673 1579 895 1651 Virgine
922 1577 1210 1649 Oportebat
1251 1591 1373 1631 esse
1404 1574 1620 1645 aliquod
1649 1575 1882 1645 signum.

275 1676 428 1729 l‘arit
451 1675 674 1739 sterilis,
708 1688 812 1727 non
845 1672 1036 1735 semel,
1072 1670 1167 1725 sed
1210 1670 1291 1723 his
1313 1678 1368 1724 et
1393 1678 1474 1724 ter
1502 1679 1553 1723 et
1580 1683 1744 1738 serpe.
1777 1665 1887 1721 Ge-

274 1768 577 1821 nerationis
602 1782 733 1836 ergo
760 1781 825 1820 ex
860 1764 1079 1835 Virgine
1104 1764 1305 1819 sterilis
1332 1761 1432 1817 fuit
1458 1760 1678 1833 quidem
1702 1771 1886 1831 typus,

274 1870 333 1913 et
382 1861 469 1913 illa
526 1869 764 1914 menti-m
824 1857 1139 1912 transmittit
1185 1854 1251 1910 ad
1310 1854 1492 1910 ﬁdem.
1550 1854 1661 1907 lloc
1701 1868 1890 1907 rursus

262 1952 381 2006 fuit
437 1960 597 2022 typus
646 1948 790 2021 quod
832 1950 981 2005 solus
1020 1949 1157 2004 Deus
1194 1947 1364 2017 possit
1393 1947 1631 2015 gignere.
1659 1945 1713 2001 Si
1745 1946 1889 2000 enim

277 2042 429 2115 quod
461 2052 543 2098 est
571 2043 911 2112 pra-stantius
944 2042 1125 2105 homo,
1151 2039 1313 2094 etiam
1337 2038 1540 2107 absque
1556 2052 1623 2092 eo
1649 2037 1889 2108 paritur;

282 2133 463 2190 tuulto
501 2134 665 2203 magis
690 2141 980 2202 generatur
1006 2148 1071 2186 ex
1101 2146 1170 2185 eo
1208 2128 1353 2200 quod
1382 2139 1465 2183 est
1493 2128 1587 2182 illo
1629 2136 1895 2199 praestan-

290 2227 425 2279 tius.
481 2225 576 2279 Est
629 2225 731 2278 alia
798 2238 1011 2295 quoque
1074 2222 1353 2293 generatio
1402 2230 1560 2293 typus
1611 2218 1892 2281 veritatis;

278 2334 481 2387 nempe
522 2326 704 2371 nostra
759 2332 826 2371 ex
872 2316 1098 2386 Spiritu.
1148 2314 1316 2383 llujus
1366 2328 1553 2368 rurSus
1606 2322 1765 2384 typus
1812 2321 1896 2366 est

278 2414 503 2476 ate-rilis,
533 2413 790 2481 quoniam
820 2426 925 2465 non
958 2426 1024 2465 ex
1059 2409 1411 2479 sanguinibus
1443 2425 1457 2461 :
1490 2407 1604 2461 lucc
1641 2419 1895 2475 superna:

277 2507 651 2580 genemtimtis
698 2518 856 2577 typus
896 2515 1001 2561 est.
1045 2507 1221 2574 Atque
1264 2503 1350 2557 illa
1392 2501 1610 2569 quidem
1656 2499 1897 2555 ostendit

279 2602 405 2669 eius
435 2600 933 2669 impatibilitatcm;
964 2596 1080 2652 ha-c
1107 2612 1237 2651 vero
1265 2610 1329 2649 cx
1367 2593 1486 2648 solo
1530 2607 1689 2663 posse
1729 2607 1898 2662 gene—

280 2676 417 2749 rari.
469 2692 566 2747 Est
617 2692 868 2747 ChriStus
918 2705 1154 2760 superne
1210 2689 1262 2743 in
1312 2702 1506 2742 omnes
1562 2686 1897 2741 dominatum

278 2789 537 2842 obtinens
571 2806 584 2843 :
616 2786 905 2857 oportebat
957 2784 1060 2839 hoc
1101 2784 1269 2839 credi.
1301 2782 1388 2836 Fit
1433 2781 1535 2836 hoc
1582 2780 1635 2835 in
1670 2791 1811 2835 terra
1845 2779 1897 2834 in

281 2881 507 2937 homine
538 2900 550 2935 :
587 2880 867 2934 Faciamus
894 2879 1173 2943 hominem,
1208 2876 1401 2946 inquit,
1441 2874 1509 2927 ad
1544 2875 1813 2944 imaginem
1850 2882 1899 2927 et

280 2979 669 3035 similitudinem
700 2986 925 3030 nostram
950 2972 1102 3044 (Gen.
1140 2974 1191 3027 Ι.
1215 2971 1335 3041 26),
1359 2982 1415 3024 ttt
1448 2970 1622 3025 brutis
1647 2970 1898 3025 omnibus

283 3075 542 3145 imperet.
575 3072 647 3126 lta
678 3086 783 3124 non
812 3067 1014 3131 verbis,
1046 3066 1137 3120 sed
1167 3064 1327 3119 rebus
1354 3064 1517 3119 etiam
1559 3079 1656 3116 nos
1684 3062 1890 3116 docuit.

283 3167 508 3221 Natura:
534 3165 934 3233 separationem
966 3158 1231 3229 signiﬁcat
1257 3156 1561 3227 paradisus,
1588 3166 1641 3211 et
1659 3155 1898 3210 omnium

1981 569 2101 614 erat
2146 571 2572 617 resurrecturus.
2622 559 2758 616 Vide
2800 561 2910 631 jam
2959 571 3091 633 quot
3110 563 3261 635 signa
3304 582 3320 621 :
3371 565 3577 630 Enoch,

1984 652 2149 716 Elias,
2176 652 2364 714 Jonas.
2387 669 2507 723 quae
2536 654 2672 709 facta
2698 664 2823 709 sunt
2840 656 2892 710 in
2922 653 3158 722 fornace,
3193 673 3315 728 quae
3339 666 3583 728 tempore

1984 744 2098 799 Noe
2139 744 2278 799 facta
2306 753 2389 799 est
2433 744 2733 810 inundatio,
2766 747 2995 813 semina,
3026 750 3241 817 plantze,
3270 762 3452 804 nostra
3527 761 3584 805 et

1984 836 2225 892 omnium
2253 837 2565 892 animalium
2599 838 2897 908 generatio.
2933 838 3063 894 Nam
3090 841 3344 910 quoniam
3391 842 3444 896 in
3479 840 3585 897 hoc

1984 930 2166 984 omnia
2197 928 2680 999 periclitabantur,
2714 931 2817 986 hoc
2844 932 3076 986 maxime
3114 933 3354 987 omnium
3387 935 3585 990 multas

1990 1023 2174 1077 habuit
2197 1021 2419 1094 ﬁguras.
2444 1021 2605 1088 Quod
2624 1023 2802 1077 omnia
2830 1038 2938 1077 non
2966 1024 3083 1078 siue
3106 1024 3445 1093 providentia
3484 1041 3582 1097 ge-

1989 1124 2196 1177 rantur,
2226 1129 2292 1168 ex
2326 1113 2389 1169 iis
2410 1130 2626 1185 quoque
2647 1130 2767 1184 quae
2792 1113 2932 1185 apud
2963 1129 3061 1171 nos
3089 1116 3222 1170 ﬁunt
3247 1125 3427 1186 potest
3450 1134 3584 1172 con-

1984 1206 2078 1277 jici
2103 1224 2117 1261 :
2147 1206 2352 1261 nullum
2374 1208 2519 1262 enim
2547 1223 2734 1262 eorum
2766 1206 2886 1263 siue
2901 1207 3233 1279 providentia
3260 1219 3460 1263 manet.
3478 1208 3585 1264 Sed

1988 1309 2044 1355 et
2069 1314 2281 1371 greges,
2309 1308 2361 1354 et
2388 1300 2492 1354 alia
2519 1300 2701 1353 omnia
2735 1315 2871 1369 opus
2904 1299 3104 1355 habent
3130 1310 3183 1353 ιιι
3210 1310 3486 1370 regantur.
3524 1300 3590 1354 Et

1989 1393 2132 1462 quod
2163 1407 2294 1447 casu
2340 1406 2447 1446 non
2487 1393 2626 1447 facta
2674 1393 2781 1447 sint
2811 1395 3013 1459 omnia,
3035 1394 3272 1450 ostendit
3319 1395 3589 1464 gehenna,

1990 1482 2226 1538 ostendit
2245 1484 2407 1537 etiam
2426 1483 2686 1539 diluvium
2712 1485 2855 1554 quod
2886 1485 2981 1539 fuit
3010 1494 3254 1557 tempore
3275 1486 3407 1552 Noe,
3430 1487 3589 1557 ignis,

1991 1576 2265 1631 demersio
2294 1576 2697 1649 Egyptiorum,
2727 1593 2848 1648 quae
2897 1576 3037 1634 facta
3081 1588 3206 1633 sunt
3249 1579 3301 1634 in
3350 1579 3588 1635 deserto.

1991 1666 2284 1737 Oportebat
2310 1678 2364 1722 et
2382 1666 2704 1738 baptismum
2736 1669 2902 1723 multa
2922 1669 3232 1739 praecedere
3265 1687 3279 1722 :
3312 1670 3446 1724 facta
3465 1679 3594 1724 smit

1993 1762 2106 1830 illa,
2148 1776 2500 1833 quzecumque
2546 1762 2598 1817 in
2626 1778 2759 1833 aqua
2783 1804 2796 1827 ,
2827 1770 2988 1832 atque
3013 1762 3119 1817 alia
3151 1761 3588 1830 innumerabilia,

1995 1865 2054 1911 ut
2082 1872 2203 1925 qutr
2228 1856 2365 1912 facta
2385 1866 2510 1911 sunt
2529 1856 2582 1910 in
2610 1854 2813 1923 Veteri,
2844 1872 2965 1927 qum
2989 1857 3040 1912 in
3066 1858 3302 1927 piscina;
3333 1857 3475 1926 quod
3501 1857 3591 1928 qui

1994 1962 2158 2003 mnus
2176 1964 2281 2003 non
2306 1959 2423 2004 erat
2445 1947 2818 2017 mandaretur,
2835 1950 3007 2020 ipsum
3031 1948 3309 2018 diluvium,
3330 1950 3593 2021 baptisma

1994 2040 2240 2097 Joannis.
2273 2042 2570 2111 Oportebat
2618 2042 2788 2106 credi,
2827 2042 2968 2112 quod
3015 2041 3207 2097 Filium
3239 2057 3395 2098 suum
3422 2042 3599 2098 tradat

2000 2134 2141 2188 Deus
2170 2150 2184 2187 :
2217 2133 2317 2187 hoc
2348 2135 2497 2204 prius
2524 2132 2653 2189 fecit
2683 2133 2867 2189 homo.
2890 2133 3023 2202 Quis
3049 2134 3178 2189 ille?
3205 2134 3476 2190 Abraham
3505 2151 3599 2204 pa-

2002 2224 2258 2280 triarcha.
2291 2224 2495 2280 llorum
2527 2241 2659 2296 ergo
2682 2226 2924 2280 omnium
2956 2238 3136 2298 typos,
3169 2227 3212 2280 si
3241 2227 3488 2293 velimus,
3517 2230 3602 2281 iu-

2000 2320 2298 2383 veniemus,
2322 2319 2366 2374 si
2400 2335 2703 2389 qumramus
2726 2320 2779 2374 itt
2802 2319 3097 2389 Scriptura.
3120 2319 3224 2375 Sed
3253 2336 3321 2375 ne
3342 2320 3603 2390 defatige-

2003 2428 2146 2477 mur,
2170 2428 2355 2467 verum
2384 2412 2437 2466 in
2471 2412 2553 2466 his
2581 2427 2681 2467 nos
2706 2426 3117 2483 componamus.
3146 2411 3382 2467 Firtuam
3412 2422 3467 2467 et
3487 2422 3603 2467 sta-

2003 2505 2167 2561 bilem
2221 2504 2516 2560 habeamus
2578 2504 2739 2560 ﬁdem
2790 2520 2805 2557 :
2854 2516 3098 2560 exactam
3174 2513 3228 2559 et
3294 2512 3602 2559 accuratam

2003 2594 2353 2651 ostendamus
2381 2597 2505 2651 vita:
2555 2605 2755 2650 nostra:
2804 2595 3243 2661 institutionem;
3277 2602 3337 2649 ut
3364 2611 3484 2649 cum
3511 2610 3607 2663 per

2005 2689 2187 2744 omnia
2218 2689 2327 2744 Deo
2363 2690 2563 2759 gratias
2589 2689 2883 2760 egerimus,
2912 2688 3194 2759 promissis
3224 2690 3388 2744 etiam
3422 2689 3487 2744 iis
3513 2688 3605 2759 qui

2005 2784 2230 2854 diligunt
2278 2798 2400 2837 eum
2441 2781 2729 2853 dignemur
2757 2783 2931 2848 bonis,
2973 2782 3143 2853 gratia
3183 2791 3237 2837 et
3277 2782 3607 2853 benignitate

2008 2879 2222 2933 Domini
2246 2878 2416 2932 nostri
2439 2876 2567 2931 Jcsu
2589 2874 2812 2941 Christi,
2843 2891 2968 2931 eum
2997 2890 3104 2946 quo
3145 2875 3311 2943 Patri,
3340 2875 3607 2944 simulque

2006 2985 2194 3029 sancto
2218 2972 2439 3043 Spiritui
2462 2972 2653 3042 gloria,
2677 2981 2937 3041 potestas,
2971 2969 3166 3038 honor,
3200 2985 3340 3027 nunc
3379 2980 3435 3026 et
3462 2983 3610 3025 scut-

2010 3080 2127 3136 per,
2159 3064 2286 3120 etin
2313 3065 2508 3119 szecula
2534 3062 2878 3118 saeculorum.
2900 3066 3095 3119 Amen.

283 3278 3605 3313 ______________________.———————_——————————

1638 3382 1987 3446 HOMILIA
2032 3385 2140 3449 VI.

283 3543 422 3600 CAP.
452 3540 505 3594 9...
537 3555 590 3594 v.
615 3540 666 3594 6.
702 3536 852 3594 Sicut
873 3552 993 3608 ergo
1021 3533 1286 3604 accepistis
1305 3530 1483 3587 Jcsum
1506 3528 1766 3585 Christum
1787 3527 1903 3584 Do-

362 3634 562 3688 minum
610 3643 863 3696 nostrum,
910 3630 963 3683 in
1006 3628 1120 3699 ipso
1164 3623 1442 3691 ambulate,
1492 3624 1546 3678 7.
1598 3621 1815 3677 radicatt'
1856 3631 1903 3677 et

364 3725 769 3794 supertrdilicati
811 3724 865 3778 in
896 3723 1030 3795 ipso,
1063 3730 1110 3775 et
1140 3718 1435 3789 conﬁrmati
1461 3717 1514 3771 in
1541 3715 1666 3787 ﬁde,
1699 3717 1829 3769 sicut
1857 3724 1904 3770 et

366 3820 641 3883 didicistis,
670 3816 988 3871 abundantes
1018 3815 1072 3867 in
1102 3811 1196 3868 illa
1220 3813 1274 3866 in
1299 3811 1581 3883 gratiarum
1607 3813 1830 3864 actione.

368 3913 423 3967 1.
468 3910 623 3966 Prius
646 3909 769 3964 illos
792 3908 1011 3980 proprio
1037 3906 1303 3978 prtcvenit
1334 3903 1670 3967 testimonio,
1692 3902 1904 3970 dicens,

292 4005 448 4061 Sicut
474 4005 764 4075 accepistis.
788 4002 934 4059 Nihil
961 4003 1220 4067 alienum,
1250 4000 1442 4071 inquit,
1475 3998 1903 4063 introducimus;

288 4116 429 4172 ergo
471 4116 645 4168 neque
686 4114 803 4153 vos.
846 4095 916 4151 In
945 4113 1003 4149 eo
1029 4096 1329 4149 ambulate:
1361 4094 1476 4163 ipse
1501 4092 1647 4147 enim
1696 4099 1780 4146 est
1821 4091 1907 4144 via

289 4208 420 4264 qua:
446 4192 667 4247 adducit
695 4189 761 4244 ad
810 4190 1023 4245 Patrem
1058 4203 1203 4243 :nou
1247 4188 1300 4241 in
1344 4186 1578 4256 angelis;
1621 4200 1730 4239 non
1780 4183 1910 4239 illuc

291 4289 450 4342 ducit
480 4286 596 4342 lure
618 4285 722 4339 via.
756 4283 1027 4342 Radicati;
1055 4281 1157 4335 hoc
1185 4291 1289 4342 est,
1323 4280 1410 4334 ﬁxi
1432 4294 1496 4332 ac
1522 4278 1766 4343 stabiles,
1800 4294 1907 4332 non

292 4376 592 4449 aliquando
638 4375 854 4446 quidem
908 4373 1067 4439 hanc,
1114 4370 1403 4441 aliquando
1442 4385 1572 4424 vero
1608 4368 1777 4435 illatn,
1809 4367 1905 4423 sed

293 4469 528 4527 radicati
552 4486 565 4521 :
594 4467 739 4538 quod
768 4476 853 4522 est
882 4475 1063 4521 autem
1093 4464 1390 4519 radicatum
1413 4477 1508 4518 seu
1537 4461 1678 4533 quod
1705 4461 1911 4516 radices

292 4562 436 4632 egit,
461 4575 570 4614 non
594 4557 789 4628 poterit
813 4556 1195 4611 transmoveri.
1236 4553 1369 4609 Vide
1397 4569 1558 4624 quam
1587 4552 1833 4623 proprias
1858 4560 1914 4606 et

294 4651 583 4723 appositas
615 4650 766 4719 ponit
809 4648 1100 4702 dictiones.
1119 4646 1202 4701 .lt‘t
1228 4645 1647 4715 superadi/icati,
1707 4642 1912 4714 inquit;

297 4747 413 4801 hoc
439 4750 543 4804 est,
578 4751 761 4797 mente
780 4740 848 4796 ad
878 4740 1054 4810 ipsum
1089 4739 1477 4809 pertingentes.
1520 4735 1590 4790 Et
1621 4737 1915 4806 conﬁrmati

291 4840 359 4894 in
393 4837 542 4905 ipso;
575 4833 678 4889 hoc
723 4843 828 4900 est,
877 4832 1050 4903 ipsum
1105 4840 1371 4894 tenentes,
1431 4840 1703 4899 tamquam
1753 4844 1920 4899 super

300 4928 724 4987 {ntidameutnm
764 4926 1033 4982 aediﬁcati.
1066 4924 1315 4980 Ostendit
1341 4938 1437 4978 eos
1462 4923 1725 4977 cecidisse
1758 4939 1772 4976 :
1818 4923 1920 4977 hoc

300 5023 459 5079 etiim
493 5020 694 5075 indicat
722 5019 871 5085 illud,
899 5017 1196 5087 .Ediﬁcati.
1224 5017 1430 5070 Revera
1459 5016 1601 5069 enim
1633 5014 1918 5069 aedilicium

303 5123 398 5169 est
430 5110 599 5166 ﬁdes:
631 5120 686 5167 et
706 5126 843 5180 opus
874 5120 957 5166 est
986 5109 1108 5164 forti
1150 5107 1525 5174 fundamento,
1552 5106 1839 5177 stabilique
1868 5115 1922 5161 et

308 5219 432 5262 tuta
460 5204 844 5261 aediﬁcatione.
871 5204 1001 5258 Nam
1034 5202 1077 5257 si
1106 5201 1227 5273 quis
1254 5202 1306 5254 in
1336 5210 1451 5253 tuto
1481 5215 1587 5253 non
1615 5199 1922 5253 aediﬁcave-

306 5304 407 5363 l’it,
442 5298 696 5362 labascit;
724 5307 777 5353 et
822 5298 867 5352 si
909 5299 960 5350 itt
1003 5305 1137 5360 tuto,
1165 5304 1220 5349 et
1246 5310 1350 5347 non
1382 5293 1645 5353 lirntetttr,
1681 5306 1787 5344 non
1818 5298 1925 5344 stat

309 5391 579 5461 amplius.
612 5389 761 5444 Sicut
803 5397 847 5441 et
876 5386 1147 5441 didicistis.
1182 5385 1410 5449 Rursus,
1456 5381 1623 5447 Sicut,
1659 5379 1925 5451 signiﬁcat

311 5484 455 5540 nihil
481 5496 679 5536 novum
708 5480 837 5535 dici.
865 5480 1217 5545 Abundantes,
1248 5478 1439 5548 iuqttit,
1470 5476 1520 5529 in
1550 5475 1639 5529 illa
1662 5475 1712 5528 in
1735 5472 1927 5545 gratia-

312 5594 441 5634 rum
471 5577 688 5630 actione.
737 5575 846 5627 lloc
875 5583 956 5627 est
984 5573 1126 5626 enim
1157 5586 1345 5626 eorum
1385 5570 1472 5637 qui
1502 5578 1628 5623 sunt
1660 5582 1931 5622 memores

318 5671 577 5728 beneﬁcii
615 5693 628 5723 :
664 5682 768 5721 non
814 5667 1014 5730 solum,
1065 5665 1304 5732 inquam,
1351 5662 1548 5732 gratias
1597 5675 1778 5730 agt-re,
1834 5657 1930 5712 sed

320 5781 454 5821 cum
484 5778 675 5833 magna
706 5758 1053 5821 abundantia,
1084 5756 1207 5826 plus
1244 5771 1402 5826 quam
1428 5754 1713 5821 didicistis,
1741 5752 1784 5807 si
1816 5752 1932 5806 ﬁeri

323 5864 534 5933 potest,
566 5868 690 5910 cum
724 5866 916 5923 magna
956 5849 1120 5905 animi
1166 5845 1531 5904 contentione.
1567 5846 1620 5903 8.
1661 5844 1838 5902 Videte
1870 5860 1932 5900 ne
1962 5922 1965 5923 ν

2012 3536 2127 3600 quis
2156 3552 2242 3591 vos
2271 3537 2514 3607 decipiat.
2547 3537 2711 3593 Vides
2739 3535 3013 3608 quomodo
3041 3533 3335 3591 ostenderit
3376 3547 3497 3588 e~se
3525 3530 3577 3585 fu
3596 3559 3611 3571 -

2012 3643 2148 3694 rem,
2184 3639 2237 3683 et
2261 3629 2519 3696 alienum,
2549 3640 2603 3685 et
2630 3631 2830 3686 sensim
2877 3627 3305 3699 ingredientem?
3329 3628 3438 3695 jam
3466 3626 3611 3681 enim

2011 3722 2197 3775 statuit
2215 3722 2386 3791 ipsum
2416 3721 2825 3793 ingredientem.
2848 3721 2909 3776 Et
2932 3720 3155 3792 pulchre
3171 3719 3612 3782 ᾱίςίισυὶαγωνεη,

2014 3815 2389 3871 sulfurantem.
2417 3813 2487 3873 Ut
2514 3815 2559 3871 si
2590 3815 2856 3887 quispiam
2899 3829 3150 3886 aggerem
3201 3812 3413 3869 inferne
3442 3809 3613 3865 sulfu-

2014 3906 2191 3972 chns,
2222 3908 2302 3961 sui
2326 3922 2545 3962 sensum
2587 3924 2692 3962 non
2727 3908 2984 3978 praebeat,
3037 3904 3168 3961 illttd
3210 3920 3339 3961 vero
3368 3901 3614 3957 labatur:

2016 4002 2095 4056 sic
2117 4002 2205 4056 ille
2238 4001 2383 4056 facit.
2416 4001 2602 4056 Videte
2628 4015 2793 4071 ergo:
2825 3999 2911 4054 lue
2944 4009 3064 4054 sunt
3097 3999 3240 4053 enim
3269 3996 3409 4051 illius
3440 4006 3618 4065 partes

2017 4112 2085 4150 nc
2114 4111 2331 4151 sensum
2362 4096 2578 4166 quidem
2624 4096 2705 4150 sui
2759 4095 3022 4164 pr:ebere.
3062 4091 3166 4146 Per
3208 4089 3615 4162 philosophiam.

2020 4189 2246 4254 Deinde,
2264 4190 2517 4258 quoniam
2549 4185 2855 4242 veneranda
2883 4185 3095 4238 videtur
3110 4198 3230 4237 esse
3255 4179 3617 4251 philosophia,

2019 4282 2261 4341 addidit:
2295 4282 2357 4335 Et
2384 4282 2588 4335 inanem
2612 4279 2895 4351 fallaciam.
2928 4276 3025 4332 Est
3056 4275 3201 4330 enim
3234 4273 3372 4328 bona
3404 4285 3620 4342 quoque

2018 4373 2268 4444 dect-ptio
2290 4381 2345 4428 et
2372 4373 2547 4427 bonus
2568 4371 2740 4434 dolus,
2762 4385 2870 4439 quo
2888 4368 3037 4423 multi
3060 4375 3185 4421 sunt
3204 4364 3437 4434 decepti,
3457 4378 3620 4434 quem

2022 4484 2129 4522 non
2161 4468 2423 4522 fallaciam
2454 4466 2671 4536 quidem
2718 4471 2810 4518 ant
2858 4460 3238 4531 deceptionem
3268 4464 3484 4528 oportet
3523 4470 3622 4509 vo-

2022 4576 2181 4615 care:
2211 4560 2280 4615 de
2318 4573 2422 4629 qua
2475 4557 2604 4612 dicit
2650 4555 2935 4619 Jeremias,
2968 4552 3221 4622 Decepisti
3251 4566 3349 4615 me,
3381 4547 3624 4614 Domine,

2024 4665 2069 4709 ct
2095 4656 2334 4725 deceptus
2363 4670 2472 4707 sum
2509 4650 2642 4722 (Jcr.
2674 4649 2767 4705 20.
2796 4649 2875 4721 7).
2901 4648 3031 4703 Nam
3061 4646 3204 4717 quod
3232 4657 3315 4702 est
3342 4644 3625 4713 huiusmo-

2024 4749 2101 4811 di,
2125 4765 2192 4803 ne
2221 4748 2470 4817 deceptio
2494 4745 2710 4817 quidem
2737 4743 3023 4798 diceudmu
3047 4750 3150 4797 est.
3172 4738 3303 4794 Nam
3332 4749 3393 4792 et
3417 4746 3625 4806 patrem

2027 4855 2181 4895 suum
2211 4838 2425 4909 decepit
2464 4836 2654 4901 Jacob,
2689 4835 2783 4890 sed
2815 4849 2921 4889 nou
2954 4842 3071 4887 erat
3114 4830 3383 4898 deceptio,
3434 4841 3624 4881 verunt

2027 4932 2381 5002 dispensatio.
2418 4929 2520 4984 Per
2541 4927 2941 4999 philosOphiam,
2968 4924 3161 4995 inquit,
3179 4931 3226 4975 et
3247 4922 3451 4975 inanem
3473 4918 3631 4991 falla-

2028 5024 2182 5088 ciam,
2211 5022 2489 5078 secundmn
2520 5021 2848 5099 traditionem
2894 5017 3177 5078 hominum,
3219 5012 3499 5067 secundum
3527 5010 3631 5064 ele-

2031 5126 2199 5171 menta
2222 5114 2422 5180 mundi,
2447 5123 2492 5166 et
2518 5129 2618 5166 non
2645 5108 2923 5164 secundum
2951 5107 3229 5161 Christum.

2107 5207 2491 5262 Observationes
2519 5204 2735 5258 dierum.
2761 5230 2836 5242 —
2857 5200 2975 5256 Jatn
3008 5199 3224 5269 attingit
3252 5195 3632 5269 reprehensio;

2035 5317 2161 5356 nem
2187 5301 2397 5356 dierum
2423 5294 2818 5352 observationis
2838 5292 2936 5363 (a),
2958 5291 3225 5347 elementa
3246 5288 3429 5344 mundi
3447 5287 3636 5342 dicens

2036 5395 2207 5449 solem
2240 5403 2293 5448 et
2322 5392 2540 5446 lunam:
2585 5388 2725 5443 sicut
2768 5387 2929 5440 etiam
2971 5383 3184 5438 dicebat
3214 5383 3266 5436 in
3298 5378 3537 5452 Epistola
3565 5378 3635 5434 ad

2038 5484 2284 5541 Galatas:
2313 5481 2580 5548 Quomodo
2629 5476 2982 5533 convertimini
3024 5474 3094 5528 ad
3141 5474 3348 5544 inﬁrma
3384 5482 3432 5525 et
3477 5486 3633 5542 egena

2104 5666 2176 5727 (ιι)
2202 5664 2279 5714 De
2302 5664 2491 5727 dierum
2514 5657 2956 5727 observationibus,
2976 5668 3094 5727 gnte
3117 5664 3293 5727 magna
3317 5647 3647 5727 {uitabat-slus

2040 5709 2283 5791 pei‘slitio',
2306 5709 2626 5791 ustrinum
2654 5735 2810 5784 usapte
3056 5709 3648 5791 protractagfuit_,___m_ttlta

2040 5774 2322 5839 ῦίὲέιῖέίιὲιι
2359 5790 2409 5837 in
2454 5774 2811 5848 Supplemeth
2833 5783 2891 5831 ad
2927 5774 3276 5844 Antiquitatom
3302 5774 3645 5840 explanatam:

2040 5866 2153 5917 quae
2174 5852 2318 5902 adeat
2349 5850 2433 5914 qui
2460 5848 2688 5899 voluerit.
