4184 6492
617 343 724 400 539

623 461 798 514 mundi
819 461 1060 516 elententa
1083 460 1224 532 (Gal.
1250 461 1300 516 4.
1331 459 1429 528 9)?
1460 459 1524 514 Et
1547 473 1652 514 non
1681 459 1834 525 dixit,
1867 458 2079 514 Dierum
2105 460 2203 515 οι».

622 552 972 618 servntiones,
999 553 1094 606 sed
1121 553 1342 606 omnino
1369 550 1552 605 mundi
1593 550 1890 620 praesentis,
1927 558 1984 604 nt
2013 557 2200 603 oste-na

619 645 713 699 dut
738 660 895 715 quam
927 645 996 698 sit
1021 659 1105 697 res
1134 644 1250 697 vilis
1270 661 1284 697 :
1303 659 1424 697 nant
1445 644 1488 696 si
1508 643 1739 697 mundus
1759 643 1887 696 nihil
1905 650 2008 708 est,
2035 641 2204 696 multo

621 738 789 806 magis
815 739 1097 790 elementa.
1129 734 1262 790 Cum
1293 750 1421 805 ergo
1458 733 1781 790 Ostettdisset
1823 749 1979 802 quam
2024 731 2203 786 multis

619 829 792 884 allecti
839 829 1035 883 fuerint
1074 827 1382 893 beneﬂciis,
1429 837 1555 881 tunc
1598 827 1753 881 all'ert
1781 823 2200 888 accusationem,

620 927 681 972 ut
710 919 964 988 majorem
991 921 1260 980 ostendat,
1293 929 1348 973 et
1377 928 1562 987 arguat
1587 917 1878 971 auditores.
1911 916 2021 970 lloc
2040 916 2201 969 etiam

619 1026 836 1077 semper
863 1010 1065 1066 faciunt
1096 1011 1404 1080 pmphetm:
1433 1011 1578 1079 prius
1604 1009 1893 1063 Ostendam
1922 1006 2197 1070 beneﬁcia,

618 1113 671 1156 et
696 1113 820 1156 tunc
847 1115 1046 1172 augent
1072 1105 1444 1165 accusatione;
1478 1103 1618 1155 sicut
1659 1101 1789 1154 dicit
1821 1099 2003 1163 Isaias,
2040 1097 2204 1152 Filios

619 1195 768 1264 genui
798 1204 842 1246 et
867 1195 1110 1259 exaltari,
1140 1195 1238 1262 ipsi
1269 1209 1383 1246 vero
1415 1210 1494 1244 me
1521 1201 1814 1257 spreverunt
1845 1189 1999 1262 (lsai.
2033 1190 2083 1243 l.
2102 1188 2160 1257 2)
2185 1205 2201 1254 ;

619 1294 675 1340 et
701 1301 904 1350 rursus,
955 1285 1153 1354 Popule
1183 1301 1343 1349 meus,
1384 1283 1508 1353 quid
1545 1282 1642 1350 feci
1687 1282 1795 1346 tibi,
1827 1290 1916 1334 aut
1945 1281 1998 1334 in
2027 1297 2125 1348 qua
2156 1289 2204 1333 te

620 1377 980 1442 dolorea/I'eci,
1013 1388 1058 1429 et
1086 1379 1173 1430 tibi
1204 1378 1441 1429 molestus
1465 1375 1542 1444 fui
1567 1373 1752 1445 (Mich.
1787 1374 1835 1427 ϐ.
1871 1371 1973 1444 3)?
2008 1382 2062 1426 et
2093 1372 2200 1425 Da-

621 1469 704 1520 vid
735 1479 786 1518 ut
823 1483 924 1534 qua
951 1467 1034 1520 'do
1059 1466 1210 1530 dicit,
1243 1465 1495 1519 Exaudiui
1519 1473 1566 1516 te
1587 1465 1641 1516 in
1680 1463 1974 1516 abscondito
2005 1471 2200 1530 tempe-

619 1557 760 1608 statis
791 1555 961 1620 (Ιέαι.
994 1556 1082 1611 80.
1116 1557 1203 1624 8);
1233 1565 1286 1609 et
1317 1570 1522 1618 rursus,
1566 1553 1718 1620 Aperi
1745 1569 1800 1606 os
1835 1563 1994 1618 tuam,
2025 1562 2071 1605 et
2099 1553 2198 1603 int-

621 1649 766 1716 plebo
787 1648 932 1700 illud.
969 1647 1036 1700 Et
1065 1647 1259 1716 ubique
1302 1647 1381 1700 sic
1409 1645 1670 1700 invenies.
1703 1643 1844 1714 Ergo
1875 1643 2079 1698 etiamsi
2114 1640 2188 1696 illi

617 1739 906 1808 quidquam
936 1738 1196 1801 dicerent,
1234 1751 1340 1791 non
1375 1735 1685 1805 persuaderi
1720 1743 2026 1804 oporteret;
2058 1747 2201 1786 nunc

616 1841 814 1894 autent,
863 1831 1024 1884 etiam
1067 1829 1269 1898 absque
1318 1827 1611 1893 beneﬁciis,
1645 1827 1730 1881 illa
1757 1829 1970 1896 oportet
1995 1825 2197 1893 lugere.

619 1922 682 1976 Et
712 1941 810 1976 non
839 1923 1116 1978 secundum
1137 1922 1414 1978 Christum.
1447 1920 1578 1976 Nam
1609 1921 1710 1975 etsi
1733 1920 1803 1974 ita
1827 1933 1914 1975 res
1941 1933 2002 1974 se
2030 1917 2198 1972 habe-

615 2025 696 2069 ret
718 2027 772 2070 ιιι
801 2017 1029 2085 ριιεεειίε
1054 2025 1105 2070 ει
1139 2015 1260 2070 huic
1299 2025 1354 2070 et
1395 2015 1470 2068 illi
1510 2013 1735 2078 servire,
1778 2027 1846 2068 ne
1875 2011 1953 2067 sic
1980 2010 2195 2082 quidem

613 2117 920 2177 oporteret:
948 2124 1086 2162 nttnc
1130 2116 1308 2162 autem
1342 2123 1446 2160 non
1491 2106 1674 2160 sinunt
1710 2104 1800 2159 illa
1835 2119 1931 2158 vos
1959 2118 2081 2158 esse
2107 2117 2200 2157 se-

613 2199 847 2253 cundum
877 2200 1145 2253 Christum
1170 2216 1182 2252 :
1215 2213 1276 2252 ea
1305 2213 1398 2251 vos
1429 2197 1552 2252 inde
1577 2195 1869 2252 abducunt.
1888 2194 2020 2250 Cum
2052 2195 2201 2264 prius

615 2292 830 2346 Cra-cas
857 2291 1222 2346 labelactasset
1243 2290 1666 2350 observationes,
1701 2297 1826 2342 tunc
1851 2286 2012 2341 etiam
2042 2300 2199 2340 ever-

617 2385 680 2437 tit
708 2383 969 2437 ludaicas.
1003 2381 1134 2436 Nam
1165 2393 1218 2436 et
1247 2380 1421 2437 Graeci
1452 2389 1508 2434 et
1531 2379 1698 2434 διιόωί
1746 2379 1894 2448 plura
1935 2378 2196 2432 observa.

615 2473 772 2537 bant;
807 2473 898 2526 sed
929 2473 1002 2527 illi
1030 2472 1244 2542 quidem
1272 2487 1338 2525 ex
1370 2470 1725 2540 philosophia,
1750 2468 1802 2522 hi
1823 2483 1953 2524 vero
1969 2481 2031 2523 ex
2056 2468 2194 2538 lege.

617 2565 772 2619 Prius
802 2579 928 2635 ergo
968 2563 1174 2618 accedit
1212 2563 1279 2617 ad
1317 2577 1432 2626 eos,
1476 2561 1614 2630 apud
1653 2575 1789 2630 quos
1818 2561 2016 2630 majora
2042 2566 2198 2614 erant

613 2657 933 2711 accusanda.
985 2655 1284 2723 Quomodo,
1338 2653 1458 2708 Non
1505 2655 1777 2708 secundum
1819 2651 2114 2706 Christum?
2141 2651 2195 2706 9.

617 2748 751 2812 Quia
780 2749 831 2801 in
859 2750 968 2814 ipso
997 2747 1184 2800 habitat
1213 2746 1376 2800 omnis
1408 2746 1663 2814 plenitudo
1707 2744 1982 2798 divinitatis
2018 2759 2200 2813 corpo-

616 2841 829 2906 raliter;
861 2839 947 2894 l0.
989 2850 1036 2893 et
1070 2839 1188 2892 estis
1216 2839 1266 2892 in
1295 2837 1382 2892 illo
1407 2836 1602 2907 repleti,
1650 2839 1734 2905 qui
1764 2845 1833 2890 est
1856 2843 2007 2905 caput
2037 2834 2200 2888 omnis

618 2934 935 3004 principatus
965 2942 1010 2986 et
1041 2931 1315 3000 potestatis.

688 3027 742 3081 2.
787 3024 918 3078 Vide
941 3023 1214 3093 quomodo
1237 3023 1288 3076 in
1319 3037 1506 3076 eorum
1535 3021 1881 3076 accusatione
1909 3017 2038 3073 illud
2063 3033 2199 3072 con-

620 3117 770 3182 l'odit,
808 3117 951 3186 prius
995 3129 1198 3185 ponens
1224 3114 1566 3176 solutionem,
1589 3124 1638 3166 et
1665 3123 1788 3166 tunc
1819 3111 2194 3180 ohjectionem.

620 3206 834 3262 Minime
865 3206 1005 3259 enim
1039 3213 1284 3273 suspecta
1317 3212 1400 3257 est
1427 3203 1541 3256 inec
1575 3202 1790 3262 solutio,
1821 3211 1875 3254 et
1905 3203 2072 3270 magis
2101 3201 2196 3254 ad-

619 3299 779 3353 mittit
803 3296 1033 3360 auditor,
1064 3305 1246 3364 utpote
1288 3308 1409 3347 cum
1453 3294 1540 3363 qui
1586 3293 1740 3356 dicit,
1775 3307 1878 3345 non
1909 3293 1975 3345 ad
2010 3292 2059 3345 id
2088 3302 2200 3346 stu-

618 3390 764 3443 dimn
794 3387 1054 3443 conferat.
1085 3385 1214 3440 Nam
1245 3385 1350 3438 illic
1372 3384 1586 3454 quidem
1617 3385 1780 3437 etiam
1815 3382 2089 3437 contendit
2133 3397 2199 3436 ne

620 3481 896 3542 vineatnr;
929 3477 1012 3531 hic
1037 3486 1212 3530 autem
1245 3475 1482 3529 minime.
1507 3473 1636 3540 Quia
1654 3475 1704 3526 in
1725 3476 1834 3545 ipso
1857 3475 2066 3527 habitat.
2089 3472 2200 3526 lloc

618 3581 721 3637 est,
748 3569 868 3640 quia
903 3571 1038 3623 licus
1066 3568 1117 3622 in
1150 3567 1265 3638 ipso
1294 3567 1518 3621 habitat.
1548 3565 1652 3621 Sed
1679 3581 1746 3620 ne
1774 3566 2052 3620 existimes
2075 3581 2196 3618 enm

619 3677 740 3717 esse
783 3661 1094 3716 conclusum
1124 3671 1392 3729 tamquam
1443 3659 1494 3713 in
1541 3674 1788 3728 corpore,
1818 3658 1983 3712 dicit:
2018 3659 2196 3713 Omnis

621 3753 880 3822 plenitudo
910 3752 1184 3806 divinitatis
1207 3751 1568 3820 corporaliter;
1591 3759 1636 3802 et
1662 3753 1779 3802 estis
1804 3750 1856 3802 in
1879 3748 1970 3802 illo
2000 3750 2198 3819 repleti.

621 3845 726 3899 Alii
754 3844 898 3898 aiunt
920 3859 1040 3897 eum
1063 3842 1242 3896 dicere
1274 3841 1564 3896 Ecclesiam
1583 3839 1650 3893 ab
1666 3840 1781 3909 ejus
1811 3840 2090 3894 divinitate
2117 3857 2202 3894 re-

624 3936 839 4006 pictam,
873 3935 1012 3988 sicut
1039 3933 1162 3986 alibi
1193 3933 1340 3997 dicit,
1376 3933 1473 3998 Qui
1494 3933 1662 3985 omnia
1691 3931 1861 4002 implet
1891 3931 1942 3984 in
1971 3931 2200 3985 omnibus

622 4029 840 4101 (Ephes.
873 4029 923 4083 l.
954 4027 1080 4096 25);
1103 4025 1455 4096 corporaliter
1483 4033 1684 4087 autem,
1712 4034 1977 4092 tamquam
2003 4039 2200 4091 corpus

624 4122 676 4176 in
697 4122 888 4190 capite.
923 4118 1203 4186 Quomodo
1232 4131 1359 4186 ergo
1383 4130 1489 4170 non
1516 4114 1808 4184 snbjunsit,
1833 4114 1962 4182 Qua:
1992 4124 2072 4168 est
2095 4114 2204 4169 Ec-

619 4210 816 4267 clesia?
843 4209 1068 4278 Quidam
1098 4208 1248 4261 aiunt
1277 4222 1397 4261 eutn
1428 4206 1494 4260 de
1514 4204 1669 4259 Patre
1685 4203 1887 4270 dicere,
1911 4204 2201 4260 divinitatis

623 4301 1007 4372 plenitudinem
1029 4301 1080 4354 in
1100 4299 1219 4367 ipso
1241 4297 1506 4362 habitare;
1530 4295 1622 4350 sed
1646 4311 1942 4367 perperam.
1967 4296 2200 4351 Primum

622 4393 857 4464 quidem,
892 4392 1013 4462 quia
1047 4390 1291 4456 habitare
1321 4405 1424 4443 non
1459 4390 1674 4459 proprie
1703 4389 1898 4444 dicitur
1935 4389 2004 4444 de
2051 4392 2198 4444 Deo:

623 4484 861 4542 secundo
886 4485 1006 4554 quia
1039 4482 1311 4553 plenitudo
1339 4497 1442 4536 non
1473 4491 1553 4536 est
1579 4497 1696 4551 quae
1735 4483 2053 4551 suscipitur;
2079 4497 2200 4536 nam

627 4575 832 4630 Domini
859 4584 928 4628 est
961 4585 1116 4639 terra,
1159 4582 1205 4628 et
1247 4573 1506 4635 plenitudo
1544 4575 1653 4642 ejus
1683 4572 1852 4644 (Psal.
1894 4573 1987 4629 25.
2023 4574 2113 4642 1);
2147 4582 2202 4628 et

624 4680 811 4722 rursus
845 4664 1151 4735 Apostolus,
1185 4662 1354 4717 Donec
1384 4665 1645 4734 plenitudo
1687 4666 1912 4734 gentium
1951 4666 2204 4719 advenerit

621 4757 796 4829 (Rom.
831 4760 918 4812 ll.
950 4758 1066 4828 25).
1099 4757 1288 4812 Totum
1318 4755 1516 4811 dicitur
1538 4755 1833 4826 plenitudo.
1856 4756 2202 4827 Deindeqnid

621 4852 722 4906 sibi
751 4851 865 4906 vult
894 4851 1044 4914 illud,
1075 4850 1455 4920 Corporaliter?
1481 4851 1628 4902 Sicut
1656 4850 1708 4902 in
1739 4849 1933 4918 capite.
1972 4849 2080 4904 Cur
2105 4866 2202 4904 au-

624 4953 730 4996 tem
759 4957 943 4996 rursus
973 4941 1111 4996 idem
1163 4941 1312 5004 dicit,
1346 4938 1410 4991 Et
1450 4940 1565 4992 estis
1603 4939 1653 4991 in
1684 4939 1771 4992 illo
1800 4939 2018 5007 repleti?
2062 4940 2200 5008 Quid

621 5048 752 5102 ergo
783 5031 909 5086 illud
953 5031 1067 5086 est?
1096 5031 1227 5099 Quia
1259 5031 1386 5084 nihil
1419 5031 1593 5083 minus
1628 5029 1832 5084 habetis
1873 5046 2029 5101 quam
2074 5033 2199 5087 ille:

623 5124 759 5177 sicut
795 5122 847 5176 in
882 5123 972 5176 illo
1021 5122 1300 5186 habitavit,
1352 5121 1420 5174 ita
1473 5120 1632 5174 etiam
1678 5120 1728 5174 in
1773 5121 1943 5175 vobis.
1975 5121 2202 5191 Semper

623 5215 764 5268 enim
795 5210 1073 5265 contendit
1104 5211 1298 5264 Paulus
1331 5219 1385 5262 ut
1431 5224 1525 5262 nos
1556 5209 1785 5262 adducat
1829 5225 1996 5280 prOpc
2038 5213 2198 5266 Chri-

622 5317 799 5358 stum:
831 5313 885 5356 ut
912 5303 1125 5371 quando
1162 5301 1310 5364 dicit,
1356 5299 1796 5364 Conresuscitavit,
1844 5311 1889 5354 et
1930 5304 2200 5358 consedere

623 5395 740 5463 fecit
767 5394 976 5468 (Ephes.
1004 5395 1057 5448 2.
1085 5396 1172 5464 6);
1204 5403 1278 5456 et,
1325 5392 1384 5447 Si
1414 5393 1821 5458 sustinuerimns,
1851 5404 1897 5446 et
1923 5409 2200 5464 conregna-

623 5487 786 5540 bimns
826 5485 899 5556 (2.
954 5484 1084 5539 Tim.
1130 5484 1184 5537 2.
1219 5482 1335 5551 l2);
1366 5495 1440 5546 et,
1476 5483 1741 5550 Quomodo
1787 5500 1887 5537 non
1915 5487 2064 5538 etiam
2089 5502 2202 5538 cum

620 5576 734 5642 ipso
764 5577 931 5628 omnia
961 5575 1102 5629 nobis
1130 5574 1335 5627 donabit
1362 5573 1536 5642 (Rom.
1562 5574 1615 5630 8.
1661 5573 1750 5643 32)
1773 5582 1798 5638 ;'
1818 5590 2011 5629 vocans
2035 5576 2196 5630 etiam

627 5665 940 5720 coheredes.
970 5665 1168 5720 Deinde
1188 5664 1256 5720 de
1279 5665 1568 5735 dignitate:
1594 5663 1662 5718 Et
1682 5668 1789 5734 ipse
1815 5675 1886 5719 est
1915 5676 2066 5735 caput
2089 5683 2198 5719 ont-

629 5755 707 5806 nis
726 5757 1036 5824 principatus
1055 5767 1106 5809 et
1125 5760 1378 5826 potestatis
1399 5757 1448 5830 (Ι
1457 5757 1558 5811 bid.
1595 5773 1642 5812 υ.
1675 5760 1782 5830 l7).
1806 5758 1904 5826 Qui
1925 5771 2006 5814 εει
2033 5775 2190 5828 siqu:-

1362 345 1414 400 S.
1453 339 1726 400 JOANNIS
1750 338 2222 402 CllBYSOSTOMl
2262 341 2575 398 ARClllEP.
2619 340 3146 402 CONSTANTlNOP.

3795 355 3901 417 3ἰο

2312 454 2422 512 rior
2441 458 2706 523 omnibus,
2728 468 2780 512 et
2795 472 2954 514 causa
2975 461 3150 515 omnis
3175 463 3499 532 principatus
3522 476 3574 520 et
3595 474 3893 543 potesmtis.

2307 561 2486 600 annon
2544 558 2626 600 est
2667 548 3194 605 consubstantialis?
3251 551 3454 608 Deinde
3506 557 3895 618 admirabil-icr

2309 637 2580 704 subiunxit
2610 637 2952 702 beneficium,
2986 649 3040 694 ct
3067 641 3234 696 multo
3259 642 3627 701 admirabilius
3657 665 3814 720 quam
3843 657 3893 707 in

2311 723 2543 793 Epistula
2574 729 2638 782 ad
2669 730 2959 785 Romanos.
2993 732 3123 787 Nam
3176 735 3287 790 illic
3339 737 3552 807 quidem
3603 742 3752 807 dicit,
3783 746 3892 799 (Sir-

2309 822 2548 873 cumcisio
2577 824 2743 876 cordis
2790 824 2844 876 in
2892 824 3097 892 spiritu,
3145 843 3245 880 non
3292 828 3436 882 litera
3469 829 3641 900 (Rom.
3675 832 3730 888 2.
3759 834 3892 905 29;;

2311 911 2395 964 hic
2420 921 2618 974 autem,
2663 912 2728 966 In
2773 914 2991 970 Christo.
3042 916 3128 972 Η.
3172 916 3238 972 In
3268 936 3366 989 quo
3391 932 3440 974 et
3467 923 3752 980 circumcisi
3777 933 3896 981 estis

2307 1003 2682 1058 circumcisione
2707 1021 2806 1058 non
2835 1022 2986 1060 manu
3011 1008 3169 1076 facta,
3203 1009 3254 1063 in
3279 1013 3643 1080 exspoliatione
3667 1021 3895 1088 corporis

2311 1103 2625 1159 peccatorum
2651 1097 2839 1161 carnis,
2870 1098 2958 1151 sed
2995 1099 3048 1152 in
3091 1101 3470 1158 circumcisione
3507 1103 3714 1161 Christi.
3763 1109 3894 1166 \‘ide

2307 1186 2577 1254 quomodo
2598 1185 2840 1254 proxime
2860 1187 2927 1241 ad
2955 1203 3067 1242 rem
3093 1189 3320 1245 accedit.
3356 1193 3510 1258 Dicit,
3538 1193 3603 1249 In
3630 1200 3888 1267 exspolia-

2309 1277 2476 1339 tione;
2510 1291 2613 1330 ιιοιι
2641 1275 2792 1340 dixit,
2820 1278 2876 1332 ln
2907 1281 3249 1348 spoliatione.
3278 1281 3520 1355 Corporis
3546 1299 3890 1356 peccatorum:

2309 1377 2543 1421 veterem
2567 1367 2696 1421 dicit
2723 1369 2906 1422 vitam.
2943 1369 3140 1424 Eadem
3184 1372 3399 1429 assidue
3428 1383 3482 1430 et
3511 1379 3658 1432 Varie
3685 1390 3886 1446 versat,

2307 1457 2441 1510 sicut
2466 1459 2708 1528 superius
2733 1458 2977 1514 dicebat:
3007 1459 3104 1526 Qui
3130 1463 3313 1531 eripuit
3344 1480 3434 1520 nos
3463 1483 3494 1520 a
3533 1477 3773 1536 potestate
3799 1481 3879 1524 te-

2306 1550 2595 1614 nebrarum,
2622 1561 2668 1604 et
2693 1551 3004 1606 abalienatos
3034 1555 3373 1609 reconciliavit
3401 1567 3453 1610 ut
3483 1574 3701 1617 essemus
3725 1564 3889 1618 sancri

2304 1650 2352 1694 et
2377 1640 2618 1709 inculpati
2649 1641 2784 1708 (Col.
2819 1643 2870 1696 l.
2902 1644 3014 1711 l3).
3045 1643 3159 1699 Non
3191 1647 3439 1716 amplius,
3473 1649 3662 1720 inquit,
3694 1656 3746 1706 in
3771 1655 3886 1723 gla-

2303 1731 2394 1787 dio
2421 1742 2501 1787 est
2524 1733 2879 1799 circumcisio,
2928 1734 3022 1789 sed
3070 1736 3121 1790 in
3166 1736 3281 1806 ipso
3315 1737 3572 1796 Christo:
3607 1757 3712 1797 non
3743 1747 3884 1800 enim

2305 1840 2492 1880 manus
2519 1824 2700 1891 infert,
2743 1825 2881 1880 sicut
2910 1826 3038 1892 illic,
3087 1827 3228 1883 hanc
3274 1829 3759 1900 circutneisionem,
3792 1837 3884 1892 sed

2303 1916 2554 1986 spiritus:
2587 1931 2691 1970 non
2721 1925 2950 1984 partem,
2978 1917 3071 1972 sed
3102 1926 3270 1973 totum
3304 1919 3574 1977 hominem
3599 1925 3886 1979 circumci-

2303 2008 2402 2063 dit.
2431 2007 2634 2077 Corpus
2664 2017 2747 2062 est
2774 2018 2828 2062 et
2858 2008 2981 2076 hoc,
3019 2021 3072 2064 et
3102 2024 3299 2079 corpus
3326 2021 3409 2066 cst
3438 2013 3596 2079 illud;
3631 2017 3722 2072 sed
3759 2017 3882 2071 illud

2302 2099 2516 2169 quidem
2545 2113 2727 2162 carne,
2769 2097 2871 2153 hoc
2898 2115 3027 2154 vero
3073 2101 3426 2171 spiritualiter
3463 2104 3882 2177 circumciditur,

2303 2190 2396 2244 sed
2427 2205 2531 2244 non
2562 2191 2700 2243 sicut
2725 2189 2892 2244 Judzei
2922 2207 2935 2245 :
2960 2205 3063 2246 non
3097 2193 3238 2247 enim
3270 2209 3510 2260 carnem,
3538 2195 3630 2251 sed
3665 2211 3880 2267 peccata

2302 2281 2548 2336 exuistis.
2572 2280 2795 2347 Quando
2815 2289 2871 2334 et
2889 2281 3194 2350 quomodo"
3213 2283 3268 2337 In
3295 2283 3632 2354 baptismate.
3663 2286 3728 2341 Et
3745 2289 3882 2358 quod

2303 2383 2458 2426 vocat
2487 2372 2974 2436 circumcisionein,
3004 2383 3159 2427 vocat
3201 2375 3360 2429 etiam
3403 2377 3728 2445 sepulcrum.
3755 2379 3884 2435 \‘ide

2304 2464 2572 2535 qnotnodo
2599 2479 2785 2520 rursus
2817 2466 3010 2520 transit
3051 2467 3116 2520 ad
3156 2466 3585 2536 jnstilicationes.
3640 2469 3884 2527 Pet-cato-

2303 2575 2435 2625 rum,
2462 2559 2653 2628 inquit,
2677 2559 2868 2622 carnis,
2891 2575 3010 2630 qua:
3040 2559 3282 2614 fecerunt
3311 2561 3361 2615 in
3391 2576 3576 2617 carne.
3608 2563 3747 2618 Dicit
3774 2583 3884 2620 n;a-

2299 2651 2388 2723 jus
2416 2650 2856 2706 circumcisione:
2891 2665 2997 2705 non
3040 2651 3182 2706 enim
3223 2651 3473 2720 jecerunt
3519 2653 3570 2708 id
3617 2654 3759 2725 quod
3803 2665 3886 2710 est

2302 2745 2718 2807 circumcisum,
2779 2743 2872 2798 scd
2927 2745 3312 2814 perdiderunt,
3365 2745 3458 2800 sed
3509 2761 3880 2818 corruperunt.

2304 2836 2392 2890 l2.
2451 2834 2743 2903 Consepulti
2792 2835 2858 2900 ei,
2908 2837 3096 2905 inquit,
3147 2837 3200 2889 in
3246 2837 3529 2907 baptismo,
3582 2839 3635 2892 in
3691 2857 3789 2909 quo
3841 2853 3886 2894 et

2307 2927 2690 2983 consurrexistis
2740 2943 2832 2994 per
2882 2926 3034 2990 [idem
3077 2928 3384 2998 operationis
3423 2929 3535 2995 Dei,
3563 2931 3649 3000 qui
3673 2933 3891 2985 suscita-

2303 3020 2370 3074 vit
2411 3020 2606 3072 illuma
2635 3019 2864 3071 mortuis.
2909 3018 3014 3074 Sed
3044 3035 3148 3073 non
3193 3030 3276 3075 est
3319 3023 3491 3076 Solum
3532 3024 3838 3093 sepulcrum
3873 3043 3886 3082 :

2304 3111 2425 3166 vide
2452 3111 2593 3164 enim
2623 3109 2746 3179 quid
2789 3110 2954 3176 dicat,
2986 3109 3052 3164 In
3080 3128 3180 3176 quo
3208 3122 3253 3164 et
3281 3115 3667 3168 consurrexistis
3698 3131 3788 3183 per
3819 3119 3888 3179 ﬂ-

2304 3203 2414 3258 dent
2443 3203 2745 3272 operationis
2775 3201 2887 3267 Dei,
2919 3203 3004 3273 qui
3020 3205 3280 3257 suscitavit
3311 3206 3453 3259 illuni
3475 3223 3508 3259 a
3526 3208 3755 3262 mortuis.
3779 3207 3888 3262 Re-

2303 3307 2389 3352 cie
2409 3297 2537 3350 dixit
2560 3311 2574 3361 ;
2605 3306 2772 3349 totum
2796 3297 2937 3350 enim
2961 3305 3046 3350 est
3071 3296 3214 3351 lidci.
3239 3297 3554 3352 Credidistis
3578 3301 3718 3368 (μιυά
3748 3302 3892 3356 Dens

2307 3396 2480 3457 p0test
2509 3387 2803 3452 suscitare;
2833 3397 2881 3440 et
2913 3387 2982 3440 ita
3011 3389 3250 3442 suscitati
3272 3389 3421 3442 estis.
3447 3390 3649 3446 Deinde
3676 3395 3888 3462 etquod

2304 3490 2385 3533 est
2413 3479 2516 3532 lide
2543 3477 2760 3548 dignum
2787 3493 2802 3535 :
2833 3476 2932 3542 Qui
2957 3479 3234 3538 suscitat-it,
3287 3480 3474 3550 inquit,
3523 3482 3668 3534 illum
3689 3502 3718 3534 α
3748 3501 3891 3536 mor-

2305 3575 2421 3625 tuis.
2447 3570 2562 3624 lam
2609 3569 2840 3622 ostendit
2885 3570 3328 3624 resurrectionem
3366 3590 3379 3625 :
3420 3573 3501 3627 l3.
3539 3572 3602 3625 Et
3652 3590 3736 3626 vos
3771 3591 3888 3628 cum

2305 3663 2491 3715 mortui
2523 3661 2696 3714 essetis
2723 3662 2774 3714 in
2800 3661 2996 3714 delictis
3021 3670 3069 3713 et
3092 3663 3342 3732 pratpntio
3363 3664 3534 3718 carnis
3558 3675 3753 3731 vestrae,
3774 3681 3892 3720 con-

2305 3752 2569 3818 vivi/ienuit
2599 3767 2711 3803 cuin
2738 3751 2846 3803 illo.
2877 3751 3052 3805 Eratis
3090 3754 3232 3806 enim
3265 3755 3422 3808 morti
3450 3755 3686 3810 obnoxii.
3733 3758 3890 3824 Quod

2305 3844 2350 3898 si
2378 3844 2537 3897 etiam
2569 3843 2762 3896 ntortni
2815 3844 3030 3908 essetis,
3063 3859 3168 3898 non
3199 3844 3414 3911 frustra,
3446 3845 3539 3900 sed
3569 3847 3680 3901 utili
3711 3857 3893 3902 morte

2306 3934 2497 3989 essetis
2526 3936 2740 3988 mortui.
2789 3933 2924 3989 \‘ide
2951 3935 3219 4003 quomodo
3259 3951 3448 3990 rursus
3476 3938 3710 3991 ostendit
3734 3955 3893 4008 qua:-

2307 4043 2428 4082 nam
2454 4036 2607 4081 erant
2638 4027 2834 4091 meriti,
2867 4043 2961 4097 per
2986 4042 3047 4081 ea
3077 4043 3196 4098 qna:
3219 4028 3526 4097 snhjnnxit:
3553 4029 3762 4084 Donons
3791 4049 3894 4085 no-

2307 4119 2382 4174 bis
2432 4119 2602 4174 omnia
2631 4119 2834 4183 delicta,
2882 4120 2970 4174 14.
3011 4120 3181 4172 deleas
3209 4120 3345 4188 quod
3385 4120 3625 4174 adversus
3664 4137 3756 4175 nos
3781 4133 3897 4176 erat

2307 4213 2696 4282 chirographum
2734 4210 2939 4277 decreti,
2972 4212 3108 4280 quod
3133 4221 3245 4265 erat
3287 4212 3597 4265 contrarium
3637 4212 3810 4275 nobis;
3844 4225 3897 4267 et

2307 4305 2470 4374 ipsum
2495 4303 2606 4355 tulit
2634 4302 2697 4355 de
2722 4301 2905 4364 medio,
2929 4301 3135 4372 aﬂigens
3165 4302 3295 4355 illud
3320 4305 3490 4364 cruci;
3517 4303 3604 4356 15.
3629 4313 3677 4358 et
3700 4319 3898 4372 exspo-

2309 4398 2438 4451 lians
2465 4395 2780 4464 principatus
2799 4404 2845 4445 et
2871 4404 3158 4460 potestates,
3192 4395 3416 4449 traduxit
3455 4397 3763 4460 confidenter
3787 4415 3897 4468 pa-

2309 4487 2432 4550 lam,
2459 4486 2778 4551 triumphans
2809 4483 2924 4536 illos
2946 4484 2996 4536 in
3022 4485 3308 4554 semetipso.
3353 4483 3566 4538 Danaus
3606 4486 3766 4551 nobis,
3800 4489 3898 4540 in.

2307 4575 2440 4644 quit,
2471 4573 2639 4626 omnia
2685 4572 2889 4626 delicta.
2921 4572 3214 4640 Qn:enam?
3241 4576 3370 4639 Qutc
3410 4575 3711 4630 cl'liciebant
3737 4592 3895 4630 mor-

2311 4666 2589 4719 talitatem.
2622 4664 2686 4717 Et
2711 4663 2870 4732 quid?
2912 4663 3107 4717 sivitne
3133 4679 3192 4717 ea
3226 4666 3480 4719 manere?
3508 4664 3890 4736 Nequaquam,

2309 4758 2404 4814 sed
2433 4758 2647 4819 delevit,
2679 4772 2784 4810 non
2819 4755 2992 4810 solum
3020 4757 3300 4824 expunxit,
3333 4757 3426 4811 sed
3455 4756 3680 4824 delevit,
3731 4759 3800 4812 ita
3832 4771 3897 4815 ut

2310 4867 2415 4907 non
2444 4859 2786 4919 apparerent.
2817 4849 2872 4902 In
2905 4848 3158 4910 decretis,
3191 4850 3382 4920 inquit,
3405 4863 3499 4904 seu
3525 4849 3897 4921 dogmatibus.

2309 4945 2366 4999 ln
2420 4941 2770 5012 quibusnam?
2802 4941 2858 4994 In
2911 4940 3031 4994 lide.
3068 4939 3276 4994 Snilicit
3319 4955 3447 5010 ergo
3478 4943 3717 4996 credere.
3769 4939 3896 4995 Non

2308 5033 2558 5102 cperilms
2588 5045 2772 5100 opera,
2805 5029 2898 5084 sed
2929 5044 3092 5099 opera
3132 5030 3254 5084 lidei
3287 5030 3507 5086 addidit.
3543 5031 3606 5084 Et
3632 5031 3758 5100 quid
3794 5041 3890 5099 |=O~

2309 5125 2457 5179 stea?
2507 5122 2831 5177 [lentissioni
2879 5136 3064 5176 rursus
3107 5123 3380 5192 subjungit
3423 5123 3767 5177 deletionem.
3827 5123 3896 5176 Et

2305 5217 2494 5285 ipsum,
2513 5214 2697 5282 inquit,
2723 5213 2834 5264 tulit
2862 5211 2925 5265 de
2951 5213 3135 5266 medio.
3165 5212 3227 5266 Et
3259 5228 3324 5265 ne
3352 5213 3427 5265 sic
3453 5215 3664 5281 quidem
3697 5227 3859 5269 serva
3882 5245 3897 5257 ο

2307 5308 2399 5362 vit.
2427 5306 2519 5361 sed
2547 5314 2600 5359 et
2631 5305 2678 5359 id
2707 5305 2956 5374 disrupit,
2985 5306 3202 5375 Aﬁigens
3225 5307 3381 5358 cruci.
3417 5305 3725 5375 Exspoiimts
3752 5311 3892 5379 prin-

2306 5403 2502 5470 cipatus
2519 5409 2564 5452 et
2591 5407 2879 5468 potestates,
2903 5399 3129 5450 traduxit
3156 5399 3465 5464 conﬁdenter
3485 5401 3676 5469 palant.
3705 5405 3891 5455 trium.

2307 5494 2471 5562 phans
2499 5490 2616 5544 illos
2654 5490 2706 5542 in
2745 5489 3034 5559 semetipso.
3068 5489 3339 5559 Nusquam
3387 5490 3634 5560 loquutus
3661 5503 3743 5547 est
3776 5504 3886 5548 tam

2307 5581 2608 5650 tnagnilice.

2379 5672 2431 5726 5.
2477 5669 2635 5724 Vides
2662 5678 2914 5740 quantum
2967 5671 3202 5742 posuerit
3229 5673 3462 5728 studium
3507 5683 3564 5728 ut
3610 5674 3887 5731 deleretur

2308 5760 2753 5830 chirographum?
2775 5760 2975 5835 Nempe
3015 5778 3232 5820 eramus
3283 5779 3471 5821 omnes
3498 5765 3716 5824 obnoxii
3735 5783 3877 5831 nec-
