4184 6492
468 371 566 426 3ιί

460 499 586 547 cato
615 497 672 545 et
700 500 905 559 pinnae;
954 486 1067 555 ipse
1120 484 1337 556 punitus
1386 482 1551 537 solvit
1593 491 1646 537 et
1692 491 1971 551 peccatum
2016 486 2072 533 et

464 597 714 653 pmnam;
743 580 958 649 punitus
978 587 1155 633 autem
1177 577 1272 631 fuit
1300 576 1353 631 in
1380 592 1563 630 cruce.
1597 573 1707 627 Illic
1734 588 1865 641 ergo
1891 572 2066 641 ipsum

459 675 636 731 aflixit
662 694 674 729 :
699 673 896 729 deinde
926 682 984 727 ut
1007 672 1095 742 qui
1128 670 1347 726 haberet
1372 677 1712 738 potestatem,
1748 665 1922 734 ipsum
1957 662 2069 717 dis-

472 768 641 836 l‘upil.
672 765 953 834 Quodnam
1002 762 1456 835 chirographum?
1502 763 1608 815 Aut
1649 757 1701 813 id
1740 756 1893 821 dicit,
1920 754 2065 826 quod

455 862 715 918 dicebant
741 859 935 930 Moysi,
978 859 1323 928 Qutccumque
1366 855 1496 909 dixit
1541 851 1680 906 Deus
1728 852 1974 923 faciemus
2016 856 2065 903 et

460 954 736 1009 audiemus
767 950 964 1025 (Exod.
998 951 1085 1005 24.
1118 950 1173 1019 5)
1205 967 1216 1001 :
1246 958 1338 1003 aut
1383 948 1427 1001 si
1480 961 1586 1001 non
1620 946 1742 1007 hoc,
1776 942 1917 1013 quod
1953 943 2062 995 Deo

456 1048 758 1103 debeamus
786 1045 1147 1101 obedientiam
1175 1062 1187 1096 :
1219 1052 1310 1097 aut
1338 1043 1380 1096 si
1412 1058 1515 1095 non
1547 1039 1671 1103 hoc,
1707 1038 1757 1093 id
1789 1036 1931 1108 quod
1983 1045 2058 1091 le-

456 1142 621 1199 nebat
636 1141 904 1205 diabolus,
925 1137 1339 1209 chirographum
1358 1134 1499 1206 quod
1527 1134 1665 1188 Deus
1684 1132 1809 1187 fecit
1829 1130 2057 1195 Adamo,

451 1237 662 1299 dicens,
697 1235 813 1302 Quo
860 1234 944 1286 die
982 1250 1009 1286 e
1035 1233 1173 1303 ligno
1204 1230 1503 1295 comederis,
1560 1226 1791 1280 morieris
1821 1222 1971 1294 (Gen.
2000 1221 2054 1277 2.

453 1332 565 1400 17).
599 1329 712 1384 lloc
741 1343 870 1398 ergo
900 1326 1325 1397 chirographum
1375 1322 1591 1377 tenebat
1630 1319 1895 1375 diabolus.
1950 1317 2059 1371 Nec

457 1424 509 1477 id
540 1422 697 1477 nobis
724 1421 874 1476 dedit
895 1418 1164 1483 Christus,
1197 1417 1291 1473 sed
1321 1416 1436 1486 ipse
1469 1415 1519 1469 id
1550 1414 1743 1469 scidit:
1767 1410 1909 1482 quod
1937 1408 2057 1479 qui-

447 1519 571 1575 dem
602 1529 684 1574 est
713 1517 830 1587 ejus
857 1519 945 1587 qui
969 1516 1124 1569 lmtns
1146 1512 1389 1568 remittit.
1411 1510 1720 1581 Exspolians
1739 1506 2054 1575 principatus

444 1625 493 1669 et
527 1624 818 1685 potestates.
857 1612 1156 1667 Diabolicas
1179 1608 1311 1663 dicit
1335 1615 1663 1679 potestates:
1697 1604 1778 1659 vel
1808 1602 1931 1674 quia
1959 1618 2051 1657 eas

446 1709 696 1765 induerat
727 1708 957 1760 humana
991 1714 1203 1767 natura,
1254 1711 1346 1757 aut
1391 1701 1645 1771 quoniam
1692 1712 1783 1753 eas
1819 1696 2051 1752 habebat

443 1812 716 1872 tamquam
748 1814 959 1862 ansam,
1010 1796 1170 1850 homo
1215 1794 1389 1849 factus
1429 1791 1628 1847 amovit
1673 1805 1881 1844 ausam.
1936 1787 2048 1842 lloc

443 1896 544 1952 sibi
579 1894 690 1949 vult
721 1891 871 1957 illud,
896 1890 1173 1946 Traduxit.
1204 1888 1370 1944 Recte
1392 1887 1545 1952 dixit,
1577 1883 2048 1939 Tradita-innum-

446 2005 607 2059 quam
634 1987 773 2043 enim
807 1998 915 2042 tam
946 1985 1175 2055 turpiter
1200 1993 1254 2039 et
1280 1982 1533 2037 indecore
1576 1995 1634 2036 se
1663 1980 1832 2051 gessit
1857 1977 2044 2032 diabo-

450 2084 549 2136 lus.
580 2080 709 2135 Nam
736 2096 857 2137 cum
888 2095 1009 2134 eum
1038 2093 1097 2133 se
1127 2076 1433 2131 habiturum
1480 2081 1836 2143 exspectaret,
1880 2071 2041 2126 etiam

441 2184 701 2247 quotquot
723 2174 910 2229 habuit
935 2172 1164 2244 perdidit
1190 2190 1202 2226 :
1234 2181 1288 2227 et
1308 2184 1536 2240 corpore
1556 2167 1717 2223 affixo
1740 2165 1935 2220 mortui
1963 2180 2039 2219 re-

436 2271 745 2341 surgebant.
766 2269 878 2325 lllic
897 2270 1089 2322 vuhuis
1106 2266 1317 2336 accepit
1337 2264 1603 2328 diabolus,
1622 2277 1743 2317 cum
1768 2260 1820 2316 id
1841 2258 2037 2315 lethale

431 2363 735 2433 accepisset
764 2376 793 2415 a
825 2375 1054 2430 corpore
1087 2368 1320 2413 mortuo.
1348 2357 1415 2412 Et
1444 2357 1582 2411 sicut
1609 2355 1808 2410 athleta
1853 2354 2039 2409 existi-

431 2468 589 2510 mans
618 2468 678 2509 se
700 2454 1033 2524 percussisse
1060 2451 1450 2516 adversarium,
1486 2448 1647 2505 letale
1675 2447 1869 2501 vulnus
1897 2445 2037 2500 acci-

428 2548 541 2618 pit:
578 2549 648 2602 ita
674 2547 837 2602 etiam
868 2546 956 2601 bic
981 2544 1377 2615 ostenditquod
1407 2558 1596 2599 secure
1618 2552 1672 2597 et
1697 2540 2038 2596 confidenter

428 2642 591 2707 mori,
620 2650 703 2695 est
722 2640 981 2710 probrum
1001 2648 1054 2693 et
1072 2637 1309 2692 dedecus
1330 2636 1551 2691 diaboli.
1574 2634 1667 2690 llle
1690 2636 1832 2689 enim
1852 2635 2032 2689 omnia

428 2735 674 2799 fecisset,
707 2733 753 2788 si
783 2733 1068 2804 potuisset,
1103 2743 1157 2787 ut
1188 2730 1539 2802 p::rsuaderet
1572 2728 1878 2783 hominibus
1909 2744 2032 2783 emn
2066 2784 2069 2785 ν

425 2844 538 2884 non
566 2843 688 2883 esse
717 2839 1009 2882 mortuum.
1040 2825 1173 2881 Nam
1205 2826 1459 2895 quoniam
1482 2833 1651 2879 totum
1677 2822 1816 2894 quod
1848 2833 2030 2892 posma

425 2921 667 2977 futurum
692 2928 809 2976 erat
837 2930 1068 2990 tempus,
1099 2929 1215 2975 erat
1245 2919 1457 2990 signum
1485 2927 1539 2973 et
1567 2918 1820 2973 indicium
1845 2932 2031 2973 resur-

425 3016 715 3081 rectionis;
753 3015 939 3069 mortis
964 3023 1173 3080 autem,
1200 3014 1243 3067 si
1277 3030 1382 3067 non
1417 3011 1550 3067 illud
1579 3011 1787 3075 fuisset,
1816 3027 1920 3065 non
1948 3010 2028 3065 fu-

421 3119 603 3163 turum
633 3116 751 3163 erat
774 3106 919 3161 aliud
953 3117 1198 3177 tempus:
1230 3116 1518 3177 prepterea
1551 3114 1796 3161 mortuus
1812 3106 2027 3175 quidem

419 3211 509 3257 cst
539 3200 770 3270 publice,
796 3200 1052 3255 omnibus
1077 3200 1417 3261 videntibus;
1452 3213 1556 3253 non
1586 3197 1880 3253 resurrexit
1928 3214 2026 3252 au-

419 3304 533 3349 tem
566 3293 800 3363 publice,
834 3302 892 3347 nt
921 3292 1010 3362 qui
1043 3293 1207 3347 sciret
1251 3300 1465 3361 tempus
1506 3290 1647 3360 quod
1696 3300 1880 3363 postea
1912 3302 2028 3346 erat

423 3386 682 3453 futurum,
727 3386 941 3441 veritati
984 3387 1215 3442 laturum
1264 3386 1652 3439 testimonium.
1701 3384 1834 3439 Nam
1880 3385 2023 3455 quod

423 3479 626 3534 nnmdo
663 3480 881 3535 vidente
926 3496 1085 3550 supra
1120 3481 1171 3534 iu
1225 3479 1370 3549 ligno
1412 3480 1621 3535 occisus
1663 3482 1731 3534 sit
1773 3495 2020 3550 serpens,

419 3574 526 3629 hoc
554 3583 634 3629 cst
664 3573 1001 3628 admirabile.
1033 3572 1171 3641 Quid
1211 3573 1353 3627 enim
1382 3588 1491 3628 non
1524 3572 1650 3627 fecit
1688 3572 1935 3627 diabolus
1968 3582 2024 3627 ut

415 3666 556 3721 clam
611 3664 946 3721 moreretur?
1005 3664 1141 3719 Audi
1193 3664 1419 3720 Pilatum
1464 3664 1731 3719 d'centem
1772 3681 1785 3721 :
1833 3662 2024 3718 Tollite

414 3761 585 3829 ipsum
609 3775 712 3822 vos,
744 3769 790 3812 ct
817 3758 1135 3828 cruci/igite:
1162 3774 1252 3828 ego
1280 3759 1413 3811 enim
1437 3758 1633 3810 nullam
1664 3756 1861 3811 invenio
1886 3758 1938 3810 in
1964 3773 2022 3811 ea

412 3869 622 3904 causam
655 3850 836 3923 (Joan.
873 3849 963 3905 l9.
991 3848 1068 3921 6).
1095 3849 1164 3905 Et
1195 3864 1383 3905 rursus
1414 3851 1515 3919 ipsi
1545 3849 1798 3905 dicebant
1823 3849 2014 3905 Judaii:

413 3943 475 3997 Si
508 3943 675 3997 Filius
704 3943 802 3999 Dei
832 3960 903 4007 es,
950 3943 1199 3998 descende
1228 3944 1291 3998 de
1321 3961 1470 3998 cruce
1498 3944 1712 4017 (.llatth.
1757 3944 1851 3998 27.
1897 3944 2015 4017 40).

409 4036 529 4091 Jam
559 4052 689 4092 vero
714 4036 966 4106 quoniam
1010 4037 1170 4093 letale
1200 4038 1391 4093 vulnus
1434 4039 1664 4108 accepit,
1698 4049 1750 4092 et
1783 4056 1887 4093 non
1917 4040 2016 4095 de-

408 4130 652 4195 scendit;
699 4142 983 4201 propterea
1026 4130 1187 4185 etiam
1232 4131 1518 4185 mandatus
1560 4144 1643 4185 est
1672 4133 2013 4201 sepultura):

406 4222 665 4291 quoniam
699 4222 813 4278 lieri
839 4231 1049 4294 poterat
1078 4232 1136 4278 ut
1157 4224 1338 4278 statim
1371 4234 1708 4293 resurgeret;
1739 4224 1833 4280 sed
1855 4236 2015 4282 utres

406 4315 745 4370 crederetur.
779 4318 938 4387 Atqui
986 4317 1039 4371 in
1072 4327 1247 4371 morte
1277 4317 1494 4387 quidem
1522 4318 1857 4389 privatorum
1888 4319 2017 4374 licet

403 4423 528 4463 eam
556 4408 821 4478 imputare
843 4411 1007 4464 animi
1036 4409 1301 4481 deliquio;
1330 4410 1610 4467 hicantem
1638 4426 1741 4465 non
1770 4412 1858 4465 ita.
1878 4412 2011 4468 Nam

406 4500 571 4555 etiam
618 4501 816 4557 milites
866 4518 974 4557 non
1029 4502 1305 4575 fregerunt
1350 4503 1466 4575 ejus
1496 4520 1673 4571 crura,
1704 4507 1844 4560 sicut
1871 4506 2010 4561 alio-

403 4611 550 4657 rum,
583 4606 639 4650 ut
666 4596 1011 4653 manifestum
1062 4608 1206 4654 esset
1249 4615 1375 4655 eum
1424 4615 1545 4655 esse
1595 4614 1887 4656 inorzuum.
1942 4601 2014 4656 Et

405 4688 679 4745 manifesti
730 4700 857 4745 sunt
902 4692 1065 4747 etiam
1096 4693 1187 4762 qui
1221 4694 1337 4761 ejus
1387 4709 1585 4763 corpus
1631 4697 2006 4765 sepelierunt:

407 4793 694 4854 propterea
714 4785 812 4854 ipsi
837 4784 1009 4840 ,Ιιιιιςυί
1032 4802 1152 4841 cum
1174 4787 1433 4842 militibus
1450 4789 1735 4859 obsignant
1754 4790 2007 4861 lapidem.

406 4873 521 4929 lloc
554 4876 697 4931 enim
726 4888 862 4944 erat,
909 4880 961 4933 in
1005 4894 1114 4949 quo
1148 4883 1382 4935 maxime
1414 4883 1658 4935 omnium
1708 4883 2011 4951 ponebatur

401 4968 662 5034 studium,
694 4988 759 5027 ne
790 4971 841 5027 id
872 4972 1287 5028 adumbrarctur
1324 4988 1387 5028 ac
1419 4984 1711 5046 tegeretur.
1742 4977 1811 5032 Et
1841 4986 2009 5034 testes

401 5062 472 5117 ab
502 5064 753 5131 inimicis,
805 5082 833 5120 a
877 5067 1101 5122 Judaeis.
1150 5068 1285 5123 Audi
1333 5068 1477 5138 ipsos
1508 5070 1751 5125 dicentes
1793 5072 2005 5127 Pilato:

402 5156 550 5209 Dixit
576 5158 809 5213 seductor
853 5160 938 5214 ille
977 5161 1144 5215 adhuc
1171 5162 1357 5225 vivens,
1401 5160 1528 5215 Post
1569 5173 1667 5217 tres
1698 5163 1805 5217 dies
1832 5181 2007 5219 resur-

398 5267 539 5320 gam.
560 5249 694 5305 Jube
718 5269 838 5323 ergo
865 5271 897 5307 a
921 5254 1161 5309 militibus
1192 5255 1439 5309 custodiri
1467 5256 1758 5326 sepulcrum
1784 5256 2000 5329 (Matth.

394 5342 489 5396 27.
542 5343 629 5398 65.
675 5344 789 5411 64)
826 5366 838 5400 :
874 5347 1013 5415 quod
1049 5348 1146 5417 ipsi
1180 5347 1442 5403 fecerunt.
1488 5348 1621 5403 Audi
1675 5350 1820 5420 ipsos
1869 5368 2001 5421 quo-

394 5453 503 5509 que
545 5448 729 5509 postea
778 5440 1018 5498 dicentes
1064 5444 1364 5512 apostolis,
1415 5442 1580 5498 Vultis
1627 5445 1867 5499 inducere
1912 5463 2002 5500 suo

396 5548 490 5603 per
535 5548 628 5587 nos
670 5534 970 5606 sanguinem
1017 5536 1114 5590 viri
1164 5537 1319 5604 huius
1374 5535 1512 5610 (.lct.
1562 5538 1616 5593 5.
1667 5537 1786 5608 28).
1831 5537 2004 5608 Ipsius

394 5626 575 5681 crucis
601 5625 819 5681 modum
853 5643 958 5683 non
988 5628 1116 5683 sivit
1151 5632 1473 5685 contumelia
1514 5630 1677 5685 aftici.
1710 5630 1841 5685 Nam
1867 5647 2002 5703 quo-

395 5720 540 5774 niam
567 5720 741 5790 angeli
771 5720 902 5774 nibil
930 5721 1035 5775 tale
1061 5731 1185 5776 sunt
1214 5724 1378 5792 passi,
1411 5736 1694 5796 propterea
1726 5723 1851 5779 facit
1877 5741 1999 5780 om-

392 5814 482 5868 nia
510 5812 839 5879 ;ostendens
862 5814 1003 5885 quod
1029 5829 1140 5868 rem
1165 5829 1409 5885 magnam
1435 5826 1491 5872 et
1509 5818 1823 5887 prmclaram
1852 5831 2002 5872 mors

390 5909 619 5977 gesserit
648 5924 662 5962 :
694 5923 755 5963 ea
784 5908 928 5963 enim
960 5908 1059 5963 fuit
1090 5917 1360 5981 tamquam
1398 5911 1667 5984 singulare
1698 5920 1995 5968 certamen.

712 6004 983 6063 PATROL.
1036 6002 1152 6061 (in.
1213 6003 1400 6063 LX”.

1336 365 1399 421 IN
1444 364 1661 420 EI'IST.
1703 365 1793 419 AD
1832 360 2114 419 COLOSS.
2155 364 2306 420 CAP.
2353 367 2412 423 ll.
2460 369 2691 429 llOMiL.
2742 374 2829 431 Vl.

3678 390 3784 445 5ιὲ

2180 479 2449 538 Percussit
2495 484 2771 543 Christum
2813 505 2993 559 mors;
3044 494 3139 549 sed
3192 495 3440 555 Christus
3492 514 3781 568 percussus

2178 588 2295 668 eam
2330 588 2509 644 postea
2543 582 2759 636 sustulit
2786 598 2799 635 :
2836 594 3050 640 mortuo
3081 602 3311 659 corpore
3341 593 3552 648 solutus
3571 607 3655 649 est
3688 598 3779 668 qui

2178 666 2461 724 videbatur
2489 687 2610 728 esse
2641 674 2960 734 immortalis
2991 697 3005 734 :
3033 691 3087 736 et
3117 680 3221 738 hoc
3252 684 3383 739 vidit
3408 686 3554 742 orbis
3595 666 3777 744 terrm.

2179 759 2242 815 Et
2274 764 2418 833 quod
2462 777 2545 820 est
2589 768 2927 838 admirabile,
2971 772 3075 829 hoc
3115 776 3271 831 alteri
3313 793 3419 833 non
3463 780 3777 847 commisit;

2174 856 2266 909 sed
2304 856 2499 913 factum
2526 871 2609 917 est
2638 880 2827 919 rursus
2864 867 3009 922 aliud
3054 869 3495 943 chirographum,
3536 892 3641 932 non
3673 879 3778 932 tale

2171 949 2329 1018 quale
2356 954 2522 1020 prius.

2148 1112 2159 1121 Ι
2244 1043 2293 1097 4.
2339 1043 2526 1102 Videte
2578 1064 2707 1120 ergo
2752 1067 2819 1107 ne
2859 1068 2924 1108 ex
2965 1069 3031 1110 eo
3066 1071 3352 1127 arguamur
3389 1070 3444 1116 et
3481 1063 3771 1120 convincas

2169 1150 2324 1202 mur,
2356 1148 2638 1209 postquam
2666 1142 3001 1200 dixerimus:
3039 1149 3503 1209 Abrenuntiamus
3544 1165 3769 1220 satanze,

2166 1238 2220 1281 et
2261 1237 2436 1285 tecum
2474 1236 2853 1307 conjungimur
2878 1280 2893 1305 ,
2937 1240 3174 1297 Christe.
3218 1244 3312 1299 Vel
3343 1247 3520 1315 potius
3549 1265 3653 1303 non
3688 1259 3771 1304 est

2168 1321 2268 1375 boe
2298 1324 2596 1381 vocandum
2636 1329 3080 1401 chirographum,
3124 1335 3218 1388 sed
3262 1336 3436 1391 fmdns
3472 1347 3525 1393 et
3554 1350 3770 1410 pactum

2164 1430 2508 1473 COIH'CIIIUIIL
2530 1420 2623 1476 Est
2651 1424 2793 1477 enim
2822 1424 3238 1497 cbirograplunn
3265 1430 3481 1499 quando
3501 1435 3766 1505 quispiam

2162 1521 2244 1564 est
2266 1510 2449 1566 debito
2470 1513 2776 1570 obnoxius:
2806 1517 2906 1573 hoc
2936 1530 3115 1573 autem
3141 1532 3222 1576 est
3250 1520 3425 1578 ftedus
3444 1535 3498 1579 et
3517 1536 3763 1594 pactum:

2163 1617 2267 1657 non
2286 1606 2526 1661 continet
2554 1624 2788 1677 prunam,
2820 1627 2994 1683 neque
3020 1614 3170 1681 dicit,
3197 1616 3252 1669 Si
3276 1616 3396 1680 hoc,
3420 1619 3462 1672 si
3484 1634 3590 1674 non
3623 1619 3761 1675 hoc:

2158 1697 2299 1764 quod
2343 1698 2479 1753 dixit
2507 1700 2718 1773 Moyses
2748 1719 3044 1777 aSpergens
3073 1710 3387 1779 sanguinem
3422 1715 3759 1778 testamenti,

2155 1804 2207 1845 et
2234 1794 2372 1850 Deus
2400 1812 2615 1868 quoque
2640 1800 2801 1854 vitam
2836 1803 3087 1872 promisit
3115 1814 3396 1861 aiternam.
3430 1806 3557 1863 ﬂare
3578 1810 3758 1864 omnia

2155 1899 2279 1943 sunt
2308 1902 2517 1959 pactum
2550 1905 2902 1950 conventum.
2934 1898 3049 1953 lllic
3088 1914 3278 1954 servus
3304 1903 3413 1971 agit
3436 1918 3557 1956 cum
3585 1902 3761 1958 domi-

2153 2001 2243 2049 no,
2276 1986 2359 2040 hic
2390 1988 2594 2042 amicus
2622 2005 2742 2044 cum
2782 1992 2975 2046 amico.
3012 1992 3123 2059 Quo
3151 1994 3252 2059 die,
3279 1995 3468 2065 inquit,
3492 1996 3742 2059 comedas,

2153 2078 2383 2132 morieris
2414 2079 2566 2151 (Gen.
2591 2080 2647 2134 2.
2690 2083 2802 2152 l7).
2836 2082 3027 2139 Statim
3062 2086 3242 2141 mium.
3281 2086 3375 2141 llic
3401 2096 3582 2142 autem
3623 2088 3756 2143 nihil

2151 2171 2480 2243 hujusmodi.
2529 2176 2626 2233 llic
2681 2178 2896 2233 nuditas
2922 2222 2936 2246 ,
2982 2191 3037 2235 et
3074 2180 3183 2236 illic
3212 2181 3463 2249 nuditas;
3509 2183 3602 2238 sed
3642 2184 3756 2240 illic

2148 2266 2363 2335 quidem
2407 2283 2527 2322 cum
2568 2281 2867 2340 peccasset,
2918 2272 3150 2327 nudatus
3181 2273 3300 2341 fuit,
3339 2274 3592 2344 quoniam
3624 2291 3753 2346 pec-

2147 2358 2328 2423 cavit;
2367 2359 2452 2415 hic
2486 2372 2667 2416 autem
2720 2364 2953 2418 nudatur
2984 2375 3041 2419 ut
3093 2366 3371 2421 liberetur.
3421 2366 3584 2422 Exuit
3628 2377 3756 2422 tunc

2148 2450 2236 2505 ille
2266 2452 2494 2521 gloriam
2538 2470 2699 2523 quam
2750 2455 3042 2526 aliquando
3073 2456 3295 2523 habuit;
3341 2474 3484 2514 nunc
3527 2459 3613 2515 hic
3655 2476 3751 2515 ve-

2147 2554 2314 2599 terem
2348 2547 2495 2600 exuit
2536 2547 2810 2603 hominem
2836 2591 2849 2615 ,
2885 2562 2938 2603 et
2969 2551 3285 2621 priusquam
3314 2552 3610 2618 ascendat,
3638 2561 3747 2607 tam

2144 2635 2300 2691 facile
2335 2638 2485 2692 exuit
2520 2640 2669 2709 quasi
2701 2641 3045 2694 vestimenta.
3077 2641 3307 2713 ngitur
3347 2644 3488 2698 sicut
3526 2643 3747 2698 athlet:e

2141 2731 2371 2787 stadium
2424 2733 2741 2801 ingressuri.
2799 2734 2969 2788 Simul
3028 2735 3172 2789 enim
3212 2737 3490 2803 nascitur,
3531 2747 3583 2792 et
3635 2753 3741 2791 non

2138 2824 2281 2877 sicut
2312 2823 2516 2894 primus
2550 2825 2639 2880 ille
2667 2826 2757 2895 qui
2791 2826 3071 2894 paulatim,
3097 2826 3193 2882 sed
3220 2829 3424 2894 statim;
3458 2844 3565 2883 non
3597 2830 3741 2886 sicut

2137 2916 2264 2970 olim
2317 2918 2628 2973 sacerdotes
2678 2919 2798 2974 solo
2884 2920 3099 2989 capite,
3156 2921 3265 2975 imo
3298 2937 3424 2977 vero
3474 2924 3729 2993 amplius.

2137 3010 2269 3065 Nam
2302 3012 2390 3066 ille
2421 3011 2635 3082 quidem
2669 3014 2843 3082 capite
2870 3055 2885 3078 ,
2918 3029 3049 3068 aure
3076 3013 3332 3082 dextera,
3364 3032 3523 3071 manu
3547 3058 3561 3082 ,
3595 3026 3653 3071 ut
3683 3028 3739 3073 et

2135 3102 2201 3156 ad
2245 3102 2604 3157 obedientiam
2654 3113 2708 3158 et
2755 3105 2892 3159 bona
2942 3120 3105 3174 opera
3152 3122 3275 3161 cum
3325 3109 3740 3165 escitaret:bic

2135 3204 2314 3251 autem
2342 3205 2483 3251 totus
2515 3198 2746 3268 ungitur.
2774 3197 2887 3251 Non
2913 3199 3083 3252 solmn
3110 3200 3252 3254 enim
3277 3202 3421 3256 venit
3448 3210 3509 3255 ut
3532 3201 3698 3258 docca
3716 3234 3739 3245 ο

2136 3300 2240 3356 tur,
2275 3291 2367 3347 sed
2416 3292 2575 3346 etiam
2607 3302 2662 3346 ut
2688 3292 2927 3348 decertet
2956 3301 3010 3348 ct
3038 3302 3372 3350 exerceatur.
3405 3296 3485 3350 Ad
3510 3296 3735 3352 alteram

2134 3387 2410 3441 reducitur
2438 3396 2766 3441 creaturam.
2804 3386 2937 3441 Nam
2989 3387 3207 3458 quando
3252 3387 3535 3445 confessus
3577 3388 3739 3445 fuerit

2131 3478 2295 3532 vitam
2343 3490 2645 3543 :eternam,
2703 3478 2984 3534 confessus
3038 3492 3121 3535 est
3190 3481 3350 3536 aliam
3407 3491 3732 3538 creaturam.

2128 3571 2352 3640 Accepit
2381 3570 2656 3640 pulverem
2684 3586 2714 3625 e
2744 3581 2906 3634 terra,
2940 3581 2993 3627 et
3018 3572 3163 3626 tinxit
3200 3571 3495 3628 hominem.
3524 3573 3600 3629 De
3625 3589 3733 3629 cze-

2129 3673 2246 3717 tero
2296 3672 2475 3717 autem
2518 3678 2625 3716 non
2660 3663 2936 3732 pulverem
2964 3704 2980 3729 ,
3014 3662 3110 3719 sed
3142 3663 3401 3733 Spiritum
3434 3674 3677 3720 sancttmi
3715 3683 3729 3720 :

2128 3754 2231 3809 hoc
2263 3753 2510 3825 ﬁngitur,
2545 3753 2646 3809 boc
2675 3755 3040 3824 componitur,
3089 3755 3228 3810 sicut
3258 3766 3313 3812 et
3342 3756 3458 3827 ipse
3494 3758 3544 3812 in
3573 3767 3732 3813 utero

2128 3850 2381 3922 Virginis.
2443 3850 2559 3906 Non
2620 3850 2792 3916 dixit,
2829 3849 2884 3903 lu
2941 3849 3233 3921 paradiso,
3290 3850 3407 3919 sed,
3466 3849 3522 3907 In
3572 3852 3728 3907 caelo.

2123 3942 2239 3998 Non
2298 3943 2757 4013 enim,qnoniam
2815 3941 3057 4011 subjecta
3108 3952 3191 3998 est
3233 3951 3396 4011 terra,
3451 3943 3731 3999 existimes

2123 4051 2244 4092 esse
2283 4036 2335 4090 in
2390 4044 2568 4091 terra:
2620 4035 2749 4090 illuc
2801 4035 3096 4090 translatus
3143 4049 3203 4090 es
3256 4034 3309 4090 in
3358 4035 3572 4102 caelum;
3620 4036 3729 4091 illic.

2125 4131 2240 4187 lucc
2294 4132 2429 4185 liunt
2482 4130 2881 4200 interaugelos.
2959 4129 3185 4185 Sursum
3267 4131 3503 4185 animam
3582 4140 3727 4186 tuam

2120 4226 2281 4281 sumit
2313 4226 2476 4291 Deus,
2509 4241 2725 4280 sursum
2752 4238 2869 4279 eam
2899 4236 3230 4290 componens
3260 4231 3314 4278 et
3335 4224 3671 4279 concinnans
3699 4242 3713 4277 :

2122 4325 2174 4373 te
2215 4317 2357 4371 sistit
2397 4316 2463 4370 ad
2508 4317 2694 4371 sedem
2724 4316 2949 4386 regiam.
3000 4314 3249 4385 Fingitur
3273 4330 3336 4371 ac
3377 4314 3639 4371 formatur
3666 4318 3721 4372 in

2117 4426 2276 4482 aqua,
2320 4411 2514 4465 animae
2546 4409 2961 4480 respondentem
2984 4408 3179 4479 accipit
3237 4410 3506 4481 spiritum.
3560 4409 3721 4466 Post-

2116 4520 2277 4576 quam
2332 4515 2512 4559 autem
2568 4504 2730 4558 homo
2777 4502 2939 4557 fuerit
2992 4501 3275 4569 formatus,
3305 4519 3413 4559 non
3466 4502 3616 4560 ducit
3653 4504 3720 4559 ad

2116 4614 2239 4653 eum
2272 4596 2495 4664 bestias,
2527 4596 2621 4651 sed
2653 4596 2954 4661 dat-moues,
2985 4603 3041 4650 et
3067 4610 3254 4651 eorum
3292 4595 3593 4668 principem
3621 4618 3635 4652 :
3672 4607 3727 4651 et

2115 4692 2265 4757 dicit,
2298 4690 2505 4747 Calcate
2551 4708 2704 4761 super
2730 4700 2986 4758 serpentes
3011 4698 3057 4743 et
3087 4690 3379 4758 scorpiones
3424 4688 3577 4760 (Luc.
3632 4690 3721 4745 10.

2118 4787 2231 4857 19).
2281 4785 2399 4840 Non
2447 4786 2617 4849 dicit,
2650 4783 2926 4838 Faciamus
2958 4783 3215 4835 hominem
3242 4780 3311 4834 ad
3352 4781 3626 4852 imaginem
3676 4794 3723 4836 et

2114 4884 2500 4939 similitudinem
2530 4893 2755 4937 nostram
2777 4883 2935 4952 (lien.
2968 4882 3016 4935 Ι.
3050 4880 3167 4951 26);
3201 4877 3295 4933 sed
3322 4877 3476 4949 quid?
3509 4876 3608 4932 Dat
3641 4878 3722 4932 eis

2116 4979 2254 5033 filios
2290 4977 2381 5032 Dei
2438 4976 2581 5030 ﬁeri:
2615 4976 2715 5043 Qui
2746 4991 2849 5029 non
2872 4990 2935 5029 ex
2960 4970 3331 5043 sanguinihus,
3354 4970 3447 5026 sed
3480 4986 3546 5026 ex
3582 4970 3713 5038 Deo,

2114 5070 2328 5140 inquit,
2379 5067 2488 5122 nati
2538 5076 2683 5120 sunt.
2741 5065 2945 5119 Deinde
2997 5080 3064 5119 ne
3121 5063 3310 5118 audias
3352 5070 3660 5133 serpentem
3698 5103 3712 5126 ,

2112 5164 2292 5217 Statim
2355 5160 2568 5216 doceris
2612 5159 2794 5215 dicere
2830 5176 2842 5211 :
2898 5157 3236 5212 Abrenuntio
3284 5155 3377 5211 tibi
3416 5172 3431 5221 ;
3481 5155 3533 5210 id
3575 5164 3659 5210 est
3692 5197 3707 5221 ,

2112 5252 2380 5325 Quidquid
2410 5252 2632 5315 dixeris,
2658 5260 2708 5306 te
2741 5267 2846 5304 non
2877 5250 3110 5304 audiam.
3135 5248 3337 5304 Deinde
3360 5263 3427 5304 ne
3456 5262 3555 5318 per
3578 5246 3716 5301 alios

2112 5358 2165 5403 te
2196 5357 2506 5417 expugnet.
2539 5344 2708 5411 dicit,
2747 5343 2809 5398 Et
2846 5358 3053 5413 pompre
3087 5352 3190 5397 tua:
3236 5352 3291 5397 et
3327 5340 3491 5396 cultui
3526 5348 3617 5394 tuo
3660 5350 3716 5394 et

2112 5441 2317 5513 angelis
2348 5442 2470 5495 tuis.
2505 5439 2692 5494 Posuit
2718 5454 2840 5493 eum
2876 5481 2888 5501 ,
2938 5452 3043 5491 non
3079 5444 3135 5489 ut
3166 5433 3465 5489 custodiret
3497 5432 3719 5502 paradi-

2111 5549 2252 5597 sum,
2289 5533 2385 5589 sed
2412 5543 2467 5587 ut
2496 5542 2804 5587 versaretur
2832 5532 2882 5584 in
2950 5530 3104 5585 cado.
3133 5529 3275 5584 Cum
3305 5528 3538 5599 primum
3565 5526 3711 5581 enim

2110 5628 2437 5691 ascenderit,
2474 5627 2587 5681 lucc
2619 5627 2777 5682 verba
2824 5626 3093 5693 loquitur:
3132 5622 3289 5678 Pater
3333 5631 3505 5677 noster
3543 5621 3633 5695 qui
3663 5638 3715 5676 es

2107 5723 2159 5775 in
2191 5721 2365 5783 ccelis,
2416 5721 2507 5788 ﬁat
2565 5718 2797 5773 voluntas
2840 5727 2928 5771 tua
2983 5717 3112 5772 sicut
3141 5716 3193 5769 in
3231 5714 3357 5769 coelo
3392 5724 3439 5769 et
3479 5714 3532 5768 in
3575 5724 3714 5768 terra

2110 5814 2328 5887 (Matth.
2363 5815 2417 5870 ϐ.
2450 5814 2504 5869 9.
2544 5813 2655 5887 lO).
2685 5812 2802 5868 Non
2856 5813 2907 5867 in
2942 5811 3134 5867 faciem
3180 5809 3326 5865 cadit
3375 5824 3547 5880 puer,
3602 5821 3712 5863 non

2109 5911 2314 5981 lignum
2347 5908 2496 5965 vides
2525 5952 2536 5975 ,
2572 5923 2746 5979 neque
2789 5905 2991 5962 fontem
3023 5922 3039 5975 ;
3091 5903 3183 5961 sed
3219 5904 3392 5974 ipsum
3427 5901 3714 5958 Dominum

3282 6014 3358 6074 2‘2
