4184 6502
476 387 581 442 ’525

474 500 655 556 statim
703 495 1063 570 amplecteris,
1095 492 1463 551 commisceris
1505 504 1627 545 cum
1649 502 1902 559 corpore,
1927 500 2061 543 con-

474 574 744 661 sperget'ts
787 605 907 644 cum
948 602 1197 658 corpore,
1234 584 1377 655 quod
1414 596 1579 654 supra
1624 583 1787 636 situm
1829 589 1933 647 est,
1955 594 2062 650 quo

476 682 693 738 diabolo
716 697 822 737 non
841 681 964 736 licet
983 678 1262 735 accedere.
1295 675 1412 731 Non
1432 684 1512 730 est
1531 674 1725 729 mulier
1742 681 1801 728 ut
1820 671 2059 737 accedat,

476 783 535 828 et
564 773 795 842 decipiat
840 780 1110 843 tamquam
1138 768 1589 824 imbecilliorem:
1629 764 1746 821 Non
1793 773 1865 820 est
1893 763 2058 829 enim,

479 865 671 935 inquit,
702 863 913 933 femina,
947 879 1037 918 nec
1069 862 1323 916 masculus
1346 858 1488 934 (Gal.
1525 859 1577 914 5.
1605 856 1722 930 ‘28).
1766 856 1877 912 Nisi
1910 864 1964 909 ιιι
1995 854 2063 909 ad

481 958 650 1026 ipsum
674 954 1041 1021 descendetis,
1065 969 1171 1009 non
1205 953 1399 1024 poterit
1425 950 1511 1007 ubi
1537 965 1597 1006 es
1638 947 1935 1004 ascendere
1964 963 1977 998 :
2009 954 2063 1000 tu

475 1050 617 1103 enim
636 1063 697 1104 es
713 1049 763 1102 in
793 1048 956 1116 cmlu;
988 1047 1177 1103 caelum
1198 1054 1377 1101 autem
1398 1059 1506 1098 non
1527 1050 1672 1113 patet
1688 1039 1923 1096 diabolo.
1947 1036 2065 1093 Non

475 1138 636 1195 habet
662 1140 881 1209 lignum,
911 1154 1018 1209 quo
1048 1137 1299 1208 cognosci
1330 1144 1506 1205 potest
1532 1134 1729 1188 bonum
1756 1140 1810 1187 et
1835 1129 2062 1197 malum,

477 1229 573 1285 sed
623 1231 796 1285 solum
838 1230 1040 1300 lignum
1092 1231 1233 1284 vitae.
1267 1228 1384 1283 Non
1414 1225 1646 1296 amplius
1694 1240 1723 1277 ιι
1778 1223 1948 1278 latere
1974 1233 2068 1275 tuo

478 1321 693 1386 mulier,
728 1321 822 1377 sed
875 1337 1065 1378 omnes
1095 1336 1258 1376 unum
1309 1332 1496 1374 sumus
1530 1317 1577 1371 'a
1632 1315 1801 1371 latere
1846 1312 2059 1369 Christi.

478 1414 612 1469 Nam
639 1415 682 1470 si
711 1415 802 1485 qui
833 1424 961 1470 sunt
992 1414 1140 1469 uncti
1171 1415 1239 1470 ab
1267 1409 1595 1472 hominibus,
1637 1407 1765 1462 nihil
1797 1406 2071 1478 patiuntur

478 1524 508 1561 τι
552 1509 898 1580 serpentibus
926 1524 941 1574 ;
975 1522 1150 1580 neque
1180 1514 1235 1562 tu
1266 1504 1487 1577 patieris
1539 1501 1737 1573 aliquid
1764 1540 1782 1568 ,
1814 1498 2069 1571 quamdiu

479 1597 643 1657 lueris
690 1612 914 1667 unctus,
942 1608 1000 1654 ut
1029 1599 1205 1671 possis
1242 1606 1554 1668 serpentem
1585 1606 1769 1649 tenere
1821 1602 1876 1649 et
1902 1591 2067 1646 sull'o-

1180 381 1236 437 S.
1277 377 1553 437 JOANNIS
1588 373 2062 433 CIIRYSOSTOMI
2102 370 2417 431 ARCHIEP.
2456 373 2989 441 CONSTANTINOP.

3657 393 3755 456 ειι

2171 500 2317 553 care,
2375 486 2586 543 calcare
2631 505 2794 560 super
2829 482 3116 564 serpentes
3169 507 3224 553 et
3271 501 3601 572 scorpiones.
3650 508 3759 562 Smt

2168 578 2307 634 sicut
2327 595 2511 651 magna
2543 593 2668 638 sunt
2694 585 2833 640 dona
2853 628 2869 652 ,
2902 588 2972 643 ita
2999 603 3212 661 quoque
3240 607 3493 664 magnum
3518 608 3604 651 est
3628 612 3759 667 sup-

2169 670 2385 741 plicium
2412 690 2426 726 :
2459 688 2565 729 non
2595 676 2719 732 licet
2742 680 2791 732 ei
2813 680 2903 749 qui
2931 681 3125 738 cecidit
3154 699 3184 740 e
3212 687 3483 756 paradiso,
3516 688 3757 745 habitare

2168 776 2235 817 ex
2279 763 2508 821 adverso
2559 769 2792 839 paradisi
2823 812 2839 837 ,
2883 787 3057 844 neque
3088 778 3284 831 reverti
3317 793 3385 833 eo
3425 779 3565 837 unde
3600 782 3755 838 ext-io

2170 857 2365 913 dimus.
2419 859 2526 915 Sed
2552 861 2678 930 quid
2732 867 2962 933 postea?
3003 865 3257 924 Gelu-una
3308 880 3364 927 et
3406 873 3607 927 vermis
3650 891 3760 929 ιιηιι

2169 947 2445 1004 desinens.
2474 949 2579 1007 Sed
2610 952 2769 1020 absit,
2817 963 2874 1010 ut
2917 957 3183 1028 quispiam
3226 976 3290 1015 ex
3344 962 3499 1018 nobis
3541 964 3615 1018 sit
3657 966 3760 1019 ub-

2171 1040 2363 1095 noxius
2408 1040 2533 1096 huic
2568 1044 2866 1114 supplicio;
2896 1047 2993 1102 sed
3022 1064 3087 1103 es
3118 1050 3315 1107 virtute
3345 1055 3608 1122 viventes,
3646 1068 3761 1110 sm-

2170 1134 2395 1190 deamus
2444 1151 2507 1192 ea
2558 1152 2720 1207 agere
2773 1155 2896 1210 quae
2944 1142 2993 1197 ei
3043 1153 3192 1199 recta
3239 1145 3488 1201 videntur
3530 1155 3589 1203 et
3634 1159 3762 1204 sunt

2171 1235 2319 1295 grata
2346 1242 2360 1282 :
2411 1226 2521 1282 Deo
2552 1229 2857 1299 placeamus
2889 1272 2905 1297 ,
2938 1241 2995 1286 ut
3023 1234 3291 1302 possimus
3321 1245 3376 1291 et
3404 1253 3435 1291 a
3480 1239 3761 1308 suppliciis

2173 1318 2411 1386 liberari,
2461 1330 2513 1375 et
2558 1322 2775 1377 :eternis
2819 1322 2972 1377 bonis
3006 1325 3227 1395 perfrui,
3271 1328 3442 1399 gratia
3484 1338 3542 1384 et
3571 1330 3759 1401 benig-

2172 1411 2337 1468 nitate
2367 1414 2574 1468 Dumini
2605 1417 2775 1471 nosui
2813 1415 2941 1472 Jesu
2980 1417 3202 1485 Christi,
3246 1435 3370 1475 cum
3402 1436 3511 1492 quo
3538 1422 3678 1477 Patri
3708 1436 3763 1477 et

2174 1502 2394 1574 Spiritui
2424 1516 2611 1562 sancto
2650 1508 2822 1579 gloria
2852 1550 2868 1572 ,
2919 1509 3201 1581 imperium
3229 1552 3246 1578 ,
3280 1512 3452 1570 honor
3473 1556 3490 1583 ,
3541 1531 3682 1570 nunc
3708 1526 3766 1571 ct

2174 1610 2412 1666 semper,
2442 1607 2497 1653 et
2527 1599 2578 1652 in
2602 1600 2797 1655 saecula
2827 1602 3168 1658 saeculorum.
3196 1606 3390 1661 Amen.

477 1728 3769 1756 HW

1851 1803 2196 1869 HOMILIA
2243 1805 2383 1868 VII.

482 1955 612 2012 CAP.
641 1956 694 2011 2.
724 1971 779 2011 ν.
820 1954 907 2013 l6.
962 1953 1128 2010 Nemo
1154 1970 1273 2027 ergo
1308 1970 1395 2009 vos
1410 1951 1613 2026 judicet
1643 1952 1696 2005 in
1727 1949 1857 2016 cibo,
1892 1957 1980 2002 aut
2017 1948 2071 2002 in

552 2059 706 2120 potu,
734 2057 823 2104 aut
866 2051 920 2104 in
956 2059 1100 2119 parte
1120 2047 1221 2102 diei
1249 2047 1363 2119 festi
1391 2054 1479 2100 aut
1517 2042 1793 2098 neomenite
1838 2051 1925 2095 aut
1951 2039 2072 2095 sab-

554 2141 826 2196 batorum:
881 2142 967 2197 l7.
1015 2155 1130 2210 quia
1153 2149 1270 2194 sunt
1296 2137 1476 2192 umbra
1520 2137 1812 2207 futurorum
1839 2175 1854 2199 ,
1886 2149 2072 2205 corpus

553 2243 722 2287 autem
779 2231 991 2288 Christi.
1039 2231 1127 2287 18.
1190 2229 1358 2286 Nemo
1402 2245 1488 2283 vos
1536 2226 1745 2282 seducat
1799 2224 1972 2279 uolens
2021 2225 2074 2278 in

554 2324 838 2379 humilitate
883 2333 931 2378 et
984 2322 1229 2393 religione
1283 2320 1603 2393 angelorum,
1659 2332 1772 2389 qute
1815 2332 1917 2370 non
1946 2313 2076 2369 uidit

554 2416 842 2483 ambulans,
878 2418 1070 2486 frustra
1094 2415 1305 2485 inﬂatus
1334 2429 1485 2469 sensu
1513 2411 1684 2466 carnis
1726 2424 1873 2465 suae:
1904 2406 1992 2463 l9.
2027 2415 2077 2462 et

558 2531 658 2568 non
690 2522 861 2567 tenens
890 2520 1065 2584 caput:
1092 2526 1154 2565 ea:
1181 2526 1278 2577 quo
1303 2517 1462 2563 totum
1503 2522 1687 2577 corpus
1717 2521 1806 2575 per
1834 2518 1991 2558 nexus
2028 2509 2077 2555 et

558 2604 939 2676 conjunctiones
976 2600 1413 2657 subministratum
1441 2608 1487 2655 et
1531 2607 1869 2653 constructum
1900 2595 2077 2650 crescit

554 2700 606 2754 in
630 2708 957 2770 augmentum
984 2695 1100 2751 Dei.

559 2880 611 2935 Ι.
642 2878 776 2933 Cum
821 2877 973 2950 prius
1011 2874 1236 2931 dixisset
1279 2869 1631 2943 mulgmatice,
1674 2867 1852 2924 Videte
1879 2883 1945 2923 ne
1966 2866 2080 2939 quis

492 2988 575 3025 vos
648 2969 874 3040 decipiat
929 2967 1210 3024 secundum
1265 2965 1591 3020 traditionem
1655 2962 1973 3025 hominum;
2024 2968 2080 3016 et

490 3076 680 3121 rursus
735 3062 985 3133 superius
1018 3101 1034 3127 ,
1092 3059 1207 3115 Hoc
1250 3069 1418 3114 autem
1474 3057 1622 3122 dico,
1675 3064 1732 3110 ut
1798 3070 1942 3110 nemo
1993 3068 2082 3108 vos

489 3156 708 3225 decipiat
759 3155 811 3209 in
874 3153 1130 3226 probabili
1180 3164 1464 3215 sermone;
1531 3158 1587 3205 et
1652 3155 2082 3219 prmoccupasset

490 3247 777 3313 animum,
832 3254 889 3302 et
941 3245 1210 3301 ell‘ecisset
1258 3242 1595 3306 sollicitum;
1652 3238 1849 3297 deinde
1911 3240 2079 3295 inter-

491 3341 761 3412 posuisset
807 3339 1087 3405 beneﬁcia,
1131 3348 1185 3393 et
1231 3337 1282 3391 id
1325 3335 1738 3405 ampliﬁcasset:
1795 3344 1919 3389 tunc
1957 3333 2082 3389 sub-

486 3435 662 3506 jungit
711 3433 1180 3504 reprehensionem
1214 3472 1230 3499 ,
1283 3440 1338 3485 et
1380 3429 1555 3497 dicit,
1608 3428 1773 3484 Nemo
1826 3445 1947 3499 erqo
1996 3443 2082 3483 vos

485 3526 684 3598 jndicet
726 3524 780 3579 in
808 3525 936 3591 cibo,
962 3534 1051 3579 aut
1089 3525 1144 3579 in
1186 3533 1330 3595 potu,
1357 3532 1445 3577 aut
1471 3522 1525 3576 in
1549 3529 1692 3593 parte
1720 3520 1820 3575 diei
1853 3520 1966 3592 festi
1995 3528 2081 3573 aut

494 3617 776 3672 neomeniw
788 3628 873 3671 aut
892 3617 1231 3671 sabbatorum.
1257 3614 1420 3672 Vides
1440 3612 1780 3686 quomodoea
1800 3610 2084 3683 deprimit?

493 3708 548 3764 Si
579 3724 665 3777 ea,
697 3709 890 3780 inquit,
920 3708 1195 3779 assequuti
1221 3706 1374 3773 estis,
1406 3721 1503 3762 cur
1528 3719 1622 3762 vos
1651 3704 1831 3776 parvis
1859 3702 2086 3759 redditis

500 3800 763 3856 obnoxios
783 3801 808 3853 ι
841 3800 907 3854 Ει
932 3808 1186 3855 extenuat
1209 3798 1413 3867 dicens,
1447 3798 1547 3854 Aut
1576 3797 1629 3852 in
1650 3806 1794 3870 parte
1811 3795 1912 3849 diei
1931 3794 2086 3867 festi:

497 3908 603 3949 non
635 3893 778 3948 enim
811 3893 1064 3949 tenebant
1107 3891 1285 3947 omnia
1312 3890 1512 3962 priora.
1562 3890 1661 3944 Aut
1698 3887 1973 3944 neomeniw
1999 3896 2089 3942 aut

497 3985 838 4041 sabbatorum.
892 3984 1009 4040 Non
1038 3984 1200 4051 dixit,
1253 3983 1331 4041 Ne
1377 3998 1509 4053 ergo
1538 3983 1802 4048 servetis;
1855 3980 1971 4047 sed,
2008 3978 2090 4036 Ne

500 4079 612 4150 quis
641 4094 727 4133 vos
741 4077 959 4149 judicet.
987 4076 1234 4133 Ostendit
1256 4077 1404 4147 ipsos
1433 4072 1730 4144 transgredi
1758 4082 1813 4128 et
1838 4071 2086 4137 solvere;

502 4172 555 4226 in
574 4172 709 4226 alios
726 4181 902 4226 autem
926 4169 1129 4226 crimen
1149 4168 1438 4225 transtulit.
1457 4166 1532 4222 Ne
1545 4165 1877 4232 sustineatis,
1897 4164 2087 4235 inquit,

509 4279 606 4319 eos
627 4264 716 4335 qui
739 4263 1000 4333 judicant.
1031 4263 1137 4320 Sed
1162 4278 1229 4318 ne
1245 4261 1346 4317 hoc
1367 4259 1584 4333 quidem
1610 4276 1626 4326 ;
1652 4273 1836 4315 verum
1860 4272 1982 4314 cum
2012 4257 2092 4313 eis

505 4357 677 4411 solum
736 4355 997 4423 disserit,
1056 4371 1162 4411 non
1206 4355 1285 4411 eis
1338 4368 1401 4409 os
1430 4352 1717 4407 obstrucns
1763 4365 1826 4405 ac
1877 4364 1971 4405 eos
1998 4364 2089 4403 re-

507 4449 747 4520 primens
775 4491 789 4514 ,
822 4448 1054 4506 dicendo
1077 4492 1093 4517 ,
1121 4447 1234 4503 Non
1267 4447 1477 4504 debetis
1503 4444 1816 4517 dijudicare.
1854 4441 1961 4500 Sed
1992 4442 2091 4498 hos

502 4555 609 4594 non
667 4538 1095 4611 reprehensuros
1120 4549 1256 4596 erat.
1306 4539 1421 4593 Non
1469 4537 1625 4604 dixit,
1678 4536 1732 4590 In
1780 4534 1995 4591 mundis
2040 4544 2094 4590 et

505 4628 796 4686 immundis
820 4648 835 4696 ;
866 4647 1057 4704 neque
1083 4631 1239 4696 dixit,
1273 4630 1329 4685 In
1373 4628 1712 4699 sccnOpegiis
1739 4635 1793 4683 et
1811 4626 2014 4698 azymis
2041 4635 2096 4680 et

506 4734 852 4793 pentecoste:
930 4722 1024 4779 sed
1055 4763 1071 4790 ,
1130 4720 1197 4777 In
1247 4730 1390 4793 parte
1436 4720 1539 4775 diei
1590 4720 1724 4791 festi.
1780 4717 1897 4772 Non
1951 4717 2094 4772 enim

503 4816 773 4872 audebant
798 4821 972 4872 totum
1023 4829 1244 4871 servare
1269 4833 1283 4880 ;
1313 4813 1432 4869 etsi
1454 4812 1765 4878 servabant,
1795 4825 1902 4865 non
1934 4809 2004 4865 ita
2037 4818 2098 4863 ut

508 4908 701 4966 festum
749 4918 991 4981 agerent.
1045 4907 1112 4963 In
1169 4918 1333 4979 parte,
1391 4907 1600 4979 inquit;
1628 4903 1919 4962 ostendens
1953 4903 2096 4977 quod

450 5006 453 5009 ’
512 5018 702 5073 magna
745 5019 811 5058 ex
854 5012 1007 5072 parte
1032 5002 1101 5057 sit
1129 5001 1343 5057 solum:
1376 5016 1497 5055 nam
1529 4999 1628 5054 etsi
1660 4996 1941 5055 sabbatum
1968 5012 2098 5068 age-

508 5097 659 5161 haut,
687 5105 997 5151 nontamen
1022 5102 1213 5151 exacte
1239 5104 1292 5149 ct
1317 5102 1586 5149 accurate.
1617 5091 1747 5158 Qua:
1772 5099 1890 5145 sunt
1921 5089 2099 5143 untbra

513 5189 824 5258 futurorum.
871 5188 1028 5255 Novi,
1077 5187 1269 5258 inquit,
1303 5182 1650 5242 Testamenti.
1683 5181 1882 5254 Corpus
1933 5190 2101 5235 autem

523 5278 732 5337 Christi.
762 5279 865 5335 Alii
897 5278 1114 5351 quidem
1143 5278 1222 5334 sic
1269 5286 1468 5346 puncto
1492 5275 1828 5344 distinguunt
1862 5291 1875 5325 :
1905 5270 2102 5337 Corpus

511 5382 702 5439 autem,
728 5371 952 5438 Christi;
977 5369 1175 5424 veritas
1197 5376 1376 5424 autem
1405 5367 1458 5421 in
1479 5364 1695 5421 Christo
1727 5362 1825 5417 fuit
1848 5379 1861 5416 :
1886 5361 1977 5417 alii
2007 5376 2100 5416 ve-

521 5479 603 5530 ro,
624 5462 819 5534 Corpus
840 5462 1026 5518 Christi
1051 5461 1279 5516 brevium
1311 5474 1457 5514 nemo
1492 5455 1630 5511 vobis
1657 5456 1968 5518 interuertat,
2003 5468 2100 5509 seu

518 5553 840 5625 intercipiat.
869 5561 1328 5625 Kumspaswoqm
1357 5551 1500 5607 enim
1533 5549 1551 5620 (
1577 5562 1682 5619 quo
1709 5548 1874 5602 verbo
1904 5544 2103 5603 Paulus

519 5644 707 5715 utitur)
721 5654 803 5701 est
818 5646 1032 5717 quando
1047 5646 1275 5699 aliorum
1289 5641 1502 5713 quidem
1519 5648 1602 5696 est
1617 5639 1856 5704 victoria,
1877 5639 2101 5693 aliorum

520 5753 651 5794 vero
679 5741 917 5795 hravium
944 5754 1038 5796 seu
1070 5737 1349 5811 prmmium
1373 5754 1388 5801 ;
1413 5735 1627 5808 quando
1657 5734 1933 5789 victoriam
1958 5746 2104 5786 assc-

515 5839 680 5900 quuto
717 5829 1048 5899 iutcrcipitur
1088 5829 1387 5900 praemium.
1415 5828 1535 5883 Stas
1561 5841 1719 5897 supra
1751 5824 2021 5879 diabolum
2050 5832 2099 5877 et

2180 1962 2486 2023 peccatum;
2508 1956 2636 2026 quid
2666 1966 2886 2028 peccato
2905 1968 2959 2016 te
2981 1976 3169 2017 rursus
3197 1963 3455 2033 subjicis?
3475 1963 3767 2036 Propterea

2178 2042 2410 2113 dicebat,
2446 2047 2698 2114 Quoniam
2728 2049 2919 2105 debitor
2937 2064 3010 2106 est
3040 2053 3193 2107 totius
3222 2055 3346 2126 legis
3373 2055 3680 2127 implendis:
3713 2067 3771 2113 et

2179 2150 2385 2201 rursus,
2434 2137 2578 2193 Nunt
2617 2141 2846 2196 irruentus
2891 2152 2966 2198 est
3005 2141 3237 2199 Christus
3291 2147 3522 2203 minister
3571 2153 3769 2221 peccati

2180 2226 2322 2297 (Cal.
2349 2229 2402 2284 5.
2431 2230 2484 2284 5.
2519 2240 2565 2285 et
2591 2230 2648 2285 2.
2680 2232 2809 2306 l7)?
2834 2233 2978 2305 quod
3003 2234 3219 2293 dicebat
3245 2238 3488 2298 scribens
3516 2242 3584 2297 ad
3611 2241 3772 2298 Gala-

2181 2330 2282 2378 tas.
2321 2324 2547 2392 Quando
2587 2328 2745 2398 igitur
2768 2329 2845 2384 eis
2878 2330 3010 2386 iram
3049 2343 3291 2388 moverat
3317 2332 3582 2404 dicendo,
3618 2335 3770 2392 Pra-

2181 2416 2336 2471 mium
2360 2417 2678 2482 itttcrvertat,
2711 2429 2835 2476 tunc
2860 2421 3046 2494 incipit
3071 2438 3092 2479 :
3128 2422 3336 2493 Valens,
3368 2426 3560 2497 inquit,
3589 2429 3642 2485 in
3667 2429 3770 2484 hu-

2182 2507 2396 2562 militate
2421 2519 2467 2563 et
2489 2510 2732 2582 religione
2746 2513 3063 2583 angelorum,
3081 2531 3195 2585 qua:
3214 2532 3316 2571 non
3337 2517 3459 2571 uidit
3472 2517 3767 2588 ambulans,

2182 2603 2374 2673 frustra
2402 2601 2614 2672 inﬂatus
2640 2620 2790 2659 sensu
2819 2606 2988 2659 carnis
3012 2622 3139 2661 suae.
3175 2607 3473 2677 Quomodo,
3505 2608 3573 2666 lu
3602 2610 3773 2666 lauatio

2182 2691 2364 2747 litate?
2391 2704 2482 2748 aut
2511 2694 2808 2764 quomodo,
2842 2694 3105 2768 lii/tatus?
3149 2698 3397 2757 Ostendit
3439 2708 3608 2759 totum
3652 2718 3779 2760 esse

2183 2785 2357 2841 inanis
2394 2785 2599 2858 glorias.
2631 2788 2767 2856 Quid
2798 2799 2878 2845 est
2907 2798 3088 2847 autem
3113 2794 3334 2850 omnino
3360 2794 3503 2865 quod
3531 2796 3727 2853 dicitur
3749 2798 3778 2852 ἲ

2184 2875 2354 2933 Erant
2397 2878 2612 2950 quidam
2661 2881 3019 2951 quidicerent
3067 2899 3172 2940 non
3230 2896 3480 2958 oportere
3526 2903 3626 2944 nos
3680 2905 3778 2959 per

2183 2967 2454 3025 Christum
2483 2969 2714 3038 adduci,
2759 2971 2854 3028 sed
2894 2986 2992 3044 per
3030 2975 3253 3046 angelos
3281 2992 3295 3031 :
3324 2976 3452 3033 illud
3478 2978 3623 3034 enim
3656 2988 3775 3047 est,

2185 3060 2453 3134 inquiunt,
2487 3062 2660 3133 majus
2687 3079 2847 3135 quam
2875 3074 2933 3121 ut
2954 3067 3227 3138 possimus
3255 3069 3489 3141 assequi.
3513 3070 3775 3142 Propter-

2184 3168 2246 3209 ea
2279 3169 2478 3225 susque
2515 3153 2690 3226 deque
2714 3165 2893 3213 versat
2919 3172 3040 3229 qua:
3074 3158 3217 3218 dicta
3247 3170 3371 3218 sunt
3411 3162 3481 3220 de
3512 3162 3728 3219 Christo
3758 3181 3775 3218 :

2192 3243 2293 3300 Per
2320 3247 2615 3317 sanguinem
2644 3248 2806 3305 crucis
2833 3249 2946 3319 ejus
2973 3251 3303 3308 reconciliati
3331 3267 3519 3310 sumus
3544 3254 3776 3325 (Coloss.

2188 3340 2239 3393 1.
2268 3338 2397 3411 20);
2448 3339 2582 3407 Quia
2622 3357 2714 3411 pro
2756 3341 2898 3397 nobis
2926 3358 3107 3413 passus
3134 3355 3207 3417 est
3233 3345 3314 3414 (l.
3354 3344 3502 3401 Petr.
3543 3346 3597 3403 2.
3639 3347 3778 3419 2|);

2192 3431 2326 3500 Quia
2357 3448 2449 3486 nos
2475 3432 2653 3487 dilexit
2680 3431 2896 3505 (Ephes.
2928 3434 2982 3489 2.
3024 3435 3101 3507 4).
3136 3436 3203 3492 Ει
3231 3435 3286 3492 in
3315 3441 3419 3495 hoc
3446 3438 3564 3510 ipso
3592 3455 3782 3496 rursus

2188 3524 2384 3580 conﬁxi
2409 3533 2587 3580 erant.
2615 3524 2726 3581 Nec
2755 3525 2910 3594 dixit,
2943 3525 3359 3595 Adductionem,
3388 3529 3507 3598 sed,
3539 3529 3781 3602 Religio-

2190 3630 2335 3670 nem.
2372 3613 2499 3680 Qua:
2535 3631 2634 3671 non
2659 3618 2782 3670 vidit
2811 3616 3098 3674 ambulans.
3129 3617 3245 3675 Non
3273 3621 3417 3678 enim
3447 3622 3578 3677 vidit
3614 3638 3783 3694 ange-

2190 3707 2292 3775 los,
2323 3708 2417 3765 scd
2449 3709 2520 3765 ita
2545 3718 2631 3766 est
2656 3709 2881 3767 alfectus
2907 3719 3177 3783 tamquam
3202 3713 3248 3768 si
3270 3712 3510 3771 vidisset.
3537 3715 3785 3786 Propter-

2191 3815 2253 3856 ea
2307 3799 2470 3868 dicit,
2526 3798 2750 3872 Iuﬂatus
2793 3819 2940 3858 sensu
2987 3804 3157 3858 carnis
3198 3820 3309 3860 sua
3354 3814 3555 3861 temere.
3599 3807 3785 3877 Neque

2193 3892 2335 3950 enim
2364 3901 2584 3965 propter
2605 3910 2716 3950 rem
2744 3894 2978 3966 aliquam
3002 3910 3207 3963 veram,
3234 3896 3328 3953 sed
3350 3909 3570 3970 propter
3589 3898 3782 3970 dogma

2195 3984 2295 4040 fuit
2322 3984 2556 4040 inﬂatus.
2589 3985 2658 4041 Et
2698 3986 3009 4044 humilitatis
3036 4003 3146 4060 pne
3184 4003 3244 4045 se
3285 3987 3389 4045 fert
3416 3992 3674 4062 speciem.
3707 3994 3787 4047 Ac

2194 4078 2237 4131 si
2278 4076 2480 4131 diceret
2508 4118 2523 4140 ,
2554 4075 2634 4132 Ob
2665 4085 2898 4135 mentem
2928 4077 3199 4135 carnalem
3223 4120 3241 4148 ,
3273 4095 3381 4135 non
3410 4081 3738 4152 spiritualem
3772 4099 3792 4149 ;

2196 4169 2430 4224 humana
2460 4177 2542 4225 est
2567 4170 2837 4242 cogitatio.
2874 4170 2941 4225 Et
2968 4187 3071 4226 non
3100 4181 3271 4228 tenens
3297 4183 3472 4245 caput,
3501 4174 3691 4245 inquit,
3725 4190 3794 4230 ea:

2194 4279 2293 4333 quo
2320 4271 2478 4316 totum
2504 4279 2706 4333 corpus.
2746 4261 2802 4318 Id
2830 4270 2931 4328 est,
2966 4262 3092 4320 hinc
3127 4263 3288 4321 habet
3315 4274 3374 4321 ut
3402 4265 3495 4334 sit,
3525 4273 3582 4320 et
3607 4275 3667 4321 ιιι
3688 4258 3787 4320 ἰ’θ-

2196 4363 2282 4409 ctc
2315 4354 2402 4409 sit.
2436 4353 2572 4420 Quid
2606 4369 2735 4425 ergo
2763 4353 2987 4411 dimisso
3012 4356 3189 4428 capite
3216 4356 3391 4413 haeres
3415 4356 3714 4413 membris?
3744 4357 3790 4411 si

2199 4444 2345 4500 illinc
2372 4444 2637 4500 excideris
2657 4486 2671 4511 ,
2705 4444 2930 4515 periisti.
2959 4444 3046 4500 Ea:
3082 4462 3180 4516 quo
3209 4455 3368 4501 totum
3409 4463 3611 4520 corpus.
3654 4446 3786 4515 Qui-

2198 4551 2426 4607 cumque
2452 4535 2541 4602 sit,
2572 4551 2678 4591 non
2709 4535 2882 4591 solum
2911 4535 3034 4593 inde
3059 4536 3220 4594 habet
3240 4546 3297 4594 ut
3320 4538 3480 4605 vivat,
3505 4537 3601 4595 sed
3626 4538 3787 4593 etiam

2200 4636 2259 4683 ut
2299 4628 2373 4682 illi
2417 4626 2794 4699 conjungatur.
2827 4627 3086 4685 Universu
3132 4630 3370 4687 Ecclesia
3399 4630 3654 4703 quamdiu
3696 4632 3791 4686 ha-

2201 4716 2378 4775 buerit
2405 4729 2586 4791 caput,
2617 4730 2862 4792 augetur.
2894 4719 3012 4777 Non
3043 4722 3185 4778 enim
3218 4722 3540 4794 arrogantius
3560 4722 3618 4779 et
3639 4739 3791 4779 vanae

2201 4810 2387 4882 gloria:
2426 4819 2512 4866 est
2543 4810 2776 4880 allectio,
2807 4811 3082 4868 inventum
3112 4812 3361 4869 humanae
3397 4813 3615 4869 mentis.
3652 4810 3793 4869 Ecce

2203 4899 2369 4968 illud,
2404 4897 2488 4955 Ea:
2520 4917 2639 4971 quo,
2669 4900 2866 4957 dicitur
2892 4900 2961 4958 de
2986 4902 3142 4978 Filio.
3175 4901 3279 4957 Per
3302 4919 3463 4959 nemus
3488 4914 3534 4958 et
3573 4905 3791 4975 conjun-

2204 4992 2414 5057 ctiones,
2448 4991 2639 5064 inquit,
2671 4992 3106 5048 subnunistratum
3131 5002 3179 5048 et
3217 5004 3591 5062 constructum,
3619 4996 3794 5050 crescit

2205 5085 2258 5139 in
2277 5093 2602 5155 augmentum
2629 5082 2745 5139 Dei.
2771 5082 2924 5152 Quod
2951 5095 3033 5141 eSt
3062 5085 3352 5141 secundum
3382 5086 3572 5154 Deum,
3601 5086 3790 5156 inquit.

2206 5186 2261 5232 et
2288 5192 2355 5233 ex
2382 5176 2585 5248 optimo
2612 5179 2735 5232 vita:
2765 5178 3029 5234 instituto.
3063 5178 3154 5235 ‘20.
3189 5178 3253 5235 Si
3287 5195 3406 5250 ergo
3447 5179 3637 5234 mortui
3677 5180 3797 5233 estis

2207 5286 2319 5324 cum
2361 5267 2582 5325 Christo.
2624 5268 2853 5326 Medium
2887 5269 3015 5326 illud
3049 5272 3196 5342 ponit
3217 5314 3233 5340 ,
3265 5280 3320 5327 et
3345 5271 3487 5342 quod
3516 5282 3602 5328 est
3630 5271 3797 5326 vehe-

2210 5362 2443 5417 mentius
2470 5362 2756 5432 utrimque.
2791 5363 2852 5417 Si
2878 5364 3062 5416 mortui
3089 5365 3209 5418 estis
3242 5380 3355 5418 cum
3382 5361 3583 5418 Christo
3611 5363 3674 5416 ab
3698 5362 3802 5416 ele-

2213 5452 2392 5507 mentis
2418 5453 2570 5525 hujus
2600 5453 2796 5515 mundi,
2828 5452 2949 5523 quid
2979 5463 3236 5521 tamquam
3278 5454 3493 5509 viventes
3532 5455 3583 5508 in
3609 5455 3800 5508 mundo

2212 5543 2478 5599 decernitis
2499 5542 2657 5598 ?Non
2680 5542 2840 5597 habet
2859 5545 3298 5614 consequentiam
3321 5563 3333 5599 :
3355 5545 3636 5616 oportebat
3655 5546 3799 5600 enim

2211 5635 2413 5700 dicere,
2457 5635 2737 5705 Quomodo
2763 5641 3033 5706 tamquam
3066 5638 3304 5694 viventes
3329 5638 3651 5708 subjicitnini
3691 5640 3809 5692 cle-

2215 5728 2450 5783 mentis?
2484 5727 2589 5783 Sed
2620 5727 2721 5782 hoc
2747 5727 2998 5796 dimisso,
3029 5729 3153 5800 quid
3186 5730 3356 5785 dicit?
3385 5733 3477 5787 21.
3516 5728 3598 5785 Ne
3632 5731 3807 5800 tetige-

2216 5821 2345 5888 ritis,
2378 5836 2533 5892 neque
2550 5821 2885 5891 gnstaveritis,
2914 5838 3072 5893 neque
3090 5825 3509 5879 rontrertuveritis
3535 5841 3551 5878 :
3576 5820 3648 5882 εἰ
3693 5838 3809 5893 nunt
