4140 6492
419 316 526 370 ὂίξ)

485 433 552 502 β’.
580 435 695 486 Οὐκ
727 447 851 486 εστε
879 438 934 485 ἐν
959 430 1034 502 τῷ
1058 432 1265 504 κόσμῳ,
1285 435 1436 504 φησί·
1463 437 1556 490 καὶ
1581 441 1696 504 πῶς
1715 445 1827 506 τοῖς
1847 459 1994 494 στοι-

411 529 578 598 χείοις
614 525 941 592 ὕπόκεισθε;
997 525 1106 590 πῶς
1139 529 1255 591 ταῖς
1289 528 1382 582 τοῦ
1419 529 1622 600 κόσμου
1667 536 1994 605 παρατηρή-

411 637 564 686 σεσι;
592 619 698 674 Καὶ
740 619 842 691 δρα
885 619 1001 682 πῶς
1031 620 1230 684 αὐτοὺς
1264 623 1540 694 κωμῳδεῖ,
1579 625 1669 696 Μὴ
1709 626 1887 698 θίγῃς,
1919 628 1994 699 μὴ

408 713 542 784 ἅψῃ.
600 711 674 783 μὴ
726 712 931 784 γεύσῃ,
972 711 1046 778 ὡς
1091 714 1345 784 μεγάλων
1395 718 1554 770 τινῶν
1598 719 1992 790 ἀπεχομένους.

406 805 475 858 ’Ἀ
521 806 652 858 ἐστι
676 805 876 858 πάντα
903 807 990 870 εἰς
1011 807 1243 874 φθορὰν
1265 807 1336 875 τῇ
1367 809 1728 880 ἀποχρήσει.
1761 812 1993 864 Καθείλε

407 897 514 950 τῶν
553 895 763 950 πολλῶν
800 897 899 968 τὴν
933 899 1223 966 φυσίωσιν,
1265 902 1358 952 καὶ
1397 902 1642 972 ἐπήγαγε
1667 921 1679 934 ·
1725 903 1885 957 Κατά
1920 904 1994 958 τὰ

403 989 750 1057 ἐντάλματα
785 991 884 1043 καὶ
939 991 1338 1060 διδασκαλίας
1381 991 1502 1046 τῶν
1540 994 1888 1064 ἀνθρώπων.
1925 995 1992 1049 Τί

405 1081 586 1149 λέγεις
607 1099 621 1148 ;
650 1082 755 1136 κᾶν
775 1083 868 1136 τὸν
893 1085 1056 1154 νόμον
1079 1084 1263 1154 εἴπῃς,
1289 1085 1474 1140 λοιπὸν
1492 1087 1812 1142 διδασκαλία
1842 1089 1990 1142 ἐστὶν

405 1177 693 1248 ἀνθρώπου
725 1179 865 1248 μετά
909 1179 1000 1231 τὸν
1037 1180 1248 1249 καιρόν.
1284 1181 1354 1233 Ἢ
1387 1183 1470 1234 ὅτι
1511 1183 1842 1252 παρεποίουν
1887 1183 1987 1235 αύ-

405 1271 498 1324 τὸν
550 1271 724 1336 οὕτως
771 1267 946 1336 εἶπεν,
1005 1272 1037 1342 ἦ
1089 1273 1156 1324 τὰ
1191 1272 1298 1326 τῶν
1345 1273 1614 1345 Ἐλλήνων
1668 1276 1984 1331 αἰνίττεται.

408 1361 570 1414 ’Ὀλον
607 1360 946 1432 ἀνθρώπινον
976 1363 1034 1413 τὸ
1056 1361 1232 1432 δόγμα
1262 1363 1400 1428 ἐστὶ,
1424 1365 1607 1436 φησίν.
1629 1366 1837 1421 Ἂτινὰ
1856 1367 1989 1422 ἐστι

405 1456 595 1523 λόγον
616 1453 735 1523 μὲν
767 1455 988 1524 ἔχοντα
1023 1457 1246 1525 σοφίας
1280 1457 1350 1510 ἑν
1387 1458 1857 1530 ἐθελοθρησκείᾳ
1890 1459 1989 1514 καὶ

409 1548 934 1616 ταπεινοφροσύνῃ
976 1549 1074 1602 καὶ
1131 1547 1374 1617 ἀφειδίᾳ
1426 1550 1720 1620 σώματος,
1756 1554 1868 1606 οὑκ
1919 1553 1990 1607 ἐν

411 1637 546 1706 τιμῇ
603 1655 720 1691 τινι
782 1638 930 1706 πρὸς
976 1640 1348 1709 πλησμονὴν
1393 1640 1504 1709 τῆς
1555 1641 1702 1714 [575]
1735 1645 1983 1712 σαρκός.

409 1731 625 1802 Λόγον,
658 1731 841 1803 φησιν,
874 1734 934 1785 οὐ
960 1733 1188 1805 δύναμιν
1213 1749 1226 1764 ο
1251 1734 1360 1804 ἄρα
1394 1736 1494 1788 οὐκ
1529 1735 1988 1808 ἁλήθειαν.Ὦστε

409 1825 514 1878 κᾶν
548 1824 704 1893 λόγον
751 1824 850 1896 ἔχῃ
896 1827 1106 1894 σοφίας,
1143 1828 1640 1900 ἀποστρεφώμεθα.
1693 1833 1851 1885 Δοκεῖ
1879 1833 1987 1905 γάρ

411 1918 643 1989 εὐλαϐής
668 1935 751 1980 τις
775 1915 914 1972 εἶναι
939 1920 1030 1972 καὶ
1059 1920 1282 1991 μέτριος
1301 1923 1396 1974 καὶ
1417 1922 1510 1975 τοῦ
1542 1923 1792 1994 σώματος
1819 1944 1989 1980 κατα-

411 2013 628 2081 φρονεῖ.)
657 2027 668 2040 ·
701 2011 800 2064 οὐκ
829 2011 942 2064 ἐστι
976 2013 1053 2068 δέ.
1090 2017 1213 2068 Οὐκ
1235 2014 1304 2068 ἐν
1341 2013 1480 2085 τιμῇ
1503 2033 1620 2070 τινι
1655 2017 1804 2086 πρὸς
1829 2021 1988 2086 ,πλη-

407 2101 650 2171 σμονὴν
689 2102 799 2172 τῆς
841 2105 1094 2174 σαρκός.
1141 2105 1200 2160 Ὀ
1233 2106 1363 2170 Θεὸς
1413 2107 1522 2179 γὰρ
1561 2109 1726 2180 τιμὴν
1762 2108 1986 2173 ἔδωκεν,

408 2195 562 2248 αὐτοὶ
589 2195 645 2248 δὲ
672 2196 772 2250 οὐκ
801 2198 859 2249 ἐν
887 2201 1020 2268 τιμῇ
1057 2198 1375 2270 κέχρηνται.
1413 2199 1620 2266 Οῦτως,
1657 2201 1786 2254 ὅταν
1813 2202 1989 2270 δόγμα

408 2282 467 2356 ᾗ,
495 2282 636 2340 οἶδεν
663 2288 795 2341 αὐτὸ
825 2291 994 2360 τιμὴν
1027 2291 1231 2347 καλεῖν.
1272 2291 1625 2362 ’Λτιμάζουσι
1657 2291 1754 2362 τὴν
1785 2294 1984 2364 σάρκα,

409 2381 594 2447 φησιν,
621 2381 1056 2452 ἀποστεροῦντες
1084 2383 1273 2454 αὐτὴν,
1312 2385 1406 2438 καὶ
1433 2383 1530 2455 τὴν
1567 2383 1814 2448 ἐξουσίαν
1831 2385 1990 2454 ἀφαι-

411 2474 688 2546 ρούμενοι,
740 2476 837 2546 οὐχ
903 2477 1118 2540 ἑκόντος
1191 2481 1415 2549 κρατεῖν
1469 2478 1909 2548 συγχωροῦντες·
1961 2481 1990 2533 ὀ

408 2568 540 2628 Θεὸς
577 2569 675 2636 τὴν
708 2568 888 2637 σάρκα
915 2568 1195 2638 ἐτίμησεν.
1225 2571 1293 2622 Εἰ
1323 2563 1438 2622 οὖν
1466 2568 1881 2640 συνηγέρθητε
1911 2569 1989 2636 τῷ

404 2658 656 2727 Χριστῷ.
704 2660 936 2729 Συνάγει
975 2662 1170 2725 αὐτοὺς
1209 2662 1392 2716 λοιπὸν
1432 2664 1542 2717 ἆνω
1571 2665 1989 2727 κατασκευάσας

407 2751 489 2803 ὅτι
517 2751 776 2806 ἀπέθανε.
819 2753 918 2805 Διὰ.
945 2753 1100 2806 τοῦτό
1135 2771 1324 2826 φησιν,
1348 2756 1414 2809 El
1440 2751 1556 2810 οὗν
1580 2755 1990 2826 συνηγέρθητε

409 2843 487 2907 τῷ
513 2843 768 2912 Χριστῷ,
802 2845 874 2898 τὰ
917 2845 1040 2900 ἅνω
1090 2847 1336 2914 ζητεῖτε.
1365 2849 1480 2902 Οὐκ
1503 2849 1649 2904 ἔστιν
1675 2851 1794 2904 ἐκεῖ
1813 2867 1989 2919 παρα-

408 2937 658 3006 τήρησις.
699 2938 775 2992 Τὰ
825 2937 946 2991 ἀνω
975 2936 1220 3007 ζητεῖτε,
1243 2936 1316 2997 οὗ
1349 2945 1382 2996 ὁ
1425 2943 1680 3010 Χριστός
1706 2943 1878 2997 ἐστιν
1922 2945 1992 2998 ἐν

408 3027 582 3096 δεξιᾷ
619 3029 725 3082 τοῦ
776 3029 925 3083 Θεοῦ
955 3031 1312 3102 καθήμενος.
1363 3033 1536 3088 Βαὸαί
1560 3035 1580 3088 .'
1605 3034 1706 3088 ποῦ
1741 3035 1832 3088 τὸν
1865 3035 1990 3090 νοῦν

410 3123 656 3192 ἀνήγαγε
716 3123 805 3176 τὸν
858 3123 1154 3196 ήμὲτερον;
1211 3125 1328 3189 πῶς
1381 3129 1732 3199 φρονήματος
1794 3129 1991 3194 αὐτοὺς

411 3213 701 3286 ἐπλήρωσε
737 3217 1004 3286 μεγάλου;
1039 3220 1152 3272 Ούκ
1181 3220 1341 3292 ἤρκει
1369 3220 1438 3273 τά
1473 3221 1585 3274 ἄνω
1613 3223 1809 3287 εἰπεῖν,
1842 3221 1987 3284 οὐδὲ,

411 3301 469 3360 οὗ
502 3309 528 3360 6
563 3309 799 3379 Χριστός
843 3311 1013 3378 ἐστιν,
1072 3312 1209 3367 ἀλλὰ
1248 3313 1626 3384 προστίθησιν,
1671 3315 1774 3368 Ἐν
1821 3314 1992 3383 δεξιᾷ

409 3400 520 3453 τοῦ
561 3402 707 3456 Θεοῦ
739 3405 1096 3472 καθήμενος.
1141 3406 1383 3460 Ἐκεῖθεν
1425 3407 1610 3460 λοιπὸν
1647 3409 1707 3461 ού
1749 3410 1844 3480 τὴν
1887 3409 1992 3479 γῆν

409 3499 542 3568 (κρᾷν
592 3501 992 3570 παρεσκεύαζε.
1037 3503 1112 3557 Τά
1149 3503 1272 3557 ἄνω
1317 3504 1610 3573 φρονεῖτε,
1641 3505 1726 3574 μὴ
1780 3506 1850 3560 τὰ
1893 3507 1994 3562 ἐπὶ

412 3589 521 3658 τῆς
545 3591 675 3659 γῆς.
715 3593 1068 3648 Ἀπεθάνετε
1094 3597 1226 3666 γὰρ,
1259 3599 1356 3651 καὶ
1385 3599 1421 3666 ἡ
1453 3597 1566 3666 ζωὴ
1591 3599 1758 3668 ὑμῶν
1783 3603 1994 3670 κέκρυ·

413 3701 552 3738 πται
584 3685 706 3738 σὺν
737 3685 813 3752 τῷ
842 3689 1075 3756 Χριστῷ
1093 3691 1164 3744 ἐν
1188 3689 1268 3756 τῷ
1299 3690 1438 3756 Θεῷ.
1472 3692 1656 3746 Ὅταν
1679 3693 1714 3748 ὁ
1738 3695 1996 3762 Χριστὸς

413 3778 750 3846 φανερωθῇ,
786 3779 824 3847 ἡ
848 3779 966 3848 ζωὴ
990 3781 1178 3850 ὑμῶν,
1207 3785 1341 3838 τότε
1361 3784 1460 3838 καὶ
1491 3784 1664 3853 ὑμεῖς
1696 3786 1818 3840 σὺν
1837 3785 1996 3853 αὐτῷ

413 3869 915 3938 φανερωθήσεσθε
952 3872 1022 3925 ἐν
1055 3871 1228 3942 δόξῃ.
1261 3876 1374 3928 Οὐκ
1419 3875 1567 3929 ἔστιν
1613 3875 1774 3948 αὕτη,
1807 3879 1993 3947 φησὶν,

417 3964 450 4029 ἡ
481 3961 595 4032 ζωὴ
632 3961 786 4031 ὑμῶν
813 3979 827 3993 ·
861 3967 894 4035 ἡ
933 3963 1180 4036 ὑμετέρα
1209 3966 1320 4037 ζωὴ
1349 3965 1510 4037 ἑτέρα
1543 3967 1627 4030 τίς
1655 3969 1825 4023 ἐστιν.
1857 3971 1994 4042 Ἤδη

419 4052 664 4122 βιάζεται
715 4059 1056 4125 μεταστῆσαι
1101 4059 1324 4122 αὐτοὺς.
1369 4059 1464 4112 καὶ
1500 4059 1798 4128 φιλονεικεῖ
1827 4061 1998 4128 δεῖξαι

417 4146 760 4215 καθημένους
805 4146 936 4212 ἄνω,
987 4150 1082 4202 καὶ
1111 4153 1340 4222 νεκροὺς
1381 4153 1564 4218 ὄντας,
1621 4156 1680 4222 ἐξ
1720 4157 1998 4228 ἑκατέρων

417 4237 843 4302 κατασκευάζων
869 4238 944 4310 μὴ
966 4239 1148 4311 ζητεῖν
1182 4243 1248 4296 τά
1279 4244 1536 4300 ἐνταῦθα.
1566 4247 1690 4300 Εἴτε
1749 4248 1858 4319 γὰρ
1911 4265 1997 4300 νε-

417 4329 542 4398 κροί
566 4331 710 4392 ἐστε,
739 4330 840 4383 οὐκ
870 4333 1115 4400 ὀφείλετε
1145 4333 1359 4406 ζητεῖν·
1402 4338 1514 4392 εἴτε
1560 4339 1673 4394 ἄνω
1720 4342 1864 4407 ἐστὲ,
1901 4343 2000 4395 οὐκ

417 4424 664 4493 ὀφείλετε
717 4423 918 4496 ζητεῖν.
961 4429 1051 4498 Μὴ
1103 4430 1354 4499 φαίνεται
1404 4433 1432 4486 6
1478 4435 1750 4505 Χριστός;
1802 4435 1998 4490 οὐκοῦν

419 4516 540 4569 οὐδὲ
576 4517 749 4587 ήζωὴ
789 4519 958 4588 ὑμῶν.
1005 4521 1094 4572 Ἑν
1127 4522 1201 4592 τῷ
1237 4523 1354 4592 Θεῷ
1401 4525 1512 4578 ἄνω
1557 4527 1692 4581 ἐστί.
1743 4529 1808 4580 Τί
1868 4525 1996 4595 οῦνς

423 4609 554 4676 πότε
581 4608 858 4680 ξησὸμεθα
887 4627 901 4676 ;
935 4611 1106 4665 Ὅταν
1139 4615 1166 4666 ὁ
1194 4615 1431 4685 Χριστὸς
1465 4618 1777 4689 φανερωθῇ.
1809 4621 1841 4690 ἡ
1883 4621 1995 4692 ζωὴ

421 4701 598 4771 ὑμῶν,
628 4701 748 4754 τότε
791 4703 890 4773 τὴν
931 4703 1089 4770 δόξαν
1125 4706 1361 4777 ζητεῖτε,
1398 4710 1519 4762 τότε
1551 4709 1648 4780 τὴν
1675 4709 1840 4781 ζωὴν,
1877 4712 2000 4766 τότε

420 4797 518 4864 τὴν
572 4797 808 4867 τρυφήν.
863 4795 1047 4852 Ταῦτα
1106 4803 1701 4872 προκατασκευαστικά
1749 4803 1844 4857 τοῦ
1903 4806 2000 4874 τῆς

418 4888 629 4957 τρυφῆς
653 4890 850 4956 αὐτοὺς
874 4891 1181 4963 ἀπαγαγεῖν
1215 4895 1310 4948 καὶ
1341 4897 1440 4965 τῆς
1463 4897 1724 4960 ἀνέσεως.
1749 4898 2000 4952 Τοιοῦτον

421 4980 540 5043 ἔθος
574 4981 722 5052 αὐτῷ
767 4983 898 5036 ἄλλα
945 4989 1408 5052 κατασκευάζοντι
1451 4990 1531 5054 είς
1573 4989 1710 5044 ἄλλα
1749 5009 2002 5062 μεταπηο

420 5073 516 5143 δᾷν
544 5090 557 5103 ·
583 5069 715 5142 οἷον,
742 5075 931 5150 ὥσπερ
964 5083 1094 5152 περὶ
1129 5082 1240 5136 τῶν
1284 5083 1778 5155 προλαμϐανόντων
1821 5087 1901 5148 εἰς
1933 5085 2002 5138 τὰ

421 5163 613 5219 δεῖπνα
651 5165 1055 5238 διαλεγόμενος,
1101 5173 1360 5228 ἐνέπεσεν
1407 5175 1603 5246 ἀθρόον
1649 5177 1728 5240 εἰς
1758 5177 1856 5246 τὴν
1895 5176 2004 5232 τῶν

429 5256 742 5327 μυστηρίων
775 5263 1183 5333 παρατήρησιν.
1236 5265 1397 5332 Μέγα
1439 5263 1546 5334 γὰρ
1589 5265 1703 5336 ἔχει
1735 5266 1956 5338 ἐλεγχος
1983 5311 1999 5334 ν

426 5351 554 5400 ὅταν
604 5351 929 5416 ἀνυπόπτως
973 5356 1220 5426 γένηται.
1279 5357 1639 5424 Κέκρυπται,
1689 5359 1876 5427 φησὶν,
1907 5360 1999 5430 ἀφ’

431 5443 603 5510 ὑμῶν.
645 5447 780 5501 Τότε
819 5451 916 5502 καὶ
947 5450 1116 5519 ὑμεῖς
1139 5452 1268 5505 σὺν
1291 5450 1451 5516 αὐτῷ
1476 5453 1998 5520 φανερωθήσεσθε.

432 5533 592 5586 Ὥστε
627 5537 720 5590 νῦν
749 5541 809 5592 οὐ
844 5543 1120 5610 φαίνεσθε.
1157 5546 1300 5617 Ὅρα
1334 5547 1452 5608 πῶς
1495 5547 1694 5611 αὐτοὺς
1735 5549 1813 5611 είς
1842 5549 2004 5603 αὐτὸν

431 5625 524 5674 τὴν
549 5627 776 5696 οὐρανὸν
807 5637 1157 5706 μετέστησεν.
1193 5641 1369 5710 Ὅπερ
1403 5640 1511 5710 γὰρ
1541 5639 1698 5710 ἔφην,
1725 5640 1814 5693 ἀεὶ¹
1849 5642 2004 5710 φιλο⁴

435 5718 603 5768 νεικεῖ
625 5718 790 5789 δεῖξαι
823 5725 892 5779 τὰ
937 5728 1092 5780 αὐτᾶν
1111 5728 1328 5798 ἔχοντας
1373 5733 1512 5801 ειπερ
1553 5732 1646 5785 καὶ
1673 5733 1700 5785 6
1740 5733 1999 5805 Χριστός·

1133 319 1189 374 S.
1229 320 1515 378 JOANNIS
1553 323 2047 384 CIIRYSOSTOMI
2085 331 2410 395 ARCHIEP.
2445 339 2998 398 CONSTAIV'I‘INOP.

3569 342 3676 398 5&6

2101 449 2194 500 καὶ
2231 450 2316 504 διὰ
2351 453 2542 508 πασῶν
2589 455 2755 510 αὐτοῦ
2785 457 2894 510 τῶν
2925 451 3222 508 ἐπιστολῶν
3269 445 3422 516 οὗτος
3457 453 3486 506 ὁ
3519 453 3679 523 λόγος

2097 538 2156 590 ἐν
2193 543 2325 594 πᾶσι
2365 547 2756 611 κοινωνοῦντας
2801 547 2952 618 αὐτῷ
2995 546 3190 612 δεῖξαι.
3243 543 3339 597 Διά
3391 544 3547 599 τοῦτο
3581 551 3676 600 καὶ

2099 634 2360 706 κεφαλὴν.
2399 638 2669 709 καὶσῶμα
2687 641 2856 710 λέγει,
2887 643 2980 695 καὶ
3006 641 3186 694 πάντα
3216 641 3380 702 ποιεῖ,
3407 637 3494 692 ἵνα
3519 640 3680 694 τοῦτο

2099 729 2445 801 παραστήσῃ.
2483 729 2543 784 Εἰ
2571 731 2754 784 τοίνυν
2779 731 2901 784 τότε
2943 729 3351 802 φανερούμεθα,
3385 729 3460 802 μὴ
3493 729 3667 796 ἀλγῶ-

2098 833 2218 884 μεν,
2244 817 2370 871 ὃταν
2399 821 2566 891 τιμῆς
2609 824 2684 894 μὴ
2731 821 3126 893 ἀπολαύωμεν·
3163 823 3212 874 εἰ
3249 822 3324 892 μή
3357 824 3504 875 ἐστιν
3533 821 3675 892 αὕτη

2095 909 2129 978 ἡ
2165 907 2278 980 ζωὴ
2313 911 2446 983 ζωὴ,
2481 913 2620 967 ἀλλὰ
2647 915 2980 986 κέκρυπται,
3005 915 3080 978 ὡς
3111 914 3299 984 νεκροὶ
3331 913 3434 984 ζῇν
3465 913 3678 982 ὑφείλου

2097 1019 2198 1072 μεν
2231 1003 2436 1075 ταύτην
2470 1005 2571 1076 τὴν
2607 1007 2772 1078 ζωήν.
2814 1007 2948 1060 Τότε
2991 1006 3092 1060 καὶ
3141 1004 3332 1074 ὑμεῖς,
3369 1005 3524 1075 φησὶ,
3553 1005 3678 1058 σὺν

2093 1093 2253 1160 αὐτῷ
2271 1097 2772 1164 φανερωθήσεσθε
2789 1099 2858 1151 ἐν
2880 1098 3053 1166 δόξῃ.
3072 1127 3142 1137 ——
3174 1098 3271 1150 ‘Er
3295 1094 3472 1163 δόξῃ,
3498 1091 3674 1161 εἶπεν,

2092 1185 2191 1256 οὐχ
2230 1187 2416 1250 ἀπλῶς
2439 1205 2452 1220 ·
2491 1189 2615 1244 ἐπεὶ
2647 1191 2740 1244 καὶ
2765 1193 2793 1243 6
2826 1189 3173 1262 μαργαρίτης
3205 1187 3534 1258 κέκρυπται,
3565 1186 3672 1248 ἓως

2093 1274 2225 1353 ἃ·νῇ
2277 1281 2334 1332 ὲν
2389 1279 2465 1350 τῷ
2511 1281 2739 1353 ὀστρέῳ.
2777 1283 2876 1336 "Av
2929 1300 2987 1336 τε
3029 1277 3123 1334 οὖν
3183 1278 3554 1351 ὑϐριζῶμεθα,
3595 1277 3674 1348 μὴ

2091 1371 2372 1442 ἀλγῶμεν,
2404 1373 2468 1427 ἄν
2497 1390 2556 1425 τε
2579 1374 2760 1427 ὁτιοῦν
2781 1375 3102 1444 πάσχωμεν·
3129 1371 3284 1444 1574]
3305 1371 3364 1425 οὐ
3384 1371 3492 1442 γάρ
3521 1371 3672 1423 ἐστιν

2090 1464 2250 1535 ἡμῶν
2289 1466 2402 1538 ζωὴ
2437 1467 2580 1538 αὕτη
2608 1469 2642 1538 ἡ
2673 1468 2784 1539 ζωή
2819 1483 2831 1498 ⁸
2872 1467 3013 1532 ξένοι
3048 1465 3156 1537 γὰρ
3179 1465 3275 1518 καὶ
3297 1463 3674 1536 παρεπίδημοί

2091 1558 2284 1628 ἐσμεν.
2321 1558 2664 1614 Ἀπεθιίνετε
2685 1559 2814 1628 γὰρ,
2835 1559 2985 1630 φησί.
3009 1559 3105 1622 Τίς
3129 1558 3275 1610 ἐστιν
3302 1555 3474 1618 οὕτως
3508 1553 3673 1624 ἀνόη-

2091 1665 2206 1715 τος,
2241 1649 2318 1714 ὠς
2351 1651 2429 1722 τῷ
2487 1649 2668 1722 νεκρῷ
2717 1651 2936 1716 σώματι
2985 1649 3064 1721 τῷ
3116 1648 3340 1717 ταφέντι
3387 1645 3672 1718 ἢοίκέτας

2091 1740 2405 1812 ἀγοράζειν,
2432 1743 2466 1815 ἢ
2494 1744 2670 1808 οἰκίας
2692 1743 3020 1812 οἰκοδομεῖν,
3045 1741 3078 1813 ἦ
3111 1742 3302 1813 ἱμάτια
3339 1736 3676 1792 κατασκευά-

2091 1835 2204 1900 ζειν
2240 1836 2503 1908 πολυτελῆ
2530 1854 2545 1904 ;
2579 1836 2788 1900 Οὐδείς.
2819 1837 2912 1908 Μὴ
2937 1836 3119 1889 τοίνυν
3154 1833 3288 1905 μηδὲ
3315 1833 3476 1903 ἡμεῖς
3505 1847 3518 1861 ·
3549 1829 3670 1882 ἀλλ’

2091 1929 2278 2002 ὥσπερ
2313 1929 2371 1983 ἐν
2411 1931 2572 2002 μόνον
2609 1929 2902 2002 ζητοῦμεν,
2953 1927 3095 1980 ὥστε
3147 1928 3223 1999 μὴ
3259 1922 3671 1994 γεγυμνῶσθαι,

2091 2022 2233 2077 οὓτω
2263 2024 2356 2076 καὶ
2395 2023 2632 2077 ἐνταῦθα
2660 2023 2718 2076 ἓν
2755 2022 2918 2094 μόνον
2957 2019 3230 2092 ζητῶμεν.
3278 2017 3480 2088 Ἐτάφη
3515 2013 3674 2085 ἡμῶν

2091 2118 2119 2168 6
2149 2117 2360 2186 πρῶτος
2395 2115 2682 2188 ἄνθρωπος
2708 2133 2722 2146 ·
2755 2116 2930 2185 ἐτάφη
2953 2115 3053 2166 οὐκ
3079 2113 3135 2165 ἐν
3151 2113 3243 2183 γῇ,
3269 2109 3384 2163 ἀλλ’
3417 2109 3475 2162 ἐν
3493 2106 3669 2171 ὕδατι,

2091 2209 2152 2260 οὐ
2200 2208 2295 2261 τοῦ
2329 2207 2562 2261 θανάτου
2613 2207 2778 2262 αὐτὸν
2833 2203 3218 2268 καταλύοντος,
3257 2199 3394 2255 ἀλλά
3445 2199 3540 2252 τοῦ
3580 2197 3672 2251 τὸν

2091 2301 2322 2354 θάνατον
2375 2299 2782 2362 καταλύσαντος
2831 2297 3105 2367 θάψαντος
3148 2293 3314 2348 αὐτὸν
3358 2293 3420 2345 οὐ
3456 2290 3672 2359 φύσεως

2090 2393 2260 2464 νόμῳ,
2285 2391 2422 2445 ἀλλά
2456 2391 2533 2462 τῷ
2549 2393 2649 2463 τῆς
2678 2393 2896 2462 φύσεως
2925 2387 3260 2462 ἰσχυροτέρῳ
3287 2381 3672 2456 προστάγματι

2091 2485 2190 2554 τῆς
2224 2483 2562 2548 δεσποτείας.
2595 2485 2676 2538 Τά
2721 2484 2819 2553 μὲν
2861 2483 2968 2554 γὰρ
3007 2479 3111 2535 ὑπὸ
3155 2478 3366 2548 φύσεως
3406 2473 3672 2542 γενόμενα

2093 2577 2196 2632 κᾶν
2228 2577 2514 2631 ἀναλύσειε
2553 2594 2659 2641 τις,
2697 2576 2760 2628 τὰ
2789 2575 2844 2628 δὲ
2871 2574 2976 2628 ὑπὸ
3001 2571 3094 2626 τοῦ
3121 2569 3540 2643 προστάγματος
3574 2563 3672 2618 αὖ·

2091 2670 2208 2736 τοῦ,
2241 2670 2449 2724 οὐκέτι.
2485 2669 2650 2723 Οὐδὲν
2679 2667 2884 2738 ταύτης
2914 2663 3326 2737 μακαριώτερον
3351 2660 3450 2730 τῆς
3470 2657 3671 2728 ταφῆς.

2094 2763 2178 2831 ἐφ’
2215 2757 2248 2835 ᾗ
2299 2763 2502 2825 πάντες
2536 2761 2808 2833 χαίρουσι,
2865 2759 2957 2812 καὶ
2981 2755 3202 2826 ἄγγελοι
3257 2753 3350 2808 καὶ⁵
3396 2750 3673 2822 ἄνθρωποι

2091 2855 2186 2908 καὶ
2207 2857 2233 2908 ὁ
2248 2855 2355 2908 τῶν
2382 2855 2630 2923 ἀγγέλων
2645 2853 2920 2924 Δεσπότης
2941 2865 2956 2882 ⁸
2987 2848 3160 2924 ταύτῃ
3175 2850 3242 2920 τῇ
3263 2848 3406 2918 ταφῇ
3424 2843 3522 2914 οὐχ
3546 2843 3673 2912 ίμα-

2091 2947 2243 3013 τίωνν
2279 2947 2338 3001 οὐ
2371 2947 2662 3020 λάρνακος,
2700 2945 2800 3000 οὐκ
2841 2945 3002 3000 ἄλλου
3034 2943 3140 2997 τῶν
3169 2939 3431 2996 τοιούτων
3463 2935 3675 2996 οὐδενὸς

2093 3038 2272 3114 χρεία.
2303 3039 2491 3093 Βούλει
2519 3039 2582 3093 τδ
2610 3038 2876 3110 σύμδολον
2907 3036 3034 3090 ἰδεῖν
3057 3054 3073 3102 ;
3105 3033 3272 3098 Δείξω
3297 3048 3379 3084 σοι
3407 3025 3679 3098 κολυμϐή-

2095 3135 2256 3205 θραν,
2287 3135 2344 3186 ἐν
2437 3133 2465 3184 6
2499 3129 2598 3201 μὲν
2627 3130 2825 3199 ἐτάφη,
2843 3117 2873 3183 ¹ό
2899 3129 2956 3182 δὲ
2985 3126 3182 3197 ἀνέστη
3203 3141 3218 3158 ⁸
3255 3126 3312 3178 ἐν
3337 3125 3406 3194 τῇ
3438 3117 3677 3192 Ἐρυθρᾷ

2096 3226 2342 3296 Θαλάσσῃ
2397 3222 2905 3292 κατεποντίσθησαν
2969 3219 3289 3289 Αἰγύπτιοι,
3339 3214 3571 3286 ἀνῆλθον
3617 3212 3676 3264 δὲ

2107 3319 2438 3390 Ἰσραηλῖται
2469 3334 2482 3348 ’
2521 3316 2616 3370 καὶ
2643 3315 2704 3368 τὸ
2733 3314 2867 3368 αὐτὸ
2912 3315 3146 3386 πρᾶγμα
3176 3309 3268 3364 τὸν
3301 3307 3398 3382 μὲν
3441 3306 3676 3370 θάπτει,

2093 3411 2184 3465 τὸν
2214 3410 2270 3463 δὲ
2297 3411 2485 3481 γεννᾷ.

2163 3507 2238 3570 γ’,
2269 3502 2360 3572 Μὴ
2391 3499 2700 3572 θαυμάσῃς,
2732 3497 2780 3552 εἰ
2809 3495 3021 3565 γένεσις
3059 3496 3152 3550 καὶ
3187 3492 3362 3567 φθορά
3382 3492 3590 3562 γίνεται
3620 3489 3682 3543 ἐν

2093 3592 2172 3662 τῷ
2198 3591 2556 3662 βαπτίσματν
2592 3591 2734 3656 ἐπεὶ,
2761 3588 2882 3644 εἰπέ
2921 3605 3033 3660 μοι,
3065 3588 3126 3641 τδ
3156 3586 3304 3640 λύειν
3341 3585 3418 3656 τῷ
3449 3583 3677 3654 συγκολ-

2095 3684 2193 3756 λᾷν
2219 3685 2319 3738 οὐκ
2351 3681 2631 3749 ἐναντίως
2665 3681 2838 3736 Παντί
2869 3697 2971 3734 που
3014 3679 3191 3751 δῆλον.
3237 3676 3412 3731 Τοῦτο
3457 3677 3518 3729 τὸ
3565 3671 3678 3745 πῦρ

2097 3779 2274 3832 ποιεῖ’
2316 3776 2486 3848 κηρὸν
2523 3776 2619 3847 μὲν
2648 3775 2758 3846 γὰρ
2785 3773 2990 3828 διαλύει
3029 3773 3123 3827 καὶ
3165 3770 3450 3834 ἀπόλλυσι,
3479 3767 3583 3838 γῆν
3620 3767 3679 3820 δὲ

2101 3869 2429 3941 μεταλλικὴν
2475 3867 2748 3940 συγκολλᾷ
2793 3867 2886 3921 καὶ
2931 3865 3134 3938 χρυσὸν
3167 3862 3480 3936 ἐργάζεται.
3521 3859 3681 3914 υῦτω

2095 3963 2160 4034 δὴ
2195 3963 2289 4017 καὶ
2333 3961 2590 4026 ἐνταῦθα,
2630 3961 2721 4015 τὸν
2771 3961 2994 4032 κήρινον
3033 3959 3326 4029 ἀνδριάντα
3366 3955 3679 4036 ἀφανίσασα

2099 4059 2132 4126 ὴ
2173 4056 2267 4109 τοῦ
2298 4055 2470 4127 πυρὸς
2511 4054 2762 4126 δύναμις,
2797 4051 2968 4118 ἔδειξε
2995 4051 3234 4124 χρυσοῦν
3280 4049 3395 4106 ἀντ’
3432 4048 3640 4104 ἐκείνου
3663 4065 3676 4076 ·

2101 4150 2312 4221 πήλινοι
2343 4151 2452 4220 γάρ
2477 4149 2646 4212 ὅντως
2679 4143 2824 4220 ἦμεν
2850 4145 2956 4218 πρὸ
2983 4145 3078 4198 τοῦ
3106 4141 3359 4217 λουτροῦ,
3394 4143 3591 4214 χρυσοῖ
3623 4140 3680 4193 δὲ

2104 4243 2241 4314 μετὰ
2266 4243 2446 4296 τοῦτο.
2479 4240 2650 4294 Πόθεν
2682 4240 2876 4310 δῆλονς
2913 4239 3180 4291 ’Ἄκουσον
3210 4233 3375 4290 αὑτοῦ
3399 4235 3677 4302 λέγοντος·

2111 4335 2176 4390 '0
2205 4333 2434 4403 πρῶτος
2459 4333 2773 4401 ἅνθρωπος
2811 4332 2880 4385 ἐκ
2925 4329 3031 4400 τῆς
3079 4327 3306 4397 χοϊκός,
3341 4330 3373 4380 ό
3403 4326 3683 4392 δεύτερος

2101 4427 2412 4495 ἄνθρωπος
2456 4423 2736 4493 οὐράνιος
2777 4422 2845 4486 ἐξ
2891 4419 3175 4488 οὐρανοῦ.
3239 4417 3380 4488 Ἐγὼ
3429 4419 3526 4488 μὲν
3558 4418 3683 4471 ὅσον

2103 4516 2328 4588 πηλίνου
2361 4515 2496 4586 πρὸς
2528 4514 2734 4584 χρυσὸν
2757 4511 2818 4565 τδ
2851 4509 3016 4582 μέσον
3049 4505 3225 4576 εἶπον,
3269 4503 3430 4581 εὗρον
3468 4508 3524 4562 δὲ
3563 4508 3686 4579 μεί-

2103 4609 2232 4674 ζονα
2259 4606 2523 4677 διαφορὰν
2555 4604 2806 4676 οὐρανίου
2833 4605 2928 4658 καὶ
2949 4605 3140 4676 γηῖνου
3159 4622 3174 4637 ο
3203 4605 3264 4658 οὺ
3291 4601 3544 4658 τοσοῦτον
3576 4601 3632 4653 δὲ
3655 4613 3682 4639 ιι

2103 4701 2328 4773 πηλίνου
2355 4706 2448 4753 καὶ
2497 4697 2701 4771 χρυσοῦ
2735 4698 2794 4752 τὸ
2825 4697 3012 4768 μέσον,
3053 4699 3176 4752 ὅσον
3218 4697 3326 4752 τῶν
3359 4697 3566 4766 γηῖνων
3591 4695 3686 4745 καὶ

2101 4795 2212 4850 τῶν
2238 4792 2528 4863 οὐρανίων.
2561 4791 2794 4862 Κήρινοι
2833 4785 3000 4860 ἦμεν,
3049 4791 3144 4843 καὶ
3177 4788 3419 4861 πήλινοι·
3452 4787 3548 4841 καὶ
3575 4787 3686 4855 γὰρ

2103 4895 2138 4964 ἡ
2163 4893 2261 4962 τῆς
2303 4887 2596 4956 ἐπιθυμίας
2647 4887 2792 4956 ἡμᾶς
2824 4881 2980 4952 ἐτηξε
3034 4883 3168 4954 φλὸξ
3209 4883 3386 4953 πολλῷ
3423 4882 3622 4952 μᾶλλον
3648 4881 3684 4951 ἢ

2103 4985 2191 5039 τὸν
2223 4981 2392 5052 κηρὸν
2421 4980 2482 5033 τὸ
2519 4979 2660 5048 πῦρ’
2692 4979 2786 5032 καὶ
2823 4979 2850 5032 6
2875 4975 3054 5047 τυχὼν
3086 4978 3234 5048 ἡμᾶς
3282 4975 3517 5028 συνέκλα
3563 4989 3685 5025 πει-

2108 5078 2312 5150 ρασμὸς
2347 5072 2526 5144 πολλῷ
2557 5071 2754 5143 μᾶλλον
2786 5071 2818 5140 ἢ
2847 5070 2972 5133 τοὺς
3013 5068 3268 5137 πηλίνους
3297 5069 3325 5122 6
3351 5065 3518 5129 λίθος.
3551 5065 3682 5125 Καὶ,

2104 5171 2153 5222 εἰ
2176 5167 2448 5240 βούλεσθε,
2484 5162 2891 5235 ὑπογράψωμεν
2932 5161 3026 5214 τὸν
3057 5161 3321 5230 πρότερον
3349 5157 3486 5228 βίον,
3527 5157 3575 5208 εί
3605 5157 3684 5226 μὴ

2105 5263 2289 5318 πάντα
2316 5257 2384 5332 ἦν
2415 5261 2486 5330 γῆ
2517 5257 2612 5310 καὶ
2659 5255 2824 5325 ὕδωρ,
2873 5255 2970 5307 καὶ
3018 5251 3081 5305 τὸ
3129 5252 3446 5322 εὑρίπιστον
3489 5249 3684 5319 ἔχοντα

2106 5357 2202 5411 καὶ
2228 5355 2320 5409 τὸν
2354 5351 2629 5424 κονιορτὸν
2660 5350 2752 5402 καὶ
2781 5349 2841 5401 τὺ
2872 5347 3103 5401 ἄστατον
3131 5347 3223 5399 καὶ
3243 5343 3513 5416 διαρρέον.
3549 5342 3680 5402 Καὶ,

2105 5454 2155 5504 εἰ
2195 5445 2470 5521 βούλεσθε,
2508 5444 2583 5513 μὴ
2619 5441 2687 5495 τΞι
2721 5439 2982 5511 πρότερα,
3027 5437 3162 5493 ἀλλὰ
3205 5437 3273 5492 τὰ
3307 5437 3549 5508 παρόντα
3591 5436 3684 5498 ἐξ-

2106 5544 2412 5610 ετάσωμεν,
2431 5540 2479 5592 εἰ
2502 5535 2578 5608 μὴ
2597 5533 2870 5606 κονιορτὸν
2893 5536 2986 5588 καὶ
3009 5532 3152 5604 ὕδωρ
3179 5533 3482 5604 εὑρήσομεν
3508 5531 3685 5586 πάντα

2175 5743 2190 5765 ⁸
2216 5743 2351 5805 Lego
2376 5740 2430 5790 οὗ
2449 5735 2677 5788 τοσοῦτον
2699 5736 2803 5800 γάρ.
