4140 6530
455 528 561 585 545

454 652 573 698 sunt
603 640 773 695 omnia
813 639 863 692 in
895 637 1099 691 interitu
1143 635 1252 704 ipso
1284 650 1376 686 usu
1414 627 1689 685 secundum
1724 629 1974 695 prtrcepta
2004 627 2051 671 et

453 735 715 789 doctrinas
744 732 1024 786 hominum.

527 828 583 882 2.
618 826 730 883 Non
759 825 911 888 estis,
946 822 1135 891 inqttit,
1167 823 1219 874 in
1254 818 1455 874 mundo
1487 836 1500 871 :
1530 812 1801 887 quomodo
1830 809 2051 879 subjici-

456 918 586 973 mini
615 917 938 972 elementis?
966 913 1234 985 quomodo
1256 913 1532 966 hominum
1561 902 2054 963 observationibus?

459 1014 526 1067 Et
555 1011 676 1066 vide
704 1026 861 1080 quam
897 1010 1017 1063 illos
1046 1006 1351 1062 ludiﬁcetur
1386 1023 1398 1059 :
1432 1003 1508 1058 Nc
1538 1011 1745 1071 tangas,
1772 998 1962 1067 inquit,
1988 1010 2056 1050 nc

456 1113 801 1167 contrectes,
839 1118 906 1157 ne
946 1112 1163 1172 gustes;
1195 1100 1344 1170 quasi
1391 1097 1464 1150 illi
1498 1094 1815 1165 quibusdam
1848 1090 2054 1161 magnis

456 1198 810 1251 abstinerent.
870 1194 998 1260 Qua:
1045 1204 1161 1247 sunt
1205 1193 1376 1247 omnia
1426 1192 1477 1243 in
1522 1189 1728 1242 interitu
1779 1188 1889 1255 ipso
1937 1200 2050 1236 usu.

457 1290 747 1343 Multorum
780 1288 974 1357 deiecit
1002 1297 1289 1347 tumorem,
1323 1293 1377 1339 et
1403 1282 1676 1351 snhjnnxit
1712 1299 1725 1334 :
1759 1276 2053 1339 Secundum

457 1392 711 1453 pmcepta
754 1392 799 1435 et
844 1381 1101 1435 doctrinas
1147 1380 1426 1433 hominum.
1459 1375 1595 1442 Quid
1637 1374 1814 1429 dicis?
1843 1370 2051 1427 etiamsi

458 1477 631 1547 legem
655 1475 825 1541 dicas,
848 1488 911 1529 ea
937 1473 1046 1541 jam
1077 1481 1159 1527 est
1184 1471 1425 1525 doctrina
1456 1469 1732 1524 hominum
1766 1477 1881 1536 post
1912 1474 2052 1519 tem-

455 1584 574 1638 pus.
606 1568 713 1621 Ant
744 1566 812 1619 ita
843 1565 1009 1629 dixit,
1041 1564 1162 1635 quia
1191 1579 1309 1618 eam
1339 1561 1713 1617 adulterabant
1752 1574 1816 1614 ac
1851 1558 2048 1627 depra-

454 1661 689 1725 vztbant;
717 1667 809 1712 aut
834 1658 992 1713 tacite
1017 1657 1283 1725 signiﬁcat
1312 1672 1374 1711 ea
1406 1672 1525 1725 quae
1554 1664 1677 1709 sunt
1708 1653 2043 1709 Graecorum.

456 1752 670 1817 Totum,
690 1751 976 1822 inquit,est
998 1750 1188 1820 dogma
1212 1765 1303 1804 seu
1329 1749 1603 1802 decretum
1628 1747 1937 1799 humanum.
1956 1744 2047 1798 9.3.

460 1846 588 1912 Qua:
607 1853 725 1899 sunt
746 1844 991 1897 rationem
1020 1842 1222 1913 quidem
1252 1841 1487 1901 habentia
1513 1840 1775 1911 sapientia:
1794 1841 1844 1891 iu
1866 1854 2049 1907 super-

456 1938 656 1991 stitione
684 1946 731 1989 et
757 1935 1058 1995 humilitate,
1088 1942 1134 1988 et
1162 1950 1260 1987 non
1287 1933 1356 1986 ad
1382 1934 1688 2003 parcendum
1713 1931 1935 2000 corpori,
1962 1946 2052 1983 nec

459 2030 512 2083 in
546 2028 728 2082 honore
751 2027 974 2098 quodam
998 2027 1068 2080 ad
1091 2026 1408 2079 saturitatem
1435 2025 1621 2078 carnis.
1649 2024 1938 2086 Rationem,
1966 2023 2053 2076 itt-

462 2124 594 2190 qnit,
614 2138 713 2177 non
735 2122 839 2176 vim
859 2138 874 2188 ;
894 2136 1023 2191 ergo
1046 2136 1145 2176 nec
1169 2120 1466 2175 veritatem.
1486 2117 1845 2187 Quamobrem
1871 2117 2053 2171 etiam-

458 2218 502 2269 si
522 2216 778 2270 rationem
801 2214 1002 2269 habeas
1023 2214 1320 2284 sapientiae,
1336 2227 1668 2267 aversamur.
1685 2211 1815 2266 Nam
1844 2210 2054 2266 videtur

453 2308 648 2379 aliquis
667 2324 786 2363 esse
809 2309 925 2379 pius
946 2318 997 2361 et
1019 2307 1315 2373 modestus,
1334 2316 1386 2362 ct
1403 2321 1598 2376 corpus
1622 2305 1928 2374 chpicere;
1955 2320 2052 2359 ne-

451 2419 557 2473 que
586 2412 765 2457 tamen
792 2403 910 2457 talis
931 2410 1030 2456 est.
1053 2401 1171 2455 Non
1190 2402 1241 2453 in
1261 2401 1451 2455 honore
1466 2401 1635 2471 aliquo
1652 2400 1719 2452 ad
1736 2399 2053 2453 saturitate»:

450 2498 639 2549 curuis.
666 2495 806 2550 Deus
837 2495 979 2550 enim
1006 2494 1154 2549 dedit
1180 2494 1473 2557 honorem;
1508 2492 1608 2563 ipsi
1637 2502 1816 2547 autem
1841 2507 1945 2545 non
1972 2492 2050 2545 nsi

452 2597 578 2642 sunt
615 2603 737 2643 cum
783 2586 1007 2643 honore.
1042 2588 1131 2642 Sic
1172 2586 1388 2657 quando
1418 2586 1576 2641 fuerit
1603 2585 1797 2656 dogma
1828 2601 1921 2640 seu
1953 2584 2053 2639 dc-

450 2688 680 2745 rretum,
716 2680 768 2733 id
806 2680 906 2736 scit
938 2696 1132 2735 vocare
1162 2680 1441 2734 honorem.
1489 2679 1761 2734 Dedecore
1784 2722 1798 2743 ,
1846 2679 2048 2749 inquit,

451 2773 693 2827 afﬁciunt
745 2788 961 2827 carnem
984 2817 997 2834 ,
1030 2790 1149 2827 eam
1183 2774 1455 2843 privantes
1483 2782 1537 2827 et
1569 2781 1884 2842 potestatem
1929 2772 2049 2826 adi-

454 2875 698 2929 uu-ntes;
735 2881 839 2920 non
885 2867 1198 2934 permittens
1240 2877 1297 2920 ut
1349 2865 1662 2919 voluntaria:
1707 2864 2050 2919 dominetur:

458 2960 598 3014 licus
636 2975 851 3014 carnem
910 2960 1209 3015 honoravit.
1263 2959 1413 3029 (Cap.
1445 2953 1523 3024 ὅ.)
1548 2959 1598 3013 l.
1628 2957 1829 3031 Igitur,
1858 2959 1903 3013 si
1929 2975 2055 3012 con-

451 3053 743 3108 surrexistis
774 3069 891 3106 cum
917 3051 1144 3117 Christo,
1171 3069 1285 3122 quae
1310 3069 1513 3107 sursum
1541 3064 1659 3107 sunt
1685 3055 1913 3123 qmerite.
1947 3053 2058 3109 Eos

456 3144 729 3209 conciliat,
758 3159 881 3198 cum
905 3145 1153 3213 superius
1182 3144 1461 3213 probasset
1478 3160 1602 3199 eum
1622 3160 1743 3200 esse
1764 3156 2054 3200 mortuum.

459 3239 747 3307 PrOptcrea
774 3237 903 3292 dicit
938 3255 951 3290 :
986 3237 1170 3309 lgitttr,
1197 3238 1242 3291 si
1268 3240 1663 3293 consurrexistis
1688 3256 1804 3293 cum
1832 3238 2054 3305 Christo,

456 3349 571 3403 qua:
614 3349 816 3387 sursum
859 3342 976 3387 sunt
1020 3336 1248 3404 quwrt'te.
1298 3333 1412 3388 Non
1455 3343 1539 3390 est
1581 3335 1687 3390 illic
1730 3337 2057 3391 observatio.

465 3425 594 3489 Qua:
627 3441 827 3478 sursum
868 3435 985 3479 sunt
1016 3425 1257 3495 qttterite,
1297 3424 1383 3478 ubi
1409 3424 1642 3481 Christus
1669 3436 1740 3481 est
1771 3428 1823 3481 in
1852 3429 2063 3482 dextera

469 3517 562 3569 Dei
602 3516 802 3571 sedens.
850 3517 1009 3586 Papa:
1048 3518 1061 3571 l
1106 3533 1213 3587 quo
1259 3526 1494 3572 mentem
1543 3529 1780 3573 nostram
1831 3520 2062 3575 evexit?

461 3612 733 3681 quomodo
762 3626 860 3665 eos
899 3626 1095 3682 tnagno
1128 3611 1372 3682 implevit
1399 3611 1587 3681 spiritu
1612 3614 1624 3666 l
1654 3611 1770 3667 Non
1798 3614 1929 3668 satis
1959 3613 2061 3667 lta-

464 3702 577 3756 bttit
622 3703 824 3757 dixisse
866 3719 988 3773 qua:
1031 3718 1243 3758 sursum
1274 3714 1431 3770 snttt,
1479 3720 1653 3776 neque
1681 3706 1771 3760 ubi
1812 3705 2063 3762 Christus

460 3809 575 3863 est;
606 3798 699 3852 sed
731 3797 893 3869 quid?
926 3796 986 3851 In
1008 3798 1214 3853 dextera
1245 3797 1342 3851 Dei
1371 3799 1568 3853 sedens.
1605 3800 1751 3854 llline
1776 3800 1843 3855 dc
1863 3810 2065 3856 ett-tero

462 3892 641 3947 cﬁ‘ecit
683 3900 740 3947 ut
786 3893 839 3947 in
874 3901 1071 3946 terram
1116 3909 1221 3947 non
1273 3894 1589 3964 aspiciatur.
1618 3894 1672 3948 Ξ.
1706 3895 1834 3962 Qua:
1860 3913 2064 3951 sursum

463 3997 580 4040 sunt
623 3987 805 4056 sapite,
854 4004 953 4041 non
993 4003 1105 4057 qua:
1135 4004 1288 4055 super
1333 3998 1518 4042 terram
1553 4006 1572 4043 :
1604 3990 1655 4044 5.
1703 3991 1890 4044 mortui
1933 3992 2067 4044 enim

465 4082 583 4135 estis
604 4120 620 4145 ,
653 4091 699 4135 et
726 4081 826 4135 vita
857 4092 1021 4135 vestra
1047 4082 1344 4136 abscondita
1380 4093 1452 4136 est
1477 4099 1593 4137 cum
1625 4082 1823 4139 Christo
1850 4086 1902 4139 iu
1930 4084 2064 4141 Deo.

466 4173 518 4227 4.
561 4174 689 4229 Cum
718 4185 883 4229 autem
922 4174 1153 4229 Christus
1178 4178 1496 4246 apparuerit,
1522 4177 1625 4230 vita
1656 4190 1839 4241 vestra,
1874 4188 1993 4233 tunc
2020 4188 2067 4233 et

466 4281 552 4320 vos
578 4266 891 4338 apparebitis
920 4284 1032 4320 cum
1060 4267 1170 4337 ipso
1200 4267 1252 4320 in
1293 4268 1477 4338 gloria.
1514 4266 1629 4321 Vita
1651 4309 1666 4333 ,
1711 4269 1915 4338 inquit,
1953 4269 2069 4325 lucc

468 4368 676 4415 nonest
708 4371 922 4427 vestra;
948 4369 1031 4415 est
1061 4359 1306 4430 qumdam
1335 4361 1435 4414 alia
1469 4362 1574 4415 vita
1605 4370 1802 4416 vestra.
1830 4361 1947 4417 Jam
1974 4379 2065 4416 ur-

466 4463 556 4523 get
584 4462 643 4508 ut
670 4468 763 4508 eos
790 4451 1109 4519 transferat,
1138 4463 1193 4508 et
1220 4454 1498 4509 contendit
1537 4454 1825 4509 ostendere
1851 4471 1946 4509 eos
1976 4471 2065 4509 se—

467 4548 598 4601 dere
628 4561 896 4616 superne,
930 4547 1141 4602 etiamsi
1173 4546 1280 4603 sint
1308 4549 1501 4603 mortui
1522 4591 1537 4612 ,
1568 4564 1634 4603 ex
1669 4550 1912 4618 utrisque
1944 4566 2067 4618 pro-

470 4640 603 4693 bans
652 4654 759 4693 non
804 4653 927 4694 esse
971 4640 1260 4709 quaerenda
1293 4657 1413 4711 quae
1460 4642 1547 4697 hic
1592 4652 1739 4697 sunt.
1770 4643 1901 4697 Nam
1950 4645 2070 4699 sive

469 4730 667 4787 mortui
720 4733 873 4796 estis,
924 4749 1030 4787 non
1074 4734 1282 4790 debetis
1334 4752 1610 4804 quaerere;
1666 4738 1780 4793 sive
1839 4753 2071 4808 superne

469 4824 622 4891 estis,
652 4839 757 4880 non
787 4825 997 4880 debetis
1025 4842 1293 4897 qurcrcre.
1328 4827 1509 4899 Neque
1534 4840 1756 4899 apparet
1784 4832 2067 4898 Chrisms;

468 4932 599 4988 ergo
644 4933 817 4990 neque
862 4919 969 4974 vita
1023 4930 1199 4974 vestra
1232 4936 1244 4973 :
1280 4920 1331 4974 in
1366 4921 1476 4977 Deo
1516 4932 1600 4975 est
1635 4923 1775 4990 apud
1823 4941 2069 4994 superos.

474 5011 610 5078 Quid
656 5013 826 5083 ergo?
872 5013 1089 5084 quando
1120 5014 1401 5069 vivemus?
1439 5016 1574 5070 Cum
1604 5017 1852 5073 Chrisms
1909 5037 2073 5089 appa-

473 5106 664 5172 ruerit,
689 5106 797 5161 vita
825 5118 1026 5173 vestra,
1053 5116 1179 5162 tunc
1205 5107 1431 5178 gloriam
1459 5110 1704 5177 quaerite,
1730 5120 1856 5165 tunc
1882 5114 2070 5176 vitam,

474 5209 598 5255 tunc
619 5201 863 5256 delicias.
895 5201 1019 5256 flare
1045 5210 1171 5256 sunt
1199 5202 1392 5272 quibus
1420 5202 1522 5258 iter
1551 5206 1719 5258 munit
1740 5244 1754 5271 ,
1788 5215 1842 5261 ut
1863 5222 1958 5262 cos
1980 5209 2075 5263 ab-

472 5294 635 5347 ducat
658 5307 688 5346 a
720 5292 929 5347 deliciis
955 5294 1176 5363 otioque
1204 5302 1258 5348 et
1288 5294 1493 5364 requie.
1527 5294 1621 5349 ilic
1649 5305 1733 5350 est
1759 5313 1875 5353 mos
1912 5300 2029 5367 ejus
2055 5341 2069 5365 ,

474 5395 529 5437 ιιι
550 5384 651 5437 alia
688 5385 919 5453 probans
946 5394 1001 5440 et
1029 5386 1393 5449 confirmans,
1433 5386 1499 5441 ad
1539 5387 1641 5443 alia
1675 5391 1942 5447 transiliat
1971 5410 1985 5447 :
2015 5403 2073 5447 ut

479 5474 546 5531 de
576 5476 641 5530 iis
670 5475 896 5546 loquens
921 5478 1009 5547 qui
1038 5492 1247 5534 coenam
1289 5480 1673 5550 anticipabant,
1718 5493 1939 5553 repente
1978 5485 2073 5541 de-

477 5567 658 5636 lapsus
687 5578 771 5623 est
805 5568 871 5621 ad
899 5570 1330 5627 observationem
1376 5574 1780 5645 mysteriorum.
1819 5577 2069 5649 Magnum

471 5660 616 5714 enim
643 5658 916 5731 quidpiam
960 5662 1346 5731 reprehensio,
1380 5680 1502 5720 cum
1543 5666 1675 5721 facta
1721 5666 1887 5723 fuerit
1934 5670 2069 5727 citra

473 5752 860 5822 suspicionem.
910 5752 1218 5806 Abscondita
1262 5765 1355 5822 est,
1400 5756 1593 5827 inquit,
1635 5773 1665 5811 a
1712 5758 1883 5814 vobis.
1924 5759 2069 5815 Tunc

472 5859 558 5897 vos
583 5859 779 5914 quoque
804 5859 917 5896 cum
947 5860 1003 5899 eo
1029 5845 1357 5915 apparebitis.
1390 5848 1749 5916 Quamobrem
1782 5868 1923 5909 nunc
1958 5871 2064 5910 non

472 5936 763 6004 apparetis.
796 5934 930 5991 Vide
961 5938 1234 6007 quomodo
1261 5952 1359 5994 eos
1390 5941 1639 5996 transfert
1672 5944 1722 5997 in
1751 5944 1922 6013 ipsum
1955 5962 2065 6002 ete-

474 6028 600 6083 lunt.
629 6027 759 6085 Nam
794 6029 931 6086 sicut
954 6030 1081 6097 disi,
1118 6046 1331 6103 semper
1357 6035 1633 6090 contendit
1659 6038 1944 6096 ostendere
1970 6057 2066 6098 eos

1321 516 1386 572 IN
1427 511 1640 570 EPIS’l‘.
1682 510 1773 565 AD
1812 502 2089 562 (IOLOSS.
2133 500 2287 558 CAP.
2332 500 2418 558 lll.
2462 504 2693 561 llOMIL.
2742 504 2852 559 Vll.

3655 511 3757 567 δισ

2163 616 2352 673 eadem
2386 620 2582 678 habere
2609 642 2727 695 qua:
2756 623 3035 689 Christus;
3067 637 3119 681 et
3150 644 3243 695 rer
3266 646 3450 685 ontncs
3487 648 3611 686 snas
3638 637 3759 704 epi-

2161 719 2329 773 5to|as
2352 718 2453 772 hoc
2480 726 2605 788 agit,
2633 728 2689 773 ιιι
2711 720 2960 775 ostendat
2982 738 3075 775 eos
3104 725 3417 779 societatem
3440 737 3492 779 et
3515 743 3757 781 commu-

2162 792 2376 868 nionem
2407 829 2526 866 cum
2555 828 2619 865 eo
2649 813 2846 869 habere
2874 815 2925 867 in
2959 815 3228 869 omnibus.
3263 815 3554 887 Propterea
3579 829 3632 873 et
3667 836 3758 872 ea-

2160 915 2252 977 put
2284 906 2413 960 dicit
2443 913 2498 961 et
2542 921 2766 975 corpus,
2802 917 2853 961 et
2885 906 3063 963 omnia
3108 908 3252 977 facit,
3303 921 3360 965 ut
3412 911 3511 966 hoc
3554 928 3753 982 repue—

2158 1008 2337 1054 sentct
2378 1009 2430 1053 et
2476 999 2749 1054 exhibeat.
2795 997 2850 1054 Si
2897 1015 3027 1071 ergo
3073 1011 3198 1057 tunc
3242 1004 3654 1072 apparebimns.
3690 1023 3755 1059 ne

2158 1092 2438 1147 doleamus
2465 1092 2679 1163 quando
2712 1093 2971 1147 honorem
3015 1109 3118 1147 non
3149 1098 3483 1166 asseqnimnr
3517 1116 3530 1151 :
3567 1100 3610 1153 si
3644 1100 3756 1153 luce

2158 1186 2261 1239 vita
2290 1201 2395 1240 non
2425 1194 2506 1239 est
2532 1188 2659 1251 vita,
2686 1186 2779 1240 sed
2814 1195 2896 1240 est
2925 1186 3185 1242 absconsa
3207 1231 3222 1255 ,
3258 1200 3527 1260 tamquam
3560 1202 3755 1246 mortui

2160 1279 2419 1334 debemus
2449 1282 2585 1335 hanc
2617 1282 2778 1333 vitam
2810 1280 3010 1335 vivere.
3044 1280 3186 1335 Tum:
3213 1292 3260 1336 et
3287 1300 3390 1347 ros,
3421 1285 3611 1355 inquit,
3642 1303 3755 1339 cum

2156 1374 2269 1445 ipso
2295 1374 2604 1445 apparebitis
2635 1376 2687 1428 in
2716 1376 2903 1446 gloria.
2939 1375 3006 1429 In
3035 1375 3202 1447 gloria
3234 1377 3368 1432 dixit
3397 1393 3501 1432 non
3534 1380 3629 1434 alis
3658 1396 3716 1434 rc
3742 1424 3756 1445 ,

2158 1483 2259 1523 nec
2301 1467 2716 1522 inconsiderate.
2754 1468 2884 1521 Nam
2917 1481 2970 1523 et
2997 1470 3285 1540 margarita
3334 1482 3415 1526 est
3444 1471 3710 1527 absennsa
3742 1518 3754 1539 ,

2157 1558 2411 1629 quamdiu
2452 1558 2614 1614 fuerit
2653 1560 2703 1613 in
2732 1569 2930 1615 ostreo.
2963 1560 3088 1616 Sive
3131 1578 3261 1634 ergo
3287 1565 3609 1618 contumelia
3640 1565 3748 1620 afﬁ-

2156 1652 2383 1714 ciamur,
2428 1668 2495 1706 ne
2535 1651 2850 1720 doleamus;
2895 1654 3011 1709 sive
3051 1655 3277 1723 quodvis
3308 1660 3614 1726 patiamur:
3648 1678 3751 1713 non

2156 1755 2239 1799 est
2264 1746 2406 1800 enim
2437 1756 2620 1801 nostra
2650 1750 2752 1802 vita
2783 1747 2899 1802 lucc
2930 1747 3039 1802 vita
3075 1768 3088 1804 :
3127 1749 3365 1820 hospites
3394 1755 3537 1806 enim
3568 1762 3621 1806 et
3652 1768 3749 1823 pe-

2158 1839 2354 1908 regrini
2386 1854 2615 1904 sumus;
2646 1838 3022 1907 Mortuienim,
3058 1842 3262 1913 inquit,
3291 1844 3428 1897 estis.
3460 1844 3589 1911 Quis
3619 1846 3753 1899 adeo

2158 1930 2352 2000 desipit
2384 1940 2440 1985 ut
2481 1942 2696 1987 mortuo
2726 1932 2943 2003 corpori
2984 1935 3196 2004 sepulto
3224 1944 3319 1990 aut
3359 1951 3545 1991 servos
3570 1948 3712 1992 emat
3739 1982 3752 2001 ,

2160 2034 2251 2078 aut
2284 2025 2474 2080 domos
2503 2026 2731 2081 :ediﬁect
2753 2068 2768 2094 ,
2799 2038 2889 2083 attt
2920 2029 3185 2099 pretiosas
3217 2041 3395 2085 vestes
3439 2037 3757 2101 comparet?

2160 2118 2366 2174 Nullus.
2411 2119 2520 2175 Nec
2552 2135 2651 2175 nos
2680 2137 2808 2191 ergo
2834 2138 2847 2185 ;
2878 2121 2971 2177 sed
3001 2124 3139 2179 sicut
3166 2139 3328 2177 unum
3360 2123 3535 2179 solum
3566 2127 3757 2195 quaeri-

2161 2228 2296 2278 mus,
2335 2229 2400 2267 ne
2432 2214 2605 2267 simus
2634 2214 2818 2268 nudati
2852 2232 2866 2268 :
2900 2214 2969 2268 ita
3000 2215 3085 2270 ltie
3112 2230 3328 2287 quoque
3355 2232 3520 2269 unum
3550 2234 3758 2286 qu:cra-

2158 2321 2299 2361 mus.
2328 2305 2581 2376 Sepultus
2617 2315 2701 2362 est
2741 2315 2926 2362 noster
2954 2308 3159 2377 primus
3186 2308 3372 2374 homo,
3405 2310 3649 2379 sepultus
3678 2324 3759 2365 est

2160 2415 2265 2454 non
2296 2399 2347 2453 in
2379 2407 2541 2461 terra,
2573 2399 2668 2455 sed
2697 2400 2748 2454 in
2791 2417 2965 2470 aqua;
3000 2418 3104 2456 non
3144 2412 3319 2458 morte
3360 2403 3533 2474 ipsum
3567 2404 3759 2458 dissol-

2158 2501 2337 2557 vente,
2369 2492 2463 2547 sed
2484 2507 2552 2547 eo
2578 2493 2665 2562 qui
2690 2503 2916 2547 mortem
2941 2493 3206 2560 dissolvit,
3238 2496 3409 2566 ipsum
3434 2497 3756 2565 scpclienle;

2160 2602 2267 2641 non
2299 2587 2413 2656 lege
2446 2597 2672 2653 naturm,
2711 2587 2805 2641 sed
2834 2588 2988 2656 jussu
3018 2588 3239 2643 fortiore
3272 2606 3432 2660 quam
3474 2591 3543 2645 sit
3568 2600 3621 2644 et
3662 2609 3758 2645 na-

2163 2687 2279 2733 tura
2334 2688 2389 2733 et
2436 2678 2753 2733 dominium.
2786 2678 2919 2734 Nam
2952 2696 3071 2750 qua:
3112 2680 3249 2735 facta
3293 2690 3417 2734 sunt
3462 2697 3492 2734 a
3543 2692 3755 2741 natura.

2160 2772 2470 2828 dissolverit
2491 2772 2651 2827 etiam
2671 2772 2934 2844 quispiam
2958 2790 2973 2836 ;
2998 2790 3116 2843 qua:
3143 2784 3322 2830 autem
3352 2775 3421 2829 ab
3442 2776 3557 2843 ejus
3580 2776 3757 2845 jussu,

2161 2881 2522 2939 nequaquam.
2575 2867 2684 2922 llac
2732 2868 3009 2940 sepultura
3055 2868 3186 2923 nihil
3238 2879 3321 2923 est
3361 2869 3569 2924 beatius
3598 2914 3611 2936 ,
3657 2888 3760 2941 qua

2159 2976 2347 3017 omnes
2390 2962 2658 3026 laetantur,
2690 2971 2745 3016 et
2779 2962 2958 3032 angeli
3004 2970 3061 3017 et
3109 2962 3356 3023 homines
3400 2972 3453 3017 et
3503 2963 3762 3017 Dominus

2161 3054 2477 3125 angelorum
2509 3070 2524 3109 :
2556 3055 2682 3109 huic
2711 3055 3005 3125 sepultura:
3049 3071 3153 3113 non
3186 3071 3319 3125 opus
3360 3064 3444 3110 est
3489 3056 3724 3110 vestibus
3750 3099 3763 3117 .

2163 3166 2269 3205 non
2320 3149 2518 3215 loculo,
2569 3163 2668 3204 nec
2716 3149 2823 3203 ulla
2868 3165 2927 3204 re
2973 3150 3076 3207 alia
3124 3150 3415 3218 ejusmodi.
3459 3150 3551 3206 Vis
3582 3151 3766 3206 videre

2163 3243 2470 3316 symbolum
2500 3258 2595 3297 seu
2637 3242 2895 3314 signum?
2921 3241 3211 3300 Ostendam
3258 3243 3350 3296 tibi
3396 3243 3675 3314 piscinam,
3714 3245 3763 3297 in

2163 3354 2265 3408 qua
2292 3336 2431 3391 alios
2458 3334 2673 3405 quidem
2704 3344 2785 3389 est
2819 3335 3084 3405 sepultus,
3117 3334 3252 3387 alios
3273 3350 3402 3388 vero
3434 3335 3764 3388 resurrexit:

2168 3432 2220 3487 itt
2246 3432 2379 3487 mari
2409 3430 2591 3485 Rubro
2620 3430 2853 3486 demersi
2880 3438 3006 3483 sunt
3034 3427 3297 3501 Egyptii.
3330 3428 3693 3485 ascenderunt
3716 3441 3770 3481 et

2165 3532 2525 3595 pervaserunt
2560 3521 2839 3577 Israelitze.
2874 3522 2983 3576 Res
3010 3521 3199 3577 eadem
3239 3521 3400 3575 alium
3432 3520 3646 3591 quidem
3680 3536 3768 3575 sc-

2166 3617 2317 3687 prlit,
2342 3617 2506 3670 alittm
2533 3630 2660 3670 vero
2691 3624 2931 3685 generat.

2238 3713 2292 3767 5.
2312 3710 2388 3764 Ne
2410 3708 2645 3774 mireris,
2669 3708 2713 3763 si
2738 3717 2888 3762 ortus
2910 3716 2963 3762 et
2989 3707 3238 3762 interitus
3256 3707 3323 3763 sit
3349 3706 3399 3760 itt
3422 3705 3766 3779 baptismate.

2168 3802 2300 3858 Nam
2328 3843 2343 3869 ,
2372 3802 2458 3857 dic
2486 3801 2616 3855 mihi
2643 3843 2658 3867 ,
2701 3800 2915 3856 solvere
2955 3808 3010 3856 et
3039 3800 3412 3870 conglutinare
3443 3815 3621 3855 nonne
3648 3808 3771 3853 sunt

2168 3895 2473 3953 contraria?
2518 3895 2704 3950 Cuivis
2730 3903 2816 3950 est
2846 3894 3213 3965 perspicuum.
3262 3893 3373 3947 llne
3420 3892 3545 3947 facit
3587 3892 3769 3962 ignis:

2171 4006 2295 4044 nam
2323 4003 2503 4044 ceram
2530 3987 2747 4059 quidem
2783 3986 3025 4043 dissolvit
3052 3995 3106 4041 et
3136 3986 3334 4058 perdit,
3372 3995 3568 4041 terram
3596 3996 3770 4040 autem

2170 4082 2491 4137 metallicam
2520 4080 2889 4151 congltttinat,
2935 4090 2986 4134 et
3019 4095 3209 4135 aurum
3245 4079 3389 4133 facit.
3423 4078 3495 4132 lta
3528 4078 3615 4133 hic
3641 4095 3774 4148 quo-

2170 4190 2297 4245 quc,
2330 4188 2539 4229 ceream
2579 4184 2809 4227 statuam
2836 4187 2958 4227 cum
2991 4171 3069 4224 vis
3102 4171 3238 4240 ignis
3266 4170 3549 4234 dcleverit,
3586 4185 3681 4241 pro
3708 4185 3769 4224 ea

2172 4286 2360 4325 aurum
2392 4269 2571 4325 reddit
2604 4287 2617 4323 :
2652 4284 2869 4324 eramus
2899 4268 3044 4323 enim
3088 4266 3248 4337 plane
3291 4265 3419 4321 lutei
3468 4275 3593 4319 ante
3627 4267 3776 4323 lava.

2172 4377 2346 4427 crum,
2390 4361 2538 4415 aurei
2566 4369 2747 4416 autem
2783 4370 2990 4430 postea.
3024 4358 3180 4416 Unde
3211 4358 3313 4413 hoc
3356 4358 3610 4415 constat?
3640 4358 3775 4411 Audi

2174 4455 2348 4526 ipsum
2375 4455 2647 4510 dicentem
2683 4471 2695 4508 :
2737 4453 2943 4508 Primus
2972 4453 3122 4508 homo
3154 4470 3181 4507 e
3211 4462 3367 4518 terra,
3400 4461 3660 4521 terrenus;
3696 4468 3775 4505 se-

2173 4550 2370 4602 cundus
2416 4551 2567 4602 homo
2611 4565 2639 4602 e
2681 4548 2825 4612 cwlo,
2876 4548 3092 4603 twlestis
3138 4546 3213 4615 (l.
3254 4546 3373 4601 Cor.
3404 4546 3492 4601 l5.
3523 4545 3637 4617 47).
3669 4544 3778 4615 Ego

2173 4643 2391 4713 quidem
2424 4641 2534 4696 dixi
2562 4651 2820 4712 quantum
2852 4640 3068 4695 intersit
3097 4640 3239 4695 inter
3265 4639 3435 4693 lutum
3461 4648 3515 4693 ct
3542 4653 3732 4692 aurum
3761 4652 3775 4701 ;

2176 4734 2354 4790 inveni
2385 4744 2566 4789 autem
2596 4734 2858 4804 majorem
2880 4732 3240 4788 diﬁ'erentiam
3268 4730 3501 4785 etelestis
3524 4741 3579 4785 ct
3602 4740 3774 4785 terre-

2177 4831 2229 4884 ni
2259 4847 2271 4882 :
2299 4844 2406 4884 non
2436 4837 2642 4882 tantum
2670 4840 2850 4883 autem
2875 4826 3105 4881 interest
3127 4825 3267 4878 inter
3296 4823 3464 4877 lutum
3488 4832 3537 4876 et
3562 4837 3777 4883 aurum,

2177 4922 2607 4996 quantumioter
2640 4931 2852 4976 terrena
2879 4928 2934 4976 et
2976 4918 3231 4975 cwlestia.
3274 4916 3429 4972 Cerei
3468 4930 3685 4970 eramus
3728 4923 3780 4967 et

2182 5016 2310 5070 lutei
2343 5032 2357 5069 :
2389 5028 2491 5070 nos
2521 5014 2662 5069 enim
2692 5011 2966 5083 liquefecit
3004 5010 3219 5065 ﬂamma
3246 5008 3572 5079 cupiditatis,
3606 5008 3777 5060 multo

2179 5107 2348 5178 magis
2392 5122 2551 5178 quam
2584 5120 2764 5161 ceram
2809 5105 2985 5176 ignis;
3036 5112 3090 5160 et
3131 5106 3333 5174 quaevis
3379 5116 3476 5157 nos
3515 5100 3781 5170 confregit

2181 5200 2423 5265 tentatio,
2461 5200 2628 5255 multo
2650 5199 2819 5271 magis
2841 5214 3001 5270 quam
3025 5198 3201 5254 luteos
3229 5197 3391 5269 lapis.
3416 5197 3500 5259 Et.
3528 5196 3570 5249 si
3592 5195 3777 5261 vultis,

2178 5296 2549 5352 describamus
2574 5295 2739 5349 vitam
2766 5295 3023 5365 priorem,
3056 5301 3115 5347 ut
3142 5291 3421 5348 videamus
3450 5306 3572 5344 nntn
3598 5290 3776 5343 omnia

2178 5399 2361 5445 essent
2394 5399 2533 5444 terra
2564 5396 2619 5445 et
2643 5403 2780 5459 aqua
2807 5430 2822 5455 ,
2851 5397 2907 5444 et
2945 5386 3253 5457 hujusmodi
3295 5396 3353 5441 ut
3394 5387 3563 5443 insmr
3595 5384 3776 5453 Euripi

2180 5483 2408 5538 ﬂuerent
2434 5492 2484 5537 et
2514 5481 2822 5544 retinerent,
2858 5490 3149 5551 essentque
3178 5480 3340 5535 veluti
3376 5478 3548 5550 pulvis
3572 5520 3585 5543 ,
3621 5479 3779 5548 plano

2181 5575 2446 5632 instabilia
2491 5584 2545 5631 et
2589 5573 2902 5629 difﬂuentia.
2958 5572 3045 5637 Et,
3095 5574 3140 5627 si
3191 5565 3370 5635 vultis,
3405 5570 3779 5625 examinetnus

2180 5687 2286 5726 non
2318 5674 2516 5741 priora,
2548 5667 2641 5725 sed
2672 5668 2974 5738 pra'sentia,
3011 5684 3137 5721 tutm
3168 5668 3347 5720 omnia
3391 5666 3558 5721 instar
3588 5666 3782 5736 pulve~

2182 5766 2255 5821 ris
2298 5776 2352 5820 et
2390 5780 2543 5836 aquae
2574 5779 2694 5819 csse
2722 5764 3077 5833 reperiamus.
3109 5763 3248 5831 Quid
3278 5764 3420 5817 enim
3451 5764 3530 5819 vis
3571 5781 3668 5818 nos
3701 5764 3781 5815 «ιι-
3834 5820 3837 5821 ν

2180 5859 2349 5913 cere?
2380 5859 2724 5927 magistratus
2751 5865 2806 5911 et
2838 5854 3215 5925 principatus?
3242 5854 3377 5909 nihil
3410 5855 3550 5910 enim
3580 5856 3632 5908 in
3678 5856 3777 5907 hac

2179 5953 2283 6006 vita
2326 5950 2537 6004 videtur
2567 5963 2689 6004 esse
2722 5949 2891 6018 magis
2923 5947 3312 6002 a'mttlandum.
3353 5946 3458 6003 Sed
3500 5946 3668 6016 magis
3697 5946 3777 5998 in-

2181 6042 2390 6098 veneris
2419 6041 2693 6113 pulverem
2724 6041 2774 6097 in
2803 6056 2927 6096 acre
2958 6049 3188 6096 stantem
3210 6081 3225 6107 ,
3256 6056 3414 6111 quam
3446 6039 3559 6094 inec
3585 6079 3597 6105 ,
3634 6050 3770 6090 nunc
