4140 6488
410 465 510 523 357

401 585 652 639 maxime.
681 582 777 640 Cui
817 563 963 638 enim
1002 596 1109 637 non
1142 588 1267 636 sunt
1294 581 1565 651 subjecti?
1610 580 1680 637 lis
1725 581 1814 651 qui
1845 582 1993 651 ipsos

406 684 606 743 amant,
636 675 929 742 eunuchis,
964 674 1029 730 iis
1057 673 1145 745 qui
1179 673 1419 742 pecunia:
1448 673 1617 743 gratia
1652 672 1854 728 faciunt
1880 688 1996 727 om-

405 773 509 833 nia,
546 769 639 823 ira:
667 767 843 837 populi
870 808 884 833 ,
919 767 1281 836 potentiorum
1333 763 1710 835 indignationi.
1742 764 1843 832 Qui
1877 763 1991 819 heri

404 860 648 916 sublimis
691 862 743 914 in
792 860 1078 922 tribunali,
1128 858 1356 915 habebat
1404 873 1682 930 prmcones
1724 859 1832 912 alta
1863 873 1994 913 voce

403 954 730 1017 clamantes,
776 963 830 1007 ct
875 952 1071 1008 multos
1099 960 1524 1023 pra-currentes,
1556 962 1610 1008 et
1649 953 1702 1007 in
1739 950 1857 1007 foro
1899 967 1994 1007 su-

404 1044 566 1114 perbe
593 1054 647 1100 et
676 1045 909 1116 gloriose
940 1043 1268 1110 incedentes,
1300 1054 1383 1100 cst
1406 1044 1724 1109 hodie'vilis,
1752 1044 1992 1111 humilis,

401 1139 665 1209 ahjectus,
710 1140 779 1195 ab
817 1137 1068 1195 omnibus
1114 1138 1218 1194 illis
1260 1139 1506 1195 desertus
1541 1148 1595 1193 et
1637 1137 1830 1203 nudus,
1862 1147 1994 1193 tam-

403 1246 559 1300 quam
596 1230 769 1300 pulvis
803 1231 1144 1298 eventilatus,
1176 1239 1445 1300 tamquam
1466 1213 1616 1286 unda
1645 1246 1762 1301 qua:
1800 1240 1993 1300 prazle-

401 1321 494 1376 riit
520 1320 624 1393 (a).
655 1321 805 1377 Sicut
841 1332 1020 1377 autem
1063 1321 1239 1392 pulvis
1266 1322 1530 1376 excitatur
1556 1337 1584 1376 a
1616 1322 1811 1376 nostris
1845 1321 1995 1391 pedi-

403 1411 530 1481 bus,
582 1414 652 1467 ita
681 1413 845 1469 etiam
884 1413 1159 1483 pariuntur
1185 1413 1531 1484 magistratus
1557 1413 1626 1468 ab
1661 1413 1726 1468 iis
1759 1415 1848 1484 qui
1874 1429 1993 1468 ver-

402 1516 588 1561 santur
614 1504 669 1561 in
699 1504 964 1576 pecuniis,
1007 1514 1060 1559 et
1089 1505 1142 1559 in
1174 1513 1283 1559 tota
1316 1504 1417 1559 vita
1459 1503 1637 1560 locum
1667 1513 1721 1559 et
1746 1503 1995 1559 ordinem

401 1599 602 1656 habent
645 1601 839 1671 pedum
873 1615 889 1654 :
918 1608 972 1655 et
1000 1600 1139 1654 sicut
1166 1598 1343 1670 pulvis
1387 1598 1600 1670 quidem
1630 1614 1749 1654 cum
1779 1598 1991 1653 extolli—

401 1704 507 1754 tur,
537 1708 783 1764 magnam
816 1703 1022 1764 partem
1054 1700 1201 1748 tenet
1227 1693 1390 1759 aeris,
1422 1693 1536 1764 ipse
1563 1703 1742 1749 autem
1767 1701 1850 1748 est
1878 1707 1993 1747 mo-

399 1784 552 1839 dicus
581 1802 593 1837 :
628 1785 696 1838 ita
723 1784 884 1839 etiam
914 1784 1259 1855 magistratus
1287 1803 1301 1839 :
1331 1793 1388 1841 et
1430 1785 1571 1840 sicut
1614 1783 1791 1855 pulvis
1814 1799 1991 1840 excae-

398 1887 485 1931 cat
511 1876 715 1944 oculos,
748 1878 820 1932 ita
847 1876 1008 1934 etiam
1041 1876 1211 1933 fastus
1244 1876 1574 1948 principatus
1608 1877 1765 1933 orbat
1798 1877 1994 1933 mentis

398 1971 604 2025 oculos.
1398 2034 1405 2040 δ

476 2062 745 2129 Quomodo
770 2062 964 2117 divitiis
1004 2078 1149 2118 vana
1186 2063 1289 2119 sint
1311 2072 1359 2118 et
1388 2080 1480 2119 nos
1522 2063 1798 2133 aliquando
1843 2062 1993 2133 igno-

405 2157 563 2211 minia
601 2156 841 2228 afﬁciant.
876 2155 1153 2212 Theodosii
1196 2158 1516 2227 imperatoris
1561 2158 1615 2212 in
1655 2157 1994 2212 Antiacltenos

404 2252 503 2304 ira.
536 2280 609 2289 —
632 2250 737 2305 Sed
769 2249 942 2321 quid?
987 2250 1070 2305 vis
1099 2250 1433 2304 excutiamus
1479 2265 1590 2305 rem
1623 2248 1776 2304 valde
1802 2259 1993 2318 optan-

402 2340 551 2408 dam,
586 2356 782 2411 nempe
831 2340 1095 2396 divitias?
1126 2341 1260 2411 Age,
1288 2356 1381 2395 eas
1410 2340 1680 2410 sigillatim
1725 2341 1995 2395 examine-

401 2450 543 2497 mus.
574 2433 782 2489 llahent
814 2434 1033 2490 delicias
1054 2476 1068 2500 ,
1102 2434 1301 2490 habent
1358 2437 1589 2489 honores
1614 2476 1628 2500 ,
1665 2434 1861 2489 habent
1902 2449 1995 2504 po-

408 2527 650 2583 tentiam.
683 2528 856 2598 Atque
913 2527 1142 2597 primum
1196 2527 1447 2596 quidem,
1480 2528 1523 2581 si
1562 2528 1676 2593 vis,
1722 2528 1996 2583 examine-

402 2636 522 2674 tuus
553 2619 775 2675 delicias
800 2637 815 2674 :
845 2635 1025 2676 annon
1053 2636 1131 2676 eae
1158 2629 1286 2676 sunt
1312 2621 1526 2692 pulvis?
1555 2620 1663 2675 imo
1684 2636 1812 2677 vero
1836 2622 1999 2676 cilius

401 2714 622 2783 pulvere
671 2722 950 2768 transeunt
1002 2732 1015 2769 :
1072 2729 1195 2769 nam
1245 2713 1313 2769 ad
1361 2713 1595 2785 linguam
1644 2729 1814 2784 usque
1865 2729 1992 2784 per-

404 2805 558 2876 tingit
612 2807 859 2875 voluptas
913 2805 1271 2874 deliciarum;
1324 2821 1445 2861 cum
1505 2814 1687 2861 autem
1744 2806 1994 2877 impletus

402 2900 565 2956 fuerit
610 2910 820 2965 venter,
852 2917 919 2955 ne
949 2899 1015 2955 ad
1064 2899 1301 2971 linguam
1328 2900 1543 2970 quidem
1577 2914 1765 2971 usque.
1796 2899 1865 2954 At
1895 2900 1994 2972 ipsi

405 2995 661 3054 honores.
700 2994 891 3061 inquit,
924 3002 1048 3049 sunt
1077 3010 1167 3050 res
1197 2994 1377 3049 suavis
1411 3000 1467 3050 et
1488 2993 1742 3062 jucunda.
1776 2994 1840 3049 Et
1868 2992 1997 3065 quid

404 3095 487 3140 est
514 3085 606 3140 illo
630 3084 835 3141 honore
858 3086 1152 3152 insuavius,
1171 3100 1292 3140 cum
1323 3083 1583 3141 habeatur
1605 3094 1822 3155 propter
1842 3101 1995 3140 usum

408 3176 690 3247 pecunize?
731 3177 863 3232 Cum
910 3193 1014 3231 non
1064 3178 1327 3234 habeatur
1368 3192 1434 3233 ex
1482 3178 1647 3233 libera
1694 3177 1995 3246 electione,

407 3283 581 3337 neque
608 3284 673 3325 ex
719 3268 896 3339 aliqua
927 3268 1090 3323 animi
1115 3268 1413 3335 alacritate,
1447 3285 1552 3326 non
1583 3279 1637 3325 tu
1679 3269 1872 3327 frueris
1902 3269 1998 3326 ho-

410 3378 560 3429 nore,
592 3363 684 3418 sed
714 3362 934 3418 divitizn.
970 3362 1330 3432 Quamobrem
1362 3363 1462 3419 hoc
1492 3364 1665 3433 ipsum
1708 3363 1833 3419 facit
1858 3363 1998 3420 divi-

409 3465 516 3510 tem
550 3455 782 3510 maxime
811 3456 1050 3509 omnium
1081 3452 1478 3510 inhonoratum.
1506 3452 1664 3523 Nam,
1686 3454 2000 3527 dic,qu.'eso,

405 3549 449 3603 si
480 3556 531 3602 te
557 3546 845 3603 habentem
871 3546 1107 3602 anxii-um
1129 3562 1317 3601 omnes
1341 3546 1688 3615 honorarent,
1710 3548 2002 3604 faterentur

408 3649 585 3696 autem
618 3648 669 3695 te
713 3639 930 3711 quidem
963 3640 1162 3694 nullius
1203 3654 1325 3695 esse
1351 3640 1530 3710 pretii,
1562 3655 1783 3696 necesse
1821 3648 1999 3695 autem

408 3746 528 3787 esse
556 3742 609 3785 ut
640 3741 860 3800 propter
888 3730 1042 3785 illum
1072 3741 1122 3785 te
1152 3730 1440 3795 honorent.
1474 3730 1744 3800 quomodo
1774 3741 1824 3787 te
1852 3732 2000 3803 igno-

410 3825 573 3881 minia
626 3824 784 3879 aliter
833 3824 1004 3892 magis
1061 3824 1413 3880 alfecissent?
1466 3824 1649 3895 Itaque
1699 3825 2004 3895 ignominizn

409 3932 571 3973 causa
601 3927 733 3981 sunt
766 3917 923 3971 nobis
948 3915 1174 3981 divitim,
1205 3926 1263 3970 ut
1289 3932 1408 3987 qua:
1450 3916 1580 3987 ipsis
1607 3918 2007 3987 possessoribus

412 4009 522 4064 sint
554 4008 723 4079 magis
773 4007 1072 4073 honoratae,
1107 4017 1160 4062 et
1204 4006 1590 4063 imbecillitatis
1620 4007 1873 4063 indicium
1906 4024 2004 4078 po-

413 4101 522 4156 tius
548 4115 705 4172 quam
739 4100 1014 4171 potentizn.
1060 4099 1344 4167 Quomodo
1388 4114 1517 4169 ergo
1547 4114 1651 4154 non
1692 4108 1775 4155 est
1814 4099 2005 4156 absur-

416 4195 568 4259 dum,
601 4202 740 4249 terra
787 4204 841 4249 et
870 4194 1054 4249 cinere
1084 4193 1214 4264 (hoc
1239 4192 1381 4247 enim
1423 4200 1504 4248 est
1529 4193 1741 4264 aurum)
1773 4208 1871 4248 nos
1897 4209 2005 4249 non

411 4285 704 4341 existimari
722 4300 842 4339 esse
857 4284 1066 4354 dignos,
1100 4282 1193 4338 sed
1211 4297 1307 4337 nos
1327 4292 1545 4353 prepter
1563 4282 1688 4337 illud
1717 4281 2008 4340 honorari?

412 4378 478 4433 Et
496 4377 703 4432 merito.
726 4374 841 4431 Non
863 4377 932 4429 ita
957 4390 1084 4431 vero
1104 4373 1328 4430 affectus
1351 4383 1435 4430 est
1453 4375 1755 4430 divitiarum
1774 4384 2009 4431 contem-

412 4479 565 4533 ptor;
586 4467 775 4523 melius
793 4476 874 4521 eSt
897 4466 1038 4520 enim
1061 4482 1167 4521 non
1186 4465 1437 4521 honorari
1458 4483 1615 4538 quam
1635 4467 1711 4523 sic
1731 4467 2004 4523 honorari.

414 4559 677 4628 Nam,dic,
705 4573 909 4631 qua'so,
947 4557 991 4613 si
1014 4558 1135 4628 quis
1167 4557 1260 4612 tibi
1290 4556 1513 4626 diceret,
1541 4558 1698 4615 Nullo
1725 4568 1775 4615 te
1806 4558 2010 4615 honore

414 4654 635 4726 dignum
660 4666 781 4708 esse
805 4651 1074 4719 existimo,
1094 4650 1187 4707 sed
1209 4661 1429 4721 propter
1448 4650 1681 4708 famulos
1701 4663 1821 4707 tuos
1840 4659 1893 4705 te
1914 4642 2025 4706 ho?

417 4760 589 4813 noro;
619 4761 687 4801 an
716 4743 816 4799 hac
851 4743 1139 4815 ignominia
1162 4751 1336 4812 potest
1360 4742 1651 4814 quidquam
1674 4758 1794 4800 esse
1820 4743 2010 4815 pejus?

414 4842 469 4897 Si
492 4851 670 4897 autem
694 4849 916 4912 propter
957 4854 1143 4894 servos
1172 4847 1326 4910 turpe
1352 4846 1435 4893 cst
1462 4837 1737 4904 honorari,
1771 4839 1858 4906 qui
1887 4847 2012 4891 sunt

416 4935 702 5005 participes
729 4932 969 5003 ejusdem
996 4932 1148 5002 cujus
1168 4946 1267 4986 nos
1291 4929 1486 4985 animm
1508 4937 1563 4986 et
1585 4937 1821 4986 naturam
1844 4928 2013 4983 multo

417 5026 587 5099 magis
615 5035 835 5097 propter
861 5040 920 5081 ea
952 5041 1070 5096 qua:
1101 5031 1228 5077 sunt
1254 5022 1337 5077 his
1359 5021 1569 5087 viliora,
1597 5021 1901 5084 domorum,
1928 5021 2012 5074 in-

418 5134 601 5188 quam,
633 5117 866 5189 parietes
895 5125 949 5171 et
977 5116 1135 5182 atria,
1166 5123 1220 5169 et
1244 5128 1366 5169 vasa
1398 5128 1560 5167 aurea
1588 5123 1644 5169 et
1665 5120 1862 5168 vestes.
1890 5112 2016 5167 llaec

419 5227 544 5267 vere
571 5221 696 5266 sunt
724 5210 947 5266 ridicula
977 5218 1025 5264 et
1058 5206 1304 5281 pudenda
1330 5224 1344 5261 :
1369 5206 1562 5260 melius
1586 5214 1670 5262 est
1696 5206 1832 5259 mori
1856 5221 2014 5277 quam

419 5305 498 5358 sic
526 5302 801 5358 honorari.
846 5302 936 5356 Dic
974 5301 1116 5356 enim
1146 5298 1299 5366 mihi,
1332 5297 1374 5353 si
1404 5306 1456 5352 te
1485 5298 1536 5350 in
1565 5297 1666 5352 hoc
1708 5296 1845 5351 [astu
1884 5296 2019 5367 peri-

421 5395 698 5451 clitantem
725 5393 847 5449 vilis
872 5393 1138 5463 quispiam
1190 5401 1244 5443 et
1282 5387 1628 5457 despuendus
1653 5389 1721 5441 ab
1751 5387 1853 5443 hoc
1880 5388 2019 5456 peric

427 5486 546 5539 culo
577 5487 739 5541 vellet
770 5486 1026 5551 liberare,
1058 5481 1313 5554 quidnam
1345 5481 1450 5536 hoc
1474 5490 1616 5534 esset
1650 5479 1836 5550 pejus?
1866 5477 2019 5548 Quod

425 5588 603 5633 autem
648 5578 715 5632 de
757 5577 972 5633 civitate
1002 5578 1142 5631 inter
1190 5591 1285 5630 vos
1341 5573 1543 5639 dicitis,
1575 5572 1700 5627 volu
1746 5572 1896 5626 vobis
1942 5572 2020 5626 di-

408 5668 571 5753 gere.
598 5671 673 5740 (ιι)
705 5668 842 5727 Ευηι
868 5670 956 5742 qui
990 5684 1167 5725 rerum
1197 5668 1505 5741 potiebatur
1529 5663 1820 5736 aliquando
1850 5663 2020 5718 offen-

492 5828 566 5888 (α)
590 5825 666 5878 De
680 5824 1154 5888 EutropioEunucho
1174 5831 1331 5873 actum
1359 5821 1445 5872 fuit
1462 5823 1510 5871 in
1532 5820 1706 5871 ιιοηὶιο
1727 5831 1890 5883 supra.
1911 5826 2024 5870 Nam

432 5885 980 5956 dej‘eoprm‘susrloqui
1017 5885 1226 5956 videtur.
1336 5946 1361 5956 ,Α
1419 5944 1429 5956 1
1775 5941 1788 5956 ι
1840 5943 1872 5956 Δ,

495 5953 566 6014 th)
594 5941 650 6000 ιὶι
693 5941 1019 6009 sapientibus
1041 5948 1241 6007 carptim
1270 5946 1368 6007 agit
1402 5944 1466 5993 de
1499 5943 1742 5993 seditione
1762 5941 2023 5992 Antioche-

406 6160 463 6295 x

1169 461 1227 518 ε.
1271 462 1549 520 ιοΑΝΝιδ
1584 462 2055 521 CIIRYSOSTOMI
2094 464 2412 523 ARClllEP.
2454 468 2986 529 CONSTANTINOP.

3586 475 3690 531 διδ

2105 582 2180 637 dit
2223 596 2403 641 nostra
2430 588 2641 652 civitas,
2669 596 2726 642 et
2746 589 2907 659 jussit
2930 604 3052 645 eam
3077 588 3248 646 everti
3277 587 3536 659 funditus,
3566 606 3687 648 cum

2100 683 2249 747 viris,
2270 682 2451 751 pueris
2476 690 2531 737 et
2545 682 2813 737 domibus.
2833 682 2991 739 Tales
3025 685 3168 754 enim
3208 692 3333 739 sunt
3359 684 3451 740 irae
3479 701 3685 757 regum:

2102 773 2351 843 potestati
2381 783 2637 843 quantum
2670 775 2855 830 volunt
2905 775 3182 846 indulgent
3213 793 3229 828 :
3260 785 3463 831 tantum
3491 778 3689 833 malum

2100 873 2183 919 est
2201 875 2458 936 potestas.
2488 867 2755 939 Eratergo
2782 868 2833 923 in
2867 869 3122 925 extremis
3145 870 3417 940 periculis.
3443 870 3567 926 llaec
3592 886 3685 928 auo

2104 969 2209 1015 tem
2227 960 2399 1016 vicina
2417 961 2607 1017 civitas
2623 962 2886 1017 maritima
2907 962 3112 1033 rogavit
3131 977 3227 1031 pro
3241 963 3394 1018 nobis
3407 964 3686 1033 lmperato

2102 1068 2214 1108 rem
2234 1071 2249 1108 :
2268 1054 2357 1124 qui
2377 1064 2554 1108 autem
2573 1063 2809 1108 nostram
2827 1053 3688 1119 habitabantcivitatem,diccbaut

2101 1144 2205 1202 hoc
2232 1161 2353 1202 esse
2382 1145 2533 1217 pejus
2556 1162 2717 1217 quam
2746 1146 2885 1201 dirui
2917 1146 3209 1201 civitatem.
3246 1145 3391 1200 Adeo
3417 1146 3496 1200 sic
3521 1145 3690 1201 bono-

2100 1241 2205 1295 rari
2237 1238 2390 1310 pejus
2415 1247 2515 1307 est,
2546 1254 2705 1309 quam
2747 1238 3036 1309 ignominia
3064 1238 3223 1294 affici.
3252 1238 3387 1294 Vide
3424 1238 3566 1294 enim
3599 1255 3688 1295 un-

2099 1330 2293 1388 denam
2318 1331 2528 1387 radices
2557 1339 2680 1402 agat
2706 1330 2897 1386 honor.
2928 1328 3234 1400 Coquorum
3274 1345 3466 1385 manus
3492 1330 3683 1388 faciunt

2098 1432 2159 1478 ut
2183 1438 2283 1479 nos
2312 1421 2640 1478 bonoremur
2665 1439 2679 1488 ;
2712 1421 3059 1494 quamobrem
3086 1422 3193 1476 illis
3215 1421 3470 1477 debemus
3490 1421 3691 1479 habere

2098 1514 2326 1586 gratiam
2355 1532 2369 1570 :
2397 1523 2454 1570 et
2492 1514 2700 1570 subulci
2742 1514 2940 1568 lautam
2986 1513 3286 1584 praebentes
3330 1528 3593 1581 mensam,
3635 1523 3692 1568 et

2101 1620 2340 1666 textores
2375 1618 2431 1666 et
2476 1608 2695 1676 laniﬁci,
2727 1618 2783 1664 et
2817 1609 2906 1678 qui
2937 1606 3154 1662 metalla
3182 1617 3493 1677 operantur,
3521 1615 3576 1662 et
3599 1607 3689 1678 qui

2099 1703 2369 1774 placentas
2395 1702 2669 1769 condiunt,
2698 1705 2786 1772 qui
2815 1710 2870 1756 et
2895 1714 3107 1755 mensas
3135 1707 3403 1755 sternunt.

2170 1796 2226 1851 4.
2262 1796 2453 1851 Annon
2499 1809 2628 1866 ergo
2675 1794 2867 1848 melius
2916 1802 2999 1847 est
3045 1807 3153 1847 non
3212 1790 3483 1854 honorari,
3528 1805 3689 1861 quam

2105 1890 2227 1945 talis
2254 1889 2480 1944 honoris
2511 1888 2617 1944 illis
2646 1886 2845 1943 habere
2867 1888 3114 1957 gratiam.
3154 1885 3355 1939 Przeter
3376 1883 3491 1938 htec
3510 1894 3691 1937 autem

2099 1983 2242 2053 quod
2297 1982 2565 2037 ditescere
2617 1982 2835 2052 plenum
2881 1979 2953 2034 sit
2999 1978 3311 2048 ignominia,
3361 1992 3462 2047 ego
3504 1986 3693 2044 aperte

2100 2077 2338 2133 conabor
2383 2075 2691 2132 ostendere.
2722 2074 2955 2144 Turpem
2986 2072 3109 2128 facit
3152 2072 3383 2127 animam
3416 2090 3429 2125 :
3458 2069 3585 2139 quid
3609 2079 3694 2124 est

2100 2182 2277 2226 autem
2310 2171 2413 2225 hoc
2440 2168 2889 2241 ignominiosius?
2916 2167 3068 2229 Nam,
3087 2165 3406 2235 dic,qu:eso,
3431 2165 3474 2217 si
3496 2178 3694 2232 corpus

2099 2277 2241 2320 esset
2268 2266 2591 2337 speciosum,
2640 2273 2693 2318 et
2724 2276 2915 2319 omnes
2952 2274 3215 2330 superans
3257 2259 3689 2329 pulchritudine;

2101 2359 2420 2414 accedentes
2462 2365 2641 2413 autem
2664 2356 2868 2412 divitire
2908 2354 3293 2426 pollicerentur
3339 2368 3399 2407 se
3445 2351 3494 2404 id
3538 2362 3692 2418 turpe

2103 2453 2357 2512 facturas.
2389 2460 2444 2506 et
2486 2467 2583 2519 pro
2611 2465 2744 2505 sano
2786 2457 3070 2520 argrotum,
3105 2460 3203 2516 pro
3234 2445 3369 2500 bene
3394 2445 3694 2513 composito

2104 2543 2365 2599 tumidum
2418 2551 2474 2597 et.
2532 2541 2960 2605 inflammatum;
3011 2547 3066 2594 et
3119 2537 3367 2592 omnibus
3439 2535 3693 2590 membris

2103 2637 2367 2691 intercute
2392 2634 2612 2704 repletis
2661 2633 2938 2688 inflassent
2966 2631 3178 2703 quidem
3212 2629 3401 2685 faciem
3421 2670 3437 2694 ,
3462 2638 3517 2683 et
3545 2627 3693 2683 omni

2101 2744 2165 2785 ex
2203 2739 2356 2799 parte
2378 2727 2635 2781 tumidam
2660 2725 2967 2788 redderent,
2996 2723 3158 2793 pedes
3178 2737 3390 2792 quoque
3418 2721 3696 2775 inllassent

2103 2830 2155 2878 et
2190 2820 2430 2875 trabibus
2458 2818 2715 2874 fecissent
2739 2817 3033 2887 graviores,
3060 2814 3334 2869 inflassent
3357 2823 3410 2867 et
3429 2826 3690 2875 ventrem,

2102 2924 2158 2970 et
2183 2913 2490 2969 effecissent
2530 2911 2789 2979 majorem
2829 2911 3017 2979 quovis
3046 2907 3230 2972 dolio;
3262 2917 3445 2976 postea
3472 2920 3600 2960 vero
3626 2921 3696 2959 ne

2105 3008 2171 3063 iis
2200 3005 2439 3075 quidem,
2472 3005 2560 3075 qui
2592 3003 2789 3058 vellent
2813 3016 3026 3066 curare,
3052 3016 3111 3055 se
3146 3001 3500 3069 permissurus
3529 2995 3696 3066 proﬁ—

2105 3100 2387 3169 terentur(
2417 3114 2481 3154 ea
2505 3098 2648 3153 enim
2673 3106 2757 3151 est
2783 3096 2946 3149 nimia
2975 3092 3256 3165 potestas).
3285 3091 3379 3148 sed
3405 3107 3463 3145 se
3495 3100 3695 3147 tantam

2104 3196 2324 3253 daturas
2366 3208 2486 3249 esse
2536 3192 2862 3253 libertatem,
2917 3200 2974 3244 ut
3029 3189 3073 3243 si
3122 3188 3243 3255 quis
3291 3184 3580 3241 accederet
3627 3182 3697 3239 ad

2105 3292 2279 3362 ipsum
2311 3286 2649 3345 liberandum
2690 3300 2721 3341 a
2754 3284 2952 3350 noxiis,
2993 3297 3115 3337 enm
3164 3290 3344 3336 essent
3389 3279 3693 3349 punitum:

2106 3401 2172 3440 an
2205 3382 2334 3454 quid
2364 3380 2672 3442 immanius,
2700 3392 2904 3449 quaso,
2934 3374 3123 3432 esset?
3147 3373 3281 3429 Cum
3325 3386 3453 3441 ergo
3494 3369 3699 3425 divitia:

2105 3481 2185 3537 sic
2208 3479 2442 3533 animam
2487 3473 2744 3538 afﬁciant,
2771 3469 3040 3540 quomodo
3081 3483 3167 3524 res
3194 3464 3416 3538 pulchra
3461 3463 3700 3519 fuerint?

2106 3571 2214 3630 Sed
2243 3568 2405 3626 nimia
2434 3576 2672 3639 potestas
2698 3575 2778 3621 est
2808 3564 2924 3632 ipso
2951 3560 3138 3617 morbo
3162 3558 3414 3631 gravior:
3444 3566 3704 3629 aegrotan-

2110 3675 2219 3721 tem
2245 3663 2389 3719 enim
2417 3677 2487 3717 ne
2514 3658 2845 3715 medicorum
2875 3655 3089 3725 quidem
3131 3669 3323 3726 parere
3365 3651 3591 3721 legibus,
3618 3657 3700 3704 est

2109 3757 2329 3829 gravius
2354 3769 2515 3826 qttam
2542 3760 2822 3824 :rgrutare.
2854 3749 3007 3818 Quod
3052 3749 3247 3803 habent
3279 3756 3334 3802 et
3379 3745 3598 3808 divitiae,
3627 3743 3704 3798 fa-

2112 3852 2319 3907 cientes
2365 3847 2515 3904 omui
2565 3862 2631 3901 ex
2683 3853 2834 3915 parte
2884 3845 3241 3899 intumescere
3285 3851 3342 3895 et
3384 3837 3702 3894 inﬂammari

2110 3945 2369 4007 animam,
2396 3951 2450 3995 et
2476 3940 2823 4011 prohibentes
2851 3937 3088 3992 medicos
3125 3932 3404 3991 secedere.
3430 3930 3702 4001 Quamobe

2115 4053 2228 4093 rem
2273 4044 2495 4107 propter
2522 4033 2738 4089 nimiam
2772 4040 3089 4103 potestatem
3121 4043 3188 4084 ne
3229 4042 3325 4083 eos
3367 4025 3552 4080 beatos
3581 4037 3705 4092 pro.

2112 4131 2440 4195 numiemus,
2474 4129 2569 4184 sed
2614 4143 2799 4183 eorum
2831 4126 3205 4182 misereamur.
3246 4121 3430 4191 Neque
3467 4120 3629 4181 extim.
3658 4117 3704 4173 si

2113 4238 2249 4293 aqua
2277 4221 2542 4278 intercute
2565 4219 2833 4290 jacentem
2863 4216 3112 4282 viderim,
3143 4223 3196 4270 et
3223 4213 3492 4269 neminem
3515 4219 3706 4267 vetan-

2114 4322 2221 4368 tem
2247 4312 2535 4382 quominus
2559 4321 2684 4381 potu
2714 4309 3000 4379 impleatur
3019 4314 3276 4378 quantum
3303 4303 3432 4358 velit
3457 4311 3512 4359 et
3530 4300 3715 4359 noxiis

2115 4404 2388 4463 carnibus.
2421 4418 2542 4458 eum
2577 4401 2791 4457 beatum
2820 4398 3045 4481 dixerim
3081 4406 3299 4468 propter
3328 4410 3447 4451 eam
3475 4403 3710 4465 potesta-

2118 4509 2245 4555 tem.
2276 4498 2522 4553 Potestas
2566 4495 2709 4550 enim
2761 4510 2867 4548 non
2905 4501 2990 4548 est
3015 4506 3230 4561 semper
3260 4490 3418 4555 bona,
3449 4488 3587 4544 sicut
3609 4503 3711 4543 nec

2116 4592 2353 4648 honores
2382 4608 2395 4644 :
2426 4604 2548 4645 nam
2578 4604 2658 4644 ea:
2688 4587 2934 4657 superbia
2968 4585 3190 4654 implent
3213 4591 3266 4638 et
3293 4581 3618 4650 arrogantia.
3653 4580 3709 4635 Si

2117 4697 2294 4742 autem
2326 4683 2500 4740 nolles
2526 4697 2725 4750 corpus
2754 4680 2999 4735 morbum
3026 4677 3301 4745 suscipere
3324 4690 3443 4730 cum
3471 4671 3671 4727 divitiis
3695 4712 3710 4733 ,

2116 4780 2385 4854 quomodo
2438 4776 2669 4847 despicis
2724 4775 2978 4838 animam,
3022 4787 3126 4827 non
3182 4770 3320 4825 hanc
3369 4767 3564 4833 solum,
3615 4765 3711 4820 sed

2120 4876 2277 4932 aliam
2323 4886 2539 4943 quoque
2596 4868 2977 4938 suscipientem
3042 4862 3418 4936 puuitionem?
3469 4859 3715 4928 Undique

2119 4970 2262 5026 enim
2317 4974 2510 5022 :rstuat
2554 4961 2792 5019 febribus
2834 4969 2891 5016 et
2926 4953 3475 5017 inflammationibus;
3508 4951 3711 5007 febrem

2121 5060 2270 5119 illam
2326 5072 2487 5114 nemo
2542 5062 2719 5126 patest
2774 5052 3160 5121 exstinguere:
3194 5062 3302 5102 non
3349 5045 3532 5101 sinunt
3565 5043 3709 5098 enim

2121 5153 2367 5215 divitiae,
2425 5158 2611 5221 utpote
2657 5162 2778 5218 quae
2827 5144 3146 5200 detrimenta
3209 5138 3533 5211 persuadent
3593 5151 3717 5192 esse

2123 5243 2404 5302 commoda
2436 5260 2449 5297 :
2476 5243 2656 5307 velut,
2689 5239 2957 5295 neminem
3000 5235 3285 5301 sustinere,
3333 5239 3389 5287 et
3434 5245 3527 5301 per
3568 5244 3719 5285 sum-

2125 5352 2267 5392 mam
2312 5335 2580 5390 licamtiam
2629 5331 2808 5386 omnia
2849 5342 3027 5399 agere.
3079 5326 3194 5382 Non
3238 5324 3380 5380 enim
3427 5324 3586 5377 aliam
3630 5322 3718 5376 in-

2125 5460 2328 5506 norum,
2354 5446 2439 5509 qui
2482 5443 2830 5509 Inrperatricis
2853 5447 3039 5509 statuas
3079 5443 3389 5509 everterunt.
3425 5436 3530 5509 Qua
3562 5435 3629 5485 de
3659 5448 3718 5484 re

2125 5499 2405 5572 indignatus
2434 5499 2766 5572 't'heodosius.
2789 5505 3038 5572 civitatem
3059 5499 3187 5572 male
3206 5499 3467 5572 mutuare,
3494 5501 3592 5549 imo
3609 5510 3721 5572 per-

2127 5562 2257 5620 dere'
2270 5572 2495 5633 parabat;
2519 5568 2610 5620 scd
2635 5567 2830 5633 tandem
2852 5562 3120 5633 ira_sed.ata_
3136 5562 3446 5633 Antiochenis
3472 5562 3718 5633 pepercit.

2126 5633 2219 5684 Hie
2238 5623 2613 5697 ,quzcritur'qute
2643 5630 2706 5678 sit
2738 5626 2820 5677 illa
2854 5627 2976 5676 urbs
3009 5623 3296 5697 Antiochiae.
3322 5623 3563 5697 vicina‘ad
3584 5634 3719 5670 oram

2128 5685 2277 5747 maris
2298 5696 2408 5757 sita,
2430 5685 2545 5757 quae
2571 5691 2931 5757 lmpergtxueut
2959 5689 3170 5757 rogavit,
3193 5693 3249 5736 ut
3269 5685 3592 5757 Antiochqu
3614 5697 3720 5757 jar-

2131 5763 2289 5805 ceret.
2318 5747 2529 5816 Quidam
2542 5747 2712 5816 putant
2733 5747 3189 5816 Seleucianrfuis‘se
3208 5761 3221 5796 :
3246 5747 3336 5816 sed
3358 5760 3444 5799 res
3464 5747 3512 5797 in
3532 5747 3724 5816 incerto

2131 5807 2369 5867 versatur.
2397 5807 2721 5876 Quod'autem
2743 5811 2994 5876 singulare
3011 5812 3207 5876 omnino
3229 5807 3719 5876 videtur;nialebaut,

2132 5880 2288 5939 inquit
2310 5871 2692 5941 Chrimstomus,
2713 5871 2998 5941 _Auti6cl_1eni
3035 5873 3223 5937 perire,
3249 5884 3395 5937 quam
3429 5873 3567 5921 istius
3588 5871 3723 5922 urbu

2135 5936 2305 6003 rogatu
2331 5952 2358 5988 a
2374 5936 2510 5990 tanto
2539 5936 2760 6004 periculo
2785 5938 2927 6002 eripi.
