4140 6540
499 400 606 458 547

496 517 568 572 τά
600 517 749 571 ὅντα.
787 517 852 570 Τί
887 517 993 588 γὰρ
1028 518 1208 591 βούλει
1241 519 1452 586 εἰπεῖν;
1491 520 1593 584 τάς
1641 519 1816 592 ἀρχάς
1860 521 1954 575 καὶ
1983 520 2079 583 τάς

495 605 852 671 δυναστείαςξ
911 607 1104 662 τούτου
1160 608 1269 680 γὰρ
1325 609 1481 664 οὐδὲν
1519 609 1665 664 δοκεῖ
1715 609 2085 679 ζηλωτότερον

497 695 638 750 εἶναι
668 698 724 748 ἐν
753 695 832 768 τῷ
861 697 1094 769 παρόντι
1127 698 1248 769 βίῳ.
1293 699 1458 754 Ἀλλά
1498 700 1590 753 τὸν
1623 699 1904 768 κονιορτὸν
1932 697 2085 768 εῦροι

497 800 582 846 τις
626 783 692 838 ἂν
735 785 934 856 μᾶλλον
972 787 1067 843 ἐπὶ
1115 787 1206 840 τοῦ
1249 787 1410 860 ἀέρος
1463 788 1776 856 ἱστάμενον,
1812 787 1846 858 ἢ
1887 785 2081 850 ταῦτα,

502 871 738 943 μάλιστα
763 873 882 928 νῦν.
917 875 1035 928 Τίνι
1067 875 1175 946 γὰρ
1204 877 1302 946 οὑχ
1341 877 1690 943 ὑπόκεινται;
1725 877 1850 938 Τοῖς
1882 875 2083 946 ἐρῶσιν

497 961 704 1024 αὑτῶν,
736 965 846 1026 τοῖς
897 963 1193 1034 εὐνούχοις,
1230 968 1342 1028 τοῖς
1393 963 1504 1018 τῶν
1553 964 1852 1036 χρημάτων
1896 965 2084 1018 ἕνεκεν

499 1049 716 1102 ἅπαντα
757 1050 1080 1121 πράττουσι,
1126 1052 1282 1124 θυμῷ
1312 1053 1509 1122 δήμου,
1547 1055 1740 1123 ὀργαῖς
1768 1054 1876 1107 τῶν
1923 1052 2084 1106 δυνα-

497 1139 774 1208 τωτέρων.
822 1140 880 1193 ’0
916 1140 1044 1210 χθὲς
1074 1141 1166 1196 ἐπὶ
1193 1142 1285 1194 τοῦ
1321 1141 1568 1212 βήματος
1599 1142 1824 1214 ὑψηλὸς,
1853 1144 1882 1195 6
1912 1145 2084 1214 κήρυ-

495 1247 598 1293 κας
637 1229 778 1300 ἔχων
818 1229 1049 1302 λαμπρᾷ
1087 1233 1152 1303 τῇ
1205 1235 1357 1302 φωνῇ
1408 1232 1669 1303 βοῶντας,
1719 1234 1813 1288 καὶ
1854 1234 2084 1299 πολλοὺς

494 1319 624 1378 τοὺς
658 1318 1061 1391 προτρέχοντας
1096 1320 1191 1374 καὶ
1221 1319 1516 1384 σοϐοῦντας
1550 1321 1694 1375 κατά
1727 1321 1826 1394 τήν
1849 1322 2080 1394 ἀγοράν,

495 1405 650 1480 [3'75]
705 1409 945 1477 σήμερον
998 1407 1226 1479 εὑτελὴς
1281 1409 1377 1463 καὶ
1432 1409 1686 1474 ταπεινὸς
1720 1411 1816 1464 κα)¹
1863 1411 2082 1465 πάντων

492 1497 721 1550 ἐκείνων
775 1496 980 1566 ἔρημος
1037 1496 1132 1549 καὶ
1185 1496 1424 1568 γυμνὸς,
1477 1497 1732 1570 καθάπερ
1805 1499 2080 1572 κονιορτὸς

493 1583 938 1655 ἀναῤῥιπισθεὶς,
973 1582 1229 1654 καθάπερ
1260 1584 1440 1656 ῥεῦμα
1475 1587 1768 1657 παρελθόν.
1812 1587 2082 1659 Καθάπερ

490 1673 547 1726 δὲ
583 1673 616 1742 ὴ
642 1672 793 1735 κόνις
833 1673 942 1726 ἀπὸ
976 1670 1087 1724 τῶν
1117 1672 1296 1726 ποδῶν
1323 1674 1601 1745 ἐγείρεται
1629 1674 1740 1729 τῶν
1761 1676 2077 1749 ἡμετέρων·

489 1760 636 1814 οῦτω
665 1759 846 1831 δήκαὶ
878 1761 932 1813 αί
953 1760 1122 1832 ἀρχαὶ
1151 1761 1260 1816 ἀπὸ
1287 1761 1494 1816 τούτων
1515 1763 1788 1818 τίκτονται
1815 1763 1922 1819 τῶν
1950 1767 2080 1836 περὶ

491 1849 561 1902 τά
587 1850 854 1920 χρήματα
890 1847 1298 1920 στρεφομένων,
1327 1851 1422 1904 καὶ
1454 1851 1630 1906 ποδῶν
1658 1852 1813 1918 τάξιν
1842 1853 2078 1924 ἐχόντων

491 1937 550 1990 ἐν
574 1937 735 1992 παντὶ
773 1934 854 2006 τῷ
905 1935 1006 2008 βίῳ
1031 1954 1045 1968 ·
1094 1937 1187 1990 καὶ
1217 1937 1474 2010 καθάπερ
1509 1942 1541 2010 ή
1585 1939 1754 2006 κόνις,
1793 1941 1923 1995 ὅταν
1977 1941 2078 2012 μὲν

495 2026 734 2096 εἴρηται,
766 2025 902 2080 πολὺ
924 2025 1090 2098 μέρος
1115 2026 1337 2098 κατέχει
1358 2025 1452 2081 τοῦ
1483 2027 1668 2100 ἀέρος,
1685 2028 1823 2100 αὑτὴ
1841 2028 1898 2084 δέ
1929 2032 2079 2085 ἐστιν

494 2114 673 2185 ὀλίγη,
701 2112 842 2167 οῦτω
870 2114 966 2168 καὶ
997 2116 1030 2184 ή
1072 2114 1249 2186 ἀρχή·
1284 2115 1380 2168 καὶ
1418 2114 1672 2187 καθάπερ
1716 2119 1750 2188 ή
1793 2120 1941 2182 κόνις
1989 2137 2078 2172 τυ-

412 2210 414 2212 '
491 2203 615 2271 φλοῖ
647 2204 775 2268 τοὺς
805 2204 1144 2275 ὀφθαλμοὺς,
1176 2204 1320 2258 οὕτω
1362 2205 1454 2259 καὶ
1492 2206 1591 2277 τῆς
1627 2207 1808 2280 ἀρχῆς
1851 2208 1880 2261 ὁ
1908 2208 2076 2279 τῦφος

489 2295 656 2364 πηροῖ
685 2293 810 2356 τοὺς
843 2291 1160 2364 ὀφθαλμοὺς
1187 2293 1288 2366 τῆς
1317 2293 1574 2359 διανοίας.

563 2491 727 2546 Ἀλλά
751 2493 838 2559 τί;
875 2492 1054 2564 βούλει
1079 2495 1142 2549 τδ
1172 2494 1506 2549 πολύευκτον
1533 2497 1766 2569 πρᾶγμα
1795 2497 2065 2565 ἐξετάσω-

482 2598 616 2650 μεν,
654 2582 748 2635 τὸν
781 2581 1044 2647 πλοῦτον;
1076 2583 1214 2654 Φέρε
1251 2584 1569 2656 καταμέρος
1606 2585 1770 2639 αὑτὸν
1804 2585 2073 2652 ἐξετάσω-

481 2686 602 2739 μεν.
643 2670 799 2742 Ἔχει
845 2671 1094 2742 τρυφὴν,
1141 2670 1254 2742 ἔχει
1299 2672 1496 2743 τιμὰς,
1531 2673 1645 2744 ἔχει
1685 2675 1746 2728 τὺ
1784 2674 2066 2731 δύνασθαι.

479 2756 705 2828 Πρῶτον
736 2755 851 2821 οὖν,
877 2759 927 2811 εί
953 2759 1154 2830 βούλει,
1184 2759 1284 2830 τὴν
1307 2760 1518 2831 τρυφὴν
1543 2761 1889 2832 ἐξετάσωμεν
1911 2805 1925 2828 ,
1947 2765 2071 2835 οὑχὶ

476 2846 757 2917 κονιορτός
788 2849 940 2912 ἐστι;
969 2846 1173 2917 μᾶλλον
1205 2847 1262 2901 δὲ
1283 2847 1379 2900 καὶ
1403 2847 1594 2902 τούτου
1629 2849 1926 2921 ταχύτερον
1959 2867 2068 2906 πα-

481 2935 736 3006 ρατρέχει
761 2953 776 2966 ·
823 2936 985 3006 μέχρι
1015 2936 1123 3008 γάρ
1145 2936 1245 3004 τῆς
1275 2936 1524 3007 γλώττης
1555 2939 1588 3010 ἠ
1625 2939 1783 3012 ἡδονή
1812 2942 1910 3011 τῆς
1933 2958 2065 3010 τρυ-

477 3023 585 3092 φῆς
608 3040 622 3056 ο
658 3024 790 3077 ὅταν
825 3025 883 3078 δὲ
931 3025 1220 3096 ἐμπλησθῇ
1256 3027 1289 3097 ή
1341 3027 1576 3096 γαστήρ,
1613 3027 1732 3080 οὑδέ
1772 3028 1931 3100 μέχρι
1966 3030 2067 3100 τῆς

473 3109 743 3181 γλώττης.
799 3112 939 3166 Ἀλλ’
977 3114 1140 3167 αὑταὶ
1173 3115 1230 3167 αί
1274 3116 1434 3185 τιμαὶ
1474 3117 1709 3187 πρᾶγμα
1740 3117 1870 3186 ἡδὺ,
1908 3119 2062 3190 φησί.

477 3201 590 3254 Καὶ
614 3200 668 3254 τί
687 3201 786 3271 τῆς
806 3203 973 3274 τιμῆς
1000 3202 1216 3273 ἐκείνης
1241 3204 1592 3276 ἀηδέστερον,
1612 3207 1739 3260 ὅταν
1765 3205 1853 3259 διὰ
1874 3208 2068 3279 χρείαν

475 3290 687 3358 γίνεται
722 3291 1061 3363 χρημάτων;
1101 3292 1274 3345 Ὅταν
1301 3292 1374 3363 μὴ
1409 3293 1472 3345 ἐκ
1498 3293 1898 3364 προαιρέσεως,
1933 3297 2068 3365 μηδὲ

477 3378 586 3432 ἀπὸ
626 3379 936 3451 προθυμίας
963 3380 1127 3442 τινὸς,
1161 3380 1225 3434 οὑ
1262 3381 1326 3433 σὺ
1370 3381 1686 3451 καρποῦσαι
1724 3383 1826 3452 τήν
1858 3385 2023 3455 τιμήν
2047 3427 2062 3449 ,

475 3470 592 3523 ἀλλ’
627 3470 655 3522 6
689 3469 940 3529 πλοῦτος.
981 3470 1143 3522 Ὥστε
1175 3468 1412 3540 μάλιστα
1448 3469 1670 3524 πάντων
1697 3472 1892 3543 ἄτιμον
1920 3478 2068 3528 ποιεῖ

475 3559 566 3611 τὸν
594 3557 929 3612 πλουτοῦντα
959 3557 1119 3611 τοῦτο
1141 3557 1295 3611 αὑτό.
1329 3558 1464 3610 Εἰπέ
1486 3557 1595 3630 γάρ
1623 3577 1733 3630 μοι,
1757 3560 1886 3614 εἷσε
1911 3563 2065 3631 φίλον

473 3647 666 3716 ἔχοντα
698 3647 900 3709 πάντες
930 3646 1162 3716 ἐτίμων,
1194 3644 1508 3715 ὡμολόγουν
1541 3647 1597 3700 δὲ
1630 3647 1688 3700 σὲ
1715 3648 1814 3719 μὲν
1850 3650 2064 3714 οὐδενὸς

472 3731 624 3798 ἀξιον
672 3730 813 3788 εἶναι
834 3776 846 3798 ,
895 3733 1308 3803 ἀναγκάζεσθαι
1337 3735 1394 3789 δὲ
1425 3734 1493 3787 δι’
1520 3737 1730 3789 ἐκεῖνον
1761 3740 1928 3808 τιμᾷν
1950 3780 1964 3804 ,
1997 3735 2064 3810 ῆν

471 3824 620 3886 ὅπως
660 3822 727 3877 άν
761 3840 819 3876 σε
851 3823 1055 3895 ἑτέρως
1090 3822 1403 3893 ήτίμασαν;
1446 3825 1610 3878 Ὥστε
1635 3825 1861 3896 ἀτιμίας
1891 3827 2061 3891 αἴτιος

469 3913 500 3966 6
533 3909 763 3974 πλοῦτος
787 3912 922 3981 ἡμῖν
945 3950 958 3972 ,
995 3910 1177 3964 αὑτῶν
1203 3911 1310 3965 τῶν
1347 3914 1703 3984 κεκτημένων
1735 3915 2064 3985 τιμιώτερος

469 3999 580 4067 ὢν,
625 4000 721 4055 καὶ
767 3999 1084 4064 ἀσθενείας,
1131 4000 1165 4071 ἢ
1204 4001 1526 4066 δυναστείας
1569 4006 1894 4074 τεκμήριον.
1937 4005 2062 4070 Πῶς

467 4085 565 4144 οὖν
595 4089 696 4142 οὑκ
729 4086 931 4142 ἀτοπον
953 4087 1058 4157 γῆς
1084 4088 1179 4141 καὶ
1213 4089 1409 4142 σποδοῦ
1433 4089 1790 4161 (τοῦτογάρὸ
1819 4092 2060 4164 χρυσὸς)

473 4177 550 4250 μὴ
577 4177 896 4248 νομίζεσθαι
932 4178 1079 4247 ἡμᾶς
1105 4175 1292 4240 ἀξίους
1313 4173 1474 4243 εἶναι,
1503 4177 1617 4232 ἀλλ’
1645 4179 1792 4249 ἡμᾶς
1823 4181 1889 4234 δι’
1915 4183 2062 4234 ἐκεῖ-

470 4281 564 4319 νον
591 4264 894 4336 τιμᾶσθαι;
929 4264 1168 4327 Εἰκότως
1193 4281 1206 4294 ·
1238 4265 1354 4318 ἀλλ’
1384 4267 1483 4336 οὑχ
1513 4266 1544 4318 6
1571 4266 1665 4319 τοῦ
1695 4265 1928 4321 πλούτου
1965 4287 2064 4324 καο

470 4353 780 4424 ταφρονῶν,
819 4353 963 4407 οὕτω
983 4369 997 4382 ο
1035 4355 1283 4424 κρεῖττον
1311 4354 1420 4424 γάρ
1458 4355 1532 4426 μὴ
1558 4355 1827 4426 τιμᾶσθαι
1856 4357 1888 4428 ἢ
1920 4339 2064 4412 οὑτω

472 4443 758 4514 τιμᾶσθαι.
791 4445 924 4497 Εἰπὲ
957 4445 1066 4514 γάρ
1109 4462 1220 4515 μοι,
1253 4447 1305 4500 εῐ
1334 4463 1417 4510 τις
1443 4443 1567 4499 είπέ
1604 4463 1704 4513 σοι,
1741 4447 1823 4500 ὅτι
1872 4449 1938 4502 Σὲ
1965 4450 2060 4502 οὑ-

471 4533 666 4603 ὑεμιᾶς
695 4532 940 4604 ἡγοῦμαι
965 4535 1114 4600 ἄξιον
1141 4535 1330 4605 τιμῆς,
1365 4535 1453 4590 διὰ
1485 4536 1541 4590 δὲ
1567 4538 1697 4600 τοὺς
1722 4537 1940 4602 οἰκέτας
1967 4556 2059 4593 σου

471 4622 620 4692 τιμῶ
652 4639 743 4684 σε,
781 4617 890 4693 ἆρα
923 4621 974 4674 τί
1000 4623 1206 4692 ταύτης
1235 4624 1334 4692 τῆς
1367 4625 1592 4696 ἀτιμίας
1622 4626 1833 4695 γένοιτο
1863 4629 1929 4681 ἂν
1952 4630 2062 4699 χεῖ-

475 4728 599 4782 ρονς
639 4711 700 4763 Εἰ
725 4709 782 4763 δὲ
810 4709 870 4762 τὸ
897 4710 962 4762 δι’
1001 4711 1216 4774 οἰκέτας
1249 4712 1511 4780 τιμᾶσθαι
1546 4714 1774 4785 αἰσχρὸν
1807 4717 1934 4779 τοὺς
1963 4716 2062 4782 τῆς

473 4801 646 4870 αὑτῆς
675 4799 854 4870 ψυχῆς
887 4801 1019 4870 ήμῖν
1055 4801 1447 4866 κοινωνοῦντας
1487 4803 1582 4856 καὶ
1611 4802 1848 4873 φύσεως,
1881 4806 2062 4878 πολλῴ

477 4890 698 4961 μίλλον,
747 4888 835 4943 διὰ
872 4888 1106 4956 τούτων,
1155 4889 1299 4958 άπερ
1335 4891 1482 4944 ἐστὶν
1515 4892 1905 4965 εὐτελέστερα,
1947 4896 2061 4948 τοί-

472 4997 604 5050 χους
649 4978 794 5047 λέγω
829 4979 1017 5034 οἰκιῶν
1058 4980 1152 5033 καὶ
1182 4979 1352 5044 αὐλὰς
1394 4981 1490 5034 καὶ
1530 4982 1698 5053 σκεύη
1743 4987 1923 5055 χρυσᾶ
1967 4988 2061 5040 καὶ

477 5068 690 5138 ῑμάτια.
738 5066 918 5130 Γέλως
960 5067 1129 5131 ὅντως
1169 5068 1264 5121 καὶ
1316 5067 1545 5140 αἰσχύνη
1599 5069 1775 5126 ταῦτα
1800 5091 1812 5105 ·
1853 5073 2061 5143 βέλτιον

473 5156 765 5211 ἀποθανεῖν
787 5197 801 5220 ,
833 5155 866 5225 ῆ
907 5154 1052 5210 οῦτω
1085 5155 1406 5227 τιμηθῆναι.
1449 5159 1586 5213 Εἰπὲ
1616 5161 1726 5230 γάρ
1758 5179 1868 5232 μοι,
1900 5164 1955 5217 εί
1978 5164 2063 5227 τίς

475 5263 536 5299 σε
567 5243 948 5298 κινδυνεύοντα
974 5246 1030 5296 ἐν
1054 5243 1132 5314 τῷ
1157 5244 1311 5315 τύφῳ
1334 5245 1508 5316 τούτῳ
1529 5247 1752 5319 εὑτελὴς
1777 5251 1872 5302 καὶ
1892 5252 2062 5306 κατά-

474 5350 710 5397 πτυστος
732 5333 1008 5398 ἐξελέσθαι
1033 5335 1267 5406 ἠθέλησε
1290 5334 1384 5388 τοῦ
1412 5336 1682 5397 κινδύνου,
1704 5339 1756 5392 τί
1780 5339 1845 5393 ἂν
1867 5340 2059 5398 τούτου

473 5427 653 5496 χεῖρον
685 5417 790 5494 ῆν;
825 5423 1002 5492 Ὅπερ
1023 5423 1078 5476 δὲ
1103 5424 1231 5495 περὶ
1263 5427 1363 5495 τῆς
1395 5423 1604 5490 πόλεως
1628 5427 1766 5498 πρὸς
1797 5428 2059 5500 ἀλλήλους

473 5511 693 5581 λέγετε,
747 5509 1006 5580 βούλομαι
1058 5511 1194 5580 πρὸς
1235 5513 1380 5582 ὑμᾶς
1429 5514 1623 5568 εἰπεῖν.
1679 5516 2059 5586 Προσέκρουσέ

475 5616 605 5652 ποτε
644 5598 722 5670 τῷ
753 5596 1042 5667 κρατοῦντι
1086 5600 1120 5668 ή
1157 5597 1310 5662 πόλις
1349 5601 1382 5670 ή
1416 5601 1698 5673 ἡμετέρα,
1745 5602 1837 5655 καὶ
1876 5604 2058 5658 πᾶσαν

475 5686 646 5757 αὐτὴν
685 5685 971 5739 ἐκέλευσεν
1013 5683 1184 5756 ἄρδην
1214 5687 1513 5740 ἀπολέσθαι
1553 5689 1693 5757 μετὰ
1723 5690 1934 5760 ἀνδρῶν
1963 5693 2059 5746 καὶ

475 5775 684 5830 παίδων
708 5775 802 5829 καὶ
834 5772 1172 5844 οἰκημάτων.
1203 5773 1446 5829 Τοιοῦτοι
1479 5776 1590 5849 γάρ
1616 5779 1663 5830 οἱ
1691 5777 1853 5849 θυμοὶ
1882 5780 1932 5832 οἱ
1960 5779 2057 5850 βα-

478 5862 674 5919 σιλικοί
693 5880 707 5894 ⁶
743 5863 809 5936 τῇ
840 5859 1058 5935 ἐξουσίᾳ
1089 5861 1211 5915 ὅσον
1238 5861 1303 5918 ἂν
1335 5862 1551 5933 θέλωσι,
1580 5866 1895 5943 χαρίζονται
1923 5884 1935 5898 °
1971 5886 2058 5924 το-

1377 401 1441 456 IN
1483 402 1702 460 EPIST.
1745 403 1834 458 AD
1867 400 2157 458 COLOSS.
2199 399 2456 465 CAPJII.
2499 408 2734 465 HOMIL.
2785 409 2890 464 VII.

3672 405 3778 459 523

2201 522 2388 576 σοῦτον
2425 523 2576 599 [376]
2611 527 2643 597 ή
2696 525 2915 592 ἐξουσία
2944 525 3130 577 κακόν.
3167 519 3275 576 Ἦν
3307 517 3399 576 οὖν
3435 525 3489 574 ἐν
3519 518 3782 582 κινδύνοις

2195 613 2305 673 τοῖς
2335 613 2604 682 ἐσχάτοις.
2643 613 2705 666 'H
2732 614 2788 667 δὲ
2811 612 3004 682 γείτων
3037 613 3212 675 πόλις,
3248 609 3444 681 αῦτηή
3481 606 3779 661 ἐπιθαλάσσ-

2197 714 2330 765 σιος,
2363 699 2590 756 ἐλθοῦσα
2616 703 2957 774 παρεκάλεσε
2979 701 3070 754 τὸν
3099 699 3324 771 βασιλέα
3348 699 3489 770 ὑπὲρ
3511 696 3689 769 ήμῶν·
3729 697 3778 748 οἱ

2193 786 2250 841 δὲ
2281 789 2380 861 τὴν
2425 790 2580 845 πόλιν
2621 791 2896 856 οἰκοῦντες
2931 793 3031 862 τὴν
3069 789 3346 862 ἡμετέραν
3395 788 3583 856 ἔλεγον
3621 783 3782 840 τοῦτο

2194 879 2375 948 χεῖρον
2405 874 2544 934 εἶναι
2571 879 2667 934 τοῦ
2698 882 3113 951 κατασκαφῆναι
3146 879 3246 949 τὴν
3277 878 3453 933 πόλιν.
3487 875 3647 930 Οῦτω
3683 871 3780 927 τοῦ

2193 965 2559 1040 ἀτιμασθῆναι
2586 970 2646 1022 τὸ
2669 969 2812 1024 οὕτω
2843 969 3106 1040 τιμᾶσθαι
3128 969 3308 1040 χεῖρόν
3335 970 3472 1021 ἐστι.
3500 966 3642 1036 Ὅρα
3668 961 3778 1031 γὰρ

2195 1053 2358 1108 πόθεν
2385 1055 2499 1126 ἔχει
2519 1055 2616 1128 τὴν
2641 1059 2796 1129 ῥίζαν
2820 1060 2853 1128 ή
2876 1058 3030 1128 τιμή.
3067 1055 3360 1124 Μαγείρων
3383 1057 3561 1125 χεῖρες
3592 1049 3776 1103 ποιοῦ-

2194 1160 2278 1195 σιν
2326 1145 2474 1215 ἡμᾶς
2509 1145 2812 1216 τιμᾶσθαι,
2850 1145 2991 1198 ὥστε
3027 1143 3256 1206 ἐκείνοις
3300 1141 3585 1212 ὀφείλομεν
3615 1139 3778 1209 χάριν

2192 1230 2336 1302 ἔχειν
2357 1248 2370 1262 '
2404 1233 2497 1289 καὶ
2522 1233 2762 1288 συϐῶται
2787 1233 3122 1305 παρέχοντες
3155 1231 3415 1286 πλουσίαν
3446 1229 3543 1302 τὴν
3573 1227 3778 1300 τράπε-

2192 1325 2314 1390 ζαν,
2345 1328 2438 1380 καὶ
2467 1327 2701 1398 ὑφάνται
2732 1329 2827 1382 καὶ
2849 1327 3021 1398 ἔριθοι
3057 1326 3151 1380 καὶ
3179 1327 3228 1380 οἱ
3280 1323 3519 1396 μέταλλα
3551 1319 3780 1393 ἐργαζό-

2194 1431 2344 1485 μενοι
2370 1415 2466 1469 καὶ
2494 1414 2946 1470 πλακουντοποιώ
2975 1415 3069 1470 καὶ
3095 1412 3508 1488 τραπεζοποιοί.

2257 1608 2319 1664 δ’.
2355 1608 2463 1663 Τοῦ
2494 1609 2672 1664 τοίνυν
2698 1609 2908 1674 τούτοις
2938 1609 3138 1664 εἰδέναι
3177 1609 3338 1680 χάριν
3370 1606 3471 1678 τῆς
3510 1606 3677 1678 τιμῆς
3701 1605 3764 1658 οὑ

2191 1700 2397 1770 βέλτιον
2419 1699 2479 1754 τὸ
2501 1700 2576 1771 μή
2593 1700 2887 1771 τιμᾶσθαι;
2907 1700 3016 1754 Καὶ
3042 1699 3213 1769 χωρὶς
3237 1697 3293 1751 δὲ
3313 1697 3526 1761 τούτου,
3545 1696 3627 1749 δτι
3658 1697 3778 1748 άτι-

2191 1789 2320 1860 μίας
2353 1787 2515 1858 γέμει
2542 1787 2603 1842 τὸ
2629 1788 2900 1854 πλουτεῖν,
2927 1786 3038 1856 ἐγὼ
3061 1786 3248 1855 σαφῶς
3271 1785 3552 1850 ἀποδεῖξαι
3579 1784 3776 1854 πειρά-

2187 1895 2374 1950 σομαι.
2411 1876 2525 1948 Τήν
2554 1877 2735 1950 ψυχὴν
2765 1877 2998 1948 αἰσχράν
3037 1875 3370 1949 ἐργάζεται·
3400 1875 3454 1929 τί
3488 1874 3545 1929 δὲ
3583 1872 3776 1928 τούτου

2185 1967 2547 2039 άτιμότερον;
2585 1967 2720 2022 Εἰπὲ
2761 1967 2871 2037 γάρ
2913 1983 3005 2038 μοι
3031 2010 3046 2033 ,
3083 1967 3131 2019 εί
3159 1964 3222 2020 τὸ
3255 1965 3414 2035 σῶμα
3441 1964 3642 2034 ὡραῖον
3671 1960 3774 2034 ἦν,

2184 2057 2280 2110 καὶ
2311 2056 2522 2120 πάντας
2559 2056 2728 2110 νικῶν
2772 2054 2850 2128 τῷ
2897 2055 3108 2116 κάλλει,
3139 2057 3167 2106 ὁ
3201 2054 3259 2107 δέ
3283 2052 3516 2115 πλοῦτος
3551 2051 3777 2123 προσελ-

2183 2146 2293 2200 θὼν
2340 2145 2713 2218 ἐπηγγέλλετο
2757 2145 3004 2216 ποιήσειν
3055 2143 3312 2215 αἰσχρὸν,
3364 2143 3459 2197 καὶ
3496 2143 3620 2196 ἀντὶ
3675 2141 3776 2211 μὲν

2184 2232 2371 2303 ὑγιοῦς
2404 2233 2655 2297 νοσῶδες,
2690 2233 2813 2286 ἀντὶ
2849 2233 2907 2286 δὲ
2937 2231 3384 2302 κατεσταλμένου
3418 2230 3772 2302 φλεγμαῖνον,

2183 2323 2278 2376 καὶ
2319 2322 2497 2376 πάντα
2522 2321 2592 2374 τὰ
2626 2320 2762 2391 μέλη
2797 2319 2989 2394 ὑδέρου
3024 2319 3322 2391 πληρώσας
3351 2319 3644 2388 ἐξώγκωσε
3675 2318 3774 2389 μὲν

2179 2412 2280 2484 τὴν
2303 2411 2447 2480 ὅφιν,
2478 2411 2574 2464 καὶ
2599 2409 2865 2464 πάντοθεν
2894 2410 3154 2482 ἐποίησεν
3175 2408 3450 2472 οίδαίνειν,
3480 2406 3772 2476 ἐξώγκωσε

2178 2502 2237 2556 δὲ
2267 2500 2434 2564 πόδας
2463 2500 2558 2553 καὶ
2583 2498 2692 2553 τῶν
2717 2497 2894 2552 δοκῶν
2925 2497 3262 2571 βαρυτέρους
3298 2496 3575 2568 ἐποίησεν,
3606 2494 3775 2562 ἐξώγ-

2179 2607 2325 2645 κωσε
2365 2590 2422 2644 δὲ
2461 2588 2706 2659 γαστέρα
2761 2589 2856 2642 καὶ
2884 2587 3088 2652 παντὸς
3127 2587 3287 2641 πίθου
3327 2587 3552 2657 μείζονα
3586 2585 3775 2656 εἰργά-

2179 2696 2348 2745 σατο,
2397 2678 2492 2732 καὶ
2537 2677 2676 2748 μετά
2707 2675 2871 2730 τοῦτο
2899 2677 3020 2731 οὑδὲ
3065 2679 3180 2740 τοῖς
3225 2674 3572 2746 βουλομένοις
3614 2674 3776 2745 θεραο

2176 2765 2366 2822 πεὺειν
2394 2765 2766 2838 ἐπηγγέλλετο
2793 2764 3175 2836 συγχωρήσειν
3207 2761 3396 2833 (τοῦτο
3421 2761 3530 2833 γὰρ
3560 2764 3592 2832 ή
3621 2760 3774 2826 ἐξου-

2177 2855 2327 2921 σία),
2361 2855 2496 2908 ἀλλά
2523 2852 2792 2926 τοσαύτην
2817 2853 3011 2907 δώσειν
3045 2849 3384 2922 ἐλευθερίαν,
3415 2849 3557 2903 ὥστε
3590 2850 3655 2904 ἄν
3688 2867 3773 2913 τις

2175 2943 2407 3015 προσείη
2448 2941 2680 3012 ἀπάγων
2726 2941 2834 2996 τῶν
2883 2939 3234 3012 βλαπτόντων
3273 2938 3526 2994 κολάσειν
3569 2939 3766 2991 αὑτόν·

2174 3027 2284 3103 ἆρα
2311 3027 2378 3102 ἦν
2408 3033 2473 3087 ἀν
2492 3050 2546 3085 τι
2574 3030 2768 3084 τούτου
2802 3029 3082 3101 ὠμότερον
3102 3069 3117 3093 ,
3157 3026 3278 3081 είπέ
3314 3044 3437 3096 μοις
3471 3025 3683 3079 Οὑκοῦν
3709 3026 3774 3078 16

2175 3119 2447 3183 πλουτεῖν,
2480 3121 2610 3174 ὅταν
2638 3118 2738 3191 τὴν
2773 3117 2953 3188 ψυχὴν
2981 3116 3158 3170 ταῦτα
3191 3115 3498 3186 ἐργάζηται
3517 3156 3530 3182 ,
3559 3113 3678 3174 πῶς
3704 3113 3771 3167 ἂν

2174 3209 2260 3280 εἴη
2292 3209 2486 3276 καλόν;
2528 3207 2671 3260 Ἀλλ’
2702 3209 2735 3278 ή
2764 3205 2985 3273 ἐξουσία
3007 3205 3180 3275 αὑτῆς
3202 3203 3303 3274 τῆς
3333 3203 3494 3256 νόσου
3523 3202 3770 3273 χαλεπωο

2171 3297 2342 3368 τέρα·
2378 3298 2438 3350 τὸ
2485 3297 2594 3367 γάρ
2634 3294 2894 3350 νοσοῦντα
2936 3292 3072 3364 μηδὲ
3113 3292 3301 3362 νόμοις
3342 3289 3544 3363 ἰατρῶν
3581 3289 3768 3344 πείθε-

2175 3385 2331 3450 σθαι,
2357 3384 2454 3438 τοῦ
2482 3387 2658 3439 νοσεῖν
2686 3381 3071 3454 χαλεπώτερον
3097 3398 3110 3412 ·
3145 3381 3283 3452 ὅπερ
3313 3381 3341 3432 6
3370 3379 3600 3443 πλοῦτος
3627 3379 3762 3449 ἔχει,

2172 3473 2510 3543 πανταχόθεν
2541 3471 2899 3541 φλεγμαίνειν
2932 3468 3102 3523 ποιῶν
3136 3467 3235 3540 τὴν
3273 3467 3486 3538 ψυχὴν,
3524 3467 3768 3529 καὶτοὺς

2175 3563 2394 3634 ἰατροὺς
2428 3562 2710 3633 προσιέναι
2753 3559 3000 3614 κωλύων.
3051 3560 3214 3611 Ὥστε
3257 3559 3346 3612 διὰ
3377 3557 3477 3629 τὴν
3515 3556 3766 3621 ἐξοδσίαν

2173 3653 2248 3723 μὴ
2295 3652 2692 3722 μακαρίζωμεν
2735 3649 2982 3715 τούτους,
3024 3648 3141 3702 ἀλλ’
3179 3648 3442 3718 ὲλεῶμεν,
3477 3647 3612 3701 Οὑδὲ
3655 3647 3765 3715 γάρ

2170 3741 2418 3812 ὑδερικὸν
2469 3739 2592 3794 ἰδὼν
2633 3737 3068 3809 κατακείμενον,
3111 3738 3205 3791 καὶ
3243 3735 3446 3806 μηδένα
3486 3733 3765 3788 κωλύοντα

2169 3828 2529 3900 ἐμφορεῖσθαι
2573 3827 2872 3897 πομάτων,
2919 3826 3174 3894 ὅσωνπερ
3225 3825 3405 3896 ήθελε,
3453 3823 3549 3876 καὶ
3586 3823 3765 3894 κρεῶν

2168 3918 2279 3970 τῶν
2308 3917 2654 3988 βλαπτόντων
2674 3957 2688 3979 ,
2721 3915 3040 3986 ἐμακάρισα
3073 3912 3139 3968 ἂν
3171 3911 3337 3966 αὑτὸν
3364 3911 3452 3968 διὰ
3479 3912 3578 3983 τὴν
3612 3911 3764 3976 ἐξου-

2171 4008 2313 4062 σίαν.
2368 4006 2443 4060 Οὑ
2495 4005 2605 4076 γὰρ
2643 4003 2921 4073 πανταχοῦ
2960 4006 2994 4073 ἡ
3049 4000 3270 4066 ἐξουσία
3321 3999 3519 4062 καλὸν,
3572 3999 3764 4068 ὥσπερ

2167 4093 2263 4150 οὖν
2307 4095 2428 4148 οὑδὲ
2463 4095 2521 4150 αἱ
2551 4093 2745 4165 τιμαί·
2783 4095 2879 4146 καὶ
2925 4093 3034 4162 γάρ
3075 4091 3168 4144 καὶ
3203 4084 3365 4146 αὗται
3415 4090 3763 4161 φρονήματος

2171 4185 2441 4255 πληροῦσι
2471 4183 2688 4238 πολλοῦ.
2727 4184 2789 4235 El
2829 4181 2884 4234 δὲ
2913 4181 2974 4233 τὸ
3015 4180 3178 4249 σῶμα
3207 4180 3306 4233 οὑκ
3337 4180 3403 4234 ἂν
3433 4177 3577 4232 εἵλου
3624 4179 3762 4248 μετὰ

2170 4275 2402 4328 πλούτου
2436 4273 2642 4343 ταύτην
2686 4269 2942 4336 δέξασθαι
2973 4267 3071 4340 τὴν
3099 4268 3276 4330 νόσον,
3311 4267 3428 4331 πῶς
3457 4268 3555 4338 τὴν
3583 4267 3764 4338 ψυχὴν

2169 4365 2453 4435 περιορᾷς,
2485 4361 2790 4432 οὐχὶ-τοῦτο
2819 4361 3000 4432 μόνον,
3029 4357 3166 4412 ἀλλὰ
3193 4357 3289 4412 καὶ
3312 4358 3511 4428 ἑτέραν
3539 4357 3762 4412 κόλασιν

2168 4451 2500 4521 δεχομένην;
2541 4451 2648 4502 Καὶ
2707 4449 2817 4519 γάρ
2869 4449 3131 4519 πυρετοῖς
3183 4445 3447 4500 πάντοθεν
3501 4445 3762 4516 φλέγεται

2169 4542 2264 4594 καὶ
2292 4539 2622 4610 φλεγμοναῖς
2642 4578 2656 4600 ,
2691 4537 2786 4590 καὶ
2811 4536 2908 4588 τὸν
2934 4533 3168 4606 πυρετὸν
3199 4536 3406 4589 ἐκεῖνον
3433 4534 3609 4597 οὐδεὶς
3637 4534 3763 4586 σϐέ-

2171 4646 2260 4682 σαι
2292 4628 2518 4682 δύναται
2539 4643 2553 4657 '
2588 4627 2650 4680 οὑ
2680 4626 2788 4697 γάρ
2825 4624 3052 4696 ἀφίησιν
3089 4624 3118 4676 6
3156 4621 3407 4687 πλοῦτος,
3442 4622 3584 4694 άπερ
3613 4623 3762 4675 ἐστὶν

2169 4717 2561 4790 ἐλαττώματα,
2602 4717 2776 4771 ταῦτα
2835 4716 3030 4777 πείσας
3071 4709 3214 4767 εἷναι
3271 4713 3758 4782 πλεονεκτήματα’

2168 4804 2302 4872 οἷον,
2321 4807 2382 4860 τὸ
2408 4806 2638 4878 μηδενὸς
2660 4804 2973 4874 ἀνέχεσθαι,
2998 4805 3098 4854 καὶ
3115 4800 3333 4872 ἐξουσίᾳ
3366 4801 3544 4854 πάντα
3561 4803 3756 4857 ποιεῖν.

2170 4898 2245 4951 Ού
2275 4898 2385 4968 γάρ
2409 4897 2631 4967 εὑρήσει
2661 4911 2746 4957 τις
2771 4892 2940 4963 ἀλλην
2975 4889 3153 4961 ψυχὴν
3178 4888 3449 4942 τοσούτων
3480 4888 3760 4958 γέμουσαν

2171 4983 2478 5054 ἐπιθυμιῶν
2514 4983 2607 5036 καὶ
2632 4981 2804 5044 οὕτως
2838 4979 3085 5040 ἀτόπων,
3117 4977 3195 5041 ὡς
3221 4977 3322 5040 τάς
3357 4977 3465 5030 τῶν
3499 4976 3761 5048 βουλομέο

2170 5090 2275 5126 νων
2305 5072 2574 5125 πλουτεῖν.
2609 5069 2790 5131 Πότας
2827 5068 2936 5140 γὰρ
2967 5066 3238 5138 ληρωδίας
3266 5065 3365 5136 οὑχ
3405 5065 3759 5136 ὑπογράφου-

2170 5179 2254 5214 σιν
2284 5161 2528 5223 ὲαυτοῖς;
2566 5157 2782 5212 Μᾶλλον
2813 5154 2919 5210 τῶν
2959 5155 3088 5217 τοὺς
3117 5151 3586 5224 ἱπποκενταύρους
3621 5154 3758 5206 ἀνα-

2169 5247 2518 5302 πλαττόντων
2556 5246 2650 5298 καὶ
2678 5243 2776 5306 τάς
2805 5242 3070 5312 χιμαίρας
3101 5242 3197 5295 καὶ
3228 5243 3356 5305 τοὺς
3391 5241 3756 5313 δρακοντόπο-

2166 5337 2260 5402 δας
2281 5333 2432 5407 [57η
2462 5334 2557 5388 καὶ
2580 5333 2678 5395 τάς
2710 5331 2955 5394 Σκύλλας
2983 5330 3077 5384 καὶ
3104 5331 3176 5382 τά
3200 5330 3426 5402 τέρατα,
3459 5330 3556 5384 ἴδοι
3576 5347 3660 5393 τις
3689 5330 3757 5383 ἂν

2166 5425 2362 5488 αὑτοὺς
2418 5421 2880 5482 ἀναπλάττοντας.
2930 5417 3052 5472 Κᾶν
3109 5417 3342 5490 θελήσῃς
3388 5416 3567 5470 αὑτῶν
3627 5417 3756 5488 μίαν

2166 5512 2464 5583 ἐπιθυμίαν
2483 5507 2812 5568 ἀναπλάσαι,
2837 5506 2990 5560 οὐδὲν
3007 5503 3130 5559 οὒτε
3154 5506 3357 5560 σκύλλα
3378 5503 3502 5559 οῦτε
3521 5507 3756 5579 χίμαιρα

2165 5603 2290 5657 οὔτε
2321 5598 2755 5668 ἱπποκένταυρος
2775 5597 3106 5666 φανήσονται
3137 5595 3274 5666 πρὸς
3289 5593 3390 5667 τήν
3417 5595 3756 5666 τερατωδξαν
3865 5629 3870 5634 ,

2166 5691 2404 5760 ἐκείνην,
2436 5687 2551 5742 ἀλλ’
2577 5685 2833 5755 εὑρήσεις
2863 5683 3044 5738 πάντα
3063 5681 3201 5752 ὁμοῦ
3228 5682 3460 5754 ἔχουσαν
3475 5683 3544 5736 τά
3565 5681 3750 5753 θηρία.

2166 5780 2276 5831 Καὶ
2296 5777 2436 5848 τάχα
2459 5775 2524 5846 μέ
2543 5792 2625 5838 τις
2652 5775 2895 5843 οἰήσεται
2914 5773 2971 5824 ὲν
2985 5770 3200 5843 πλούτῳ
3219 5771 3549 5841 γεγενῆσθαι
3573 5768 3752 5838 πολλῷ

2166 5866 2338 5930 οὑτως
2387 5861 2794 5934 ἐπαληθεύοντα
2828 5861 2940 5922 τοῖς
2979 5860 3305 5930 γινομένοις.
3348 5859 3580 5928 Λέγεταί
3626 5871 3746 5918 τις·
