4140 6532
411 384 520 442 569

412 501 677 573 πρότερον
703 502 812 573 γὰρ
834 502 942 557 ἀπὸ
968 504 1076 557 τῶν
1106 507 1254 576 παρᾶ
1279 509 1392 572 τοῖς
1419 507 1681 579 Ἕλλησιν
1710 509 1985 582 ᾀδομένων

408 591 501 646 τὸν
534 592 691 660 λόγον
723 591 1067 659 πιστώσομαι
1093 609 1105 621 ·
1139 594 1356 663 λέγεταί
1394 614 1478 661 τις
1519 599 1650 669 παρ’
1680 597 1865 661 αὐτοῖς
1896 596 1992 668 βα-

410 679 593 743 σιλεὺς
621 678 875 733 τοσοῦτον
903 680 1181 752 ἐνυϐρίσαι
1214 685 1280 754 τῇ
1311 687 1515 757 τρυφῇ,
1543 683 1685 739 ὥστε
1719 685 1990 740 πλάτανον

408 769 635 837 ποιῆσαι
664 768 894 839 χρυσῆν,
927 768 1022 823 καὶ
1046 770 1277 840 οὐρανὸν
1308 774 1549 839 ἀνωθεν,
1582 776 1676 828 καὶ
1702 774 1845 829 οὕτω
1890 793 1990 830 κα-

407 855 576 920 θίσαι,
609 856 702 910 καὶ⁵
729 855 902 910 ταῦτα
935 857 1347 928 ἐπιστρατεύων
1387 860 1695 933 ἀνθρώποις
1732 863 1989 934 πολεμεῖν

409 943 809 1015 μεμαθηκόσιν.
842 938 989 1016 ΊΓΑρα
1023 946 1120 1015 ούχ
1155 948 1608 1021 ίπποκενταύρων
1633 949 1775 1021 αῦτη
1810 953 1843 1022 ή
1873 953 1990 1005 ἐπι-

406 1028 613 1102 θυμία;
646 1028 756 1103 ipa
779 1031 840 1085 οὐ
870 1032 1114 1103 Σκύλλης
1140 1051 1155 1100 ;
1187 1034 1413 1105 Ἕτερος
1441 1037 1604 1092 πάλιν
1635 1040 1715 1101 εἰς
1741 1038 1871 1110 βοῦν
1900 1038 1991 1104 ξύ-

404 1116 548 1171 λινον
567 1118 785 1173 ἐνέϐαλε
801 1120 927 1185 τοὺς
945 1119 1289 1192 ἀνθρώπους.
1312 1119 1459 1196 *Αρα
1485 1126 1546 1179 ού
1567 1125 1778 1179 Σκύλλα
1795 1126 1985 1190 τοῦτος

403 1205 557 1270 Τέως
581 1205 639 1259 δὲ
660 1205 770 1260 τῶν
796 1206 1063 1279 πρότερον
1092 1208 1152 1274 ἐξ
1180 1209 1369 1281 ἀνδρὸς
1390 1215 1623 1280 γυναῖκα
1652 1214 1873 1284 ἐποίησε
1894 1215 1987 1267 τὸν

405 1292 663 1362 βασιλέα,
696 1294 790 1348 τὸν
841 1294 1178 1368 στρατιώτην
1202 1314 1213 1331 ·
1251 1298 1359 1352 ἀπὸ
1390 1300 1669 1368 γυναικὸς,
1710 1302 1765 1355 τί
1804 1302 1983 1369 cfs-rw;

402 1382 592 1453 θηρίον
619 1383 833 1450 ἄλογον,
873 1384 969 1437 καὶ
1000 1385 1080 1439 έτι
1109 1386 1299 1441 τούτου
1331 1390 1531 1460 χεῖρον.
1568 1390 1650 1445 Τά
1676 1387 1786 1461 γάρ
1818 1390 1986 1464 θηρία

401 1470 508 1524 ὑπὸ
538 1470 772 1542 δένδρων
801 1471 868 1525 ἂν
897 1466 951 1546 ᾖ,
989 1470 1272 1543 ἀνέχονται
1304 1475 1405 1547 τῆς
1433 1477 1671 1545 φύσεως,
1703 1477 1795 1532 καὶ
1816 1477 1984 1532 πλέον

398 1558 553 1612 οὐδὲν
575 1558 921 1628 ἐπιζητοῦσιν
942 1577 956 1591 ·
975 1554 1129 1625 οὗτος
1147 1561 1205 1615 δέ
1227 1563 1320 1619 καὶ
1342 1563 1451 1617 τῶν
1474 1565 1679 1637 θηρίων
1699 1566 1800 1638 τήν
1820 1565 1984 1636 φύσιν

400 1646 843 1717 ὑπερηκόντισεν.
876 1642 1022 1717 1Ἄρα
1058 1648 1112 1703 τί
1149 1649 1346 1718 γένοιτ’
1373 1651 1441 1705 iv
1467 1652 1578 1706 τῶν
1609 1653 1982 1709 πλουτούντων

397 1734 785 1805 ἀνοητότερονς
818 1734 990 1790 Τοῦτο
1019 1735 1076 1790 δὲ
1103 1737 1211 1791 ἀπὸ
1243 1738 1344 1809 τῆς
1372 1739 1689 1808 πλεονεξίας
1715 1742 1825 1796 τῶν
1857 1744 1982 1798 ἐπι-

398 1822 610 1893 θυμιῶν
629 1822 857 1891 γίνεται.
878 1818 1025 1895 τΑρα
1038 1826 1160 1896 οὐχὶ
1177 1825 1364 1880 πολλοὶ
1386 1827 1758 1897 θαυμάζουσιν
1780 1831 1943 1885 αὐτόν
1961 1849 1977 1897 ;

396 1910 685 1982 Τοιγάρτοι
722 1912 817 1967 τοῦ
854 1913 1092 1981 γέλωτος
1134 1915 1480 1971 κοινωνοῦσιν
1509 1918 1680 1990 αὐτῷ.
1716 1920 1888 1974 Τοῦτο
1917 1922 1980 1976 οὑ

393 1999 487 2053 τδν
536 2000 769 2055 πλοῦτον
815 2002 1026 2057 ἐδείκνυ
1050 2045 1065 2068 ,
1121 2004 1258 2059 ἀλλά
1295 2007 1397 2076 τὴν
1426 2005 1633 2062 ἄνοιαν.
1686 2008 1844 2079 Πόσῳ
1878 2008 1980 2077 τῆς

394 2087 605 2157 χρυσῆς
632 2090 848 2160 ἐκείνης
875 2089 1148 2145 πλατάνου
1183 2093 1217 2162 ή
1240 2092 1341 2163 τῆς
1363 2092 1467 2164 γῆς
1496 2094 1755 2164 βελτίων;
1778 2095 1848 2149 τὰ
1870 2096 1978 2167 γὰρ

393 2177 534 2231 κατὰ
569 2177 732 2249 φύσιν
754 2179 863 2232 τῶν
896 2180 1049 2250 παρά
1086 2182 1249 2250 φύσιν
1285 2183 1441 2252 ήδίω.
1479 2183 1545 2236 Τί
1570 2184 1628 2238 δέ
1667 2200 1750 2237 σοι
1783 2185 1812 2237 6
1844 2202 1975 2255 χρυ-

395 2263 522 2326 σοῦς
546 2265 777 2337 οὐρανὸς
808 2266 1079 2331 ἐϐούλετο,
1106 2270 1339 2341 ἀνόητε;
1377 2271 1539 2343 Ὁρᾷς
1573 2271 1692 2336 πῶς
1716 2272 1977 2342 μαινομέ-

393 2368 518 2416 νους
548 2355 577 2407 ὁ
616 2352 845 2418 πλοῦτος
875 2359 1022 2409 ποιεῖ
1044 2359 1072 2411 ό
1098 2357 1299 2423 πολύς;
1335 2358 1453 2423 πῶς
1487 2359 1846 2431 φλεγμαίνει;
1881 2357 1976 2415 Οἷ-

397 2457 497 2509 μαι
526 2439 688 2494 αὑτὸν
730 2441 822 2495 καὶ
868 2441 967 2514 τὴν
993 2443 1262 2499 θάλατταν
1293 2447 1507 2515 ἀγνοεῖν
1527 2489 1542 2510 ,
1578 2448 1673 2502 καὶ
1702 2448 1845 2518 τάχα
1888 2447 1977 2519 βα-

390 2526 558 2592 δίζειν
586 2527 872 2597 βούλεσθαι
901 2530 990 2585 ἐπ’
1022 2533 1212 2603 αὐτῆς.
1246 2528 1392 2605 *Αρα
1412 2535 1471 2587 ού
1503 2534 1736 2607 χίμαιρα
1762 2535 1972 2601 ταῦτα;

391 2610 502 2684 ipa
540 2615 639 2686 οὐχ
672 2616 1139 2689 ίπποκένταυρος;
1189 2620 1330 2674 Ἀλλ’
1365 2622 1471 2675 εἰσὶ
1501 2623 1596 2676 καὶ¹
1623 2621 1719 2675 νῦν
1753 2640 1897 2688 τινες
1923 2623 1973 2677 οἳ

388 2702 511 2755 οὐδὲ
553 2702 762 2757 ἐκείνου
803 2703 1156 2772 ἀποδέουσιν,
1215 2707 1351 2762 ἀλλά
1394 2709 1574 2781 πολλῷ
1623 2710 1971 2783 ἀνοητότεροι

386 2790 748 2862 τυγχάνουσιν
798 2791 971 2857 ὄντες.
1006 2794 1072 2847 Τί
1120 2795 1263 2869 γάρ,
1300 2798 1423 2851 εἰπέ
1460 2817 1582 2868 μοι,
1634 2799 1733 2869 τῆς
1764 2799 1972 2871 χρυσῆς

388 2878 664 2933 πλατάνου
693 2872 1014 2953 διαφέρουσι
1043 2885 1185 2938 κατά
1210 2884 1398 2940 ἄνοιαν
1417 2887 1467 2940 οἱ
1498 2886 1738 2960 κεράμια
1764 2887 1975 2944 ποιοῦν⁴

386 2981 479 3030 τες
508 2968 689 3038 χρυσᾶ
727 2968 820 3021 καὶ
852 2968 1061 3040 χύτρας
1097 2971 1192 3025 καὶ
1215 2973 1572 3046 ἀλάϐαστρα;
1610 2974 1676 3028 Τί
1705 2976 1764 3029 δὲ
1794 2977 1850 3029 at
1881 2993 1973 3045 γυ·

387 3056 575 3118 ναῖκες
603 3053 964 3126 (αἰσχύνομαι
992 3057 1091 3128 μὲν
1116 3055 1229 3126 οὖν,
1253 3060 1391 3132 πλὴν
1414 3064 1711 3131 ἀναγκαῖον
1733 3062 1967 3134 εἰπεῖν),

385 3140 586 3211 ἀμίδας
630 3143 878 3213 ἀργυρᾶς
926 3144 1213 3211 ποιοῦσαις
1263 3147 1440 3220 Ὑμᾶς
1485 3149 1838 3219 αἰσχύνεσθαι
1872 3152 1971 3214 τὰς

383 3227 559 3282 ταῦτα
603 3229 863 3295 ποιούσας
901 3230 1032 3288 ἔδει.
1068 3233 1174 3287 Τοῦ
1206 3235 1444 3307 Χριστοῦ
1482 3236 1872 3306 λιμώττοντος,
1904 3238 1969 3291 σὺ

384 3316 528 3371 οὕτω
567 3319 814 3389 τρυφᾷςς
857 3319 1061 3390 μᾶλλον
1090 3321 1148 3375 δέ
1191 3323 1571 3393 ἀνοηταίνεις;
1616 3325 1775 3379 ποίαν
1809 3319 1969 3379 αὗται

384 3404 609 3459 κόλασιν
634 3405 696 3458 ού
723 3406 995 3475 τίσουσιν;
1026 3409 1149 3462 Ἔτι
1177 3404 1271 3463 οὖν
1301 3412 1533 3483 ἐρωτᾷς,
1557 3411 1646 3465 διά
1667 3415 1721 3466 τί
1750 3413 1967 3485 λῃσταὶ,

382 3492 472 3547 διὰ
504 3493 556 3546 τί
591 3493 935 3565 ἀνδροφόνοι,
968 3495 1059 3549 διά
1093 3496 1144 3549 τί
1179 3499 1250 3551 τὰ
1277 3499 1442 3562 κακὰ,
1480 3497 1653 3564 οὕτως
1698 3502 1843 3572 ὑμᾶς
1875 3501 1969 3556 τοῦ

382 3582 634 3637 διαϐόλου
667 3584 1122 3655 παρασύραντοςς
1154 3587 1228 3640 Τὸ
1265 3589 1364 3658 μὲν
1408 3589 1518 3663 γὰρ
1546 3591 1780 3646 ’πινάκια
1825 3592 1970 3664 ἔχειν

381 3671 635 3741 ἀργυρᾶ,
663 3671 788 3726 οὐδὲ
815 3671 974 3727 τοῦτο
1001 3674 1101 3744 μὲν
1127 3674 1268 3729 κατά
1294 3676 1582 3747 φιλόσοφον
1606 3678 1806 3752 ψυχήν,
1833 3681 1971 3735 ἀλλά

381 3760 596 3829 τρυφῆς
628 3759 688 3814 τδ
717 3761 827 3815 πᾶν
845 3775 860 3792 ⁸
900 3760 962 3814 τὺ
982 3761 1040 3815 δὲ
1069 3762 1163 3815 καὶ
1194 3762 1362 3835 σκεύη
1392 3763 1678 3837 ἀκάθαρτα
1706 3770 1879 3821 ποιεῖν
1912 3769 1971 3834 ἐξ
2028 3810 2043 3819 ,

382 3844 652 3918 ἀργύρου,
684 3843 796 3918 ἆρα
832 3847 1079 3919 τρυφῆς;
1117 3848 1234 3902 ἀλλ’
1266 3850 1368 3903 οὐκ
1396 3851 1462 3904 iv
1497 3853 1708 3924 εἴποιμι
1731 3855 1967 3925 τρυφῆς,

381 3933 500 3988 ἀλλ’
535 3933 721 3999 ἀνοίας
742 3950 755 3963 '
787 3935 904 3990 ἀλλ’
942 3935 1066 3990 οὐδὲ
1099 3935 1278 4004 τοῦτο,
1314 3936 1453 3992 ἀλλά
1496 3938 1714 4010 μανίας,
1768 3940 1970 4011 μᾶλλον

380 4021 439 4076 δὲ
473 4021 567 4076 καὶ
601 4022 799 4092 μανίας
829 4022 1035 4094 χεῖρον.

452 4104 666 4163 ε’.οίδα
691 4110 776 4163 ὅτι
805 4109 990 4163 πολλοί
1020 4128 1089 4181 με
1119 4111 1471 4182 κωμῳδοῦσιν
1501 4114 1593 4168 ἐπὶ
1630 4115 1827 4189 τούτῳ,
1853 4117 1967 4173 ἀλλ’

381 4198 484 4250 οὒκ
512 4198 933 4271 ἐπιστρέφομαι,
972 4200 1133 4270 μόνον
1171 4201 1413 4271 γενέσθω
1443 4221 1498 4257 τι
1532 4204 1715 4261 πλέον.
1761 4208 1969 4274 Ὄντως

381 4289 644 4358 ἀνοήτους
678 4291 826 4344 ποιεῖ
857 4290 919 4343 τὸ
948 4289 1202 4345 πλουτεῖν
1240 4292 1336 4346 καὶ
1374 4294 1760 4365 μαινομένους.
1793 4299 1856 4353 Et
1889 4316 1974 4354 το-

383 4377 557 4450 σαύτη
585 4372 737 4451 [578]
760 4374 882 4452 ἧνή
910 4382 1220 4451 περιουσία,
1252 4383 1632 4457 ἐϐουλήθησαν
1648 4385 1715 4440 iv
1745 4390 1840 4443 καὶ
1867 4389 1969 4461 τὴν
2000 4425 2009 4431 -

380 4468 487 4540 γῆν
506 4463 644 4522 εἶναι
672 4468 903 4539 χρυσῆν,
930 4471 1025 4524 καὶ
1056 4470 1269 4542 τοίχους
1301 4475 1557 4545 χρυσοῦς,
1582 4475 1726 4546 τάχα
1759 4478 1970 4531 καὶτὸν

379 4555 609 4626 οὐρανὸν
638 4555 729 4609 καὶ
759 4555 849 4609 τὸν
872 4557 1010 4629 ἀέρα
1032 4558 1139 4612 ἀπὸ
1165 4560 1393 4631 χρυσοῦ.
1423 4562 1518 4627 Τίς
1548 4567 1580 4633 ή
1609 4565 1796 4634 μανία,
1826 4566 1910 4630 τίς
1934 4568 1968 4638 ή

381 4642 775 4715 παρανομίαα;
805 4643 935 4708 τίςὸ
966 4646 1234 4718 ·πυρετός;
1267 4648 1494 4720 Ἕτερος
1518 4650 1595 4720 τῷ
1627 4652 1827 4722 κρυμῷ
1857 4653 1969 4707 δια-

379 4728 661 4802 φθείρεται
694 4730 724 4784 ὁ
760 4733 886 4785 κατ’
921 4732 1105 4786 εἰκόνα
1145 4734 1303 4798 Θεοῦ,
1338 4736 1403 4789 σὺ
1448 4735 1505 4788 δὲ
1537 4736 1766 4792 τοιαῦτα
1795 4756 1967 4793 κατα-

380 4821 702 4887 σκευάζεις;
739 4822 804 4875 Ὦ
844 4820 940 4875 τοῦ
978 4822 1150 4892 τύφου
1175 4841 1189 4856 ο
1221 4824 1274 4877 τί
1317 4822 1384 4878 iv
1431 4824 1593 4879 πλέον
1642 4827 1970 4900 μαινόμενος

377 4907 638 4981 ἐποίησε;
667 4908 738 4964 ei
754 4910 1169 4980 ἀποπατήματα
1197 4911 1340 4965 οὕτω
1360 4914 1547 4985 τιμᾷς,
1573 4913 1713 4968 ὥστε
1740 4916 1968 4990 ἀργύρῳ

379 4995 773 5066 ὑποδέχεσθαι;
816 4992 949 5051 Οῐδα
993 4998 1077 5051 ὅτι
1131 5000 1370 5071 ναρκᾶτε
1409 5001 1726 5069 ἀκούοντες,
1754 5005 1870 5059 ἀλλ’
1908 5009 1966 5060 αἱ

381 5085 636 5139 ποιοῦσαι
670 5085 1206 5158 ναρκᾷνθόφείλουσι,
1248 5089 1344 5142 καὶ
1370 5089 1418 5143 οἱ
1448 5093 1561 5155 τοῖς
1587 5091 1856 5158 τοιούτοις
1888 5112 1971 5149 νο-

380 5173 618 5244 σήμασιν
655 5173 849 5245 ἀνδρες
887 5173 1357 5245 ὑπηρετούμενοιί
1393 5177 1665 5233 ἀκολασία
1709 5180 1819 5252 γάρ
1847 5181 1966 5234 ἐστι

379 5262 474 5312 καὶ
501 5259 723 5331 ὠμότης
757 5259 852 5314 καὶ
880 5259 1248 5333 ἀπανθρωπία
1281 5264 1376 5318 καὶ
1404 5262 1670 5336 θηριωδία
1693 5268 1790 5321 καὶ⁸
1816 5269 1970 5322 ἀσέλ·

379 5362 506 5415 γεια
529 5349 705 5402 τοῦτοι
742 5349 880 5402 Ποία
925 5349 1157 5415 Σκύλλα,
1199 5351 1330 5405 ποία
1373 5351 1630 5424 χίμαιρα,
1662 5357 1815 5419 ποῖος
1837 5354 1966 5427 δρά-

381 5448 495 5490 κων
514 5475 531 5499 ,
574 5436 775 5506 μᾶλλον
805 5437 862 5491 δὲ
903 5439 1055 5503 ποῖος
1078 5437 1312 5510 δαίμων,
1336 5441 1488 5506 ποῖος
1519 5441 1766 5507 διάϐολος
1794 5444 1968 5500 ταῦτα

385 5522 452 5575 iv
494 5523 757 5595 ἐποίησε;
791 5525 857 5578 Τί
890 5526 984 5580 τοῦ
1029 5525 1270 5597 Χριστοῦ
1313 5528 1546 5598 δφελος;
1572 5529 1624 5583 τί
1650 5530 1708 5584 δὲ
1746 5531 1847 5602 τῆς
1876 5533 1966 5586 πί-

388 5622 576 5675 στεως,
599 5612 729 5665 ὅταν
748 5612 1051 5683 ἀνθρώπων
1070 5615 1330 5686 ἀνέχηταί
1348 5616 1378 5656 ιι
1393 5633 1479 5680 τις
1511 5617 1800 5688 Ἑλλήνων,
1833 5622 1969 5691 μᾶλ-

447 5780 481 5848 ‘_
501 5779 754 5855 lntegprps
772 5785 989 5855 Latinus,
1011 5786 1097 5849 qui
1123 5794 1478 5855 verlerat,qttaz
1496 5790 1705 5846 amentia
1724 5793 1748 5844 ?
1770 5795 1968 5848 videtur

388 5839 567 5902 legisse
593 5839 660 5901 τίς
683 5849 710 5903 ἡ
732 5839 982 5910 παράνοια.

1124 386 1181 443 S.
1221 387 1507 445 JOANNIS
1544 387 2035 447 CHRYSOSTOMI
2090 388 2412 451 ARCHIEP.
2451 390 3003 449 CONSTANTINOP.

3575 389 3682 447 550

2102 506 2192 561 λον
2216 509 2274 563 δὲ
2302 510 2402 581 οὐχ
2447 508 2715 580 Ἐλλήνων
2735 547 2752 573 ,
2783 505 2919 560 ἀλλά
2948 503 3255 576 δαιμόνων;
3291 504 3354 558 Et
3384 508 3566 580 χρυσῷ
3591 506 3686 562 καὶ

2101 598 2470 669 μαργαρίταις
2498 598 2597 668 τὴν
2629 594 2872 666 κεφαλὴν
2915 594 3141 663 κοσμεῖν
3168 593 3231 646 οὐ
3254 591 3370 655 δεῖ,
3415 594 3445 647 6
3475 594 3553 665 τῷ
3579 596 3685 667 ἀρ-

2098 682 2249 755 γύρῳ
2287 685 2368 747 εἰς
2409 683 2718 755 ἀκάθαρτον
2749 681 2921 745 οὕτως
2954 679 3260 751 ὑπηρεσίαν
3305 680 3682 751 κεχρημένος.

2098 771 2259 836 ποίας
2280 770 2610 841 συγγνώμης
2638 769 2924 837 τεύξεται;
2948 769 3049 822 οὐκ
3070 767 3233 838 ἀρκεῖ
3256 766 3324 819 τά
3346 766 3530 833 λοιπά,
3559 770 3684 823 καί·

2096 875 2178 914 τοι
2207 876 2272 927 γε
2299 859 2420 912 οὐδὲ
2449 860 2633 912 ἐκεῖνα
2663 857 2888 923 ἀνεκτὰ,
2913 855 3173 927 καθέδραι
3204 856 3298 909 καὶ
3326 855 3594 910 ὑποπόδια
3621 856 3684 923 ἐξ

2095 948 2337 1020 ἀργύρου
2363 949 2575 1013 πάντας
2599 950 2777 1002 καίτοι
2802 948 2896 1000 καὶ
2920 945 3097 1001 ταῦτα
3122 945 3327 1008 ἀνοίας.
3368 945 3531 999 Ἀλλά
3552 963 3684 1001 παν-

2093 1038 2261 1109 ταχοῦ
2285 1041 2314 1093 ὁ
2338 1038 2503 1108 τῦφος
2526 1041 2554 1092 ὁ
2576 1034 2855 1111 περισσδς,
2886 1035 3163 1105 πανταχοῦ
3187 1037 3220 1105 ή
3247 1035 3523 1103 κενοδοξία
3546 1054 3560 1069 ν
3590 1037 3682 1091 ού-

2094 1125 2270 1197 δαμοῦ
2305 1126 2406 1197 τῆς
2450 1126 2641 1196 χρείας
2665 1166 2680 1189 ,
2724 1123 2862 1177 ἀλλά
2913 1122 3195 1192 πανταχοῦ
3229 1122 3338 1176 τῶν
3383 1123 3674 1194 περιττῶν.

2106 1212 2251 1282 Ἐγὼ
2278 1213 2495 1267 δέδοικα
2545 1213 2618 1284 μὴ
2654 1212 2760 1266 ὑπὸ
2787 1211 2890 1282 τῆς
2920 1209 3118 1277 μανίας
3147 1208 3350 1281 ταύτης
3386 1211 3678 1281 προϐαῖνον

2092 1299 2154 1355 τὸ
2177 1288 2484 1371 γυναικεῖον
2509 1301 2664 1369 γένος
2702 1300 2948 1369 τεράτων
2979 1298 3227 1370 ἀναλάϐῃ
3255 1298 3469 1369 μορφήν
3488 1316 3503 1330 ·
3529 1298 3677 1363 εἰκὸς

2092 1388 2202 1467 γάρ
2231 1389 2398 1454 αὐτὰς
2427 1389 2762 1461 ἐπιθυμῆσαι
2806 1387 2902 1441 καὶ
2927 1386 3119 1457 τρίχας
3157 1386 3302 1455 ἐχειν
3328 1388 3555 1457 χρυσᾶς.
3603 1387 3673 1439 ’Ἦ

2091 1476 2461 1549 όμολογήσατε
2499 1477 2581 1530 ὃτι
2617 1476 2717 1529 οὐκ
2750 1472 2985 1529 ἐπάθετέ
3018 1491 3071 1527 τι
3104 1473 3243 1545 πρὸς
3281 1473 3343 1526 τὸ
3368 1473 3556 1545 λεχθὲν
3580 1475 3675 1527 καὶ

2089 1564 2404 1634 διανέστητε
2428 1563 2524 1618 καὶ
2546 1564 2628 1628 είς
2645 1562 2942 1633 ἐπιθυμίαν
2966 1560 3271 1627 ἐνεπέσετε,
3305 1561 3399 1613 καὶ
3426 1561 3474 1613 εί
3508 1563 3581 1633 μή
3609 1577 3673 1629 γε

2091 1651 2389 1724 ήαίσχύνη
2419 1654 2695 1723 κατεῖχεν,
2739 1650 2842 1703 οὐκ
2890 1649 2958 1703 iv
3010 1646 3421 1721 παρῃτήσασθε.
3468 1649 3531 1702 Et
3566 1649 3674 1721 γάρ

2089 1739 2186 1793 καὶ
2209 1738 2278 1793 τὰ
2299 1737 2854 1808 τούτων’ἀτοπώτερα
2872 1734 3131 1806 τολμᾶτε,
3157 1733 3336 1805 πολλῷ
3354 1734 3557 1804 μᾶλλον
3578 1738 3676 1791 καὶ

2086 1828 2280 1899 τρίχας
2307 1827 2453 1898 ἐχειν
2477 1824 2631 1897 οἶμαι
2664 1827 2869 1888 ταύτας
2914 1823 3255 1896 ἐπιθυμῆσαι
3306 1825 3532 1895 χρυσᾶς,
3582 1825 3676 1879 καὶ

2087 1918 2155 1970 τὰ
2182 1916 2358 1987 χείλη,
2386 1918 2483 1970 καὶ
2510 1918 2610 1979 τὰς
2632 1914 2828 1986 ὀφρῦς,
2861 1912 2955 1967 καὶ
2987 1913 3164 1966 πάντα
3193 1912 3397 1983 χρυσὸν
3429 1930 3674 1984 κατατησ-

2089 2003 2290 2068 κούσας
2319 2002 2465 2057 οὕτω
2508 2002 2836 2074 περιχρίειν.
2872 2001 2936 2054 Et
2979 1999 3035 2053 δὲ
3068 1999 3347 2053 ἀπιστεῖτε
3394 2001 3490 2054 καὶ
3516 2001 3668 2072 νομί-

2088 2092 2209 2157 ζετε
2229 2092 2474 2161 γελῶντά
2491 2109 2556 2162 με
2582 2091 2781 2159 λέγειν,
2798 2086 2911 2158 ἐγὼ
2934 2088 3266 2158 διηγήσομαι
3280 2087 3420 2157 ὅπερ
3442 2087 3671 2159 ήκουσα,

2089 2181 2287 2251 μᾶλλον
2339 2180 2399 2234 δέ
2447 2180 2539 2233 καὶ
2586 2177 2703 2231 ἐστι
2734 2177 2848 2230 νῦν.
2895 2176 2957 2230 '0
2997 2175 3107 2230 τῶν
3139 2175 3367 2246 Περσῶν
3416 2174 3674 2245 βασιλεὺς

2086 2269 2320 2339 χρυσοῦν
2366 2268 2480 2340 ἔχει
2521 2266 2584 2320 τὸ
2631 2265 2862 2336 γένειον,
2907 2262 3031 2318 τῶν·
3062 2263 3194 2336 περὶ
3238 2262 3415 2317 ταῦτα
3457 2262 3670 2331 δεινῶν⁹

2084 2354 2337 2426 καθάπερ
2364 2358 2432 2425 τῇ
2472 2353 2671 2425 κρόκῃ,
2729 2352 2872 2406 οῦτω
2920 2351 3016 2405 καὶ
3062 2353 3186 2413 ταῖς
3234 2350 3446 2405 ἐκείνου
3496 2350 3674 2422 θριξὶν

2085 2438 2468 2492 ἐνελισσόντων
2499 2437 2568 2490 τά
2598 2436 2809 2490 πέταλα
2835 2435 2931 2490 τοῦ
2971 2435 3175 2507 χρυσοῦ
3198 2452 3213 2467 ·
3266 2436 3363 2490 καὶ
3386 2435 3673 2490 ἀνάκειται

2085 2527 2339 2597 καθάπερ
2369 2526 2555 2598 τέρας.
2594 2525 2733 2591 Δόξα
2765 2542 2870 2592 σοι,
2903 2525 3127 2598 Χριστέ,
3156 2525 3339 2579 πόσων
3370 2524 3673 2596 ἐνέπλησας

2085 2614 2311 2686 ἀγαθῶν
2337 2617 2487 2688 ἡμᾶς
2507 2658 2522 2683 ,
2559 2614 2677 2679 πῶς
2727 2612 2876 2684 ἡμᾶς
2904 2612 3173 2682 ὑγιαίνειν
3204 2612 3627 2683 παρεσκεύασας
3651 2630 3669 2681 ;

2085 2706 2259 2776 πόσης
2287 2704 2644 2777 τερατωδίας,
2682 2703 2855 2775 πόσης
2884 2700 3111 2771 ἀλογίας
3137 2702 3286 2773 ἡμᾶς
3317 2701 3670 2772 ἀπήλλαξαςς

2097 2793 2228 2847 Ἰδοὺ
2255 2793 2512 2864 προλέγω
2535 2808 2549 2821 ·
2594 2791 2782 2846 οὐκέτι
2813 2789 3095 2862 παραινῶ,
3120 2789 3238 2844 ἀλλ’
3268 2789 3545 2844 ὲπιτάττω
3576 2789 3674 2844 καὶ

2084 2881 2477 2952 παραγγέλλω·
2513 2880 2543 2934 6
2576 2878 2898 2949 βουλόμενος
2924 2878 3191 2943 ἀκουέτω,
3222 2878 3251 2931 6
3281 2877 3340 2932 δὲ
3374 2878 3450 2949 μὴ
3488 2877 3675 2950 βουλό-

2086 2987 2246 3041 μενος
2276 2967 2573 3023 ἀπειθείτω
2593 2984 2607 2999 °
2642 2969 2724 3022 ὅτι
2745 2966 2812 3019 iv
2844 2966 3147 3037 ἐπιμένητε
3192 2965 3369 3020 ταῦτα
3398 2965 3671 3031 ποιοῦσαι,

2081 3060 2183 3113 οὐκ
2210 3058 2471 3128 ἀνέξομαι
2499 3055 2619 3110 οὐδὲ
2641 3055 2868 3126 δέξομαι
2895 3055 3040 3124 ὑμᾶς
3066 3054 3188 3107 οὐδὲ
3218 3054 3416 3126 ἀφήσω
3444 3053 3554 3108 τῶν
3584 3055 3673 3107 ού-

2080 3147 2187 3202 δῶν
2218 3146 2528 3219 ὑπερϐῆναι
2567 3142 2798 3199 τούτων.
2831 3143 2897 3195 Τί
2935 3143 3045 3213 γάρ
3079 3160 3169 3214 μοι
3195 3141 3276 3195 δεῖ
3321 3142 3562 3214 πλήθους
3588 3158 3674 3195 νο-

2083 3236 2352 3299 σούντων;
2386 3235 2439 3287 τί
2473 3233 2552 3299 δέ,
2598 3233 2648 3285 εί
2683 3229 3055 3302 παιδοτριϐῶν
3095 3230 3239 3301 ὑμᾶς
3270 3229 3332 3283 οὐ
3377 3229 3570 3283 κωλύω
3602 3228 3673 3284 τά

2085 3326 2159 3397 μὴ
2190 3322 2450 3396 περιττάς
2479 3321 2671 3377 Καίτοι
2697 3335 2760 3389 γε
2779 3323 2806 3375 6
2828 3317 3039 3382 Παῦλος
3063 3318 3324 3383 ἐκώλυσε,
3349 3318 3444 3371 καὶ
3473 3316 3672 3388 χρυσὸν

2079 3415 2175 3467 καὶ
2211 3410 2577 3484 μαργαρίτας.
2644 3406 2943 3479 Γελώμεθα
2996 3404 3152 3476 παρά
3210 3405 3321 3460 τῶν
3375 3404 3670 3476 Ἐλλήνων,

2083 3503 2249 3576 μῦθος
2277 3498 2418 3555 εἶναι
2444 3498 2677 3554 δοκεῖτὰ
2698 3497 2965 3569 ἡμέτερα.
2991 3496 3103 3550 Καὶ
3132 3498 3245 3559 τοῖς
3266 3495 3492 3568 ἀνδράσι
3523 3513 3671 3568 παρ-

2077 3591 2213 3648 αινῶ
2261 3589 2434 3645 ταῦτα
2458 3605 2473 3620 ·
2518 3590 2601 3652 είς
2641 3586 3017 3641 διδασκαλεῖον
3061 3586 3360 3658 παραγίνη,
3414 3584 3671 3639 παιδευό-

2083 3696 2244 3751 μενος
2278 3676 2599 3748 φιλοσοφίαν
2630 3673 3055 3745 πνευματικήν;
3109 3673 3330 3744 περίελε
3381 3672 3475 3726 τὸν
3502 3672 3674 3751 τῦφον

2079 3767 2310 3820 ἐκεῖνον.
2343 3764 2516 3817 Τοῦτο
2575 3762 2670 3816 καὶ
2722 3760 2952 3832 ἀνδράσι
2980 3759 3237 3832 παραινῶ
3282 3763 3377 3814 καὶ
3417 3760 3656 3830 γυναιξί⁹

2079 3855 2185 3909 κάν
2209 3854 2411 3924 ἐτέρως
2442 3869 2525 3915 τις
2570 3850 2723 3921 ποιῇ,
2758 3849 2944 3904 λοιπὸν
2972 3848 3075 3903 οὐκ
3112 3848 3404 3920 ἀνέχομαι.
3452 3847 3672 3902 Δώδεκα

2076 3939 2218 4016 ἦσαν
2251 3943 2302 3996 οἱ
2344 3938 2609 4012 μαθηταὶ,
2663 3940 2759 3993 καλ⁵
2808 3937 3041 3992 ἀκουσον
3072 3937 3127 3990 τί
3170 3954 3338 4008 φησιν
3374 3939 3404 3992 6
3434 3938 3668 4010 Χριστὸς

2081 4032 2216 4102 πρὸς
2246 4028 2444 4093 αὐτούς
2466 4044 2481 4059 ο
2520 4028 2615 4097 Μὴ
2657 4026 2758 4081 καί
2802 4025 2974 4097 ὑμεῖς
3001 4025 3206 4081 θέλετε
3232 4025 3533 4096 ὐπάγεινς
3568 4027 3669 4079 Ἂν

2077 4122 2188 4193 γὰρ
2212 4119 2386 4173 διόλου
2419 4117 2832 4186 κολακεύωμεν,
2862 4113 3015 4188 [579]
3047 4114 3182 4168 πότε
3219 4114 3665 4186 ἀνακτησόμεθα;

2080 4209 2217 4263 πότε
2239 4208 2626 4280 ώφελήσομεν;
2676 4205 2819 4259 Ἀλλ’
2857 4204 2990 4270 εἰσὶ,
3040 4204 3226 4275 φησὶν,
3263 4204 3507 4274 αἱρέσεις
3544 4203 3667 4257 ἐτε-

2083 4315 2193 4370 ραι,
2220 4297 2314 4351 καὶ
2334 4294 2733 4368 μετατίθενται.
2770 4293 2991 4363 Ψυχρδς
3014 4286 3167 4357 οὗτος
3191 4293 3220 4346 6
3245 4291 3430 4361 λόγος’
3462 4291 3669 4360 Κρεῖον·

2077 4403 2195 4442 σον
2219 4380 2306 4452 εἷς
2336 4381 2524 4439 ποιῶν
2551 4382 2618 4436 τὸ
2645 4383 2875 4450 θέλημα
2900 4381 3146 4448 Κυρίου,
3176 4379 3214 4449 ἢ
3243 4381 3445 4450 μυρίοι
3480 4379 3670 4448 παρά-

2077 4492 2268 4545 νομοι.
2300 4472 2453 4527 Ἐπεὶ
2510 4470 2702 4525 καὶσὺ
2748 4469 2801 4522 τί
2851 4468 3056 4540 βούλει,
3091 4468 3215 4521 εἰπέ
3269 4485 3393 4538 μοις
3439 4470 3668 4538 μυρίους

2077 4563 2355 4636 δραπέτας
2399 4560 2544 4632 ἔχειν
2583 4559 2677 4613 καὶ
2705 4559 2942 4622 κλέπτας
2977 4557 3219 4622 οἰκέτας,
3253 4557 3286 4626 ἢ
3311 4557 3407 4610 ἕνα
3434 4557 3622 4611 εὔνουν
3648 4573 3666 4622 ;

2092 4653 2221 4708 Ἰδοὺ
2258 4648 2509 4721 παραινῶ
2544 4647 2638 4702 καὶ
2674 4645 2977 4718 παρεγγυῶ
3031 4647 3127 4699 καὶ
3159 4645 3246 4699 τὸν
3275 4644 3669 4716 καλλωπισμὸν

2076 4740 2170 4795 τὸν
2201 4741 2329 4812 περὶ
2357 4739 2457 4810 τὴν
2484 4737 2629 4809 ὄψιν,
2663 4740 2756 4791 καὶ
2784 4734 2855 4788 τὰ
2898 4733 3071 4805 σκεύη
3098 4732 3167 4788 τὰ
3190 4733 3417 4787 τοιαῦτα
3449 4732 3667 4804 συντρῐο

2078 4829 2218 4895 ϐειν,
2272 4830 2368 4882 καὶ
2419 4828 2613 4897 πένησι
2650 4826 2874 4891 διδόναι,
2924 4824 3019 4879 καὶ
3051 4821 3126 4894 μὴ
3154 4821 3297 4876 οὕτω
3339 4821 3663 4893 μεμηνέναι.

2090 4919 2149 4972 '0
2180 4917 2501 4989 βουλόμενος
2533 4915 2892 4986 ἀποπηδάτω,
2921 4914 2950 4965 ό
2983 4911 3308 4982 βουλόμενος
3340 4908 3661 4979 ὲγκαλείτωυ

2076 5010 2179 5063 οὐκ
2233 5006 2495 5080 ἀνέχομαι
2531 5006 2766 5069 οὐδενός.
2796 5004 2966 5057 Ὅταν
3009 5000 3190 5073 μέλλω
3236 4999 3520 5070 κρίνεσθαι
3571 4999 3666 5053 ἐπὶ

2076 5096 2172 5150 τοῦ
2207 5096 2450 5168 βήματος
2493 5093 2589 5149 τοῦ
2636 5090 2899 5164 Χριστοῦ,
2935 5088 3154 5161 μακρὰν
3185 5089 3345 5158 ὑμεῖς
3373 5088 3661 5158 ἑστήκατε,

2078 5186 2174 5239 καὶ⁸
2207 5186 2241 5255 ἠ
2267 5184 2398 5255 παρ’
2434 5182 2591 5252 ὑμῶν
2616 5181 2777 5252 χάρις
2813 5182 2894 5242 είς
2934 5177 3109 5242 οὐδὲν,
3141 5175 3278 5248 ἐμοῦ
3303 5175 3404 5238 τὰς
3430 5174 3663 5238 εὐθύνας

2079 5273 2432 5344 παρέχοντος.
2463 5270 2650 5325 Ταῦτα
2675 5269 2747 5322 τὰ
2779 5268 3000 5339 ῥήματα
3028 5265 3096 5319 τά
3130 5264 3310 5320 πάντα
3332 5263 3661 5334 διέφθειρεψ

2077 5358 2166 5413 ἵνα
2199 5357 2412 5428 ἀπέλθῃ
2449 5368 2498 5419 α,
2534 5357 2719 5427 φησὶν,
2752 5355 2847 5409 καὶ
2890 5353 3160 5425 μετατεθῇ
3191 5351 3329 5424 πρὸς
3354 5350 3548 5422 ἑτέραν
3578 5350 3663 5404 αῖ-

2078 5464 2269 5520 ρεσιν·
2325 5445 2560 5513 ἀσθενής
2616 5445 2755 5505 ἐστι,
2805 5440 3209 5511 συγκατάϐηθι.
3262 5439 3444 5509 Μέχρι
3479 5439 3658 5504 τίνοςς

2080 5536 2241 5609 μέχρι
2270 5535 2430 5600 πότε;
2463 5531 2629 5596 ἅπαξ,
2663 5531 2757 5583 καῖ⁵
2782 5529 2886 5596 δὶς,
2921 5529 3016 5586 καὶ
3048 5528 3189 5599 τρὶς,
3245 5525 3321 5598 μὴ
3345 5526 3658 5589 διαπαντός.

2140 5735 2169 5773 ιδ
2198 5730 2426 5794 Profecto
2463 5727 2719 5796 tegendum
2759 5727 3030 5790 ἆντέχηται,
3077 5722 3312 5783 imitatur,
3356 5720 3517 5785 inquit
3557 5719 3660 5770 Du-

2076 5811 2305 5908 ηξυὲἶνιε
2330 5851 2475 5904 dubio
2497 5849 2752 5918 trgendum
2771 5852 2846 5902 ἵνα
2876 5852 2938 5915 μή
2964 5851 3157 5913 ἀπέλθῃ,
3187 5851 3324 5899 nutat
3345 5846 3580 5897 Dunmus.
