4140 6492
296 436 404 492 διε)

298 554 490 608 venies
540 548 775 604 animam
827 552 906 599 tot
946 552 997 599 et
1040 551 1146 597 tam
1196 539 1416 595 nefariis
1446 537 1657 608 plenam
1689 534 1906 589 desidc~

297 648 417 708 riis,
455 655 509 699 ut
538 656 727 697 eorum
757 638 845 709 qui
876 637 1058 691 volunt
1087 635 1372 689 ditescere.
1404 632 1546 698 Quas
1566 630 1711 684 enim
1739 643 1905 697 nugas

296 754 407 792 non
438 735 541 791 sibi
572 728 913 802 depingunt?
941 728 1105 798 Magis
1132 741 1288 796 quam
1329 724 1417 794 qui
1448 721 1902 791 hippocentauros

293 830 563 899 effingunt
588 833 642 880 et
665 824 948 877 Chimaeras
968 828 1023 874 et
1047 815 1474 887 serpentipedes,
1505 823 1560 868 et
1588 812 1812 884 Scyllas,
1848 819 1898 865 et

294 931 562 984 monstra,
616 916 815 972 videris
862 930 957 969 eos
1002 912 1340 981 effingentes.
1387 908 1455 963 Et
1501 907 1545 961 si
1594 905 1714 975 quis
1770 904 1900 957 velit

289 1034 484 1074 eorum
513 1030 676 1069 uuam
706 1012 961 1080 effingere
994 1007 1363 1077 cupiditatem,
1394 1002 1527 1057 nihil
1556 1000 1895 1063 videbuntur,

290 1131 395 1171 nec
444 1111 625 1181 Scylla
659 1122 758 1161 ncc
806 1104 1059 1157 ehimzcra
1106 1116 1280 1165 neque
1329 1098 1815 1167 hippocentaurus,
1852 1095 1898 1146 si

292 1221 416 1259 eum
451 1210 705 1272 portento
737 1198 829 1252 illo
870 1195 1234 1254 conferantur,
1264 1190 1357 1246 sed
1387 1188 1590 1243 videbis
1633 1187 1774 1241 illam
1800 1185 1896 1239 ha-

293 1300 425 1354 bere
465 1311 655 1350 omnes
684 1291 841 1345 simul
870 1288 1093 1344 belluas.
1128 1286 1195 1340 Et
1222 1283 1358 1339 forte
1388 1280 1714 1338 existimabit
1753 1279 1896 1347 quis-

294 1394 436 1461 piam
468 1404 553 1441 me
584 1386 749 1441 fuisse
791 1383 841 1436 iu
882 1381 1045 1435 multa
1078 1378 1381 1432 divitiarmn
1409 1374 1581 1443 copia,
1614 1382 1670 1426 ut
1712 1371 1801 1443 qui
1845 1370 1895 1424 itt

294 1486 362 1541 iis
405 1501 526 1555 qua:
576 1481 832 1536 dicuntur
882 1486 987 1531 tam
1034 1474 1134 1529 sim
1184 1488 1363 1527 verax.
1395 1470 1588 1525 Fertur
1632 1466 1891 1538 quidam:

292 1582 441 1650 prius
483 1578 628 1633 enim
658 1571 993 1629 confirmabo
1020 1570 1320 1624 orationem
1351 1582 1415 1621 ex
1448 1566 1512 1620 iis
1556 1580 1675 1635 qua:
1699 1562 1897 1617 decan-

290 1682 470 1727 tantur
513 1668 655 1739 apud
703 1665 921 1722 Gnecos
956 1680 969 1716 :
1001 1662 1194 1727 fertur,
1237 1660 1451 1730 inquam
1478 1698 1493 1721 ,
1540 1655 1754 1727 quidam
1799 1669 1894 1708 rex

288 1765 430 1837 apud
460 1779 553 1818 eos
584 1760 845 1815 deliciam
874 1772 940 1811 eo
979 1754 1193 1809 venisse
1224 1752 1400 1818 luxus,
1432 1760 1490 1805 ut
1530 1762 1745 1803 auream
1792 1744 1893 1801 sibi

290 1858 473 1913 [ι-οιιτίι
507 1855 803 1925 platanum,
834 1849 1132 1919 cmlumque
1175 1858 1429 1916 superne,
1460 1853 1513 1897 et
1543 1841 1613 1896 ita
1648 1839 1853 1895 sedisse
1876 1880 1889 1904 ,

290 1952 453 2020 idque
498 1964 617 2001 cum
673 1945 872 1999 beIEum
926 1948 1141 2013 gereret
1188 1939 1446 1993 adversus
1498 1934 1621 1989 belli
1671 1933 1889 2004 peritos.

296 2046 491 2099 Annon
526 2052 601 2096 est
631 2040 745 2094 haec
791 2037 1056 2107 cupiditas
1084 2030 1673 2105 hippocentaurorum?
1712 2044 1892 2084 annon

293 2135 532 2206 Styllzc?
561 2133 708 2187 Alius
756 2145 944 2186 rursus
987 2128 1171 2199 injecit
1214 2126 1459 2182 homines
1488 2124 1539 2180 in
1586 2124 1776 2179 bovem
1825 2120 1891 2175 li-

287 2242 503 2299 gnenm.
536 2225 728 2279 Annon
759 2233 836 2279 est
865 2221 1041 2291 Scylla
1065 2220 1088 2274 ?
1117 2217 1416 2287 Queindam
1444 2226 1622 2271 autem
1655 2230 1719 2271 ex
1752 2213 1895 2284 prio-

285 2320 435 2375 ribus
493 2334 698 2388 regem,
752 2316 1067 2371 bellatorem
1121 2329 1188 2369 ex
1242 2312 1357 2367 viro
1405 2311 1605 2367 divitia:
1651 2309 1893 2364 fecerunt

282 2411 567 2465 mulierem
601 2409 678 2481 (α)
708 2426 722 2473 ;
751 2425 815 2462 ex
850 2408 1094 2473 muliere,
1128 2406 1253 2478 quid
1291 2405 1509 2460 dicam?
1552 2404 1776 2459 bestiam
1807 2418 1893 2457 ra-

281 2506 445 2561 tionis
490 2516 793 2575 expertem,
827 2512 877 2557 et
910 2502 991 2556 Itis
1024 2501 1198 2555 adlmc
1231 2499 1400 2569 pejus.
1432 2499 1486 2554 Β.
1510 2500 1627 2553 stizc
1674 2498 1816 2552 enim
1845 2496 1890 2551 si

280 2600 389 2654 sint
418 2598 521 2653 sub
550 2596 857 2660 arboribus,
890 2610 1041 2650 suam
1071 2594 1339 2648 sustinent
1383 2600 1649 2655 naturam,
1679 2599 1731 2645 et
1760 2589 1891 2643 nihil

280 2700 533 2762 qua-runt
560 2687 792 2759 amplius
817 2731 828 2740 .
858 2688 959 2742 iste
988 2696 1166 2740 autem
1195 2684 1353 2739 etiam
1383 2683 1615 2738 ferarum
1646 2691 1889 2736 naturam

282 2786 441 2855 longe
470 2783 770 2854 superavit.
802 2781 940 2849 Quid
985 2796 1115 2851 ergo
1156 2780 1407 2834 divitibus
1449 2778 1610 2832 fuerit
1638 2777 1893 2847 insipien-

281 2881 431 2933 tius?
476 2878 588 2931 lloc
630 2885 810 2931 autem
863 2876 916 2928 tit
964 2892 1027 2929 ex
1078 2874 1236 2928 nimia
1285 2871 1674 2928 desideriorum
1704 2870 1775 2923 vi.
1822 2870 1891 2924 At

282 2987 464 3026 nonne
493 2970 645 3024 tnulti
673 2985 794 3025 eum
824 2967 1200 3021 admirantur?
1228 2964 1391 3020 Fittnt
1419 2964 1595 3034 itaque
1622 2962 1759 3017 sicut
1778 2962 1892 3031 ipse

280 3065 517 3121 ridiculi.
553 3064 664 3117 lloc
694 3077 801 3117 non
829 3060 1148 3116 ostendebat
1174 3058 1411 3123 divitias,
1443 3056 1537 3113 sed
1577 3055 1889 3111 amentiam.

281 3160 463 3213 Aurea
485 3156 573 3211 illa
607 3154 827 3226 platano
853 3163 1056 3224 quanto
1087 3161 1170 3207 est
1203 3150 1473 3206 terrestris
1505 3149 1748 3220 platanus
1780 3164 1894 3203 me-

282 3252 386 3307 lior
426 3258 481 3305 et
510 3246 900 3320 prwstantior?
948 3262 1068 3299 nam
1120 3260 1240 3315 qua:
1289 3254 1412 3299 sunt
1455 3241 1750 3296 secundum
1792 3256 1891 3295 na—

283 3353 460 3399 turam
484 3385 501 3409 ,
549 3353 675 3397 sunt
715 3341 1037 3410 jucundiora
1072 3340 1134 3393 iis
1164 3355 1282 3409 qua:
1327 3346 1453 3392 sunt
1506 3347 1701 3405 prmter
1740 3342 1894 3389 natu-

283 3454 422 3495 ram.
448 3434 586 3505 Quid
611 3435 705 3489 tibi
730 3434 946 3490 volebat
971 3432 1162 3488 cadum
1188 3446 1432 3492 aureum,
1457 3445 1490 3482 0
1519 3427 1704 3482 fatue?
1734 3426 1891 3481 Vides

286 3528 564 3601 quomodo
593 3528 924 3582 insanientes
953 3525 1150 3580 faciant
1193 3523 1430 3578 divitim?
1459 3521 1729 3591 quomodo
1753 3520 1894 3573 intu-

284 3631 530 3680 mescant
568 3630 621 3676 et
642 3620 913 3676 mstuent?
942 3619 1201 3674 Existimo
1229 3618 1371 3687 ipsas
1402 3616 1564 3672 etiam
1598 3630 1744 3670 mare
1784 3630 1890 3668 non

285 3734 471 3782 nosse,
504 3727 556 3770 et
585 3716 816 3771 fortasse
847 3715 986 3769 velle
1011 3715 1171 3769 etiam
1203 3712 1255 3766 in
1296 3712 1413 3781 ipso
1440 3709 1666 3780 ingredi.
1698 3710 1893 3763 Annon

285 3814 405 3868 inec
430 3820 555 3867 sunt
576 3809 876 3866 chimzrra?
903 3824 1084 3863 annon
1115 3805 1610 3877 bippocentaurus?
1636 3803 1741 3859 Sed
1768 3811 1894 3859 sunt

287 3923 432 3962 nunc
477 3920 694 3974 quoque
722 3903 904 3974 quiab
950 3901 1066 3973 ipso
1114 3899 1248 3954 nihil
1289 3899 1524 3965 distant;
1567 3906 1691 3952 sunt
1732 3896 1892 3951 etiam

290 4002 461 4057 multo
487 3997 906 4068 insipientiorcs.
936 3994 1074 4063 Quid
1101 3994 1264 4060 enim,
1297 3993 1613 4064 dic,qu:eso,
1643 3991 1710 4045 ab
1732 4005 1892 4045 aurea

290 4092 512 4161 platano
554 4088 845 4153 differunt,
895 4086 1037 4158 quod
1084 4086 1277 4140 attinet
1324 4083 1391 4139 ad
1438 4083 1748 4148 amentiam,
1804 4082 1893 4153 qui

289 4182 584 4253 amphoras
633 4181 835 4236 iaciunt
862 4192 1055 4233 aureas
1095 4186 1149 4231 et
1186 4175 1320 4230 ollas
1348 4183 1402 4230 et
1431 4173 1739 4229 alabastra?
1769 4171 1896 4242 quid

289 4290 423 4331 vero
461 4273 716 4328 mulieres
746 4270 927 4343 (pudet
958 4268 1200 4340 quidem,
1230 4266 1326 4321 sed
1354 4275 1533 4320 tamen
1563 4278 1783 4319 necesse
1815 4271 1898 4317 est

288 4362 522 4438 dicere),
553 4365 787 4420 matulas
819 4363 1078 4418 facientes
1126 4358 1454 4430 argenteas?
1483 4356 1771 4426 Oporteret
1801 4370 1897 4410 vos

290 4458 496 4530 pudere
526 4472 646 4525 qua:
679 4454 795 4508 lucc
827 4452 1020 4507 facitis.
1049 4450 1266 4506 Christo
1310 4449 1583 4504 esuriente
1630 4456 1683 4502 tu
1714 4448 1784 4501 ita
1813 4447 1896 4501 in-

290 4549 485 4619 dulges
514 4547 743 4609 deliciis,
794 4547 902 4599 imo
930 4560 1059 4600 vero
1086 4542 1331 4612 desipis?
1374 4555 1634 4612 quasnam
1681 4539 1763 4593 ha:
1791 4553 1899 4593 non

294 4644 450 4698 luent
492 4657 683 4713 poenas
704 4641 729 4692 ?
763 4638 967 4694 Deinde
1008 4653 1165 4709 rogas
1195 4653 1294 4691 cur
1321 4638 1577 4703 latrones,
1607 4651 1702 4690 cur
1732 4634 1902 4705 parri-

293 4734 455 4800 cida),
486 4750 583 4789 cur
610 4733 770 4794 mala,
793 4747 914 4786 cum
943 4730 1190 4785 diabolus
1214 4744 1308 4783 vos
1337 4729 1407 4782 ita
1431 4729 1593 4798 agitet
1613 4743 1676 4782 ac
1701 4727 1905 4781 discer—

296 4827 423 4898 pat?
454 4826 587 4880 Nam
631 4824 811 4879 discos
855 4821 1057 4877 habere
1106 4829 1391 4891 argenteos
1414 4860 1429 4886 ,
1464 4834 1533 4874 ne
1560 4819 1662 4875 hoc
1686 4818 1902 4889 quidem

295 4921 482 4975 animo
510 4919 765 4975 convenit
814 4913 1213 4988 philosophico,
1257 4912 1351 4967 sed
1403 4920 1570 4966 totum
1621 4921 1703 4967 est
1748 4912 1907 4981 plane

296 5014 641 5077 deliciarum,
660 5009 935 5065 immunda
976 5018 1154 5061 autem
1184 5021 1309 5059 vasa
1341 5004 1517 5058 facere
1539 5013 1812 5072 argentea,
1838 5018 1906 5057 an

297 5102 506 5175 aliquid
554 5101 715 5158 habet
742 5098 1103 5156 deliciarum?
1135 5114 1240 5152 non
1271 5097 1500 5151 dixerim
1549 5094 1865 5149 deliciarum
1889 5135 1906 5163 ,

300 5197 399 5254 sed
432 5196 677 5261 insaniae,
706 5198 815 5250 imo
840 5209 969 5248 vero
999 5191 1151 5262 pejus
1185 5188 1416 5244 insania.

378 5292 432 5347 5.
462 5290 650 5347 Contra
677 5288 855 5344 luxum
878 5288 1190 5341 uehementer
1216 5282 1487 5336 invehitur.
1523 5278 1658 5333 Vasa
1688 5280 1913 5331 immun-

305 5387 377 5440 da
414 5401 477 5439 ea:
520 5391 731 5454 argento
771 5386 927 5453 facta.
961 5378 1130 5433 Barba
1160 5393 1318 5432 aurea
1354 5375 1632 5430 Persarum
1665 5374 1815 5444 regis.
1842 5401 1914 5412 --

374 5520 448 5579 (a)
465 5515 710 5579 Exempla
728 5515 1122 5579 isthaaecarptim
1150 5508 1550 5579 enarrata,_haud
1577 5517 1803 5579 accurate
1831 5520 1915 5570 po-

308 5570 404 5631 sita
432 5570 575 5632 'sunt.
624 5570 746 5637 Quis
776 5579 841 5627 sit
872 5576 959 5625 ille
992 5570 1083 5625 rex
1114 5576 1199 5637 qui
1234 5575 1326 5622 sibi
1365 5573 1610 5637 platanum
1658 5570 1778 5619 fecit
1820 5584 1911 5637 au-

310 5658 470 5704 ream,
497 5651 555 5699 ut
575 5634 669 5693 sub
703 5642 812 5703 ejus
842 5639 1012 5704 umbra
1037 5634 1270 5704 sederet,
1296 5634 1505 5704 nescio,
1521 5647 1709 5704 neque
1726 5634 1913 5704 uspiam

310 5719 396 5755 llit’.
424 5694 600 5769 legere
624 5694 851 5769 memini.
869 5699 973 5769 (De
993 5700 1082 5769 hac
1105 5711 1161 5746 re
1189 5694 1552 5769 videtis-rodet:
1577 5694 1917 5769 7,ﬂ‘27_.)_Alius

310 5770 397 5830 qui
422 5757 924 5830 ho‘mincsmjicicbat
958 5761 1012 5830 _in
1037 5762 1213 5830 bovem
1240 5764 1318 5830 est
1355 5758 1595 5830 Phalaris.
1622 5758 1721 5830 seu
1757 5759 1835 5806 hic
1868 5757 1918 5806 in

313 5819 495 5879 l'iovem
518 5819 1065 5896 aeneum'conjiciebat.
1096 5822 1360 5896 Antiquior.
1384 5836 1503 5871 vero
1528 5820 1616 5896 ille
1640 5819 1767 5896 alius
1791 5834 1881 5896 rei!
1900 5856 1912 5879 ,

310 5907 466 6004 putem
513 5905 576 5943 ex
613 5892 721 5942 viro
757 5881 939 5940 divitia:
985 5888 1206 5937 fecerant
1234 5881 1536 5946 ’tnulierem,
1562 5883 1919 5949 Sardanapallus

330 5968 378 6004 ut
406 5990 418 6003 .

330 5968 418 6004 ωι.

1170 424 1234 480 ΙΝ
1276 422 1491 481 EPlST.
1533 421 1625 477 AD
1663 418 1940 476 COLOSS.
1982 418 2135 474 CAP.
2180 418 2267 475 lli.
2314 419 2544 476 IIOMIL.
2592 421 2696 479 VII.

3504 420 3609 476 350

2014 534 2139 589 Scio
2166 536 2361 590 multos
2384 554 2469 590 me
2493 548 2711 607 prepter
2732 537 2834 593 hoc
2864 538 3063 594 habere
3090 538 3355 603 ludibrio;
3382 537 3474 593 sed
3504 552 3608 590 non

2012 644 2146 683 curo
2167 672 2180 694 ,
2212 629 2371 684 modo
2419 631 2617 700 aliquid
2651 632 2872 701 prosim.
2915 632 3121 688 Revera
3165 644 3409 687 amentes
3439 643 3490 686 et
3523 631 3607 686 fu-

2008 732 2188 775 rentes
2217 720 2420 776 faciunt
2446 723 2665 777 divitiae.
2695 724 2748 779 Si
2781 738 2944 795 penes
2974 724 3117 796 ipsos
3144 734 3308 790 esset,
3335 725 3531 780 vellent
3554 738 3609 781 et

2006 822 2201 868 terram
2231 830 2352 869 esse
2382 830 2599 869 auream
2626 859 2639 880 ,
2668 827 2724 871 et
2763 817 2993 887 parietes
3034 833 3262 885 aureos,
3297 818 3521 872 fortasse
3554 831 3604 872 et

2002 908 2191 963 ca‘lum
2225 917 2278 962 et
2308 924 2488 963 aerem
2521 925 2583 963 ex
2613 925 2765 964 auro.
2798 910 2928 978 Quis
2959 910 3146 965 furor?
3170 928 3288 981 qua:
3317 912 3605 981 iniquitas?

2002 1014 2121 1068 qme
2148 998 2350 1053 febris?
2377 1000 2529 1054 Alius
2558 1001 2697 1069 perit
2728 1000 2943 1070 frigore,
2978 1002 3065 1070 qui
3094 1013 3175 1056 est
3212 1002 3382 1056 fat-tus
3410 1002 3473 1057 ad
3511 1003 3602 1057 Dei

2004 1093 2288 1163 imaginem
2317 1110 2331 1159 ;
2363 1102 2417 1147 tu
2444 1104 2622 1149 autem
2654 1094 2769 1150 lucc
2799 1096 3074 1150 fabricaris
3096 1097 3119 1149 ?
3144 1096 3187 1151 Ο
3219 1096 3409 1150 fasmm
3435 1108 3488 1151 et
3516 1116 3601 1151 ar-

2005 1188 2298 1257 rogantiam
2320 1190 2331 1242 !
2353 1188 2479 1258 qttid
2499 1189 2731 1257 amplius
2757 1189 2968 1245 fecisset
2989 1192 3244 1245 insanus?
3262 1202 3600 1247 excrementa

2003 1280 2132 1333 tanti
2162 1280 2289 1334 facis
2312 1291 2369 1334 ut
2393 1295 2453 1334 ea
2482 1291 2704 1350 argento
2743 1281 3024 1351 excipias?
3050 1280 3174 1335 Scio
3201 1298 3298 1335 vos
3324 1282 3603 1339 audientes

2001 1373 2414 1443 obtorpescere;
2456 1374 2550 1431 scd
2593 1375 2973 1444 obtorpescere
3004 1375 3203 1430 debent
3230 1392 3350 1447 quze
3379 1376 3492 1431 haec
3524 1377 3602 1431 fa-

1999 1466 2181 1535 ciunt,
2210 1476 2263 1521 et
2302 1466 2400 1520 viri
2438 1467 2527 1538 qui
2562 1467 2763 1521 morbis
2792 1467 3100 1537 hnjusmodi
3130 1467 3444 1523 deserviunt
3474 1487 3487 1522 :
3522 1479 3603 1524 est

1997 1560 2139 1614 enim
2172 1558 2273 1613 hoc
2301 1559 2708 1628 intemperantia
2741 1568 2795 1612 et
2835 1558 3124 1613 crudelitas
3155 1570 3208 1613 et
3238 1558 3602 1615 inhumanitas

1997 1662 2044 1706 et
2082 1650 2267 1707 feritas
2294 1660 2347 1706 et
2374 1651 2614 1706 lascivia.
2640 1651 2768 1717 Qua:
2796 1650 2994 1721 Scylla,
3028 1666 3147 1720 qua:
3173 1650 3447 1717 cbimarra,
3481 1654 3601 1722 quis

1997 1745 2161 1799 draco
2186 1787 2201 1810 ,
2229 1746 2314 1800 vel
2343 1745 2515 1815 potius
2540 1745 2662 1815 quis
2689 1744 2900 1799 dwmon
2921 1786 2937 1811 ,
2970 1744 3089 1813 quis
3119 1744 3363 1800 diabolus
3390 1745 3490 1800 hoc
3518 1745 3598 1799 fe-

1995 1838 2164 1893 cerit?
2186 1838 2313 1909 quid
2343 1838 2562 1908 prodest
2583 1837 2869 1892 Christus?
2894 1837 3021 1907 quid
3050 1837 3269 1908 prodest
3296 1839 3447 1901 fides,
3476 1855 3596 1893 cum

1998 1930 2258 1985 toleratur
2282 1930 2476 2000 aliquis
2502 1946 2567 1984 ex
2604 1930 2874 1999 gentibus,
2906 1929 3013 1983 imo
3042 1945 3171 1983 vero
3200 1945 3303 1983 non
3333 1947 3396 1985 ex
3428 1935 3600 2001 genti-

1996 2022 2096 2076 bus
2120 2065 2134 2086 ,
2162 2022 2255 2077 sed
2288 2038 2353 2076 ex
2380 2021 2752 2078 dmmonibus?
2782 2020 2835 2078 Si
2864 2030 3026 2092 caput
3053 2038 3159 2076 non
3188 2033 3264 2077 est
3296 2025 3597 2078 ornandum

1994 2131 2127 2169 auro
2165 2124 2219 2169 et
2263 2116 2567 2185 margaritis
2598 2132 2614 2179 ;
2646 2116 2734 2185 qui
2778 2124 3000 2184 argento
3047 2116 3214 2171 utitur
3242 2116 3307 2171 ad
3340 2126 3443 2171 tant
3494 2119 3595 2172 im-

1996 2206 2252 2261 mundum
2282 2206 2658 2272 ministerium,
2691 2222 2979 2277 quatunam
3011 2218 3327 2278 assequetur
3352 2210 3599 2265 veniam?

1996 2315 2101 2352 non
2129 2298 2401 2353 sufficiunt
2431 2299 2658 2368 reliqua,
2690 2298 2934 2368 quamvis
2966 2314 3065 2353 nec
3095 2299 3179 2353 illa
3212 2310 3340 2354 sunt
3369 2302 3601 2355 toleran-

1995 2390 2063 2445 da
2096 2409 2107 2444 :
2142 2390 2414 2446 cathedra:
2442 2400 2494 2446 et
2514 2390 2747 2445 scabello
2779 2407 2841 2444 ex
2875 2400 3104 2460 argento
3137 2401 3244 2445 tota
3268 2393 3291 2444 ’ἔ
3313 2394 3457 2463 atqui
3486 2394 3602 2449 ha-c

1993 2500 2206 2554 quoque
2230 2493 2354 2539 sunt
2384 2484 2655 2538 ameulixe.
2685 2483 2789 2539 Sed
2821 2484 3019 2554 ubique
3046 2495 3128 2539 est
3155 2486 3320 2540 fasms
3348 2502 3602 2556 superva-

1993 2592 2227 2642 cancus;
2262 2576 2458 2646 ubique
2487 2577 2659 2631 inanis
2686 2577 2856 2646 gloria
2884 2594 2897 2630 :
2928 2593 3191 2648 nusquam
3216 2594 3343 2633 usus
3371 2580 3601 2633 habetur

1994 2674 2131 2722 ratio
2155 2710 2171 2736 ,
2202 2668 2296 2723 sed
2327 2668 2524 2739 ubique
2550 2677 2676 2723 sunt
2718 2683 3137 2737 supervacanea.
3172 2670 3282 2741 Ego
3311 2687 3502 2726 vereor
3532 2688 3598 2727 ne

1993 2762 2059 2818 ab
2089 2761 2188 2817 hac
2220 2762 2424 2816 insania
2458 2761 2760 2833 procedens
2799 2776 2960 2817 sexus
3006 2762 3285 2818 muliebris
3322 2774 3596 2819 monstro.

1993 2871 2111 2910 runt
2140 2855 2362 2909 formam
2391 2854 2647 2924 suscipiat
2672 2872 2685 2908 :
2714 2854 3005 2909 verisimile
3025 2864 3108 2909 est
3128 2870 3220 2910 eas
3240 2872 3440 2926 cupere
3464 2859 3597 2926 pilos

1991 2963 2207 3019 quoque
2242 2947 2440 3001 habere
2483 2960 2698 3001 aureos.
2746 2947 2853 3001 Aut
2901 2945 3173 3002 fateamini
3216 2964 3310 3002 vos
3352 2964 3417 3003 eo
3453 2951 3596 3018 quod

1992 3041 2192 3096 dictum
2216 3051 2298 3095 est
2331 3039 2460 3094 nihil
2489 3054 2608 3094 esse
2634 3039 2858 3095 affecws
2881 3048 2933 3094 et
2956 3042 3240 3105 excitatos,
3270 3052 3325 3097 et
3346 3043 3599 3098 incidisse

1995 3134 2048 3189 in
2089 3134 2623 3203 concupiscentiam;
2667 3142 2722 3188 et
2761 3132 2860 3186 nisi
2906 3132 3077 3203 pudor
3115 3135 3456 3203 retinuisset,
3491 3154 3596 3193 non

1994 3226 2421 3283 recusavissetis.
2445 3226 2576 3281 Nam
2609 3227 2652 3280 si
2682 3225 2895 3280 audetis
2921 3242 2983 3281 ea
3011 3243 3128 3297 qua:
3154 3238 3279 3281 sunt
3304 3228 3385 3283 his
3408 3229 3595 3284 absur-

1992 3322 2142 3377 diora
2167 3364 2179 3383 ,
2214 3322 2383 3375 multo
2427 3320 2596 3389 magis
2637 3319 2891 3374 existimo
2930 3334 3023 3374 eas
3069 3318 3205 3390 pilos
3242 3337 3439 3376 aureos
3478 3338 3599 3377 esse

1993 3415 2393 3470 desideraturas
2414 3456 2428 3479 ,
2461 3423 2516 3469 et
2546 3413 2691 3468 labra
2718 3454 2734 3480 ,
2766 3422 2820 3468 et
2850 3413 3139 3482 supercilia
3160 3456 3175 3479 ,
3208 3424 3262 3469 et
3300 3425 3438 3470 totas
3467 3433 3600 3471 auro

1993 3509 2284 3582 liquefacto
2330 3524 2390 3564 se
2421 3508 2561 3564 velle
2595 3508 2811 3564 illinire.
2843 3508 2898 3564 Si
2932 3518 3109 3565 autem
3141 3525 3244 3565 non
3276 3513 3516 3575 creditis,
3546 3523 3601 3568 et

1994 3603 2317 3660 existimatis
2355 3618 2442 3658 me
2488 3602 2752 3657 ridentem
2795 3602 2978 3658 dicere
3002 3644 3017 3669 ,
3049 3619 3150 3673 ego
3196 3605 3427 3660 narrabo
3457 3608 3601 3677 quod

1994 3698 2203 3762 audivi;
2236 3698 2344 3752 imo
2384 3711 2513 3751 vero
2553 3711 2695 3752 nunc
2736 3712 2952 3767 quoque
2998 3707 3101 3751 est.
3148 3697 3266 3753 Rex
3317 3700 3600 3755 Persarum

1997 3791 2214 3846 barbam
2250 3789 2409 3845 habet
2441 3803 2682 3856 auream,
2713 3788 2778 3843 iis
2804 3790 2892 3858 qui
2927 3788 3116 3844 harum
3148 3806 3327 3845 rerum
3358 3802 3483 3845 sunt
3509 3808 3603 3863 pe-

1996 3884 2082 3940 riti
2106 3927 2120 3950 ,
2150 3884 2313 3938 veluti
2343 3882 2682 3953 subtegmine
2704 3924 2719 3949 ,
2749 3882 2891 3937 illius
2933 3883 3054 3952 pilis
3096 3885 3211 3938 auri
3260 3884 3484 3939 laminas
3518 3886 3605 3940 in-

1996 3977 2337 4031 volventibus
2362 3992 2375 4029 :
2399 3986 2453 4029 et
2471 3975 2614 4045 jacet
2632 3983 2904 4044 tamquam
2929 3987 3252 4030 monstrum.
3276 3976 3458 4032 Gloria
3487 3978 3604 4041 tibi,

1996 4067 2240 4124 Christe!
2272 4083 2433 4137 quam
2482 4067 2666 4120 multis
2716 4081 2813 4120 nos
2861 4066 3151 4135 implevisti
3184 4067 3372 4135 bonis,
3406 4078 3459 4123 ut
3490 4071 3608 4124 Sani

1998 4176 2242 4216 essemus
2267 4162 2280 4213 !
2310 4176 2337 4211 a
2368 4175 2529 4230 quant
2564 4158 2745 4213 multis
2774 4159 3029 4213 monstris
3054 4168 3109 4213 et
3133 4162 3384 4215 amentiis
3413 4161 3609 4217 liberae

2000 4256 2151 4310 visti!
2184 4254 2324 4309 Ecce
2350 4254 2605 4324 praedico,
2637 4269 2742 4307 non
2770 4254 2999 4323 amplius
3025 4254 3250 4320 suadeo,
3276 4256 3368 4310 scd
3402 4260 3610 4324 impero

2001 4358 2055 4403 et
2084 4347 2342 4402 denuntio
2376 4364 2389 4400 :
2423 4346 2603 4401 audiat
2639 4345 2729 4415 qui
2773 4345 2939 4412 velit;
2969 4346 3057 4416 qui
3102 4362 3208 4402 non
3242 4347 3356 4401 vult
3392 4358 3606 4412 autem,

2003 4456 2110 4495 non
2140 4447 2323 4509 pareat
2356 4455 2369 4491 :
2399 4438 2540 4509 quod
2570 4438 2614 4492 si
2648 4439 2881 4508 pergatis
2911 4437 3026 4493 ha-c
3053 4440 3250 4507 facere,
3281 4455 3387 4495 non
3416 4441 3612 4496 tolera-

2004 4533 2073 4589 bo
2095 4548 2270 4603 neque
2296 4546 2391 4586 vos
2419 4530 2682 4600 escipiam
2705 4573 2719 4597 ,
2755 4547 2930 4602 neque
2970 4530 3145 4587 sinam
3187 4543 3242 4587 ut
3274 4532 3389 4588 haec
3431 4533 3612 4587 limina

2007 4625 2311 4681 transeatis.
2333 4623 2470 4692 Quid
2497 4623 2642 4680 enim
2666 4622 2795 4679 mihi
2819 4639 2954 4695 opus
2975 4633 3056 4679 est
3077 4626 3453 4696 aegrotantium
3479 4627 3616 4680 mill-

2008 4721 2274 4777 titudine?
2302 4719 2427 4790 quid
2468 4734 2629 4786 vero,
2673 4718 2718 4773 si
2758 4733 2855 4773 vos
2899 4719 3154 4773 erudiens
3200 4734 3306 4773 non
3355 4719 3617 4788 prohibeo

2007 4832 2129 4887 qua:
2160 4831 2264 4870 non
2294 4823 2421 4869 sunt
2447 4811 2882 4884 supervacanea?
2909 4812 3068 4880 Atqui
3115 4811 3312 4866 l‘aulus
3342 4810 3621 4879 prohibuit

2010 4921 2064 4967 et
2090 4924 2280 4964 aurum
2307 4916 2364 4962 et
2402 4906 2740 4977 margaritas.
2774 4904 3037 4961 Ridentur
3064 4919 3092 4955 a
3126 4902 3330 4959 Grrccis
3357 4919 3370 4956 :
3401 4916 3486 4956 res
3517 4919 3618 4957 no-

2011 5013 2138 5060 strae
2167 5002 2418 5057 videntur
2442 5016 2563 5056 esse
2592 4999 2809 5053 fabulae.
2848 4998 2908 5051 Et
2938 4997 3067 5050 viris
3099 4996 3212 5051 haec
3252 4994 3455 5051 suadeo
3487 5013 3500 5049 :
3531 5011 3612 5050 ac-

2013 5097 2162 5154 cedis
2188 5095 2254 5150 ad
2287 5094 2467 5149 Indum
2496 5091 2815 5154 literarium,
2847 5088 3243 5159 philosolihiant
3270 5088 3487 5143 discens
3512 5089 3621 5157 spi-

2016 5189 2263 5246 ritualem
2286 5188 2309 5240 ?
2336 5187 2487 5241 aufer
2513 5185 2661 5239 illum
2691 5183 2909 5239 fastum.
2942 5181 3056 5237 lloe.
3081 5190 3136 5235 et
3169 5182 3300 5236 viris
3338 5181 3540 5235 suadeo
3570 5189 3621 5236 et

2019 5283 2269 5347 feminis;
2300 5288 2354 5336 et
2381 5281 2422 5334 si
2453 5278 2718 5350 quispiam
2747 5276 2906 5332 aliter
2936 5276 3113 5338 faciat,
3147 5290 3254 5329 non
3281 5273 3512 5344 amplius
3543 5289 3624 5343 pa-

2021 5377 2142 5431 tior.
2175 5373 2469 5430 Duodecim
2494 5381 2648 5427 erant
2676 5369 2927 5439 discipuli
2954 5385 2967 5421 :
2995 5378 3052 5423 ct
3076 5369 3199 5423 audi
3227 5367 3353 5439 quid
3379 5365 3625 5422 Christus

2020 5470 2100 5523 eis
2126 5467 2266 5523 dicat
2299 5486 2313 5522 :
2343 5466 2484 5521 Num
2517 5474 2562 5520 et
2589 5481 2674 5519 vos
2701 5462 2853 5518 vultis
2878 5461 3019 5515 abire
3044 5459 3223 5534 (Joan.
3257 5460 3309 5513 6.
3339 5458 3466 5527 68)?
3496 5458 3628 5512 Nam

2025 5565 2068 5620 si
2094 5578 2311 5633 semper
2336 5562 2638 5627 adulcmur,
2667 5555 2882 5630 quando
2910 5572 3004 5611 vos
3034 5554 3437 5609 recreabimus?
3462 5569 3633 5621 quan-

2023 5657 2095 5712 do
2136 5654 2521 5728 proficiemus?
2563 5653 2628 5707 At
2658 5659 2819 5715 sunt,
2866 5648 3073 5718 inquit,
3113 5646 3233 5701 alia:
3277 5646 3550 5711 haereses.
3579 5653 3635 5699 et

2027 5756 2469 5804 transmutantur.
2516 5743 2729 5815 Frigida
2774 5752 2859 5797 est
2904 5741 3018 5795 ha‘c
3061 5740 3235 5796 oratio
3272 5756 3283 5794 :
3331 5736 3517 5793 Melior
3563 5754 3637 5790 es.

2027 5859 2161 5896 unus
2188 5841 2378 5910 faciens
2402 5840 2707 5893 voluntatem
2730 5835 2937 5891 Domini
2960 5850 3113 5904 quam
3144 5830 3283 5885 mille
3309 5830 3467 5901 iniqui
3495 5827 3629 5898 (Ec-

2028 5936 2146 5991 cles.
2182 5935 2263 5990 16.
2294 5934 2383 6005 3).
2416 5931 2548 5987 Nam
2579 5940 2634 5987 tu
2663 5944 2894 6002 quoque,
2930 5926 3015 5983 die
3053 5926 3205 5993 mihi,
3234 5934 3415 5981 utrum
3446 5920 3615 5977 malis
