4140 6496
560 547 873 601 innumeros
896 537 1094 593 habere
1121 550 1309 591 servos
1336 534 1582 604 fugitivos
1609 539 1664 585 et
1692 530 1856 596 fures,
1884 543 1952 582 an
1978 539 2140 581 unum

561 632 912 690 benevolum?
942 630 1081 684 Ecce
1119 626 1318 683 suadeo
1352 635 1404 680 et
1444 625 1608 695 jubeo
1637 633 1692 677 ut
1721 631 1774 676 et
1801 619 1956 674 faciei
1982 631 2142 672 orna-

561 739 797 783 mentum
815 733 868 780 et
888 722 1150 794 ejusmodi
1173 736 1296 774 vasa
1319 730 1586 780 conteras.
1605 725 1660 770 et
1680 715 1774 769 des
1797 712 2145 784 pauperibus,

561 830 613 873 et
650 834 716 874 ne
756 817 833 871 sic
870 815 1123 870 insanias.
1154 812 1254 878 Qui
1283 812 1394 865 vult
1421 809 1650 868 resiliat.
1681 807 1769 877 qui
1799 804 1908 858 vult
1932 809 2147 855 accuset

559 922 613 964 et
641 907 996 979 reprehendat
1025 925 1038 958 ε
1070 904 1274 960 nullum
1303 903 1490 972 patior.
1517 899 1739 968 Quando
1764 911 1880 950 sum
1903 894 2146 963 judican-

562 1004 664 1056 dus
701 1013 849 1055 stans
896 999 962 1053 ad
1009 996 1242 1051 tribunal
1283 993 1510 1056 Christi,
1546 989 1731 1062 procul
1758 1003 1852 1042 vos
1876 984 2063 1049 statis,
2093 990 2148 1037 et

559 1094 726 1164 gratia
752 1102 930 1145 vestra
957 1091 1007 1142 in
1037 1089 1256 1142 nihilum
1283 1085 1446 1149 cedit,
1470 1099 1556 1138 me
1581 1081 1838 1138 reddente
1860 1078 2142 1132 rationem.

561 1188 687 1243 llaec
705 1185 864 1240 verba
892 1184 1070 1238 omnia
1091 1189 1440 1249 corrumpunt
1465 1178 1762 1244 :Discedet,
1789 1172 1977 1242 inquit,
2003 1181 2056 1224 et
2077 1169 2144 1224 ad

560 1279 719 1334 aliam
762 1276 1010 1330 haeresim
1040 1272 1252 1328 deticiet
1280 1289 1294 1325 :
1323 1279 1405 1325 est
1442 1267 1737 1322 imbecillus
1766 1283 1781 1320 :
1809 1274 1862 1318 te
1892 1261 2142 1324 demitte,

562 1380 618 1427 et
643 1380 694 1426 te
721 1371 770 1424 ei
795 1367 1176 1438 aliquantisper
1202 1359 1566 1418 accommoda.
1589 1358 1706 1426 Quo
1727 1358 1931 1425 usque?
1952 1353 2142 1418 semel,

561 1477 616 1519 et
645 1464 725 1518 bis
747 1503 761 1528 ,
794 1470 848 1515 et
880 1471 959 1514 ter
980 1501 994 1524 ,
1026 1473 1129 1512 non
1164 1464 1438 1526 perpetuo.
1473 1452 1612 1506 Ecce
1636 1462 1820 1503 rursus
1848 1444 2106 1500 denuntio
2125 1484 2141 1508 ,

560 1564 616 1610 et
643 1569 766 1609 cum
797 1553 951 1607 beato
989 1549 1152 1604 Paulo
1181 1554 1447 1617 protestor
1475 1561 1486 1597 :
1519 1540 1670 1610 Quod
1700 1540 1745 1595 si
1772 1531 1955 1593 rursus
1985 1550 2146 1589 vene-

564 1662 626 1700 ro
652 1687 667 1712 ,
701 1659 808 1699 non
836 1657 1051 1714 paream
1082 1640 1166 1711 (2.
1197 1638 1313 1692 Cor.
1343 1637 1428 1692 l5.
1461 1634 1533 1706 2)
1562 1653 1574 1688 :
1604 1632 1816 1704 quando
1844 1638 2020 1684 autem
2052 1640 2148 1680 vos

559 1745 703 1792 recte
728 1735 1022 1806 gesseritis,
1054 1741 1178 1786 tunc
1203 1730 1384 1787 scietis
1409 1736 1666 1799 quantum
1693 1726 1920 1789 lucrum,
1950 1728 2146 1792 quanta

557 1831 628 1883 sit
658 1828 876 1882 utilitas.
909 1825 1066 1882 Certe
1096 1839 1225 1895 rogo
1253 1831 1308 1877 et
1335 1821 1582 1887 obsecro,
1613 1833 1789 1888 neque
1827 1830 1996 1887 genua
2023 1813 2144 1882 qui-

1261 424 1317 479 S.
1359 420 1634 478 JOANXIS
1671 409 2144 474 CllllYSOSTUldl
2191 410 2509 466 ABCIIIEP.
2547 405 3082 465 CONSTANTINOP.

3735 416 3842 472 332

2251 521 2373 577 dem
2399 531 2572 577 vestra
2603 521 2838 576 dubitem
2867 522 3268 592 apprehendere
3292 567 3308 592 ,
3337 535 3388 582 et
3419 542 3515 596 pro
3543 545 3607 586 eo
3635 537 3833 604 suppli-

2250 630 2393 670 care.
2426 616 2556 683 Quae
2586 626 2669 670 est
2698 616 2813 670 lucc
2841 617 3111 680 mollities,
3142 634 3261 689 qua:
3299 619 3524 689 deliciae,
3556 641 3674 695 qua:
3704 643 3839 682 cou-

2252 706 2503 760 tumelia?
2544 707 2863 761 contumelia
2913 707 3056 762 enim
3102 719 3224 778 est,
3277 727 3383 767 non
3433 714 3656 771 deliciae.
3704 719 3840 784 ane

2249 800 2515 854 amentia?
2544 816 2662 870 qua:
2703 800 2946 854 insania?
2987 800 3090 856 Tot
3135 816 3394 872 pauperes
3439 808 3839 866 circumsistunt

2251 889 2562 954 ecclesiam;
2594 898 2647 943 et
2674 900 2778 943 tam
2810 891 3004 945 multos
3033 891 3167 946 lllios
3195 893 3396 949 habens
3438 896 3697 963 Ecclesia,
3730 911 3838 956 tam

2251 979 2482 1044 divites,
2523 981 2652 1035 nulli
2696 982 2911 1051 pauperi
2959 989 3134 1051 potest
3161 999 3318 1055 opem
3360 985 3541 1054 ferre;
3573 991 3666 1045 sed
3699 991 3842 1050 allus

2251 1073 2464 1143 quidem
2493 1075 2680 1139 esurit,
2709 1075 2845 1130 alius
2870 1089 2995 1130 vero
3021 1085 3101 1130 est
3131 1077 3332 1142 ebrius,
3363 1080 3502 1136 alius
3532 1083 3584 1137 in
3613 1094 3840 1153 argento

2250 1165 2449 1234 egerit,
2480 1164 2614 1218 alius
2659 1179 2728 1220 ne
2769 1179 2961 1234 panem
2997 1165 3212 1238 quidem
3247 1167 3407 1224 habet
3431 1187 3539 1242 quo
3565 1187 3835 1230 vescatur.

2251 1257 2504 1324 Quaenam
2531 1267 2610 1311 est
2637 1256 2752 1311 haec
2776 1256 3003 1324 insania,
3034 1274 3276 1328 quaenam
3304 1270 3446 1316 tanta
3479 1262 3704 1320 feritas?
3729 1267 3841 1322 Ab-

2251 1348 2316 1401 sit
2349 1357 2403 1401 ut
2429 1347 2498 1401 sit
2534 1347 2688 1402 nobis
2728 1347 3025 1403 faciendum
3071 1349 3364 1419 periculum
3407 1352 3696 1410 ulciscendi
3741 1373 3839 1413 eos

2250 1444 2340 1510 qui
2371 1455 2476 1494 non
2503 1439 2758 1495 obediunt
2777 1481 2794 1504 ,
2828 1441 2898 1495 ita
2929 1451 2989 1496 ut
3018 1441 3382 1512 indignatione
3410 1447 3540 1501 moti
3572 1447 3691 1503 illos
3722 1451 3839 1519 ple-

2251 1543 2492 1598 ctamus;
2521 1533 2614 1587 sed
2647 1533 2890 1589 labentes
2917 1543 2970 1589 et
3001 1536 3264 1604 patientes
3294 1536 3370 1592 illi
3407 1538 3520 1592 htec
3547 1542 3724 1595 omnia
3750 1543 3839 1596 ob-

2251 1636 2375 1682 eant
2403 1642 2416 1678 :
2449 1634 2507 1681 ut
2530 1627 2581 1680 in
2607 1626 2834 1696 gloriam
2860 1627 2954 1683 Dei
2983 1628 3248 1695 vivamus,
3276 1638 3332 1684 ut
3358 1645 3386 1684 a
3413 1633 3672 1702 supplicio
3696 1635 3839 1705 quod

2252 1719 2357 1773 illic
2383 1727 2466 1774 est
2494 1717 2813 1783 liberemur,
2847 1728 2902 1774 et
2943 1719 3078 1774 bona
3107 1735 3455 1788 assequamur
3487 1725 3745 1790 promissa
3776 1727 3842 1782 iis

2250 1811 2338 1882 qui
2370 1811 2543 1882 ipsum
2567 1810 2814 1883 diligunt,
2843 1813 3013 1883 gratia
3035 1823 3090 1868 et
3113 1813 3456 1885 benignitate,
3483 1827 3589 1873 etc.

683 1947 3842 1976 Μ

1876 2023 2223 2086 HOMILIA
2265 2021 2437 2083 VIII.

558 2182 687 2238 (λιν.
715 2180 770 2236 5.
799 2195 850 2232 v.
879 2179 934 2234 5.
965 2176 1272 2246 Mortiﬁcate
1295 2190 1413 2246 ergo
1436 2173 1656 2227 membra
1681 2181 1862 2235 vestra,
1890 2185 2004 2241 qtae
2026 2178 2144 2224 sunt

629 2289 782 2342 super
799 2281 1002 2328 terram,
1029 2267 1433 2340 fornicationem,
1451 2265 1844 2329 immunditiam,
1864 2260 2139 2324 libidinem,

629 2361 1082 2430 concupiscentiam
1112 2359 1320 2421 malam,
1349 2366 1396 2410 et
1422 2356 1707 2420 avaritiam,
1735 2370 1848 2421 qua!
1873 2363 1943 2406 est
1977 2353 2144 2406 idolo-

631 2471 744 2509 rum
768 2454 977 2506 servitus
1001 2450 1087 2506 :6.
1117 2459 1319 2520 propter
1343 2464 1456 2520 qua:
1479 2448 1607 2502 venit
1630 2437 1706 2500 ira
1728 2444 1824 2500 Dei
1842 2462 1992 2515 super
2011 2444 2144 2513 ﬁlios

628 2543 990 2599 incredulitatis
1019 2558 1038 2596 :
1058 2545 1110 2596 7.
1138 2542 1190 2595 in
1215 2539 1392 2611 quibus
1417 2538 1710 2594 ambulastis
1731 2537 2005 2608 aliquando
2031 2553 2144 2591 cum

630 2639 851 2693 viveretis
879 2638 929 2690 in
959 2636 1081 2690 illis.

631 2731 684 2786 Ι.
717 2729 840 2784 Scio
867 2727 1061 2783 multos
1082 2741 1201 2781 esse
1228 2725 1462 2781 oll'eusos
1481 2739 1542 2779 ea
1563 2740 1684 2794 quae
1709 2723 1846 2780 hanc
1873 2722 2146 2793 pratcessit

556 2821 976 2891 disceptatione;
1007 2819 1097 2874 Sed
1127 2818 1252 2888 quid
1276 2819 1462 2888 agam?
1479 2815 1752 2870 audivistis
1771 2815 1896 2886 quid
1923 2816 2145 2883 jusserit

562 2915 833 2968 Dominus.
855 2911 987 2965 Num
1006 2927 1103 2980 ego
1122 2926 1239 2965 sum
1261 2910 1451 2964 causa?
1470 2908 1594 2978 quid
1615 2907 1803 2962 faciam
1818 2907 1841 2961 ?
1855 2907 1969 2962 Non
1997 2907 2145 2962 vidc-

560 3009 626 3060 tis
652 3005 918 3074 quomodo
949 3004 1035 3074 qui
1064 3003 1303 3057 debitum
1333 3004 1572 3073 exigunt,
1591 3003 1634 3055 si
1657 3002 1865 3058 solvere
1893 3010 2146 3056 recusent

553 3098 829 3153 debitores
849 3139 863 3161 ,
896 3111 989 3150 eos
1019 3096 1067 3148 in
1097 3095 1306 3149 vincula
1345 3093 1676 3162 conjiciunt?
1702 3092 1994 3148 Audivistis
2019 3091 2145 3162 quid

559 3187 716 3242 hodie
745 3187 1054 3243 exclamat-it
1079 3186 1311 3242 Paulus:
1349 3183 1672 3254 Mortiﬁcate,
1705 3185 1893 3254 inquit,
1927 3187 2147 3238 membra

555 3291 738 3348 vestra,
769 3296 882 3350 qua:
908 3291 1024 3332 stmt
1069 3295 1222 3348 super
1252 3287 1459 3342 terram,
1488 3277 1890 3346 fornicationem,
1922 3276 2145 3330 immun-

552 3373 752 3437 ditiam,
783 3370 1060 3432 libidinem,
1085 3369 1541 3438 concupiscentiam
1564 3366 1773 3433 malam,
1795 3377 1840 3420 et
1861 3367 2144 3434 avaritiam,

554 3481 668 3534 qua:
702 3473 771 3518 est
799 3463 1049 3516 idolorum
1085 3463 1313 3515 servitus.
1343 3458 1480 3528 Quid
1508 3468 1590 3514 est
1628 3460 1714 3514 illa
1745 3459 1965 3513 avaritia
1993 3459 2145 3514 dete-

554 3557 710 3612 rius?
744 3555 852 3609 Iloc
880 3563 963 3609 est
1005 3553 1220 3623 gravius
1265 3568 1426 3623 quam
1469 3550 1611 3622 quod
1642 3549 1883 3606 dicebam
1909 3592 1924 3618 ,
1955 3566 2148 3620 nempe

553 3647 819 3705 Stolidilas
853 3645 936 3699 illa
965 3645 1103 3700 circa
1145 3651 1450 3716 argentum,
1495 3641 1557 3697 Et
1601 3643 1897 3706 avaritiam,
1934 3642 2142 3712 inquit,

554 3757 668 3810 qua:
687 3751 758 3794 est
785 3739 1036 3792 idolorum
1059 3737 1289 3790 servitus.
1319 3734 1523 3792 Videtis
1543 3735 1754 3790 ubinam
1785 3733 1979 3788 maltttn
2006 3733 2150 3788 desi-

557 3843 648 3888 nat
668 3833 690 3884 ‘t
713 3831 788 3885 Ne
810 3845 950 3898 aegre
977 3827 1160 3883 feratis
1184 3846 1196 3880 :
1229 3843 1332 3883 non
1361 3827 1504 3882 enim
1535 3825 1722 3881 lubens
1743 3841 1914 3894 neque
1945 3833 2147 3880 temere

557 3923 679 3977 volo
709 3923 902 3976 habere
933 3920 1178 3976 inimiCtts
1203 3936 1216 3986 ;
1248 3919 1342 3975 sed
1372 3919 1530 3973 velim
1562 3933 1656 3972 vos
1681 3935 1744 3973 eo
1771 3919 1952 3974 venire
1979 3919 2146 3972 virtu-

557 4016 648 4080 tis,
681 4023 737 4067 ut
763 4027 860 4083 ego
887 4011 953 4067 de
983 4011 1130 4066 vobis
1160 4010 1369 4065 audiam
1392 4026 1510 4080 qum
1535 4019 1764 4080 oportet.
1787 4010 2146 4079 Quamobrem

557 4121 668 4161 non
713 4113 838 4160 sunt
878 4119 996 4174 quae
1038 4103 1146 4158 dixi
1187 4103 1520 4158 auctoritatis
1562 4118 1735 4172 neque
1780 4103 2020 4172 imperii,
2051 4103 2146 4158 sed

559 4195 789 4252 tristitiae
815 4206 868 4253 et
896 4195 1116 4250 doloris.
1150 4195 1430 4266 Ignoscite,
1468 4194 1722 4266 ignoscite
1756 4213 1768 4250 :
1801 4197 1924 4250 nolo
1952 4210 2036 4249 me
2067 4196 2147 4250 in-

558 4292 752 4346 decore
786 4304 973 4361 gerere
1016 4288 1083 4344 de
1130 4290 1194 4342 iis
1226 4287 1532 4354 disserens,
1561 4287 1653 4342 sed
1690 4303 1871 4358 cogor.
1903 4286 2016 4342 Non
2051 4303 2147 4357 pro

559 4383 747 4437 dolore
778 4396 1067 4452 pauperum
1112 4379 1224 4434 haec
1252 4381 1406 4443 dico,
1443 4379 1534 4434 sed
1577 4395 1673 4451 pro
1715 4389 1890 4435 vestra
1929 4381 2099 4436 salute
2131 4402 2143 4437 :

561 4472 807 4546 peribunt
833 4473 974 4526 enim
996 4513 1009 4534 ,
1039 4469 1286 4540 peribunt
1312 4470 1400 4540 qui
1426 4469 1699 4526 Christum
1739 4487 1843 4525 non
1875 4471 2143 4526 aluerunt.

559 4563 695 4630 Quid
719 4563 861 4618 enim
883 4605 898 4626 ,
927 4562 970 4615 si
1009 4563 1108 4617 alis
1145 4561 1470 4631 pauperem?
1492 4561 1588 4616 sed
1616 4562 1866 4632 quamdiu
1895 4561 1972 4615 sic
1998 4560 2145 4616 luxui

557 4668 612 4714 et
648 4654 850 4711 deliciis
893 4654 1164 4726 indulges,
1197 4663 1316 4708 sunt
1353 4654 1532 4709 omnia
1577 4669 1996 4722 supervacanea.
2027 4653 2146 4708 Non

558 4751 700 4808 enim
728 4748 982 4820 quaeritur
1012 4748 1246 4802 multane
1277 4747 1488 4802 dederis
1511 4787 1525 4809 ,
1559 4746 1653 4802 sed
1691 4763 1816 4800 num
1850 4747 2026 4805 minus
2054 4746 2149 4802 de-

558 4843 702 4901 deris
730 4857 888 4912 quam
924 4840 1098 4897 ferant
1128 4839 1407 4894 facultates
1432 4857 1446 4893 :
1474 4838 1577 4894 ltoc
1612 4837 1753 4894 enim
1783 4849 1865 4894 est
1892 4839 2144 4894 ludentis.

563 4933 868 5002 Mortiﬁcate
889 4947 1030 5002 ergo,
1060 4931 1249 5002 inquit,
1275 4929 1496 4983 membra
1522 4941 1702 4996 vestra,
1724 4946 1836 4999 qua?
1853 4939 1968 4986 sunt
1993 4947 2150 5002 supra

560 5035 764 5082 terram.
793 5022 929 5090 Quid
960 5021 1126 5076 dicis?
1167 5035 1345 5074 nonne
1383 5028 1435 5074 tu
1475 5019 1652 5076 dixisti
1683 5039 1694 5074 :
1729 5020 1935 5090 Sepulti
1977 5021 2108 5075 estis
2130 5061 2146 5086 ,

559 5113 857 5185 oonsepulti
880 5113 1028 5178 estis,
1053 5111 1354 5167 circumcisi
1377 5111 1526 5177 estis,
1550 5112 1794 5166 exuimus
1814 5127 2008 5180 corpus
2037 5127 2154 5180 pec-

557 5219 798 5262 calorum
820 5203 996 5258 carnis
1025 5203 1198 5275 (Rom.
1230 5204 1283 5257 (i.
1311 5203 1367 5258 4.
1408 5201 1521 5257 Col.
1549 5203 1603 5256 2.
1636 5203 1720 5256 Η.
1749 5211 1796 5256 et
1818 5204 1869 5258 5.
1897 5202 1994 5270 9)?
2019 5217 2152 5272 quo-

561 5298 721 5352 modo
751 5311 880 5367 ergo
918 5309 1106 5349 rursus
1130 5293 1296 5359 dicis,
1329 5293 1681 5362 Mortificate?
1707 5293 1783 5348 Ne
1814 5293 1964 5347 ludas
1993 5311 2004 5345 :
2035 5293 2151 5348 haec

560 5393 694 5450 dicis
721 5406 784 5446 ac
823 5391 868 5445 si
910 5390 1025 5445 lucc
1054 5388 1161 5443 sint
1201 5389 1252 5442 in
1281 5387 1476 5442 nobis?
1505 5387 1619 5442 Non
1656 5397 1737 5442 cst
1762 5385 2112 5442 contradictio
2133 5425 2148 5453 ,

559 5484 654 5537 sed
687 5483 828 5537 velut
850 5481 894 5537 si
921 5481 1040 5552 quis
1059 5495 1180 5535 cum
1206 5495 1233 5534 a
1259 5479 1509 5535 sordibus
1532 5479 1872 5534 abstersisset
1897 5486 2147 5543 statuam,

564 5574 642 5626 vel
686 5573 860 5642 potius
887 5587 1005 5626 eam
1035 5570 1212 5626 denuo
1243 5570 1460 5627 fudisset
1490 5580 1543 5625 et
1569 5569 1893 5636 conﬂasset,
1924 5583 2152 5639 eamque

561 5661 630 5715 de
673 5663 880 5734 integro
922 5663 1208 5733 fulgentem
1251 5663 1572 5718 reddidisset
1608 5671 1662 5718 et
1701 5661 1920 5717 nitidam
1947 5703 1962 5729 ,
2010 5661 2154 5716 dicat

564 5752 777 5834 quidem
817 5768 938 5809 esse
971 5768 1186 5808 exesam
1217 5763 1270 5808 et
1300 5755 1523 5824 periisse
1564 5754 1856 5824 rubiginem
1877 5795 1894 5818 ,
1929 5754 2151 5808 suadeat

565 5854 738 5900 autem
769 5859 954 5902 rursus
977 5857 1194 5914 operam
1220 5842 1368 5913 dare,
1397 5855 1453 5904 ut
1482 5844 1777 5918 deponatur
1806 5844 2009 5916 rubigo,
2042 5861 2148 5902 non

2253 2166 2422 2221 utitur
2450 2168 2872 2225 contradictione
2905 2189 2919 2226 :
2951 2187 3056 2228 non
3085 2174 3226 2230 enim
3268 2192 3425 2246 quam
3467 2179 3717 2237 abstersit
3749 2200 3842 2238 rn-

2251 2259 2505 2331 biginem,
2537 2261 2632 2318 sed
2661 2278 2781 2333 qua:
2820 2275 3004 2334 postea
3034 2267 3360 2334 adnascitur,
3391 2273 3580 2327 suadet
3605 2275 3843 2345 du-poue-

2253 2366 2330 2406 re.
2364 2351 2455 2406 Sic
2485 2367 2658 2424 neque
2695 2355 2928 2424 priorem
2965 2357 3094 2412 dicit
3134 2361 3598 2417 mortificationem
3619 2405 3635 2429 ,
3669 2384 3842 2437 neque

2253 2443 2368 2498 illas
2389 2443 2788 2511 fornicationes,
2811 2447 2904 2502 sed
2924 2465 3042 2519 qua:
3065 2461 3244 2520 postea
3268 2453 3544 2509 accedunt.
3565 2455 3668 2513 Sed
3691 2475 3840 2528 ecce,

2253 2536 2496 2606 inquiunt
2531 2537 2770 2593 bmretici
2793 2582 2810 2604 ,
2837 2557 2921 2595 res
2962 2551 3174 2598 creatas
3217 2543 3409 2599 Paulus
3436 2549 3791 2604 calumniatur
3824 2570 3838 2607 :

2250 2628 2385 2683 dixit
2408 2630 2550 2684 enim
2581 2633 2845 2701 superius,
2879 2633 3008 2700 Quae
3031 2652 3226 2696 sursum
3256 2649 3371 2692 sunt
3399 2642 3579 2710 sapite,
3607 2660 3705 2696 non
3729 2661 3843 2712 qut:

2250 2737 2402 2798 super
2431 2731 2655 2787 terram;
2686 2739 2869 2779 rursus
2899 2725 3063 2792 dicit,
3095 2726 3400 2795 Mortiﬁcate
3428 2734 3646 2785 membra
3675 2746 3842 2789 vestra

2250 2830 2363 2882 qua:
2403 2825 2518 2868 sunt
2557 2832 2711 2885 super
2743 2827 2947 2872 terram.
2979 2818 3082 2875 Sed
3115 2819 3242 2876 illud
3264 2865 3276 2888 ,
3310 2822 3478 2890 Super
3506 2835 3725 2892 terram,
3756 2828 3841 2880 hic

2251 2904 2514 2974 significat
2539 2919 2836 2976 peccatum,
2873 2925 2969 2964 nec
3001 2927 3085 2965 res
3111 2923 3322 2968 creatas
3349 2915 3722 2972 calumniatur.
3751 2919 3843 2974 Sic

2251 2996 2394 3050 enim
2425 3013 2485 3052 ea
2515 3015 2632 3068 qua:
2662 3015 2825 3070 super
2853 3009 3050 3057 terram
3093 3015 3217 3060 sunt
3249 3019 3401 3063 vocat
3445 3021 3656 3077 peccata
3679 3052 3694 3076 ,
3725 3013 3843 3067 sive

2251 3087 2391 3157 quod
2415 3106 2479 3144 ex
2507 3100 2714 3146 terrena
2738 3095 3061 3164 cogitatione
3083 3107 3135 3151 et
3158 3097 3208 3152 iu
3239 3108 3379 3154 terra
3410 3112 3703 3170 patrcntur.
3728 3105 3844 3159 sive

2253 3180 2394 3248 quod
2424 3191 2733 3252 peccatores
2762 3193 3006 3240 terrenos
3035 3202 3155 3243 esse
3187 3190 3486 3246 ostendant.
3520 3192 3845 3249 Fornicatio-

2251 3287 2403 3338 nem,
2439 3273 2814 3331 immunditiam
2835 3317 2850 3342 ,
2895 3278 3082 3348 inquit.
3115 3279 3220 3335 [les
3248 3285 3589 3351 praetermisit
3613 3301 3745 3354 quas
3773 3302 3848 3340 ne

2253 3364 2532 3420 honestum
2573 3367 2785 3436 quidem
2834 3379 2915 3423 est
2955 3370 3170 3436 dicere,
3215 3381 3271 3426 et
3313 3388 3406 3442 per
3449 3373 3846 3432 immunditiam

2251 3457 2428 3510 omnia
2468 3458 2722 3512 ostendit.
2770 3458 3092 3528 Libidinem,
3139 3463 3346 3532 inquit,
3389 3466 3850 3535 concupiscentiam

2251 3546 2459 3602 malam.
2490 3547 2626 3603 Ecce
2655 3558 2820 3604 totum
2849 3549 2983 3605 dixit
3006 3552 3058 3606 in
3084 3569 3279 3622 genere
3308 3573 3320 3609 :
3347 3556 3525 3610 omnia
3548 3558 3688 3612 enim
3716 3570 3850 3612 sunt

2251 3638 2390 3692 mala
2421 3639 2683 3710 cupiditas
2708 3682 2720 3702 ,
2757 3642 2949 3696 invidia
2972 3684 2986 3707 ,
3026 3643 3101 3698 ira
3123 3686 3137 3706 .
3172 3645 3402 3700 tristitia.
3437 3645 3502 3700 Et
3538 3649 3806 3702 avaritiam
3831 3692 3850 3715 ,

2253 3727 2442 3798 inquit,
2472 3745 2586 3800 qua:
2610 3740 2683 3785 est
2710 3729 2961 3786 idolorum
2982 3734 3212 3788 servitus.
3249 3735 3464 3808 Propter
3485 3755 3595 3806 qua:
3616 3739 3740 3792 venit
3765 3741 3852 3794 ira

2253 3819 2349 3874 Dei
2378 3837 2531 3890 super
2557 3824 2692 3892 ﬁlios
2719 3825 3108 3881 incredulitatis.
3143 3829 3242 3882 Per
3270 3830 3433 3884 multa
3461 3846 3557 3885 eos
3582 3830 3802 3884 abduxit
3833 3850 3848 3887 :

2254 3928 2347 3981 per
2373 3928 2434 3966 ea
2465 3929 2584 3982 qua:
2614 3914 2826 3970 fuerunt
2853 3916 3112 3972 beneficia
3136 3935 3150 3984 ;
3183 3935 3277 3988 per
3303 3921 3440 3974 mala
3470 3921 3645 3976 futura
3669 3938 3695 3974 a
3723 3922 3853 3992 qui-

2252 4004 2352 4058 bus
2381 4019 2568 4059 sumus
2597 4005 2804 4062 liberati
2831 4025 2845 4071 ς
2876 4011 3091 4076 quinam
3121 4026 3240 4066 cum
3269 4027 3528 4079 essemus,
3558 4023 3611 4069 et
3635 4030 3799 4085 quare
3832 4034 3848 4070 :

2251 4106 2304 4151 et
2331 4099 2507 4152 omnia
2537 4085 2660 4164 illa;
2693 4110 2780 4166 ut,
2806 4101 3021 4171 quinam
3055 4104 3340 4170 fuerimus,
3371 4115 3424 4160 et
3452 4107 3504 4160 in
3535 4109 3754 4178 quibus;
3785 4120 3853 4163 et

2252 4190 2390 4257 quod
2418 4189 2487 4244 ab
2513 4191 2591 4245 eis
2618 4191 2784 4246 simus
2812 4193 3041 4261 liberati,
3075 4211 3181 4265 quo
3211 4208 3364 4265 pacto
3387 4207 3442 4252 et
3470 4199 3761 4268 quomodo,
3791 4215 3854 4256 et

2253 4293 2470 4352 propter
2493 4298 2632 4353 qtnc.
2667 4283 2790 4339 lltec
2820 4285 3090 4341 sufﬁciunt
3114 4287 3180 4342 ad
3208 4289 3554 4344 avertendum
3583 4309 3595 4344 :
3619 4291 3711 4345 sed
3742 4295 3855 4348 huc

2251 4383 2334 4429 est
2376 4375 2614 4430 onmium
2664 4375 3192 4434 vehementissimqu
3220 4420 3234 4444 ,
3273 4380 3417 4434 dictu
3457 4381 3672 4450 quidem
3707 4382 3856 4448 inju-

2253 4465 2505 4532 cundum,
2537 4482 2640 4520 non
2675 4475 2851 4521 tamen
2888 4468 3096 4533 inutile,
3128 4469 3223 4525 sed
3253 4471 3411 4525 etiam
3441 4471 3589 4524 utile.
3625 4470 3856 4541 Propter

2251 4573 2383 4628 quae,
2413 4559 2601 4629 inquit,
2626 4560 2756 4613 venit
2779 4560 2856 4613 ira
2879 4559 2974 4614 Dei
2991 4578 3142 4633 super
3161 4564 3295 4632 filios
3317 4565 3680 4619 incredulitatis
3725 4565 3852 4622 Nam

2252 4650 2424 4716 dixit,
2447 4650 2618 4720 Super
2648 4665 2742 4705 vos
2762 4691 2776 4715 ,
2806 4652 2898 4706 sed
2921 4693 2936 4718 ,
2967 4653 3138 4723 Super
3179 4655 3314 4723 ﬁlios
3354 4655 3741 4710 incredulitatis.
3781 4655 3855 4713 lu

2253 4743 2430 4815 quibus
2457 4743 2750 4798 ambulastis
2778 4744 3076 4815 aliquando,
3107 4763 3220 4800 cum
3250 4747 3474 4803 viveretis
3501 4749 3552 4800 in
3582 4749 3700 4802 illis.
3735 4748 3816 4804 Pu
3835 4780 3855 4792 η

2254 4836 2438 4891 dorem
2471 4835 2736 4890 incutiens
2762 4836 2910 4903 dicit,
2943 4835 3066 4891 Cum
3095 4838 3321 4894 viveretis
3350 4839 3402 4892 in
3430 4839 3572 4901 illis;
3603 4840 3758 4892 simul
3787 4853 3856 4896 et

2255 4946 2375 4985 cmn
2407 4930 2580 4996 laude,
2613 4931 2780 5000 utqui
2812 4946 2952 4986 nunc
2983 4946 3088 4985 non
3117 4931 3293 4985 vivant
3322 4932 3371 4986 in
3402 4931 3541 4985 illis:
3570 4943 3693 4985 tunc
3717 4932 3860 4987 Πομ

2256 5023 2345 5078 bat
2373 5025 2440 5076 ita
2472 5022 2635 5092 loqui.
2663 5022 2715 5078 8.
2748 5021 2900 5076 Nunc
2929 5033 3095 5077 autem
3117 5024 3350 5094 deponite
3374 5035 3418 5078 et
3449 5041 3534 5078 vos
3563 5026 3757 5082 omnia.
3785 5027 3862 5083 Et

2259 5114 2505 5168 universe
2548 5128 2762 5183 semper
2793 5114 2920 5169 dicit
2945 5122 2999 5170 et
3025 5113 3298 5184 sigillatitn
3329 5133 3344 5169 :
3375 5115 3488 5170 haec
3515 5127 3638 5170 sunt
3664 5127 3854 5171 autem

2257 5221 2324 5260 ex
2352 5205 2566 5260 affectu.
2609 5203 2788 5271 Iram,
2826 5205 3256 5276 indignationem,
3289 5205 3569 5271 malitiam,
3603 5207 3855 5276 blasphe-

2257 5298 2432 5363 miam,
2463 5308 2657 5368 turpem
2685 5313 2962 5353 sermonem
2992 5298 3054 5353 de
3088 5315 3176 5354 ore
3203 5309 3384 5354 vestro.
3417 5299 3468 5356 9.
3509 5299 3681 5354 Nolite
3708 5318 3860 5353 men-

2258 5388 2342 5441 tiri
2366 5388 2592 5441 invicem.
2625 5386 2848 5457 Turpem
2873 5405 3153 5444 senuonem
3173 5433 3186 5456 ,
3218 5390 3420 5458 inquit,
3448 5407 3511 5445 ea:
3536 5408 3620 5444 ore
3649 5402 3810 5446 vestro
3836 5435 3853 5452 .

2257 5495 2378 5535 cum
2409 5480 2673 5551 emphasi,
2702 5483 2951 5551 quoniam
2983 5482 3032 5538 id
3063 5484 3293 5537 maculat
3319 5493 3373 5536 et
3401 5484 3606 5553 polluit.
3641 5481 3856 5552 Exspc-

2258 5574 2440 5628 liantes
2479 5589 2565 5627 vos
2609 5581 2823 5625 veterem
2871 5573 3120 5628 hominem
3155 5590 3266 5627 cum
3296 5572 3491 5627 actibus
3515 5574 3618 5627 suis
3639 5615 3653 5639 ,
3688 5575 3773 5626 lt).
3803 5585 3857 5626 es

2257 5665 2522 5719 iuduentes
2548 5681 2754 5729 novum,
2781 5681 2894 5718 eum
2920 5666 3006 5734 qui
3028 5676 3294 5721 renovatur
3318 5666 3370 5721 in
3398 5667 3703 5739 agnitionem
3727 5665 3853 5736 Dei,

2259 5757 2536 5811 secundum
2579 5755 2849 5826 imaginem
2884 5760 2994 5826 ejus
3017 5758 3106 5826 qui
3130 5759 3317 5812 ereavit
3342 5774 3473 5813 eum.
3506 5757 3695 5829 Operae
3722 5774 3854 5828 pre-

2260 5847 2390 5902 tium
2420 5851 2502 5903 est
2539 5845 2625 5904 hic
2663 5863 2903 5920 quaerere
2931 5865 3030 5907 cur
3063 5851 3299 5907 membra
3324 5892 3338 5920 ,
3367 5859 3421 5907 et
3459 5851 3728 5908 hominem
3753 5895 3767 5920 ,
3799 5863 3852 5910 et
