4140 6498
349 391 454 450 551

359 505 499 560 Ἰδοὺ
528 506 830 576 παρεγγυῶ
858 505 1042 571 πάλιν,
1079 507 1172 561 καὶ
1201 507 1646 582 διαμαρτύρομαι
1685 513 1828 568 κατά
1859 515 1953 569 τὸν

349 597 629 666 μακάριον
648 595 880 662 Παῦλον,
903 597 984 650 ὅτι
1013 595 1080 650 ἂν
1102 596 1242 652 ἔλθω
1271 600 1351 662 είς
1379 599 1439 652 τὸ
1469 600 1652 664 πάλιν,
1676 601 1738 655 ού
1769 603 1953 672 φείσο·

349 701 483 754 μαι·
522 684 652 736 ὅταν
675 684 731 737 δὲ
763 683 1176 756 κατορθώσητε,
1202 686 1322 739 τότε
1360 688 1574 741 εἴσεσθε
1603 689 1727 743 ὅσον
1745 690 1804 744 τὸ
1833 691 1954 764 κέρ·

341 775 460 840 εος,
485 775 588 845 ὅση
623 777 656 846 ἡ
697 775 958 844 ὠφέλεια.
1008 776 1139 840 Ναὶ,
1191 777 1501 847 παρακαλῶ
1530 780 1626 832 καὶ
1661 781 1950 850 ἀντιϐολῶ,

342 866 443 920 καὶ
476 867 585 919 τῶν
611 867 857 935 γονάτων
878 867 978 920 οὐκ
998 866 1064 920 ἂν
1092 867 1542 940 παραιτησαίμην
1567 869 1833 940 ἅψασθαι,
1857 875 1953 928 καὶ

345 955 850 1025 ίκετηρίανθεῖναι
885 954 1029 1026 ὑπὲρ
1064 955 1279 1009 τούτου.
1319 956 1417 1020 Τίς
1449 959 1480 1026 ἡ
1511 956 1770 1028 βλακεία;
1801 961 1882 1024 τίς
1915 963 1947 1034 ὴ

338 1045 571 1117 τρυφή;
607 1043 693 1108 τίς
737 1044 771 1114 ἡ
808 1042 1003 1114 ὖϐρις;
1062 1043 1125 1097 ού
1178 1043 1358 1115 τρυφὴ
1391 1046 1572 1110 τοῦτο,
1621 1046 1734 1100 ἀλλ’
1769 1047 1945 1120 ῦϐρις.

338 1135 443 1198 Τίς
489 1136 522 1204 ἡ
587 1133 784 1196 ἀνοια;
851 1131 936 1195 τίς
986 1134 1018 1203 ἡ
1059 1132 1264 1204 μανία;
1307 1135 1549 1205 ΙΙένητες
1575 1136 1820 1190 τοσοῦτοι
1848 1139 1949 1211 τὴν

342 1223 644 1294 ἐκκλησίαν
678 1222 1101 1292 περιεστήκασι,
1156 1223 1251 1276 καὶ
1279 1223 1448 1276 τέκνα
1474 1223 1675 1296 ἔχουσα
1704 1227 1950 1283 τοσαῦτα

342 1315 376 1383 ή
401 1312 723 1384 Ἐκκλησία,
747 1311 893 1364 οὕτω
919 1310 1274 1375 πλουτοῦντα,
1300 1312 1472 1365 οὐδενὶ
1505 1315 1699 1385 πένητι
1732 1316 1950 1386 ἐπαμῦ-

342 1400 708 1456 ναιδύναται·
742 1401 858 1454 ἀλλ’
908 1401 936 1452 6
984 1397 1086 1469 μὲν
1117 1401 1299 1472 πεινᾷ,
1333 1400 1362 1452 6
1403 1401 1460 1454 δὲ
1490 1400 1710 1473 μεθύει·
1760 1405 1789 1457 6
1845 1403 1946 1476 μὲν

1276 395 1344 451 ΙΝ
1375 394 1593 453 EPIST.
1618 398 1711 453 AD
1730 398 2023 459 COLOSS.
2063 405 2216 462 CAP.
2249 407 2338 464 111.
2368 407 2606 464 HOMIL.
2635 410 2777 468 VIII.

3539 426 3644 481 ΜΩ

2056 522 2150 574 καὶ
2173 523 2230 576 ἐν
2254 524 2484 597 ἀργύρῳ
2527 526 2821 593 ἀποστατεῖ,
2854 527 2882 581 6
2933 529 2992 583 δέ
3036 530 3160 586 οὐδὲ
3193 531 3360 602 ἄρτου
3406 534 3642 606 μετέχει.

2056 610 2153 674 Τίς
2186 612 2220 681 ἡ
2276 612 2481 682 μανίας
2517 613 2600 680 τίς
2648 617 2684 686 ἠ
2719 615 2986 688 θηριωδία
3017 620 3052 690 η
3103 621 3379 692 τοσαύτη;
3434 623 3648 679 Γένοιτο

2059 695 2136 768 μὴ
2169 697 2344 751 ἐλθεῖν
2372 701 2522 770 ἡμᾶς
2562 703 2643 766 είς
2687 701 2784 774 τὴν
2815 708 3010 777 πεῖραν
3040 706 3136 761 τοῦ
3178 708 3488 777 ἐπεξελθεῖν
3532 716 3647 777 τοῖς

2055 785 2365 854 ἀπειθοῦσι,
2395 789 2530 860 μηδέ
2570 792 2649 856 είς
2691 792 3070 866 ἀγανάκτησιν
3092 796 3187 852 τοῦ
3220 799 3396 853 ταῦτα
3424 802 3644 873 ἐπιτρέ-

2055 875 2156 948 ψαι
2175 889 2224 944 ι,
2247 877 2361 930 ἀλλ’
2380 880 2605 944 ἑκόντας
2624 882 2720 934 καὶ
2746 882 3106 954 ἀνεχομένους
3132 888 3304 942 ταῦτα
3335 891 3514 945 πάντα
3542 909 3644 944 πε-

2058 965 2352 1035 ριστεῖλαι·
2394 967 2480 1020 ἵνα
2511 968 2590 1031 εἰς
2615 967 2774 1033 δόξαν
2811 970 2905 1022 τοῦ
2941 973 3077 1026 Θεοῦ
3110 975 3386 1048 ζήσωμεν,
3423 979 3642 1050 καὶτῆς

2052 1057 2170 1110 ἐκεῖ
2201 1056 2476 1122 κολάσεως
2507 1058 2938 1130 ἀπαλλαγῶμεν,
2960 1064 3180 1118 καὶτῶν
3211 1069 3643 1140 ἐπηγγελμένων

2050 1145 2274 1215 ἀγαθῶν
2324 1149 2438 1210 τοῖς
2474 1146 2764 1214 ἀγαπῶσιν
2822 1148 2987 1203 αὐτὸν
3043 1151 3416 1224 ὲπιτύχωμεν,
3455 1155 3646 1230 χάριτι

2051 1235 2146 1288 κοιλ⁵
2170 1235 2573 1308 φιλανθρωπίᾳ.

2116 1409 2142 1438 ⁸
2169 1407 2309 1458 ldem
2333 1405 2508 1467 legere
2524 1403 2673 1467 jubet
2697 1405 2760 1467 μὴ
2786 1404 3050 1470 ἐπιτρέψαι.

1806 1793 2052 1849 ΟΜΙΑΙΑ
2091 1793 2176 1852 Il'.

340 1972 694 2041 Νεκρώσατε
741 1972 814 2028 τὰ
846 1971 1006 2042 μέλη
1047 1969 1216 2042 ὑμῶν
1244 1973 1315 2028 τὰ
1341 1971 1442 2027 ἐπί
1469 1972 1578 2041 τῆς
1610 1971 1746 2043 γῆς,
1793 1988 1936 2039 πορ-

416 2045 608 2105 νείαν,
660 2045 1061 2111 ἀκαθαρσίαν,
1115 2043 1328 2110 πάθος,
1362 2045 1690 2112 ἐπιθυμίαν
1715 2043 1932 2109 κακὴν,

414 2115 510 2168 καί
541 2113 653 2180 τὴν
675 2114 1058 2178 πλεονεξίαν,
1094 2114 1228 2181 ἣτις
1258 2116 1433 2169 ἐστὶν
1451 2115 1932 2182 εὶδωλολατρεία,

408 2182 486 2238 δι’
511 2184 548 2238 ἀ
572 2186 806 2252 ἔρχεται
854 2185 892 2252 η
944 2185 1245 2254 ὀρτὴᾼτοῦ
1275 2185 1426 2240 Θεοῦ
1455 2185 1555 2239 ἐπὶ
1584 2186 1728 2252 τοὺς
1763 2185 1933 2250 υίοὺς

406 2255 550 2327 τῆς,
582 2251 912 2327 ἀπειθείας.
954 2251 1032 2327 ἐν’
1062 2251 1154 2322 οίς
1203 2257 1302 2309 καὶ
1359 2255 1532 2325 ὑμεῖς
1575 2251 1933 2327 περιεπατή·

401 2325 552 2381 σατέ
587 2343 755 2392 ποτε,
784 2325 882 2380 ὅτε
916 2325 1085 2395 ἐζῆτε
1117 2327 1188 2380 ἐν
1221 2327 1446 2393 αὐτοῖς.

408 2481 478 2530 α’.
503 2471 634 2528 Οἶδα
663 2472 892 2538 πολλοὺς
914 2473 1394 2544 ἀπεχθανομένους
1415 2475 1474 2528 ἐν
1501 2477 1570 2548 τῇ
1598 2475 1705 2546 πρὸ
1727 2474 1935 2544 ταύτης

319 2558 596 2624 δ;αλέξει·
659 2557 794 2612 ἀλλὰ
851 2558 906 2612 τί
959 2559 1158 2622 πάθω;
1207 2558 1484 2630 ἠκούσατε
1521 2559 1574 2612 τί
1609 2558 1873 2624 ἐπέταξεν
1904 2561 1932 2611 6

319 2645 628 2714 Δεσπότης.
666 2643 758 2714 Μὴ
809 2643 920 2712 γὰρ
969 2642 1081 2712 ἐγὼ
1135 2644 1348 2709 αίτιος;
1397 2644 1450 2696 τί
1506 2645 1760 2714 ποιήσω;
1819 2644 1932 2715 Οὐχ

318 2730 488 2797 ὁρᾶτε
513 2729 643 2791 τοὺς
676 2726 1066 2790 ἀπαιτοῦντας,
1093 2728 1222 2780 ὅταν
1253 2726 1646 2796 ἀγνωμονῶσιν
1681 2729 1730 2780 οἱ
1765 2727 1932 2781 ὑπεύ-

318 2813 498 2877 θ’)νοι,
539 2811 659 2875 πῶς
693 2809 853 2865 κλοιά
888 2810 1103 2876 τούτοις
1157 2811 1578 2882 περιτιθέασιν;
1625 2812 1928 2866 Ἠκούσατε

314 2899 373 2952 τί
407 2899 653 2969 σήμερον
699 2899 728 2950 6
780 2895 995 2961 Παῦλος
1030 2896 1194 2963 ἐϐόα;
1249 2895 1628 2963 Νεκρώσατε,
1663 2898 1818 2968 φησὶ,
1858 2898 1930 2953 τὰ

317 2980 485 3050 μέλη
529 2980 698 3051 ὑμῶν
730 2980 802 3034 τὰ
825 2978 974 3054 [580]
1011 2980 1107 3035 ἐπὶ
1144 2980 1257 3050 τῆς
1285 2980 1419 3051 γῆς,
1453 2983 1760 3048 πορνείαν,
1785 2984 1931 3038 ἀκα-

317 3065 604 3134 θαρσίαν,
634 3064 848 3131 πάθος,
869 3065 1192 3134 ἐπιθυμίαν
1213 3065 1436 3131 κακὴν,
1457 3067 1556 3120 καὶ
1575 3065 1691 3131 τὴν
1715 3070 1930 3121 πλεον-

325 3149 528 3214 εξάν,
584 3149 718 3218 ἣτις
749 3149 926 3203 ἐστὶν
962 3149 1446 3217 εἱδωλολατρεία.
1491 3149 1556 3202 Τί
1604 3149 1706 3221 τῆς
1739 3151 1926 3205 τοιαύ-

312 3251 422 3303 της
455 3232 773 3298 πλεονεξίας
799 3236 1014 3305 χεῖρον;
1049 3233 1222 3285 Τοῦτο
1252 3232 1557 3308 βαρύτερον
1595 3227 1770 3306 οὗπερ
1803 3235 1925 3290 ἐλε-

313 3335 440 3386 γον,
481 3319 514 3388 ἡ
549 3319 718 3387 μανία
749 3319 902 3389 καὶὴ
956 3317 1187 3388 βλακεία
1234 3320 1267 3389 ἡ
1326 3319 1456 3390 περὶ
1503 3318 1765 3390 ἄργυρον.
1814 3319 1925 3376 Καὶ

313 3400 438 3468 τὴν
453 3401 840 3465 πλεονεξίαν,
871 3401 1059 3474 φησὶν,
1088 3401 1221 3470 ἣτις
1243 3401 1416 3456 ἐστίν
1438 3402 1919 3471 είδωλολατρεία·

312 3487 486 3557 ὁρᾶτε
526 3485 630 3539 ποῦ
673 3487 734 3538 τὸ
769 3486 940 3540 κακὸν
967 3487 1232 3556 τελευτᾷ;
1270 3487 1360 3558 Μὴ
1405 3486 1471 3558 δὴ
1508 3486 1878 3560 δυσχεράνητε
1904 3507 1918 3520 ο

310 3571 376 3623 οῦ
412 3570 525 3638 γὰρ
557 3571 702 3623 ἑκὼν
735 3570 856 3625 οὐδὲ
891 3570 1082 3634 ἁπλῶς
1114 3571 1346 3641 ἐχθροὺς
1396 3569 1540 3642 ἔχειν
1585 3571 1746 3636 θέλω,
1803 3572 1919 3626 ἀλλ’

313 3654 624 3725 ἐϐουλόμην
654 3657 799 3726 ὑμᾶς
829 3657 910 3718 εἰς
943 3655 1101 3710 τοῦτο
1126 3656 1325 3727 ἀρετῆς
1352 3656 1529 3727 ἥκειν,
1557 3657 1630 3720 ὡς
1657 3657 1758 3726 ἐμὲ
1788 3657 1920 3729 παρ’

312 3741 476 3810 ὑμῶν
504 3740 724 3794 ἀκούειν
758 3741 824 3794 τὰ
849 3740 1059 3793 δέοντα.
1090 3740 1254 3794 Ὥστε
1294 3741 1394 3794 οὐκ
1428 3741 1720 3806 αὑθεντίας
1772 3745 1920 3797 ἐστὶν

308 3827 438 3880 οὐδὲ
471 3826 804 3896 ἀξιώματος,
840 3825 956 3878 ἀλλ’
1012 3824 1206 3896 ὀδύνης
1262 3827 1360 3880 καὶ
1405 3825 1722 3896 ἀλγηδόνος.
1781 3829 1920 3898 Σύγ-

309 3909 493 3979 γνωτέ
531 3928 644 3981 μοι,
703 3909 1019 3978 σύγγνωτε·
1079 3909 1140 3962 οὐ
1191 3910 1331 3964 θέλω
1385 3911 1721 3982 ἀσχημονεῖν
1775 3913 1918 3985 ὑπὲρ

307 3995 576 4049 τοιούτων
607 3994 1017 4065 διαλεγόμενος,
1045 3994 1158 4048 ἀλλ’
1193 3995 1601 4067 ἀναγκάζομαι.
1632 3997 1745 4067 Οὐχ
1773 3997 1917 4071 ὑπὲρ

303 4081 414 4151 τῆς
453 4079 561 4132 τῶν
593 4080 844 4150 πενήτων
875 4077 1068 4147 ὀδύνης
1097 4078 1271 4132 ταῦτα
1297 4079 1460 4148 λέγω,
1494 4080 1612 4133 ἀλλ’
1647 4082 1788 4151 ὑπὲρ
1816 4085 1917 4154 τῆς

304 4163 590 4234 ὑμετέρας
623 4161 901 4230 σωτηρίας
924 4179 938 4193 °
977 4161 1308 4216 ἀπολοῦνται
1351 4163 1481 4234 γὰρ,
1509 4163 1836 4220 ἀπολοῦνται
1864 4166 1914 4218 οἱ

305 4247 392 4319 μὴ
423 4247 724 4318 θρέψαντες
747 4247 845 4299 τὸν
877 4247 1132 4318 Χριστόν.
1163 4247 1228 4298 Τί
1259 4245 1391 4318 γάρ,
1419 4248 1468 4299 εί
1495 4247 1716 4318 τρέφεις
1746 4249 1916 4318 πένη-

311 4348 417 4397 ca;
450 4331 567 4384 ἀλλ’
597 4331 703 4394 ἕως
737 4329 804 4382 ἂν
834 4329 979 4384 οὕτω
1019 4331 1303 4402 σπαταλᾷς
1343 4331 1439 4384 καὶ
1489 4331 1631 4384 οὕτω
1673 4335 1908 4404 τρυφᾷς,

299 4414 493 4468 πάντα
529 4415 781 4485 περιττά.
835 4415 910 4469 Οὐ
962 4416 1072 4485 γὰρ
1104 4414 1162 4467 τὺ
1211 4412 1399 4468 δοῦναι
1425 4417 1672 4486 ζητεῖται
1713 4417 1906 4480 πολλὰ,

298 4498 452 4554 ἅλλά
477 4498 537 4550 τὸ
572 4499 648 4569 μὴ
703 4497 925 4552 ἔλαττον
953 4499 1051 4568 τῆς
1091 4497 1303 4562 οἰκείας
1337 4499 1527 4564 οὐσίας
1549 4517 1562 4532 ο
1596 4499 1756 4554 τοῦτο
1801 4504 1908 4574 γὰρ

297 4582 601 4646 παίζοντός
640 4584 780 4637 ἐστι,
831 4583 1188 4652 Νεκρὼσατε
1240 4579 1356 4640 οὖν
1410 4584 1483 4640 τὰ
1525 4584 1686 4655 μέλη
1723 4585 1906 4662 ὑμῶν,

299 4667 497 4740 φησὶν,
532 4667 605 4722 τὰ
633 4668 734 4723 ἐπὶ
760 4666 868 4736 τῆς
902 4668 1036 4738 γῆς.
1073 4670 1140 4722 Τί
1166 4669 1351 4737 λέγεις
1377 4687 1391 4735 ;
1421 4671 1482 4724 ού
1513 4673 1576 4726 σὺ
1611 4665 1796 4740 εἴπας,
1825 4673 1908 4727 ὅτι

311 4753 631 4823 "Edam-cs;
678 4753 759 4806 ὅτι
796 4753 1170 4826 Συνετάφητε;
1204 4755 1286 4807 ὅτι
1326 4755 1773 4827 Περιετμήθητε;
1825 4760 1906 4812 ὅτι

311 4835 800 4906 Ἀπέξεδυσάμεθα
820 4837 883 4890 τὸ
904 4837 1066 4908 σῶμα
1098 4838 1203 4890 τῶν
1237 4838 1522 4908 ἁμαρτιῶν
1549 4839 1650 4909 τῆς
1677 4841 1904 4912 σαρκόςς

291 4921 428 4987 πῶς
455 4917 547 4976 οὖν
571 4921 734 4975 πάλιν
759 4920 961 4990 λέγεις.
989 4920 1346 4990 Νεκρώσατε
1362 4937 1382 4985 ;
1431 4922 1524 4991 Μὴ
1561 4923 1762 4994 παίζῃς
1785 4941 1800 4954 σ
1830 4924 1907 4988 ὡς

289 5011 478 5065 ὄντων
512 5006 696 5060 αὐτῶν
733 5007 791 5059 ὲν
813 5008 948 5077 ἡμῖν
971 5005 1115 5059 οὕτω
1140 5005 1366 5077 διαλέγῃ
1389 5022 1403 5070 ;
1443 5006 1558 5059 Οὐκ
1579 5005 1728 5060 ἔστιν
1747 5009 1904 5062 ἐναν-

289 5092 556 5162 τιολογία
575 5106 590 5122 °
628 5090 744 5146 ἀλλ’
776 5089 968 5162 ὥσπερ
1003 5091 1160 5153 εἴτις
1182 5089 1578 5163 ἐρῤυπωμένον
1609 5090 1904 5164 ἀνδριάντα

290 5176 656 5248 ἀποσμήξας,
698 5175 902 5246 μᾶλλον
949 5174 1006 5228 δὲ
1040 5173 1482 5246 ἀναχαλκεύσας,
1514 5174 1608 5228 καὶ
1649 5174 1905 5248 λαμπρὸν

293 5261 483 5327 δείξας
513 5259 743 5326 ἄνωθεν,
770 5259 916 5328 λέγοι
951 5261 1046 5327 μὲν
1066 5260 1147 5314 ὅτι
1183 5257 1460 5329 κατεπόθη
1497 5259 1526 5312 6
1564 5259 1640 5324 ῑδς
1678 5260 1772 5314 καὶ
1799 5262 1905 5314 ἀπ-

289 5345 496 5409 ώλετο,
531 5347 791 5416 παραινοῖ
816 5343 872 5398 δὲ
903 5343 1066 5398 πάλιν
1099 5342 1426 5408 σπουδάζειν
1443 5342 1797 5398 ἀποτίθεσθαι
1812 5344 1903 5399 τὸν

293 5431 406 5493 ῑὺν,
431 5430 530 5485 οὐκ
553 5429 920 5497 ἐναντιολογεῖ
943 5447 956 5460 ·
988 5428 1049 5482 οὐ
1081 5429 1190 5499 γὰρ
1212 5428 1272 5482 ὃν
1290 5426 1611 5498 ἁπέσμηξεν
1632 5429 1732 5490 ἰὸν.
1765 5429 1904 5484 ἀλλὰ

291 5515 396 5570 τὸν
429 5513 818 5584 ἐπιγινόμενον
855 5512 995 5584 μετὰ
1039 5512 1211 5566 ταῦτα
1251 5515 1517 5584 παραινεῖ
1553 5512 1896 5569 ἀποθέσθαι·

291 5598 477 5664 οὕτως
537 5596 600 5652 οὐ
653 5596 753 5668 τὴν
787 5597 1062 5668 προτέραν
1093 5597 1362 5667 νέκρωσιν
1407 5595 1576 5665 λέγει,
1627 5596 1747 5650 οὐδὲ
1802 5597 1898 5661 τὰς

297 5683 566 5754 πορνείας
615 5680 852 5744 ἐκείνας,
895 5679 1032 5732 ἀλλά
1063 5678 1162 5743 τὰς
1203 5680 1591 5752 ὲπιγινομένας
1645 5678 1894 5752 ὕστερον.

311 5766 458 5822 Ἀλλ’
493 5767 630 5828 ἰδοὺ,
656 5763 822 5834 φασὶν
852 5761 1147 5834 αἱρετικοὶ,
1178 5762 1278 5832 τὴν
1341 5763 1706 5835 δημιουργίαν
1749 5764 1895 5819 Παῦ-

298 5853 393 5916 λος
432 5850 739 5906 διαϐάλλειο
796 5842 917 5902 εἷπε
965 5847 1070 5919 γὰρ
1121 5845 1448 5921 ἔμπροσθεν,
1496 5849 1572 5905 Τὰ
1603 5849 1726 5905 ἅνω
1755 5868 1898 5922 φρο.

2042 1968 2220 2036 νεῖτε,
2254 1967 2342 2039 μὴ
2402 1970 2475 2024 τὰ
2521 1968 2620 2024 ἐπὶ
2669 1969 2818 2041 γῆς·
2879 1970 3044 2026 πάλιν
3088 1973 3243 2045 φησὶ,
3281 1977 3638 2046 Λέκριέυατσ

2037 2051 2208 2121 ὑμῶν
2235 2053 2308 2108 τὰ
2335 2053 2493 2124 μέλη
2525 2053 2595 2109 τὰ
2613 2055 2713 2108 ἐπὶ
2740 2052 2851 2124 τῆς
2874 2053 3006 2124 γῆς.
3025 2057 3187 2112 Ἀλλὰ
3214 2059 3298 2122 τὸ,
3323 2061 3421 2114 ἐπὶ
3454 2063 3568 2133 γῆς
3591 2078 3630 2132 ι,

2039 2136 2280 2192 ἐνταῦθα
2307 2137 2614 2207 δηλωτικόν
2654 2139 2802 2193 ἐστιν
2845 2137 3140 2211 ἁμαρτίας,
3177 2141 3238 2194 ού
3270 2141 3636 2218 δημιουργίας

2037 2220 2281 2294 διαϐολή.
2315 2223 2471 2276 Οὕτω
2503 2222 2612 2294 γάρ
2639 2221 2706 2276 τὰ
2734 2223 2828 2275 ἐπὶ
2859 2223 2964 2291 γῆς
2990 2223 3130 2278 αύτά
3169 2226 3324 2280 καλεῖ
3351 2228 3418 2282 τά
3451 2231 3634 2303 ἁμαρ-

2037 2305 2278 2376 τήματα.
2315 2306 2350 2376 ἦ
2383 2305 2462 2377 τῷ
2495 2305 2603 2359 ἀπὸ
2631 2305 2866 2375 γεώδους
2919 2305 3185 2377 λογισμοῦ
3241 2310 3337 2362 καὶ
3385 2312 3478 2365 ἐπὶ
3531 2317 3634 2387 γῆς

2039 2388 2408 2462 ἐνεργεῖσθαι,
2441 2389 2474 2461 ἢ
2506 2389 2584 2462 τῷ
2633 2391 2858 2461 γηῖνους
2909 2390 3185 2445 δεικνύναι
3214 2393 3343 2458 τοὺς
3377 2397 3633 2470 ἁμαρτά-

2036 2487 2246 2537 νοντας.
2301 2475 2619 2542 Πορνείαν,
2661 2475 3062 2542 ἀκαθαρσίαν,
3106 2475 3259 2546 φησί.
3309 2479 3534 2551 Παρῆκε
3567 2485 3636 2539 τά

2036 2557 2360 2628 πράγματα,
2399 2559 2433 2611 ἃ
2467 2557 2588 2610 οὐδὲ
2614 2559 2789 2611 εἰπεῖν
2811 2557 2996 2624 καλὸν,
3027 2560 3120 2612 καὶ
3143 2559 3230 2615 διὰ
3257 2562 3356 2632 τῆς
3388 2565 3633 2638 ἀκαθαρ-

2035 2640 2158 2704 σίας
2204 2641 2420 2696 ἅπαντα
2485 2642 2734 2713 ἐνέφηνε.
2791 2643 3008 2708 Πιίθος,
3063 2645 3250 2715 φησὶν,
3306 2649 3633 2721 ἐπιθυμίαν

2037 2726 2256 2794 κακήν.
2294 2729 2426 2781 Ἰδοὺ
2460 2729 2700 2797 γενικῶς
2730 2729 2792 2782 τὸ
2817 2730 2926 2782 πᾶν
2959 2724 3080 2781 εἷπε
3101 2747 3115 2760 ·
3150 2731 3327 2784 πάντα
3361 2735 3471 2807 γὰρ
3511 2740 3631 2793 ἐπι..

2034 2809 2200 2879 θυμία
2229 2811 2396 2883 κακὴ,
2430 2811 2720 2883 βασκανία,
2741 2812 2904 2883 ὀργὴ,
2935 2811 3102 2884 λύπη.
3125 2815 3240 2868 Kal
3267 2816 3382 2884 τὴν
3405 2824 3628 2875 πλεον-

2030 2895 2247 2960 εξίαν,
2316 2897 2518 2966 φησὶν,
2571 2896 2705 2964 ἣτις
2754 2897 2929 2951 ἐστὶν
2987 2897 3468 2968 είδωλολατρειά.
3522 2909 3629 2962 Διὰ

2031 2977 2221 3033 ταῦτα
2273 2983 2383 3050 γὰρ
2420 2979 2657 3048 ἔρχεται
2710 2983 2748 3050 ἠ
2805 2979 2952 3050 ὀργὴ
3003 2981 3112 3035 τοῦ
3160 2985 3310 3039 Θεοῦ
3349 2987 3448 3041 ἐπὶ
3483 2992 3628 3059 τοὺς

2030 3063 2200 3130 υίοὺς
2225 3062 2336 3131 τῆς
2372 3065 2699 3132 ἀπειθείας.
2729 3064 2828 3119 Διά
2851 3064 3063 3118 πολλῶν
3088 3066 3375 3139 ἀπήγαγεν
3405 3072 3625 3139 αὐτούς·

2030 3147 2120 3202 διὰ
2153 3147 2262 3200 τῶν
2291 3149 2626 3220 εὐεργεσιῶν
2673 3151 2782 3203 τῶν
2833 3149 3191 3220 ὑπαρξασῶν,
3223 3152 3312 3207 διὰ
3352 3157 3460 3210 τῶν
3493 3160 3627 3230 μελ-

2029 3233 2230 3289 λόντων
2256 3233 2316 3300 ἐξ
2340 3227 2415 3288 ὧν
2450 3235 2850 3307 ἀπηλλάγημεν
2879 3235 3090 3298 κακῶν,
3122 3236 3266 3302 τίνες
3318 3227 3505 3309 ὄντες,⁷
3529 3249 3626 3301 καὶ

2026 3319 2114 3374 διὰ
2145 3319 2221 3385 τί,
2254 3321 2350 3376 καλ⁷
2379 3320 2476 3383 ὅλα
2496 3321 2702 3386 ἐκεῖνα,
2731 3314 2863 3383 οἷον,
2889 3321 3032 3385 τίνες
3070 3317 3214 3394 ἦμεν
3246 3325 3342 3377 καὶ
3372 3327 3430 3380 ἐν
3456 3329 3621 3396 τίσιν,

2026 3403 2122 3457 καὶ
2167 3405 2250 3457 ὅτι
2290 3403 2692 3476 ἀπηλλάγημεν
2723 3403 2926 3467 αὐτῶν,
2974 3404 3092 3469 πῶς
3124 3406 3221 3460 καὶ
3270 3408 3379 3462 τίνι
3431 3412 3624 3486 τρόπῳ

2028 3489 2122 3541 καὶ
2160 3488 2254 3540 ἐπὶ
2282 3487 2412 3541 τίσι.
2463 3487 2650 3541 Ταῦτα
2687 3487 2846 3542 ἱκανά
2880 3489 3254 3561 ἀποστρέψαι·
3315 3493 3452 3548 ἀλλά
3483 3498 3621 3551 πάν-

2023 3589 2134 3624 των
2183 3571 2545 3643 σφοδρότερον
2589 3571 2771 3636 τοῦτο,
2818 3571 2984 3642 ἀηδὲς
3042 3573 3142 3644 μὲν
3182 3577 3378 3639 εἰπεῖν,
3416 3568 3474 3632 οῦ
3514 3581 3622 3653 μὴν

2025 3654 2176 3728 [38!]
2210 3655 2506 3724 ἀνωφελὲς,
2546 3655 2683 3711 ἀλλά
2712 3658 2806 3711 καὶ
2841 3656 3148 3726 ὠφέλιμον·
3183 3660 3265 3713 Δι’
3295 3660 3334 3716 ἅ
3362 3662 3617 3734 ἔρχεται,

2024 3741 2212 3810 φησὶν,
2247 3741 2286 3809 ἠ
2327 3740 2475 3809 ὀργὴ
2503 3739 2612 3795 τοῦ
2642 3741 2792 3795 Θεοῦ
2813 3741 2913 3793 ἐπὶ
2944 3741 3086 3806 τοὺς
3114 3743 3288 3810 υίοὺς
3316 3745 3428 3815 τῆς
3454 3749 3620 3804 ἀπε-ι-

2021 3823 2205 3890 θείας.
2249 3823 2364 3877 Οὐκ
2389 3820 2562 3886 εἶπεν,
2597 3825 2712 3894 Ἐφ’
2736 3825 2902 3894 ὑμᾶς,
2937 3824 3075 3891 ἀλλ’,
3117 3828 3249 3880 Ἐπὶ
3280 3829 3424 3897 τοὺς
3448 3833 3621 3901 υίοὺς

2021 3906 2132 3975 τῆς
2171 3908 2499 3973 ἀπειθείας.
2542 3909 2640 3962 Ἐν
2669 3903 2761 3976 οἷς
2793 3908 2893 3963 καί
2925 3909 3096 3978 ὑμεῖς
3135 3914 3620 3982 περιεπατήσατέ

2019 4007 2184 4052 ποτε.
2236 3991 2335 4046 ὅτε
2383 3990 2553 4061 ἐζῆτε
2603 3993 2675 4046 ἐν
2728 3992 2954 4059 αὐτοῖς.
2995 3993 3421 4066 Ἐντρεπτικῶς,
3479 4001 3620 4056 Ὅτε

2017 4073 2204 4142 ἐζῆτε,
2232 4076 2418 4146 φησὶν,
2454 4076 2524 4128 ἐν
2551 4077 2777 4144 αὐτοῖς,
2809 4078 2902 4130 καὶ
2939 4080 3056 4148 μετ’
3084 4080 3382 4148 ἐγκωμίου,
3416 4082 3492 4146 ὡς
3521 4083 3618 4138 νῦν

2016 4160 2075 4212 οὐ
2109 4158 2329 4225 ζώντων
2353 4176 2365 4190 ·
2396 4161 2518 4213 τότε
2546 4160 2693 4229 ἐξῆν.
2720 4162 2871 4215 Νυνὶ
2894 4159 2964 4214 δὲ
2992 4162 3293 4217 ἀπόθεσθε
3317 4166 3412 4218 καὶ
3448 4165 3616 4237 ὑμεῖς

2017 4245 2088 4298 τὰ
2125 4243 2343 4298 πάντα.
2383 4244 2494 4296 Καὶ
2534 4244 2840 4308 καθολικῶς
2873 4244 2959 4297 ἀεὶ
3013 4243 3183 4312 λέγει,
3243 4248 3338 4300 καὶ
3395 4249 3612 4316 ίδικῶς·

2014 4326 2175 4381 τοῦτο
2204 4328 2260 4381 δέ
2293 4329 2409 4381 ἐστι
2457 4328 2776 4391 διαθέσεως.
2815 4326 3045 4396 Ὀργὴν,
3099 4329 3319 4398 θυμὸν,
3368 4335 3611 4388 κακίαν..

2007 4412 2438 4482 βλασφημίαν,
2508 4412 2950 4481 αἰσχρολογίαν
3002 4411 3066 4468 ἐκ
3149 4412 3254 4467 τοῦ
3313 4423 3612 4486 στόματος

2013 4494 2201 4565 ὑμῶν.
2253 4495 2351 4562 Μὴ
2406 4495 2710 4564 ψεύδεσθε
2749 4499 2839 4562 είς
2886 4496 3227 4564 ἀλλήλους.
3273 4502 3612 4570 Αισχρολο-

2012 4580 2173 4648 γίαν,
2213 4580 2401 4650 φησὶν,
2438 4580 2509 4634 ἐκ
2544 4579 2652 4634 τοῦ
2677 4581 2984 4650 στόματος
3017 4579 3207 4651 ὑμῶν,
3233 4583 3607 4654 ἐμφαντικῶς,

2011 4662 2091 4718 ὅτι
2125 4664 2256 4718 αὐτὸ
2302 4665 2484 4735 ρυποῖ.
2516 4663 3025 4735 Ἀπεκδυσάμενοι
3075 4665 3182 4720 τὸν
3211 4669 3478 4724 παλαιὸν
3507 4672 3624 4732 ἇν-

2012 4751 2250 4817 θρωπον
2271 4748 2395 4804 σὺν
2424 4747 2556 4816 ταῖς
2585 4749 2886 4819 πράξεσιν
2906 4750 3118 4816 αὐτοῦ,
3144 4753 3244 4805 καί
3275 4753 3624 4825 ἐνδυσάμεκ

2015 4849 2108 4887 νοι
2145 4833 2255 4888 τὸν
2295 4834 2438 4889 νέον
2474 4834 2584 4889 τὸν
2613 4834 3134 4904 ἀνακαινούμενον
3161 4839 3249 4901 εις
3278 4836 3611 4907 ἐπίγνωσιν

2012 4919 2143 4972 κατ’
2176 4919 2385 4974 εἰκόνα
2423 4919 2531 4974 τοῦ
2561 4919 2890 4985 κτίσαντος
2924 4919 3135 4974 αὐτόν.
3165 4919 3351 4985 ’Ἄξιον
3374 4923 3631 4987 ἐνταῦθαε

2010 4999 2266 5073 ζητῆσαι,
2300 5002 2354 5056 τί
2411 5003 2612 5075 δήποτε
2671 5003 2806 5073 μέλη
2857 5003 2953 5056 καὶ
2982 5001 3272 5073 ἄνθρωπον
3300 5007 3396 5060 καὶ
3443 5007 3608 5080 σῶμα

2009 5086 2165 5140 καλεῖ
2196 5087 2288 5141 τὸν
2317 5086 2722 5158 διεφθαρμένον
2749 5085 2884 5156 βίον,
2918 5086 3015 5140 καὶ
3040 5087 3132 5142 τὸν
3158 5089 3414 5161 ἐνάρετον
3443 5094 3631 5149 πάλιν.

2007 5170 2068 5224 τὸ
2103 5171 2256 5225 αὑτό.
2294 5170 2405 5225 Καὶ
2434 5172 2482 5224 εί
2513 5173 2540 5224 6
2584 5170 2872 5241 ἄνθρωπός
2911 5172 3051 5225 εἰσιν
3076 5174 3137 5227 αἱ
3171 5173 3462 5245 ἁμαρτίαι,
3487 5178 3618 5244 πῶς

2008 5272 2164 5324 φησι,
2198 5253 2324 5312 Σὺν
2353 5253 2485 5321 ταῖς
2516 5253 2818 5323 πράξεσιν
2846 5255 3078 5320 αὐτοῦ;
3105 5257 3286 5324 ’Ἃπαξ
3327 5258 3438 5333 γὰρ
3483 5257 3622 5323 εἶπες

2006 5338 2235 5394 παλαιὸν
2257 5337 2566 5408 ἄνθρωπον,
2597 5337 2779 5404 δείξας
2817 5338 2902 5392 ὅτι
2932 5340 2994 5394 οὐ
3023 5339 3182 5394 τοῦτό
3208 5342 3357 5394 ἐστιν
3392 5343 3604 5417 ἄνθρως

2005 5441 2126 5489 πος,
2159 5423 2273 5477 ἀλλ’
2299 5424 2499 5490 ἐκεῖνο,
2521 5423 2634 5494 Τῆς
2661 5424 2768 5494 γάρ
2792 5423 3030 5495 οὖσίαςὴ
3058 5425 3382 5496 προαίρεσις
3406 5446 3608 5500 κυριω-

2002 5508 2159 5579 τέρα,
2195 5507 2473 5563 καὶτοῦτο
2497 5508 2697 5581 μᾶλλον
2722 5508 3032 5580 ἄνθρωπος,
3068 5509 3099 5581 ἢ
3136 5513 3334 5567 ἐκεῖνο.
3366 5513 3442 5566 Ού
3493 5514 3614 5587 γάρ

2010 5798 2304 5913 ED'nVcrba,
2336 5800 2484 5853 Ἀλλὰ
2509 5804 2583 5864 τὸ,
2624 5799 2731 5853 Ἐπὶ
2764 5808 2867 5865 γῆς,
2909 5814 2971 5851 ex
3001 5802 3140 5853 codd.
3188 5804 3415 5870 suppleta
3461 5809 3598 5858 sunt.
