4140 6556
526 461 632 518 53⁸5

524 573 559 644 ἡ
611 571 767 625 οὑσία
820 567 1080 641 ἐμϐάλλει
1130 568 1212 631 εἰς
1256 569 1502 636 γέενναν,
1538 567 1660 621 οὐδὲ
1694 568 1774 631 εἰς
1825 565 2101 634 βασιλείαν

523 663 754 728 εἰσάγει,
807 658 925 712 ἀλλ’
978 657 1118 728 αὑτὴ
1156 659 1190 728 ή
1245 659 1584 728 προαίρεσις,
1616 659 1711 710 καὶ
1746 656 1935 710 οὐδένα
1978 653 2101 708 οὔτε

526 747 808 819 φιλοῦμεν,
857 744 982 798 οὔτε
1020 745 1288 816 μισοῦμεν
1424 744 1729 816 ἅνθρωπος,
1775 744 1888 798 ἀλλ’
1991 762 2103 798 τοι·

524 838 645 892 (σδε
672 839 975 908 ἄνθρωπος.
1002 839 1065 891 El
1093 837 1318 908 τοίνυνή
1346 840 1445 909 μὲν
1468 838 1628 891 οὑσία
1650 839 1711 890 τὸ
1741 838 1901 908 σῶμά
1932 840 2098 902 ἐστιν,

525 925 663 996 αῦτη
694 926 751 979 δὲ
785 926 1158 989 ἀνυπεύθυνος
1188 927 1245 978 ἐν
1272 926 1576 997 ἑκατέροις,
1618 925 1733 991 πῶς
1770 927 1906 980 αὑτὸ
1932 927 2101 982 κακὸν

524 1010 662 1069 εἷναί
696 1031 831 1084 φησι
849 1032 863 1081 ;

600 1193 666 1262 β’.
691 1194 756 1247 Τί
777 1193 833 1247 δέ
862 1211 1016 1265 φησι,
1038 1194 1164 1248 Σὺν
1192 1195 1317 1262 ταῖς
1340 1195 1593 1266 πράξεσι
1614 1211 1632 1260 ;
1652 1196 1761 1269 Τὴν
1780 1199 2099 1270 προαίρεσιν

527 1285 668 1357 μετά
687 1285 798 1338 τῶν
823 1285 1020 1355 ἔργων.
1051 1286 1285 1340 Παλαιὸν
1315 1287 1372 1340 δὲ
1394 1287 1557 1340 αὑτὸν
1588 1287 1764 1354 καλεῖ,
1788 1288 1851 1341 τὸ
1874 1290 2099 1361 αἰσχρὸν

523 1373 689 1427 αὑτοῦ
747 1372 1070 1443 βουλόμενος
1132 1372 1303 1439 δεῖξαι
1354 1376 1446 1428 καὶ
1500 1375 1560 1427 τὸ
1615 1375 1856 1440 δυσειδὲς
1899 1378 1996 1430 καὶ
2037 1378 2099 1431 τὸ

524 1459 855 1532 ἡσθενηκός·
899 1462 996 1515 καὶ
1039 1461 1179 1524 νέον,
1220 1463 1342 1515 ἀντὶ
1372 1461 1490 1527 τοῦ,
1524 1464 1616 1534 Μὴ
1665 1464 2096 1537 προσδοκήσητε,

524 1547 710 1618 φησὶν,
741 1548 823 1601 ὅτι
851 1548 945 1601 καὶ
970 1541 1123 1612 οὗτος
1154 1549 1215 1602 τὸ
1241 1549 1373 1603 αὐτὸ
1406 1550 1672 1616 πείσεται,
1713 1552 1850 1605 ἀλλά
1877 1554 2098 1609 τούναν-

448 1638 456 1646 ’
520 1635 667 1690 τίον*
707 1636 816 1705 ὅσῳ
840 1634 949 1707 γὰρ
979 1635 1044 1696 ἂν
1073 1637 1258 1710 προΐῃ.
1294 1638 1354 1690 οὑ
1406 1637 1542 1707 πρὸς
1586 1638 1761 1709 γῆρας
1793 1641 2095 1710 ἐπείγεται,

522 1723 658 1777 ἀλλὰ
692 1722 825 1794 πρὸς
853 1723 1079 1793 νεότητα
1114 1724 1335 1795 μείζονα
1359 1724 1457 1794 τῆς
1480 1727 1771 1797 προτέρας.
1797 1727 1964 1781 Ὅταν
1988 1730 2096 1800 γὰρ

523 1812 739 1865 πλείονα
775 1811 916 1885 λάϐῃ
968 1811 1066 1883 τὴν
1116 1812 1339 1881 γνῶσιν,
1391 1815 1482 1867 καὶ
1530 1813 1790 1884 μειζόνων
1829 1814 2093 1881 ἀξιοῦται,

521 1899 618 1952 καὶ
671 1898 870 1970 μᾶλλον
901 1898 1162 1969 ἀκμάζει,
1217 1900 1311 1954 καί
1364 1901 1565 1971 μᾶλλον
1618 1902 1816 1974 ἰσχύει,
1861 1906 1962 1957 οὑκ
1988 1905 2096 1958 ἀπὸ

518 1987 617 2055 τῆς
641 1986 890 2057 νεότητος
918 1988 1098 2058 μόνον,
1127 1988 1264 2042 ἀλλά
1288 1991 1380 2042 καὶ
1402 1988 1496 2042 τοῦ
1518 1990 1690 2052 εἴδους
1713 1991 1850 2061 πρὸς
1876 1991 1904 2045 ὃ
1925 1995 2091 2047 ἐστιν.

535 2074 662 2129 ’1δοὺ
697 2075 871 2140 κτίσις
895 2077 928 2145 ή
957 2076 1153 2148 ἀρίστη
1189 2075 1435 2132 πολιτεία
1466 2077 1704 2147 λέγεται.
1741 2079 1877 2135 Κατ’
1910 2080 2095 2134 εἰκόνα

518 2162 756 2234 Χριστοῦ
780 2178 792 2192 ⁶
851 2163 1011 2217 τοῦτο
1061 2164 1170 2236 γάρ
1229 2166 1366 2227 ἐστι,
1402 2168 1539 2221 Κατ’
1581 2170 1787 2225 εἰκόνα
1823 2169 1932 2223 τοῦ
1968 2170 2095 2222 κτί⁴

518 2267 747 2319 σαντος
770 2254 986 2307 αὐτόν·
1047 2254 1169 2308 ἐπεὶ
1195 2255 1290 2309 καὶ
1335 2256 1363 2308 6
1406 2256 1639 2327 Χριστὸς
1665 2256 1726 2309 οὑ
1758 2256 1895 2327 πρὸς
1919 2257 2096 2328 γῆρας

519 2340 890 2411 ἐτελεύτησεν,
920 2341 1035 2394 ἀλλ’
1061 2339 1236 2405 οὕτως
1261 2337 1329 2413 ἦν
1361 2342 1544 2409 καλὸς,
1584 2344 1660 2407 ὡς
1696 2345 1831 2415 μηδὲ
1858 2340 1994 2399 εἶναι
2019 2345 2097 2399 εί-

519 2430 661 2482 πεῖν.
687 2429 879 2483 Ὅπου
905 2431 1015 2484 οὐκ
1041 2429 1132 2483 ἔνι
1154 2430 1394 2497 Ἕλλην
1430 2432 1528 2486 καὶ
1591 2431 1900 2499 Ἰουδαῖος,
1935 2448 2095 2501 περι-

518 2515 669 2585 τομὴ
705 2516 804 2569 καὶ
856 2517 1248 2584 ἀκροϐυστία,
1296 2517 1623 2587 βάρϐαρος,
1664 2520 1921 2588 Σκύθης,
1951 2520 2092 2576 δοῦ-

517 2608 649 2672 λος.
680 2605 1021 2674 ἐλεύθερος,
1053 2606 1216 2661 ἀλλὰ
1266 2606 1340 2661 τὰ
1392 2606 1610 2669 πάντα,
1671 2608 1772 2663 καί
1828 2609 1898 2663 ἐν
1943 2609 2094 2665 πᾶσι

517 2694 791 2761 Χριστός.
828 2694 961 2748 Ἰδοὺ
1004 2694 1188 2766 τρίτον
1219 2693 1495 2766 ἐγκώμιον
1526 2695 1621 2749 τοῦ
1652 2696 1842 2769 ἀνδρὸς
1874 2697 2089 2763 τούτου,

515 2781 645 2836 ὅταν
677 2782 814 2854 μήτε
845 2782 1050 2848 ἔθνους,
1090 2784 1227 2855 μήτε
1271 2783 1602 2854 ἀξιώματος,
1642 2787 1781 2856 μήτε
1809 2786 2093 2858 προγόνων

512 2871 747 2942 διαφορά
776 2872 1185 2943 ἐπεισέρχηται,
1216 2874 1346 2927 ὅταν
1374 2873 1472 2946 ἔχῃ
1519 2873 1632 2926 τῶν
1669 2872 1868 2939 ἔξωθεν
1902 2875 2089 2946 μηδὲν,

518 2959 651 3032 μηδέ
680 2960 865 3026 δέηται
894 2959 1098 3015 τούτων
1119 2977 1133 2991 ⁸
1162 2961 1390 3016 τοιαῦτα
1423 2961 1530 3032 γὰρ
1558 2961 1736 3016 πάντα
1761 2961 1831 3016 τά
1869 2960 2089 3028 ἔξωθεν.

515 3046 792 3118 Περιτομὴ
822 3047 917 3102 καὶ
961 3049 1328 3120 ἀκροϐυστία·
1386 3049 1593 3114 δοῦλος,
1633 3049 1939 3122 ἐλεύθερος,
1965 3050 2092 3103 Ἐλ-

512 3134 630 3206 λην,
657 3136 926 3202 τουτέστι,
958 3136 1327 3207 προσήλυτος·
1357 3139 1457 3191 καὶ
1488 3137 1758 3202 Ἰουδαῖος,
1786 3137 2086 3203 τουτέστιν,

511 3225 576 3279 ἐκ
611 3224 910 3295 προγόνων.
938 3226 1035 3279 ’Ἂν
1073 3223 1261 3280 τοῦτον
1290 3225 1419 3300 ἔχῃς
1450 3225 1602 3298 [382]
1632 3226 1811 3296 μόνον,
1837 3225 1948 3279 τῶν
1992 3227 2090 3281 αὑ-

508 3315 618 3369 τῶν
668 3315 923 3387 ἐπιτεύξῃ
957 3318 1072 3380 τοῖς
1107 3315 1306 3380 ἀλλοις,
1358 3318 1472 3380 τοῖς
1511 3314 1743 3387 ἔχουσιν.
1783 3314 1970 3372 Ἀλλὰ
2019 3318 2092 3372 τὰ

512 3404 730 3465 πάντα,
770 3404 870 3458 καὶ
916 3404 986 3458 ἐν
1017 3402 1190 3467 πᾶσι,
1240 3404 1427 3475 φησὶν.
1479 3405 1768 3473 Χριστός’
1816 3406 2086 3467 τουτέστι,

510 3490 692 3544 Πάντα
717 3490 845 3559 ὑμῖν
872 3490 900 3543 6
935 3490 1169 3561 Χριστὸς
1197 3490 1371 3551 ἔσται.
1407 3491 1499 3545 καί⁵
1528 3490 1743 3563 ἀξίωμα
1781 3494 1877 3547 καὶ
1909 3494 2086 3563 γένος,

508 3579 605 3631 καὶ
640 3579 698 3631 ἐν
720 3580 890 3631 πᾶσιν
944 3580 1074 3650 ὑμῖν
1099 3579 1280 3643 αὑτός.
1304 3580 1373 3632 Ἦ
1423 3579 1608 3650 ἕτερόν
1657 3580 1710 3634 τί
1766 3598 1953 3651 φησιν,
2004 3582 2087 3637 ὃτι

508 3666 718 3730 Πάντες
750 3666 983 3738 Χριστος
1036 3661 1118 3732 εἷς
1166 3667 1439 3736 ἐγένεσθε,
1497 3666 1657 3739 σῶμα
1702 3668 1866 3724 αὑτοῦ
1911 3669 2083 3733 ὄντες.

519 3755 893 3810 Ἐνδύσασθε
947 3750 1081 3820 οὖν,
1116 3754 1197 3821 ὡς
1248 3754 1521 3810 ἐκλεκτοὶ
1552 3755 1658 3810 τοῦ
1700 3756 1872 3821 Θεοῦ,
1929 3757 2087 3827 ἅγιοι

505 3841 606 3895 τι.ιί
635 3840 1036 3911 ἠγαπημένοι.
1088 3841 1162 3896 Τὸ
1195 3842 1415 3897 εὑκολον
1454 3844 1694 3899 δείκνυσι
1730 3842 1833 3913 τῆς
1859 3844 2082 3917 ἀρετῆς,

507 3930 647 3985 ὥστε
673 3931 768 3985 καὶ
797 3931 1060 4003 διηνεκῶς
1092 3933 1264 4003 αὑτὴν
1306 3931 1472 4004 ἔχειν,
1506 3934 1599 3987 καί
1623 3932 1765 3988 ὥστε
1800 3933 1876 3999 ὼς
1930 3935 2085 4006 μεγί-

508 4037 619 4090 στῳ
649 4018 839 4089 κόσμῳ
871 4018 1191 4091 κεχρῆσθαι.
1226 4021 1335 4073 Καὶ
1362 4021 1480 4091 μετ’
1506 4021 1783 4093 ἐγκωμίου
1812 4024 1847 4094 ή
1883 4023 2086 4095 παραί-

509 4123 653 4170 νεσις
673 4122 688 4137 ο
728 4107 850 4159 τότε
872 4106 979 4178 7&9
1004 4106 1238 4177 μάλιστα
1263 4107 1456 4179 ἰσχύει.
1476 4108 1753 4175 Ἐγένοντο
1782 4111 1889 4184 7&9
1914 4109 2082 4180 ἅγιοι,

504 4193 619 4247 ἀλλ’
646 4194 747 4248 οὑκ
776 4193 1055 4248 ἐκλεκτοί·
1092 4194 1212 4248 νυνὶ
1259 4195 1316 4248 δὲ
1367 4196 1463 4250 καὶ
1494 4197 1743 4251 ἐκλεκτοὶ
1790 4199 1885 4252 καὶ
1938 4198 2084 4268 ἆγιοι

504 4281 599 4334 καὶ
642 4281 1012 4352 ἠγαπημένοι.
1048 4280 1378 4352 Σπλάγχνα
1413 4285 1740 4354 οἰκτιρμοῦ.
1777 4286 1892 4339 Οὑκ
1929 4282 2083 4340 εἶπεν

504 4369 673 4432 ἔλεον,
700 4369 815 4422 ἀλλ’
868 4367 1347 4442 ἐμφαντικώτερον
1376 4371 1465 4426 διά
1508 4372 1618 4426 τῶν
1667 4373 1779 4429 δύο.
1823 4375 1935 4428 Καὶ
1980 4375 2081 4428 οὑκ

503 4452 676 4523 εἶπεν,
707 4456 789 4510 ὅτι
814 4456 890 4520 ὡς
917 4455 1164 4526 ἀδελφοῖς
1194 4456 1337 4513 οὑτω
1359 4459 1690 4515 διατίθεσθαι
1721 4459 1823 4523 δεῖ,
1855 4459 1973 4514 ἀλλ’
2004 4460 2081 4525 ὡς

504 4543 663 4598 παισὶ
705 4543 961 4617 πατέρες.
990 4545 1082 4618 Μὴ
1108 4545 1218 4617 γάρ
1243 4563 1334 4618 μοι
1363 4546 1545 4620 εἴπῃς,
1571 4547 1653 4601 ὅτι
1672 4548 1890 4619 ἥμαρτε
1916 4562 1931 4578 ο
1989 4546 2079 4601 διὰ

501 4631 661 4686 τοῦτο
692 4627 816 4686 εἷπε
845 4631 1192 4703 σπλάγχνα.
1250 4633 1363 4689 Kal
1414 4636 1516 4689 οὑκ
1548 4631 1723 4699 εἶπεν,
1772 4636 2077 4708 οἰκτιρμὸν,

505 4719 589 4774 ἵνα
613 4719 688 4792 μή
711 4721 951 4785 ἐκείνους
969 4720 1299 4794 ἐξευτελίση,
1327 4721 1482 4788 ἀλλὰ,
1507 4723 1837 4794 Σπλάγχνα
1865 4726 2081 4793 οἰκτιρ-

494 4809 636 4880 μοῦ.
670 4811 1078 4879 Χρηστότητα,
1131 4812 1715 4881 ταπεινοφροσύνην,
1751 4813 2075 4882 πραότητα,

495 4896 913 4968 μακροθυμίαν
935 4913 948 4926 ·
982 4898 1334 4969 ἀνεχόμενοι
1362 4898 1672 4966 ἀλλήλων,
1705 4900 1801 4954 καί
1840 4901 2073 4971 χαριζό-

493 5003 666 5056 μενοι
696 4984 954 5052 ἑαυτοῖς.
994 4986 1102 5041 ἐάν
1131 5005 1225 5052 τις
1279 4987 1431 5056 πρός
1462 5004 1598 5043 τινα
1636 4988 1748 5059 ἔχῃ
1791 4988 2072 5061 μομφήν·

497 5074 691 5143 καθὼς
719 5074 821 5130 καὶ
844 5078 879 5130 ό
907 5077 1165 5146 Χριστὸς
1190 5078 1518 5148 ἐχαρίσατο
1550 5078 1715 5149 ὑμῖν,
1765 5080 1920 5135 οὕτω
1975 5080 2078 5137 καί

495 5163 686 5235 ὑμεῖς.
715 5164 882 5219 Πάλιν
913 5167 1032 5221 κατ’
1060 5165 1198 5232 εἶδος
1229 5168 1375 5239 λέγει
1394 5184 1409 5199 ο
1440 5166 1549 5221 ἀπὸ
1573 5167 1941 5240 χρηστότητος
1966 5169 2077 5240 7&9

494 5253 985 5326 ταπεινοφροσύνη,
1038 5257 1134 5311 καὶ
1165 5256 1273 5310 ἀπὸ
1306 5255 1506 5328 ταύτης
1556 5256 1924 5327 μακροθυμία.
1959 5256 2078 5309 Ἀν-

495 5347 792 5417 εχόμενοι,
822 5345 1010 5415 φησὶν,
1058 5344 1370 5412 ἀλλήλων,
1398 5343 1670 5407 τουτέστι,
1701 5341 2072 5416 παραπεμπό-

500 5453 669 5505 μενοι.
700 5436 812 5489 Καὶ
840 5435 943 5508 ὅρα
979 5435 1096 5499 πῶς
1123 5434 1256 5488 αὑτὸ
1305 5434 1457 5487 οὐδὲν
1486 5432 1674 5501 ἔδειξε,
1727 5433 1949 5506 μομφήν
1975 5450 2075 5487 κα-

494 5524 674 5587 λέσας.
712 5519 845 5577 Εἶτα
872 5523 1098 5593 ἐπάγει·
1152 5520 1354 5589 Καθὼς
1387 5520 1486 5575 καί
1519 5523 1552 5576 ό
1580 5520 1831 5589 Χριστὸς
1876 5521 2075 5590 ἐχαρί-

494 5628 646 5666 σατο
680 5612 842 5682 ὑμῖν.
893 5612 1053 5680 Μέγα
1084 5611 1146 5665 τὸ
1195 5611 1530 5681 ὑπόδειγμα*
1583 5611 1722 5678 ὅπερ
1777 5610 1865 5662 ἀεὶ
1906 5612 2070 5675 ποιεῖ,

495 5699 603 5752 ἀπὸ
629 5700 721 5752 τοῦ
750 5699 987 5771 Χριστοῦ
1013 5699 1338 5770 προτρέπων
1356 5697 1576 5762 αὐτούς.
1604 5696 1884 5768 Μομφὴν,
1912 5698 2071 5769 φησί.

511 5790 658 5843 Ἐκεῖ
688 5790 786 5860 μὲν
816 5789 1009 5859 μικρὸν
1031 5789 1167 5842 αὑτὸ
1194 5771 1393 5852 ἔδειξεν
1419 5801 1432 5814 ⁸
1469 5788 1559 5840 ὅτε
1587 5785 1645 5838 δέ
1666 5786 1727 5839 τὸ
1759 5786 2069 5855 ὑπόδειγμα

496 5881 839 5952 παρήγαγεν,
873 5872 1088 5930 ἔπεισεν
1119 5877 1199 5930 ὅτι
1244 5876 1346 5930 κᾶν
1380 5874 1591 5948 μεγάλα
1643 5873 1858 5947 ἔχωμεν
1902 5873 2072 5942 ἐγκα-

1198 455 1255 511 s.
1295 452 1576 512 JOANNIS
1611 446 2094 508 οιιιινεοετοιιι
2133 447 2452 506 Αιιοιιιειι.
2488 451 3039 512 οοαετλκτικορ.

3670 464 3776 517 εει

2204 563 2335 628 λεῖν,
2386 564 2469 618 δεῖ
2502 566 2840 639 χαρίζεσθαι.
2876 567 2949 622 Τὸ
2980 569 3111 640 γὰρ,
3167 570 3366 637 Καθὼς
3417 576 3451 627 ό
3498 576 3775 644 Χριστός,

2203 653 2360 708 τοῦτο
2388 655 2675 726 σημαίνει·
2713 656 2808 710 καὶ
2834 658 2895 710 οὑ
2928 656 3086 711 τοῦτο
3123 659 3302 729 μόνον,
3334 660 3448 714 ἀλλ’
3478 662 3559 715 δτι
3597 665 3687 715 καὶ
3718 663 3781 728 ἐξ

2202 742 2331 813 ὅλης
2365 744 2618 814 καρδίας
2653 746 2746 800 καὶ
2771 748 2831 801 οὑ
2876 747 3035 801 τοῦτο
3070 751 3249 819 μόνον,
3291 750 3403 803 ἀλλ’
3433 752 3513 806 ὅτι
3547 753 3643 805 καὶ
3683 771 3780 822 φι-

2205 831 2318 885 λεῖν
2348 832 2446 886 δεῖ.
2477 833 2536 886 ὐ
2591 835 2700 905 7&9
2751 836 2986 906 Χριστὸς
3028 838 3303 909 εἰσαχθεὶς
3352 843 3432 903 εἱς
3478 841 3540 894 τὸ
3589 842 3767 910 μέσον,

2200 926 2380 981 πάντα
2403 926 2615 995 εἰσάγει
2637 928 2839 982 ταῦτα*
2880 931 2973 984 καὶ
3003 932 3086 985 ὅτι
3113 933 3216 987 κᾶν
3252 933 3459 1003 μεγάλα
3487 928 3542 1005 ᾖ,
3568 931 3669 986 κᾶν
3700 936 3781 1003 μὴ

2201 1015 2632 1086 προηδικηκότες
2683 1015 2958 1088 τύχωμεν,
3013 1019 3116 1073 κᾶν
3166 1022 3327 1091 ήμεῖς
3380 1021 3475 1090 μὲν
3525 1021 3777 1090 μεγάλοι,

2199 1102 2397 1156 ἐκεῖνοι
2430 1102 2487 1156 δέ
2536 1105 2741 1174 μικροὶ,
2784 1108 2890 1161 κᾶν
2926 1106 3193 1175 μέλλωσιν
3227 1109 3473 1177 ὑϐρίζειν
3503 1110 3653 1179 ἡμᾶς
3682 1110 3780 1162 καὶ

2202 1192 2339 1262 μετὰ
2364 1192 2561 1256 ταῦτα,
2602 1196 2697 1247 καὶ
2740 1195 2823 1247 ὅτι
2853 1194 2953 1265 τὴν
2980 1194 3158 1266 ψυχὴν
3177 1196 3257 1248 δεῖ
3283 1196 3425 1268 ὑπὲρ
3452 1197 3631 1250 αὑτῶν
3660 1196 3780 1250 θεῖ⁴

2197 1297 2323 1336 ναι·
2369 1281 2431 1336 τὸ
2473 1282 2603 1355 γὰρ,
2654 1282 2881 1350 Καθὼς,
2908 1283 3081 1338 ταῦτα
3113 1284 3363 1337 ἀπαιτεῖ·
3410 1284 3503 1338 καὶ
3542 1286 3622 1339 ὃτι
3653 1286 3777 1339 οὐδὲ

2201 1371 2361 1442 μέχρι
2395 1370 2627 1425 θανάτου
2681 1372 2841 1443 μόνον
2873 1372 3064 1444 στῆναι
3096 1371 3199 1437 δεῖ,
3251 1371 3389 1437 ἀλλ’,
3433 1375 3482 1426 εἰ
3524 1372 3776 1439 δυνατὸν,

2198 1461 2290 1514 καὶ
2320 1460 2460 1532 μετά
2487 1460 2682 1517 ταῦτα.

2277 1638 2409 1693 Ἐπὶ
2448 1640 2599 1696 πᾶσι
2629 1640 2697 1695 δὲ
2746 1641 2980 1707 τούτοις
3026 1641 3143 1709 τὴν
3168 1639 3429 1709 ἀγάπην,
3477 1639 3609 1706 ἥτις
3638 1637 3778 1693 ἐστι

2195 1728 2539 1798 σύνδεσμος
2562 1728 2675 1798 τῆς
2702 1730 3097 1797 τελειότητος.
3130 1731 3294 1801 Ὁρᾷς
3319 1729 3400 1783 ὅτι
3424 1728 3580 1783 τοῦτο
3601 1729 3775 1795 λέγει.

2209 1816 2427 1889 Ἐπειδὴ
2457 1817 2566 1890 γὰρ
2607 1817 2687 1872 ἔνι
2712 1816 3071 1889 χαριζόμενον
3103 1819 3178 1889 μὴ
3230 1817 3426 1886 φιλεῖν,
3458 1815 3582 1881 Ναὶ,
3613 1816 3774 1886 φησί,

2196 1906 2289 1957 καὶ
2317 1904 2511 1973 φιλεῖν,
2569 1907 2663 1960 καί⁷
2711 1905 2829 1959 ὁδὸν
2862 1906 3125 1970 δείκνυσι,
3156 1907 3223 1959 δι’
3258 1900 3324 1978 ἦς
3352 1904 3573 1960 δυνατὸν
3612 1906 3775 1976 χαρθ-

2196 1991 2405 2056 ζεσθαι.
2431 1993 2588 2047 Ἐστι
2623 1992 2734 2065 7&9
2766 1994 2860 2048 καὶ
2894 1994 3130 2066 χρηστὸν
3158 1989 3297 2047 εἶναί
3326 2011 3447 2047 τινα
3479 1995 3573 2047 καὶ
3596 1995 3776 2063 πρᾶον

2194 2082 2291 2134 καὶ
2322 2081 2723 2153 ταπεινόφρονα
2748 2083 2842 2136 καὶ
2874 2080 3247 2153 μακρόθυμον,
3290 2081 3381 2134 καὶ
3434 2080 3507 2152 μὴ
3562 2078 3771 2132 ποθεῖν.

2194 2171 2286 2222 Διὸ
2315 2169 2620 2240 ἀρχόμενος
2644 2165 2784 2227 εἷπε.
2814 2170 3140 2238 Σπλάγχνα
3156 2168 3481 2236 οἰκτιρμοῦ,
3514 2167 3606 2221 καλ⁵
3636 2167 3775 2235 ἀγά-

2196 2275 2325 2327 πην.
2360 2257 2455 2310 καὶ
2504 2256 2672 2310 ἔλεον.
2709 2256 2841 2311 Ἐπὶ
2886 2256 3038 2314 πᾶσι
3080 2257 3147 2311 δὲ
3198 2258 3428 2322 τούτοις
3477 2254 3591 2322 τὴν
3627 2253 3774 2326 ἀντὶ-

2194 2357 2337 2412 πην,
2367 2343 2501 2412 ἣτις
2539 2344 2670 2398 ἐστὶ
2709 2344 3057 2413 σύνδεσμος
3102 2342 3213 2410 τῆς
3266 2343 3653 2409 τελειότητος.
3703 2343 3774 2395 '0

2192 2431 2250 2486 δὲ
2276 2431 2419 2485 θέλει
2449 2432 2646 2494 εἰπεῖν,
2677 2430 2836 2485 τοῦτό
2865 2434 3033 2489 ἐστιν.
3067 2434 3148 2486 ὃτι
3177 2430 3347 2487 Οὑδέν
3383 2431 3608 2484 ἐκείνων
3636 2430 3769 2498 ὑφε-

2192 2519 2284 2583 λος
2307 2536 2321 2551 ·
2363 2518 2637 2575 διαλύεται
2668 2519 2783 2591 γὰρ
2809 2519 2986 2574 πάντα
3016 2521 3222 2586 ἐκεῖνα,
3262 2519 3326 2573 ἂν
3352 2518 3429 2590 μὴ
3460 2518 3595 2589 μετὰ
3628 2518 3772 2585 ἀγά-

2195 2626 2304 2681 πης
2337 2608 2575 2680 γίνηται.
2636 2611 2821 2665 Πάντα
2874 2610 3056 2664 ἐκεῖνα
3086 2609 3224 2680 αὕτη
3273 2607 3594 2677 συσφίγγει’
3630 2607 3772 2678 ὅπερ

2194 2698 2262 2753 ἂν
2294 2698 2456 2771 εἴπῃς
2482 2699 2710 2769 ἀγαθὸν,
2736 2698 2939 2770 ταύτης
2964 2697 3230 2769 ἀπούσης,
3260 2697 3410 2752 οὐδέν
3431 2699 3598 2760 ἐστιν,
3631 2695 3773 2751 ἀλλὰ

2191 2787 2423 2860 διαρρεῖ.
2452 2789 2563 2841 Καὶ
2591 2787 2649 2841 δν
2676 2788 2876 2858 τρόπον
2906 2788 2999 2841 ἐπὶ
3024 2785 3233 2848 πλοίου,
3266 2787 3370 2840 κᾶν
3399 2784 3608 2856 μεγάλα
3701 2784 3772 2837 τὰ

2194 2875 2386 2945 σκεύη,
2417 2873 2568 2947 [583]
2601 2874 2671 2928 τὰ
2694 2874 2752 2928 δὲ
2792 2872 3128 2940 ὑποζώματα
3162 2873 3236 2945 μὴ
3270 2869 3326 2946 ᾗ,
3363 2873 3513 2926 οὐδὲν
3544 2872 3767 2940 ὄφελος·

2192 2962 2288 3017 καὶ
2315 2964 2408 3017 ἐπὶ
2429 2963 2604 3027 οἰκίας
2634 2963 2727 3017 ἐὰν
2761 2963 2834 3033 μὴ
2858 2956 2990 3015 ὦσιν
3039 2963 3097 3015 αἰ
3128 2961 3484 3032 ἰμαντὼσεις·
3535 2962 3630 3015 καὶ
3676 2960 3771 3013 ἐπὶ

2193 3050 2444 3122 σώματος
2480 3050 2585 3106 κᾶν
2637 3049 2851 3121 μεγάλα
2954 3049 3025 3102 τὰ
3068 3048 3223 3113 ὀστᾶ,
3274 3049 3325 3102 οί
3362 3047 3420 3102 δὲ
3480 3046 3773 3116 σύνδεσμοι

2194 3139 2269 3210 μὴ
2304 3132 2459 3206 ὦσιν,
2489 3137 2643 3191 οὐδὲν
2676 3136 2890 3206 ὄφελος.
2927 3133 3028 3191 Οἷα
3058 3136 3167 3207 7&9
3199 3137 3294 3190 ἐάν
3326 3152 3411 3198 τις
3440 3134 3539 3208 ἔχῃ
3572 3151 3772 3205 κατορ-

2191 3226 2439 3298 θώματα,
2475 3226 2655 3281 πάντα
2680 3224 2909 3297 φροῦδα,
2948 3226 3168 3295 ἀγάπης
3197 3224 3271 3295 μή
3303 3222 3489 3294 οὔσης.
3543 3223 3657 3277 Οὑκ
3688 3218 3772 3275 εἷ-

2190 3333 2314 3381 πεν,
2340 3316 2424 3370 ὅτι
2456 3319 2671 3388 κορυφή
2725 3315 2898 3380 ἐστιν,
2936 3313 3051 3367 ἀλλ’
3085 3313 3114 3367 ὃ
3173 3313 3358 3384 μεῖζόν
3383 3314 3521 3377 ἐστι,
3551 3312 3772 3366 σύνδε-

2189 3418 2375 3473 σμος*
2403 3404 2832 3475 ἀναγκαιότερον
2864 3400 3043 3463 τοῦτο,
3100 3400 3134 3471 ἢ
3183 3401 3377 3455 ἐκεῖνο.
3406 3398 3636 3473 Κορνφὴ
3665 3400 3773 3471 μὲν

2189 3492 2300 3564 7&9
2330 3492 2577 3556 ἐπίτασις
2606 3491 2964 3561 τελειότητος,
2999 3488 3293 3559 σύνδεσμος
3315 3488 3372 3542 δὲ
3396 3488 3771 3558 συγκράτησις

2187 3580 2300 3635 τῶν
2324 3580 2423 3650 τὴν
2459 3580 2771 3651 τελειότητα
2809 3578 3126 3642 ποιούντων,
3156 3576 3416 3648 ὡσανεὶή
3467 3576 3613 3649 ῥίζα.
3652 3575 3767 3630 Καὶ

2187 3667 2226 3735 ἡ
2264 3666 2472 3736 εἰρήνη
2497 3667 2605 3722 τοῦ
2632 3668 2781 3722 Θεοῦ
2820 3665 3161 3732 βραϐευέτω
3205 3664 3277 3719 ἐν
3311 3663 3439 3730 ταῖς
3489 3663 3764 3734 καρδίαις

2186 3755 2376 3825 ὑμῶν,
2422 3757 2511 3821 είς
2540 3753 2621 3823 ἣν
2648 3753 2747 3808 καὶ
2796 3753 3088 3823 ἐκλήθητε
3125 3752 3197 3808 ἐν
3226 3751 3455 3823 σώματι
3485 3752 3608 3806 ἔνι’
3661 3751 3767 3805 και

2186 3842 2535 3911 εὐχάριστοι
2557 3841 2825 3911 γίνεσθε.

2257 4029 2327 4092 γ’.
2345 4022 2409 4076 Ἡ
2431 4021 2623 4094 εἰρήνη
2650 4019 2744 4075 τοῦ
2769 4019 2903 4075 Θεοῦ
2928 4021 2962 4092 ὴ
2988 4021 3265 4090 πεπηγυῖα
3290 4019 3382 4074 καί
3409 4018 3598 4090 βεϐαία
3621 4016 3764 4088 αῦτη

2187 4110 2352 4166 ἐστίν.
2379 4112 2476 4164 Ἂν
2517 4108 2617 4181 μὲν
2666 4107 2733 4161 δι’
2784 4107 3068 4180 ἄνθρωπον
3098 4107 3228 4179 ἔχῃς
3266 4108 3508 4181 εἰρήνην.
3545 4106 3759 4176 ταχέως

2186 4197 2498 4253 διαλύεται*
2548 4196 2724 4251 ἐὰνδὲ
2759 4195 2845 4249 διὰ
2889 4196 2981 4250 τὸν
3009 4194 3161 4258 Θεὸν,
3212 4194 3419 4263 οὐκέτι.
3463 4194 3655 4249 Καίτοι
3699 4195 3767 4247 το

2185 4284 2475 4342 καθολικόν
2508 4279 2628 4338 εἷπε
2662 4284 2776 4353 τὴν
2802 4283 3067 4353 ἀγάπην,
3094 4282 3231 4337 ἀλλὰ
3267 4283 3427 4338 πάλιν
3456 4283 3549 4337 ἐπὶ
3570 4282 3631 4336 τὸ
3659 4282 3764 4335 ίδι-

2186 4375 2282 4430 κὺν
2314 4373 2557 4446 ἔρχεται.
2590 4373 2744 4427 Ἔστι
2780 4373 2887 4443 7&9
2920 4373 3014 4425 καὶ
3062 4371 3298 4442 ἄμετρος
3358 4369 3570 4441 ἀγάπη,
3626 4363 3762 4434 οἷον,

2183 4464 2311 4518 ὅταν
2339 4460 2447 4515 ἀπὸ
2477 4459 2677 4530 πολλῆς
2705 4476 2788 4522 τις
2815 4461 3035 4529 ἀγάπης
3064 4458 3270 4531 ἐγκαλῇ
3305 4457 3446 4529 εἰκῆ,
3465 4458 3559 4511 καὶ
3582 4458 3764 4529 μάχας

2183 4552 2283 4625 ἔχῃ
2298 4551 2393 4604 καὶ
2414 4547 2849 4620 ἀποστρέφηται.
2869 4544 2968 4613 Οὒ,
2991 4546 3174 4617 φησὶν,
3203 4546 3263 4600 οὑ
3291 4545 3447 4600 τοῦτο
3477 4544 3763 4616 βούλομαι,

2182 4638 2297 4694 ἀλλ’
2325 4636 2402 4699 ὡς
2428 4634 2684 4704 ἐποίησεν
2744 4634 2967 4705 εἰρήνην
2995 4632 3132 4704 πρὸς
3161 4633 3305 4703 ὑμᾶς
3337 4634 3366 4687 6
3411 4633 3562 4697 Θεὸς,
3617 4631 3766 4689 οὕτω

2183 4726 2277 4781 καὶ
2305 4726 2466 4797 ὑμεῖς
2497 4726 2718 4778 ποιεῖτε.
2753 4721 2877 4790 Πῶς
2903 4721 2959 4776 δέ
2989 4721 3274 4792 ἐποίησεν;
3308 4719 3479 4783 Αὐτός
3502 4719 3761 4791 θελήσας,

2181 4816 2241 4869 οὑ
2279 4814 2413 4887 παρ’
2450 4812 2611 4885 ήμῶν
2636 4829 2689 4866 τι
2728 4810 2929 4865 λαϐών.
2984 4809 3050 4865 Τί
3078 4810 3249 4875 ἐστιν,
3291 4808 3362 4864 Ἦ
3401 4807 3608 4876 είρήνη
3648 4808 3763 4863 τοῦ

2183 4902 2334 4959 Θεοῦ
2380 4900 2725 4972 ,βραϐευέτω
2762 4900 2834 4954 ἐν
2881 4896 3013 4965 ταῖς
3062 4896 3335 4966 καρδίαις
3386 4894 3592 4966 ὐμῶν;
3633 4896 3763 4950 Ἐὰν

2182 4991 2465 5063 μάχωνται
2520 4987 2774 5060 λογισμοὶ
2816 4985 2928 5050 δύο,
2986 4984 3061 5057 μὴ
3090 4986 3297 5056 στήσῃς
3332 4982 3420 5037 τὸν
3452 4982 3642 5052 θυμὸν,
3680 4984 3762 5054 μὴ

2181 5080 2383 5151 στήσῃς
2412 5078 2513 5149 τὴν
2541 5079 2804 5147 ἐπήρειαν
2833 5073 3168 5144 κατέχουσαν
3219 5070 3281 5125 τὸ
3316 5069 3588 5143 βραϐεῖον,
3620 5070 3760 5125 ἀλλὰ

2177 5167 2277 5239 τὴν
2298 5167 2526 5239 εἰρήνην
2545 5179 2558 5193 ⁸
2591 5158 2722 5227 οἷον,
2762 5162 2904 5216 ἔστω
2929 5178 3014 5224 τις
3051 5159 3332 5232 ὑϐρισθεὶς
3361 5157 3593 5222 ἀδίκως·
3647 5158 3761 5212 ἀπὸ

2178 5257 2275 5327 τῆς
2306 5255 2518 5329 ὕϐρεως
2538 5254 2841 5325 ἐτέχθησαν
2860 5250 3114 5323 λογισμοὶ
3148 5249 3264 5316 δύο,
3316 5250 3345 5303 6
3380 5248 3481 5318 μὲν
3516 5247 3760 5302 κελεύων

2178 5341 2510 5413 ἀμύνασθαι,
2552 5342 2581 5394 6
2617 5340 2675 5392 δὲ
2704 5341 2971 5409 ἐνεγκεῖν,
3003 5338 3100 5391 καὶ
3127 5336 3449 5391 παλαίουσιν
3480 5334 3755 5407 ἀλλήλοις.

2190 5431 2318 5486 Ἐὰν
2359 5432 2393 5501 ἠ
2444 5429 2636 5498 ειρήνη
2693 5425 2787 5479 τοῦ
2829 5425 2965 5480 Θεοῦ
3011 5427 3214 5496 ἑστήκῃ
3269 5423 3631 5495 βραϐεύουσα,
3675 5423 3759 5493 πῖ)

2178 5518 2453 5574 κελεύοντι
2502 5515 2693 5587 φέρειν
2741 5513 2923 5568 δίδωσι
2970 5514 3032 5567 τὸ
3089 5513 3363 5585 βραϐεῖον,
3409 5511 3505 5566 καὶ
3559 5527 3758 5566 καται-

2179 5607 2364 5679 σχύνει
2415 5606 2638 5658 ἐκεῖνον.
2675 5601 2828 5666 ιιῶς;
2876 5602 3146 5656 ιιείθουσα
3191 5603 3272 5655 ὅτι
3311 5602 3340 5654 6
3386 5600 3516 5664 Θεὸς
3561 5600 3756 5671 εἰρήνη

2177 5696 2345 5755 ἐστὶν,
2377 5693 2457 5746 ὅτι
2499 5691 2815 5761 εἰρήνευσεν
2846 5690 2995 5760 ήμῖν.
3026 5691 3138 5760 Οὑχ
3166 5688 3353 5753 ἁπλῶς
3381 5688 3623 5742 δείκνυσι
3652 5703 3757 5740 πο-

2176 5782 2273 5837 λὺν
2317 5779 2409 5833 τὸν
2456 5777 2643 5846 ἀγῶνα
2690 5776 2784 5830 τοῦ
2820 5777 3162 5850 πράγματος.
3210 5777 3302 5847 Μὴ
3346 5775 3537 5846 θυμὸς,
3595 5774 3755 5845 φησὶ,

2179 5869 2513 5942 βρλδευέτων
2563 5865 2638 5939 μὴ
2671 5864 2995 5938 φιλονεικία,
3038 5868 3114 5940 μὴ
3165 5867 3479 5939 ἀνθρωπίνη
3529 5865 3754 5940 εἰρήνη·
