4140 6500
240 337 355 392 553

240 464 443 520 corpus
468 455 624 501 vocet
649 445 810 500 vitam
840 454 1148 513 corruptam
1175 453 1227 497 et
1252 441 1599 511 depravatam
1620 456 1635 505 ;
1658 449 1711 493 et
1737 452 1853 491 rur-

240 560 342 598 sus
362 541 430 595 de
459 539 656 593 virtute
682 536 908 607 praedito
935 534 1182 589 similiter
1212 543 1355 604 agat.
1388 532 1453 587 Et
1473 532 1517 586 si
1549 534 1710 585 homo
1734 535 1858 583 sunt

240 646 491 708 peccata,
516 629 787 703 quomodo
808 628 957 694 dicit,
981 626 1110 684 Cum
1131 628 1325 682 actibus
1346 625 1493 680 suis?
1514 623 1690 680 Semel
1713 622 1854 677 enim

239 730 384 785 dixit
418 738 657 782 veterem
690 723 962 778 hominem
988 764 1003 787 ,
1035 721 1329 776 ostendens
1352 720 1493 791 quod
1525 718 1624 772 hoc
1655 732 1761 771 non
1791 716 1862 770 sit

244 824 438 888 homo,
467 819 562 875 sed
595 818 744 874 illud.
776 816 1025 871 Liberum
1062 814 1203 870 enim
1236 813 1399 868 animi
1430 812 1711 867 arbitrium
1742 825 1857 864 ma-

239 919 330 987 gis
358 916 571 971 obtinet
595 912 957 984 principatum
984 925 1143 981 quam
1173 908 1406 964 essentia
1433 922 1446 973 ;
1477 916 1532 961 et
1558 905 1661 960 hoe
1692 904 1862 974 magis

239 1020 330 1063 est
366 1008 565 1071 homo,
598 1020 759 1077 quam
795 1002 945 1058 illud.
988 1001 1104 1057 Non
1147 1001 1289 1057 enim
1323 998 1558 1054 essentia
1603 997 1775 1067 injicit
1809 996 1862 1051 in

240 1100 584 1171 gehennam,
612 1112 787 1167 neque
820 1094 1025 1151 inducit
1053 1095 1103 1148 in
1134 1108 1379 1164 regnum,
1407 1091 1501 1147 sed
1531 1092 1704 1161 ipsum
1733 1090 1865 1145 libe-

246 1210 377 1249 rum
410 1191 692 1247 arbitrium
718 1207 734 1257 ;
764 1198 821 1245 et
848 1188 1116 1245 neminem
1144 1200 1387 1240 amamus
1407 1227 1421 1251 ,
1453 1200 1626 1254 neque
1652 1183 1865 1238 odimus

250 1296 524 1357 quatenus
547 1292 630 1339 est
654 1283 837 1345 homo,
862 1281 955 1337 sed
978 1289 1242 1353 quatenus
1266 1278 1384 1332 talis
1412 1290 1501 1331 aut
1531 1276 1650 1330 talis
1678 1274 1862 1330 homo.

248 1379 313 1433 Si
359 1392 491 1447 ergo
530 1390 728 1447 corpus
769 1374 986 1445 quidem
1017 1383 1099 1429 est
1139 1373 1371 1427 essentia
1397 1413 1411 1435 ,
1451 1371 1563 1441 ipsa
1597 1378 1777 1423 autem
1812 1368 1865 1422 in

251 1474 503 1541 utrisque
532 1486 637 1525 non
660 1477 747 1525 est
767 1469 998 1523 obnoxia
1030 1465 1321 1522 reddenda:
1350 1464 1565 1530 rationi,
1594 1461 1865 1534 quomodo

254 1567 435 1636 ipsum
465 1564 597 1617 dicit
626 1576 747 1617 esse
778 1559 1018 1615 malum?
1422 1634 1425 1637 δ

331 1656 389 1710 2.
419 1653 560 1723 Quid
592 1668 721 1708 vero
748 1652 898 1719 dicit,
932 1652 1059 1706 Cum
1088 1653 1194 1706 suis
1223 1651 1465 1707 actibus?
1495 1650 1747 1705 Liberum
1780 1663 1869 1703 ar—

257 1750 483 1804 bitrium
516 1762 639 1801 cum
670 1744 945 1813 operibus.
977 1743 1227 1799 Veterem
1260 1754 1438 1798 autem
1473 1743 1644 1812 ipsum
1674 1749 1863 1805 vocat,

258 1842 385 1912 ejus
414 1841 602 1896 volens
633 1838 924 1894 ostendere
964 1838 1353 1910 turpitudinem
1384 1846 1438 1893 et
1465 1836 1865 1893 deformitatem

262 1945 322 1989 et
353 1934 806 1997 imbecillitatem;
842 1941 896 1986 et
916 1947 1111 1985 novum
1132 1932 1322 2002 inquit,
1352 1938 1622 2000 nunquam
1640 1928 1866 1993 diceret,

261 2026 348 2081 Ne
371 2024 691 2095 exspectetis
713 2024 946 2079 futurum
972 2035 1027 2078 ut
1049 2024 1096 2077 ei
1119 2023 1260 2079 idem
1283 2022 1509 2086 accidat,
1532 2022 1625 2077 sed
1648 2032 1867 2077 contra:

271 2134 400 2170 nam
433 2132 539 2186 quo
584 2116 746 2186 magis
791 2117 1156 2187 processerit,
1188 2131 1296 2170 non
1326 2116 1498 2171 tendit
1524 2115 1590 2169 ad
1619 2114 1827 2169 senium
1853 2156 1869 2181 ,

267 2209 370 2263 sed
396 2208 461 2262 ad
491 2208 745 2277 majorem
774 2213 953 2279 priore
975 2208 1335 2277 juventutem.
1360 2208 1489 2263 Nam
1515 2206 1732 2278 quando
1757 2223 1873 2261 ma-

256 2302 442 2370 jorem
472 2301 744 2372 acceperit
771 2302 1171 2371 cognitionem,
1207 2301 1409 2372 majora
1442 2316 1655 2372 quoque
1686 2316 1876 2355 consc-

260 2394 451 2462 quitur
472 2435 486 2457 ,
520 2403 575 2447 et
607 2394 778 2462 magis
811 2394 950 2464 viget
990 2403 1045 2448 et
1092 2395 1351 2464 majorem
1397 2395 1502 2448 vim
1538 2394 1697 2448 habet
1720 2436 1735 2459 ,
1768 2410 1874 2448 non

259 2486 444 2539 salum
473 2486 542 2538 ob
568 2484 931 2555 juventutem,
961 2485 1055 2540 sed
1083 2486 1243 2541 etiam
1268 2487 1338 2541 ob
1362 2486 1593 2541 formam
1622 2487 1687 2540 ad
1715 2502 1875 2556 quam

266 2580 530 2635 refertur.
575 2580 717 2636 Ecce
757 2590 1001 2636 creatura
1032 2582 1233 2652 optima
1276 2584 1398 2637 vita:
1440 2583 1702 2638 institutio
1745 2583 1874 2638 dici-

264 2686 381 2729 tur.
420 2676 497 2730 Ad
544 2677 830 2747 imaginem
876 2675 1076 2732 Christi
1110 2678 1247 2733 :lioe
1289 2678 1433 2733 enim
1472 2688 1555 2735 est
1592 2679 1755 2744 illud,
1798 2680 1879 2734 Ad

264 2770 549 2841 imaginem
589 2771 703 2841 ejus
740 2770 828 2841 qui
858 2770 1044 2824 creavit
1089 2772 1273 2843 ipsum.
1317 2770 1449 2826 Nam
1495 2787 1595 2828 nec
1635 2772 1880 2828 Christus

266 2879 440 2917 senex
472 2873 717 2916 mortuus
744 2871 848 2927 est,
874 2862 967 2917 sed
999 2874 1117 2918 erat
1144 2863 1279 2918 adeo
1305 2863 1527 2933 pulcher
1552 2875 1611 2918 ut
1642 2864 1744 2919 dici
1774 2879 1879 2919 non

271 2954 468 3024 possit.
509 2953 608 3009 Ubi
636 2971 737 3008 non
768 2964 842 3007 est
872 2956 1127 3009 masculus
1166 2972 1255 3009 nec
1290 2954 1513 3025 femina,
1549 2956 1638 3011 ll.
1681 2958 1883 3029 gentilis

269 3058 322 3101 et
345 3045 589 3113 Iudaeus,
620 3047 938 3101 circumcisio
969 3056 1013 3101 et
1052 3048 1381 3117 prwputium,
1410 3046 1653 3102 barbarus
1680 3059 1725 3102 ct
1754 3049 1887 3117 Scy-

272 3139 390 3207 tha,
418 3156 591 3193 servus
618 3150 664 3195 et
691 3139 839 3208 liber,
868 3140 958 3194 sed
987 3141 1178 3206 omnia,
1213 3149 1257 3194 et
1287 3140 1339 3193 in
1371 3139 1603 3194 omnibus
1633 3141 1883 3199 Christus.

278 3232 426 3286 Ecce
451 3231 665 3286 tcrlium
687 3231 848 3302 hujus
872 3231 968 3285 viri
989 3231 1317 3298 encomium,
1337 3231 1552 3302 quando
1574 3248 1674 3287 nec
1691 3234 1884 3303 gentis,

280 3339 387 3378 nec
419 3323 789 3391 auctoritatis,
834 3340 1009 3393 neque
1050 3322 1314 3394 majorum
1362 3324 1657 3395 ingreditur
1700 3324 1889 3380 discri-

280 3433 433 3482 men,
482 3432 603 3472 eum
647 3417 779 3472 nihil
829 3416 1027 3472 habeat
1067 3427 1391 3485 externum,
1437 3434 1611 3489 neque
1642 3419 1727 3474 his
1756 3435 1891 3488 opus

281 3513 484 3567 habeat
512 3529 525 3565 :
552 3512 675 3567 talia
705 3512 850 3567 enim
883 3511 1065 3567 omnia
1107 3520 1230 3567 sunt
1262 3521 1506 3568 externa.
1541 3512 1893 3567 Circumcisio

281 3616 341 3658 et
372 3607 717 3674 pr.rputium,
753 3619 945 3659 servus
972 3614 1025 3658 et
1058 3603 1215 3670 liber,
1246 3603 1499 3669 Graecus,
1529 3602 1631 3659 hoc
1660 3612 1744 3658 est
1773 3620 1897 3673 pro-

281 3697 496 3768 selylus
524 3740 538 3762 ,
568 3707 623 3751 et
651 3696 872 3753 Judazus
903 3712 934 3751 a
966 3696 1278 3767 majoribus.
1322 3697 1375 3752 Si
1423 3697 1564 3751 hunc
1595 3696 1767 3752 solum
1797 3697 1894 3750 ha-

286 3791 456 3853 beas,
493 3788 682 3843 cadem
726 3790 1033 3859 assequeris
1082 3806 1201 3859 qua:
1248 3790 1335 3843 alii
1384 3789 1474 3861 qui
1520 3788 1738 3845 habent.
1790 3788 1897 3843 Sed

287 3884 501 3949 omnia,
538 3883 743 3953 inquit,
786 3891 832 3937 et
872 3883 924 3937 in
963 3883 1195 3961 omnibus
1244 3893 1316 3937 est
1357 3882 1631 3948 Christus;
1678 3884 1731 3939 id
1777 3894 1895 3947 est,

289 3979 474 4032 omnia
508 3978 663 4033 nobis
692 3979 795 4033 erit
820 3976 1089 4043 Christus,
1122 3987 1177 4033 et
1201 3978 1435 4049 dignitas
1463 3989 1517 4035 et
1540 3993 1733 4050 genus,
1762 3988 1819 4033 ct
1846 3978 1898 4031 in

294 4072 451 4127 sobis
477 4073 730 4128 omnibus
760 4075 898 4142 ipse.
931 4073 1039 4129 Aut
1066 4071 1209 4129 aliud
1244 4073 1410 4139 dicit,
1440 4089 1635 4143 nempe
1661 4092 1673 4127 :
1698 4073 1901 4128 Omnes

294 4182 440 4220 unus
469 4166 713 4222 Christus
742 4166 867 4222 facti
908 4168 1041 4223 estis
1062 4208 1078 4233 ,
1110 4183 1232 4221 cum
1273 4168 1390 4223 sitis
1419 4168 1538 4237 ejus
1563 4182 1777 4237 corpus.
1812 4167 1898 4223 12.

297 4287 315 4313 ι
336 4260 509 4314 nduite
529 4276 615 4314 vos
636 4278 755 4331 ergo
774 4262 905 4316 sicut
928 4263 1071 4317 electi
1103 4260 1219 4328 Dei,
1246 4264 1410 4316 sancti
1429 4273 1475 4317 et
1497 4264 1683 4317 dilecti.
1709 4265 1901 4319 Osten-

300 4352 384 4403 dit
414 4349 723 4406 facilitalem
755 4353 988 4417 virtutis,
1026 4363 1084 4408 ut
1111 4362 1165 4408 et
1190 4369 1308 4408 eam
1341 4363 1601 4425 perpetuo
1632 4355 1901 4423 habeant,

296 4454 358 4497 et
398 4454 454 4496 ut
496 4454 768 4514 tamquam
814 4446 1050 4501 maximo
1090 4456 1308 4503 utantur
1347 4459 1685 4505 ornamento.
1732 4451 1798 4505 Et
1825 4461 1906 4505 est

297 4548 428 4587 Cum
461 4533 618 4589 laude
657 4538 875 4590 suasio:
909 4548 1037 4592 tunc
1064 4540 1207 4594 cn’m
1241 4540 1348 4594 vim
1391 4540 1552 4597 habet
1596 4544 1904 4598 maximam.

300 4625 548 4680 Fuerunt
576 4627 717 4682 enim
747 4630 917 4683 sancti
944 4670 959 4695 ,
988 4630 1083 4685 sed
1112 4646 1217 4686 non
1246 4632 1404 4686 electi
1435 4651 1447 4686 τ
1480 4650 1622 4690 nunc
1649 4645 1826 4689 autem
1856 4644 1911 4690 et

297 4716 464 4770 electi
505 4726 561 4771 et
591 4720 761 4774 sancti
795 4728 850 4774 et
879 4720 1087 4779 dilecti.
1128 4720 1334 4777 Viscera
1364 4725 1746 4780 misericordiae.
1790 4726 1905 4781 Non

297 4810 478 4872 dicit,
513 4810 932 4868 Misericordiam
954 4856 969 4880 ,
1000 4816 1094 4871 sed
1138 4832 1262 4871 cum
1305 4817 1494 4887 majori
1538 4820 1780 4890 emphasi
1816 4838 1909 4890 per

297 4904 436 4957 duo.
461 4904 528 4958 Et
551 4922 653 4959 non
676 4906 830 4973 dixit,
849 4908 1143 4980 Tamquam
1168 4910 1442 4974 fratribus.
1468 4914 1583 4978 sed,
1610 4914 1905 4986 Tamquam

301 4996 434 5050 tiliis
475 5007 674 5065 patres.
719 4998 797 5054 Ne
837 5001 969 5055 mihi
1014 5004 1157 5057 enim
1199 5002 1402 5059 dixeris
1436 5006 1576 5074 quod
1624 5010 1904 5076 peccavit:

270 5096 593 5158 ,propterea
622 5089 1013 5156 dixit,Viscera.
1046 5093 1112 5148 Et
1143 5111 1248 5150 non
1277 5095 1433 5161 dixit,
1461 5097 1905 5167 Miserieordiam,

301 5195 377 5234 ne
405 5194 498 5234 eos
527 5181 902 5251 vilipenderet,
932 5185 1047 5249 sed,
1095 5184 1299 5241 Viscera
1332 5189 1713 5244 misericordia.
1750 5191 1907 5246 Beni-

298 5272 585 5347 gnitatem,
627 5274 1001 5347 humilitatem,
1049 5282 1384 5345 modestiant,
1438 5284 1770 5353 patientiam;
1820 5287 1904 5341 l3.

300 5377 670 5434 supportantes
691 5368 923 5436 invicem,
948 5381 995 5426 et
1016 5372 1263 5428 donantes
1308 5376 1695 5447 nobismetipsis,
1726 5379 1771 5432 si
1799 5380 1911 5448 quis

300 5459 555 5512 adversus
598 5460 819 5529 aliquem
866 5462 1047 5517 habeat
1084 5465 1346 5536 querelam
1378 5484 1396 5521 :
1422 5468 1549 5522 sicut
1594 5480 1642 5523 et
1680 5468 1913 5526 Christus

300 5549 521 5603 donavit
563 5551 722 5617 vobis,
754 5553 825 5605 ita
863 5564 910 5609 et
955 5571 1060 5610 vos.
1109 5558 1316 5614 [iurans
1355 5560 1484 5617 dicit
1515 5577 1609 5631 per
1638 5564 1909 5633 speciem:

305 5656 439 5695 suun
463 5658 493 5695 a
518 5642 844 5715 benignitate
868 5647 1041 5702 oritur
1062 5650 1356 5720 humilitas,
1382 5655 1525 5710 etab
1549 5671 1609 5709 ea
1636 5655 1910 5725 patientia.

307 5734 711 5806 Supportames,
742 5740 934 5809 inquit,
963 5742 1211 5809 invicem;
1241 5744 1345 5800 hoc
1369 5756 1452 5801 est
1475 5748 1829 5817 sustinentes,
1860 5762 1914 5807 et

310 5828 455 5884 alter
477 5829 632 5887 alteri
656 5832 1010 5892 dimittentes.
1040 5838 1105 5894 Et
1132 5840 1253 5897 vide
1282 5846 1551 5912 quomodo
1583 5846 1759 5918 ipsum
1786 5850 1917 5907 nihil

1147 328 1211 384 IN
1255 326 1472 384 EPIST.
1517 326 1607 383 AD
1645 322 1921 381 COLOSS.
1963 324 2117 380 CAP.
2165 324 2248 382 Ill.
2294 327 2526 386 llOMlL.
2572 330 2705 388 Vlll.

3461 339 3563 395 ssi

1967 453 2087 494 csse
2114 442 2442 510 ostenderit,
2476 454 2533 498 ut
2569 446 2658 516 qui
2693 447 2893 502 vocarit
2926 449 3226 518 querelam.
3261 450 3326 506 Et
3351 450 3563 522 adjicit,

1967 530 2114 585 Sicut
2152 544 2200 587 et
2227 534 2459 590 Christus
2491 538 2701 591 donavit
2732 541 2890 594 vobis.
2936 541 3185 612 Magnum
3217 544 3522 615 exemplum
3552 564 3564 599 :

1968 625 2111 693 quod
2140 641 2354 696 semper
2380 628 2525 691 facit.
2556 647 2583 684 a
2611 629 2829 687 Christo
2859 634 3004 703 ipsos
3030 635 3351 692 adhortans.
3378 637 3565 704 Quere-

1969 714 2071 768 lam
2110 716 2259 771 dicit.
2294 716 2403 773 lllic
2438 721 2654 790 quidem
2692 738 2917 793 parvum
2957 725 3084 781 illud
3130 742 3253 783 esse
3292 728 3565 792 ostendit;

1968 808 2184 877 quando
2232 819 2409 863 autem
2453 812 2673 866 adduxit
2706 816 3010 885 exemplum
3038 858 3052 883 ,
3090 819 3355 885 persuasit
3381 820 3523 890 quod
3549 861 3566 886 ,

1968 902 2179 958 etiamsi
2224 902 2292 958 de
2333 906 2543 976 magnis
2574 908 2843 976 possimus
2868 926 3126 967 accusare
3152 955 3166 979 ,
3196 923 3407 983 oportet
3433 928 3567 967 con-

1970 994 2173 1050 donare
2200 1012 2215 1055 :
2240 996 2369 1052 illud
2392 998 2558 1065 enim,
2584 999 2727 1055 Sicut
2750 1001 3000 1069 Christus,
3022 1003 3123 1058 hoc
3144 1005 3408 1075 significat
3431 1023 3445 1059 :
3470 1020 3571 1061 nec

1972 1087 2074 1143 hoe
2100 1089 2298 1156 solum,
2328 1091 2421 1145 sed
2448 1092 2612 1148 etiam
2639 1094 2782 1164 quod
2812 1112 2876 1149 ex
2907 1104 3019 1150 toto
3045 1098 3242 1161 corde;
3273 1114 3446 1167 neque
3469 1098 3570 1153 hoc

1919 1256 1947 1273 ι
1970 1190 2177 1236 tantum
2205 1224 2219 1247 ,
2248 1182 2341 1237 sed
2372 1183 2534 1237 etiam
2572 1185 2715 1254 quod
2757 1196 3006 1254 oporteat
3043 1187 3287 1258 diligere.
3326 1189 3571 1245 Christus

1970 1276 2114 1330 enim
2162 1275 2213 1329 in
2263 1275 2498 1330 medium
2544 1276 2808 1333 adductus
2854 1279 2969 1333 lure
3013 1281 3192 1334 omnia
3232 1280 3491 1337 adducit:
3521 1292 3575 1335 et

1970 1369 2112 1440 quod
2153 1370 2363 1425 etiamsi
2410 1370 2519 1425 sint
2558 1387 2749 1443 magna
2776 1414 2792 1440 ,
2836 1373 3047 1429 etiamsi
3093 1376 3242 1444 prius
3285 1389 3380 1429 eos
3427 1375 3575 1430 nulla

1971 1460 2312 1517 affecerimus
2342 1461 2535 1533 injuria
2560 1504 2576 1529 ,
2621 1464 2830 1519 etiamsi
2869 1480 2968 1522 nos
2995 1465 3211 1536 quidem
3250 1468 3466 1537 magni;
3499 1467 3578 1521 illi

1971 1568 2101 1609 vero
2132 1553 2344 1623 pusilli;
2377 1555 2589 1609 etiamsi
2622 1556 2731 1611 sint
2760 1571 2857 1611 nos
2888 1567 3074 1626 postea
3108 1557 3350 1613 affecturi
3379 1570 3575 1614 contn-

1974 1645 2131 1700 melia
2162 1662 2175 1698 :
2205 1654 2261 1700 et
2297 1645 2440 1715 quod
2481 1648 2657 1700 anima
2704 1663 2801 1717 pro
2844 1648 2976 1718 ipsis
3021 1652 3089 1704 sit
3131 1651 3410 1720 ponenda;
3442 1652 3576 1707 illud

1973 1741 2115 1794 enim
2142 1780 2156 1805 ,
2192 1738 2374 1806 Sicut,
2406 1739 2521 1795 bwc
2553 1741 2790 1810 postulat
2818 1760 2831 1796 :
2857 1752 2912 1796 et
2942 1743 3083 1813 quod
3116 1760 3215 1800 nec
3245 1744 3311 1799 ad
3344 1756 3575 1801 mortem

1973 1850 2145 1906 usque
2171 1835 2343 1891 solum
2376 1844 2520 1891 stare
2552 1844 2819 1907 oporteat,
2850 1836 2944 1892 sed
2976 1838 3018 1893 si
3052 1837 3166 1893 ﬁeri
3202 1840 3393 1910 possit,
3417 1843 3576 1897 etiam

1977 1937 2184 1998 postea.

2050 2021 2177 2075 Sine
2198 2021 2408 2074 caritate
2432 2021 2561 2077 niltil
2571 2021 2790 2078 bonum.
2816 2053 2885 2062 —
2912 2023 2998 2077 Μ.
3026 2022 3198 2093 Super
3218 2024 3390 2078 omnia
3409 2036 3581 2079 autem

1978 2114 2086 2167 ha'c
2115 2114 2378 2168 caritatem
2410 2114 2588 2169 habete
2608 2157 2624 2182 ,
2655 2117 2795 2185 quod
2838 2126 2910 2169 est
2937 2116 3193 2169 vinculum
3232 2118 3581 2189 perfectionis.

1985 2206 2145 2261 Vides
2185 2206 2328 2277 quod
2371 2207 2473 2263 hoc
2507 2207 2671 2264 dicat.
2710 2208 2842 2263 Nam
2872 2211 3124 2278 quoniam
3165 2210 3281 2264 fieri
3320 2220 3494 2280 potest
3526 2225 3585 2267 ut

1979 2300 2067 2369 qui
2099 2299 2371 2355 condonet
2398 2315 2502 2354 non
2531 2299 2738 2369 diligat,
2765 2300 2938 2365 Certe,
2970 2300 3162 2371 inquit,
3185 2312 3397 2372 Oportet
3418 2304 3584 2358 etiam

1980 2392 2236 2463 diligere;
2269 2401 2323 2447 et
2361 2394 2599 2447 ostendit
2639 2392 2777 2447 viam
2823 2409 2920 2462 per
2963 2410 3123 2465 quam
3173 2394 3288 2450 fieri
3323 2405 3497 2467 potest
3532 2407 3587 2451 ut

1980 2486 2341 2540 condonetur.
2372 2485 2514 2540 Fieri
2542 2487 2685 2541 enim
2714 2496 2890 2557 potest
2920 2497 2971 2540 ut
3004 2489 3073 2542 sit
3104 2488 3299 2558 aliquis
3324 2489 3589 2562 benignus

1980 2590 2037 2636 et
2061 2581 2209 2635 mitis
2230 2591 2284 2636 et
2311 2581 2528 2636 humilis
2558 2590 2611 2638 et
2637 2581 2793 2646 lenis,
2822 2592 2876 2635 et
2898 2581 3103 2651 diligat.
3132 2582 3499 2650 Quamobrem
3534 2586 3587 2640 in

1985 2673 2249 2744 principio
2277 2672 2430 2735 dixit,
2475 2671 2682 2727 Viscera
2710 2674 3106 2741 miserit-ordire,
3139 2682 3194 2729 et
3222 2675 3502 2732 caritatem
3533 2688 3589 2731 et

1985 2766 2435 2822 misericordiam.
2487 2767 2661 2838 Super
2709 2768 2880 2821 omnia
2927 2779 3096 2822 autem
3142 2769 3251 2824 haec
3298 2771 3586 2838 caritatem,

1984 2876 2098 2924 quae
2136 2869 2209 2913 est
2252 2859 2508 2914 vinculum
2557 2860 2903 2931 perfectionis.
2938 2860 3051 2916 lloc
3092 2870 3177 2917 est
3221 2871 3404 2919 autem
3443 2865 3587 2935 quod

1987 2954 2098 3008 vult
2125 2952 2305 3008 dicere
2331 2972 2344 3008 :
2373 2953 2465 3007 Illa
2492 2953 2625 3008 nihil
2654 2964 2909 3023 prosunt;
2937 2953 3307 3009 dissolvuntur
3329 2957 3471 3011 enim
3500 2958 3587 3012 illa

1988 3046 2204 3110 omnia;
2238 3045 2338 3099 nisi
2385 3045 2511 3099 fiant
2537 3060 2658 3100 cuin
2685 3045 2912 3100 caritate
2941 3062 2954 3096 :
2983 3044 3098 3101 haec
3131 3046 3310 3102 omnia
3340 3048 3431 3102 illa
3457 3064 3591 3103 con-

1989 3138 2226 3209 stringit.
2269 3138 2657 3209 Quodcumque
2706 3138 2904 3193 bonum
2945 3137 3170 3207 dixeris,
3218 3140 3263 3195 si
3308 3156 3372 3195 ea
3416 3140 3591 3209 absit,

1990 3230 2125 3286 nihil
2153 3241 2254 3295 est,
2285 3230 2378 3285 sed
2411 3230 2624 3285 diffluit.
2658 3232 2720 3286 Et
2746 3230 2885 3286 sicut
2911 3230 2962 3286 in
2993 3231 3136 3300 navi,
3161 3232 3372 3288 etiamsi
3402 3250 3591 3305 magna

1992 3326 2101 3379 sint
2146 3325 2500 3380 instrumenta
2528 3366 2542 3390 ,
2580 3333 2637 3379 et
2681 3339 2786 3379 non
2833 3324 2943 3377 sint
2974 3339 3094 3395 qua:
3134 3338 3249 3378 eam
3283 3326 3596 3395 succingant

1994 3418 2252 3484 tabulata,
2288 3417 2419 3471 nihil
2448 3416 2697 3489 prodest;
2725 3426 2779 3472 et
2802 3415 2854 3470 in
2882 3415 3048 3472 domo
3074 3416 3121 3472 si
3150 3432 3255 3471 non
3284 3417 3390 3472 sint
3424 3420 3600 3473 conti—

1995 3511 2309 3581 gnationes;
2343 3521 2396 3565 et
2434 3511 2484 3565 in
2527 3525 2790 3580 corpore,
2823 3510 3032 3566 etiamsi
3076 3526 3268 3580 magna
3298 3512 3407 3566 sint
3437 3526 3558 3566 ossa
3581 3552 3597 3577 ,

1996 3621 2102 3661 non
2142 3605 2250 3659 siut
2290 3612 2470 3657 autem
2512 3602 2797 3674 ligamenta
2822 3644 2837 3669 ,
2872 3603 3007 3657 nihil
3049 3603 3221 3673 juvat.
3264 3603 3601 3674 Cujnsmodi-

1997 3711 2229 3765 Cumque
2256 3695 2399 3749 enim
2430 3695 2695 3765 quispiam
2734 3693 2874 3748 bona
2924 3695 3116 3749 habeat
3157 3709 3319 3765 opera
3359 3706 3413 3750 et
3455 3708 3603 3752 recte

2000 3787 2161 3854 facta,
2195 3796 2524 3843 evanescunt
2553 3787 2730 3840 omnia
2756 3827 2769 3853 ,
2802 3786 2903 3841 nisi
2939 3786 3009 3841 sit
3034 3786 3248 3842 caritas.
3279 3786 3397 3842 Non
3426 3787 3603 3857 dixit,

2004 3884 2100 3939 E51
2145 3882 2414 3953 fastigium
2441 3924 2456 3948 ,
2508 3880 2602 3936 sed
2636 3880 2777 3951 quod
2806 3890 2891 3937 est
2922 3881 3117 3951 majus,
3159 3879 3427 3935 Vinculum
3456 3898 3477 3937 :
3505 3883 3607 3936 hoc

2004 3980 2146 4035 enim
2179 3989 2264 4034 est
2290 3978 2460 4047 magis
2490 3976 2854 4032 necessarium
2880 4016 2897 4042 ,
2930 3991 3089 4046 quam
3121 3975 3270 4030 illud.
3298 3974 3430 4030 Nam
3463 3976 3610 4030 fasti-

2004 4073 2149 4143 gium
2178 4070 2396 4142 quidem
2423 4079 2506 4125 est
2537 4069 2761 4123 intentio
2802 4067 3147 4139 perfecuonis
3172 4084 3186 4134 ;
3216 4069 3482 4123 vinculum
3510 4083 3610 4122 au-

2008 4174 2113 4219 tem
2145 4173 2228 4219 est
2257 4162 2573 4232 complexus
2599 4170 2654 4217 et
2680 4159 3094 4231 comprehensio
3119 4175 3308 4215 eorum
3341 4176 3459 4230 qua:
3486 4176 3611 4231 pcr-

2012 4258 2298 4313 fcctionetn
2327 4255 2588 4321 efficiunt,
2622 4265 2892 4325 tamquam
2935 4254 3085 4309 radix
3109 4297 3122 4319 ,
3156 4254 3244 4310 15.
3289 4254 3354 4309 Et
3383 4271 3488 4327 patr
3518 4253 3614 4309 Dei

2008 4348 2222 4404 exsultet
2253 4350 2305 4403 in
2333 4348 2569 4402 cordibus
2594 4347 2794 4415 vestris,
2828 4347 2879 4401 in
2906 4361 3006 4417 qua
3036 4355 3082 4400 et
3110 4351 3271 4401 vocati
3302 4347 3420 4402 estis
3438 4347 3490 4401 in
3512 4363 3614 4401 uno

2009 4461 2243 4515 corpore,
2279 4454 2326 4497 et
2354 4444 2489 4513 grati
2519 4452 2694 4497 estote.
2930 4490 2945 4494 ν

2082 4539 2133 4592 5.
2167 4537 2272 4593 Pax
2295 4536 2389 4590 Dei
2407 4544 2489 4591 est
2504 4551 2565 4590 ea
2584 4550 2704 4607 qum
2719 4543 2803 4590 est
2822 4535 2971 4590 firma
2996 4544 3049 4591 et
3071 4535 3301 4592 stabilis.
3320 4535 3374 4591 Si
3400 4545 3618 4607 pr0pter

2013 4632 2283 4687 hominem
2311 4628 2526 4700 quidem
2556 4643 2744 4699 pacem
2776 4630 2974 4684 habeas
2999 4672 3014 4698 ,
3043 4645 3104 4685 ea
3133 4631 3242 4684 cito
3271 4628 3618 4689 dissolvitur;

2013 4728 2094 4782 sin
2114 4734 2291 4780 autem
2315 4733 2533 4794 propter
2552 4722 2742 4791 Deum,
2764 4738 2870 4778 non
2899 4722 3109 4778 itidem.
3132 4720 3465 4791 Quamquam
3486 4719 3621 4773 dixit

2016 4819 2263 4873 universe
2283 4858 2296 4880 ,
2328 4813 2609 4872 Curitatem
2630 4856 2645 4882 ,
2679 4831 2866 4869 rursus
2909 4825 3086 4869 tamen
3116 4814 3262 4868 venit
3293 4812 3357 4867 ad
3390 4810 3444 4866 id
3474 4812 3618 4882 quod

2015 4922 2097 4968 est
2121 4911 2391 4982 singulare
2415 4927 2426 4963 :
2453 4919 2534 4964 est
2559 4910 2702 4964 enim
2727 4910 2887 4963 etiam
2916 4906 3265 4962 immoderata
3288 4907 3485 4960 caritas
3506 4923 3518 4958 :
3540 4915 3619 4969 ut,

2016 5008 2230 5077 quando
2247 5004 2512 5076 quispiam
2538 5019 2602 5057 ex
2623 5003 2787 5057 multa
2811 5003 3033 5057 caritate
3052 5011 3255 5057 temere
3275 5008 3509 5063 accusat,
3530 4999 3622 5052 de-

2016 5110 2322 5170 pugnatque
2345 5108 2397 5152 et
2413 5104 2711 5151 aversatur.
2735 5095 2849 5149 Non
2872 5093 3021 5155 dicit.
3046 5093 3160 5147 lloe
3185 5093 3308 5147 nolo
3329 5110 3343 5158 ;
3368 5091 3461 5147 sed
3485 5092 3622 5146 sicut

2018 5191 2163 5245 Deus
2190 5189 2467 5243 vobiscum
2512 5186 2639 5241 fecit
2682 5201 2867 5256 pacein
2896 5227 2910 5252 ,
2947 5186 3018 5239 ita
3053 5200 3146 5238 vos
3189 5198 3403 5254 quoque
3441 5182 3621 5236 facite.

2017 5281 2299 5350 Quomodo
2326 5279 2453 5336 fecit
2473 5282 2496 5333 1’
2520 5277 2652 5333 Cum
2686 5279 2799 5349 ipse
2832 5279 3118 5343 voluisset,
3149 5276 3289 5332 nulla
3320 5293 3379 5330 re
3408 5291 3438 5329 a
3468 5275 3624 5329 nobis

2017 5388 2258 5448 accepta.
2290 5374 2427 5444 Quid
2457 5384 2560 5440 est,
2586 5371 2701 5427 Pax
2722 5371 2819 5426 Dci
2841 5371 3053 5426 exsultet
3074 5372 3127 5425 in
3148 5370 3384 5425 cordibus
3405 5366 3626 5424 vestris!

2019 5472 2075 5527 Si
2098 5480 2334 5543 pugnent
2351 5470 2470 5525 duce
2489 5468 2857 5540 cogitationes,
2881 5482 2948 5520 ne
2966 5475 3169 5520 statuas
3186 5464 3316 5518 iram
3341 5477 3441 5517 nec
3457 5461 3624 5516 insul-

2023 5568 2281 5621 tationem
2313 5572 2584 5619 tenentem
2610 5562 2851 5617 bravium
2875 5571 2926 5614 et
2956 5558 3257 5630 pra-mium,
3280 5555 3374 5610 scd
3405 5569 3622 5625 pacem:

2021 5662 2251 5730 exempli
2278 5675 2459 5721 causa,
2489 5659 2559 5712 sit
2584 5655 2849 5727 quispiam
2878 5653 3073 5722 injuste
3099 5649 3321 5705 affectus
3342 5658 3628 5703 contume-

2023 5754 2093 5810 lia
2113 5770 2171 5810 :a
2193 5751 2515 5808 contumelia
2534 5758 2706 5805 enata:
2724 5756 2849 5804 sunt
2864 5746 2981 5801 dum
2999 5743 3371 5815 cogitationes,
3392 5757 3494 5797 una
3512 5742 3630 5812 qui-

2027 5848 2149 5904 dem
2190 5845 2387 5917 jubcns
2419 5842 2639 5910 ulcisci,
2672 5842 2837 5896 altera
2866 5854 2994 5894 vero
3024 5837 3250 5893 tolerare
3276 5852 3289 5904 ;
3321 5842 3373 5891 et
3404 5835 3543 5890 inter
3569 5850 3630 5888 se
