4140 6506
585 316 691 375 355

585 430 878 488 luctantur.
904 429 962 486 Si
987 429 1195 487 steterit
1225 442 1329 501 pax
1373 427 1468 486 Dei
1513 428 1790 500 prmium
1813 427 2167 499 distribuens,

587 524 681 579 dat
707 523 988 595 przemium
1015 523 1064 578 ei
1094 536 1213 592 qua:
1234 518 1389 592 jubet
1415 520 1668 589 tolerare,
1696 528 1753 575 et
1775 520 1925 576 illum
1950 519 2168 590 pudore

585 614 774 670 allicit.
804 612 1123 681 Quomodo?
1152 611 1495 668 Persuadens
1521 612 1689 668 Deum
1719 627 1842 667 esse
1873 625 2081 681 pacem,
2110 622 2167 668 et

588 720 771 776 pacem
814 704 1093 760 uobiscum
1142 703 1355 761 fecisse.
1407 703 1523 760 Non
1566 704 1666 760 abs
1708 718 1771 760 re
1812 699 1914 760 n'ec
1968 713 2172 761 temere

589 796 822 851 ostendit
859 797 937 851 rei
966 811 1219 866 magnum
1250 810 1371 852 esse
1395 805 1692 852 certamen.
1723 795 1799 851 Ne
1829 794 1909 851 ira
1929 838 1944 863 ,
1978 796 2168 866 inquit,

586 887 864 957 praemium
915 886 1223 955 distribuat,
1276 902 1384 942 non
1433 886 1726 953 contentio,
1771 902 1879 941 non
1929 899 2028 956 pax
2067 885 2171 941 hu-

586 996 744 1037 mana
773 999 787 1035 :
820 996 919 1053 pax
950 982 1092 1036 enim
1122 980 1352 1036 humana
1387 981 1444 1034 fit
1465 996 1533 1036 ex
1554 995 1626 1036 eo
1653 978 1794 1051 quod
1822 994 1927 1035 non
1950 979 2173 1035 ulcisca-

588 1090 728 1142 mur,
757 1090 824 1129 ex
850 1088 920 1130 eo
945 1073 1090 1146 quod
1115 1073 1245 1129 nihil
1273 1088 1437 1144 grave
1465 1074 1749 1143 patiamur.
1775 1072 1845 1126 At
1871 1085 1978 1127 non
2010 1069 2168 1138 hanc,

584 1168 776 1240 inquit,
807 1168 930 1224 volo
952 1209 967 1235 ,
1000 1166 1095 1223 sed
1128 1168 1272 1222 illam
1299 1180 1462 1236 quam
1507 1165 1753 1221 Christus
1781 1163 2019 1235 reliquit.
2045 1163 2170 1219 Sta-

583 1262 731 1319 dium
765 1264 908 1317 intus
934 1261 1059 1318 fecit
1093 1305 1106 1327 ,
1138 1261 1193 1317 in
1224 1259 1637 1332 cogitationibus
1658 1296 1677 1323 ,
1702 1265 2088 1327 certamenque
2114 1264 2172 1311 et

585 1354 793 1424 praemii
818 1354 1247 1408 distributorem.
1278 1350 1482 1406 Deinde
1508 1362 1694 1406 rursus
1713 1347 2028 1409 adhortatio
2057 1364 2070 1401 :
2098 1345 2169 1402 In

581 1461 683 1514 qua
701 1456 749 1498 et
776 1445 940 1499 uocati
956 1445 1077 1500 estis
1098 1461 1117 1510 ;
1144 1444 1245 1499 hoc
1268 1451 1371 1509 est,
1398 1442 1625 1511 Propter
1639 1454 1800 1511 quam
1821 1439 1995 1494 vocati
2015 1438 2168 1494 estis.

584 1535 873 1590 Revocavit
901 1535 952 1589 in
999 1534 1311 1589 memoriam
1360 1547 1519 1603 quam
1568 1532 1856 1587 multorum
1903 1529 2168 1586 bonorum
2216 1560 2221 1565 ο

579 1641 738 1682 causa
764 1626 835 1681 sit
864 1642 986 1696 pax.
1017 1627 1242 1698 Propter
1266 1640 1385 1681 eam
1418 1633 1467 1680 te
1494 1624 1723 1691 vocavit,
1744 1623 1866 1693 ejus
1890 1636 2050 1678 causa
2071 1636 2170 1678 vo-

578 1722 721 1776 cavit
742 1760 757 1786 ,
787 1729 844 1774 ut
886 1718 990 1774 fide
1018 1718 1243 1790 dignum
1268 1718 1542 1789 acciperes
1570 1716 1868 1787 praemium.
1896 1713 2029 1770 Nam
2071 1728 2171 1769 cur

580 1825 741 1865 unum
766 1808 889 1865 fecit
910 1824 1106 1880 corpus
1125 1809 1149 1862 ἲ
1174 1823 1353 1865 nonne
1382 1818 1437 1863 ut
1459 1807 1576 1877 ipsa
1597 1807 1928 1862 dominatum
1956 1803 2168 1860 obtine-

578 1902 703 1957 ret?
752 1916 931 1957 nonne
958 1911 1013 1955 ut
1044 1901 1097 1955 in
1127 1914 1256 1969 pace
1301 1898 1529 1970 degendi
1570 1897 1891 1954 haberemus
1929 1895 2170 1953 occasio-

577 1993 746 2048 nem?
792 1990 899 2047 Cur
947 2006 1138 2047 omnes
1177 2004 1364 2046 sumus
1405 2005 1571 2045 unum
1617 1988 1856 2060 corpus?
1899 1986 2168 2059 quomodo

575 2096 755 2141 autem
799 2099 984 2140 sumus
1027 2099 1189 2140 unum
1216 2082 1458 2153 corpus?
1500 2082 1731 2153 Propter
1777 2096 1960 2152 pacem
2002 2095 2166 2135 unum

575 2192 772 2249 corpus
797 2192 1002 2244 sumus,
1033 2187 1088 2233 et
1118 2186 1408 2248 propterea
1455 2175 1600 2246 quod
1624 2190 1808 2231 sumus
1846 2188 2011 2229 unum
2046 2187 2170 2228 cor—

576 2286 682 2343 pus
706 2312 724 2340 ,
754 2272 807 2327 in
834 2286 966 2342 pace
993 2271 1220 2341 agimus.
1249 2271 1360 2325 Cur
1382 2279 1563 2325 autem
1594 2286 1699 2324 non
1726 2268 1861 2325 dixit
1883 2310 1900 2337 ,
1930 2268 2041 2324 Pax
2069 2268 2168 2324 Dei

576 2366 777 2431 vincat,
809 2364 925 2430 sed,
958 2362 1211 2430 Exsulta,
1240 2367 1353 2418 sive
1380 2363 1659 2433 prmmium
1684 2361 2009 2417 distribuat?
2036 2361 2164 2416 Eam

575 2455 755 2512 effecit
799 2455 902 2510 fide
928 2455 1227 2526 digniorem
1260 2473 1275 2509 :
1303 2468 1412 2508 nou
1457 2454 1583 2509 sivit
1611 2462 1670 2507 ut
1693 2468 1814 2508 cum
1842 2468 1908 2508 ea
1938 2453 2167 2507 luctare-

578 2556 665 2602 tur
687 2548 824 2602 mala
844 2548 1117 2618 cogitatio,
1141 2545 1235 2602 sed
1257 2555 1427 2602 staret
1449 2545 1694 2602 inferius.
1720 2546 1785 2601 Et
1804 2561 1998 2602 nomen
2028 2561 2167 2616 prm-

576 2640 668 2696 mii
699 2641 952 2696 excitavit
979 2639 1300 2695 auditorem.
1344 2638 1481 2695 Nam
1529 2639 1575 2694 si
1618 2637 1831 2694 dederit
1874 2638 2162 2709 praemium

574 2731 733 2787 bona:
761 2731 1090 2803 cogitationi,
1117 2740 1608 2801 quantumcumque
1638 2730 1748 2798 illa,
1776 2745 1972 2801 nempe
1999 2731 2160 2793 mala,

574 2826 966 2898 sitimpudeus,
995 2826 1043 2883 ei
1066 2825 1135 2881 de
1155 2834 1353 2882 caetero
1382 2824 1513 2878 nihil
1536 2824 1797 2894 proderit.
1822 2823 2034 2894 Alioqui
2063 2838 2164 2878 au-

577 2926 683 2973 tem
720 2917 897 2973 sciens
921 2917 1031 2983 illa,
1058 2916 1201 2988 quod
1228 2914 1482 2986 quidquid
1516 2915 1724 2982 fecerit,
1751 2915 2028 2986 prmium
2056 2930 2164 2971 non

579 3012 652 3064 sit
698 3020 982 3079 acceptura
1008 3048 1024 3075 ,
1054 3008 1309 3079 quidquid
1348 3008 1568 3079 spirarit
1613 3017 1666 3063 et
1693 3009 2063 3064 vehementius
2090 3008 2166 3065 ir-

575 3116 736 3157 ruere
762 3115 1010 3172 aggressa
1032 3099 1215 3169 fuerit,
1247 3110 1451 3172 utqua:
1479 3101 1741 3158 inutiliter
1761 3102 1986 3167 laboret,
2015 3101 2164 3158 desi-

576 3202 702 3250 stet.
737 3194 902 3251 Recte
941 3198 1122 3250 autem
1162 3194 1405 3262 addidit,
1455 3193 1525 3252 Et
1552 3196 1690 3267 grati
1722 3204 1898 3251 estote.
1944 3195 2057 3252 Hoc
2082 3206 2165 3252 est

575 3288 719 3344 enim
749 3302 870 3344 esse
892 3298 1127 3359 gratum,
1152 3296 1210 3344 et
1234 3286 1303 3343 ad
1333 3286 1699 3343 incutiendum
1719 3286 1982 3359 pudorem
2006 3288 2164 3343 valde

574 3380 899 3450 appositum,
943 3389 1002 3435 ut
1043 3379 1318 3434 conservis
1346 3377 1601 3434 similiter
1637 3388 1850 3447 utatur,
1883 3380 2024 3435 sicut
2046 3379 2164 3449 ipso

574 3473 740 3537 Deus,
788 3470 1009 3526 domino
1048 3470 1226 3538 cedat,
1281 3478 1500 3540 pareat,
1532 3484 1630 3541 pro
1673 3469 1925 3527 omnibus
1960 3473 2163 3542 gratias

567 3570 714 3633 agat,
744 3577 840 3617 seu
877 3561 1205 3617 contumelia
1232 3561 1478 3618 all'eccrit
1507 3562 1796 3632 quispiam,
1828 3577 1922 3618 seu
1945 3578 2162 3634 percus-

570 3654 727 3710 serit.
774 3653 875 3721 Qui
902 3654 1047 3709 enim
1082 3654 1192 3710 Deo
1221 3654 1331 3725 agit
1369 3654 1567 3724 gratias
1595 3670 1692 3725 pro
1720 3654 1787 3709 iis
1812 3669 1933 3724 qute
1975 3669 2162 3725 passus

567 3758 678 3815 cst,
710 3762 817 3802 non
835 3762 959 3803 eum
978 3746 1069 3818 qui
1098 3747 1223 3804 fecit
1247 3746 1535 3802 ulciscetur
1560 3764 1576 3800 :
1607 3761 1731 3803 nam
1759 3745 1805 3800 is
1828 3746 2046 3816 quidem
2069 3747 2160 3817 qui

570 3838 872 3906 ulciscitur,
924 3854 1030 3892 non
1072 3839 1180 3907 agit
1210 3838 1428 3909 gratias.
1458 3836 1567 3892 Sed
1595 3853 1664 3893 ne
1699 3838 1867 3893 simus
1891 3838 2029 3893 sicut
2070 3837 2162 3895 ille

567 3929 663 4001 qui
709 3940 926 3998 centum
955 3928 1201 4000 exigebat
1234 3928 1508 3992 denarios,
1558 3943 1626 3985 ne
1653 3929 1933 3984 audiamus
1956 3968 1973 3996 ,
2005 3929 2162 3985 Serve

571 4038 788 4093 nequam
814 4020 1029 4093 (lauit.
1062 4022 1149 4078 18.
1171 4021 1299 4093 32):
1328 4020 1430 4076 hoc
1451 4022 1593 4076 enim
1614 4021 1805 4092 ingrati
1830 4021 1997 4076 animi
2027 4022 2160 4076 vitio

570 4116 818 4172 nihilost
862 4116 1034 4188 pejus.
1082 4116 1266 4187 Itaque
1309 4116 1502 4187 ingrati
1529 4124 1656 4171 sunt
1682 4115 1774 4186 qui
1808 4117 2157 4172 ulciscuntur.

568 4208 681 4263 Cur
700 4216 887 4264 autem
913 4208 1058 4264 venit
1081 4207 1149 4262 ad
1167 4206 1572 4262 fornicationem
1602 4207 1828 4277 primam
1848 4207 1872 4262 ’ἒ
1892 4222 2015 4262 nam
2037 4221 2158 4263 cum

574 4298 832 4362 dixisset,
865 4297 1176 4367 Mortiﬁcate
1213 4297 1439 4353 membra
1490 4307 1655 4352 uestra
1688 4313 1805 4368 qua!
1844 4307 1961 4353 sunt
2003 4314 2162 4368 supra

575 4397 784 4454 terram,
817 4389 995 4443 statim
1023 4388 1176 4457 dicit,
1201 4387 1618 4445 Fornicationem
1636 4405 1658 4447 :
1682 4401 1738 4447 et
1765 4390 1868 4446 hoc
1888 4389 2005 4446 fere
2033 4390 2195 4452 facit.

498 4476 501 4477 ⁷
575 4479 790 4550 ubique.
818 4480 1083 4548 Quoniam
1130 4481 1235 4537 hoc
1285 4481 1471 4537 vitium
1521 4482 1755 4538 maxime
1791 4484 2098 4540 dominatur
2142 4502 2156 4540 :

574 4572 817 4627 scribens
846 4573 991 4627 enim
1036 4574 1088 4628 in
1120 4571 1353 4644 Epistula
1378 4573 1446 4629 ad
1473 4573 1984 4630 Thessalonicenses
2008 4616 2027 4641 ,
2057 4574 2160 4631 hoc

575 4661 717 4717 fecit.
750 4663 820 4718 Et
862 4662 986 4733 quid
1035 4663 1253 4732 mirum,
1276 4677 1406 4718 cum
1460 4665 1621 4720 etiam
1662 4663 1807 4719 dicat
1851 4664 2156 4734 Timotheo,

577 4752 812 4826 Teipsmn
851 4766 1045 4809 castum
1094 4755 1291 4813 custodi
1340 4756 1418 4826 (l.
1464 4754 1600 4811 Tim.
1628 4755 1685 4811 5.
1717 4754 1843 4828 22);
1884 4767 1940 4813 et
1973 4773 2159 4815 rursus

571 4847 695 4902 alibi
723 4863 739 4903 :
769 4846 956 4903 Pacem
981 4848 1236 4903 sectamini
1278 4863 1397 4902 cum
1437 4848 1670 4903 omnibus
1710 4856 1757 4902 et
1794 4850 2159 4917 sancti/iratio-

571 4956 708 5006 nem,
737 4941 847 4995 sine
872 4957 971 5011 qua
996 4941 1168 4997 nullus
1187 4941 1371 4996 videbit
1401 4938 1679 4995 Dominum
1702 4939 1887 5015 (Hebr.
1920 4944 2005 4999 12.
2039 4945 2155 5016 14).

574 5031 905 5104 Mortiﬁcate,
929 5034 1128 5105 inquit,
1148 5034 1371 5088 membra
1396 5043 1576 5089 uestra.
1602 5034 1754 5104 Quod
1781 5043 1865 5093 est
1883 5048 2154 5093 mortuum

571 5125 729 5195 quale
747 5125 818 5179 sit
849 5139 953 5179 non
984 5125 1262 5195 ignoratis,
1295 5140 1542 5192 exosum,
1572 5125 2013 5191 abominandum,
2044 5127 2152 5182 dif-

571 5218 769 5273 fluens.
809 5215 867 5272 Si
901 5216 1307 5273 mortificaveris
1333 5258 1349 5284 ,
1381 5233 1486 5273 non
1513 5226 1697 5276 manet
1733 5228 2022 5284 mortuum,
2056 5221 2150 5276 sed

570 5308 753 5363 statim
780 5308 1145 5378 corrumpitur
1168 5317 1221 5364 et
1246 5309 1429 5365 interit
1457 5310 1598 5366 sicut
1620 5326 1834 5382 corpus.
1858 5311 2155 5382 Exstiugue

572 5416 701 5472 ergo
751 5402 1016 5467 calorem,
1049 5409 1105 5457 et
1154 5401 1288 5459 nihil
1339 5413 1520 5459 manet
1563 5412 1853 5460 mortuum.
1908 5404 2155 5461 Ostendit

572 5492 745 5562 ipsum
775 5495 876 5549 hoc
902 5493 1099 5558 facere,
1119 5495 1261 5566 quod
1284 5494 1533 5553 Christus
1548 5496 1600 5553 in
1628 5498 1840 5553 lavacro
1865 5515 1879 5553 :
1901 5510 2150 5571 propter-

570 5597 635 5637 ea
677 5584 836 5639 etiam
874 5585 1113 5640 membra
1157 5595 1311 5643 vocat
1342 5604 1357 5642 :
1388 5595 1658 5660 tamquam
1693 5590 1928 5661 aliquem
1983 5591 2152 5648 virum

575 5674 765 5729 fortem
793 5675 1159 5745 introducens,
1191 5688 1247 5735 et
1263 5679 1333 5735 ad
1350 5678 1607 5751 majorem
1637 5679 1910 5741 deducens
1926 5683 2154 5754 empha-

576 5765 701 5820 sim.
732 5764 800 5820 Et
827 5775 972 5821 recte
1001 5767 1154 5837 dixit,
1184 5770 1312 5837 Qua!
1337 5783 1454 5827 sunt
1476 5790 1631 5845 super
1654 5783 1838 5830 terram
1860 5790 1880 5830 :
1901 5774 1985 5829 ltic
2005 5776 2147 5830 enim

1363 317 1420 374 S.
1456 314 1733 373 JOANNIS
1764 314 2242 375 CIIRYSOSTOMI
2278 317 2595 381 ARCHIEP.
2635 320 3148 387 CONSTANTINOP

2280 444 2519 501 manent,
2546 442 2599 490 et
2628 433 2715 491 hic
2752 437 2923 493 multo
2945 440 3112 510 magis
3145 452 3562 515 corrumpuntur
3610 455 3664 502 et
3693 446 3867 506 inter-

2276 532 2407 578 eunt
2430 565 2446 592 ,
2473 538 2633 595 quam
2681 526 2798 584 haec
2834 531 3094 587 membra.
3136 532 3496 601 Quamobrem
3525 552 3630 593 non
3662 550 3745 596 est
3773 541 3857 598 sic

2275 628 2469 687 corpus
2494 632 2525 672 a
2568 627 2748 689 terra,
2775 622 2912 678 sicut
2936 634 3213 695 peccatum
3244 638 3327 682 est
3371 637 3627 686 terrestre
3680 648 3694 686 :
3737 648 3864 688 nam

2275 720 2471 776 corpus
2518 709 2805 781 aliquando
2846 715 3061 785 quidem
3104 716 3384 788 pulchrum
3436 722 3679 777 cernitur
3721 742 3735 778 :
3769 723 3863 780 illa

2274 806 2452 853 autent
2494 815 2805 872 numquam.
2838 805 2905 859 Et
2931 807 3109 862 omnia
3152 823 3272 880 qua:
3298 820 3424 866 sunt
3468 826 3633 883 super
3658 822 3863 871 terram

2275 888 2663 959 concupiscunt
2693 889 2807 948 haec
2832 896 3094 952 membra.
3125 897 3183 954 Si
3215 901 3339 955 talis
3381 902 3451 957 sit
3490 904 3702 972 oculus,
3754 922 3863 963 non

2279 977 2426 1033 videt
2450 995 2571 1051 qua:
2590 993 2717 1039 sunt
2740 985 2794 1040 in
2816 988 2982 1053 caelis,
3002 990 3046 1044 si
3060 991 3224 1055 auris,
3253 992 3299 1047 si
3330 1009 3519 1050 manus
3535 1037 3550 1063 ,
3573 997 3616 1051 si
3634 999 3865 1068 quodvis

2276 1072 2578 1129 membrum
2628 1075 2848 1133 dixeris.
2900 1078 3101 1137 Oculus
3146 1082 3294 1140 videt
3344 1100 3594 1157 corpora,
3634 1099 3688 1144 et
3740 1092 3863 1160 pul-

2273 1163 2626 1237 chritudines,
2655 1180 2711 1226 et
2758 1171 2951 1243 figuras
2980 1173 3080 1231 has
3120 1191 3246 1248 qua:
3295 1191 3421 1235 sunt
3462 1195 3528 1236 ex
3563 1190 3741 1249 terra;
3776 1183 3864 1240 his

2273 1254 2569 1313 delectatur
2599 1276 2614 1328 ;
2647 1262 2795 1319 auris
2830 1265 2977 1319 molli
3015 1276 3199 1334 cantu,
3226 1269 3434 1325 cithara
3476 1281 3537 1327 et
3574 1272 3771 1330 fistula.
3805 1285 3864 1331 et

2276 1349 2413 1418 turpi
2441 1364 2691 1408 sermone
2724 1375 2739 1410 :
2770 1353 2888 1411 ilch
2912 1366 3091 1413 autem
3118 1368 3249 1414 sunt
3281 1360 3422 1417 circa
3449 1371 3667 1417 tenam.
3698 1364 3862 1420 Post-

2273 1455 2434 1511 quam
2483 1459 2612 1516 ergo
2664 1449 2911 1517 superius
2936 1464 3035 1506 eos
3076 1453 3356 1509 collocarit
3380 1455 3533 1524 juxta
3560 1456 3813 1513 thronum
3841 1502 3859 1527 ,

2276 1539 2398 1587 tunc
2422 1533 2572 1603 dicit,
2604 1536 2915 1609 Mortiﬁcate
2956 1545 3177 1599 membra
3208 1555 3372 1600 vestra
3400 1562 3513 1619 quas
3546 1559 3664 1603 sunt
3706 1567 3865 1621 super

2273 1630 2479 1679 terram.
2510 1625 2627 1682 Non
2659 1628 2783 1685 licet
2805 1640 2949 1687 stare
2977 1635 3223 1705 superius
3268 1652 3394 1693 cum
3433 1638 3518 1695 his
3557 1641 3816 1697 membris
3842 1660 3859 1699 :

2273 1726 2379 1769 non
2408 1724 2491 1770 est
2517 1719 2661 1774 enim
2688 1720 2798 1777 illic
2821 1723 2876 1777 in
2904 1726 3042 1795 quod
3074 1741 3137 1782 ea
3163 1731 3373 1799 operari
3400 1740 3631 1801 oportet.
3662 1732 3730 1789 Et
3756 1734 3862 1791 hoc

2273 1805 2442 1864 lutum
2469 1818 2553 1866 est
2580 1811 2675 1868 illo
2704 1814 2855 1885 pejus
2881 1835 2896 1870 :
2926 1832 3049 1874 nam
3080 1820 3211 1876 illud
3233 1823 3447 1892 quidem
3477 1825 3645 1881 lutum
3676 1826 3730 1881 fit
3765 1844 3863 1883 au-

2271 1915 2431 1969 rum;
2466 1901 2677 1973 Oportet
2718 1908 2852 1962 enim
2876 1951 2891 1974 ,
2914 1910 3130 1982 inquit,
3164 1914 3490 1984 corruptibile
3530 1918 3625 1972 hoc
3650 1919 3864 1975 induere

2272 1992 2702 2069 incorruptionem
2728 2002 2808 2071 (l.
2836 2005 2960 2058 Cor.
3002 2005 3092 2061 i5.
3124 2005 3216 2078 55)
3259 2022 3274 2061 :
3319 2008 3423 2065 hoc
3468 2019 3645 2084 autem
3686 2012 3858 2068 lutum

2270 2101 2377 2142 non
2404 2097 2581 2158 potest
2607 2106 2794 2148 rursus
2812 2093 2963 2150 fundi
2984 2107 3039 2152 et
3062 2098 3304 2154 conﬂari.
3337 2102 3697 2169 Quamobrem
3738 2107 3858 2162 haec

2271 2179 2441 2250 magis
2482 2192 2613 2236 sunt
2640 2198 2801 2253 supra
2831 2195 3026 2241 terram
3049 2229 3064 2255 ,
3091 2202 3250 2260 quam
3279 2191 3389 2246 illa.
3426 2193 3717 2265 Propterea
3750 2214 3861 2252 nun

2271 2269 2401 2325 dixit
2427 2309 2445 2338 ,
2470 2272 2601 2338 Quae
2629 2283 2757 2330 sunt
2783 2290 2815 2332 e
2845 2286 3008 2344 terra,
3056 2280 3153 2336 sed
3174 2322 3189 2348 ,
3244 2281 3375 2349 Quae
3419 2300 3577 2355 supra
3621 2296 3808 2341 terram
3842 2305 3863 2342 :

2271 2360 2383 2416 fieri
2427 2363 2571 2418 enim
2600 2373 2776 2434 potest
2804 2376 2864 2423 ut
2901 2369 3018 2425 haec
3046 2387 3149 2427 nou
3195 2373 3302 2428 sint
3329 2389 3360 2430 e
3385 2383 3549 2432 terra.
3579 2376 3711 2433 Nam
3744 2378 3863 2435 ha:c

2268 2452 2484 2521 quidem
2503 2469 2727 2512 necesse
2745 2468 2827 2513 est
2853 2473 2977 2516 esse
2999 2477 3161 2532 super
3178 2476 3410 2529 terram;
3443 2467 3527 2522 illa
3550 2477 3728 2525 autem
3757 2486 3859 2526 ne-

2268 2558 2532 2615 quaquam
2558 2557 2646 2603 est
2674 2565 2916 2607 necesse.
2956 2553 3088 2609 Nam
3120 2558 3266 2613 auris
3308 2559 3525 2629 quidem
3555 2576 3677 2616 cum
3726 2564 3859 2619 nihil

2268 2635 2417 2690 audit
2440 2653 2508 2693 ex
2538 2638 2604 2695 iis
2629 2656 2749 2712 quas
2779 2643 2865 2699 hic
2886 2644 3158 2715 dicuntur,
3190 2649 3284 2705 sed
3315 2665 3383 2706 ex
3412 2653 3477 2708 iis
3500 2669 3622 2724 quae
3650 2668 3775 2711 sunt
3806 2658 3858 2713 in

2267 2728 2450 2797 caelis;
2477 2734 2691 2801 quando
2710 2736 2899 2794 oculus
2924 2739 3059 2795 nihil
3088 2742 3231 2798 videt
3255 2757 3324 2798 ex
3352 2745 3421 2799 iis
3447 2760 3567 2815 quae
3593 2758 3717 2802 sunt
3747 2749 3858 2819 hic,

2268 2821 2362 2876 sed
2392 2835 2512 2894 qua:
2540 2842 2723 2898 supra,
2746 2846 2854 2885 non
2871 2840 2955 2886 est
2978 2847 3141 2903 super
3162 2844 3356 2891 terram
3375 2852 3390 2903 ;
3409 2839 3621 2908 quando
3645 2855 3705 2896 os
3723 2843 3862 2898 nihil

2268 2912 2506 2984 loquitur
2530 2933 2595 2973 ex
2627 2920 2694 2977 iis
2736 2937 2856 2992 quae
2885 2924 2972 2980 hic
3000 2934 3146 2995 sunt,
3181 2943 3286 2983 non
3313 2942 3394 2984 est
3422 2945 3588 3001 super
3620 2944 3856 2990 terram:

2267 3010 2483 3080 quando
2509 3028 2697 3069 manus
2722 3015 2853 3071 nihil
2879 3017 3065 3073 fecerit
3090 3035 3155 3075 ex
3186 3021 3251 3076 iis
3271 3038 3390 3093 qua:
3406 3033 3532 3079 sunt
3556 3026 3716 3093 mala,
3748 3043 3859 3082 non

2267 3110 2352 3159 est
2373 3117 2439 3157 ex
2471 3102 2536 3159 iis
2561 3119 2681 3175 qua:
2708 3116 2834 3162 sunt
2853 3121 3015 3180 supra
3040 3118 3264 3181 terram,
3295 3113 3390 3169 sed
3416 3116 3571 3189 exiis
3591 3132 3712 3189 qua:
3732 3128 3864 3175 sunt

2265 3190 2319 3246 in
2351 3194 2515 3250 caelis.

2338 3287 2394 3341 4.
2422 3287 2536 3343 Hoc
2558 3288 2722 3344 etiam
2747 3290 2879 3348 dicit
2921 3290 3168 3350 Christus
3197 3311 3213 3350 ε
3248 3296 3311 3352 Si
3330 3299 3507 3354 oculus
3541 3310 3654 3355 tuus
3682 3301 3863 3359 (leader

2266 3387 2316 3433 te
2350 3381 2681 3450 scandaliset,
2724 3383 2779 3439 id
2815 3394 2921 3454 est,
2967 3386 3014 3442 si
3057 3390 3253 3460 aspicis
3296 3391 3588 3462 impudice,
3620 3397 3862 3453 exscinde

2264 3489 2381 3528 eum
2414 3474 2626 3544 (ﬂaua.
2680 3478 2735 3534 ὃ.
2762 3478 2898 3550 29);
2933 3479 3037 3536 hoc
3076 3495 3177 3549 est,
3210 3485 3406 3541 malam
3447 3488 3856 3559 cogitationem.

2267 3563 2395 3620 Mihi
2420 3574 2601 3623 autem
2630 3568 2844 3625 videtur
2878 3571 3307 3643 fornicationem,
3336 3576 3754 3645 immunditiam,
3791 3582 3860 3636 li-

2267 3656 2538 3727 bidinem,
2599 3663 3116 3732 concupiscentiam,
3173 3666 3480 3737 significare
3534 3669 3858 3729 fornicatio-

2267 3763 2412 3816 nem,
2444 3765 2539 3821 per
2586 3750 2701 3807 haec
2749 3755 2926 3809 omnia
2968 3770 3068 3811 nos
3115 3757 3184 3812 ab
3224 3773 3290 3813 ea
3335 3774 3397 3815 re
3447 3760 3741 3819 abduccns.
3797 3765 3859 3822 ιιι

2265 3842 2409 3898 enim
2436 3853 2521 3898 est
2544 3858 2736 3901 revera
2774 3847 2939 3902 animi
2980 3851 3238 3915 marinis;
3279 3863 3335 3905 et
3361 3853 3499 3907 sicut
3528 3869 3723 3926 corpus
3755 3872 3857 3927 pa-

2268 3933 2434 4002 titur,
2490 3944 2583 3990 aut
2637 3936 2767 3992 febri
2820 3938 3066 4005 laborat,
3095 3950 3190 3995 aut
3243 3943 3556 4000 vulneratur
3597 3964 3612 4001 :
3647 3948 3718 4003 ita
3767 3948 3861 4006 hic

2266 4039 2480 4096 quoque
2500 4026 2741 4084 affectus.
2764 4029 2836 4085 Et
2856 4047 2962 4086 non
2986 4031 3139 4099 dixit,
3170 4033 3486 4105 chrimite,
3514 4038 3632 4103 sed,
3664 4038 3859 4094 Morti-

2267 4116 2435 4185 ﬁcate,
2462 4129 2519 4173 ut
2542 4119 2610 4175 de
2634 4129 2834 4177 autem
2856 4137 2964 4177 non
2991 4125 3159 4193 possit
3197 4140 3480 4197 resurgere
3501 4169 3517 4194 ,
3541 4138 3597 4184 et
3621 4128 3858 4189 auferte.

2266 4208 2530 4265 Mortuum
2552 4211 2879 4268 auferimus:
2911 4215 3076 4281 velut,
3119 4216 3166 4272 si
3191 4218 3314 4272 calli
3350 4220 3463 4274 sint
3502 4222 3814 4293 incorpore
3842 4268 3858 4290 ,

2266 4315 2463 4372 corpus
2489 4311 2574 4359 est
2599 4315 2888 4372 mortuum,
2917 4319 2973 4363 et
2994 4308 3045 4364 id
3070 4309 3387 4367 auferimus.
3434 4312 3541 4369 Sed
3584 4316 3628 4369 si
3673 4318 3860 4373 vivum

2267 4396 2502 4451 secueris
2525 4436 2541 4460 ,
2566 4395 2720 4452 affert
2743 4398 2984 4454 dolorem
3011 4417 3026 4466 ;
3059 4401 3141 4455 sin
3168 4412 3346 4458 autem
3375 4415 3549 4461 morte
3575 4406 3858 4479 affectum,

2268 4500 2335 4539 ne
2355 4487 2617 4542 sentimus
2644 4489 2880 4558 quidem.
2908 4491 2986 4546 lt'a
3029 4494 3191 4548 etiam
3221 4495 3272 4549 in
3301 4497 3463 4551 animi
3487 4497 3765 4556 affectibus
3797 4513 3868 4559 et

2268 4576 2470 4630 morbis
2495 4592 2510 4643 ;
2538 4593 2599 4633 ea
2631 4580 2861 4635 animam
2888 4580 3129 4639 efficiunt
3166 4586 3463 4655 patibilem.
3490 4604 3610 4660 qua:
3641 4599 3726 4645 est
3751 4593 3858 4647 im-

2266 4667 2530 4722 mortalis.
2562 4668 2846 4736 Quomodo
2889 4672 3193 4730 idololatria
3219 4677 3362 4733 dicta
3392 4678 3462 4734 sit
3491 4681 3714 4736 avaritia
3745 4697 3863 4737 sa:-

2267 4760 2386 4831 pius
2410 4761 2663 4819 diximus.
2690 4764 2820 4831 Qum
2850 4767 2992 4821 enim
3015 4768 3067 4822 in
3096 4768 3387 4826 humanum
3415 4787 3581 4844 genus
3611 4779 3868 4845 tyranni-

2266 4851 2389 4908 dem
2418 4853 2656 4908 maxime
2681 4865 2934 4912 exercent
2959 4899 2973 4922 ,
3003 4858 3116 4913 hac
3140 4871 3287 4929 sunt,
3320 4865 3540 4920 avaritia
3574 4880 3630 4921 et
3655 4866 3873 4924 intem-

2266 4947 2506 5027 perantia
2526 4955 2581 5003 et
2602 4951 3031 5020 concupiscentia
3058 4953 3223 5008 maia.
3251 4953 3471 5027 Propter
3485 4973 3597 5027 qua:
3620 4962 3750 5014 venit
3776 4961 3874 5017 ira

2268 5034 2364 5091 Dei
2378 5053 2531 5109 super
2544 5040 2681 5108 ﬁlios
2702 5041 3067 5097 inobedt'eutia.
3090 5042 3262 5103 Filios
3283 5048 3421 5103 dicit
3449 5050 3864 5122 inobedientiac,

2264 5145 2361 5186 eos
2387 5134 2605 5203 privatis
2631 5136 2806 5197 vettia,
2830 5147 2887 5191 et
2912 5138 3202 5194 ostendens
3228 5155 3322 5195 eos
3350 5142 3401 5195 iu
3430 5143 3513 5199 his
3533 5160 3674 5212 esse,
3708 5152 3869 5217 quod

2266 5238 2373 5280 non
2403 5227 2697 5295 paruerint.
2725 5224 2793 5282 lu
2814 5230 3014 5296 quibus,
3040 5230 3228 5302 inquit.
3253 5242 3299 5286 el
3320 5249 3404 5289 nos
3425 5235 3722 5290 ambulastis
3750 5241 3869 5293 ali-

2263 5316 2489 5386 quando,
2515 5326 2568 5372 et
2591 5320 2823 5387 persuasi
2849 5322 2989 5374 estis.
3020 5321 3268 5380 Ostendit
3307 5340 3401 5379 eos
3428 5326 3605 5382 adhuc
3631 5342 3753 5384 esse
3800 5331 3868 5387 in

2263 5408 2328 5464 iis
2352 5448 2370 5475 ,
2395 5417 2450 5465 et
2475 5409 2657 5465 laudat
2678 5449 2694 5475 ,
2722 5410 2909 5467 dicens
2939 5429 2953 5466 :
2986 5411 3141 5467 Nunc
3184 5426 3354 5471 autem
3388 5417 3641 5488 deponitis
3665 5430 3714 5473 et
3762 5435 3865 5477 vos

2263 5502 2456 5569 omnia,
2485 5502 2638 5570 iram,
2664 5503 3065 5575 indignationem
3087 5547 3102 5570 ,
3134 5509 3406 5575 malitiam,
3437 5510 3809 5582 blasphemiam
3839 5558 3859 5582 ,

2261 5603 2459 5664 turpem
2484 5609 2784 5648 seminum.
2812 5592 2929 5651 Non
2952 5603 3019 5651 ad
3045 5597 3192 5668 ilics,
3220 5599 3318 5655 sed
3345 5602 3646 5658 orationem
3674 5601 3861 5660 dedu—

2261 5684 2338 5742 cit
2361 5682 2431 5739 ad
2468 5682 2608 5739 alios
2626 5723 2648 5752 ,
2677 5700 2746 5740 ac
2769 5683 2952 5742 feriat.
2987 5687 3356 5762 Blasphemias
3384 5692 3517 5750 dicit
3560 5694 3857 5753 maledicta

2263 5787 2318 5833 et
2344 5776 2620 5847 conwcia;
2650 5777 2788 5835 sicut
2828 5780 2961 5838 iram
3005 5783 3135 5841 dicit
3177 5786 3454 5843 malitiam.
3499 5789 3639 5846 Alibi
3667 5802 3863 5850 autem
