4140 6554
486 339 590 396 357

491 450 871 523 βλασφημίαν,
918 447 1045 512 τοὺς
1092 445 1443 517 ὀφθαλμοὺς,
1493 439 1593 513 τὴν
1651 438 1928 511 πορνείαν,
1965 436 2067 510 τήν

488 539 825 605 πλεονεξίαν,
852 539 1039 609 χεῖρας
1088 534 1181 588 καὶ
1231 531 1419 594 πόδας,
1446 527 1663 599 ψεῦδος,
1700 525 1799 598 τὴν
1831 524 2070 580 διάνοιαν

489 629 683 699 αὐτὴν,
715 628 810 681 καὶ
835 624 927 678 τὸν
954 623 1079 677 νοῦν
1107 620 1199 674 τὸν
1230 618 1479 673 παλαιόν.
1519 616 1666 670 Μίαν
1702 613 1816 685 εχει
1858 610 2072 699 μορφήν

492 697 774 788 βασιλικὴν
817 711 916 783 τὴν
965 708 1058 762 τοῦ
1104 705 1365 781 Χριστοῦ.
1417 700 1644 757 Δοκοῦσί
1679 717 1770 773 μοι
1803 700 1862 766 ἐξ
1901 697 2072 788 ἐθνῶν

490 785 629 857 εἶναι
658 800 859 872 μᾶλλον
884 792 1049 861 οῦτοι,
1068 796 1205 868 πρὸς
1221 794 1316 858 οὒς
1347 792 1442 847 καὶ
1470 790 1837 850 ἀποτείνεται,
1859 785 2075 849 δεικνὺς

491 890 573 942 ὃτι
610 887 739 958 μίαν
772 885 884 956 ἔχει
920 883 1132 955 μορφὴν
1168 881 1454 954 βασιλικὴν
1486 878 1554 931 τά
1594 876 1750 948 μέλη,
1777 875 1881 929 κᾶν
1903 875 1933 928 ό
1976 872 2075 946 μὲν

495 969 778 1050 μείζων
808 976 836 1027 ό
864 972 919 1026 δέ
963 972 1219 1026 ἐλάττων.
1249 968 1516 1039 Καθάπερ
1540 964 1650 1040 γάρ
1682 966 1717 1036 ή
1749 963 1820 1034 γῆ
1849 961 2075 1050 ψάμμος

492 1059 625 1116 οὖσα
656 1063 754 1133 τὴν
776 1061 985 1114 οίκείαν
1006 1058 1283 1112 ἀπολλῦσα
1304 1055 1568 1126 πρότερον
1590 1052 1823 1124 μορφὴν,
1853 1049 2076 1133 ὕστερον

492 1152 669 1222 χρυσῆ
713 1131 956 1219 γίνεται·
1018 1148 1113 1201 καὶ
1169 1146 1421 1215 καθάπερ
1463 1143 1534 1198 τὰ
1588 1141 1731 1213 ἔρια,
1781 1133 1870 1191 οἷα
1916 1137 1984 1192 ἂν
2015 1131 2073 1211 ᾖν

495 1240 684 1308 ἐτέραν
702 1238 912 1309 δέχεται
937 1234 1079 1305 ὄψιν,
1100 1231 1253 1307 [586]
1281 1232 1376 1285 καὶ
1392 1229 1489 1300 τὴν
1511 1228 1785 1301 προτέραν
1809 1223 2073 1296 ἔκρυψεν·

494 1325 637 1378 οὕτω
657 1324 721 1394 δὴ
744 1322 886 1375 καὶὸ
905 1322 1113 1385 πιστός.
1150 1320 1541 1388 Ἀνεχόμενοι,
1564 1316 1748 1387 φησὶν,
1764 1312 2075 1382 ἀλλήλων.

499 1411 709 1477 Ἐδειξε
759 1410 818 1463 τὺ
861 1408 1101 1463 δίκαιον·
1128 1406 1320 1476 ἀνέχου
1360 1405 1424 1458 σὺ
1463 1404 1693 1467 ἐκείνου,
1726 1401 1823 1455 καὶ
1873 1398 2079 1462 ἐκεῖνός

499 1515 620 1553 σου·
655 1499 791 1568 ὅπερ
822 1497 881 1549 ἐν
907 1498 973 1567 τῇ
1007 1494 1143 1566 πρὸς
1165 1492 1411 1556 Γαλάτας
1438 1490 1626 1561 φησὶν,
1668 1486 1976 1554 Ἀλλήλων
2009 1484 2080 1540 τὰ

490 1585 653 1655 ,βάρη
680 1582 1029 1651 βαστάζετε.
1069 1581 1178 1637 Καὶ
1216 1578 1585 1649 εὐχάριστοι,
1625 1576 1776 1647 φησὶ,
1816 1575 2076 1645 γίνεσθε.

498 1674 747 1728 Μάλιστα
787 1671 888 1743 μὲν
932 1668 1211 1739 πανταχοῦ
1245 1668 1405 1721 τοῦτο
1449 1664 1637 1736 ζητεῖ·
1681 1662 1743 1716 τὸ
1786 1660 2081 1731 κεφάλαιον

496 1762 605 1816 τῶν
633 1759 852 1830 ἀγαθῶν
884 1758 994 1831 7&9
1020 1756 1178 1811 τοῦτό
1206 1758 1373 1810 ἐστιν.

573 1941 634 1988 ε’.
657 1931 1083 2005 Εὑχαριστῶμεν
1109 1929 1288 1984 τοίνυν
1303 1930 1360 1982 ἐν
1385 1928 1571 1993 πᾶσιν,
1589 1927 1722 1998 ὅπερ
1748 1925 1815 1979 ἂν
1834 1924 2079 1995 γένηται·

499 2023 657 2078 τοῦτο
679 2022 786 2094 7&9
833 2018 1174 2093 εὐχαριστία.
1208 2018 1282 2072 Τὸ
1313 2016 1413 2088 μὲν
1464 2015 1574 2087 7&9
1607 2016 1666 2068 ἐν
1698 2015 1771 2084 τῇ
1806 2012 2084 2085 εὐπραγίᾳ

500 2110 660 2166 τοῦτο
687 2112 881 2175 ποιεῖν,
912 2109 972 2161 οὐ
1009 2108 1184 2179 μέγα·
1228 2105 1367 2176 αὐτὴ
1404 2103 1513 2174 γάρ
1541 2102 1649 2156 τῶν
1680 2101 2022 2172 πραγμάτων
2047 2103 2082 2172 ή

504 2200 666 2271 φύσις
697 2196 969 2251 ἐπὶτοῦτο
996 2194 1154 2249 ὠθεῖ·
1182 2195 1312 2247 ὅταν
1340 2191 1398 2246 δέ
1437 2192 1494 2244 ὲν
1529 2192 1638 2251 τοῖς
1662 2188 1909 2259 ἐσχάτοις
1936 2189 2086 2251 ὄντες

504 2285 939 2358 εὐχαριστῶμεν,
971 2282 1093 2336 τότε
1132 2281 1250 2333 ἐστὶ
1282 2278 1617 2349 θαυμαστόν.
1656 2279 1825 2332 Ὀταν
1860 2276 1968 2347 7&9
2000 2274 2084 2343 ἐφ’

505 2371 587 2439 οἷς
618 2375 794 2444 ἕτεροι
846 2368 1228 2441 βλασφημοῦσι
1265 2368 1358 2421 καὶ⁵
1408 2364 1895 2429 ἀποδυσπετοῦσιν,
1926 2365 2086 2436 ἡμεῖς

451 2520 456 2525 ,
507 2458 939 2531 εὖχαριστῶμεν,
965 2457 1067 2529 ὅρα
1121 2456 1263 2526 πόση
1314 2456 1348 2526 ή
1377 2452 1687 2524 φιλοσοφία.
1716 2453 1961 2522 Πρῶτον,
1995 2451 2088 2505 τὸν

505 2548 638 2601 Θεὸν
663 2545 974 2619 ηὔφρανας·
1000 2542 1277 2615 δεύτερον.
1306 2542 1396 2595 τὸν
1423 2541 1669 2595 διάὁολον
1705 2539 2050 2612 κατῄσχυνας
2068 2555 2083 2571 ⁸

504 2635 709 2707 τρίτον,
733 2634 829 2687 καὶ
866 2631 929 2686 τδ
953 2632 1245 2701 γενόμενον
1280 2628 1433 2683 οὐδὲν
1456 2629 1743 2699 ἀπέφηνας
1761 2645 1772 2657 ·
1802 2626 1936 2699 ὁμοῦ
1977 2627 2085 2699 7&9

509 2716 572 2780 σύ
600 2742 659 2779 τε
684 2724 1046 2795 εὐχαριστεῖς,
1088 2721 1181 2775 καὶ
1212 2722 1240 2774 ό
1271 2718 1403 2781 Θεὸς
1434 2718 1533 2790 τὴν
1561 2717 1757 2789 ὀδύνην
1790 2717 2090 2788 ὑποτέμνε-

504 2832 618 2879 ται,
668 2814 764 2866 καὶ
791 2812 821 2864 ό
868 2809 1112 2873 διάδολος
1142 2808 1458 2879 ἀφίσταται.
1507 2808 1605 2862 Ἂν
1639 2807 1740 2880 μὲν
1781 2807 1891 2878 γάρ
1951 2807 2088 2861 ἀπο-

506 2900 873 2970 δυσπετήσῃς,
899 2897 993 2953 ἀτε
1017 2896 1221 2960 ἀνύσας
1241 2896 1378 2967 ὅπερ
1393 2895 1606 2967 ἢθελεν,
1629 2895 1923 2967 ἐφέστηκε,
1947 2895 2040 2948 καὶ
2062 2895 2090 2949 ό

506 2988 638 3051 θεὸς
681 2987 776 3041 an
811 2985 1242 3056 βλασφημηθεὶς,
1277 2983 1775 3055 ἐγκαταλιμπάνει,
1824 2982 1919 3036 καὶ
1967 2984 2089 3035 ἐπι-

506 3078 743 3130 τείνεται
787 3075 849 3130 τὸ
881 3075 1084 3129 δεινόν·
1115 3074 1211 3128 ἐὰν
1236 3075 1294 3129 δὲ
1332 3074 1753 3146 εὑχαριστήσῃς.
1790 3072 1887 3126 ἅτε
1925 3072 2091 3143 μηδὲν

506 3163 750 3233 ὠφελῶν,
771 3162 1085 3233 ἀφίσταται,
1116 3162 1212 3217 καὶ
1226 3164 1255 3215 ό
1271 3161 1403 3225 Θεὸς
1422 3162 1517 3215 ἀτε
1543 3161 1818 3232 τιμηθεὶς,
1834 3160 2090 3230 ἀντιτιμᾷ

511 3250 801 3323 μειζόνως·
844 3251 939 3304 καὶ
983 3251 1084 3304 οὐκ
1127 3248 1273 3302 ἔστιν
1321 3249 1609 3316 ἄνθρωπον
1661 3248 2091 3320 εὐχαριστοῦντα

507 3340 600 3392 ἐπὶ
627 3340 739 3402 τοῖς
783 3338 973 3400 κακοῖς
1019 3336 1300 3389 αἰσθέσθαι
1353 3335 1460 3389 τῶν
1513 3333 1721 3389 κακῶν.
1751 3335 1945 3406 Χαίρει
1982 3334 2092 3406 γάρ

506 3430 540 3498 ἡ
585 3425 732 3497 ψυχὴ
777 3426 872 3480 am
921 3421 1305 3495 κατορθοῦσα,
1345 3421 1549 3486 εὐθέως
1600 3421 1822 3493 φαιδρὸν
1876 3421 1989 3493 ἔχει
2032 3421 2094 3475 τὸ

511 3514 769 3577 συνειδὸς,
793 3512 1053 3581 γάννυται
1081 3512 1193 3573 τοῖς
1215 3509 1511 3580 ἐγκωμίοις
1534 3511 1647 3572 τοῖς
1672 3508 1897 3580 ἑαυτῆς·
1916 3508 2015 3580 τὴν
2035 3508 2092 3562 δέ

510 3601 740 3673 φαιδρὰν
768 3600 867 3654 οὐκ
899 3599 979 3652 ἐνι
1009 3597 1341 3671 σκυθρωπὴν
1370 3593 1531 3652 εῖναι.
1573 3598 1724 3653 Ἐκεῖ
1752 3597 1810 3650 δέ
1834 3596 1971 3667 μετά
1994 3597 2092 3668 τῆς

434 3680 439 3687 ’
512 3689 798 3761 συμφορᾶς
853 3688 948 3741 καὶ
980 3686 1042 3739 τὸ
1088 3685 1326 3750 συνειδὸς
1376 3685 1650 3739 ἐπίκειται
1687 3685 1976 3756 μαστίζον·
2010 3686 2095 3738 ἐν·

510 3775 688 3830 ταῦθα
712 3775 769 3828 δέ
798 3776 1055 3843 στεφανοῖ
1078 3774 1171 3827 καὶ
1202 3773 1589 3844 ἀνακηρύττει.
1607 3772 1772 3825 Ούδέν
1795 3772 1894 3843 τῆς
1917 3770 2091 3841 γλῶτ-

509 3881 611 3934 της
632 3861 845 3931 ἐκείνης
873 3860 1167 3931 ἀγιώτερον
1192 3860 1292 3931 τῆς
1318 3862 1376 3915 ἐν
1398 3862 1507 3924 τοῖς
1530 3861 1717 3922 κακοῖς
1746 3859 2096 3931 εὐχαριστού-

516 3966 615 4020 σης
635 3948 714 4019 τῷ
742 3947 889 4018 Θεῷ·
912 3947 1079 4011 ὅντως
1108 3947 1206 4017 τῆς
1224 3947 1333 3999 τῶν
1366 3946 1661 4018 μαρτύρων
1695 3945 1846 3999 οὐδὲν
1870 3945 2090 4000 ἀποδεῖ·

511 4034 713 4107 ὁμοίως
761 4034 855 4088 καὶ
882 4033 1043 4104 αῦτη,
1093 4034 1345 4097 κάκεῖνος
1376 4045 1401 4073 ι
1436 4031 1814 4103 στεφανοῦται.
1841 4034 1950 4086 Καὶ
1986 4036 2095 4106 γάρ

514 4122 812 4195 καὶταύτῃ
848 4122 1118 4192 ἐφέστηκε
1150 4120 1344 4193 δήμιος
1387 4119 1712 4188 ἀναγκάζων
1757 4118 2095 4190 ἀρνήσασθαι

513 4211 606 4265 τὸν
634 4210 763 4265 Θεὸν
791 4209 883 4264 διὰ
926 4209 1025 4281 τῆς
1071 4208 1437 4279 βλασφημίας,
1470 4207 1771 4277 ἐφέστηκεν
1796 4209 1824 4261 ό
1852 4207 2096 4272 διάϐολος

512 4298 724 4370 δημίο.ς
755 4298 1033 4368 λογισμοῖς
1064 4295 1426 4362 καταξαίνων,
1452 4294 1713 4366 ἀθυμίαις
1746 4295 1971 4350 σκοτῶν.
1999 4297 2094 4349 Ἂν

513 4386 693 4442 τοίνυν
724 4385 924 4458 ἐνέγκῃ
955 4385 1054 4449 τας
1094 4384 1393 4455 ἀλγηδόνας
1434 4400 1539 4450 τις,
1569 4384 1666 4437 καὶ
1700 4384 2093 4458 εὐχαριστήσῃν

519 4472 820 4545 μαρτυρίου
868 4472 1129 4541 στέφανον
1179 4471 1390 4542 ἔλαχεν.
1420 4467 1567 4534 Οἷον,
1599 4472 1658 4526 τὸ
1688 4471 1904 4525 παιδίον
1930 4474 2094 4538 νοσεῖ,

517 4561 612 4615 καὶ
656 4559 967 4631 εὐχαριστεῖ
1020 4557 1099 4629 τῷ
1133 4557 1279 4629 Θεῷ·
1313 4559 1472 4613 τοῦτο
1501 4560 1636 4632 αὐτῇ
1674 4561 1957 4629 στέφανος.
1991 4559 2096 4613 Πό-

520 4665 620 4719 σης
656 4646 888 4718 βασάνου
928 4646 989 4699 ού
1017 4646 1221 4717 χείρων
1253 4647 1286 4717 η
1312 4646 1555 4717 ἀθυμίας
1582 4646 1699 4701 ἀλλ’
1725 4646 1826 4700 οὐκ
1857 4646 2099 4715 ἀναγκά-

516 4735 600 4800 ζει
624 4736 776 4807 ῥῆμα
804 4733 1053 4789 ἐκϐαλεῖν
1078 4734 1293 4807 πικρόν.
1326 4734 1712 4806 Ἀποθνήσκει·
1733 4733 1895 4788 πάλιν
1926 4734 2092 4806 ηὐχα-

518 4823 773 4897 ρίστησε;
811 4824 1006 4893 Γέγονε
1041 4822 1289 4895 θυγάτηρ
1344 4824 1439 4878 τοῦ
1477 4822 1746 4895 Ἀϐραάμ.
1781 4822 1842 4877 Et
1878 4822 1987 4894 7&9
2021 4822 2096 4895 μὴ

514 4916 583 4982 τῇ
614 4912 720 4984 ίδίᾳ
753 4911 954 4980 ἔσφαξε
1004 4910 1170 4984 χειρὶ,
1202 4911 1315 4965 ἀλλ’
1343 4913 1434 4966 ἐπὶ
1465 4914 1529 4982 τῇ
1576 4910 1737 4982 θυσία
1764 4911 1927 4983 ἥσθη,
1961 4912 2097 4983 ὅπερ

520 5001 633 5053 ἴσον
677 5000 824 5053 ἐστίν
845 5015 859 5030 ·
895 4999 956 5052 οὐ
1003 4999 1113 5070 7&9
1156 5001 1505 5070 ἠγανάκτησε
1556 4999 1967 5072 λαμϐανομένου
2002 4999 2096 5053 τοῦ

515 5089 710 5160 δώρου.
775 5088 943 5144 Πάλιν
998 5090 1286 5161 ἐνόσησεν·
1348 5089 1449 5144 οὐκ
1499 5091 1726 5159 ἐποίησε
1785 5090 2094 5161 περίαπτα;

516 5174 837 5247 Μαρτύριον
893 5176 1031 5248 αὐτῇ
1060 5176 1367 5244 λογίζεται·
1402 5175 1666 5230 κατέθυσε
1698 5175 1809 5246 7&9
1855 5175 1946 5229 τὸν
1985 5175 2098 5229 υἱὸν

515 5264 583 5332 τῇ
610 5260 822 5334 γνώμῃ.
855 5263 921 5316 Τί
953 5263 1082 5335 γάρ,
1116 5264 1166 5315 εί
1196 5264 1290 5317 καὶ
1322 5263 1488 5335 μηδὲν
1523 5263 1723 5334 ὠφελεῖ
1758 5266 1960 5328 ἐκεῖνα,
1982 5262 2097 5316 ἀλλ’

517 5350 729 5421 ἀπάτης
763 5352 880 5405 ἐστὶ
903 5351 999 5406 καὶ
1022 5350 1248 5422 χλεύης;
1271 5351 1387 5406 ἀλλ’
1412 5352 1559 5422 ὅμως
1581 5347 1721 5424 ἦσαν
1750 5352 1798 5404 οί
1823 5349 2098 5414 πείθοντες

517 5437 602 5489 ὃτι
645 5435 879 5502 ὠφελεῖ·
920 5437 1018 5492 καὶ⁷
1071 5438 1246 5491 εἵλετο
1303 5438 1505 5510 μᾶλλον
1542 5439 1735 5510 νεκρὸν
1786 5437 1845 5492 τὸ
1892 5439 2098 5493 παιδίον

524 5522 674 5586 ίδείν,
700 5523 733 5595 ἢ
763 5524 1203 5595 είδωλολατρείας
1227 5525 1578 5598 ἀνασχέσθαι.
1607 5525 1816 5596 ’Ὠσπερ
1840 5521 1930 5580 οὖν
1959 5525 2098 5597 αῦτη

526 5608 755 5680 μάρτυς,
774 5611 839 5667 ἀν
865 5629 924 5666 τε
953 5613 1036 5680 ἐφ’
1065 5613 1284 5684 ἑαυτῆς,
1302 5614 1367 5669 ἄν
1390 5631 1449 5669 τε
1477 5614 1572 5668 ἐπὶ
1596 5612 1690 5668 τοῦ
1722 5613 1909 5679 παιδὸς
1935 5617 2098 5685 ἐργάο

585 5782 605 5808 ⁸
634 5787 919 5852 Legendum
944 5795 1155 5852 videtur.
1177 5798 1257 5846 καὶ
1281 5799 1400 5858 αὕτη
1428 5799 1638 5857 κάκείνη.

1173 327 1231 385 S.
1271 323 1557 383 JOANNIS
1593 318 2094 381 οιιιιινδοετοδιι
2128 317 2451 375 ARCHIEP.
2490 317 3042 376 CONSTANTINOP.

2176 436 2334 508 ζηται
2366 435 2543 501 τοῦτο,
2566 435 2633 490 ἀν
2659 452 2720 490 τε
2734 435 2827 489 ἐπὶ
2850 434 2943 489 τοῦ
2975 430 3188 505 ἀνδρὸς,
3213 430 3248 503 ἢ
3272 429 3460 503 ἐτέρου
3480 431 3627 495 τινὸς
3646 431 3760 485 τῶν

2175 525 2447 594 φιλτάτων
2469 540 2485 554 ·
2518 523 2691 587 οὕτως
2725 525 2760 594 ή
2787 523 2948 595 έτέρα
2989 519 3384 589 είδωλολάτρις.
3441 518 3612 590 Δῆλον
3648 518 3761 590 7&9

2175 614 2257 667 ὅτι
2283 612 2474 666 ἔθυσεν
2502 610 2591 676 ἀν,
2652 612 2700 664 εί
2727 606 2797 683 ἢν
2816 609 2977 666 θῦσαι
2997 626 3013 642 ·
3043 608 3243 681 μᾶλλον
3274 606 3333 661 δὲ
3380 605 3480 679 ήδη
3530 606 3759 677 ἐποίησε

2180 698 2329 772 I587]
2368 700 2431 752 τὸ
2462 697 2563 769 τῆς
2597 697 2809 761 θυσίας.
2852 698 2934 751 Τά
2972 696 3081 768 γὰρ
3112 696 3411 768 περίαπτα,
3444 691 3550 747 κᾶν
3588 692 3763 764 μυρία

2180 788 2544 856 φιλοσοφῶσιν
2566 788 2618 841 οί
2651 789 2715 841 ἐκ
2736 785 2942 841 τούτων
2984 785 3467 858 χρηματιζόμενοι,
3507 781 3760 851 λέγοντες,

2178 878 2263 932 ὅτι
2301 875 2393 931 τὸν
2425 874 2557 929 Θεὸν
2594 873 2888 944 καλοῦμεν,
2938 874 3033 928 καὶ
3071 873 3225 927 ούδέν
3266 870 3430 925 πλέον
3471 867 3760 938 ποιοῦμεν,

2180 964 2275 1017 καὶ
2300 963 2402 1017 ὅσα
2429 961 2675 1030 τοιαῦτα,
2725 964 2820 1016 καὶ
2869 962 3167 1033 Χριστιανή
3217 962 3366 1014 ἐστιν
3394 960 3429 1030 ἠ
3464 956 3639 1030 γραῦς
3666 955 3764 1009 καὶ

2182 1050 2370 1122 πιστὴ,
2412 1049 2824 1122 είδωλολατρεία
2860 1049 2921 1103 τὸ
2967 1048 3201 1121 πρᾶγμά
3246 1050 3387 1102 ἐστι.
3454 1045 3629 1117 mea;
3676 1039 3762 1107 εἷς

2183 1141 2505 1212 σφράγισον,
2537 1139 2678 1193 εἰπέ.
2708 1137 2879 1192 Τοῦτο
2903 1138 3011 1209 ἔχω
3031 1137 3091 1190 τὸ
3120 1136 3284 1191 ὅπλον
3316 1135 3494 1206 μόνον,
3524 1132 3681 1187 τοῦτο
3702 1130 3766 1185 τὸ

2185 1230 2476 1301 φάρμακον
2495 1244 2510 1259 ·
2540 1226 2668 1283 ἄλλο
2699 1227 2756 1280 δὲ
2780 1227 2879 1281 οὐκ
2908 1221 3045 1282 οἶδα.
3078 1225 3215 1279 Είπέ
3258 1241 3370 1296 μοι,
3405 1224 3498 1276 ἐὰν
3532 1220 3766 1292 προσελ-

2186 1317 2293 1372 θὼν
2311 1317 2513 1388 ίατρδς,
2531 1317 2625 1370 καὶ
2634 1314 2704 1369 τά
2717 1316 2816 1386 τῆς
2830 1315 3077 1386 ἰατρικῆς
3093 1314 3362 1385 φάρμακα
3375 1309 3554 1381 ἀφεὶς,
3567 1307 3764 1381 ἐπᾴδῃ.

2184 1405 2373 1460 τοῦτον
2396 1406 2578 1476 ίατρδν
2605 1403 2874 1476 ἐροῦμεν;
2906 1401 3175 1473 Οὐδαμῶς
3199 1418 3215 1432 ·
3249 1401 3318 1454 τά
3332 1400 3442 1470 7&9
3467 1399 3567 1469 τῆς
3591 1399 3765 1466 ἰατρι-

2186 1498 2290 1567 κῆς
2319 1494 2417 1565 οὐχ
2464 1491 2680 1564 ὁρῶμεν
2721 1491 3012 1563 φάρμακα.
3062 1487 3250 1553 Οὕτως
3286 1487 3408 1541 οὐδὲ
3432 1484 3668 1539 ἐνταῦθα
3695 1483 3767 1537 τά

2185 1582 2281 1638 τοῦ
2310 1578 2761 1656 Χριστιανισμοῦ.
2805 1579 3030 1651 Ἐτεραι
3057 1577 3114 1631 δέ
3151 1575 3313 1630 πάλιν
3355 1572 3617 1645 ποταμῶν
3645 1570 3767 1625 όνό-

2191 1687 2338 1744 ματα
2386 1668 2779 1742 περιάπτουσι,
2816 1667 2914 1721 καὶ
2968 1665 3140 1738 μυρία
3185 1662 3413 1718 τοιαῦτα
3466 1660 3766 1732 τολμῶσιν.

2201 1762 2332 1817 Ἰδοὺ
2359 1761 2526 1831 λέγω,
2548 1761 2644 1816 καὶ
2670 1756 2924 1832 προλέγω
2947 1758 3113 1810 πᾶσιν
3135 1755 3286 1827 ὑμῖν,
3307 1754 3391 1809 δτι
3408 1753 3505 1808 ἐάν
3524 1768 3607 1815 τις
3629 1749 3767 1820 ἀλῷ,

2188 1851 2251 1905 ού
2272 1849 2530 1921 φείσομαι
2550 1847 2733 1913 πάλιν,
2756 1844 2821 1900 άν
2846 1862 2905 1900 τε
2924 1844 3250 1917 περίαπτον,
3282 1842 3346 1898 ἀν
3361 1858 3419 1895 τε
3441 1839 3677 1910 ἐπῳδὴν,
3703 1836 3771 1892 ἀν

2189 1956 2248 1993 τε
2269 1937 2396 1993 ἀλλο
2419 1954 2471 1989 τι
2494 1935 2596 2008 τῆς
2615 1935 2810 2007 τέχνης
2828 1932 2931 2004 τῆς
2956 1930 3209 2003 τοιαύτης
3231 1932 3380 2001 ποιῇ.
3407 1927 3473 1981 Τί
3492 1922 3605 1993 οὖν,
3629 1927 3772 1979 ἀπο-

2192 2028 2348 2099 θάνῃ,
2383 2026 2538 2096 φησι,
2570 2025 2631 2079 τὺ
2675 2023 2910 2090 παιδίον;
2939 2024 3037 2077 Ἂν
3064 2020 3208 2076 οὕτω
3229 2019 3393 2092 ζήσῃ,
3419 2017 3540 2074 τότε
3568 2014 3774 2075 ἀπέθα-

2193 2133 2313 2171 νεν·
2354 2116 2419 2170 ἂν
2448 2115 2505 2169 δέ
2549 2114 2680 2169 ἀνευ
2720 2111 2944 2166 ἐκείνων
2978 2110 3247 2183 ἀποθάνῃ,
3290 2107 3409 2161 τότε
3438 2106 3622 2177 ἔζησε.
3653 2102 3771 2156 Νῦν

2191 2204 2248 2258 δέ
2267 2205 2332 2258 ἀν
2351 2204 2449 2274 μὲν
2467 2201 2691 2273 πόρναις
2714 2198 2830 2271 ἴδῃς
2846 2198 3200 2270 προσέχοντα,
3227 2194 3362 2267 εὔχῃ
3375 2193 3767 2264 κατορυγήναι,

2194 2293 2288 2348 καὶ
2306 2291 2504 2362 λέγεις.
2534 2290 2599 2344 Τί
2619 2288 2728 2360 7&9
2751 2287 2940 2358 δφελος
2967 2285 3062 2340 τοῦ
3083 2286 3216 2357 ζῇν;
3240 2283 3380 2354 ὑπὲρ
3403 2282 3461 2337 δέ
3494 2278 3773 2351 σωτηρίας

2192 2375 2779 2451 όρῶσακινδυνεύοντα,
2811 2372 2991 2444 βούλει
3016 2373 3194 2439 ζῶντα
3224 2372 3359 2442 όρᾷν
3386 2387 3400 2437 ;
3452 2369 3566 2423 Ούκ
3599 2368 3771 2439 ἢκου-

2198 2484 2296 2533 σας
2319 2464 2414 2520 τοῦ
2431 2466 2473 2518 Χ
2486 2465 2665 2535 ριστοῦ
2693 2463 2963 2533 λέγοντος,
2992 2463 3074 2517 ὅτι
3105 2462 3168 2516 '0
3187 2459 3498 2525 ἀπολέσας
3518 2456 3633 2523 τὴν
3651 2459 3777 2525 ψυ-

2196 2556 2319 2627 χὴν
2341 2553 2547 2619 αὐτοῦ,
2577 2549 2819 2621 εὑρήσει
2844 2550 3037 2619 αὐτὴν
3052 2567 3066 2581 ο
3090 2552 3124 2603 ὀ
3151 2548 3221 2602 δὲ
3247 2546 3458 2617 εἰφὼν,
3479 2545 3775 2600 ἀπολέσει

2194 2643 2424 2708 αὐτήν;
2448 2641 2721 2705 πιστεύεις
2749 2641 2864 2704 τοῖς
2909 2636 3241 2711 εἰρημένοις.
3298 2635 3332 2707 ἢ
3371 2634 3530 2707 μῦθοί
3579 2649 3662 2686 σοι
3686 2631 3775 2686 δο-

2196 2730 2384 2786 κοῦσιν
2400 2724 2540 2783 εἶναι
2561 2744 2576 2794 ;
2600 2727 2735 2781 Εἰπὲ
2762 2727 2825 2799 δή
2853 2744 2966 2797 μοι,
2990 2725 3084 2780 ἐὰν
3102 2723 3232 2796 εῖπη
3256 2740 3360 2789 τις,
3392 2720 3775 2788 ὃτιἋπάγαγε

2198 2821 2278 2884 είς
2308 2816 2595 2881 είδωλεῖον,
2620 2815 2715 2870 καὶ
2736 2815 2979 2885 ζήσεται,
3006 2812 3204 2886 ἀνέξῃ;
3236 2808 3334 2873 Οὓ,
3377 2808 3530 2879 φησί.
3556 2807 3653 2861 Διά
3683 2805 3781 2875 τίς

2198 2909 2320 2962 Ὀτι
2349 2906 2751 2976 είδωλολατρεῖν
2771 2901 3107 2972 ἀναγκάζει·
3141 2898 3375 2954 ἐνταῦθα
3407 2899 3463 2953 δέ
3490 2898 3591 2951 οὐκ
3624 2894 3777 2949 ἔστιν

2199 2994 2629 3067 είδωλολατρεία,
2662 2993 2775 3047 ἀλλ’
2805 2990 2991 3057 ἀπλῶς
3022 2990 3225 3062 ἐπῳδὴ,
3261 2987 3447 3059 φησίν.
3483 2985 3632 3056 Α’ύτη
3664 2984 3781 3057 γάρ

2199 3081 2528 3156 ησατανικὴ
2575 3081 2772 3145 ἔννοια,
2831 3079 2969 3151 αὕτη
3026 3080 3059 3150 ή
3099 3077 3348 3149 μεθοδεία
3390 3078 3425 3149 ή
3469 3072 3775 3143 διαϐολικὴ,

2201 3168 2598 3240 συγκαλύπτειν
2624 3168 2723 3239 τήν
2751 3167 2981 3236 πλάνην,
3021 3166 3115 3222 καὶ
3150 3167 3209 3219 ἐν
3241 3163 3417 3235 μέλιτι
3454 3162 3516 3218 τὸ
3543 3162 3781 3235 δηλητή-

2201 3276 2315 3332 ριον
2342 3256 2541 3311 διδόναι
2574 3256 2887 3327 φάρμακον.
2946 3251 3167 3324 Ἐπειδὴ
3193 3248 3334 3306 οἶδεν
3366 3250 3577 3305 ἐκεῖθέν
3624 3266 3684 3303 σε
3715 3250 3784 3302 ού

2199 3346 2424 3408 πείθων,
2447 3342 2648 3413 ταύτην
2686 3342 2899 3396 ἐδάδισε
2924 3340 3023 3406 τὴν
3045 3340 3163 3395 όδὸν
3185 3342 3266 3404 είς
3295 3339 3654 3411 περιάμματα
3681 3336 3782 3390 καὶ

2199 3432 2464 3505 γραώδεις
2497 3430 2699 3502 μύθους
2722 3446 2736 3460 ·
2768 3430 2865 3483 καλ⁸
2910 3432 2940 3484 ό
2980 3430 3078 3501 μὲν
3125 3424 3355 3499 σταυρὸς
3386 3426 3677 3499 ἠτίμωται,
3711 3423 3783 3479 τά

2199 3522 2256 3576 δέ
2287 3520 2589 3592 γράμματα
2628 3519 3056 3591 προτετίμηται·
3093 3519 3122 3571 ό
3164 3518 3397 3590 Χριστὸς
3426 3514 3778 3587 ἐκδέδληται,

2201 3609 2295 3663 καὶ
2322 3608 2603 3676 εἰσάγεται
2632 3604 2907 3677 μεθύουσα
2937 3604 3112 3676 γραῦς
3151 3604 3247 3659 καὶ
3291 3603 3534 3675 ληροῦσα
3553 3619 3568 3634 ·
3594 3604 3655 3656 τὸ
3680 3620 3785 3673 μυ·-

2203 3696 2421 3768 στήριον
2454 3694 2765 3763 πεπάτηται
2801 3693 2864 3747 τὸ
2895 3693 3182 3765 ήμέτερον,
3214 3692 3309 3747 καὶ
3346 3691 3523 3763 πλάνη
3565 3690 3784 3762 χορεύει

2201 3783 2296 3838 τοῦ
2323 3772 2592 3837 διαϐόλου.
2632 3781 2787 3844 Τίνος
2801 3778 2895 3836 οὖν
2923 3780 3107 3834 ἕνεκεν
3149 3780 3249 3834 οὐκ
3276 3779 3508 3851 ἐλέγχει,
3541 3779 3725 3849 φησὶν,
3753 3781 3785 3833 ό

2200 3871 2370 3936 Θεός;
2430 3869 2542 3942 Τὴν
2588 3869 2696 3924 ἀπὸ
2733 3869 2843 3923 τῶν
2898 3868 3156 3924 τοιούτων
3207 3868 3459 3941 βοήθειαν
3510 3866 3784 3938 πολλαχοῦ

2202 3956 2418 4031 ήλεγξε,
2445 3957 2538 4011 καὶ
2568 3956 2668 4010 οὑκ
2691 3956 2876 4010 ἔπεισέ
2908 3973 2966 4010 σε
2985 3973 2999 3988 ·
3030 3955 3215 4010 λοιπὸν
3242 3955 3434 4028 ἀφίησι
3455 3959 3520 4027 τῇ
3566 3955 3743 4026 πλάνῃ
3764 3968 3784 3986 ⁶

2202 4047 2511 4118 Παρέδωκε
2537 4047 2646 4119 7&9
2670 4046 2912 4113 αὐτοὺς,
2942 4046 3129 4117 φησὶν,
3154 4049 3188 4101 ὁ
3214 4046 3360 4111 Θεὸς
3387 4048 3475 4113 είς
3494 4045 3787 4115 ἀδόκιμον

2201 4137 2375 4191 νοῦν.
2398 4135 2581 4189 Ταῦτα
2600 4134 2656 4187 δέ
2685 4133 2792 4187 οὐδ’
2826 4133 2891 4188 ἂν
2923 4133 3122 4205 Ἕλλην
3151 4134 3274 4188 νοῦν
3304 4133 3443 4205 ἔχων
3472 4133 3785 4204 ἀνάσχοιτο.

2202 4223 2435 4293 Λέγεται
2460 4240 2542 4285 τις
2569 4220 2897 4292 δημαγωγός
2920 4238 3049 4275 ποτε
3073 4223 3130 4274 ἐν
3162 4220 3410 4291 Ἀθήναις
3433 4219 3602 4274 ταῦτα
3631 4236 3790 4291 περι-

2201 4312 2456 4384 τεθῆναι·
2488 4304 2605 4363 εἶτα
2622 4308 2908 4379 φιλόσοφός
2930 4324 3015 4371 τις
3060 4307 3268 4361 ἐκείνου
3288 4306 3601 4369 διδάσκαλος
3632 4305 3782 4372 ίδὼν,

2204 4401 2555 4471 ἐπετίμησεν,
2591 4396 2894 4468 ἐμέμψατο,
2933 4394 3144 4461 ἔδακεν,
3192 4393 3591 4467 ἐκωμῴδησεν·
3621 4395 3787 4465 ἡμεῖς

2203 4489 2261 4543 δὲ
2330 4487 2504 4551 οὕτως
2570 4485 2772 4550 ἀθλίως
2838 4484 3193 4556 διακείμεθα,
3256 4484 3333 4548 ὼς
3403 4485 3499 4538 καὶ
3566 4481 3786 4548 τούτοις

2205 4593 2502 4631 πιστεύειν.

2275 4753 2384 4808 Καὶ
2417 4753 2504 4807 διὰ
2533 4753 2586 4806 τί
2632 4754 2706 4825 μή
2760 4753 2864 4808 είσι
2891 4751 2986 4806 νῦν
3028 4752 3079 4805 οί
3120 4749 3467 4817 άνιστῶντες,
3512 4752 3665 4823 φησί,
3704 4770 3789 4807 νε-

2204 4842 2369 4912 κροὺς
2397 4840 2491 4894 καὶ
2513 4841 2684 4904 ἰάσεις
2708 4837 3112 4907 ἐπιτελοῦντες;
3143 4839 3243 4893 Διά
3270 4839 3345 4907 τί,
3367 4840 3503 4899 τέως
3530 4841 3591 4894 οὐ
3611 4840 3785 4909 λέγω·

2202 4929 2290 4983 διά
2318 4928 2370 4982 τί
2401 4928 2458 4982 δὲ
2495 4928 2567 5000 μή
2597 4930 2704 4980 εἱσι
2727 4927 2822 4983 νῦν
2855 4928 2905 4980 οί
2929 4927 3029 4998 τῆς
3056 4924 3342 4999 παρούσης
3380 4928 3788 5000 καταφρονοῦν-

2203 5015 2484 5084 τεςζωῆςς
2516 5016 2604 5070 διὰ
2621 5014 2673 5069 τί
2699 5015 2793 5069 ἐπὶ
2815 5014 2991 5085 μισθῷ
3013 5014 3335 5086 δουλεύομεν
3358 5016 3436 5087 τῷ
3458 5016 3609 5088 Θεῷ;
3651 5016 3785 5070 Ὅτε

2204 5098 2589 5170 ἀσθενέστερον
2616 5098 2847 5153 διέκειτο
2875 5100 2907 5171 ή
2952 5097 3111 5169 φύσις
3140 5101 3174 5170 ή
3206 5099 3541 5171 ἀνθρωπίνη,
3568 5100 3654 5154 ὅτε
3683 5119 3788 5168 φυο

2203 5185 2463 5256 τευθῆναι
2512 5185 2661 5259 [588]
2708 5186 2808 5258 τὴν
2859 5187 3041 5241 πίστιν
3086 5186 3216 5250 ἔδει,
3259 5182 3398 5258 ἦσαν
3431 5188 3527 5242 καὶ
3553 5187 3786 5242 τοιοῦτοι

2206 5272 2420 5325 πολλοί·
2457 5272 2551 5326 νῦν
2567 5271 2623 5325 δέ
2641 5273 2702 5326 οὺ
2722 5272 2966 5343 βούλεται
2985 5275 3134 5344 ἡμᾶς
3164 5272 3364 5328 τούτων
3384 5274 3656 5346 ἠρτῆσθαι
3677 5277 3787 5331 τῶν

2207 5362 2467 5432 σημείων,
2498 5359 2613 5413 ἀλλ’
2639 5361 2887 5431 ἐτοίμους
2903 5356 3043 5416 εἶναι
3067 5363 3201 5435 πρὸς
3227 5361 3477 5418 θάνατον.
3509 5363 3575 5418 Τί
3605 5363 3788 5417 τοίνυν

2205 5448 2303 5516 τῆς
2329 5446 2608 5518 παρούσης
2653 5447 2751 5519 ἔχῃ
2783 5448 2969 5520 ζωῆς;
3012 5450 3065 5503 τί
3104 5451 3171 5505 τά
3206 5451 3469 5521 μέλλοντα
3497 5452 3594 5521 οὐχ
3620 5453 3785 5523 όρᾷς;

2207 5535 2301 5588 καὶ
2317 5533 2458 5605 ὑπὲρ
2475 5533 2575 5605 μὲν
2596 5536 2798 5605 ταύτης
2841 5536 2937 5590 καὶ
2968 5536 3373 5608 είδωλολατρεῖν
3410 5538 3599 5609 ἀνέχῃ,
3644 5538 3789 5610 ύπέρ

2206 5623 2262 5675 δὲ
2292 5621 2506 5691 ἐκείνης
2544 5621 2666 5676 οὐδὲ
2698 5623 2934 5693 ἀθυμίας
2980 5628 3310 5696 κατασχεῖν;
3340 5627 3437 5681 Διά
3470 5627 3641 5681 ταῦτα
3685 5625 3787 5679 οὐκ

2208 5708 2315 5761 εἰσὶ
2337 5706 2432 5762 νῦν
2456 5708 2706 5777 τοιοῦτοι,
2727 5710 2807 5764 ὅτι
2830 5711 3020 5782 ἄτιμος
3037 5714 3170 5783 ἡμῖν
3189 5713 3361 5784 ἐφάνη
3383 5714 3565 5784 ἐκείνη
3592 5715 3626 5784 ἡ
3648 5706 3788 5781 ζωὴ,

2211 5797 2264 5848 εἴ
2297 5811 2358 5865 γε
2395 5794 2535 5866 ὑπὲρ
2573 5796 2673 5867 μέν
2702 5797 2914 5870 ἐκείνης
2970 5796 3120 5853 οὐδὲν
3170 5800 3502 5872 πράττομεν,
3547 5799 3689 5871 ύπέρ
3730 5798 3791 5852 δὲ
