4140 6528
315 390 421 448 387

314 508 382 563 ad
412 501 785 561 mentiendum
815 499 1077 573 pudorem
1107 499 1259 565 dicit,
1288 499 1430 554 Alter
1458 496 1670 554 alterius
1696 497 1923 552 inaniora

315 617 492 657 sumus
514 596 735 670 (Ephes.
766 595 821 652 4.
850 595 965 667 25).
998 594 1124 650 Illos
1154 593 1278 650 facit
1306 594 1585 649 hominum
1609 592 1775 648 veluti
1804 591 1925 661 opi-

315 698 468 759 tices,
493 694 726 748 alterum
750 691 965 759 quidem
986 690 1386 761 repellentium,
1406 689 1634 743 alterum
1656 701 1786 742 vero
1808 700 1928 741 sus-

316 787 655 859 cipientium.
693 784 807 839 Illic
831 783 1063 838 Membra
1079 783 1207 837 dicit
1226 799 1241 847 ;
1262 782 1347 836 hic
1372 781 1593 837 Omnia:
1607 795 1721 845 cor,
1755 781 1923 846 iram;

316 894 403 940 os,
435 875 834 946 blasphemiam
860 890 875 940 ;
902 875 1113 941 oculos,
1138 873 1569 931 fornicationem.
1600 870 1880 926 avaritiam
1907 886 1922 935 ;

316 984 513 1026 manus
539 977 598 1022 et
621 967 786 1037 pedes
809 1007 826 1035 ,
855 966 1195 1021 mendacium
1217 1006 1234 1031 ,
1266 964 1647 1035 cogitationem
1676 964 1844 1032 ipsam
1869 970 1926 1016 et

319 1070 562 1119 mentem
586 1059 1035 1117 veterem.Unam
1054 1058 1214 1113 habet
1234 1056 1461 1113 formam
1487 1055 1710 1127 regiam,
1732 1069 1927 1126 nempe

317 1152 541 1210 Christi.
571 1151 838 1209 Videntur
874 1150 962 1206 isti
1003 1149 1134 1203 mihi
1174 1151 1345 1218 magis
1373 1162 1495 1203 esse
1523 1163 1589 1201 ex
1632 1147 1885 1217 gentibus
1908 1187 1923 1211 ,

319 1262 460 1319 quos
487 1246 715 1317 respicit
737 1286 753 1312 ,
784 1244 1080 1300 ostendens
1124 1243 1364 1297 membra
1411 1243 1524 1297 sive
1561 1242 1763 1312 majora
1810 1241 1927 1297 sive

320 1339 534 1393 minora
580 1353 743 1393 unam
795 1337 995 1406 regiam
1036 1335 1265 1391 formam
1313 1335 1533 1390 habere.
1581 1335 1732 1391 Sicut
1779 1334 1925 1389 enim

322 1443 493 1494 terra,
521 1446 646 1485 cum
673 1432 746 1485 sit
771 1445 959 1499 arena,
987 1444 1082 1484 sua
1102 1430 1251 1499 prius
1281 1429 1493 1499 perdita
1514 1427 1706 1493 forma,
1741 1436 1925 1498 postea

322 1526 386 1579 tit
410 1540 601 1578 aurum
628 1540 643 1589 ;
678 1534 732 1578 et
769 1524 906 1577 lana:
926 1565 941 1588 ,
966 1524 1383 1593 qualescumque
1415 1524 1543 1589 sint,
1562 1523 1789 1577 alteram
1819 1521 1929 1575 for-

323 1634 467 1671 mam
491 1617 766 1686 accipiunt
785 1618 1090 1687 etpriorem
1114 1617 1384 1672 occultant
1410 1636 1423 1673 :
1452 1618 1521 1672 ita
1543 1620 1705 1673 etiam
1732 1617 1918 1678 ﬁdelis.

324 1708 733 1779 Supportantes,
769 1708 972 1777 inquit,
1003 1709 1232 1762 inuicem.
1265 1707 1515 1763 Ostendit
1555 1708 1696 1779 quod
1723 1709 1926 1779 justum

322 1807 410 1854 est
439 1816 453 1853 :
483 1809 538 1852 tu
574 1798 725 1852 illum
756 1806 942 1868 patere
963 1838 979 1863 ,
1013 1810 1068 1854 et
1099 1798 1190 1854 ille
1237 1807 1290 1855 te
1320 1817 1332 1851 :
1363 1799 1507 1870 quod
1554 1800 1769 1870 quidem
1801 1800 1930 1855 dicit

325 1894 381 1946 in
424 1892 659 1961 Epistola
691 1890 756 1944 ad
799 1889 1016 1946 Galatas
1052 1908 1064 1943 :
1108 1892 1251 1946 Alter
1292 1893 1503 1948 alterius
1541 1910 1697 1947 onera
1734 1905 1933 1964 portate

331 1981 478 2051 (Gal.
518 1983 573 2038 ti.
617 1983 697 2055 Ξ).
759 1982 826 2036 Et
874 1985 1026 2053 grati,
1073 1983 1265 2052 inquit,
1324 1994 1481 2039 estote
1520 1984 1653 2057 (σοι.
1700 1987 1754 2041 5.
1814 1986 1927 2056 15).

331 2074 564 2130 Maaime
588 2075 729 2129 enim
749 2074 947 2145 ubique
974 2077 1077 2130 hoc
1106 2078 1321 2146 quaerit,
1358 2078 1581 2147 utquod
1613 2079 1684 2132 sit
1714 2093 1923 2131 summa

334 2168 617 2223 bonormn.

404 2262 459 2316 5.
495 2259 701 2315 Gratias
740 2277 893 2333 agere
927 2260 1133 2332 quando
1161 2272 1413 2333 oporteat.
1443 2262 1716 2334 Ligamina
1742 2281 1929 2335 super-

331 2355 551 2409 stitiosa.
580 2383 653 2395 -—
678 2354 890 2409 Gratias
910 2370 1040 2426 ergo
1066 2371 1286 2425 agamus
1310 2356 1362 2410 in
1390 2357 1641 2411 omnibus
1669 2357 1931 2429 quidquid

221 2459 228 2466 ‘
326 2450 575 2505 evenerit
600 2466 612 2502 :
642 2448 747 2503 hoc
772 2450 917 2504 enim
944 2458 1028 2503 est
1074 2450 1367 2519 gratiarum
1395 2450 1554 2505 actio.
1585 2449 1719 2504 Nam
1764 2451 1817 2505 in
1849 2467 1936 2507 re-

328 2544 432 2597 bus
462 2542 718 2598 secundis
739 2541 843 2597 hoc
869 2557 1052 2613 agere,
1079 2557 1185 2596 non
1217 2550 1301 2597 est
1326 2558 1577 2614 magnum
1606 2560 1620 2608 ;
1652 2544 1766 2613 ipsa
1789 2544 1933 2598 enim

328 2652 515 2691 rerum
565 2646 754 2688 natura
802 2649 902 2689 nos
942 2634 1010 2689 ad
1060 2635 1161 2689 hoc
1191 2635 1418 2705 impellit
1452 2655 1466 2691 :
1496 2635 1711 2706 quando
1754 2645 1935 2691 autem

326 2743 455 2784 cum
488 2727 555 2783 ad
583 2738 824 2783 extrema
850 2738 1068 2782 ventum
1099 2736 1203 2795 est,
1226 2730 1427 2798 gratias
1449 2730 1674 2799 agimus,
1703 2737 1829 2784 tunc
1855 2738 1940 2785 est

330 2825 737 2882 admirandum.
781 2823 1009 2891 Quando
1037 2824 1184 2879 enim
1216 2833 1437 2895 propter
1466 2840 1527 2878 ea
1555 2840 1674 2894 qua}
1700 2825 1791 2880 alii
1824 2841 1940 2881 ma-

330 2920 547 2976 ledictis
594 2919 928 2974 insectantur
954 2926 1009 2973 et
1034 2922 1175 2989 aegre
1200 2917 1378 2973 ferunt
1406 2960 1419 2982 ,
1451 2920 1653 2989 gratias
1679 2922 1889 2990 agimus
1922 2963 1935 2986 ,

336 3011 462 3067 vide
500 3020 698 3082 quanta
728 3010 800 3064 sit
824 3010 1182 3080 philosophia.
1214 3010 1396 3065 Primo
1432 3011 1597 3068 Deum
1624 3012 1937 3068 exbilaras:

334 3104 578 3159 secundo
617 3102 890 3158 diabolum
921 3103 1128 3173 pudore
1168 3102 1377 3169 afﬁcis;
1407 3105 1567 3159 tertio
1605 3114 1659 3161 et
1681 3106 1825 3177 quod
1857 3106 1938 3160 fa-

333 3209 484 3252 ctum
508 3204 594 3251 est
616 3196 744 3248 nihil
764 3210 885 3249 esse
910 3195 1262 3265 pronuntias:
1292 3196 1451 3251 simul
1488 3198 1633 3253 enim
1662 3207 1717 3252 tu
1744 3200 1943 3269 gratias

335 3288 479 3357 agis,
509 3296 565 3342 et
597 3286 740 3342 Deus
779 3286 1024 3342 dolorem
1065 3297 1327 3358 amputat,
1361 3298 1416 3344 ct
1440 3291 1646 3346 recedit
1669 3292 1939 3350 diabolus.

337 3378 478 3433 Nam
509 3378 555 3433 si
585 3394 729 3449 regre
758 3380 967 3444 tuleris,
989 3381 1057 3444 is,
1083 3388 1142 3435 ut
1167 3382 1255 3449 qui
1284 3382 1428 3452 quod
1445 3383 1660 3439 volebat
1680 3384 1941 3453 effecerit,

337 3472 539 3537 adest;
570 3483 624 3529 et
671 3474 833 3540 Deus,
876 3482 934 3527 ut
976 3473 1067 3544 qui
1095 3475 1165 3529 sit
1192 3475 1526 3544 blasphemia
1554 3485 1611 3533 ct
1656 3478 1946 3535 maledicto

339 3564 570 3621 allectus
591 3606 607 3633 ,
636 3566 925 3636 relinquit,
956 3575 1011 3621 et
1056 3567 1253 3621 malum
1284 3568 1517 3624 intendit
1543 3577 1592 3625 et
1622 3580 1784 3641 auget
1815 3589 1828 3625 :
1860 3572 1944 3626 sin

341 3666 527 3713 autem
554 3658 755 3728 gratias
784 3659 980 3728 egeris,
1027 3669 1088 3713 ut
1115 3660 1208 3728 qui
1236 3660 1366 3715 nihil
1399 3662 1667 3732 proficiat,
1702 3663 1946 3729 recedit;

343 3760 402 3805 et
431 3749 595 3814 Deus,
624 3758 683 3803 ut
711 3751 800 3821 qui
846 3752 917 3805 sit
958 3751 1171 3807 honore
1206 3752 1452 3822 atl'ectus,
1485 3754 1747 3813 honorem
1778 3759 1949 3829 magis

344 3843 617 3912 rependit.
644 3842 755 3898 Nec
796 3843 912 3898 ﬁeri
959 3853 1134 3915 potest
1163 3856 1222 3901 ut
1250 3847 1413 3902 homo
1437 3850 1524 3920 qui
1557 3862 1779 3919 propter
1810 3852 1948 3906 mala

345 3938 459 4005 agit
495 3935 715 4005 gratias,
747 3935 885 3989 mala
933 3937 1148 3991 sentiat.
1181 3938 1416 3993 Laetatur
1451 3942 1596 3995 enim
1647 3943 1849 4010 anima,
1895 3953 1954 3998 ut

346 4042 470 4096 qua:
498 4037 647 4082 recte
676 4041 735 4081 se
761 4038 915 4098 gerat
945 4045 958 4082 :
988 4030 1169 4084 statim
1212 4031 1332 4085 lucta
1379 4041 1464 4087 cst
1497 4033 1825 4090 conscientia
1851 4078 1868 4103 ,
1898 4044 1956 4092 ct

348 4119 466 4172 suis
495 4121 655 4189 gestit
685 4131 735 4175 et
764 4119 1000 4175 exsultat
1042 4121 1289 4178 laudibus
1319 4140 1333 4176 :
1362 4140 1485 4195 quae
1526 4141 1656 4181 vero
1682 4127 1800 4182 laeta
1830 4138 1951 4195 est,

350 4226 460 4263 non
516 4220 691 4280 potest
715 4226 837 4266 esse
880 4212 1069 4267 tristis.
1099 4213 1211 4269 illic
1258 4224 1436 4270 autem
1482 4232 1605 4271 cum
1650 4219 1956 4276 calamitate

350 4315 510 4377 urget
538 4308 701 4362 etiam
756 4307 1036 4379 ﬁagellans
1073 4309 1448 4377 conscientia;
1501 4310 1591 4366 hic
1630 4324 1857 4368 coronat
1901 4325 1958 4370 et

351 4410 628 4470 tamquam
682 4403 954 4472 prmconio
983 4403 1300 4473 proclamat.
1352 4405 1496 4461 Nihil
1522 4413 1629 4461 'est
1658 4408 1832 4478 lingua
1864 4408 1954 4467 illa

352 4495 615 4558 sanctius,
665 4510 786 4564 quae
841 4496 892 4549 in
939 4496 1095 4551 malis
1128 4497 1236 4552 Deo
1264 4499 1374 4569 agit
1401 4499 1600 4569 gratias
1630 4516 1644 4553 :
1676 4517 1864 4556 revera
1892 4512 1955 4557 ea

352 4584 489 4640 nihil
519 4586 680 4641 distat
705 4602 735 4641 a
778 4587 958 4658 lingua
989 4598 1284 4663 martyrum
1321 4608 1335 4646 :
1376 4592 1628 4649 similiter
1665 4603 1720 4649 et
1766 4595 1878 4665 ipsa
1905 4605 1961 4651 et

353 4680 451 4736 ille
495 4689 808 4737 coronatur.
859 4681 993 4738 Nam
1022 4700 1141 4739 eam
1169 4701 1384 4757 quoque
1432 4697 1582 4759 urget
1629 4690 1791 4746 lictor
1818 4733 1833 4757 ,
1867 4693 1957 4763 qui

354 4774 504 4843 cogit
538 4774 703 4829 Deum
747 4791 950 4847 negare
977 4792 1074 4848 per
1100 4778 1492 4848 blaSphemiam
1526 4799 1540 4835 :
1575 4782 1737 4837 instat
1760 4792 1819 4838 et
1846 4786 1962 4839 dia-

356 4867 516 4923 bolus
558 4869 949 4941 cogitationum
998 4888 1195 4942 urgens
1224 4872 1584 4941 carniﬁcinis,
1615 4886 1670 4931 et
1710 4879 1961 4933 tenebras

356 4959 645 5016 offendens
676 4962 858 5017 animo
887 4964 1317 5035 mgritudinibus.
1350 4965 1404 5022 Si
1437 4968 1559 5035 quis
1586 4984 1716 5039 ergo
1743 4971 1962 5028 dolores

358 5056 566 5123 tulerit,
597 5067 651 5113 et
679 5059 883 5130 gratias
909 5060 1119 5130 egerit,
1151 5075 1408 5115 coronam
1438 5063 1631 5132 accipit
1660 5067 1907 5137 martyrii
1939 5084 1957 5123 :

356 5153 594 5222 exempli
624 5154 813 5222 gratia,
858 5152 1035 5208 infans
1074 5163 1321 5224 :rgrotat,
1348 5166 1403 5211 et
1430 5156 1541 5211 Deo
1580 5159 1689 5229 agit
1722 5162 1959 5231 gratias;

358 5244 467 5300 hoc
531 5248 688 5300 matri
757 5260 957 5301 corona
1024 5256 1126 5301 est.
1192 5248 1311 5316 Quo
1384 5257 1655 5305 tormento
1720 5268 1825 5308 non
1879 5265 1963 5309 est

357 5340 602 5396 deterior
650 5340 813 5395 animi
862 5341 1161 5411 :rgritudo?
1215 5341 1310 5398 sed
1360 5359 1422 5399 ea
1487 5358 1591 5399 non
1633 5347 1777 5417 cogit
1838 5364 1965 5404 ver-

358 5435 488 5491 bum
527 5433 779 5489 accrbum
832 5434 1098 5491 emittere.
1141 5434 1362 5492 Moritur
1397 5454 1410 5491 :
1460 5452 1647 5493 rursus
1687 5440 1797 5511 agit
1836 5456 1963 5512 grao

361 5525 507 5581 tias?
560 5525 719 5580 Facta
769 5536 853 5581 est
899 5526 1003 5581 ﬁlia
1054 5527 1366 5583 Abrahami.
1416 5528 1550 5585 Nam
1605 5531 1705 5587 etsi
1752 5536 1964 5604 propria

360 5635 526 5676 manu
572 5635 681 5676 non
731 5620 947 5688 occidit,
1001 5622 1096 5678 sed
1149 5633 1331 5681 tamen
1380 5624 1555 5681 ltetata
1608 5637 1691 5682 est
1744 5639 1968 5701 propter

362 5711 713 5779 sacrificium,
747 5712 891 5783 quod
938 5728 1034 5784 par
1071 5723 1155 5769 est
1187 5731 1201 5768 :
1236 5731 1343 5769 non
1378 5718 1687 5773 succensuit
1716 5735 1836 5775 cum
1865 5720 1964 5776 do-

363 5819 495 5859 num
544 5803 868 5861 ant‘errctur.
917 5805 1122 5862 Rursus
1165 5812 1450 5877 mgrotavit
1481 5829 1494 5865 :
1528 5827 1634 5869 non
1684 5813 1809 5871 fecit
1833 5817 1971 5889 liga-

370 5892 869 5967 utinaineputatur
906 5897 955 5952 ei
984 5899 1333 5963 martyrium;
1377 5913 1557 5961 mente
1583 5906 1725 5962 cnim
1757 5912 1965 5965 sacriﬁ-

698 5992 971 6055 Pnnoa.
1022 5989 1140 6051 Gn.
1194 5988 1387 6051 LXII.

1182 382 1248 440 ΙΝ
1292 383 1507 440 EPIST.
1551 384 1641 439 AD
1679 379 1960 444 COLUSS.
1999 379 2151 439 CAP.
2197 384 2282 441 Ill.
2326 387 2561 445 ΗΟΜΙῙι.
2609 388 2744 448 Vill.

3521 401 3627 460 ΗΟ

2035 500 2184 554 cavit
2234 500 2423 559 ﬁlium.
2465 504 2602 573 Quid
2651 504 2818 573 enim,
2874 508 2920 563 si
2953 508 3040 564 illa
3079 510 3211 567 nihil
3246 522 3492 582 prosunt,
3536 522 3630 572 sed

2034 602 2160 647 sunt
2202 594 2427 651 fallacia:
2467 607 2521 652 et
2551 598 2827 655 ludibria?
2869 598 3008 657 Sunt
3060 612 3240 659 tamen
3284 605 3373 675 qui
3404 607 3637 663 suadent

2030 699 2095 739 ea
2143 687 2512 755 protlcsse;et
2551 692 2738 746 maluit
2786 691 3045 749 infantem
3092 696 3277 752 videre
3322 710 3631 762 mortuum,

2038 792 2197 845 quam
2227 780 2333 848 pati
2362 780 2745 839 idololatriam.
2776 783 2846 841 Ut
2870 801 2999 857 ergo
3030 787 3140 858 ipsa
3171 798 3254 843 est
3280 802 3505 863 martyr,
3523 793 3637 847 sive

2034 868 2086 924 in
2115 869 2315 940 scipsa,
2344 873 2459 928 sive
2487 890 2538 929 in
2564 874 2674 930 ﬁlio
2702 875 2805 932 hoc
2833 876 3013 942 faciat,
3045 881 3160 936 sive
3190 880 3242 935 in
3276 885 3491 951 marito,
3519 884 3635 940 sive

2033 960 2086 1015 in
2112 962 2293 1033 aliquo
2322 963 2413 1035 qui
2443 972 2528 1021 est
2554 965 2605 1019 ei
2633 966 2945 1022 carissimus
2978 985 2991 1022 :
3024 969 3093 1023 ita
3127 971 3293 1026 altera
3324 983 3409 1027 est
3436 974 3634 1030 cultrix

2035 1052 2339 1120 idolorum;
2370 1063 2455 1111 est
2482 1056 2626 1111 enim
2661 1057 3002 1128 pchpicuum
3030 1060 3171 1129 quod
3198 1061 3304 1117 diis
3334 1066 3636 1121 sacriﬁcos-

2035 1153 2147 1212 set,
2175 1145 2220 1201 si
2252 1146 2492 1202 licuisset
2518 1147 2825 1204 sacriﬁcare
2859 1167 2872 1203 :
2903 1150 3013 1205 imo
3038 1167 3168 1205 vero
3194 1154 3305 1221 jam
3335 1153 3465 1209 fecit
3489 1158 3632 1226 quod

2034 1248 2119 1293 est
2139 1238 2410 1295 sacriﬁcii.
2441 1238 2717 1310 Ligamina
2744 1240 2910 1306 enim,
2936 1242 3037 1297 etsi
3064 1243 3130 1298 de
3157 1243 3222 1300 iis
3248 1245 3441 1301 millies
3468 1247 3643 1317 philo-

2036 1331 2332 1400 sophentur
2351 1333 2440 1402 qui
2465 1333 2528 1387 iis
2549 1342 2787 1401 utuntur,
2815 1334 3078 1401 dicentes,
3104 1334 3271 1391 Deum
3296 1338 3606 1395 invocamus
3624 1384 3639 1406 ,

2034 1436 2091 1480 ct
2115 1425 2245 1480 nihil
2272 1426 2500 1496 amplius
2531 1427 2755 1481 facimus
2779 1443 2796 1493 ;
2822 1435 2880 1482 et
2905 1443 3023 1498 qua:
3050 1436 3176 1483 sunt
3200 1428 3505 1500 bujusmodi
3529 1448 3543 1498 ;
3567 1442 3641 1499 ct,

2037 1518 2338 1574 Christiana
2363 1528 2445 1576 est
2470 1521 2646 1576 vetula
2678 1528 2732 1575 et
2762 1520 2936 1575 ﬁdelis
2962 1535 3060 1577 :ea
3087 1538 3176 1578 res
3205 1532 3288 1578 est
3318 1524 3639 1581 idololatria.

2038 1612 2109 1667 Es
2136 1611 2345 1666 ﬁdelis?
2386 1613 2535 1683 signa
2568 1621 2621 1667 te
2649 1631 2661 1667 :
2691 1612 2799 1677 dic,
2840 1613 2967 1668 Haec
2991 1629 3141 1669 arma
3172 1614 3344 1672 habeo
3370 1616 3506 1685 sola,
3542 1617 3646 1673 hoc

2038 1705 2520 1772 medicamentum;
2545 1705 2691 1761 aliud
2716 1714 2893 1761 autem
2922 1707 3127 1762 nescio.
3153 1706 3249 1763 Dic
3270 1709 3425 1775 mihi,
3452 1711 3496 1765 si
3524 1712 3645 1782 quis

2037 1798 2328 1853 accesserit
2349 1798 2610 1865 medicus,
2630 1805 2687 1853 et
2711 1798 2998 1853 medicina:
3017 1798 3257 1854 dimissis
3279 1801 3646 1859 medicamen-

2041 1892 2108 1946 tis
2135 1893 2396 1959 incantet,
2427 1908 2623 1947 eumne
2652 1892 2896 1948 dicemus
2925 1893 3233 1949 medicum?
3257 1893 3604 1967 Nequaquam
3629 1916 3642 1951 :

2041 1986 2323 2042 mediciuze
2362 1987 2505 2040 etaim
2547 2000 2654 2040 non
2696 1984 2942 2041 videmus
2974 1986 3283 2056 pharmaca.
3331 1987 3403 2041 Ita
3432 2004 3533 2045 nec
3560 1990 3648 2045 hic

2040 2078 2446 2133 cbristianismi.
2473 2076 2608 2133 Aliae
2634 2085 2815 2132 autem
2839 2092 3030 2133 rursus
3049 2078 3271 2149 alligant
3295 2081 3511 2137 nomina
3540 2081 3645 2137 ilu-

2040 2173 2275 2238 viorum,
2308 2179 2364 2225 et
2406 2170 2509 2225 alia
2554 2171 2755 2224 audent
2805 2170 3239 2225 innumerabilia.
3274 2171 3411 2227 Ecce
3440 2170 3563 2230 dico
3591 2185 3648 2231 et
3742 2207 3745 2209 >

2041 2266 2278 2336 praedico
2309 2263 2460 2319 vobis
2498 2262 2789 2319 omnibus:
2820 2263 2961 2334 quod
2994 2264 3038 2319 si
3064 2264 3329 2335 quispiam
3364 2265 3521 2324 fuerit
3546 2268 3646 2325 de-

2044 2359 2345 2431 prehensus
2368 2402 2384 2426 ,
2414 2374 2521 2414 non
2567 2373 2784 2428 parcam
2832 2359 3025 2413 iterum
3046 2399 3062 2424 ,
3093 2360 3209 2415 sive
3239 2360 3467 2429 ligamen
3487 2405 3502 2428 ,
3535 2365 3651 2420 sive

2044 2453 2460 2509 incautationem
2489 2493 2502 2517 ,
2533 2451 2646 2506 sive
2680 2449 2843 2519 hujus
2881 2451 3017 2507 artis
3064 2450 3264 2523 aliquid
3296 2453 3439 2509 aliud
3467 2454 3648 2512 faciat.

2043 2547 2182 2615 Quid
2225 2547 2394 2603 vero?
2421 2546 2685 2601 morietur
2707 2586 2723 2611 ,
2755 2545 2925 2614 inquit
2951 2587 2968 2613 ,
3008 2544 3207 2602 infans.
3239 2545 3294 2603 Si
3325 2549 3403 2605 sic
3431 2550 3648 2619 vixerit,

2047 2652 2174 2696 tunc
2198 2640 2491 2705 morietur;
2516 2638 2597 2693 sin
2621 2648 2803 2693 autem
2834 2636 3039 2707 absque
3065 2638 3169 2694 illis
3197 2650 3441 2697 mortuus
3469 2644 3648 2712 fuerit,

2048 2741 2176 2787 tunc
2207 2731 2355 2786 vivit.
2386 2729 2537 2785 Nunc
2567 2737 2747 2783 autem
2775 2728 2820 2782 si
2846 2727 3046 2783 videris
3074 2728 3288 2799 quidem
3328 2732 3494 2788 tilium
3530 2750 3651 2792 vcr-

2047 2833 2254 2879 santem
2282 2838 2407 2879 cum
2441 2819 2839 2881 meretricibus.
2875 2829 3030 2889 optas
3073 2835 3196 2875 eum
3230 2822 3281 2876 iu
3310 2830 3452 2879 terra
3482 2825 3651 2882 infos-

2047 2933 2189 2983 sum,
2218 2927 2270 2971 et
2298 2915 2454 2974 dicis,
2494 2912 2632 2980 Quid
2659 2912 2706 2967 ei
2739 2911 2962 2982 prodest
2991 2912 3214 2967 \ivere?
3256 2914 3443 2971 videns
3467 2927 3648 2974 autem

2048 3026 2170 3065 eum
2197 3009 2250 3063 in
2281 3007 2520 3078 periculo
2550 3005 2738 3061 salutis
2764 3045 2778 3069 ,
2810 3004 2895 3059 vis
2916 3003 3101 3060 videre
3127 3020 3250 3061 eum
3281 3008 3502 3065 vivum?
3533 3012 3650 3070 Non

2048 3101 2298 3155 audivisti
2346 3097 2621 3154 Christum
2664 3094 2975 3162 dicentem,
3026 3096 3125 3160 Qui
3167 3099 3388 3167 perdidit
3429 3104 3661 3159 animant

2050 3210 2197 3249 suam
2222 3235 2237 3260 ,
2272 3190 2489 3246 inveniet
2532 3203 2684 3254 eam;
2725 3189 2810 3259 qui
2854 3197 3022 3242 autem
3065 3189 3282 3257 invenit,
3325 3193 3500 3263 perdet
3543 3212 3656 3251 eam

2056 3286 2284 3360 (Matth.
2338 3286 2427 3340 16.
2472 3282 2625 3351 ‘25)?
2666 3281 2841 3337 credis
2867 3282 2933 3335 iis
2959 3297 3079 3350 qua:
3103 3282 3241 3338 dicta
3270 3296 3417 3352 sunt,
3447 3303 3514 3342 an
3561 3290 3653 3345 tibi

2053 3381 2305 3436 videntur
2344 3392 2466 3432 esse
2517 3373 2753 3429 labulm?
2784 3373 2877 3429 Dic
2905 3373 3057 3442 mihi,
3086 3375 3131 3429 si
3158 3376 3278 3445 quis
3306 3376 3518 3445 dixerit,
3546 3380 3657 3437 Duc

2053 3474 2105 3528 in
2136 3472 2395 3542 templum
2422 3468 2712 3533 idolorum,
2742 3476 2798 3522 et
2818 3467 2981 3534 vivet,
3011 3466 3269 3536 patieris?
3294 3468 3432 3539 Non,
3462 3471 3654 3544 inquit,

2052 3563 2268 3632 Quare?
2300 3563 2434 3630 Quia
2479 3560 2622 3630 cogit
2663 3559 2846 3615 colere
2890 3558 3033 3614 idola
3068 3577 3081 3614 :
3118 3560 3205 3615 hic
3231 3570 3408 3618 autem
3438 3581 3544 3621 non
3575 3577 3658 3623 est

2056 3656 2381 3717 idololatria,
2404 3651 2499 3709 sed
2526 3652 2723 3716 solum,
2750 3650 2943 3720 inquit,
2970 3650 3282 3709 incautatio.
3311 3654 3434 3711 Ilmc
3459 3666 3544 3713 est
3566 3675 3660 3715 co-

2054 3751 2243 3822 gitatio
2273 3749 2535 3816 satanica,
2564 3747 2649 3802 ha:
2695 3755 2822 3801 sunt
2865 3746 3150 3803 diabolica:
3198 3749 3444 3820 insidiae,
3477 3761 3659 3825 tegere

2056 3860 2322 3909 errorem,
2350 3854 2404 3898 et
2444 3844 2497 3898 in
2539 3842 2698 3897 melle
2722 3840 2856 3896 dare
2885 3856 3172 3898 venenum.
3205 3843 3469 3912 Quoniam
3512 3850 3664 3905 novit

2059 3955 2120 3995 se
2158 3939 2246 3993 illa
2287 3937 2390 3992 hac
2430 3937 2512 3989 via
2555 3948 2664 3990 non
2708 3947 3113 4003 persuasurum,
3142 3934 3415 4006 ingressus
3463 3948 3546 3995 est
3595 3943 3663 3997 ad

2059 4032 2294 4087 amuleta
2324 4040 2381 4084 et
2406 4029 2578 4083 aniles
2606 4026 2813 4082 fabulas
2842 4042 2856 4079 :
2884 4034 2941 4081 et
2962 4038 3096 4082 crux
3122 4028 3337 4099 quidem
3364 4030 3553 4088 affecta
3580 4046 3665 4093 est

2064 4124 2380 4197 ignominia,
2430 4123 2600 4178 litera:
2642 4129 2823 4176 autem
2856 4118 2911 4175 in
2940 4120 3131 4190 majori
3178 4121 3385 4179 honore
3411 4136 3535 4182 sunt
3565 4127 3666 4183 ha-

2063 4221 2189 4275 bitae
2218 4235 2230 4271 :
2260 4216 2508 4272 Christus
2531 4213 2632 4268 fuit
2655 4213 2881 4282 eiectus,
2904 4219 2959 4268 et
2982 4211 3340 4295 introducitur
3358 4233 3493 4273 anus
3516 4219 3665 4276 ebria

2063 4320 2119 4367 et
2145 4309 2381 4367 delirans
2417 4326 2428 4361 ε
2463 4306 2835 4361 conculcatum
2867 4312 2951 4359 est
2973 4311 3216 4360 nostrum
3244 4310 3582 4380 mysterium,
3611 4308 3668 4370 et

2064 4405 2262 4460 choros
2291 4400 2439 4455 ducit
2469 4398 2614 4461 fraus
2645 4394 2865 4451 diaboli.
2900 4394 3009 4452 Cur
3038 4410 3167 4467 ergo
3198 4414 3305 4454 non
3335 4403 3546 4473 arguit,
3580 4404 3666 4461 in—

2066 4498 2200 4569 quit,
2236 4492 2421 4550 Deus?
2450 4490 2605 4560 Quod
2635 4489 2703 4545 ab
2732 4489 2798 4544 iis
2823 4488 2984 4544 datur
3009 4490 3267 4548 auxilium
3298 4510 3443 4566 saepe
3473 4502 3665 4570 arguit,

2067 4597 2124 4645 et
2149 4588 2243 4642 tibi
2265 4602 2369 4641 non
2400 4584 2666 4656 persuasit
2695 4601 2709 4636 :
2733 4581 2844 4651 jam
2864 4581 3399 4642 dimittiterrantem.
3434 4588 3669 4647 Tradidit

2066 4682 2236 4747 enim,
2284 4677 2476 4749 inquit,
2524 4678 2662 4747 ipso:
2692 4674 2832 4730 Deus
2861 4675 2915 4728 in
2942 4675 3213 4746 reprobum
3243 4695 3445 4734 sensum
3485 4682 3667 4752 (Rom.

2071 4776 2121 4830 t.
2142 4773 2257 4845 28).
2278 4770 2406 4826 Haac
2428 4784 2495 4825 ne
2515 4769 2765 4825 ethnicus
2784 4767 3023 4839 quidem,
3044 4768 3133 4839 qui
3152 4769 3309 4839 sapit,
3336 4772 3666 4852 toleraverit.

2072 4868 2277 4925 Dicitur
2302 4864 2521 4937 quidam
2549 4872 2734 4919 orator
2762 4863 2943 4935 p0puli
2972 4852 3197 4918 Athenis
3223 4864 3513 4935 aliquando
3553 4869 3668 4927 haec

2071 4961 2174 5018 sibi
2197 4958 2497 5031 applicasse
2528 4975 2540 5011 :
2572 4955 2767 5011 deinde
2791 4969 2914 5011 cum
2943 4954 3160 5026 quidam
3204 4957 3572 5031 philosophus,
3606 4965 3670 5020 il-

2072 5053 2176 5109 lius
2191 5052 2446 5122 magister
2461 5064 2583 5102 eum
2602 5047 2844 5110 vidisset,
2862 5047 3295 5118 reprehendisse,
3313 5065 3668 5124 conquestum

2071 5159 2215 5209 esse,
2239 5138 2617 5203 momordisse,
2642 5136 2963 5192 traduxisse.
2985 5136 3096 5195 Nos
3113 5150 3293 5198 autem
3316 5142 3454 5200 adeo
3474 5147 3674 5204 misem

2072 5234 2247 5292 atl'ecti
2276 5247 2461 5289 sumus
2482 5272 2497 5297 ,
2528 5238 2587 5286 ut
2616 5230 2698 5285 bis
2726 5228 3030 5286 credamus.

2146 5330 2250 5385 Cur
2274 5327 2523 5383 miracula
2553 5342 2654 5381 non
2680 5326 2829 5395 fiant.
2869 5324 3221 5394 Quorumdam
3255 5334 3669 5401 superstitionum

2073 5424 2369 5494 descriptio.
2411 5450 2484 5463 —-
2498 5418 2607 5476 Cur
2628 5434 2735 5474 non
2759 5427 2906 5486 sunt,
2935 5418 3167 5491 inquies,
3185 5421 3276 5493 qui
3291 5435 3535 5483 mortuos
3548 5444 3669 5487 sus-

2074 5520 2261 5584 eitent,
2294 5525 2349 5571 et
2388 5513 2693 5569 curationes
2726 5511 3017 5581 peragant?
3044 5510 3174 5579 Cur,
3221 5529 3328 5569 non
3353 5514 3476 5571 dico
3507 5534 3521 5571 :
3573 5535 3673 5577 em-

2074 5624 2218 5666 nunc
2243 5623 2350 5663 non
2378 5614 2503 5660 sunt
2533 5604 2622 5674 qui
2655 5603 2820 5657 vitam
2844 5602 3145 5672 despiciant
3178 5608 3546 5675 prmsentem?
3571 5625 3669 5667 cur

2075 5700 2327 5759 mercede
2372 5698 2483 5754 Deo
2524 5697 2827 5752 servimus?
2860 5695 3087 5764 Quando
3127 5697 3449 5759 imbecillius
3477 5702 3668 5761 affecta

2076 5804 2196 5852 erat
2233 5793 2466 5849 humana
2511 5801 2733 5856 natura;
2761 5790 2978 5861 quando
3020 5793 3301 5861 oportebat
3350 5794 3576 5866 plantari
3605 5801 3667 5854 ﬁ-

2076 5888 2225 5949 dem,
2257 5894 2414 5942 erant
2438 5884 2592 5941 multi
2620 5882 2964 5958 huiusmodi;
3007 5900 3148 5941 nunc
3177 5896 3355 5941 autem
3399 5903 3506 5945 non
3556 5892 3671 5946 vult

3280 5982 3361 6043 23
