4140 6496
517 372 642 428 .3539

532 498 633 537 nos
666 481 900 554 pendere
927 481 995 535 ab
1026 478 1108 533 his
1138 477 1323 548 signis,
1354 474 1448 530 sed
1490 483 1704 544 paratos
1729 487 1849 528 esse
1880 471 1944 526 ad
1976 485 2119 524 mor-

528 584 667 630 tem.
685 575 795 628 Cur
822 586 948 642 ergo
975 571 1097 624 vitae
1123 566 1372 639 praesenti
1399 567 1669 620 inlimres't
1696 580 1790 619 cur
1815 563 1986 618 futura
2013 579 2121 618 non

534 665 768 737 aspicis?
805 674 860 719 et
889 679 983 733 pro
1010 662 1111 716 hac
1139 659 1354 730 quidem
1385 659 1547 713 etiam
1587 657 1723 712 idola
1753 657 1930 710 colere
1957 656 2120 709 susti-

535 774 653 825 nes,
688 772 784 828 pro
813 755 903 811 illa
930 762 1108 808 autem
1138 769 1207 806 nc
1237 751 1418 806 subire
1447 748 1662 818 quidem
1690 749 1924 818 aliquam
1956 745 2120 801 animi

534 842 946 919 aegritudinem?
977 843 1268 912 Propterea
1311 857 1414 894 non
1455 850 1580 893 sunt
1621 853 1762 893 nunc
1806 837 1960 901 tales,
1983 852 2118 906 quo-

534 942 674 995 niam
705 938 874 1007 turpis
901 934 1057 990 nobis
1085 935 1196 988 visa
1223 941 1306 986 est
1333 930 1420 985 illa
1450 931 1588 993 vita;
1618 929 1880 998 siquidem
1909 943 2004 996 pro
2032 926 2118 979 illa

533 1031 663 1085 nihil
687 1030 916 1100 agimus,
946 1041 1042 1096 pro
1069 1024 1169 1079 hac
1194 1034 1372 1077 autem
1403 1021 1535 1075 nihil
1554 1033 1862 1074 recusamus
1889 1016 2117 1087 perpeti.

531 1123 668 1191 Quid
697 1135 824 1177 vero
853 1118 995 1174 aliud
1023 1130 1236 1187 quoque
1264 1112 1545 1168 ridiculum
1573 1151 1586 1175 ,
1632 1110 1767 1164 cinis
1793 1119 1845 1161 et
1873 1106 2036 1176 fuligo
2065 1115 2120 1160 et

533 1215 716 1270 sales?
738 1221 793 1266 et
817 1224 1004 1265 rursus
1029 1207 1084 1263 in
1111 1205 1345 1262 medium
1378 1203 1554 1273 prodit
1576 1200 1804 1256 anicula.
1833 1199 1936 1254 Res
1965 1199 2120 1268 plane

534 1303 756 1360 ridicula
784 1309 842 1357 et
867 1299 1133 1371 pudenda.
1160 1297 1229 1351 Et
1255 1295 1465 1361 oculus,
1499 1294 1669 1363 inquit
1696 1334 1711 1357 ,
1739 1292 1914 1361 rapuit
1943 1289 2116 1344 infan-

534 1407 642 1452 tem
651 1435 666 1450 .

501 1474 504 1476 ⁷
605 1487 660 1542 6.
691 1487 980 1554 Quousque
1011 1483 1125 1537 hmc
1144 1481 1380 1536 satanica
1401 1480 1426 1534 ?
1445 1478 1714 1550 quomodo
1742 1492 1846 1530 non
1875 1475 2122 1531 ridebunt

537 1577 756 1635 Graaci?
783 1573 1053 1647 quomodo
1081 1588 1188 1628 non
1221 1571 1626 1627 subsannabunt
1649 1609 1666 1635 ,
1693 1567 1904 1639 quando
1929 1567 2009 1622 eis
2034 1565 2119 1620 di-

529 1685 715 1726 cemus
741 1681 987 1738 magnam
1013 1680 1135 1720 esse
1158 1665 1408 1718 virtutem
1429 1660 1643 1717 crucis?
1665 1659 1934 1730 quomodo
1963 1658 2013 1712 id
2041 1659 2118 1712 eis

530 1761 938 1833 persuadebitur
959 1801 972 1825 ,
994 1773 1123 1813 cum
1152 1756 1366 1810 videant
1395 1770 1493 1809 nos
1521 1769 1657 1824 opus
1682 1753 1880 1807 habere
1907 1752 1972 1806 iis
2000 1765 2120 1821 quae

531 1855 633 1926 ipsi
665 1852 928 1910 irrident?
972 1860 1255 1922 propterea
1288 1849 1432 1903 Deus
1476 1846 1624 1903 dedit
1657 1846 1894 1902 medicos
1921 1853 1975 1899 et
2001 1859 2117 1898 me-

530 1945 878 2000 dicamenta?
922 1942 1059 2010 Quid
1091 1955 1219 1996 vero
1244 1982 1260 2003 ,
1288 1940 1331 1993 si
1364 1939 1437 1994 illi
1471 1953 1574 1993 non
1602 1944 1792 1994 curent
1814 1977 1829 2001 ,
1863 1934 1957 1990 sed
1989 1948 2120 2004 puer

529 2036 785 2094 excedat?
803 2035 920 2102 Quo
939 2034 1070 2101 abit,
1085 2034 1400 2102 dic,qu:eso,
1424 2029 1609 2085 infelix
1633 2038 1687 2084 et
1708 2029 1906 2084 miser?
1923 2027 1988 2082 ad
2011 2027 2122 2082 dae-

529 2144 790 2185 tnonesne
817 2129 927 2184 abit
947 2135 1002 2180 et
1021 2126 1086 2180 ad
1111 2124 1435 2197 tyrannum?
1459 2137 1636 2178 annon
1666 2123 1778 2178 abit
1801 2123 1854 2176 in
1885 2120 2119 2178 callum?

531 2237 711 2278 annon
756 2219 822 2275 ad
867 2234 1022 2275 suum
1069 2215 1396 2272 Dominum?
1430 2215 1556 2286 quid
1603 2231 1730 2286 ergo
1771 2213 2118 2284 dolcsiquid

531 2314 671 2371 ﬂes?
698 2311 822 2382 quid
853 2310 1040 2381 luges?
1087 2309 1213 2378 quid
1263 2306 1519 2362 infantem
1550 2308 1718 2378 magis
1741 2306 1919 2377 diligis
1957 2321 2115 2376 quam

527 2404 860 2464 Dominum?
904 2416 1085 2457 nonne
1127 2410 1346 2471 prepter
1398 2400 1546 2454 illum
1582 2415 1716 2455 eum
1770 2399 1978 2453 habes?
2019 2413 2116 2452 cur

537 2509 623 2555 est
669 2500 949 2570 ingratus,
997 2495 1087 2564 qui
1139 2493 1336 2548 donum
1388 2493 1509 2564 plus
1557 2508 1705 2548 antes
1755 2509 1914 2563 quam
1966 2492 2115 2546 illum

529 2593 620 2664 qui
646 2585 838 2647 dedit?
884 2591 952 2642 At
976 2602 1093 2641 sum
1122 2629 1135 2651 ,
1169 2586 1359 2655 inquit,
1393 2586 1715 2652 imbecillus,
1747 2595 1802 2640 et
1844 2600 1949 2640 non
1997 2584 2116 2640 fero

529 2683 624 2739 Dei
667 2683 937 2736 timorem.
967 2677 1101 2732 Nam
1144 2678 1188 2731 si
1234 2676 1290 2730 in
1329 2677 1487 2731 malis
1528 2675 1900 2746 corporalibus
1941 2676 2117 2746 majus

529 2774 662 2844 tegit
705 2769 882 2826 minus
905 2810 923 2835 ,
950 2768 1120 2823 multo
1161 2767 1330 2837 magis
1371 2767 1424 2821 in
1464 2767 1640 2821 anima
1673 2767 1830 2822 timor
1855 2767 2018 2822 solvit
2045 2767 2116 2821 ti-

528 2882 758 2931 morem,
785 2872 842 2920 et
865 2863 1020 2919 dolor
1048 2861 1314 2916 dolorem.
1356 2859 1486 2915 Erat
1530 2875 1664 2931 puer
1712 2859 1976 2930 pulcher?
2005 2859 2113 2914 Sed

529 2956 1057 3029 cujusmodicumque
1085 2961 1252 3017 esset,
1287 2967 1392 3006 non
1421 2960 1539 3006 erat
1568 2951 1752 3006 lsaaco
1777 2949 2063 3021 pulchrior
2096 2967 2111 3004 :

529 3059 644 3106 erat
667 3048 756 3103 ille
781 3059 992 3118 quoque
1021 3043 1230 3098 unicus.
1272 3039 1329 3096 ιιι
1354 3051 1637 3098 senectute
1666 3041 1761 3096 tibi
1794 3050 1951 3096 natus
1982 3038 2114 3094 est?

528 3141 600 3198 Et
626 3141 738 3196 ille.
773 3137 877 3194 Sed
920 3145 1004 3191 est
1047 3143 1306 3190 venustus
1333 3141 1388 3188 et
1412 3131 1670 3202 elegans?
1713 3131 1910 3188 Verum
1937 3130 2115 3202 cujus-

526 3233 904 3302 modicumque
930 3231 1019 3294 sit,
1043 3243 1149 3282 non
1172 3235 1254 3282 est
1279 3226 1462 3297 Moyse
1502 3224 1778 3282 venustior
1797 3234 1862 3281 et
1887 3226 2106 3295 elegan-

527 3328 652 3391 tior,
686 3324 774 3393 qui
806 3323 964 3377 etiam
995 3319 1305 3374 barbaricos
1329 3318 1516 3372 oculos
1545 3316 1716 3372 illexit
1743 3315 1810 3371 ad
1841 3315 1924 3371 sui
1955 3331 2114 3370 amo-

525 3434 667 3485 rem,
698 3416 860 3486 idque
881 3429 946 3468 eo
976 3423 1219 3483 tempore
1243 3411 1438 3472 aetatis,
1473 3410 1523 3464 in
1553 3424 1658 3479 quo
1684 3409 1921 3464 nondum
1951 3423 2117 3479 appa-

525 3518 614 3566 re‘t
641 3517 896 3563 venustas
921 3513 975 3560 et
1003 3501 1427 3574 elegantia;sed
1477 3511 1654 3554 tamen
1695 3515 1818 3555 eum
1859 3499 2114 3556 dilectum

523 3600 584 3656 in
613 3600 833 3654 fluvium
853 3597 1110 3668 jeeerunt
1136 3603 1407 3664 parentes.
1430 3591 1754 3673 Tu‘quidem
1781 3601 1836 3646 et
1861 3590 2010 3647 vides
2033 3591 2115 3662 jac

525 3702 736 3749 centem
759 3731 775 3758 ,
798 3699 848 3745 et
881 3688 1100 3745 mandas
1131 3685 1423 3756 sepultura:
1442 3728 1458 3754 ,
1489 3695 1545 3740 et
1569 3686 1686 3740 abis
1715 3684 1780 3739 ad
1811 3685 2114 3740 monimen-

528 3798 640 3840 tum
675 3803 688 3838 :
720 3781 796 3838 illi
840 3792 1021 3836 autem
1054 3780 1370 3835 nesciebant
1394 3793 1521 3833 num
1552 3778 1789 3848 piscibus
1818 3791 1943 3832 esca
1973 3784 2117 3830 esset

524 3878 757 3938 futurus,
779 3889 847 3926 an
877 3872 1099 3927 canibus
1127 3912 1140 3936 ,
1171 3885 1238 3924 an
1269 3869 1427 3925 alicui
1457 3868 1550 3922 alii
1581 3868 1767 3922 bestia:
1796 3882 1863 3922 ex
1897 3868 1962 3922 iis
1992 3883 2114 3936 qua:

525 3973 818 4037 pascuntur
838 3963 891 4018 in
916 3962 1049 4016 mari
1073 3977 1088 4016 :
1114 3970 1168 4016 et
1188 3961 1304 4015 hcce
1325 3959 1615 4024 faciebant,
1640 3971 1761 4012 cum
1784 3957 1913 4010 nihil
1937 3957 2112 4012 adhuc

523 4059 725 4114 scirent
748 4054 816 4111 de
842 4069 1026 4124 regno,
1057 4068 1230 4123 neque
1257 4051 1325 4107 de
1349 4049 1762 4106 resurrectione.
1796 4049 1864 4103 At
1890 4062 1993 4102 non
2025 4057 2110 4102 est

525 4149 736 4215 unicus,
764 4145 858 4201 sed
899 4145 1015 4215 ipse
1041 4158 1255 4214 quoque
1283 4151 1405 4212 post
1434 4141 1632 4195 multos
1684 4140 1959 4196 excessit?
2004 4139 2111 4195 Sed

524 4254 634 4295 non
675 4247 782 4291 tam
830 4235 1107 4305 repentina
1133 4243 1187 4288 et
1215 4242 1322 4286 tam
1348 4232 1683 4287 accutnulata
1715 4231 1987 4300 tristisque
2018 4229 2116 4285 fuit

525 4331 822 4396 calamitas,
846 4343 1003 4398 quam
1027 4322 1303 4396 quae‘Jobo
1323 4324 1555 4380 accidit:
1586 4339 1690 4379 non
1717 4333 1856 4380 tecto
1877 4323 2112 4394 deiecto,

524 4438 632 4478 non
664 4421 805 4476 inter
831 4417 1218 4490 prandendum,
1254 4432 1358 4471 non
1388 4416 1783 4472 calamitatibus
1827 4418 1975 4487 prius
2019 4433 2116 4472 an-

521 4514 802 4570 nuntiatis.
843 4513 910 4567 At
939 4526 968 4565 a
1001 4520 1052 4564 te
1080 4510 1444 4580 diligebatur?
1487 4509 1593 4566 Sed
1621 4527 1728 4565 non
1759 4512 1928 4582 magis
1952 4525 2112 4582 quam

526 4607 723 4678 Joseph
749 4607 1038 4660 devoratus
1063 4619 1093 4658 a
1125 4603 1294 4658 bestia
1318 4619 1332 4666 ;
1361 4602 1457 4658 sed
1485 4612 1662 4658 tamen
1688 4603 1808 4658 tulit
1832 4603 2113 4658 calamita-

527 4710 656 4764 tem,
679 4705 733 4752 c't
751 4712 872 4767 qua:
901 4704 1018 4766 post
1040 4693 1185 4748 illam
1207 4693 1433 4762 exstitit,
1457 4703 1510 4750 et
1537 4711 1657 4766 quae
1684 4703 1806 4764 post
1833 4695 1987 4750 hanc.
2011 4695 2113 4749 Pa-

1256 368 1314 420 S.
1355 361 1633 419 JOANNIS
1670 353 2142 415 CIIRYSOSTOMI
2181 355 2494 411 AfiClllEP.
2537 358 3069 416 CONSTANTINOP.

3711 360 3820 420 ’διτο

2233 479 2312 523 ter
2339 471 2504 537 flevit,
2532 471 2626 526 sed
2656 489 2760 527 non
2791 474 2952 543 impie
2978 490 3036 530 se
3066 475 3270 546 gessit;
3301 475 3454 542 luxit,
3478 477 3573 532 sed
3601 492 3706 532 non
3735 480 3817 532 in-

2231 561 2579 616 tolerabiliter
2605 565 2746 630 tulit,
2787 565 2881 619 scd
2915 581 3082 636 usque
3107 566 3173 619 ad
3207 566 3321 620 hmc
3353 568 3514 622 verba
3542 571 3811 634 constitit,

2228 653 2446 716 dicens,
2476 653 2670 723 Joseph
2700 673 2801 710 non
2829 667 2920 723 est,
2951 658 3175 729 Symeon
3201 677 3300 713 non
3331 671 3404 714 est
3423 703 3438 726 ,
3471 671 3517 714 et
3547 661 3819 732 Benjamin

2227 745 2511 813 auferetis?
2537 747 2590 800 in
2623 764 2702 800 me
2727 752 2864 818 facta
2895 761 3013 803 sunt
3044 751 3214 804 omnia
3242 749 3410 822 (Gen.
3433 751 3524 806 42.
3548 753 3618 808 '56
3641 753 3682 824 ).
3718 752 3815 807 Vi-

2227 836 2323 891 des
2348 838 2616 907 qnomodo
2643 839 2716 893 illi
2745 842 3071 910 persuaserit
3115 842 3272 897 famis
3310 843 3552 913 tyrannis
3583 853 3641 898 ut
3667 844 3812 898 filios

2228 926 2566 998 despiceret;
2597 931 2736 999 apud
2783 941 2836 985 te
2877 940 3055 986 autem
3107 948 3211 987 non
3261 942 3467 988 tantum
3513 943 3690 1004 potest
3721 933 3814 988 Dei

2228 1031 2404 1076 metus
2426 1064 2440 1086 ,
2469 1032 2726 1091 quantum
2765 1021 2972 1078 fames?
3000 1023 3323 1096 Lacrymare
3347 1065 3363 1088 .
3391 1041 3498 1080 non
3528 1037 3693 1091 veto;
3721 1026 3817 1081 sed

2228 1114 2358 1168 nihil
2383 1115 2750 1184 blasphemum
2772 1115 2974 1171 dixeris
2995 1133 3095 1172 nec
3114 1116 3324 1172 feceris.
3351 1116 3818 1188 Cujusmodicum-

2228 1222 2331 1276 que
2380 1207 2450 1260 sit
2495 1206 2654 1272 filius,
2683 1223 2788 1261 non
2821 1218 2906 1262 est
2931 1222 3055 1262 cum
3084 1207 3254 1262 Abele
3281 1209 3640 1264 conferendus
3671 1227 3686 1262 :
3718 1206 3818 1263 sed

2229 1298 2360 1353 nihil
2393 1297 2496 1351 tale
2524 1297 2659 1352 dixit
2691 1279 2888 1353 Adam.
2939 1300 3100 1370 Atqui
3131 1301 3308 1369 gravis
3332 1311 3448 1354 erat
3479 1300 3566 1354 illa
3593 1300 3816 1354 calami-

2230 1398 2310 1443 tas
2340 1407 2353 1443 :
2386 1390 2510 1459 quid
2542 1391 2685 1445 enim
2727 1392 2940 1459 gravius
2964 1433 2979 1456 ,
3010 1407 3169 1461 quam
3200 1391 3344 1462 quod
3388 1394 3551 1446 frater
3596 1393 3814 1446 fratrem

2227 1479 2595 1536 interfecerit?
2623 1481 2727 1536 Sed
2753 1483 2896 1536 enim
2925 1481 3153 1536 aliorum
3180 1498 3393 1552 quoque
3419 1483 3815 1538 fratricidarum

2227 1581 2524 1642 opportune
2569 1573 2711 1626 subit
2753 1574 3012 1627 memoria
3062 1589 3074 1626 :
3128 1574 3273 1626 velut
3317 1575 3532 1642 quando
3579 1574 3815 1628 Absalon

2227 1667 2454 1718 Ammon
2499 1662 2768 1717 interfecit
2814 1664 3224 1732 primogenitum
3254 1664 3346 1732 (2.
3398 1665 3522 1734 Reg.
3572 1665 3679 1735 13)
3710 1683 3725 1718 :
3759 1675 3816 1718 et

2227 1754 2391 1809 David
2417 1771 2511 1809 rex
2543 1755 2754 1809 amabat
2799 1770 3045 1824 puerum,
3075 1766 3126 1809 et
3161 1757 3210 1809 iu
3242 1771 3400 1809 sacco
3423 1756 3636 1825 quidem
3657 1756 3810 1824 jace-

2227 1849 2318 1903 bat
2343 1859 2397 1904 et
2423 1850 2624 1904 cinere.
2670 1847 2784 1903 Non
2821 1863 2950 1902 vero
2979 1847 3202 1902 adduxit
3235 1847 3566 1902 divinatores
3591 1889 3603 1909 ,
3640 1863 3814 1914 neque

2228 1941 2609 2002 incantatores,
2639 1939 2738 1993 etsi
2769 1950 2895 1993 tunc
2923 1950 3114 2004 erant;
3165 1939 3323 2008 idque
3365 1939 3601 1993 ostendit
3635 1938 3764 1993 Saitl
3798 1955 3812 1991 :

2225 2041 2280 2086 at
2307 2032 2418 2086 Deo
2444 2031 2794 2100 supplicabat.
2845 2030 2924 2086 Tu
2961 2047 3176 2101 quoque
3209 2032 3262 2086 id
3309 2031 3391 2086 fac
3422 2051 3434 2086 :
3462 2031 3603 2103 quod
3637 2033 3814 2102 justus

2227 2123 2370 2186 facit,
2395 2122 2477 2176 fac
2509 2131 2561 2175 tu
2591 2137 2802 2192 quoque
2833 2141 2846 2177 :
2882 2123 3068 2177 eadem
3101 2123 3186 2178 dic
3213 2124 3394 2188 verba,
3419 2123 3634 2194 quando
3664 2138 3816 2177 mor-

2233 2225 2352 2268 tuus
2382 2213 2540 2268 fuerit
2581 2213 2796 2269 infans:
2828 2215 2939 2284 Ego
2981 2214 3049 2269 ad
3094 2217 3265 2285 ipsum
3308 2217 3490 2282 abibo,
3521 2219 3637 2289 ipse
3687 2237 3816 2275 vero

2227 2323 2332 2361 non
2357 2308 2536 2362 veniet
2565 2309 2631 2360 ad
2661 2323 2766 2360 me.
2799 2306 2911 2362 Hoc
2933 2315 3018 2362 est
3047 2307 3402 2378 pltilosophiie
3425 2352 3439 2374 ,
3465 2309 3568 2365 hoc
3595 2322 3682 2365 est
3715 2313 3812 2366 he-

2226 2399 2561 2454 nevolentiie.
2593 2397 2665 2454 Ut
2709 2413 2858 2454 ames
2902 2397 3196 2465 infantem,
3227 2416 3334 2454 non
3387 2411 3590 2456 tantum
3639 2419 3813 2470 amas,

2225 2503 2480 2562 quantum
2509 2493 2600 2548 ille
2627 2502 2752 2547 tunc
2775 2534 2791 2559 ,
2819 2493 3028 2547 etiamsi
3056 2503 3200 2547 esset
3229 2502 3384 2548 natus
3409 2509 3475 2548 ex
3503 2495 3766 2549 adulterio
3797 2514 3814 2550 :

2225 2584 2508 2638 tenebatur
2552 2595 2730 2638 autem
2761 2592 2888 2638 tunc
2919 2584 3009 2638 ille
3037 2583 3224 2637 beatus
3251 2598 3468 2638 summo
3499 2586 3686 2638 matris
3715 2585 3815 2641 de-

2223 2673 2440 2730 siderio.
2489 2675 2648 2730 Scitis
2697 2684 2875 2729 autem
2925 2673 3085 2730 fretus
3131 2676 3330 2729 amoris
3380 2687 3655 2745 parentum
3689 2692 3816 2746 pir-

2225 2768 2413 2837 ticipes
2439 2783 2582 2823 esse.
2633 2768 2697 2822 Et
2729 2776 2907 2822 tantus
2949 2776 3068 2822 erat
3109 2782 3281 2833 amor,
3309 2778 3366 2822 ut
3412 2777 3467 2822 et
3507 2771 3550 2822 si
3597 2779 3819 2840 propter

2221 2875 2345 2916 eum
2375 2862 2518 2916 male
2541 2861 2780 2924 audiret,
2811 2861 2969 2915 vellet
2999 2870 3176 2916 tamen
3205 2876 3326 2915 eum
3357 2862 3544 2917 vivere
3569 2879 3584 2916 :
3614 2861 3708 2916 sed
3738 2873 3819 2914 ta-

2223 2970 2346 3010 men
2376 2955 2486 3009 Deo
2515 2955 2622 3024 egit
2649 2954 2870 3024 gratias.
2920 2953 3204 3021 Quomodo
3248 2953 3494 3008 affectam
3537 2957 3818 3009 existimas

2223 3044 2386 3100 fuisse
2415 3044 2738 3108 Rebeccam,
2763 3045 2975 3115 quando
3001 3044 3202 3100 Jacobo
3235 3047 3466 3101 minatus
3495 3056 3579 3101 est
3604 3046 3771 3101 frater
3794 3049 3817 3100 ?

2223 3137 2472 3191 maritum
2506 3153 2610 3190 non
2642 3135 2822 3191 affecit
2851 3137 3098 3191 molestia
3125 3177 3140 3201 ,
3170 3137 3266 3192 sed
3294 3139 3454 3206 jussit
3479 3153 3601 3192 eum
3628 3154 3818 3193 antan-

2222 3229 2374 3284 dare.
2396 3228 2582 3298 Cogita
2615 3243 2735 3298 quae
2763 3236 2887 3282 sunt
2913 3228 2996 3282 his
3025 3229 3206 3298 pejora
3234 3269 3250 3294 ,
3280 3244 3400 3284 cum
3424 3244 3586 3299 grave
3615 3229 3816 3300 aliquid

2224 3321 2440 3390 pateris,
2456 3329 2509 3376 et
2530 3318 2883 3374 sufficientem
2902 3319 3122 3374 habebis
3137 3321 3556 3376 consolationem
3574 3338 3587 3382 ;
3605 3329 3660 3375 et
3674 3323 3816 3391 apud

2224 3420 2277 3468 te
2302 3420 2510 3482 reputa,
2537 3409 2666 3482 quid
2695 3410 2742 3466 si
2770 3411 2822 3465 in
2851 3409 2992 3465 bello
3021 3420 3172 3466 esset
3197 3419 3441 3466 mortuus
3467 3411 3490 3466 ?
3533 3411 3659 3482 quid
3686 3414 3731 3466 si
3760 3413 3817 3468 in

2223 3502 2464 3574 igne?ct
2489 3500 2748 3573 quidquid
2793 3501 2936 3572 passi
2988 3500 3269 3568 fuerimus,
3319 3502 3566 3572 graviora
3609 3507 3814 3573 cogite-

2223 3609 2344 3650 mus
2363 3636 2376 3658 ,
2404 3604 2461 3650 et
2485 3595 2564 3650 sic
2593 3594 2952 3649 sufficientem
2998 3593 3315 3650 habebimus
3342 3596 3764 3651 consolationem
3791 3613 3809 3661 ;

2221 3698 2276 3744 ct
2300 3701 2392 3742 eos
2416 3686 2506 3758 qui
2531 3687 2774 3757 graviora
2799 3687 2941 3756 passi
2962 3696 3107 3751 sunt,
3131 3701 3345 3758 semper
3363 3686 3810 3750 consideremus;

2224 3792 2433 3833 necnon
2465 3779 2508 3831 si
2542 3777 2640 3847 ipsi
2671 3777 2916 3847 graviora
2965 3777 3256 3846 aliquando
3300 3779 3442 3847 passi
3485 3792 3689 3832 sumus.
3723 3777 3815 3832 Sic

2223 3870 2382 3923 etiam
2411 3868 2655 3923 hortatur
2679 3869 2897 3936 Paulus,
2929 3881 2987 3922 ut
3025 3869 3242 3938 quando
3269 3869 3418 3936 dicit,
3449 3868 3696 3923 Nondum
3722 3885 3812 3922 us-

2221 3977 2319 4030 que
2337 3961 2405 4013 ad
2424 3961 2716 4031 sanguinem
2737 3960 2986 4014 restitistis
3002 3959 3245 4015 adversus
3268 3971 3528 4026 peccatum
3551 3960 3814 4013 decertan-

2224 4062 2295 4106 tes
2311 4051 2495 4125 (llebr.
2520 4053 2606 4108 12.
2633 4053 2688 4122 4)
2707 4070 2720 4118 ;
2741 4062 2795 4108 et
2813 4068 3020 4118 rursus,
3043 4051 3276 4107 Tentatio
3298 4069 3383 4108 vos
3406 4070 3506 4108 non
3523 4053 3810 4124 apprehen-

2223 4145 2318 4212 dit,
2345 4147 2441 4202 nisi
2469 4147 2693 4200 humana
2719 4144 2804 4217 (1.
2831 4143 2951 4201 Cor.
2983 4144 3070 4200 l0.
3101 4145 3170 4200 15
3194 4144 3233 4218 ).
3267 4146 3336 4200 Iis
3365 4160 3494 4216 ergo
3518 4161 3638 4216 quin
3665 4146 3806 4216 passi

2221 4237 2484 4295 fuerimus
2509 4240 2751 4310 graviora
2779 4238 3217 4300 consideremus:
3249 4238 3582 4294 inveniemus
3627 4240 3803 4300 enim;

2223 4341 2276 4387 et
2296 4330 2373 4386 sic
2391 4331 2594 4387 erimus
2613 4330 2768 4400 grati.
2797 4331 2936 4384 Ante
2957 4330 3135 4385 omnia
3158 4339 3362 4396 autem,
3391 4338 3608 4399 propter
3628 4329 3806 4384 omnia

2221 4421 2435 4476 assidue
2463 4421 2663 4490 gratias
2691 4433 2912 4490 agamus
2941 4437 2956 4475 τ
2989 4419 3066 4474 sic
3097 4421 3239 4476 enim
3268 4431 3322 4476 et
3352 4419 3469 4474 hanc
3489 4421 3804 4484 cessabunt,

2222 4523 2279 4570 et
2303 4527 2402 4568 nos
2429 4511 2496 4566 ad
2526 4511 2618 4566 Dei
2643 4511 2869 4582 gloriam
2900 4511 3164 4578 vivemus,
3187 4520 3243 4566 et
3265 4512 3404 4568 bona
3432 4511 3695 4581 promissa
3723 4524 3810 4562 as-

2224 4619 2513 4674 sequemur
2543 4619 2556 4656 :
2586 4617 2706 4673 qua:
2751 4601 2909 4656 detur
2945 4601 3103 4657 nobis
3131 4603 3346 4674 assequi
3375 4604 3544 4673 gratia
3571 4611 3627 4656 et
3653 4601 3809 4657 beni-

2223 4698 2443 4769 gnitate,
2473 4704 2582 4752 etc.

1911 4880 2256 4945 HOMILIA
2297 4880 2420 4944 1X.

526 5022 656 5078 Car.
689 5027 742 5082 5.
766 5039 826 5080 ν.
855 5025 946 5080 16.
989 5022 1208 5078 Verbum
1249 5021 1434 5078 Christi
1463 5024 1648 5077 habitet
1690 5023 1743 5078 in
1781 5026 1918 5079 vobis
1953 5026 2117 5078 abun-

599 5117 804 5181 danter,
826 5116 895 5168 .in
931 5117 1068 5169 omni
1104 5116 1353 5187 sapientia
1392 5115 1627 5170 docentes
1664 5127 1714 5170 et
1743 5127 2115 5172 commonentes

603 5225 690 5262 vos
718 5211 856 5278 ipsos
884 5209 937 5261 in
963 5208 1174 5278 psalmis
1201 5217 1249 5262 et
1279 5205 1479 5278 hymnis
1519 5216 1568 5262 et
1591 5191 1801 5261 canticis
1825 5208 2116 5277 spirituali-

597 5299 717 5364 ιω,
741 5300 795 5351 in
825 5299 991 5368 gratia
1017 5307 1274 5352 cantantes
1301 5300 1354 5351 in
1379 5299 1614 5352 cordibus
1641 5299 1818 5352 uestris
1848 5298 2068 5352 Domino
2097 5313 2118 5353 :

601 5392 690 5446 17.
747 5401 795 5444 et
821 5406 995 5443 .-omne
1039 5392 1388 5458 quodcumque
1416 5391 1585 5460 facitis
1630 5390 1683 5443 in
1724 5390 1873 5443 verba
1927 5388 2016 5442 ᾱιιι
2061 5390 2115 5443 in

600 5500 772 5552 apere,
799 5483 972 5536 omnia
1009 5485 1063 5537 in
1090 5484 1293 5537 nomine
1319 5481 1531 5536 Domini
1563 5483 1720 5536 nostri
1754 5482 1878 5536 Iesu
1903 5480 2112 5548 Christi,

600 5573 793 5642 gratias
813 5583 1015 5642 agentes
1044 5573 1147 5628 Deo
1176 5584 1222 5628 et
1252 5573 1396 5626 Patri
1421 5588 1510 5642 per
1537 5575 1726 5644 ipsum.

601 5662 652 5715 1.
684 5662 950 5726 Quomodo
969 5665 1101 5733 grati
1125 5665 1176 5717 in
1201 5663 1362 5717 Deunt
1393 5663 1505 5731 ﬁeri
1533 5663 1803 5731 possimus.
1831 5662 2117 5733 Scriptura

523 5759 686 5805 sacra:
710 5751 953 5818 legendae.
987 5783 1058 5795 —-
1085 5754 1218 5810 Cum
1258 5754 1515 5810 suasisset
1559 5767 1693 5810 esse.
1720 5762 1923 5824 gratos,
1972 5753 2111 5808 viam

2221 5022 2477 5080 ostendit.
2521 5022 2692 5092 Quam
2719 5023 2904 5079 illam?
2952 5023 3033 5080 De
3073 5040 3177 5094 qua
3213 5039 3316 5080 nos
3341 5023 3620 5080 vobiscum
3663 5023 3814 5094 prius

2222 5114 2597 5170 disseruimus.
2643 5114 2783 5183 Quid
2807 5115 3036 5171 dicens?
3070 5114 3286 5170 Verbum
3318 5115 3506 5170 Christi
3534 5115 3724 5170 habitet
3755 5117 3807 5170 is

2221 5206 2360 5260 vobis
2402 5204 2740 5261 abundanter.
2794 5206 2906 5260 fmo
2944 5221 3076 5261 vero
3126 5223 3231 5261 non
3277 5207 3416 5262 hanc
3463 5207 3660 5272 solum,
3715 5207 3816 5259 sed

2225 5296 2390 5350 etiam
2412 5297 2591 5349 aliam.
2621 5294 2753 5350 Nam
2778 5312 2878 5366 ego
2899 5299 3114 5367 quidem
3145 5297 3277 5365 dixi,
3306 5297 3449 5367 quod
3475 5307 3689 5367 oportet
3713 5310 3811 5350 eos

2225 5389 2391 5442 etiam
2437 5403 2724 5443 recensere
2752 5391 2842 5459 qui
2883 5391 3132 5460 graviora
3169 5391 3311 5461 passi
3343 5401 3486 5456 sunt,
3535 5400 3592 5444 et
3633 5392 3814 5446 animo

2224 5493 2440 5533 versare
2468 5493 2562 5532 eos
2596 5480 2684 5549 qui
2723 5481 3093 5536 sustinuerunt
3128 5497 3192 5536 ac
3216 5482 3520 5536 tolerarunt
3564 5481 3812 5551 graviora

2225 5588 2382 5643 quam
2408 5587 2525 5638 nos,
2559 5583 2612 5628 et
2635 5576 2838 5643 gratias
2869 5591 3030 5646 agere
3055 5577 3196 5647 quod
3231 5575 3320 5630 illa
3351 5592 3457 5631 non
3484 5575 3762 5631 evenerint
3795 5592 3810 5626 :

2226 5663 2339 5734 ipsc
2367 5679 2493 5719 vero
2518 5665 2644 5734 quid
2675 5665 2842 5720 dicit?
2894 5665 3110 5721 Verbum
3153 5666 3338 5725 Christi
3368 5668 3554 5721 habitet
3591 5669 3645 5719 in
3671 5667 3817 5720 vobis

2228 5756 2576 5828 abundanter,-
2619 5756 2721 5815 hoc
2745 5768 2849 5830 est,
2877 5759 3144 5839 doctrina,
3174 5764 3446 5836 dogmata,
3489 5759 3811 5827 admonitio,
