4140 6492
460 375 560 430 361
1157 377 1215 428 S.
1258 372 1546 429 JO.\.\'NIS
1586 368 2084 427 CIIRYSOSTOMI
2124 370 2448 430 ARCIIIEP.
2486 369 3044 428 CONSTANTINOP.

459 495 647 564 φησὶν,
702 492 772 546 ἐν
818 492 962 561 ὑμῖν
994 493 1326 556 πλουσίως,
1375 493 1450 562 μὴ
1507 490 1717 556 ἁπλῶς,
1753 491 1888 545 ἀλλά
1921 491 2062 563 μετὰ

460 581 664 650 πολλῆς
683 581 778 648 τῆς
801 581 1139 650 περιουσίας.
1173 580 1470 633 Ἀκούσατε
1497 581 1614 634 ὅσοι
1637 580 1760 632 ἐστέ
1778 578 2059 646 κοσμικοὶ,

461 670 555 722 καὶ
591 667 848 734 γυναικὸς
883 669 970 720 καί
1003 667 1210 720 παίδων
1239 668 1593 740 προΐστασθε,
1635 669 1752 730 πῶς
1805 669 1901 720 καὶ
1933 668 2062 735 ὑμῖν

465 756 751 824 ἐπιτρέπει
778 756 1010 823 μάλιστα
1028 755 1125 818 τάς
1143 756 1367 827 Γραφάς
1388 755 1784 824 ἀναγινώσκειν
1805 771 1818 784 ·
1845 755 1942 807 καὶ
1964 755 2065 824 οὑχ

467 844 654 906 ἀπλώς
680 843 800 895 οὑδὲ
835 841 910 906 ὡς
945 843 1157 915 ἔτυχεν,
1197 845 1334 898 ἀλλὰ
1362 845 1502 912 μετά
1536 844 1736 914 πολλῆς
1757 843 1857 912 τῆς
1892 860 2064 895 σπου-ι

465 932 580 1001 δής.
611 931 820 1002 Ὥσπερ
853 933 962 1002 γὰρ
996 935 1024 984 ό
1050 931 1305 995 πλούσιος
1338 934 1396 984 ἐν
1443 933 1690 1004 χρήμασι
1718 931 1924 1002 ζημίαν
1968 931 2065 983 καὶ

466 1021 766 1092 καταδίκην
797 1025 1044 1090 ἐνεγκεῖν
1068 1023 1312 1087 δύναται,
1346 1022 1520 1086 οὑτως
1542 1023 1832 1075 ὁπλουτῶν
1863 1023 1922 1074 ἐν
1941 1021 2065 1089 δόγο

471 1127 606 1180 μασι
640 1109 980 1178 φιλοσοφίας,
1014 1111 1136 1182 οὑχὶ
1170 1111 1360 1165 πενίαν
1403 1111 1586 1180 μόνον,
1637 1110 1772 1163 ἀλλά
1837 1110 1930 1163 καὶ
1961 1109 2068 1163 πά-

467 1217 566 1262 σας
616 1199 713 1262 τὰς
743 1200 1029 1270 συμφοράς
1052 1200 1292 1262 εὑκόλως
1337 1200 1498 1264 οἴσει,
1540 1201 1636 1252 καὶ
1663 1200 1874 1253 ἐκείνου
1906 1200 2064 1251 εὑκο-

466 1287 724 1359 λὼτερον.
767 1289 915 1340 Ἐκεῖ
958 1289 1058 1358 μὲν
1097 1289 1206 1358 γὰρ
1247 1289 1304 1340 ἐν
1333 1292 1401 1359 τῇ
1451 1288 1697 1342 διαλύσει
1728 1290 1828 1358 τῆς
1857 1287 2064 1358 ζημίας

467 1376 685 1445 ἀνάγκη
721 1376 812 1428 τὸν
851 1375 978 1428 ὄντα
1023 1375 1278 1428 πλούσιον
1327 1375 1682 1429 ἐιαττοῦσθαι
1711 1377 1805 1428 καὶ
1839 1376 2063 1444 ἐλέγχε-

471 1464 636 1516 σθαι·
680 1463 781 1515 κᾶν
843 1463 1105 1526 πολλάκις
1140 1464 1301 1516 τοῦτο
1335 1464 1520 1536 πάθῃ,
1549 1465 1736 1517 οὐκέτι
1773 1463 2066 1534 δυνήσεται

475 1557 718 1623 ἐνεγκεῖν
735 1573 748 1584 ·
773 1553 1006 1606 ἐνταῦθα
1030 1553 1085 1605 δέ
1108 1555 1206 1623 οὑχ
1227 1554 1402 1616 οὕτως
1423 1570 1436 1583 °
1457 1554 1581 1608 οὑδὲ
1603 1553 1711 1626 γὰρ
1731 1553 2065 1622 δαπανῶμεν

473 1647 600 1706 τοὺς
625 1644 800 1712 ὑγιεῖς
823 1643 1139 1714 λογισμοὺς,
1160 1645 1292 1698 ὅταν
1313 1647 1560 1712 ἐνεγκεῖν
1581 1662 1634 1698 τι
1652 1644 1748 1717 δέῃ
1769 1643 1878 1697 τῶν
1903 1641 2068 1695 ἀδου-

473 1732 673 1803 λήτων,
693 1731 830 1784 ἀλλὰ
855 1733 1078 1802 μένουσι
1107 1731 1425 1796 διαπαντός.
1452 1735 1562 1786 Καὶ
1595 1735 1696 1802 ὅρα
1724 1731 1826 1803 τὴν
1846 1732 2066 1784 σύνεσιν

474 1817 571 1870 τοῦ
618 1817 893 1888 μακαρίου
927 1818 1146 1870 τούτου·
1185 1818 1301 1870 Οὑκ
1327 1812 1503 1870 εἶπεν*
1543 1818 1600 1871 ’0
1621 1818 1776 1886 λόγος
1805 1815 1901 1870 τοῦ
1927 1817 2065 1886 Χρι-

479 1905 606 1959 στοῦ
634 1907 692 1958 ἐν
714 1906 842 1976 ὑμῖν
871 1903 1032 1970 ἔστω,
1053 1905 1266 1970 ἁπλῶς,
1295 1905 1432 1959 ἀλλὰ
1447 1905 1534 1971 τί;
1567 1906 1926 1970 Ἐνοικείτω,
1947 1906 2064 1969 καὶ,

475 1996 818 2060 Πλουσίως.
853 1995 948 2046 Ἑν
979 1993 1146 2063 πάσῃ
1164 1995 1352 2063 σοφίᾳ
1381 1994 1778 2061 διδάσκοντες
1800 1995 1899 2048 καὶ
1927 2010 2068 2046 rav-

475 2082 792 2148 θετοῦντες
829 2082 1104 2148 ἑαυτούς.
1134 2083 1244 2153 Τὴν
1273 2084 1478 2154 ἀρετήν
1498 2100 1633 2152 φησι
1667 2082 1862 2151 σοφίαν
1886 2097 1898 2110 ·
1922 2081 2069 2134 εἰκό-

474 2188 618 2237 τως·
648 2173 745 2224 καὶ
784 2172 816 2240 ἡ
845 2169 1324 2242 ταπεινοφροσύνη
1354 2170 1498 2242 γάρξ
1517 2171 1614 2224 καὶ
1639 2173 1672 2240 ἠ
1701 2170 2070 2240 ἐλεημοσύνη,

480 2261 575 2314 καὶ
606 2260 709 2312 ὅσα
753 2257 1004 2316 τοιαῦτα.
1041 2258 1204 2324 σοφία
1244 2260 1393 2311 ἐστίν
1413 2276 1427 2290 ·
1458 2254 1761 2330 ὦσπεροῦν
1782 2259 2066 2320 τάναντία,

477 2350 634 2402 ἄνοια
655 2363 667 2377 ⁸
700 2347 796 2400 καὶ
848 2345 957 2416 γὰρ
1001 2345 1225 2416 ὠμότης
1259 2350 1316 2413 ἐξ
1347 2347 1558 2410 ἀνοίας.
1593 2348 1760 2400 Ὅθεν
1799 2346 2070 2416 πολλαχοῦ

477 2439 577 2509 τὴν
608 2438 790 2488 πᾶσαν
817 2434 1094 2506 ἁμαρτίαν
1126 2435 1440 2507 ἀφροσύνην
1472 2437 1652 2490 καλεῖ.
1673 2432 1844 2499 Εἶπε,
1878 2439 2068 2508 φησὶν,

477 2524 685 2593 ἄφρων
730 2523 799 2575 ἐν
839 2521 1055 2590 καρδίᾳ
1086 2523 1295 2577 αὐτοῦ’
1318 2526 1440 2577 Οὐκ
1476 2525 1609 2578 ἐστι
1636 2526 1802 2590 Θεός·
1841 2525 1935 2578 καὶ
1969 2526 2074 2578 πά-

475 2615 582 2673 λιν,
626 2608 1020 2680 Προσώζεσαν
1054 2611 1152 2663 καὶ
1193 2609 1519 2677 ἑσάπησιιν
1550 2617 1603 2666 οἱ
1635 2613 1930 2682 μὼλωπές
1951 2630 2071 2682 μου

478 2700 600 2756 ἀπὸ
634 2698 961 2768 προσώπου
991 2697 1102 2764 τῆς
1124 2699 1478 2768 ἀφροσύνης
1507 2718 1647 2770 μου.
1675 2703 1739 2754 Τί
1778 2701 1888 2772 γὰρ
1919 2704 2072 2772 ἀνοη-

479 2790 718 2860 τότερον,
773 2788 896 2840 εἰπέ
939 2803 1052 2857 μοι,
1080 2786 1176 2839 τοῦ
1207 2789 1402 2841 ἑαυτὸν
1436 2789 1536 2859 μὲν
1571 2790 1763 2860 ἱμάτια
1809 2789 2073 2861 περιϐάλ-

480 2878 685 2940 λοντοςν
712 2879 837 2940 τοὺς
851 2875 908 2928 δὲ
927 2876 1193 2945 ἀδελφοὺς
1211 2875 1360 2948 [591]
1376 2879 1502 2941 τοὺς
1521 2877 1688 2932 αὑτοῦ
1704 2881 1946 2947 γυμνοὺς
1967 2897 2072 2932 πα-

487 2965 880 3034 ραϐλέποντος;
908 2963 1001 3017 τοῦ
1021 2963 1190 3027 κύνας
1211 2965 1309 3035 μὲν
1336 2965 1650 3038 τρέφοντος,
1679 2967 1779 3038 τὴν
1807 2967 1864 3020 δὲ
1887 2967 2074 3020 εἰκόνα

480 3054 580 3122 τοῦ
625 3053 762 3106 Θεοῦ
809 3053 1177 3124 περιορῶντος
1221 3056 1278 3106 ἐν
1320 3053 1512 3125 ).ιμῷ;
1554 3056 1652 3108 τοῦ
1696 3057 2073 3125 πεπεισμένου

483 3145 693 3209 ἁπλῶς,
728 3145 810 3196 ὅτι
838 3142 992 3196 οὐδὲν
1026 3143 1095 3196 τὰ
1122 3142 1441 3215 ἀνθρώπινα
1471 3147 1796 3218 πράγματα,
1837 3149 1932 3200 καὶ
1962 3147 2074 3200 ὥσ-

483 3249 593 3302 περ
655 3231 948 3293 ἀθανάτοις
983 3231 1168 3293 αὑτοῖ;
1215 3233 1693 3303 προστετηκότος;
1737 3235 1948 3306 Ὥσπερ
1979 3231 2096 3289 οὖν’

483 3323 640 3376 οὐδὲν
678 3319 772 3374 τοῦ
816 3318 1061 3372 τοιούτου
1109 3319 1490 3390 ἀνοητότερον,
1517 3319 1689 3384 οὕτως
1719 3321 1874 3375 οὐδὲν
1906 3321 2080 3389 σοφὼ-

483 3427 642 3482 τερον
667 3408 760 3461 τοὺ
787 3407 886 3478 τὴν
917 3405 1118 3477 ἀρετὴν
1166 3405 1582 3476 κατορθοῦντος.
1627 3408 1769 3478 Ὅρα
1802 3409 1930 3479 γὰρ.
1958 3409 2078 3472 πῶς

486 3497 649 3568 σοφός
705 3497 843 3559 ἐστι,
891 3493 1056 3563 φησί’
1097 3493 1422 3564 μεταδίδωσι
1465 3494 1573 3547 τῶν
1598 3494 1790 3561 όντων,
1823 3496 2078 3568 ἐλεήμων

485 3582 1052 3653 ἐστὶ,φιλάνθρωπος⁶
1080 3581 1297 3652 ἐπέγνω
1319 3583 1419 3654 τὴν
1453 3581 1615 3651 φύσιν
1651 3584 1733 3636 ὅτι
1769 3585 1947 3654 κοινή·
1981 3587 2080 3637 ἐπ-

490 3676 634 3743 έγνω
659 3671 758 3743 τὴν
786 3670 894 3724 τῶν
923 3671 1226 3740 χρημάτων
1243 3671 1466 3742 χρῆσιν,
1483 3671 1566 3724 ὃτι
1586 3671 1801 3734 οὑδενὸς
1840 3671 1967 3736 ἀξία
1993 3671 2081 3725 λό-

487 3780 611 3832 γου·
642 3762 724 3815 δτι
752 3759 861 3815 τῶν
880 3760 1148 3829 σωμάτων
1171 3759 1280 3812 τῶν
1298 3760 1514 3813 οἰκείων
1533 3760 1616 3813 δεῖ
1634 3760 1915 3829 φείδεσθαι
1943 3761 2082 3831 μᾶλ-

488 3850 604 3911 λον,
641 3849 674 3919 ἢ
713 3849 823 3901 τῶν
859 3847 1184 3918 χρημάτων.
1244 3849 1335 3902 Διὸ
1385 3847 1547 3917 δόξης
1585 3849 1950 3919 καταφρονῶν
1985 3849 2080 3901 καὶ

492 3935 782 4006 φιλόσοφός
828 3937 1008 3988 ἐστιν·
1028 3930 1138 3988 οἶδε
1169 3935 1279 4007 γάρ
1308 3935 1377 3989 τά
1400 3935 1721 4008 ἀνθρώπινα
1752 3937 2078 4007 πράγματα.

492 4025 615 4079 Τών
661 4023 822 4076 θείων
871 4023 966 4076 καὶ
1023 4022 1383 4094 ἀνθρωπίνων
1428 4025 1775 4094 πραγμάτων
1808 4025 2012 4093 γνῶσις
2047 4027 2081 4096 ή

494 4111 806 4180 φιλοσοφία.
863 4109 1074 4165 Οὐκοῦν
1124 4107 1236 4165 οἶδε
1285 4111 1385 4183 μὲν
1413 4116 1543 4165 ποῖα
1571 4113 1712 4175 θεῖα,
1747 4116 1874 4166 ποῖα
1903 4113 1956 4166 δὲ
1989 4117 2084 4167 ἀν-

493 4200 760 4272 θρώπινα,
807 4199 902 4253 καὶ
941 4199 1047 4252 τῶν
1110 4201 1210 4269 μὲν
1249 4200 1536 4270 ἀπέχεται,
1564 4200 1740 4254 ταῦτα
1771 4201 1827 4254 δὲ
1851 4201 2083 4273 ἐργάζε-

490 4304 620 4342 ται·
657 4284 788 4352 οἶδε,
823 4287 916 4340 καὶ
942 4287 1256 4357 εὑχαριστεῖ
1290 4298 1316 4326 α
1343 4287 1421 4358 τῷ
1455 4287 1576 4360 Θεῷ
1596 4292 1657 4340 ἐν
1686 4289 1854 4342 πᾶσιν
1879 4303 1893 4317 ·
1928 4289 2085 4342 οὐδὲν

493 4376 632 4432 εἶναι
664 4374 872 4445 νομίζει
901 4375 992 4426 τὸν
1017 4375 1258 4445 παρόντα
1280 4373 1394 4444 βίον
1417 4391 1428 4404 ·
1460 4375 1544 4429 διὰ
1575 4375 1733 4430 τοῦτο
1754 4377 1875 4430 οὑδὲ
1897 4376 2084 4448 ἥδε-ται

490 4469 606 4528 τοῖς
651 4465 932 4534 χρηστοῖς,
971 4460 1097 4514 οὔτε
1152 4463 1403 4516 λυπεῖται
1453 4467 1566 4527 τοῖς
1612 4465 1902 4528 ἐναντίοις.
1930 4465 2084 4537 Μηδὲ

493 4552 819 4624 περιμείνῃς
865 4551 1054 4622 ἓτερον
1082 4551 1406 4604 διδάσκαλον
1428 4569 1440 4581 ·
1498 4551 1642 4623 ἔχεις
1678 4553 1748 4606 τὰ
1779 4553 1938 4622 λόγια
1989 4553 2084 4606 τοῦ

493 4643 662 4696 Θεοῦ·
694 4639 869 4702 οὐδείς
901 4656 960 4691 σε
1015 4640 1261 4692 διδάσκει
1283 4639 1360 4704 ὡς
1407 4641 1616 4693 ἐκεῖνα.
1653 4636 1822 4704 Οὗτος
1852 4641 1953 4712 μὲχ
1975 4641 2085 4711 γὰρ

497 4731 670 4785 πολλά
717 4729 810 4782 καὶ
851 4729 940 4781 διὰ
987 4728 1298 4792 κενοδοξίαν
1341 4729 1436 4782 καὶ
1483 4729 1573 4782 διὰ
1616 4729 1918 4799 βασκανίαν
1961 4732 2084 4783 ἐπι-

496 4821 733 4890 κρύπτει
772 4818 1052 4881 πολλάκις.
1093 4819 1416 4884 ’Δκοὺσατε,
1447 4818 1780 4889 παρακαλῶ,
1812 4820 2014 4883 πάντες
2036 4821 2087 4873 οἰ

449 4899 460 4916 ”
496 4909 766 4981 βιωτικοὶ,
815 4907 912 4960 καί⁸
951 4906 1157 4960 κτᾶσθε
1199 4907 1380 4976 βιϐλία
1421 4908 1690 4979 φάρμακα
1729 4912 1830 4980 τῆς
1882 4911 2084 4981 ψυχῆς.

499 5005 562 5055 Εἰ
599 5002 766 5073 μηδὲν
799 5001 986 5072 ἕτερον
1034 4999 1317 5070 βούλεσθε,
1368 5003 1469 5071 τὴν
1510 5003 1643 5072 γοῦν
1689 5003 1904 5071 Καινὴν
1949 5003 2086 5073 κτή-

501 5093 691 5153 σασθε,
733 5089 842 5142 τῶν
884 5091 1201 5143 ἀποστόλων
1227 5090 1326 5153 τὰς
1366 5091 1622 5162 Πράξεις,
1659 5092 1729 5144 τὰ
1754 5093 2086 5161 Εὑαγγέλια,

499 5181 853 5245 διδασκάλους
886 5181 1178 5251 διηνεκεῖς.
1211 5182 1313 5232 “Av
1351 5181 1497 5251 λύπη
1540 5181 1746 5252 συμϐῇ,
1783 5180 1974 5251 ὥσπερ
2008 5182 2091 5244 εἰς

501 5271 785 5339 ἀποθήκην
849 5270 1156 5340 φαρμάκων
1203 5268 1479 5336 έγκυψον·
1544 5269 1678 5322 λάϐε
1734 5268 2091 5341 παραμυθίαν

503 5358 714 5410 ἐκεῖθεν
766 5355 862 5410 τοῦ
914 5355 1113 5418 δεινοῦ,
1158 5355 1224 5409 ἂν
1255 5356 1452 5426 ζημία,
1491 5357 1557 5411 ἂν
1579 5357 1830 5421 θάνατος,
1857 5359 1922 5411 ἂν
1951 5358 2092 5410 ἀπο-

505 5445 633 5514 ϐολὴ
675 5445 889 5498 οἰκείων
909 5461 921 5473 ⁸
954 5444 1154 5512 μᾶλλον
1186 5444 1242 5496 δὲ
1287 5448 1362 5514 μὴ
1397 5443 1659 5512 ἔγκυπτε,
1687 5444 1824 5497 ἀλλά
1854 5444 2092 5500 ἀνάλαόε

504 5533 706 5591 πάντα,
742 5531 833 5602 ἔχε
877 5532 970 5584 ἐπὶ
1014 5533 1113 5600 τῆς
1152 5531 1410 5596 διανοίας.
1455 5531 1625 5585 Τοῦτο
1669 5534 1887 5586 πάντων
1919 5532 2093 5587 αἴτιον

506 5618 612 5672 τῶν
642 5618 850 5682 κακῶν,
868 5620 927 5672 τὸ
951 5620 1025 5690 μὴ
1049 5617 1248 5673 εἰδέναι
1284 5621 1378 5685 τὰς
1421 5620 1460 5672 Γ
1467 5619 1666 5692 ραφάς.
1695 5621 1881 5692 Χωρὶς
1913 5621 2094 5674 ὃπλων

575 5847 601 5878 ι
627 5836 881 5898 lnterpres
921 5837 1103 5899 legisse
1140 5841 1332 5892 videtur
1355 5845 1455 5893 οἶδε
1478 5843 1633 5893 δὲκαὶ
1656 5848 1967 5911 εὐχαριστεῖν.

3631 347 3742 427 3οέ
3788 393 3790 395 ν

2173 495 2254 557 εἰς
2271 494 2508 565 πόλεμον
2531 490 2815 564 βαδίζομεν
2835 505 2848 518 ·
2883 488 2978 541 καὶ
3009 486 3126 551 πῶς
3159 485 3264 539 ἔδει
3283 483 3559 552 σωθῆναι;
3595 485 3762 550 Ἀγα-

2172 582 2346 654 πητὸν
2395 580 2534 652 μετά
2582 579 2788 634 τούτων
2832 579 3096 648 σωθῆναι,
3153 573 3286 645 μήτι
3331 587 3395 640 γε
3434 568 3605 640 χωρὶς
3637 569 3763 622 τοὺο

2171 686 2300 724 των.
2328 670 2419 740 Μὴ
2452 669 2522 722 τὰ
2541 670 2720 724 πάντα
2748 670 2846 740 ἐφ’
2875 669 3024 740 ἡμᾶς
3052 665 3272 735 ῥίπτετε
3290 677 3303 688 ·
3331 656 3585 728 πρόϐατά
3612 657 3760 717 ἐστε,

2173 757 2300 810 ἀλλ’
2318 758 2420 810 οὑκ
2446 757 2636 826 ἄλογα,
2664 758 2801 811 ἀλλά
2827 755 3022 825 λογικά
3041 771 3056 785 ⁸
3082 750 3253 805 πολλά
3283 750 3378 801 καὶ
3403 747 3534 816 ὑμῖν
3563 746 3591 796 ὁ
3613 740 3761 796 Παῦ-

2172 843 2262 906 λος
2305 844 2618 916 ἐπιτρέπει.
2647 847 2708 899 Οἱ
2743 844 3126 912 διδασκόμενοι
3168 839 3230 891 οὑ
3257 832 3554 894 διαπαντὸς
3586 832 3678 884 ἐπί
3698 829 3762 882 τδ

2177 932 2369 1003 μαθεῖν
2384 932 2774 1003 διατρίὸουσιν,
2797 933 2920 985 ἐπεὶ
2936 931 3000 984 οὑ
3022 928 3370 983 διδάσκονται
3393 939 3405 951 ⁸
3428 921 3496 975 ἂν
3517 920 3605 973 ἀεὶ
3629 934 3766 989 μαν-

2175 1021 2376 1092 θάνῃς,
2417 1022 2676 1075 οὑδέποτε
2727 1021 2974 1092 μαθήσῃ.
3021 1016 3114 1087 Μὴ
3148 1014 3321 1074 οὑτως
3354 1011 3540 1081 ἔρχου,
3567 1007 3642 1068 ὡς
3672 1005 3763 1059 ἀεὶ

2177 1109 2582 1181 μαθησόμενος
2623 1111 2746 1162 ἐπεὶ
2776 1109 3033 1162 οὐδέποτε
3068 1107 3212 1178 εῐσῃ,
3248 1101 3376 1155 ἀλλ’
3403 1099 3478 1163 ὠς
3502 1098 3592 1149 καὶ
3627 1097 3764 1148 ἀπο-

2177 1199 2581 1270 μαθησόμενος,
2605 1199 2701 1251 καὶ
2719 1196 2948 1262 διδάξων
2979 1195 3190 1265 ἓτερον.
3226 1189 3361 1244 Εἰπὲ
3395 1187 3455 1240 δέ
3492 1202 3603 1254 μοι,
3635 1182 3763 1252 οὑχὶ

2174 1288 2513 1358 ὡρισμένους
2553 1286 2782 1358 καιροὺς
2826 1283 3236 1354 παραμένουσιν
3274 1277 3514 1335 ἅπαντες
3544 1274 3602 1324 ἐν
3646 1273 3763 1332 τοῖς

2178 1356 2488 1447 μαθήμασι,
2522 1377 2618 1429 καὶ
2660 1356 2718 1428 ἐν
2762 1375 2966 1435 πάσαις
3011 1369 3198 1431 ἁπλῶς
3221 1368 3343 1428 ταῖς
3372 1364 3592 1432 τέχναις
3616 1376 3631 1422 ;
3657 1356 3765 1447 05f-

2173 1445 2282 1527 ίεως
2313 1445 2567 1527 γᾶπαντες
2598 1463 2854 1534 ὁρίζομεν
2903 1459 3137 1530 φανερὸν
3185 1453 3418 1525 καιρόν·
3452 1450 3519 1503 ἂν
3567 1447 3626 1500 δὲ
3673 1445 3763 1500 ἀεὶ

2178 1563 2199 1590 °
2229 1553 2497 1624 μανθάνῃ,
2529 1551 2833 1624 τεκμήριόν
2871 1551 2989 1602 ἐστι
3025 1545 3118 1599 τοῦ
3159 1543 3328 1616 μηδὲν
3355 1539 3570 1612 μαθεῖν.

2248 1727 2316 1797 β’.
2344 1725 2515 1780 Τοῦτο
2564 1727 2626 1780 τὸ
2666 1725 2866 1790 ὄνειδος
2897 1726 3011 1787 τοῖς
3050 1718 3326 1781 Ἰουδαίοις
3355 1718 3384 1770 ό
3411 1713 3542 1776 Θεὸς
3570 1707 3724 1764 εἶπεν
3747 1722 3764 1736 °

2176 1816 2487 1884 Αὶρόμενοι
2500 1815 2572 1869 ἐκ
2590 1817 2846 1879 κοιλίας,
2867 1813 2964 1867 καὶ
2980 1808 3394 1879 παιδευόμενοι
3409 1802 3522 1868 ἕως
3546 1800 3765 1871 γνήρωςο

2177 1903 2238 1957 Εἰ
2278 1903 2352 1975 μὴ
2390 1905 2478 1957 ἀεὶ
2504 1904 2664 1956 τοῦτο
2685 1901 3077 1975 προσεδοκᾶτε,
3105 1900 3208 1952 οὑκ
3237 1896 3304 1950 ἂν
3324 1893 3498 1954 οὕτως
3528 1891 3608 1951 εἰς
3640 1885 3768 1939 τοὺ-

2180 1995 2323 2047 πίσω
2353 1997 2530 2049 πάντα
2556 1994 2746 2065 ἀπῄει.
2777 1993 2841 2047 Ei
2872 1993 2998 2063 ἐνῆν
3035 1990 3161 2052 τοὺς
3189 1987 3288 2058 μὲν
3318 1980 3459 2037 εἶναι
3500 1978 3763 2051 μεμαθη⁹

2177 2084 2365 2151 κότας,
2409 2087 2536 2148 τοὺς
2584 2085 2641 2138 δὲ
2691 2084 3005 2155 μέλλοντας,
3061 2076 3367 2150 προέκοψεν
3409 2073 3475 2128 ἂν
3509 2072 3571 2125 τὸ
3603 2071 3770 2141 ἔργον

2177 2177 2346 2244 ἡμῖν·
2394 2175 2828 2245 παρεχωρήσατε
2881 2171 2946 2226 ἂν
2997 2171 3228 2241 ἑτέροις,
3283 2167 3378 2219 καὶ
3433 2158 3770 2217 συναντελάσ

2179 2261 2341 2314 δεσθε
2396 2264 2494 2316 καὶ
2535 2265 2691 2332 ἡμῖν.
2749 2261 2883 2316 Εἰπέ
2924 2276 3036 2330 μοι,
3081 2259 3129 2310 εἰ
3169 2256 3304 2329 πρὸς
3332 2247 3770 2324 γραμματιστῆν

2178 2368 2325 2414 τινες
2365 2351 2600 2413 ἀπίοιεν,
2648 2346 2767 2402 εἶτα
2822 2349 3032 2419 μένοιεν
3067 2345 3156 2398 ἀεὶ
3177 2345 3245 2396 τὰ
3277 2342 3519 2412 στοιχεῖα
3555 2335 3769 2407 μανθά-

2180 2457 2382 2503 νοντες,
2430 2441 2492 2494 οὑ
2540 2438 2709 2492 πολὺν
2737 2438 2818 2510 τῷ
2851 2437 2990 2510 [592
3007 2437 3025 2509 j
3062 2433 3372 2503 διδασκάλῳ
3415 2433 3580 2483 πόνον
3619 2442 3773 2496 ·ιῑαρ‹⁵

2182 2530 2406 2594 έξουσι;
2454 2529 2636 2599 Μέχρι
2677 2527 2822 2591 τίνος
2864 2527 2994 2598 ὑμῖν
3027 2526 3156 2596 περὶ
3199 2522 3315 2593 βίου
3356 2516 3769 2588 διαλεγόμεθα;

2195 2619 2319 2671 Ἐπὶ
2370 2617 2480 2671 τῶν
2525 2617 2839 2671 ἀποστόλων
2885 2615 3059 2679 οὕτως
3095 2615 3196 2668 οὑκ
3224 2608 3316 2684 ἦν,
3355 2608 3495 2665 ἀλλά
3521 2605 3766 2676 συνεχῶς⁵

2185 2705 2526 2778 μετεπήδων,
2554 2706 2681 2769 τοὺς
2715 2706 2980 2777 πρότερον
3014 2703 3388 2776 μανθάνοντας
3409 2695 3776 2755 διδασκάλους

2184 2793 2553 2856 καθιστῶντες
2603 2793 2808 2863 ἐτέρων
2849 2791 3012 2846 τινῶν
3053 2787 3537 2862 μαθητευομένων.
3580 2782 3775 2846 Οὕτως

2182 2881 2528 2953 ἠδυνήθησαν
2553 2881 2650 2939 τὴν
2669 2880 3001 2950 οἰκουμένην
3032 2877 3339 2949 περιελθεῖν
3355 2916 3368 2939 ,
3389 2874 3465 2945 τῷ
3500 2874 3574 2944 μὴ
3599 2887 3776 2942 προσ-

2183 2971 2501 3040 δεσμεῖσθαι
2532 2970 2683 3039 τόπῳ
2706 2969 2806 3024 ἐνί.
2847 2969 3028 3039 ῐΙόσης
3081 2967 3260 3021 οῖεσθε
3293 2963 3646 3024 διδασκαλίας
3674 2961 3779 3013 δεῖο

2187 3058 2310 3111 σθαι
2337 3060 2466 3121 τοὺς
2506 3057 2804 3130 ὑμετέρους
2838 3056 3098 3124 ἀδελφοὺς
3131 3057 3258 3116 τοὺς
3286 3053 3379 3107 ἐπὶ
3413 3052 3522 3105 τῶν
3562 3047 3774 3119 ἀγρῶν,

2187 3149 2282 3202 καί¹
2312 3149 2437 3211 τοὺς
2466 3147 2692 3200 ἐκείνων
2721 3146 3116 3210 διδασκάλους;
3161 3144 3303 3198 Ἀλλ’
3342 3143 3504 3214 ὑμεῖς
3542 3157 3609 3212 με
3639 3156 3779 3192 κατ-

2185 3237 2338 3308 έχετε
2377 3235 2846 3308 προσηλώσαντες.
2900 3235 3035 3306 Πρὶν
3067 3235 3101 3307 ἢ
3135 3233 3246 3305 γὰρ
3270 3235 3368 3303 τὴν
3390 3230 3635 3300 κεφαλὴν
3667 3246 3774 3282 κα-

2185 3325 2291 3387 λῶς
2323 3324 2658 3394 διατεθῆναι,
2689 3325 2947 3395 περιττὸν
2976 3324 3069 3377 ἐπὶ
3103 3322 3164 3376 τὸ
3189 3322 3379 3375 λοιπὸν
3414 3319 3576 3391 σῶμα
3605 3317 3770 3371 ἰέναι.

2188 3415 2371 3468 Πάντα
2420 3415 2554 3484 ἡμῖν
2588 3413 2969 3486 ἐπιρρίπτετε.
3031 3412 3209 3483 ’Υμᾶς
3248 3409 3420 3481 ἐχρῆν
3460 3406 3589 3482 παρ’
3617 3406 3780 3478 ἡμῶν

2191 3501 2484 3573 μανθάνειν
2542 3501 2705 3572 μόνον
2729 3519 2742 3532 ·
2786 3501 2886 3564 τὰς
2925 3501 2981 3553 δὲ
3023 3504 3290 3568 γυναῖκας
3337 3499 3470 3570 παρ’
3497 3496 3672 3567 ὑμῶν,
3705 3494 3780 3546 τὰ

2189 3589 2381 3643 παιδία
2412 3588 2538 3660 παρ’
2562 3588 2717 3658 ὑμῶν
2741 3605 2755 3618 ο
2785 3589 2920 3642 ἀλλά
2948 3591 3125 3643 πάντα
3147 3590 3279 3658 ἡμῖν
3307 3583 3775 3654 καταλιμπάνετε.

2188 3677 2286 3730 Διά
2299 3677 2458 3730 τοῦτο
2474 3677 2641 3740 πολὺς
2657 3679 2684 3730 ό
2700 3677 2890 3741 κόπος.
2906 3675 3324 3740 Διδάσκοντες,
3350 3675 3507 3744 φησὶ,
3525 3673 3620 3726 καί
3634 3688 3778 3724 νου-

2189 3765 2501 3831 θετοῦντες
2517 3764 2771 3830 ἑαυτοὺς
2789 3766 3051 3836 ψαλμοῖς
3074 3765 3174 3819 καὶ
3206 3766 3421 3834 ὕμνοις
3464 3764 3560 3816 καί
3596 3759 3781 3829 ᾠδαῖς

2191 3851 2641 3921 πνευματικαῖς.
2688 3853 2829 3924 Ὅρα
2866 3855 2960 3907 καὶ
2979 3853 3040 3906 τὸ
3067 3851 3374 3922 ἀνεπαχθὲς
3401 3849 3496 3903 τοῦ
3535 3847 3778 3902 Παύλου.

2191 3941 2415 4010 Ἐπειδὴ
2455 3943 2488 4010 ή
2522 3941 2830 4007 ἀνάγνωσις
2878 3940 2991 4010 ἔχει
3026 3942 3206 4005 πόνον,
3239 3939 3334 3995 καὶ
3358 3938 3493 3992 πολὺ
3509 3937 3569 3990 τὸ
3591 3953 3783 4006 φορτι-

2192 4032 2307 4096 κὸν,
2346 4030 2446 4082 οὑκ
2479 4031 2565 4100 ἐφ’
2597 4030 2836 4102 ἱστορίας
2870 4031 3101 4102 ἢγαγεν,
3127 4030 3244 4083 ἀλλ’
3283 4029 3377 4082 ἐπὶ
3403 4027 3672 4099 ψαλμοὺς,
3691 4025 3781 4076 ἵνα

2191 4113 2327 4184 όμοῦ
2359 4115 2455 4168 καὶ
2499 4113 2708 4188 τέρπῃς
2756 4115 2855 4184 τὴν
2903 4113 3080 4186 ψυχὴν
3113 4114 3276 4186 ᾅδων,
3310 4113 3396 4166 καί
3435 4111 3784 4180 ὑποκλέπτῃς

2191 4201 2284 4253 τὸν
2307 4199 2466 4252 πόνον
2479 4199 2528 4252 ὶ).
2559 4199 2820 4268 Ὕμνοις,
2836 4199 3099 4269 φησὶ,καὶ
3129 4198 3310 4267 ᾠδαῖς
3329 4193 3778 4264 πνευματικαῖς.

2193 4283 2308 4336 Νῦν
2333 4282 2390 4335 δὲ
2421 4282 2720 4347 σατανικάς
2753 4283 2853 4354 μὲν
2878 4283 3021 4354 ᾠδὰς
3051 4285 3145 4337 καὶ
3169 4283 3425 4354 ὀρχήσεις
3458 4278 3702 4350 αἱροῦσιν
3730 4276 3782 4328 οἰ

2195 4367 2382 4430 παῖδες
2407 4369 2456 4419 οί
2491 4367 2772 4436 ὑμέτεροι,
2807 4367 3060 4438 καθάπερ
3092 4367 3138 4419 οἱ
3171 4367 3424 4436 μάγειροι
3450 4365 3546 4416 καί
3569 4359 3780 4428 οίόψῶ-

2195 4469 2283 4504 ναι
2308 4451 2402 4504 καὶ
2434 4452 2482 4502 οἰ
2514 4451 2771 4521 χορευταί
2805 4466 2818 4478 ·
2855 4449 3070 4520 ψαλμὸν
3104 4449 3162 4504 δὲ
3191 4449 3366 4512 οὑδεὶς
3395 4446 3586 4500 οὑδένα
3616 4441 3780 4507 οἶδεν,

2195 4533 2332 4587 ἀλλά
2359 4533 2454 4586 καὶ
2485 4531 2716 4602 αἰσχύνη
2738 4533 2798 4586 τὸ
2823 4535 3057 4604 πρᾶγμα
3077 4533 3226 4585 δοκεῖ
3247 4528 3386 4584 εἶναι
3414 4530 3506 4583 καὶ
3523 4527 3784 4596 χλευασία

2196 4619 2291 4674 καὶ
2310 4618 2504 4686 γέλως.
2531 4617 2773 4671 Ἐκεῖθεν
2797 4619 3014 4672 ᾶπαντα
3039 4617 3108 4670 τὰ
3136 4617 3279 4670 κακά
3307 4614 3556 4678 σώζεται.
3590 4612 3678 4664 Ἐν
3694 4611 3786 4680 οἵα

2196 4701 2305 4771 γὰρ
2330 4700 2395 4754 ἂν
2424 4702 2630 4772 ἑστήκῃ
2667 4703 2738 4772 γῇ
2771 4700 2832 4752 τὸ
2862 4702 3049 4770 φυτὸν,
3076 4699 3316 4753 τοιοῦτον
3347 4698 3501 4767 φέρει
3529 4695 3622 4764 τὸν
3645 4710 3786 4764 καρ-

2197 4787 2330 4838 πόν*
2365 4784 2432 4838 ἂν
2482 4787 2540 4838 ἐν
2593 4784 2845 4856 ἀμμώδει
2895 4785 2992 4838 καὶ
3038 4785 3283 4856 ἀλμυρᾷ,
3311 4781 3584 4836 τοιοῦτοΨ
3618 4779 3684 4832 ἀν
3725 4780 3788 4830 ἐν

2196 4868 2427 4939 γλυκείᾳ
2441 4869 2536 4920 καὶ
2555 4867 2782 4939 λιπαρᾷ,
2802 4868 2967 4922 πάλιν
2987 4870 3194 4940 ὅμοιον.
3213 4867 3370 4922 Οὕτω
3393 4864 3544 4937 πηγή
3561 4863 3644 4926 τίς
3668 4864 3788 4914 ἐστι

2196 4954 2264 5006 τά
2288 4952 2618 5022 διδάγματα.
2652 4951 2874 5017 Δίδαξον
2903 4953 3067 5006 αὑτὸν
3093 4952 3240 5024 ᾄδειν
3268 4950 3517 5020 ψαλμοὺς
3545 4945 3791 5006 ἐκείνους

2197 5038 2324 5100 τοὺς
2353 5036 2671 5105 φιλοσοφίας
2713 5037 3003 5106 γέμοντας,
3022 5032 3132 5091 οἷον
3161 5038 3288 5103 περὶ
3316 5033 3670 5104 σωφροσύνης
3692 5029 3786 5081 εὖ·

2199 5121 2358 5184 θέως,
2399 5120 2600 5190 μᾶλλον
2645 5120 2702 5174 δὲ
2745 5121 2852 5191 πρὸ
2888 5122 3103 5174 πάντων
3135 5121 3264 5193 περὶ
3299 5119 3394 5174 τοῦ
3424 5120 3499 5190 μὴ
3543 5119 3785 5171 συνεῖναι

2201 5207 2480 5274 πονηροῖς,
2513 5204 2717 5267 εὐθέως
2767 5205 2862 5258 ἀπ’
2892 5206 3065 5275 αὑτῆς
3109 5206 3207 5274 τῆς
3230 5204 3403 5274 ἀρχῆς
3433 5201 3526 5256 τοῦ
3573 5201 3786 5272 βιϐλίου

2202 5288 2311 5358 (διὰ
2340 5289 2448 5360 γὰρ
2477 5287 2634 5342 τοῦτο
2657 5290 2751 5342 καὶ
2792 5289 3040 5343 ἐντεῦθεν
3074 5289 3278 5361 ἤρξατο
3297 5290 3325 5340 ό
3356 5287 3667 5358 Προφήτης,
3698 5284 3789 5336 λέ-

2201 5393 2332 5445 γων’
2376 5377 2679 5444 Μακάριος
2706 5377 2861 5445 ἀνὴρ
2905 5378 2972 5445 ὃς
3007 5381 3117 5432 οὐκ
3153 5377 3446 5444 ἐπορεύθη
3477 5377 3548 5428 ἐν
3583 5372 3793 5441 ,ϐουλῇ

2202 5459 2458 5515 ἀσεϐῶνο
2494 5461 2602 5514 Καὶ
2638 5461 2817 5524 πάλιν,
2847 5463 2969 5514 Οὐκ
3012 5461 3266 5515 ἐκάθισα
3286 5460 3437 5529 μετὰ
3467 5457 3795 5527 συνεδρίου

2199 5546 2612 5613 ματαιότητος.
2677 5543 2788 5598 Καὶ
2829 5544 3015 5598 πάλιν·
3077 5544 3504 5609 Ὲξουδένωται
3536 5543 3801 5596 ἐνώπιον

2203 5630 2389 5683 αὑτοῦ
2429 5631 2907 5700 πονηρευόμενος
2935 5648 2950 5662 ·
2973 5631 3116 5696 τοὺς
3141 5629 3210 5684 δὲ
3243 5629 3655 5700 φοϐουμένους
3686 5625 3802 5681 τὸν

2242 5799 2296 5879 'b
2317 5797 2491 5871 Lgcuo
2516 5799 2599 5850 τὸν
2616 5801 2752 5851 πόνοι
2781 5816 2841 5854 ex
2865 5801 3058 5856 duobus
3081 5803 3222 5856 codd.
3247 5811 3502 5857 revocata:
3528 5797 3804 5863 lugebatur

2206 5877 2301 5911 των
2322 5878 2498 5910 πονων.
