4140 6560
455 403 556 459 3M

451 524 503 575 ln
533 517 733 590 quibus
773 515 935 570 vitam
969 519 1290 583 praesentem
1334 509 1469 565 nihil
1517 524 1639 565 esse
1679 508 1829 573 dicit,
1878 523 2055 577 neque

447 614 567 685 ejus
597 611 759 664 bona.
802 608 859 662 Si
887 607 1030 662 enim
1059 604 1175 660 haec
1210 604 1523 667 viderimus,
1559 602 1692 657 nulli
1724 617 1789 655 ex
1837 601 1902 655 iis
1936 617 2057 670 quae

451 716 577 761 sunt
596 717 789 772 aspera
817 697 1141 756 et’dil‘licilia
1164 696 1444 752 cedemus.
1475 694 1751 757 Inltabitet,
1783 694 1975 763 inquit,
2002 694 2056 747 in

451 801 590 855 vobis
616 796 960 851 abundanter.
982 792 1101 849 Non
1124 792 1299 846 solum
1328 791 1484 854 dixit,
1513 788 1749 849 llaliitet,
1778 787 1874 842 sed
1894 787 2055 841 etiam

450 911 576 950 cum
637 906 833 960 magna
890 887 1241 943 abundantia.
1294 885 1492 940 Audite
1543 882 1870 953 quicumque
1925 880 2057 935 estis

451 987 733 1049 mundani,
759 993 816 1039 et
842 982 995 1037 uxori
1023 980 1266 1051 praeeslis
1292 987 1346 1033 et
1368 975 1575 1037 liberis,
1604 974 1875 1045 quomodo
1902 972 2057 1027 vobis

450 1096 668 1152 quoque
711 1076 948 1133 maxime
996 1072 1215 1129 mandet
1256 1072 1437 1141 legere
1480 1068 1808 1137 Scripturas,
1856 1074 1912 1120 et
1948 1081 2055 1120 non

451 1176 646 1230 leviter
692 1186 792 1227 nec
820 1179 1048 1232 temere,
1076 1166 1171 1222 sed
1202 1180 1401 1235 magno
1440 1162 1621 1218 studio
1661 1176 1726 1216 ac
1752 1159 2052 1230 diligentia.

450 1265 584 1324 Nam
615 1264 756 1319 sicut
780 1262 870 1331 qui
898 1268 983 1317 est
1008 1260 1164 1315 dives
1193 1257 1247 1312 iu
1279 1256 1545 1327 pecuniis,
1579 1254 1721 1309 ferre
1749 1261 1929 1324 potest
1956 1252 2056 1307 da-

449 1374 638 1413 mnum
662 1365 718 1411 et
736 1352 1246 1409 condemnationem
1273 1365 1288 1403 :
1322 1349 1393 1403 ita
1414 1348 1578 1403 etiam
1605 1347 1693 1416 qui
1720 1356 1805 1401 est
1831 1346 1981 1400 dives
2004 1345 2056 1399 in

447 1450 792 1521 dogmatibus
818 1443 1197 1516 philosophiae,
1232 1441 1387 1496 facile
1414 1439 1557 1495 ferre
1600 1447 1782 1511 potest
1814 1454 1919 1493 non
1968 1453 2059 1493 so-

451 1544 561 1597 lum
593 1548 989 1612 paupertatem,
1021 1535 1116 1591 sed
1148 1535 1309 1590 etiam
1338 1533 1473 1587 alias
1507 1532 1866 1597 calamitates,
1893 1531 2055 1585 etiam

450 1636 542 1691 illo
573 1632 804 1688 facilius.
832 1629 966 1685 Nam
996 1629 1103 1683 illic
1131 1625 1349 1697 quidem
1378 1624 1505 1681 dum
1531 1623 1789 1678 damnum
1819 1621 2056 1677 exsolvi-

456 1740 563 1795 tur,
610 1740 835 1782 neeesse
875 1732 959 1779 est
996 1721 1169 1792 utqui
1199 1728 1285 1776 est
1311 1718 1463 1773 dives
1492 1717 1873 1771 detrimentum
1916 1715 2060 1770 acci-

453 1824 568 1894 piat
608 1829 665 1876 et
702 1825 995 1886 arguatur;
1043 1823 1100 1869 et
1140 1812 1187 1869 si
1218 1812 1323 1867 hoc
1363 1811 1414 1866 ei
1445 1824 1590 1879 saepe
1638 1808 1917 1875 acciderit,
1948 1822 2057 1862 non

455 1916 651 1989 poterit
674 1912 908 1983 amplius
935 1909 1077 1965 ferre
1104 1925 1119 1962 :
1152 1907 1241 1962 hic
1276 1914 1456 1960 autem
1484 1918 1593 1958 non
1623 1902 1738 1967 sic;
1766 1916 1872 1955 non
1906 1900 2051 1956 enim

458 2024 619 2066 sanas
643 2016 697 2063 et
719 2013 898 2062 rectas
921 2002 1291 2060 consumimus
1317 1996 1675 2069 cogitationes
1704 2011 1767 2051 ac
1797 1995 2057 2061 rationes,

460 2118 582 2159 cum
605 2101 743 2157 ferre
766 2104 1013 2169 oporteat
1039 2093 1240 2164 aliquid
1263 2091 1405 2163 quod
1428 2090 1702 2156 nolumus,
1722 2088 1818 2144 sed
1842 2096 2060 2143 manent

457 2202 738 2267 perpetuo.
770 2190 905 2246 Vide
934 2196 1115 2243 autem
1159 2187 1318 2256 hujus
1361 2184 1503 2239 beati
1533 2182 1896 2254 prudentiam.
1940 2181 2058 2237 Non

453 2288 612 2355 dixit,
653 2285 888 2341 Verbum
916 2280 1118 2338 Christi
1149 2280 1220 2334 sit
1250 2279 1301 2331 in
1330 2278 1504 2343 vobis,
1551 2274 1931 2339 solummodo;
1963 2273 2061 2329 sed

452 2383 622 2455 quid?
669 2379 953 2442 Inltabitet,
995 2386 1071 2442 et,
1105 2372 1435 2429 Abundanter
1473 2369 1582 2425 ειη
1625 2370 1764 2423 omni
1804 2367 2061 2437 sapientia

451 2478 691 2533 docentes
732 2482 784 2528 et
824 2478 1200 2526 commonentes
1242 2463 1593 2534 vosmetipsos.
1626 2461 1893 2515 Virtutem
1930 2458 2066 2514 dicit

451 2568 813 2640 sapientiam;
844 2574 899 2619 et
924 2563 1119 2617 merito
1149 2578 1163 2614 :
1190 2557 1464 2612 humilitas
1490 2556 1632 2610 enim
1662 2563 1744 2609 est
1774 2553 2059 2623 sapientia,

454 2665 698 2731 itctnque
726 2659 1094 2726 eleemosyna,
1127 2661 1184 2707 et
1212 2665 1331 2721 qua:
1357 2656 1485 2703 sunt
1516 2646 1826 2715 huiusmodi
1858 2660 1873 2699 :
1907 2656 1966 2699 ut
2008 2654 2065 2700 et

451 2754 731 2814 contraria
784 2757 910 2806 sunt
951 2743 1295 2818 insipientia;
1335 2752 1418 2799 est
1462 2740 1609 2797 enim
1657 2738 1954 2795 crudelitas
1995 2753 2061 2793 cx

454 2846 789 2919 insipientia.
840 2840 994 2898 Unde
1034 2839 1221 2894 multis
1272 2837 1326 2891 in
1381 2835 1517 2890 locis
1565 2849 1729 2888 omne
1781 2841 2061 2902 peccatum

455 2950 620 2999 vocat
657 2934 1024 3009 insipientiam
1052 2951 1065 2987 :
1097 2931 1240 2985 Dixit
1282 2929 1452 2993 enim,
1500 2927 1695 2997 inquit,
1729 2925 1976 2996 insipiens
2010 2924 2066 2978 in

456 3038 614 3093 corde
659 3049 771 3097 suo,
818 3046 922 3084 non
965 3037 1040 3083 est
1085 3025 1263 3088 Deus;
1308 3033 1363 3078 et
1410 3037 1622 3087 rursus,
1659 3018 1977 3073 Putruerunt
2019 3026 2066 3073 et

456 3137 716 3195 corrupta:
742 3132 860 3178 sunt
901 3118 1163 3174 cicatrices
1194 3130 1316 3170 mea:
1359 3131 1392 3168 a
1417 3115 1550 3183 facie
1589 3111 1899 3182 insipientia:
1939 3125 2067 3165 mea

459 3223 637 3300 (Psal.
671 3220 760 3276 l3.
796 3218 848 3271 1.
873 3225 918 3271 et
948 3214 1039 3270 '57.
1069 3214 1147 3281 6).
1178 3209 1316 3278 Quid
1346 3208 1511 3274 enim,
1532 3210 1862 3277 dic,qu:eso,
1890 3214 1973 3261 est
2000 3219 2067 3259 eo

459 3298 703 3385 stultius,
731 3314 821 3387 qui
852 3308 1191 3369 vestimentis
1211 3304 1430 3377 quidem
1458 3301 1709 3362 vestitur,
1742 3298 1936 3352 fratres
1972 3311 2069 3350 au-

461 3424 573 3470 tem
600 3424 727 3466 suos
755 3404 987 3477 despicit
1014 3399 1223 3457 nudos?
1255 3396 1342 3467 qui
1371 3407 1535 3448 canes
1576 3390 1794 3461 quidem
1823 3388 1939 3453 alit,
1972 3387 2068 3442 Dei

459 3515 644 3565 autem
667 3500 954 3572 imaginem
977 3497 1029 3551 in
1053 3495 1192 3548 fame
1212 3486 1544 3546 contemnit?
1565 3484 1649 3540 cui
1679 3485 1835 3554 plane
1854 3494 1937 3538 eSt
1956 3470 2069 3552 per-

460 3614 682 3657 suasum
700 3593 833 3650 nihil
849 3606 973 3647 esse
996 3604 1081 3644 res
1113 3587 1394 3647 humanas,
1409 3591 1463 3636 et
1489 3580 1569 3634 eis
1590 3587 1673 3633 est
1697 3578 1911 3643 allixus,
1933 3586 2072 3630 tam-

461 3708 629 3768 quam
668 3695 779 3745 sint
806 3673 1177 3742 immortales?
1205 3678 1361 3734 Sicut
1387 3689 1517 3746 ergo
1556 3672 1688 3727 nihil
1718 3679 1801 3726 est
1832 3670 1924 3725 tali
1955 3670 2070 3723 viro

463 3766 833 3858 insipientius,
848 3782 919 3836 ita
935 3778 1063 3833 nihil
1082 3784 1167 3832 est
1184 3789 1252 3831 eo
1266 3772 1563 3843 sapientius
1584 3768 1674 3841 qui
1701 3784 1768 3822 ex
1793 3766 1990 3821 virtute
2010 3779 2072 3820 se

466 3891 615 3939 recte
641 3878 801 3950 gerit.
826 3872 962 3929 Vide
988 3870 1154 3934 enim,
1180 3866 1371 3937 inquit,
1395 3861 1669 3936 quomodo
1689 3862 1761 3918 sit
1803 3858 2019 3930 sapiens
2053 3876 2066 3912 :

467 3975 753 4031 facultates
792 3980 919 4022 suas
953 3961 1212 4033 impertit,
1245 3967 1330 4014 est
1362 3956 1675 4012 misericors
1700 3962 1757 4009 et
1785 3953 2068 4023 benignus,

466 4068 688 4140 agnovit
715 4073 1060 4118 communem
1086 4069 1207 4110 esse
1253 4061 1521 4114 naturam,
1559 4050 1778 4120 agnovit
1822 4062 1951 4102 usus
1981 4062 2074 4116 pe-

467 4160 645 4217 cunia:
677 4156 881 4211 nullam
921 4165 1044 4207 esse
1080 4144 1381 4202 habendam
1411 4143 1699 4208 rationem,
1730 4140 1845 4195 suis
1873 4154 2070 4208 corpo-

469 4256 620 4313 ribus
646 4250 815 4321 magis
841 4261 965 4304 esse
994 4241 1344 4315 parcendum,
1375 4252 1535 4308 quam
1569 4235 1830 4307 pecuniis.
1864 4235 2071 4300 Quam-

469 4338 660 4407 obrem
691 4346 1013 4416 quicumque
1036 4336 1260 4409 gloriam
1288 4332 1536 4402 despicit,
1568 4338 1652 4385 est
1684 4328 2070 4400 philosophus:

471 4442 629 4502 novit
649 4439 793 4495 enim
837 4449 925 4490 res
956 4432 1238 4486 humanas.
1276 4426 1585 4481 Divinarum
1631 4432 1686 4477 et
1711 4421 2071 4475 humanarum

470 4548 653 4595 rerum
694 4526 935 4598 cognitio
976 4531 1065 4579 est
1092 4518 1453 4593 philosophia.
1489 4517 1627 4587 Ergo
1656 4514 1811 4569 novit
1848 4512 2071 4583 quidem

469 4642 591 4698 qua:
617 4623 729 4679 sint
751 4637 840 4676 res
865 4617 1084 4682 divinas,
1116 4624 1171 4669 et
1198 4627 1318 4683 qua:
1346 4611 1598 4666 humana:
1624 4624 1639 4674 ;
1669 4615 1724 4663 et
1750 4606 1819 4662 ab
1847 4605 1929 4661 his
1948 4604 2073 4677 qui-

471 4722 594 4774 dem
627 4714 882 4777 abstinet,
897 4710 1013 4764 illas
1043 4723 1172 4761 vero
1194 4715 1412 4761 exercet
1433 4711 1489 4758 et
1516 4711 1772 4772 operatur
1806 4718 1819 4755 :
1853 4702 1954 4755 scit
1980 4715 2075 4753 au-

471 4822 580 4867 tem
604 4804 837 4865 etiamin
867 4803 1118 4859 omnibus
1148 4801 1260 4855 Deo
1286 4812 1446 4869 agere
1471 4797 1672 4866 gratias
1700 4812 1715 4849 :
1742 4800 1905 4849 vitam
1933 4810 2078 4865 prte-

469 4913 684 4965 sentem
708 4900 839 4957 nihil
860 4913 982 4954 esse
1006 4895 1305 4952 existimat:
1324 4900 1605 4962 propterea
1630 4904 1731 4944 nec
1751 4890 1963 4943 lastatur
1986 4904 2078 4945 re-

473 4998 575 5055 bus
594 4993 865 5055 secundis,
889 5005 1064 5059 neque
1088 4998 1305 5058 propter
1331 4983 1588 5038 adversas
1609 4982 1797 5037 dolore
1824 4981 2075 5037 afficitur.

475 5088 661 5159 Neque
685 5085 848 5139 alium
871 5090 1154 5151 exspectes
1174 5079 1452 5132 ductorem
1481 5091 1494 5128 :
1527 5073 1694 5127 habes
1719 5072 1808 5125 Dei
1828 5073 2037 5143 eloquia
2063 5092 2076 5129 :

476 5180 660 5235 nullus
682 5188 737 5233 te
750 5176 910 5232 docet
931 5174 1071 5228 sicut
1092 5170 1201 5225 illa.
1221 5167 1352 5223 Nam
1382 5166 1471 5221 ille
1496 5164 1713 5235 quidem
1747 5180 1890 5234 saepe
1911 5179 1970 5220 se
1990 5179 2079 5220 oc-

479 5272 647 5328 cultat
664 5276 884 5341 propter
906 5278 1097 5320 vanam
1114 5260 1339 5332 gloriam
1359 5267 1413 5314 et
1438 5266 1658 5328 propter
1676 5256 1949 5310 invidiam.
1974 5258 2084 5311 Au-

481 5368 613 5433 dite,
629 5377 836 5436 quaeso,
852 5377 950 5415 vos
971 5372 1184 5422 omnes,
1200 5355 1391 5426 quibus
1414 5368 1557 5407 cura:
1575 5360 1700 5406 sunt
1716 5367 1835 5420 quae
1853 5352 1918 5405 ad
1946 5350 2084 5406 hanc

479 5459 644 5513 vitam
675 5454 967 5526 pertinent,
997 5460 1051 5505 et
1079 5456 1261 5519 parate
1300 5445 1452 5499 vobis
1481 5445 1648 5499 libros
1689 5442 2084 5498 medicamenta

480 5550 697 5605 animae.
722 5546 782 5603 Si
813 5544 1018 5599 nullutu
1048 5541 1215 5596 alium
1238 5537 1418 5602 vultis,
1439 5536 1645 5591 Novum
1677 5534 2083 5589 Testamentum

481 5640 636 5695 vobis
665 5647 873 5709 parate,
904 5631 1274 5705 apostolorum
1318 5631 1506 5688 Aetas,
1549 5624 1866 5695 Evangelia,
1912 5626 2088 5695 magi-

482 5744 629 5790 stros
652 5737 965 5801 perpetuos.
1004 5724 1059 5780 Si
1089 5722 1244 5775 dolor
1272 5719 1549 5784 acciderit,
1581 5728 1855 5788 tamquam
1886 5719 1938 5772 in
1970 5732 2091 5772 tue-

483 5828 915 5883 dicamentorum
946 5815 1262 5889 apothecam
1294 5814 1499 5884 aSpicc,
1548 5809 1696 5867 illine
1737 5812 1866 5867 mali
1902 5813 2091 5880 accipe

487 5918 918 5976 consolationem
940 5931 954 5978 ς
980 5913 1021 5970 si
1047 5912 1325 5976 damnum,
1348 5906 1394 5962 si
1422 5921 1589 5975 mors,
1614 5905 1660 5962 si
1688 5912 1900 5962 tuorum
1926 5906 2091 5962 amis-

1356 393 1423 450 ΙΝ
1463 391 1678 449 EPIST.
1722 392 1811 446 AD
1849 388 2130 450 COLOSS.
2172 392 2325 449 CAP.
2369 393 2455 447 ΙΙΙ.
2500 392 2731 449 HOMIL.
2774 394 2866 452 ΙΧ.

3660 406 3766 460 362

2167 507 2287 563 sio:
2319 509 2427 562 imo
2476 525 2605 564 vero
2657 526 2762 566 non
2816 512 3019 582 aspice,
3066 515 3161 569 sed
3206 518 3382 573 omnia
3439 524 3672 592 suspice,
3714 535 3770 580 et

2164 608 2344 653 mente
2366 608 2509 653 tene.
2536 600 2649 654 lloc
2671 603 3020 673 estpmnium
3051 607 3317 663 malorum
3344 626 3528 676 causa,
3560 617 3769 671 nescire

2164 689 2490 761 Scripturas.
2538 695 2757 766 Absque
2795 697 2963 753 armis
3008 699 3146 756 imus
3177 702 3242 758 ad
3271 704 3508 775 bellum;
3554 721 3606 764 et
3635 728 3768 782 quo-

2164 786 2326 840 modo
2357 798 2569 855 oportet
2594 805 2714 843 esse
2737 791 2958 847 salvos?
2980 792 3245 852 Praeclare
3270 800 3547 857 nobiscum
3570 806 3770 875 agitur,

2164 878 2212 932 si
2252 896 2373 932 cttm
2406 880 2494 935 his
2523 883 2654 936 salvi
2684 883 2888 950 simus;
2924 895 3127 943 tantum
3172 890 3326 947 ahcst
3370 904 3425 948 ut
3455 897 3658 968 absque
3688 898 3772 955 his

2164 972 2296 1027 salvi
2327 988 2448 1029 esse
2480 977 2770 1045 possimus.
2819 978 2896 1034 Ne
2941 984 3119 1036 omnia
3173 985 3225 1038 in
3269 1003 3367 1041 nos
3413 991 3717 1060 conjiciatis
3754 1011 3770 1049 :

2163 1080 2293 1120 oves
2333 1068 2481 1134 estis,
2517 1068 2613 1123 sed
2648 1086 2753 1123 non
2784 1073 3007 1127 rationis
3036 1086 3308 1145 expertes,
3342 1096 3526 1136 verum
3558 1087 3769 1142 ratione

2164 1161 2445 1231 praedita):
2480 1164 2647 1217 multa
2681 1166 2835 1221 vobis
2887 1184 3102 1238 quoque
3153 1174 3368 1228 mandat
3412 1176 3623 1233 Paulus.
3666 1182 3767 1249 Qui

2163 1256 2444 1324 docentur,
2497 1273 2601 1313 non
2650 1276 2868 1330 semper
2910 1272 3122 1333 tempus
3165 1274 3345 1321 terunt
3391 1269 3441 1322 iu
3488 1271 3767 1339 discendo,

2162 1350 2413 1419 quoniam
2446 1366 2552 1404 non
2584 1352 2854 1408 docentur
2882 1372 2895 1408 :
2926 1356 2970 1409 si
2995 1371 3215 1430 semper
3241 1361 3440 1428 discas,
3476 1382 3769 1437 numquam

2161 1440 2361 1495 disces.
2391 1440 2468 1496 Ne
2497 1442 2567 1497 ita
2607 1444 2837 1499 accedas
2869 1454 3143 1517 tamquam
3176 1449 3413 1507 futurum
3443 1457 3513 1510 sit
3546 1469 3601 1512 ut
3628 1476 3742 1514 sem

2164 1547 2260 1625 per
2297 1533 2509 1602 discas;
2555 1536 2755 1606 alioqui
2801 1555 3093 1609 numquam
3143 1545 3318 1611 scies;
3372 1549 3467 1604 sed
3499 1560 3767 1625 tamquam

2164 1623 2406 1681 discendi
2434 1628 2597 1683 linem
2625 1641 3038 1701 assequuturus,
3066 1644 3121 1689 et
3158 1637 3322 1691 alium
3347 1623 3638 1701 docturus;
3674 1649 3758 1705 οε(

2163 1720 2316 1787 mihi,
2351 1737 2531 1777 annon
2567 1722 2790 1779 definita
2842 1736 3085 1799 tempora
3124 1730 3176 1784 in
3221 1732 3523 1804 disciplinis
3565 1755 3771 1811 exspe-

2162 1822 2309 1867 ctant
2336 1830 2548 1882 onmes,
2573 1826 2628 1871 et
2656 1815 2709 1869 in
2743 1819 2994 1874 omnibus
3029 1821 3275 1877 artibus?
3306 1825 3396 1881 Sic
3432 1844 3623 1887 omnes
3652 1849 3773 1889 cer-

2165 1912 2278 1960 tum
2302 1915 2513 1976 tempus
2540 1907 2828 1964 definimus
2858 1928 2870 1964 :
2906 1912 2990 1967 siu
3015 1922 3194 1969 autem
3223 1931 3437 1989 semper
3464 1921 3662 1992 discas,
3688 1937 3773 1981 est

2164 2001 2374 2070 signum
2396 2002 2540 2073 quod
2572 2003 2701 2056 nihil
2728 2003 3009 2061 didiceris.

2234 2093 2288 2145 2.
2325 2092 2437 2148 lloc
2469 2094 2611 2150 Deus
2643 2097 2988 2166 exprobravit
3014 2098 3244 2167 Judteis,
3287 2104 3389 2168 Qui
3417 2108 3671 2165 tolluntur
3702 2129 3765 2167 ea:

2166 2196 2333 2253 utero,
2374 2198 2421 2241 et
2457 2189 2765 2242 erudiuntur
2791 2207 2947 2260 usque
2973 2192 3042 2245 ad
3070 2195 3269 2249 senium
3300 2196 3450 2268 (lsai.
3482 2202 3571 2258 46.
3604 2205 3651 2260 5.
3687 2206 3770 2276 4).

2168 2278 2225 2333 Si
2268 2294 2374 2333 non
2402 2296 2619 2351 semper
2662 2281 2765 2336 hoc
2798 2288 3302 2356 exspectavissetis,
3352 2308 3457 2347 non
3486 2295 3565 2350 sic
3591 2300 3771 2352 omnia

2167 2381 2315 2427 retro
2342 2371 2623 2428 abiissent.
2657 2374 2715 2429 Si
2742 2391 2827 2430 res
2851 2377 2920 2430 ita
2955 2377 3178 2435 haberet
3202 2392 3260 2436 ut
3281 2384 3369 2438 alii
3392 2387 3608 2455 quidem
3632 2391 3773 2445 didi-

2168 2463 2390 2530 cissent,
2425 2464 2515 2520 alii
2547 2481 2675 2521 vero
2706 2476 2889 2522 essent
2916 2470 3219 2539 erudiendi,
3251 2490 3386 2545 opus
3412 2479 3565 2535 nobis
3590 2485 3772 2554 profe-

2168 2556 2368 2621 cisset;
2403 2558 2524 2611 aliis
2555 2559 2762 2613 cessuri
2799 2562 2998 2626 eratis,
3037 2574 3092 2618 et
3124 2568 3279 2623 nobis
3306 2584 3463 2639 opem
3497 2575 3774 2633 tulissetis.

2169 2650 2265 2704 Dic
2289 2650 2440 2713 mihi,
2468 2640 2742 2721 qua-sofsi
2766 2653 2926 2723 aliqui
2949 2655 3090 2711 irent
3110 2658 3175 2711 ad
3200 2660 3552 2733 literatorem,
3577 2668 3775 2727 deinde

2168 2752 2453 2799 manerent
2500 2759 2715 2816 semper
2762 2743 3033 2803 discentes
3072 2750 3378 2821 elementa,
3428 2754 3606 2815 atinon
3655 2779 3773 2817 tna-

2167 2836 2337 2908 gistro
2367 2837 2592 2891 multum
2640 2838 2838 2892 laboris
2883 2850 3068 2895 essent
3102 2843 3437 2903 exhibituri?
3484 2852 3775 2926 Quousque

2172 2929 2448 2983 vobiscum
2491 2928 2560 2983 de
2598 2929 2705 2983 vita
2744 2930 3110 2989 disseremus?
3154 2935 3310 3006 Apud
3356 2944 3629 3011 apostolos
3669 2965 3778 3005 non

2172 3020 2245 3076 ita
2277 3032 2414 3089 erat,
2449 3022 2543 3077 sed
2573 3021 2789 3077 assidue
2832 3025 3238 3093 transiliebant,
3266 3045 3360 3087 eos
3401 3036 3490 3103 qui
3522 3040 3666 3105 prius
3698 3042 3778 3094 di-

2171 3117 2393 3172 scebant
2409 3116 2801 3171 constituentes
2819 3118 3103 3187 magistros
3116 3122 3342 3178 aliorum
3368 3129 3455 3195 qui
3475 3129 3775 3190 discebant.

2171 3209 2262 3264 Sic
2318 3217 2605 3278 potuerunt
2646 3208 2796 3263 obire
2840 3210 3025 3264 orbem
3081 3221 3277 3281 terra},
3321 3218 3464 3287 quod
3524 3223 3614 3277 uni
3658 3225 3778 3281 loco

2175 3318 2282 3356 non
2312 3312 2500 3357 essent
2527 3302 2749 3373 alligati.
2791 3303 2962 3372 Quam
2997 3306 3193 3361 multos
3222 3318 3436 3366 nostros
3462 3312 3659 3372 fratres
3686 3324 3779 3390 qui

2174 3405 2301 3449 sunt
2338 3394 2393 3448 in
2432 3395 2604 3465 agris,
2638 3406 2692 3449 et
2731 3411 2917 3451 eorum
2952 3400 3236 3470 magistros
3262 3404 3581 3464 exiSIimatis
3619 3430 3782 3482 egere

2174 3485 2456 3541 docti-ina?
2485 3486 2589 3543 Sed
2614 3503 2709 3542 vos
2731 3504 2817 3543 me
2840 3490 3032 3545 tenetis
3049 3491 3287 3549 aflixum.
3309 3495 3442 3552 Nam
3468 3502 3778 3575 priusquam

2174 3587 2337 3650 eaput
2364 3588 2510 3635 recte
2553 3578 2623 3634 sit
2665 3579 2950 3646 affectum,
2985 3598 3442 3650 SUpervacaneum
3482 3603 3562 3648 est
3593 3596 3670 3651 ire
3710 3601 3778 3655 ad

2178 3671 2443 3742 reliquum
2465 3686 2681 3742 corpus.
2714 3670 2902 3726 Omnia
2937 3674 2988 3727 in
3020 3692 3117 3730 nos
3146 3682 3461 3750 congcritis.
3492 3684 3781 3756 Οροιιιυι-υι

2179 3778 2281 3818 vos
2309 3778 2339 3818 a
2374 3763 2529 3819 nobis
2574 3765 2749 3818 solum
2792 3758 3035 3833 discere;
3083 3784 3280 3825 uxores
3309 3782 3490 3830 autem
3534 3793 3564 3831 a
3594 3783 3778 3849 vobis,

2178 3854 2317 3910 filios
2346 3870 2375 3909 a
2407 3856 2593 3923 vobis;
2625 3856 2720 3911 sed
2750 3857 2906 3912 nobis
2933 3858 3112 3914 omnia
3137 3861 3454 3935 relinquitis.
3489 3869 3779 3943 Propterea

2180 3964 2408 4020 magnus
2433 3961 2515 4006 est
2542 3949 2713 4005 labor.
2746 3948 3030 4018 Docentes,
3068 3952 3278 4025 inquit,
3321 3968 3369 4013 et
3406 3976 3783 4023 commonentes

2179 4044 2510 4112 vosmetipsos
2537 4045 2591 4096 in
2628 4042 2873 4114 psalmis,
2909 4044 3143 4114 hymnis,
3176 4057 3223 4103 et
3258 4054 3470 4108 canticis
3493 4058 3784 4126 spirituali-

2181 4139 2292 4193 bus.
2324 4137 2456 4193 Vide
2481 4152 2640 4208 quam
2663 4153 2770 4192 non
2803 4138 3139 4207 importunus
3159 4153 3216 4198 et
3245 4145 3505 4203 molestus
3541 4151 3612 4206 sit
3637 4154 3780 4210 Pau-

2182 4232 2283 4286 lus.
2314 4230 2579 4300 Quoniam
2607 4230 2769 4285 lectio
2794 4242 2876 4285 est
2898 4231 3187 4299 laboriosa,
3218 4246 3273 4290 et
3297 4239 3449 4293 valde
3472 4244 3695 4300 molesta
3729 4261 3785 4304 ει

2178 4324 2379 4394 gravis,
2409 4337 2515 4377 non
2542 4321 2771 4379 deduxit
2796 4322 2861 4377 ad
2897 4324 3185 4392 historias;
3218 4329 3314 4384 sed
3344 4331 3412 4385 ad
3439 4334 3695 4404 psalmos,
3726 4352 3786 4395 ut

2180 4416 2341 4470 simul
2367 4424 2422 4470 et
2446 4414 2686 4487 animum
2720 4414 2961 4470 oblectes
2984 4432 3215 4487 canens,
3247 4431 3300 4477 et
3331 4422 3484 4479 fallas
3516 4426 3780 4488 laborem,

2184 4508 2441 4580 Hymnis,
2478 4508 2683 4577 inquit,
2716 4517 2761 4561 et
2788 4510 2999 4564 canticis
3027 4512 3395 4578 spiritualibus.
3422 4517 3577 4576 Nunc
3602 4536 3783 4582 autem

2182 4600 2420 4655 satanica
2447 4600 2666 4669 quidem
2688 4601 2917 4669 cantica,
2944 4611 2997 4657 et
3018 4604 3330 4661 saltationes
3354 4613 3517 4665 vestri
3543 4611 3781 4684 deligunt

2185 4694 2373 4764 pttcri,
2424 4693 2564 4748 sicut
2612 4694 2771 4764 coqui
2822 4704 2877 4749 et
2915 4696 3307 4764 obsoaatores,
3359 4711 3414 4757 et
3455 4706 3543 4774 qui
3590 4709 3788 4765 choros

2183 4795 2387 4856 agunt:
2423 4802 2582 4841 nemo
2607 4798 2786 4843 autem
2832 4790 2995 4843 ullum
3039 4793 3190 4846 novit
3234 4795 3526 4862 psalmum,
3572 4802 3666 4856 sed
3699 4821 3785 4860 res

2185 4878 2400 4932 videtur
2425 4893 2545 4949 esse
2574 4879 2846 4948 pudenda,
2879 4881 3102 4936 ridicula
3131 4893 3179 4937 et
3208 4885 3609 4945 subsannanda.
3637 4894 3788 4949 Illinc

2187 4982 2578 5026 conservantur
2604 4973 2783 5026 omnia
2806 4973 2966 5026 mala.
2999 4973 3055 5028 In
3084 4977 3225 5045 quali
3249 4978 3393 5033 enim
3416 4989 3556 5036 terra
3580 4992 3792 5042 ειι-ιρειίι

2189 5066 2369 5136 planta
2392 5107 2407 5131 ,
2452 5064 2615 5121 talem
2648 5066 2749 5120 fert
2792 5065 3022 5121 fructum
3056 5086 3067 5123 :
3113 5070 3157 5123 si
3190 5070 3242 5125 in
3276 5089 3507 5129 arenosa
3536 5086 3594 5131 et
3617 5081 3790 5149 salsa,

2190 5158 2387 5222 talem;
2419 5157 2464 5211 si
2496 5157 2549 5211 in
2580 5157 2721 5213 dulci
2747 5166 2802 5212 et
2828 5159 3032 5229 pingui,
3065 5177 3250 5217 rursus
3278 5165 3531 5221 similem.
3560 5168 3650 5225 Sic
3676 5173 3796 5227 fons

2189 5250 2403 5320 quidam
2433 5258 2560 5304 sunt
2598 5250 2944 5307 docmuenta.
2977 5253 3121 5310 Doce
3162 5270 3283 5310 cum
3314 5258 3533 5313 canere
3552 5263 3795 5330 psalmos

2192 5345 2312 5402 illos
2343 5345 2533 5415 plenos
2575 5345 2915 5416 philosophia
2948 5364 2960 5399 :
2998 5363 3192 5417 nempe
3232 5350 3411 5403 statim
3441 5351 3509 5407 de
3541 5354 3796 5410 modera-

2195 5440 2341 5495 tione
2366 5449 2418 5494 et
2448 5440 2801 5509 temperantia
2821 5481 2836 5507 ,
2878 5441 2987 5494 imo
3016 5457 3147 5495 vero
3183 5451 3309 5498 ante
3347 5445 3527 5499 omnia
3573 5447 3641 5501 de
3672 5465 3804 5504 con-

2194 5530 2480 5586 suetudine
2524 5546 2628 5584 non
2679 5530 2922 5585 habenda
2954 5547 3075 5586 cum
3123 5535 3312 5601 malis,
3357 5537 3538 5591 statim
3584 5540 3651 5593 ab
3683 5540 3799 5609 ipso

2196 5624 2350 5679 initio
2376 5624 2494 5678 libri
2526 5625 2833 5696 (propterea
2863 5626 3006 5680 enim
3040 5626 3165 5682 hinc
3191 5642 3405 5698 queque
3431 5631 3630 5703 incepit
3671 5650 3796 5703 pro-

2196 5718 2359 5790 pheta
2381 5760 2394 5782 .
2419 5718 2603 5773 dicens
2623 5762 2637 5779 .
2668 5719 2852 5773 Beatus
2878 5721 2953 5773 vir
2981 5721 3070 5791 qui
3098 5738 3201 5775 non
3230 5723 3354 5777 abiit
3380 5725 3432 5779 in
3458 5727 3673 5780 consilio
3704 5729 3789 5780 im-

2197 5813 2396 5885 piorum
2426 5811 2598 5885 [PsaL
2623 5813 2672 5867 1.
2703 5810 2787 5884 1];
2818 5823 2871 5867 et
2898 5828 3087 5868 rursus
3108 5854 3123 5878 .
3156 5812 3278 5869 Non
3308 5817 3419 5871 sedi
3444 5834 3558 5872 cum
3585 5819 3805 5872 concilio

2197 5907 2474 5969 vanitatis;
2503 5918 2553 5963 et
2586 5923 2769 5963 rursus
2792 5948 2807 5970 .
2842 5904 2991 5963 Nihil
3022 5912 3186 5970 factus
3211 5920 3283 5966 est
3322 5912 3373 5966 in
3402 5915 3671 5979 conspectu
3695 5900 3806 5967 ejus
