4140 6562
357 443 461 499 565

360 557 614 627 malignus
640 571 657 608 :
685 555 910 608 timentes
937 563 1104 608 autem
1154 552 1426 606 Dominum
1470 551 1722 622 glori/ient
1759 547 1944 622 [PsaL

362 649 450 703 ‘35.
483 649 535 702 4.
565 657 612 701 et
639 647 726 702 H.
759 646 849 717 ιη)
877 664 888 699 :
921 645 988 701 de
1015 645 1402 700 consuetudine
1433 641 1677 698 habenda
1705 656 1825 695 cuiu
1857 641 1951 693 bo-

365 742 445 793 nis
478 740 552 808 (et
586 739 699 792 lucc
742 747 796 790 et
833 735 998 790 multa
1027 735 1128 788 alia
1161 734 1232 789 ibi
1273 734 1572 806 invenies);
1612 732 1753 804 quod
1781 731 1951 785 ventri

367 828 734 900 imperandum
759 827 826 882 sit
847 845 856 878 :
875 825 942 881 de
962 825 1302 881 continendis
1324 825 1570 879 manibus
1594 842 1606 877 :
1639 821 1780 893 quod
1805 822 1952 891 plura

369 919 599 976 habendi
637 918 929 988 cupiditate
968 917 1139 972 teneri
1179 933 1285 971 non
1329 923 1611 986 oporteat:
1655 913 1796 985 quod
1826 910 1955 966 nihil

371 1014 475 1066 sint
515 1011 787 1080 pecunite,
833 1024 934 1064 nec
975 1009 1180 1080 gloria;
1215 1019 1268 1063 et
1299 1024 1419 1078 qua:
1459 1016 1587 1062 sunt
1630 1003 1956 1075 hujusmodi.

368 1103 595 1171 Quando
636 1102 704 1155 ah
745 1102 962 1156 ineunte
1006 1111 1163 1154 auate
1212 1115 1434 1170 puerum
1477 1099 1562 1152 his
1609 1095 1958 1160 instruxeris,

368 1196 626 1265 paulatim
677 1195 842 1249 duces
885 1193 952 1248 ad
997 1194 1206 1247 altiora.
1256 1193 1451 1247 Psalmi
1498 1191 1696 1245 habent
1741 1187 1916 1242 omnia
1945 1227 1962 1252 ,

373 1289 557 1360 hymni
585 1298 761 1342 autem
788 1301 972 1341 rursus
993 1285 1123 1340 nihil
1147 1285 1436 1340 humanum
1462 1301 1474 1336 :
1505 1283 1718 1353 quando
1748 1282 1804 1335 in
1825 1279 1964 1350 psal-

375 1384 478 1437 mis
504 1380 784 1441 didicerit,
820 1389 946 1434 tunc
981 1379 1142 1433 etiam
1170 1378 1304 1433 sciet
1340 1377 1597 1450 hymnos,
1630 1382 1814 1444 utpote
1852 1387 1964 1426 rem

376 1474 717 1530 diviniorem.
761 1471 1079 1542 Superiores
1113 1472 1256 1526 enim
1296 1478 1591 1539 potestates
1623 1467 1851 1537 hymnos
1880 1481 1970 1518 ca-

380 1576 547 1631 nunt,
576 1581 681 1620 non
714 1564 949 1635 psallunt
973 1581 985 1616 :
1022 1560 1143 1616 Non
1170 1571 1241 1616 est
1270 1562 1411 1616 enim
1431 1602 1444 1621 ,
1475 1559 1683 1630 inquit,
1712 1557 1970 1626 speciosus

382 1662 596 1730 hymnus
618 1657 668 1710 in
691 1673 776 1710 ore
794 1655 1066 1724 peccatoris
1087 1652 1274 1725 (Eccli.
1298 1653 1383 1708 15.
1404 1652 1493 1720 9);
1516 1660 1565 1705 et
1591 1664 1798 1713 rursus,
1823 1646 1971 1701 Oculi

382 1750 479 1802 mei
509 1763 660 1818 super
683 1746 857 1814 ﬁdeles
885 1755 1050 1811 terra’,
1079 1754 1134 1797 ut
1161 1744 1256 1814 ipsi
1282 1759 1474 1797 mecum
1502 1741 1743 1804 sedeant;
1772 1749 1825 1794 et
1852 1755 1972 1791 rur-

382 1859 495 1905 sus,
525 1841 648 1896 Non
681 1839 874 1894 habitat
904 1840 954 1893 in
984 1839 1149 1893 medio
1180 1838 1360 1892 domus
1386 1853 1510 1892 mea:
1530 1838 1614 1908 qui
1641 1837 1764 1906 facit
1793 1850 1974 1902 supcr—

385 1937 518 1988 biam
541 1952 560 2000 ,°
588 1942 642 1989 et
670 1934 884 1994 iterum,
915 1932 1194 1986 Ambulans
1219 1933 1271 1987 in
1296 1934 1374 1985 via
1401 1930 1746 1993 immaculata,
1759 1929 1838 1982 hic
1856 1928 1978 1982 mihi

388 2026 709 2079 ministrabat
735 2023 906 2096 (Psal.
942 2024 1064 2079 100.
1093 2024 1145 2078 6.
1169 2025 1222 2077 7.
1250 2023 1328 2093 2).
1364 2023 1513 2078 Adeo
1536 2031 1592 2076 ut
1617 2021 1852 2078 caveatis
1874 2035 1979 2074 non

387 2119 560 2174 solum
593 2133 660 2172 ne
685 2133 806 2172 cum
837 2116 1022 2170 amicis
1042 2157 1056 2181 ,
1087 2114 1180 2171 sed
1211 2131 1276 2169 ne
1304 2130 1423 2170 cum
1471 2115 1640 2169 servis
1667 2113 1882 2184 quidem
1914 2126 1975 2166 se

393 2213 674 2267 misceant.
704 2211 840 2266 Mala
877 2211 1018 2265 enim
1062 2208 1341 2263 innumera
1388 2208 1568 2262 liberis
1606 2207 1984 2276 importantur,

393 2304 607 2374 quando
649 2316 836 2357 servos
880 2309 1163 2370 corruptos
1198 2300 1276 2354 eis
1305 2298 1725 2370 pracfecerimus.
1753 2297 1808 2350 Si
1844 2296 1989 2350 enim

399 2397 563 2467 patris
590 2395 831 2450 fruentes
861 2403 1007 2449 tanta
1051 2403 1106 2448 et
1133 2393 1508 2448 benevolentia
1534 2400 1589 2445 et
1611 2389 1947 2460 philosophia
1972 2429 1988 2452 ,

399 2491 488 2543 vix
533 2487 664 2543 salvi
703 2486 975 2551 evadunt;
1018 2487 1062 2540 si
1109 2487 1233 2540 illos
1276 2484 1551 2540 tradamus
1590 2485 1760 2540 servis
1791 2485 1992 2538 bonum

405 2579 536 2634 nihil
562 2579 909 2644 curantibus,
943 2577 1130 2648 quales
1171 2576 1334 2632 futuri
1381 2579 1542 2631 sunt?
1572 2577 1681 2631 lllis
1726 2587 1994 2647 tamquam

405 2674 638 2729 inimicis
665 2681 906 2736 utuntur,
937 2671 1307 2726 existimantes
1329 2669 1451 2724 illos
1477 2669 1864 2725 moderatiores
1884 2669 1998 2723 fore

405 2763 763 2834 dominos,.si
793 2765 1012 2819 insanos
1041 2763 1161 2817 illos
1185 2805 1200 2829 ,
1237 2763 1510 2833 improbos
1539 2773 1593 2818 et
1619 2763 1814 2818 nullius
1841 2761 1998 2832 pretii

409 2856 654 2914 reddant.
684 2857 824 2910 Ante
848 2855 950 2909 alia
982 2869 1110 2924 ergo
1155 2854 1332 2908 omnia
1365 2853 1481 2908 [nec
1506 2867 1756 2909 curemus
1776 2895 1792 2918 ,
1838 2863 1892 2908 et
1918 2852 2002 2907 his

410 2965 628 3020 operam
659 2948 868 3002 demus.
897 2946 1098 3012 Dilexi,
1133 2945 1304 3017 inquit
1323 2987 1336 3011 ,
1367 2962 1450 2999 eos
1476 2945 1564 3015 qui
1593 2945 1812 3016 diligunt
1842 2945 2002 3014 legem

415 3051 574 3096 tuam.
605 3039 754 3095 Hunc
785 3053 912 3107 ergo
941 3051 1041 3091 nos
1077 3052 1290 3108 quoque
1327 3037 1646 3092 aemulemur
1671 3046 1726 3092 et
1752 3035 1850 3090 hos
1877 3035 2004 3090 dili-

415 3148 621 3207 gamus.
646 3132 716 3188 Ut
743 3147 930 3186 rursus
949 3140 1128 3185 autem
1157 3138 1516 3199 temperantes
1537 3138 1590 3184 et
1618 3128 1878 3183 moderati
1900 3129 2009 3182 sint

417 3225 604 3298 pueri,
634 3222 853 3277 audiant
878 3220 1196 3292 prophetam
1238 3221 1503 3276 dicentem
1535 3238 1548 3274 :
1582 3218 1764 3274 Lumbi
1789 3220 1886 3272 mei
1911 3235 2010 3271 im-

420 3318 542 3387 pleti
565 3324 682 3370 sunt
702 3314 1059 3377 illusionibus;
1085 3323 1140 3368 et
1160 3326 1370 3378 rur3us,
1394 3311 1587 3365 Perdes
1603 3327 1771 3365 omnes
1791 3308 1876 3380 qui
1904 3313 2012 3378 for-

421 3411 654 3464 nicantur
683 3407 771 3461 abs
794 3417 841 3461 te
867 3405 1040 3478 (Psal.
1061 3405 1151 3460 37.
1176 3404 1228 3459 8.
1254 3413 1299 3456 et
1319 3402 1409 3457 72.
1431 3402 1549 3474 27).
1585 3402 1651 3456 Et
1675 3400 1819 3470 quod
1839 3400 2012 3455 ventri

421 3512 665 3575 oporteat
687 3503 976 3571 imperare,
1002 3514 1188 3572 rursus
1213 3496 1432 3552 audiant
1455 3512 1469 3551 :
1499 3495 1567 3550 Et
1588 3495 1790 3560 occidit,
1819 3494 2009 3564 inquit,

426 3597 595 3667 plures
617 3610 808 3658 eorum,
840 3610 955 3646 cum
984 3601 1111 3646 esset
1136 3591 1304 3644 adhuc
1325 3606 1438 3644 esca
1458 3590 1510 3643 in
1535 3605 1621 3643 ore
1640 3605 1814 3643 eorum
1839 3585 2012 3670 (Psal.

425 3689 514 3743 77.
543 3687 632 3743 ‘50.
662 3687 774 3757 51).
804 3685 871 3740 Ει
890 3684 1031 3756 quod
1053 3692 1299 3752 oporteat
1326 3697 1431 3736 non
1455 3683 1593 3736 vinci
1617 3697 1645 3735 a
1669 3680 2012 3735 muneribus:

426 3780 631 3834 Dtvitite
666 3779 710 3849 si
735 3778 964 3849 afﬂuant,
993 3777 1148 3830 nolite
1178 3792 1265 3829 cor
1290 3792 1544 3845 apponere
1577 3774 1748 3844 (1³εαί.
1775 3773 1865 3828 6|.
1897 3773 2014 3842 11).

429 3873 492 3926 Et
512 3869 653 3941 quod
681 3846 866 3940 gloria:
897 3867 968 3921 sit
988 3865 1376 3921 dominandum
1396 3907 1411 3930 ,
1443 3866 1545 3919 hoc
1584 3880 1798 3935 quoque
1828 3865 1900 3918 ibi
1935 3865 2018 3918 in-

429 3965 686 4019 venient:
722 3960 900 4030 Neque
941 3975 1056 4013 cum
1096 3976 1152 4012 eo
1183 3958 1447 4012 descendet
1490 3967 1601 4028 post
1644 3959 1813 4028 ipsum
1855 3957 2018 4028 gloria

429 4058 538 4126 ejus
561 4053 732 4123 (Psal.
756 4052 844 4106 18.
871 4051 962 4122 18)
990 4069 1000 4104 :
1026 4049 1167 4121 quod
1191 4049 1407 4120 maligni
1434 4065 1539 4104 non
1565 4049 1673 4104 sint
1691 4049 1975 4104 aemulandi
2003 4067 2018 4103 :

434 4146 562 4202 Noli
582 4144 814 4199 aunulari
838 4143 888 4197 in
912 4141 1305 4214 malignantibus
1328 4139 1499 4211 (Psal.
1523 4137 1851 4212 56.1):quod
1875 4143 2022 4212 prin-

433 4239 640 4308 cipatus
666 4245 719 4292 et
746 4244 1040 4306 potestates
1068 4233 1216 4288 nihili
1241 4243 1488 4304 oporteat
1517 4235 1825 4289 existimare
1849 4252 1860 4288 :
1909 4233 2022 4288 Vidi

431 4330 646 4400 impium
690 4328 1122 4396 superexaltatum
1163 4337 1210 4380 et
1255 4326 1500 4381 eleuatum
1542 4328 1671 4381 sicut
1717 4327 1893 4381 cedros
1937 4327 2026 4380 Li-

435 4423 591 4484 bani;
618 4430 664 4472 et
692 4419 922 4483 transivi,
957 4427 1001 4472 et
1024 4435 1135 4472 ecce
1160 4435 1260 4472 non
1283 4428 1389 4473 erat
1412 4417 1519 4488 (1b.
1546 4435 1591 4472 υ.
1617 4419 1706 4474 55.
1728 4419 1854 4491 56);
1883 4419 2025 4489 quod

437 4510 718 4581 praesentia
745 4509 896 4564 nihili
925 4509 1030 4564 sint
1056 4508 1293 4563 facienda
1321 4527 1333 4562 :
1362 4507 1574 4562 Beatum
1595 4509 1831 4564 dixertmt
1861 4526 2028 4582 popu-

438 4605 546 4658 lum
573 4603 654 4655 cui
681 4601 790 4654 hare
816 4610 967 4663 sunt;
995 4600 1166 4653 beatus
1191 4611 1264 4654 est
1289 4601 1508 4671 populus
1529 4642 1543 4664 ,
1566 4604 1711 4668 cujus
1738 4610 1810 4655 est
1843 4600 2026 4654 Domi-

437 4710 534 4750 nus
563 4693 698 4748 Deus
737 4692 946 4763 adjutor
976 4691 1150 4763 (Psal.
1180 4693 1304 4746 145.
1333 4693 1421 4763 15)
1449 4710 1462 4745 :
1502 4693 1644 4763 quod
1675 4709 1780 4748 non
1809 4693 2030 4762 impune

442 4799 725 4857 peceamus
745 4826 759 4849 ,
793 4782 886 4839 sed
915 4784 986 4838 sit
1011 4785 1374 4839 remuneratio
1403 4802 1415 4838 :
1454 4783 1531 4838 Tu
1555 4786 1736 4839 reddes
1763 4785 2031 4855 unicuique

438 4877 714 4933 secundum
737 4892 894 4943 opera
921 4892 1014 4929 sua
1039 4887 1055 4924 :
1078 4890 1175 4929 cur
1202 4885 1378 4930 autem
1409 4891 1513 4930 non
1541 4877 1730 4932 reddat
1759 4877 2031 4947 quotidie:

447 4971 578 5023 Deus
597 4968 967 5040 judexjustus,
1001 4977 1046 5020 et
1068 4966 1234 5034 fortis,
1265 4978 1310 5022 et
1333 4969 1525 5038 patiens
1555 4967 1724 5038 (Psal.
1753 4971 1842 5026 6|.
1877 4971 1962 5026 15.
1987 4981 2032 5025 et

444 5063 492 5116 7.
528 5060 617 5129 η)
644 5079 655 5112 :
680 5061 818 5128 quod
859 5061 1056 5113 bonum
1088 5061 1158 5113 sit
1199 5059 1469 5115 humilitas
1499 5078 1512 5114 :
1546 5059 1760 5116 Domine
1783 5104 1798 5129 ,
1840 5063 2029 5132 inquit,

438 5171 543 5210 non
575 5162 646 5207 est
669 5153 944 5206 ea’altatum
971 5168 1059 5204 cor
1089 5168 1255 5205 meum
1278 5151 1448 5222 (Psal.
1477 5153 1598 5208 150.
1627 5155 1678 5224 1)
1708 5171 1721 5208 :
1750 5153 1890 5223 quod
1915 5171 2032 5208 ma-

443 5245 554 5299 lum
587 5245 655 5298 sit
685 5243 935 5311 superbia
963 5260 977 5297 :
1013 5241 1309 5313 Propterea,
1341 5247 1532 5314 inquit,
1563 5247 1722 5300 tenuit
1745 5264 1828 5301 eos
1853 5265 2033 5316 super-

428 5337 524 5388 hia
554 5336 606 5388 in
633 5335 782 5402 ﬁnem
811 5331 983 5403 (Psal.
1011 5333 1100 5386 79..
1127 5335 1212 5404 6);
1238 5344 1292 5389 et
1313 5351 1516 5399 rursus,
1539 5335 1786 5392 Dominus
1807 5339 2035 5408 superbis

436 5429 627 5481 resistit
649 5426 829 5494 (Prov.
859 5427 908 5481 5.
938 5427 1025 5480 51.
1061 5428 1112 5479 in
1145 5426 1380 5491 Caeco);
1413 5440 1467 5484 ct
1493 5447 1696 5493 rursus,
1735 5431 2036 5502 Egredietur

438 5525 700 5583 tamquam
727 5532 789 5568 ea:
815 5515 967 5584 adipe
989 5516 1225 5588 iniquitas
1260 5534 1432 5571 eorum
1457 5517 1629 5588 (Psal.
1661 5521 1750 5574 ~72.
1775 5523 1850 5591 7).
1883 5523 2033 5590 Quod

446 5607 644 5659 bonum
669 5607 740 5661 sit
777 5609 1116 5679 eleemosyna
1144 5629 1156 5665 :
1195 5610 1441 5679 Dispersit
1461 5653 1476 5676 ,
1507 5613 1642 5665 dedit
1684 5615 1988 5682 pauperibus
2016 5633 2034 5671 :

452 5698 641 5750 iustitia
671 5698 777 5765 ejus
817 5710 980 5752 manet
1024 5701 1076 5754 in
1103 5703 1344 5756 saxulum
1389 5702 1568 5771 (Psal.
1607 5707 1725 5759 111.
1761 5705 1818 5776 9)
1846 5723 1856 5758 :
1891 5708 2034 5780 quod

453 5785 774 5842 laudaudmu
803 5789 874 5841 sit
897 5789 1140 5845 misereri
1175 5809 1186 5845 :
1221 5791 1391 5845 Bonus
1421 5805 1493 5847 est
1534 5795 1606 5849 rir
1646 5799 1730 5864 qui
1770 5798 2035 5854 miseretur

447 5888 496 5930 et
521 5877 804 5931 commoda:
837 5878 939 5952 (Ib.
972 5894 1017 5933 υ.
1052 5881 1127 5950 5).
1160 5883 1225 5936 Et
1266 5884 1347 5937 his
1376 5883 1530 5956 longe
1571 5887 1718 5954 plura
1747 5888 1852 5946 illis
1883 5893 2033 5946 invo-

1132 426 1185 492 s.
1227 425 1503 493 JOANNIS
1541 419 2019 490 cuh’rSosToau
2057 428 2376 484 ARCHIEP.
2418 416 2945 486 coxsranrixor.

3535 419 3640 488 πει

2064 545 2181 599 nies
2207 545 2558 615 philosophiae
2581 545 2827 616 dogmata
2858 564 2872 602 :
2902 556 2956 600 ut
2978 589 2992 613 ,
3026 546 3166 617 quod
3195 562 3300 602 non
3324 547 3392 602 sit
3421 550 3644 603 maledi-

2059 640 2288 697 cendum
2317 658 2330 694 :
2367 640 2734 707 Detrahmtem,
2767 643 2955 710 inqait.
2984 642 3274 697 clanculum
3302 644 3656 712 proximosua,

2064 734 2196 787 hunc
2221 734 2551 802 persequebar
2579 733 2751 804 (Psal.
2779 735 2902 790 100.
2934 736 3012 804 5).
3043 735 3174 802 Quis
3199 737 3269 790 sit
3296 723 3524 806 hymnus
3559 750 3642 790 su-

2065 839 2385 894 pernorum,
2433 825 2560 893 quid
2597 840 2830 894 superne
2873 826 3060 882 dicunt
3103 827 3430 891 Cherubim,
3476 831 3658 884 sciunt

2066 915 2273 969 fideles.
2302 914 2439 980 Quid
2470 915 2723 970 dicebant
2751 917 2925 987 angeli
2968 917 3104 972 infra
3146 920 3340 988 positi?
3384 919 3561 975 Gloria
3603 923 3658 972 in

2067 1005 2278 1062 excelsis
2305 1005 2416 1060 Deo
2447 1007 2601 1076 (Luc.
2633 1006 2689 1060 Ξ.
2725 1008 2837 1077 ib).
2871 1009 3158 1079 Propterea
3189 1021 3310 1080 post
3332 1011 3658 1080 psalmodias

2069 1101 2287 1173 hymni,
2320 1110 2506 1171 utpote
2548 1116 2635 1156 res
2677 1101 2921 1170 quaedam
2972 1102 3278 1170 perfectior.
3316 1103 3383 1157 In
3413 1104 3656 1175 psalmis,

2070 1194 2262 1262 inquit,
2292 1193 2513 1264 hymnis,
2545 1203 2592 1247 et
2621 1195 2832 1246 canticis
2855 1193 3230 1264 spiritualibus,
3263 1196 3315 1248 in
3340 1198 3506 1266 gratia
3536 1213 3661 1250 can-

2073 1295 2235 1338 tantes
2273 1286 2327 1338 in
2365 1285 2600 1339 cordibus
2645 1285 2818 1339 vestris
2855 1283 2984 1340 Duo.
3029 1289 3135 1340 Aut
3178 1285 3279 1341 hoc
3309 1286 3472 1352 dicit,
3517 1286 3660 1358 quod

2073 1388 2292 1447 propter
2319 1375 2544 1446 gratiam
2576 1375 2691 1431 haec
2726 1376 2880 1432 nobis
2922 1375 3070 1431 dedit
3100 1377 3278 1442 Deus;
3320 1386 3413 1431 aut
3439 1380 3665 1432 canticis

2076 1487 2196 1540 quae
2223 1483 2348 1526 sunt
2376 1474 2429 1527 in
2455 1473 2658 1542 gratia;
2691 1482 2780 1528 aut
2806 1472 3160 1528 admonentes
3187 1487 3285 1527 nos
3311 1473 3457 1542 ipsos
3480 1483 3535 1527 et
3561 1474 3666 1526 doc

2077 1573 2262 1619 centes
2290 1565 2343 1618 in
2374 1565 2576 1634 gratia;
2620 1574 2712 1619 aut
2749 1565 2890 1635 quod
2931 1565 2986 1618 in
3031 1565 3202 1634 gratia
3247 1564 3514 1619 habebant
3553 1564 3669 1617 hace

2079 1655 2249 1718 dona;
2281 1664 2373 1709 aut
2395 1655 2510 1710 huic
2529 1665 2610 1710 est
2639 1656 2947 1724 explicatio.
2982 1657 3022 1709 A
3057 1656 3246 1725 gratia,
3279 1655 3474 1724 inquit,
3505 1655 3670 1725 spiri-

2083 1758 2186 1801 tus.
2208 1747 2482 1802 Cantantes
2509 1749 2561 1802 in
2590 1748 2825 1803 cordibus
2849 1748 3026 1802 vestris
3051 1747 3178 1802 Deo.
3210 1747 3326 1803 Non
3357 1749 3529 1803 solum
3547 1791 3562 1814 ,
3593 1750 3674 1803 in-

2083 1839 2216 1908 quit,
2249 1854 2370 1902 ore,
2400 1838 2495 1894 sed
2523 1855 2643 1894 cum
2668 1842 2984 1894 attentione.

2157 1932 2210 1986 5.
2255 1931 2367 1987 lloc
2421 1933 2564 1988 enim
2617 1942 2700 1987 est
2749 1934 2858 1988 Deo
2905 1947 3138 1998 canere,
3170 1933 3300 1988 illud
3353 1948 3482 1990 vero
3527 1935 3674 1998 aeri;

2087 2039 2190 2078 vox
2247 2026 2390 2078 enim
2441 2033 2644 2080 temere
2693 2025 3025 2080 diffunditur.
3071 2025 3186 2080 Non
3242 2025 3308 2081 ad
3357 2027 3678 2081 ostentatio-

2091 2133 2248 2181 nem,
2279 2118 2470 2187 inquit.
2507 2117 2725 2172 Etiamsi
2757 2119 2830 2173 sis
2871 2120 2924 2174 in
2951 2119 3089 2184 foro,
3120 2128 3272 2189 potes
3298 2119 3525 2189 teipsum
3550 2134 3684 2173 con-

2093 2216 2335 2271 vertere,
2379 2218 2432 2262 et
2487 2208 2598 2277 Deo
2642 2224 2835 2264 canere
2884 2210 3098 2265 nemine
3144 2209 3414 2265 audiente.
3445 2210 3576 2264 Nam
3604 2213 3684 2266 sic

2093 2314 2308 2368 quoque
2351 2299 2540 2355 orabat
2565 2299 2798 2372 Moyses,
2828 2309 2882 2354 et
2921 2301 3017 2354 fuit
3058 2300 3305 2355 auditus:
3338 2301 3469 2356 dicit
3505 2303 3683 2367 enim,

2100 2391 2236 2457 Quid
2265 2394 2333 2446 ad
2359 2408 2441 2446 me
2471 2393 2702 2447 clamas?
2731 2393 2889 2462 Atqui
2931 2393 3062 2447 nihil
3103 2392 3349 2458 dicebat,
3379 2393 3475 2448 sed
3507 2403 3687 2448 mente

2099 2484 2367 2540 clamabat
2409 2500 2531 2539 cum
2586 2484 2750 2539 corde
2807 2485 3039 2539 contrito
3089 2502 3103 2536 :
3153 2485 3500 2554 quamobrem
3548 2484 3689 2538 Deus

2101 2576 2250 2632 solus
2279 2575 2540 2630 exaudiit.
2585 2575 2728 2630 Nihil
2773 2577 2914 2631 enim
2959 2583 3106 2630 vetat
3145 2577 3430 2645 quominus
3467 2586 3522 2630 et
3571 2592 3690 2630 am-

2102 2668 2294 2723 bulans
2341 2668 2507 2724 corde
2553 2677 2705 2734 oret,
2738 2677 2793 2722 et
2839 2682 3049 2722 sursum
3091 2669 3179 2722 sit.
3212 2667 3375 2723 Datne
3411 2668 3692 2738 quodcum-

2103 2781 2199 2836 que
2225 2765 2411 2834 facitis,
2450 2741 2650 2834 inquit,
2682 2765 2734 2816 in
2761 2762 2906 2817 verbo
2931 2772 3023 2815 aut
3051 2763 3104 2818 in
3134 2779 3313 2832 apere,
3346 2763 3517 2816 omnia
3543 2763 3697 2831 facile

2105 2856 2158 2909 in
2187 2856 2388 2909 nomine
2421 2853 2628 2908 Domini
2655 2853 2782 2909 Iesu
2819 2853 3038 2916 Christi,
3067 2854 3258 2921 gratias
3283 2865 3488 2922 agentes
3511 2851 3622 2907 Deo
3648 2863 3700 2905 es

2110 2945 2258 3001 Patri
2283 2963 2370 3018 per
2391 2949 2576 3016 ipsum.
2608 2944 2741 3000 Nam
2769 2945 2814 2999 si
2845 2946 2922 3000 sic
2949 2943 3242 3011 faciamus,
3274 2945 3408 2999 nihil
3443 2944 3545 3000 erit
3575 2959 3701 2998 scec

2111 3040 2300 3094 lestum
2324 3079 2340 3103 ,
2371 3037 2501 3092 nihil
2531 3037 2889 3102 immundum,
2923 3038 3010 3092 ubi
3041 3036 3288 3094 Christus
3314 3037 3611 3092 invocatur.
3641 3038 3700 3092 Si

2111 3131 2364 3186 comedas
2383 3171 2400 3198 ,
2431 3131 2476 3185 si
2505 3130 2690 3192 bibas,
2719 3130 2763 3184 si
2789 3144 3012 3185 uxorem
3037 3129 3223 3196 ducas,
3257 3130 3300 3183 si
3331 3143 3553 3199 peregre
3575 3145 3702 3198 pro-

2115 3224 2371 3279 ﬁciscaris
2391 3266 2406 3289 ,
2438 3226 2490 3277 in
2521 3224 2741 3278 nomine
2789 3223 2882 3278 Dei
2916 3223 2996 3278 fac
3023 3224 3241 3289 omnia;
3270 3221 3375 3277 hoc
3412 3232 3534 3289 est,
3578 3238 3703 3278 eum

2114 3332 2312 3372 vocans
2341 3315 2640 3386 adjutorem
2667 3333 2682 3370 :
2717 3315 2772 3369 in
2797 3315 3046 3370 omnibus
3074 3330 3196 3369 eum
3221 3313 3369 3384 prius
3391 3329 3550 3369 orans
3569 3355 3584 3380 ,
3615 3330 3706 3368 res

2119 3411 2428 3482 aggredere.
2474 3408 2569 3464 Vis
2595 3409 2792 3480 aliquid
2833 3409 3018 3480 loqui?
3046 3408 3148 3464 hoc
3187 3423 3458 3479 prtepone.
3493 3409 3556 3464 Et
3587 3409 3714 3463 ideo

2119 3518 2218 3557 nos
2247 3515 2460 3572 quoque
2500 3501 2553 3556 in
2577 3501 2818 3571 epistolis
2844 3516 3040 3556 nomen
3072 3500 3278 3555 Domini
3323 3500 3706 3570 prmponimus.

2121 3593 2220 3650 Ubi
2250 3593 2410 3647 fuerit
2430 3607 2622 3646 nomen
2650 3591 2883 3658 Domini,
2906 3591 3082 3646 omnia
3105 3602 3230 3646 sunt
3253 3593 3418 3646 fausta
3438 3601 3487 3646 ct
3512 3592 3705 3648 felicia.

2122 3687 2251 3741 Nam
2293 3688 2337 3740 si
2362 3685 2653 3741 Consulum
2684 3686 2898 3738 nomina
2927 3683 3166 3738 efﬁciunt
3197 3694 3251 3739 ut
3285 3685 3504 3738 lit-mata:
3531 3695 3588 3740 et
3617 3700 3709 3735 ra-

2123 3780 2244 3835 lidtn
2266 3779 2376 3834 sint
2397 3779 2628 3844 tabellae,
2652 3778 2820 3832 multo
2845 3778 3015 3847 magis
3028 3792 3223 3832 nomen
3245 3777 3464 3832 Christi.
3488 3777 3593 3830 Aut
3612 3778 3715 3833 hoc

2125 3871 2275 3936 dicit,
2297 3869 2605 3925 Secundum
2641 3869 2807 3924 Deum
2830 3869 3006 3923 omnia
3031 3879 3084 3924 et
3109 3868 3291 3935 dicite,
3321 3877 3377 3923 et
3404 3870 3542 3939 agite
3572 3887 3583 3923 :
3617 3885 3714 3922 no-

2125 3962 2220 4017 lite
2251 3961 2470 4031 angelos
2501 3960 2864 4015 introducere.
2897 3959 3182 4015 Comedis?
3215 3961 3324 4015 Deo
3347 3975 3446 4030 age
3483 3961 3713 4030 gratias,

2127 4063 2184 4108 et
2212 4051 2394 4107 itidem
2421 4060 2608 4122 postea
2636 4051 2686 4105 id
2715 4051 2971 4106 facturus.
3008 4051 3260 4104 Dormis?
3290 4066 3388 4120 age
3419 4053 3634 4121 gratias,
3663 4063 3718 4107 et

2129 4145 2313 4200 itidem
2345 4154 2527 4214 postea
2570 4144 2709 4198 idem
2759 4143 3016 4198 facturus.
3063 4143 3226 4197 Vadis
3268 4145 3336 4198 ad
3379 4141 3592 4202 forum?
3635 4143 3720 4200 fac

2132 4239 2292 4303 idem,
2326 4237 2455 4292 nihil
2483 4237 2836 4301 mundanum,
2869 4236 3001 4290 nihil
3031 4236 3172 4306 quod
3192 4236 3260 4292 ad
3286 4237 3450 4292 vitam
3479 4251 3718 4308 prarsen-

2133 4342 2238 4385 tem
2263 4331 2545 4399 pertineat.
2573 4329 2679 4383 Fac
2698 4329 2874 4384 omnia
2900 4329 2951 4382 in
2977 4327 3192 4382 nomine
3215 4327 3446 4394 Domini,
3469 4337 3524 4382 et
3543 4329 3723 4383 omnia

2134 4421 2227 4477 tibi
2259 4431 2405 4476 recte
2444 4420 2755 4476 succedent.
2789 4420 3125 4490 Ubicumque
3162 4420 3393 4489 positum
3438 4419 3597 4475 fuerit
3628 4420 3723 4477 Dei

2135 4528 2348 4577 nomen,
2380 4512 2558 4566 omnia
2588 4521 2712 4566 sunt
2740 4512 2909 4566 fausta
2930 4520 2985 4566 et
3012 4510 3202 4566 felicia.
3238 4510 3294 4565 Si
3325 4510 3598 4566 daemones
3626 4528 3725 4566 ex-

2137 4603 2302 4672 pellit,
2336 4603 2380 4656 si
2413 4602 2631 4656 morbos
2663 4603 2960 4672 propulsat,
2990 4601 3158 4657 multo
3186 4603 3356 4672 magis
3383 4602 3542 4658 rebus
3571 4602 3750 4657 allen-tt

2137 4693 2471 4748 facilitatem.
2499 4692 2636 4761 Quid
2661 4701 2775 4759 est,
2819 4693 3019 4748 Facere
3059 4694 3111 4748 in
3143 4694 3308 4750 verbo
3336 4702 3428 4749 aut
3454 4694 3505 4747 in
3530 4683 3745 4762 aper-cili

2137 4783 2233 4839 Vel
2260 4797 2569 4847 exeuntem,
2603 4786 2685 4840 vel
2711 4784 2923 4854 quidvis
2954 4783 3261 4842 facientem.
3293 4785 3429 4839 Audi
3458 4785 3729 4855 quomodo

2139 4783 2233 4839 Vel
2260 4797 2569 4847 exeuntem,
2603 4786 2685 4840 vel
2711 4784 2923 4854 quidvis
2954 4783 3261 4842 facientem.
3293 4785 3429 4839 Audi
3458 4785 3729 4855 quomodo

2139 4873 2409 4928 Abraham
2455 4872 2708 4929 famulum
2739 4890 2893 4929 suum
2937 4877 2988 4930 in
3033 4876 3248 4931 nomine
3280 4875 3374 4930 Dei
3403 4875 3548 4931 misit
3577 4894 3591 4928 :
3624 4876 3694 4930 Da
3729 4783 3759 4962 ἑ

2141 4974 2225 5023 vid
2264 4970 2314 5022 in
2347 4971 2563 5024 nomine
2607 4971 2698 5024 Dei
2728 4970 2940 5026 Golith
2972 4970 3262 5026 interemit.
3294 4970 3622 5026 Admirabile
3649 4979 3733 5024 est

2142 5078 2340 5116 nomen
2379 5062 2498 5131 ejus
2523 5075 2576 5117 et
2605 5077 2876 5132 magnum.
2906 5062 2975 5116 Et
3007 5077 3193 5118 rursus
3231 5061 3398 5117 Jacob
3429 5062 3566 5116 filios
3605 5076 3733 5116 suos

2143 5153 2383 5214 mittens,
2412 5151 2580 5206 dicit:
2617 5151 2755 5205 Deus
2775 5165 2944 5206 autem
2972 5169 3112 5206 meus
3137 5152 3220 5205 det
3247 5152 3385 5206 vobis
3411 5153 3628 5222 gratiam
3649 5167 3735 5204 co-

2141 5263 2254 5299 ram
2283 5247 2486 5300 homine
2511 5245 2668 5315 (Gen.
2696 5249 2788 5302 «15.
2819 5247 2926 5315 14).
2959 5246 3091 5301 Nam
3122 5247 3211 5318 qui
3241 5247 3342 5302 hoc
3369 5247 3532 5313 facit,
3567 5250 3735 5304 Deum

2145 5338 2308 5393 habet
2333 5338 2656 5406 adjutorem,
2688 5341 2807 5394 sine
2837 5355 2944 5409 quo
2967 5341 3096 5394 nihil
3129 5356 3289 5395 ausus
3315 5351 3397 5396 est
3422 5341 3617 5396 facere.
3644 5343 3739 5398 Ut-

2147 5439 2270 5497 pote
2308 5445 2437 5500 ergo
2478 5431 2805 5494 honoratus,
2845 5445 2967 5485 cum
3015 5431 3112 5486 fuit
3151 5433 3454 5498 invocatus,
3498 5435 3733 5489 vicissim

2148 5521 2433 5575 honorabit
2462 5521 2626 5576 rebus
2652 5521 2885 5576 offerens
2915 5521 3247 5580 facilitatem.
3281 5525 3472 5582 lnvoca
3504 5526 3695 5581 Filium
3720 5568 3737 5593 ,

2147 5615 2346 5683 gratias
2373 5630 2471 5684 age
2504 5614 2668 5669 Patri.
2695 5613 2827 5668 Nam
2850 5615 2974 5670 dum
3005 5616 3282 5672 invocatur
3302 5619 3492 5685 Filius,
3526 5621 3738 5674 invoca-

2149 5720 2232 5764 tur
2260 5720 2314 5764 et
2353 5709 2544 5772 Pater;
2573 5718 2628 5764 ct
2651 5709 2779 5763 dum
2803 5709 2852 5763 ei
2880 5721 3109 5780 aguntur
3133 5713 3338 5782 gratim,
3369 5714 3504 5768 Filio
3528 5731 3743 5785 quoque

2145 5801 2330 5870 gratiae
2357 5811 2609 5870 aguntur.
2645 5801 2771 5857 Hmc
2799 5802 3073 5859 discamus
3102 5822 3207 5861 non
3238 5808 3404 5862 verbo
3435 5816 3609 5871 tenus,
3643 5809 3762 5862 scd-

2152 5908 2246 5960 per
2275 5891 2411 5948 facta
2450 5893 2697 5958 implere.
2728 5895 2860 5951 Huic
2883 5895 3087 5954 nomini
3118 5897 3249 5953 nihil
3286 5908 3463 5970 potest
3494 5898 3701 5967 aequipa
