4140 6528
394 539 621 606 Κύριον
669 528 922 600 δοξάζει)
952 546 967 560 ·
1009 527 1144 600 περἰε
1187 527 1283 582 τοῦ
1317 531 1556 582 συνεῖναι
1597 527 1825 596 ἀγαθοῖς
1877 525 1992 598 (καὶ

393 618 572 674 ταῦτα
634 615 893 687 εὑρήσεις
937 615 1081 667 ὲκεῖο
1120 613 1219 668 καὶ
1268 612 1406 667 ἄλλα
1462 613 1688 680 πολλόι)’Δ
1717 612 1846 682 περὶ
1897 608 1995 663 τοῦ

393 699 632 772 γαστρὸς
670 699 917 768 κρατεῖν,
943 696 1194 768 περὶτοῦ
1213 699 1403 769 χεῖρας
1435 696 1707 767 κατέχειν,
1740 694 1870 766 περὶ
1901 692 1996 745 τοῦ

401 786 478 857 μὴ
518 783 866 835 πλεονεκτεῖν
895 797 909 811 ⁸
931 781 1014 836 δτι
1043 781 1196 835 οὐδὲν
1223 782 1292 834 τὰ
1323 783 1605 852 χρήματα,
1623 779 1744 833 οὐδὲ
1777 780 1810 849 ἡ
1845 775 1997 842 δόξα,

399 873 493 925 καὶ
518 869 620 922 ὅσα
652 865 904 921 τοιαῦτα.
932 867 1103 922 Ὅταν
1136 865 1348 929 τούτοις
1379 869 1444 919 ἐκ
1471 866 1660 928 παιδὸς
1687 861 1883 937 ὲνάξῃς
1903 863 2002 914 αὐ-

399 954 509 1014 τὸν,
550 951 694 1006 κατά
749 951 949 1022 μικρὸν
993 952 1089 1004 καὶ
1129 950 1220 1004 ἐπὶ
1260 949 1330 1003 τὰ
1368 948 1677 1020 ὑψηλότερα
1730 947 1900 1014 ἄξεις.
1937 947 2000 1000 Οί

396 1035 605 1106 ψαλμοὶ
653 1035 832 1088 πάντα
881 1034 1120 1104 ἔχουσιν,
1157 1036 1206 1087 οἱ
1241 1033 1300 1086 δὲ
1346 1033 1506 1103 ὕμνοι
1535 1031 1699 1085 πάλιν
1720 1029 1873 1084 οὐδὲν
1905 1031 2001 1083 ἀν-

401 1118 677 1191 θρώπινον
695 1135 710 1148 ’
728 1118 857 1170 ὅταν
876 1119 936 1169 ὲν
957 1121 1068 1181 τοῖς
1091 1117 1325 1187 ψαλμοῖς
1347 1118 1517 1190 μάθῃ,
1537 1117 1659 1169 τότε
1681 1114 1775 1167 καὶ
1801 1112 2003 1183 ὕμνους

398 1205 632 1268 εἵσεται,
664 1205 763 1257 ἆτε
789 1202 1060 1274 θειότερον
1096 1203 1350 1272 πρᾶγμα.
1375 1201 1441 1254 Αἱ
1465 1200 1573 1272 γὰρ
1604 1200 1716 1254 ἄνω
1741 1197 2004 1268 δυνάμεις

401 1288 685 1360 ὑμνοῦσιν,
720 1287 780 1340 οὑ
819 1286 1146 1354 ψάλλουσιν⁹
1189 1288 1272 1340 Οὺ
1325 1284 1438 1355 γὰρ
1470 1284 1686 1352 ὡραῖος
1715 1282 1907 1352 ὕμνος
1934 1281 2005 1334 ἐν

400 1372 674 1440 στόματι,
704 1370 892 1441 φησὶν,
922 1369 1307 1439 ἀμαρτωλοῦ⁶
1339 1370 1435 1422 καὶ
1469 1369 1656 1430 πάλιν,
1685 1369 1750 1420 Ol
1781 1368 2005 1436 ὀφθαλ-

397 1456 502 1526 μοί
533 1471 655 1523 μου
684 1453 784 1507 ἐπὶ
832 1457 976 1518 τοὺς
1020 1453 1281 1517 πιστοὺς
1309 1451 1422 1522 τῆς
1461 1449 1596 1522 γῆς,
1632 1449 1740 1504 τοῦ
1772 1465 2004 1519 συγκα-

403 1538 626 1608 θῆσθαι
652 1537 878 1605 αὐτοὺς
898 1537 1028 1606 μετ’
1056 1536 1227 1606 ἐμοῦ
1269 1537 1364 1590 καὶ
1395 1535 1580 1601 πάλιν,
1619 1537 1701 1590 Οὐ
1753 1533 2008 1600 κατῴκει

402 1622 473 1675 ἐν
493 1621 666 1690 μέσῳ
698 1619 809 1689 τῆς
836 1621 1030 1686 οὶκίας
1057 1637 1177 1690 μου
1203 1619 1391 1674 ποιῶν
1418 1619 1845 1689 ὑπερηφανίαν
1870 1633 1884 1647 '
1913 1616 2008 1672 καὶ

405 1705 593 1766 πάλιν,
638 1705 1053 1773 Πορευόμενος
1093 1704 1165 1758 ἐν
1215 1701 1334 1768 ὁδῷ
1389 1703 1631 1774 ἀμώμῳ,
1681 1699 1862 1768 οὗτός
1905 1719 2010 1772 μοι

403 1789 790 1858 ἐλειτούργει.
816 1789 979 1841 Ὥστε
1016 1787 1091 1859 μὴ
1120 1788 1282 1859 μόνον
1309 1787 1504 1856 φίλοις,
1541 1786 1678 1841 ἀλλὰ
1704 1787 1838 1857 μηδὲ
1863 1786 2010 1839 οἰκέ-

405 1889 530 1935 ταις
564 1871 931 1942 ἀναμιγνύναι
965 1872 1193 1934 ἑαυτοὺς
1238 1871 1626 1940 ἀσφαλίζεσθε.
1656 1870 1738 1924 Τὰ
1766 1871 1874 1941 γὰρ
1907 1886 2010 1940 μυ-

415 1959 506 2026 ρία
535 1956 682 2010 κακὰ
719 1959 831 2020 τοῖς
861 1955 1192 2028 ἐλευθέροις,
1225 1957 1354 2009 ὅταν
1395 1955 1621 2018 δούλους
1652 1954 1839 2017 αὐτοῖς
1885 1955 2006 2006 ὲπιυ

415 2041 704 2109 στήσωμεν
719 2038 1172 2112 διεφθαρμένους.
1197 2038 1256 2092 Εἰ
1281 2039 1390 2110 γὰρ
1415 2039 1619 2110 πατρὸς
1644 2037 2013 2100 ἀπολαύοντες

415 2123 564 2194 [593]
617 2124 709 2177 καὶ
752 2125 1138 2194 φιλοστοργίας
1188 2125 1284 2176 καὶ
1336 2123 1657 2192 φιλοσοφίας
1709 2120 2011 2191 τοσαύτης,

414 2207 566 2277 μόλις
593 2207 949 2272 διασώζονται
975 2224 988 2236 ·
1019 2209 1149 2262 ὅταν
1170 2209 1370 2271 αὐτοὺς
1394 2206 1643 2279 ὲκδῶμεν
1665 2209 1733 2278 τῇ
1765 2207 2016 2277 ἀφειδείᾳ

410 2292 521 2345 τῶν
548 2293 796 2356 οἰκετῶν,
819 2292 963 2351 τίνες
986 2290 1238 2358 ἐσονταις
1270 2292 1542 2363 Καθάπερ
1577 2290 1794 2362 ἐχθροῖς
1829 2290 2014 2354 αὐτοῖς

410 2375 737 2447 κέχρηνται,
775 2373 1086 2446 νομίζοντες
1140 2376 1327 2438 αὐτοῖς
1371 2375 1473 2447 τὴν
1519 2374 1839 2427 δεσποτείαν
1872 2369 2014 2426 εἶναι

409 2459 796 2531 ἡμερωτέραν,
824 2459 891 2512 ἂν
944 2458 1163 2529 μωροὺς
1210 2459 1410 2523 αὐτοὺς
1447 2459 1877 2530 ἀπεργάσωνται
1920 2458 2016 2510 καὶ

412 2544 652 2612 φαύλους
688 2545 784 2598 καὶ
831 2543 1045 2608 οὐδενὸς
1091 2543 1253 2610 λόγου
1296 2542 1502 2608 ἀξίους.
1539 2542 1651 2612 Πρὸ
1698 2542 1808 2595 τῶν
1839 2541 2016 2595 ἄλλων

411 2626 506 2684 οὖν
536 2629 796 2682 ἁπάντων
834 2627 1007 2682 ταῦτα
1036 2624 1453 2696 σπουδάζωμεν.
1487 2626 1824 2694 Ἠτάπησα,
1859 2628 2014 2698 φησι,

411 2714 557 2780 τοὺς
591 2713 956 2784 ἀγαπῶντας
997 2712 1106 2767 τὸν
1146 2713 1340 2782 νόμον
1384 2727 1525 2766 σου.
1560 2710 1764 2764 Τοῦτον
1805 2706 1900 2764 οὖν
1926 2712 2019 2764 καὶ

411 2800 577 2870 ἡμεῖς
621 2796 981 2869 ζηλῶσωμεν,
1035 2796 1131 2850 καὶ
1175 2794 1400 2858 τούτους
1449 2794 1779 2863 ἀγαπῶμεν.
1813 2796 1930 2847 Ἵνα
1962 2795 2020 2848 δὲ

417 2883 581 2936 πάλιν
611 2880 966 2952 σωφρονῶσιν
995 2881 1048 2933 οἱ
1093 2879 1308 2944 παῖδες,
1352 2878 1710 2932 ἀκουέεωσαν
1751 2876 1847 2930 τοῦ
1875 2879 2019 2948 Προ-

417 2967 590 3038 φήτθυ
647 2966 934 3035 λέγοντος,
961 2967 1038 3018 ὅτι
1105 2967 1176 3019 Al
1229 2965 1379 3034 ψόαι
1435 2981 1556 3033 μου
1612 2963 2021 3031 ἐπλήσθησαν

415 3050 838 3127 ἐμπιᾳγμάτων
863 3067 876 3079 ·
921 3051 1019 3105 καὶ
1059 3050 1245 3118 πάλιν,
1303 3048 1794 3116 Ἐξολοθρεύσεις
1821 3047 2022 3102 πάντα

416 3135 526 3189 τὸν
574 3137 952 3204 πορνεύοντα
1009 3135 1133 3190 ἀπὸ
1183 3133 1323 3189 σοῦ.
1370 3134 1479 3185 Καὶ⁹
1519 3133 1601 3185 ὅτι
1641 3132 1725 3184 δεῖ
1770 3132 2022 3203 κατέχειν

417 3218 678 3287 γαστρὸς,
700 3219 1054 3273 ἁκουέτωσαν
1084 3218 1248 3272 πάλιν
1274 3235 1287 3248 ·
1321 3215 1432 3270 Καὶ
1465 3214 1804 3279 ἀπέκτεινε,
1834 3220 2019 3285 φησιν,

416 3302 487 3356 ἐν
525 3301 651 3368 τοῖς
677 3303 962 3356 πλείοσιν
992 3303 1215 3366 αὐτῶν,
1251 3302 1340 3354 ἔτι
1369 3298 1482 3368 τῆς
1509 3298 1797 3368 βρώσεως
1827 3300 2024 3366 οὔσης

417 3385 488 3439 ἐν
522 3384 603 3450 τῷ
637 3387 893 3455 στόματι
928 3385 1148 3440 αὐτῶν.
1177 3385 1288 3438 Καὶ
1319 3384 1402 3436 ὅτι
1436 3383 1518 3436 δεῖ
1554 3383 1744 3454 δώρων
1778 3385 2021 3454 κρατεῖν,

421 3468 672 3522 ἐντεῦθεν
720 3469 1056 3540 μαθήσονται
1085 3487 1098 3499 ·
1141 3468 1435 3534 Πλοῦτος,
1478 3467 1664 3538 φησὶν,
1725 3466 1835 3521 ἐὰν
1881 3466 2020 3535 ῥέῃ,

420 3556 824 3621 προστίθεσθε
868 3554 1126 3622 καρδίαν
1158 3571 1173 3587 ο
1215 3554 1310 3607 καὶ
1347 3553 1429 3606 ὅτι
1462 3552 1622 3621 δόξης
1652 3554 1895 3623 κρατεῖν,
1929 3553 2024 3605 καὶ

421 3640 580 3693 τοῦ.ο
628 3640 994 3711 εὑρήσουσινο
1052 3638 1208 3693 Οὐδὲ
1279 3635 1807 3707 συγκαταϐήσεται
1863 3636 2024 3701 αὐτῷ

423 3725 618 3778 ὀπίσω
665 3723 853 3778 αὑτοῦ
904 3725 942 3792 ἡ
997 3722 1150 3788 δόξα
1193 3720 1416 3776 αὐτοῦ’
1465 3722 1590 3784 τοὺς
1625 3722 1897 3792 πονηροὺς
1948 3720 2023 3790 μὴ

423 3808 620 3877 ζηλοῦν
643 3825 658 3840 ·
704 3807 803 3876 Μὴ
836 3807 1182 3876 παραζήλου
1220 3807 1291 3860 ἑν
1319 3804 1831 3874 πονηρευομένοις
1874 3819 1886 3833 ·
1927 3807 2025 3866 τὰς

423 3893 742 3956 δυναστείας
770 3892 1024 3963 ἡγεῖσθαι
1052 3891 1234 3945 οὐδέν·
1264 3886 1448 3945 Εἶδον
1475 3890 1585 3944 τὸν
1628 3888 1819 3958 ἀσεϐῆ
1846 3892 2026 3956 ὑπερ-

426 3981 778 4048 υψούμενον
811 3979 908 4032 καί
939 3979 1341 4045 ἐπαιρόμενον
1371 3975 1452 4041 ὠς
1481 3975 1589 4041 τὰς
1633 3973 1886 4043 κέδρους
1921 3973 2026 4027 τοῦ

428 4063 709 4127 Λιϐάνου,
741 4064 840 4118 καί
876 4065 1214 4131 παρῆλθον,
1258 4061 1356 4114 καὶ
1389 4059 1521 4113 ίδοὺ
1563 4062 1676 4113 οὐκ
1700 4055 1780 4130 ἦν
1804 4075 1818 4089 ·
1857 4059 2026 4130 μηδὲν

426 4147 498 4201 τὰ
542 4149 789 4218 παρόντα
839 4146 1095 4219 ἡγεῖσθαι
1123 4161 1138 4175 ·
1175 4143 1590 4214 Ἐμακάρισαν
1633 4142 1746 4195 τὸν
1775 4142 1951 4206 λαὸν,
1979 4136 2027 4210 ᾧ

428 4233 617 4288 ταῦτὰ
649 4234 782 4287 ἐστι
811 4251 822 4264 ·
861 4231 1155 4302 μακάριος
1184 4232 1216 4283 ό
1244 4229 1419 4294 λαὸς,
1449 4223 1522 4283 οὗ
1561 4228 1776 4294 Κύριος
1807 4228 1840 4280 o'
1881 4226 2027 4292 Θεὸς

422 4318 655 4384 ,Βοηθὸς
704 4317 892 4370 αὑτοῦ
921 4335 932 4348 ·
962 4317 1043 4369 ὃτι
1091 4314 1189 4384 οὑχ
1223 4311 1412 4374 ἁπλῶς
1469 4310 1879 4384 ἁμαρτάνομεν,
1910 4309 2026 4362 ἀλλ’

429 4401 576 4455 ἐστιν
601 4400 1078 4464 ἀνταπόδοσιςοὸτι
1107 4398 1189 4453 Σὺ
1219 4395 1577 4461 ἀποδώσεις,
1595 4393 2030 4466 φησὶν,ἐκὰστῳ

429 4484 582 4540 κατὰ
624 4489 697 4538 τὰ
749 4484 898 4554 ἔργα
947 4482 1157 4537 αὐτοῦ.
1202 4481 1303 4535 Διὰ
1357 4480 1409 4533 τί
1459 4480 1516 4534 δὲ
1565 4480 1626 4532 οὑ
1665 4479 1783 4535 καθ’
1815 4478 2027 4550 ἡμέραν

429 4568 785 4634 ἀποδίδωσιν;
844 4568 906 4620 '0
941 4567 1086 4631 Θεὸς
1141 4564 1373 4633 κριτὴς,
1422 4565 1610 4635 φησὶν,
1660 4563 1890 4629 δίκαιος
1927 4563 2026 4616 καί

432 4653 686 4721 ἰσχυρὸς
723 4651 822 4706 καί
857 4653 1281 4722 μακρόθλυμοςο
1329 4650 1413 4702 ὅτι
1466 4651 1499 4720 ή
1549 4647 2025 4719 ταπεινοφροσύνῃ

431 4737 594 4789 καλόν
629 4753 642 4766 θ
681 4735 880 4804 Κύριε,
923 4735 1112 4806 φησιν,
1148 4735 1262 4802 οὐχ
1295 4732 1505 4800 ὑψώθη
1559 4733 1592 4799 ἠ
1626 4731 1840 4800 καρδιά
1861 4749 1982 4801 μου
2011 4748 2025 4760 ’

429 4822 512 4875 ὅτι
544 4820 894 4891 ὑπερηφανία
921 4821 1091 4872 κακόν
1107 4835 1119 4847 ·
1139 4819 1241 4872 Διὰ
1262 4817 1460 4880 τοῦτο,
1484 4817 1670 4888 φησὶν,
1692 4816 2030 4885 ἐκράτησεν

429 4902 653 4964 αὐτοὺς
678 4904 716 4971 ἡ
744 4904 1129 4972 ὑπερηφανία
1151 4904 1238 4967 εἰς
1260 4898 1435 4966 τέλος
1456 4918 1468 4929 ·
1495 4901 1589 4952 καὶ
1619 4899 2031 4969 πάλιν,Κύριος

432 4985 845 5055 ὑπερηφάνοις
913 4984 1392 5040 ἀντιτάσσεται·
1449 4983 1544 5035 καὶ
1623 4983 1826 5052 πάλιν,
1899 4986 2032 5050 Ἐξ-

431 5070 746 5123 ελεύσεται
773 5070 854 5136 ὡς
897 5070 964 5123 ἐκ
999 5067 1254 5134 στέατος
1289 5069 1322 5136 ἡ
1353 5066 1553 5121 ἀδικία
1581 5067 1799 5121 αὐτῶν.
1839 5068 1960 5121 Ὅτι
1995 5069 2029 5140 ἡ

432 5153 777 5224 ἐλεημοσύνη
823 5154 987 5208 καλόν
1027 5169 1040 5181 ⁸

432 5251 620 5305 νησιν
641 5252 654 5266 ⁸
677 5237 715 5303 ή
750 5237 1111 5305 δικαιοσύνη
1142 5234 1330 5290 αὑτοῦ
1355 5233 1525 5303 μένει
1553 5234 1640 5298 είς
1669 5235 1778 5286 τὸν
1804 5234 2029 5289 αἰῶνα·

432 5319 517 5372 ὅτι
549 5320 608 5372 τὸ
635 5322 804 5374 ἐλεεῖν
825 5320 1106 5374 ἐπαινετόν
1127 5335 1140 5350 ·
1161 5318 1435 5388 Χρηστὸς
1455 5317 1613 5387 ἀνὴρ
1643 5318 1675 5370 ὁ
1699 5320 2028 5385 οἰκτείρων,

434 5403 534 5456 καί
581 5404 824 5474 κιχρῶν.
867 5406 977 5458 Καὶ
1031 5403 1204 5456 πολλὰ
1245 5402 1450 5456 τούτων
1502 5401 1723 5454 πλείονα
1776 5404 2033 5473 εὑρήσεις

434 5487 552 5542 ἐκεῖ
584 5489 923 5557 ὲμφιλόσοφα
966 5489 1211 5558 δόγματα
1235 5503 1249 5516 ⁸
1295 5483 1406 5540 οἷον
1434 5487 1517 5539 ὅτι
1546 5485 1734 5549 κακῶς
1764 5485 1944 5554 λέγειν
1969 5487 2031 5540 οὑ

433 5571 547 5625 δεῖ·
573 5575 684 5626 Τὸν
707 5573 1190 5634 καταλαλοῦντα,
1227 5572 1383 5641 φησι,
1405 5570 1600 5640 λάθρα
1622 5570 1729 5624 τὸν
1760 5570 2033 5638 πλησίον

434 5652 644 5723 αὑτοῦ,
678 5658 896 5712 τοῦτον
919 5656 1262 5721 ἐξεδίωκον.
1294 5657 1390 5718 Τίς
1414 5658 1442 5710 6
1464 5655 1635 5727 ὕμνος
1667 5655 1776 5709 τῶν
1811 5657 1956 5719 ἄνω,
1977 5654 2032 5707 τί

433 5739 583 5808 λέγει
612 5740 682 5794 τὰ
712 5741 1014 5812 Χερουϐὶμ,
1057 5741 1234 5794 ἴσασιν
1294 5741 1346 5792 οἱ
1390 5741 1590 5793 πιστοί.
1635 5740 1702 5792 Τί
1755 5739 1944 5807 ἔλεγον
1981 5740 2030 5792 οἱ

436 5823 659 5893 ἄγγελοι
708 5828 895 5906 κάτως
927 5826 1081 5890 Δόξα
1113 5826 1182 5879 ἐν
1209 5825 1494 5894 ὑψίστοις
1531 5824 1672 5890 Θεῷ.
1714 5824 1813 5878 Διὰ
1871 5824 2030 5880 τοῦτο

440 5912 579 5978 μετὰ
605 5910 701 5974 τὰς
730 5909 1046 5982 ψαλμῳδίας
1080 5908 1268 5983 ὕμνοι,
1308 5908 1413 5968 ’ἅτε
1435 5908 1764 5984 τελειότερόν
1803 5927 1853 5962 τι
1889 5910 2027 5982 πρᾶ-

1282 417 1353 473 ΙΝ·
1391 416 1615 474 EPIST.
1651 412 2065 471 ADUOLOSS.
2105 413 2259 468 CAP.
2319 410 2404 465 lll‘.
2452 407 2690 464 HOMlL.
2733 406 2823 465 IX.

1094 5152 1519 5220 Ἐσκόρπισεν,
1549 5149 1735 5204 ἔδωκε
1764 5150 1889 5216 τοῖς
1927 5139 2043 5206 πέὲ⁷

3592 401 3702 467 568

2099 541 2218 594 γμα
2236 541 2250 554 ·
2278 520 2567 592 Ψαλμοῖς,
2601 521 2787 591 φησὶν,
2810 521 3039 590 ὕμνοις,
3059 520 3240 588 ᾠδαῖς
3272 526 3704 593 πνευματικαῖς

2097 607 2168 660 ἐν
2213 606 2285 674 τῇ
2315 606 2509 674 χάριτι
2546 605 2797 673 ᾅδοντες
2823 606 2895 660 ἐν
2923 606 3053 671 ταῖς
3098 607 3374 676 καρδίαις
3404 607 3575 678 ὑμῶν
3623 608 3705 675 τῷ

2103 691 2246 756 Θεῷ.
2285 691 2356 743 Ἦ
2414 689 2572 743 τοῦτό
2621 707 2808 760 φησιν,
2865 691 2950 743 ὅτι
2991 690 3081 744 διὰ
3129 692 3290 764 χάριν
3334 695 3471 763 ἡμῖν
3525 693 3704 746 ταῦτα
3755 703 3770 763 ξε

2100 776 2304 830 ἔδωκεν
2333 774 2362 826 6
2399 774 2553 838 Θεὸς,
2585 773 2618 844 ἢ
2650 777 2772 837 ταῖς
2824 776 2881 828 ὲν
2912 778 2977 847 τῇ
3009 777 3193 847 χάριτι
3220 776 3407 847 ᾠδαῖς,
3448 777 3481 848 ἢ
3515 778 3706 832 νουθε-

2100 859 2324 919 τοῦντες
2352 860 2581 921 ἑαυτοὺς
2604 858 2700 910 καὶ
2725 857 3068 922 διδάσκοντες
3101 862 3159 912 ὲν
3193 861 3400 932 χάριτι,
3443 861 3475 933 ἢ
3515 863 3596 916 ὅτι
3647 865 3708 916 ὲν
3756 856 3759 857 ν

2102 945 2286 1016 χάριτι
2309 941 2456 1016 εἶχον
2478 941 2654 996 ταῦτα
2672 943 2741 995 τὰ
2760 943 3096 1014 χαρίσματα,
3118 945 3156 1016 ἢ
3176 944 3510 1018 ὲπεξήγησξς
3532 947 3703 1001 ἐστιν.

2117 1026 2252 1080 Ἀπὸ
2278 1027 2628 1098 τῆςχάριτος
2658 1025 2756 1080 τοῦ
2804 1025 3144 1095 Πνεύματος,
3183 1028 3368 1098 φησίν.
3418 1030 3712 1099 ’ᾼδοντες

2104 1113 2176 1166 ἐν
2203 1111 2334 1178 ταῖς
2370 1109 2644 1180 καρδίαις
2690 1109 2861 1179 ὑμῶν
2892 1108 2975 1175 τῷ
3010 1108 3151 1176 Θεῷ.
3189 1112 3281 1181 Μὴ
3313 1111 3520 1176 ἁπλῶς,
3550 1113 3707 1184 φησὶ,

2104 1195 2184 1267 τῷ
2214 1196 2466 1266 στόματι,
2495 1194 2633 1248 ἀλλά
2669 1194 2811 1265 μετά
2835 1195 3131 1266 προσοχῆς.
3153 1195 3328 1250 Τοῦτο
3349 1197 3457 1268 γάρ
3488 1198 3604 1250 ὲστι
3630 1197 3711 1266 τῷ

2105 1281 2226 1352 Θεῷ
2250 1281 2418 1353 ᾅδειν,
2442 1282 2619 1335 ἐκεῖνο
2644 1279 2702 1334 δὲ
2733 1278 2812 1350 τῷ
2863 1279 2987 1352 ἀέρι
3007 1297 3022 1312 ο
3052 1280 3320 1351 διαχεῖται
3359 1281 3471 1352 γὰρ
3522 1280 3712 1344 ἁπλῶς

2105 1368 2142 1436 ἠ
2178 1367 2352 1436 φωνή.
2389 1365 2484 1438 Μὴ
2515 1365 2654 1436 πρὸς
2705 1362 2988 1429 ἐπίδειξιν,
3034 1364 3224 1432 φησίν.
3263 1365 3383 1420 Κᾶν
3431 1366 3491 1419 ἐν
3537 1366 3723 1436 ἀγορᾷ

2105 1447 2193 1526 ᾖς,
2222 1451 2450 1506 δύνασαι
2485 1449 2786 1522 συστρέψαι
2824 1450 3052 1507 ,σαυτὸν
3113 1452 3210 1503 καὶ
3248 1451 3396 1522 ᾄδειν
3455 1450 3536 1522 τῷ
3571 1450 3713 1522 Θεῷ,

2113 1535 2342 1606 μηδενὸς
2365 1534 2680 1599 ἀκούοντος.
2719 1535 2874 1589 Ἐπεὶ
2909 1536 3003 1589 καὶ
3032 1536 3276 1607 Μωῦσῆς
3295 1535 3467 1600 οὕτως
3490 1535 3715 1606 ηὔχετο,

2110 1620 2208 1673 καὶ
2237 1619 2519 1691 ἡκούσθηο
2549 1620 2686 1692 φησὶ
2750 1621 2885 1692 γάρ’
2929 1622 2990 1676 Τί
3018 1620 3180 1690 βοᾷς
3211 1620 3362 1689 πρός
3387 1636 3499 1691 με;
3522 1621 3718 1675 Καίτοι

2110 1721 2175 1772 γε
2201 1703 2356 1758 οὐδὲν
2389 1700 2544 1758 εἶπεν
2571 1703 2686 1758 ἀλλ’
2717 1705 2849 1758 ὲὸὁα
2879 1705 3020 1758 κατά
3048 1706 3289 1759 διάνοιαν
3322 1705 3462 1775 μετὰ
3489 1704 3720 1776 καρδίας

2119 1788 2634 1860 συντετριμμένηςο
2699 1788 2780 1842 διὸ
2856 1789 2953 1842 καὶ
3022 1790 3051 1842 ὁ
3113 1787 3264 1861 [594]
3320 1789 3453 1852 Θεὸς
3513 1789 3718 1860 ἤκουσε

2117 1872 2299 1942 μόνος.
2327 1873 2402 1926 Οὐ
2431 1872 2743 1927 κεκώλυται
2765 1873 2876 1946 γὰρ
2898 1873 2994 1927 καὶ
3024 1873 3432 1944 περιπατοῦντα
3461 1873 3718 1944 εὔχεσθαι

2115 1955 2258 2009 κατὰ
2306 1957 2556 2027 καρδίαν,
2587 1957 2683 2010 καὶ
2725 1957 2841 2011 ἀνω
2895 1953 3059 2014 εἶναι.
3101 1958 3211 2012 Καὶ
3266 1958 3391 2013 πᾶν
3439 1958 3472 2012 ὅ
3525 1976 3580 2011 τι
3641 1955 3721 2010 ἂν

2115 2038 2349 2108 ποι-ἦτε,
2383 2041 2570 2111 φησὶν,
2605 2042 2678 2095 ἐν
2727 2041 2916 2110 λόγῳ,
2967 2041 3006 2111 ἢ
3056 2042 3134 2119 ἐν
3175 2042 3347 2113 ἔρῃ),
3400 2041 3602 2096 πάντα
3647 2042 3720 2096 ἐν

2117 2124 2362 2192 ὀνόματι
2391 2123 2499 2177 τοῦ
2531 2125 2759 2192 Κυρίου
2807 2124 2978 2195 ἡμῶν
3013 2127 3218 2193 Ἰησοῦ
3282 2123 3568 2195 Χριστοῦ,
3617 2129 3720 2180 εὺ-

2117 2207 2554 2277 χαριστοῦντες
2594 2207 2676 2273 τῷ
2714 2207 2838 2273 Θεῷ
2858 2208 2959 2262 καί
3001 2208 3187 2278 Harp!
3221 2209 3294 2263 δι’
3337 2209 3548 2265 αὑτοῦ.
3593 2207 3722 2262 Ἐὰν

2119 2292 2230 2363 γὰρ
2260 2290 2406 2344 οὕτω
2443 2291 2713 2362 ποιῶμεν,
2752 2293 2908 2347 οὐδὲν
2941 2292 3094 2347 ἔσται
3137 2294 3358 2366 μιαρὸν,
3397 2294 3550 2348 οὐδὲν
3590 2292 3722 2351 ἀκά·

2120 2376 2339 2447 θαρτον,
2361 2375 2492 2429 ἔνθα
2523 2376 2590 2430 ἂν
2619 2377 2647 2429 6
2680 2377 2919 2448 Χριστὸς
2948 2379 3206 2450 καλῆται.
3240 2378 3367 2432 Ἐὰν
3399 2376 3724 2451 ὲσθίῃς,ὲὰω

2120 2457 2303 2527 πίνῃς,
2338 2460 2434 2513 ἐὰν
2471 2463 2680 2532 γαμῇς,
2715 2461 2813 2514 ἐὰν
2843 2462 3160 2534 ἀποδημῇς,
3193 2464 3370 2517 πάντα
3408 2464 3466 2516 ὲν
3497 2462 3724 2531 ὀνόματι

2119 2541 2215 2596 τοῦ
2254 2542 2390 2596 Θεοῦ
2437 2544 2644 2615 πρᾶττε
2674 2560 2687 2572 ·
2720 2545 3028 2610 τουτέστιν,
3061 2546 3440 2608 αὑτὸνκαηλῶν
3477 2544 3682 2617 βοηθόν.
3705 2560 3719 2574 ·

2121 2629 2214 2682 ἐπὶ
2256 2631 2478 2681 πάντων
2521 2629 2809 2700 πρότερον.
2840 2629 2992 2700 αὑ.τῷ
3022 2631 3341 2701 εὐχόμενος,
3388 2631 3566 2685 ἅπτου
3613 2631 3725 2688 τῶν

2123 2713 2491 2781 πραγμάτων.
2517 2712 2709 2765 Βούλει
2742 2731 2795 2766 τι
2828 2713 3199 2782 φθέγξασθαις
3231 2714 3390 2768 τοῦτο
3421 2714 3723 2784 πρότασσε.

2123 2795 2224 2848 Διὰ
2267 2795 2428 2848 τοῦτο
2477 2797 2572 2850 καὶ
2627 2799 2790 2868 ἡμεῖς
2833 2796 2945 2850 τῶν
2985 2797 3289 2851 ἐπιστολῶν
3340 2798 3727 2872 προτάσσομεν

2121 2879 2182 2933 τὸ
2211 2878 2383 2950 ὄνομα
2432 2880 2662 2952 Κυρίου.
2701 2880 2870 2934 Ἔνθα
2902 2881 2969 2935 ἂν
3092 2893 3118 2921 δ
3158 2882 3221 2937 τὸ
3276 2881 3448 2953 ὄνομα
3494 2880 3724 2952 Κυρίου,

2124 2966 2303 3017 πάντα
2347 2963 2522 3021 αἴσια.
2573 2965 2658 3024 Εἰ,
2685 2965 2794 3034 γὰρ
2845 2965 3070 3019 ὑπάτων
3118 2964 3361 3036 ὀνόματα
3389 2965 3610 3037 ἀσφαλῆ
3657 2966 3728 3020 τὰ

2124 3052 2486 3119 γραμματεῖα
2535 3050 2702 3110 ποιεῖ,
2750 3047 2932 3119 πολλῷ
2989 3048 3192 3118 μᾶλλον
3239 3051 3332 3103 τοῦ
3385 3051 3624 3122 Χριστοῦ
3667 3053 3731 3104 τὸ

2125 3132 2316 3204 ὄνομα.
2355 3133 2426 3185 ’Ἡ
2457 3130 2616 3185 τοῦτό
2647 3149 2800 3202 φησι*
2825 3132 3147 3188 ΚατὰΘεὸν
3178 3134 3358 3188 πάντα
3389 3135 3484 3188 καί¹
3513 3135 3726 3203 λέγετε.

2125 3219 2222 3270 καὶ
2293 3216 2570 3288 πράττετε
2617 3234 2630 3247 ·
2681 3217 2755 3288 μὴ
2833 3217 2961 3279 τοὺς
3034 3217 3303 3286 ἀγγέλους
3373 3219 3722 3287 ἐπεισάγετε.

2138 3299 2404 3364 Ἐσθίεις;
2445 3299 2846 3370 εὐχαρίστησον
2891 3299 2970 3369 τῷ
3013 3299 3153 3371 Θεῷ,
3204 3302 3298 3354 καὶ
3346 3302 3581 3372 μέλλων,
3633 3304 3730 3355 καὶ

2130 3384 2273 3455 μετά
2313 3382 2512 3439 ταῦτα.
2547 3384 2880 3452 Καθεύδεις;
2924 3385 3321 3457 εὐχαρίστησον
3350 3386 3428 3456 τῷ
3457 3386 3597 3456 Θεῷ,
3633 3389 3728 3445 καὶ

2130 3469 2374 3540 μέλλων,
2414 3469 2508 3526 καὶ
2555 3471 2693 3541 μετά
2745 3471 2948 3529 ταῦτα.
2993 3472 3089 3534 Εἰς
3138 3473 3348 3543 ἀγορὰν
3392 3471 3730 3543 ὲμὸἀλλειςς

2123 3555 2339 3610 ταυτὸν,
2378 3555 2522 3610 ποίει
2557 3572 2572 3587 ο
2608 3556 2775 3627 μηδὲν
2854 3557 3120 3627 κοσμικὸν
3143 3599 3155 3620 ,
3220 3557 3388 3627 μηδὲν
3445 3557 3746 3629 βιωτικόν..

2127 3638 2314 3691 Πάντα
2373 3640 2432 3691 ὲν
2487 3639 2715 3708 ὀνόματι
2767 3639 2973 3712 Κυρίου
3037 3641 3201 3706 ποίει,
3246 3643 3342 3694 καὶ
3400 3641 3584 3695 πάντα
3646 3658 3729 3695 σοι

2127 3721 2548 3792 εὑοδωθήσεται.
2582 3724 2753 3777 Ὅπου
2785 3723 2851 3777 ἂν
2890 3724 3116 3795 ἐπιτεθῇ
3149 3725 3209 3777 τὸ
3235 3725 3411 3796 ὄνομα
3438 3724 3534 3778 τοῦ
3563 3725 3724 3787 Θεοῦ,

2128 3807 2310 3861 πάντα
2347 3809 2518 3861 αἴσια.
2568 3808 2631 3860 Εἰ
2677 3807 2946 3878 δαίμονας
2985 3808 3259 3872 ἐκϐάλλει,
3291 3811 3340 3862 εἰ
3383 3811 3576 3873 νόσους
3619 3811 3730 3863 ἀπ-

2128 3893 2364 3957 ελαύνει,
2391 3892 2571 3964 πολλῷ
2593 3893 2794 3963 μᾶλλον
2825 3894 3076 3947 εὐκολίαν
3107 3895 3455 3965 πραγμάτων
3487 3895 3726 3965 ποιήσει.

2127 3980 2238 4033 Καὶ
2264 3980 2318 4033 τί
2347 3981 2465 4032 ὲστι
2497 3980 2721 4051 ποιῆσαι
2749 3980 2808 4033 ὲν
2837 3979 3002 4050 λόγῳ,
3027 3980 3060 4052 ἢ
3084 3981 3140 4033 ὲν
3172 3980 3428 4052 ἕργῳςἫ
3451 3980 3728 4045 ἀξιοῦντα,

2127 4064 2173 4135 ἥ
2220 4061 2401 4117 ὁτιοῦν
2457 4063 2736 4119 ποιοῦντα.
2774 4065 3046 4118 ’Ἄκουσον
3100 4065 3218 4128 πῶς
3275 4067 3304 4118 ὁ
3364 4064 3617 4136 Ἀὂραὰμ
3673 4066 3733 4117 ὲν

2128 4148 2354 4219 ὀνόματι
2395 4148 2532 4201 Θεοῦ
2576 4148 2668 4202 τὸν
2727 4149 2944 4220 οίκέτην
2998 4147 3359 4216 ἀπέστειλεν,
3391 4151 3420 4202 6
3465 4149 3631 4203 Δαυῖδ
3671 4151 3731 4202 ὲν

2128 4233 2354 4303 ὀνόματι
2400 4231 2538 4284 Θεοῦ
2597 4233 2699 4287 τὸν.
2742 4233 2936 4286 Γολιὰθ
3002 4232 3243 4287 καθεῖλε.
3284 4234 3612 4303 Θαυμαστὸν
3669 4237 3731 4288 τὸ

2128 4316 2302 4386 ὄνομα
2337 4315 2503 4368 αὑτοῦ
2565 4317 2660 4368 καὶ
2702 4316 2862 4384 μέγα.
2908 4316 3077 4370 Πάλιν
3116 4317 3146 4368 6
3187 4317 3383 4370 Ἰακὼὸ
3422 4319 3549 4380 τοὺς
3577 4319 3730 4379 υἱοὺς

2130 4401 2387 4471 πέμπων,
2419 4401 2587 4471 φησίν
2607 4418 2620 4432 ο
2683 4401 2745 4455 '0
2782 4400 2850 4454 δὲ
2881 4403 3025 4468 Θεός
3051 4419 3171 4472 μου
3215 4401 3335 4468 δῴη
3367 4401 3511 4472 ὑμῖν
3553 4402 3732 4471 χάριν

2127 4483 2390 4539 ἐνώπιον
2435 4485 2544 4538 τοῦ
2579 4485 2921 4552 ἀνθρώπου.
2968 4486 3026 4540 Ὁ
3065 4486 3188 4561 γὰρ,
3202 4485 3362 4542 τοῦτο
3391 4485 3582 4551 ποιῶν,
3615 4486 3731 4557 ἔχει

2132 4568 2424 4638 σύμμαχον
2491 4567 2584 4621 τὸν
2653 4570 2826 4632 Θεὸν,
2896 4562 2958 4622 οὗ
3015 4571 3189 4641 χωρὶς
3243 4570 3398 4624 οὐδὲν
3454 4570 3730 4640 ἐτόλμησε

2132 4652 2378 4723 ποιῆσαι.
2426 4652 2560 4706 "Are:
2622 4649 2717 4707 οὖν
2782 4653 3039 4727 τιμηθεὶς
3095 4654 3174 4726 τῷ
3231 4654 3520 4726 κληθῆναι,
3575 4655 3731 4708 ἀντι-

2129 4739 2355 4809 τιμήσει
2399 4737 2480 4809 τῷ
2526 4739 2888 4811 ὲξευμαρίσαι
2931 4741 3002 4795 τὰ
3043 4741 3370 4811 πράγματα.
3417 4738 3587 4791 Κάλει
3636 4737 3730 4790 τὸν

2131 4823 2281 4882 Υίὸν.
2314 4822 2629 4895 εὐχαρίστει
2672 4823 2752 4894 τῷ
2805 4823 3003 4896 Πατρί.
3037 4824 3148 4876 Καὶ⁵
3193 4824 3302 4893 γὰρ
3332 4820 3423 4878 τοῦ
3457 4820 3588 4875 Υίοῦ
3631 4839 3732 4875 κα-

2131 4906 2394 4977 λουμένου
2425 4908 2452 4959 ὀ
2492 4906 2682 4977 Πατὴρ
2713 4908 2978 4972 καλεῖται,
3012 4906 3107 4962 καὶ
3150 4904 3320 4960 αὑτοῦ
3367 4905 3728 4976 εὐχαριστοῦ-

2136 4992 2300 5062 μένου
2329 4993 2358 5043 ὁ
2389 4992 2519 5055 Υἱὸς
2548 4992 2972 5062 εὐχαριστεῖται.
3007 4989 3193 5044 Ταῦτα
3238 4988 3602 5061 μανθάνωμεν
3651 4991 3728 5061 μὴ

2137 5075 2298 5147 μέχρι
2332 5075 2615 5146 ῥημάτων,
2640 5074 2780 5128 ἀλλά
2834 5076 2929 5129 καὶ
2975 5075 3064 5130 διὰ
3092 5073 3201 5127 τῶν
3240 5073 3416 5148 ἔργων
3459 5072 3725 5150 πληροῦν.

2134 5161 2299 5215 Οὐδὲν
2341 5159 2436 5213 τοῦ
2490 5160 2756 5231 ὀνόματος
2809 5160 2999 5214 τούτου
3058 5159 3172 5217 ἴσον
3199 5177 3211 5189 ·
3244 5157 3403 5212 τοῦτο
3449 5157 3731 5230 πανταχοῦ

2134 5244 2438 5314 θαυμάσιον
2475 5260 2488 5273 ο
2520 5244 2745 5312 Μύρον,
2779 5245 2973 5316 φησιν,
3005 5241 3338 5298 ἐκκενωθὲν
3369 5241 3558 5312 ὄνομά
3588 5257 3726 5295 σου.

2145 5328 2204 5381 ’Θ
2231 5327 2390 5381 τοῦτο
2438 5327 2608 5381 εἰπὼν
2639 5327 2844 5392 εὐθέως
2886 5328 3118 5391 εὐωδίας
3161 5325 3490 5398 ἐνεπλήσθη,
3521 5325 3733 5390 Οὐδεὶς
3785 5370 3787 5372 .

2134 5410 2390 5465 δύναται
2416 5410 2610 5464 εἰπεῖν
2647 5412 2870 5479 Κύριον
2911 5411 3175 5479 Ἰησοῦν,
3221 5411 3408 5481 φησιν,
3440 5411 3491 5463 ει
3522 5407 3612 5477 μὴ
3662 5409 3734 5462 ἐν

2135 5495 2436 5565 Πνεύματι
2466 5496 2629 5565 ἁγίῳ.
2657 5496 2828 5550 Τοῦτο
2855 5496 2918 5549 τὸ
2947 5496 3120 5567 δνομα
3143 5495 3385 5550 τοσαῦτα
3414 5490 3730 5564 ἐργάζεται.
3777 5559 3788 5571 ,

2147 5577 2274 5632 Ἐὰν
2321 5579 2504 5651 εἴπῃς·
2565 5580 2661 5633 Ἐν
2705 5581 2950 5650 ὀνόματι
3005 5579 3238 5649 Πατρός
3290 5579 3390 5633 καὶ
3452 5574 3592 5630 Υίοῦ
3634 5576 3735 5630 καὶ

2199 5788 2222 5816 ⁸
2255 5787 2532 5852 Unus_cod.
2561 5801 2675 5837 cum
2723 5788 3082 5852 marg.‘Savil.,
3130 5791 3208 5838 διὰ
3250 5789 3391 5839 τοῦτο
3435 5793 3518 5840 καὶ
3543 5789 3736 5842 Παῦλος

2133 5857 2231 5962 τιῖὲν
2259 5849 2432 5924 ἑαυτοῦ
2459 5852 2729 5900 ἐπιστολῶν
2771 5849 3034 5916 προτάσσει
3059 5853 3202 5902 τοῦτο
3226 5854 3279 5901 τὸ
3303 5855 3472 5915 ὄνομα,
3501 5855 3636 5908 εἰδὼς
3658 5854 3733 5900 δτι

2139 5930 2187 5962 εν
2216 5930 2251 5962 α
2266 5926 2334 5959 ἀν
2355 5928 2404 5962 η.

2139 5926 2251 5966 Evn:
2266 5926 2334 5959 ἀν
2355 5928 2404 5974 ῃ.
