4140 6642
483 441 595 496 565

487 565 598 621 rari
628 578 642 618 :
671 562 774 619 hoc
801 560 999 633 ubique
1024 570 1106 616 est
1128 557 1443 614 admirabile
1469 577 1482 613 :
1516 556 1863 627 Unguentum,
1885 560 2088 630 inquit,

486 657 707 726 eﬂ'usum
733 673 917 712 nomen
941 665 1084 711 tuum
1112 654 1291 725 (Cant.
1318 656 1371 709 1.
1401 655 1484 722 2).
1522 654 1623 721 Qui
1653 653 1755 708 hoc
1779 653 1913 708 dixit
1932 697 1948 719 ,
1983 665 2094 709 sta-

487 753 582 805 tim
610 751 755 805 bono
775 748 943 803 odore
969 748 1067 802 fuit
1089 746 1351 813 repletus.
1384 745 1550 799 Nemo
1588 754 1746 815 potest
1776 745 1944 799 dicere
1983 746 2092 800 Do-

480 847 683 899 minum
710 843 891 899 Iesum
914 886 931 911 ,
970 845 1071 897 nisi
1099 844 1152 897 in
1196 843 1395 911 Spiritu
1423 852 1599 896 sancto
1639 842 1715 912 (1.
1747 842 1865 897 Cor.
1892 841 1981 896 12.
2009 840 2089 912 '5).

482 930 600 992 Hoc
621 952 819 991 nomen
852 945 958 989 tam
983 935 1150 989 multa
1178 944 1456 1005 operatur.
1480 935 1535 989 Si
1557 934 1780 997 dixeris,
1801 932 1868 987 In
1891 934 2093 988 nomine

489 1031 666 1086 Patris
696 1040 743 1082 et
774 1028 902 1082 Filii
923 1038 968 1082 et
1000 1028 1230 1098 Spiritus
1275 1028 1457 1093 sancti,
1483 1043 1606 1081 cum
1635 1026 1760 1090 ﬁde,
1806 1026 1923 1081 hzec
1968 1042 2094 1096 per-

487 1123 683 1178 lecisti.
713 1120 846 1175 Vide
866 1136 1027 1191 quant
1055 1120 1220 1173 multa
1252 1119 1421 1172 iecisti
1450 1136 1462 1170 :
1490 1118 1686 1172 creasti
1710 1118 2007 1184 hominem,
2036 1126 2091 1171 et

482 1217 587 1272 alia
629 1214 814 1277 omnia
841 1225 1097 1284 operatus
1143 1229 1203 1266 es
1250 1227 1316 1266 ex
1363 1212 1709 1280 baptismate.
1751 1212 1840 1266 Sic
1887 1206 2090 1265 morbis

484 1309 760 1377 imperans
788 1321 983 1361 nomen
1015 1304 1074 1358 ﬁt
1113 1305 1372 1359 terribile.
1406 1304 1697 1374 Propterea
1724 1303 1972 1357 diabolus
2003 1304 2086 1357 in—

484 1400 723 1454 troduxit
748 1414 810 1455 ea
839 1414 961 1469 quae
992 1407 1117 1452 sunt
1148 1397 1487 1467 angelorum,
1518 1396 1707 1451 honori
1736 1405 1923 1451 nostro
1948 1396 2087 1450 iuvi-

482 1494 638 1547 dens.
672 1491 988 1554 Dmtnonum
1014 1489 1149 1544 tales
1174 1499 1299 1543 sunt
1328 1489 1738 1544 incantationes.
1770 1487 1994 1543 Etiamsi
2016 1488 2088 1543 sit

480 1584 726 1652 angelus,
759 1582 970 1637 etiamsi
1001 1582 1381 1652 archangelus,
1408 1582 1622 1638 etiamsi
1655 1581 1944 1637 Cberubim
1969 1623 1983 1645 ,
2019 1597 2087 1637 ne

482 1676 742 1743 patiaris:
778 1690 901 1730 nam
936 1690 1005 1730 ne
1044 1674 1131 1729 hac
1174 1675 1391 1743 quidem
1434 1675 1734 1733 Potestates
1772 1676 2082 1746 excipient,

481 1767 577 1823 sed
604 1767 884 1822 excutient
909 1782 1032 1822 cum
1062 1766 1295 1823 viderint
1324 1768 1612 1827 Dominum
1649 1770 1973 1825 contumelia
2000 1770 2083 1823 af-

1385 441 1449 497 lN
1492 441 1706 497 EPIST.
1749 443 1841 497 AD
1879 443 2160 502 COLOSS.
2201 445 2355 501 CAP.
2400 446 2484 502 Ill.
2529 446 2757 504 llOMlL.
2805 449 2874 504 Χ.

3684 459 3793 517 566

2202 562 2422 617 lectum.
2457 564 2569 634 Ego
2592 575 2643 621 te
2666 565 2925 622 honoravi
2946 608 2961 635 ,
2991 567 3193 639 inquit,
3224 578 3281 627 et
3313 570 3454 641 dixi,
3485 574 3565 631 Tu
3599 593 3687 634 me
3716 580 3801 636 in—

2198 669 2328 709 voca
2355 673 2370 712 :
2400 666 2453 710 et
2482 667 2536 711 tu
2563 674 2683 712 eum
2707 659 2973 715 dedecore
2995 660 3203 717 afﬁcis?
3229 664 3287 719 Si
3312 664 3414 720 hoc
3435 682 3655 725 carmen
3676 687 3799 727 cum

2200 746 2303 800 lide
2333 750 2654 811 cantaveris,
2684 758 2739 805 et
2772 752 2991 807 morbos
3018 761 3073 807 et
3093 752 3370 812 daemones
3394 756 3607 829 l'ugabis
3635 778 3649 815 :
3682 763 3805 818 etsi

2199 839 2446 893 morbum
2478 858 2583 896 non
2618 845 2971 913 prepulsaris,
3003 862 3110 901 non
3140 847 3190 902 id
3223 851 3279 902 tit
3311 862 3535 921 propter
3561 854 3811 911 imbecil-

2198 933 2426 999 litatem,
2458 936 2551 989 sed
2580 952 2646 990 eo
2665 938 2807 1007 quod
2830 939 3104 1010 expediat.
3129 939 3437 998 Secundum
3468 949 3798 1018 magnitudi-

2199 1038 2323 1079 nem
2353 1034 2497 1079 tuam
2521 1068 2535 1091 ,
2569 1028 2776 1097 inquit,
2821 1031 2899 1084 sic
2938 1040 2993 1084 et
3030 1033 3145 1086 laus
3191 1043 3300 1088 tua.
3332 1037 3433 1091 Per
3461 1038 3561 1092 hoc
3602 1055 3799 1097 nomen

2197 1118 2345 1171 orbis
2386 1129 2544 1173 terra:
2572 1118 2670 1173 fuit
2697 1136 3023 1187 conversus,
3058 1124 3223 1179 fracta
3250 1137 3332 1181 est
3365 1132 3606 1199 tyrannis
3626 1174 3640 1191 ,
3668 1150 3802 1188 cono

2195 1212 2440 1267 culcatus
2466 1214 2565 1268 luit
2588 1214 2858 1279 diabolus,
2893 1218 3064 1286 aperti
3095 1231 3220 1273 sunt
3242 1222 3381 1275 czeli.
3415 1221 3478 1274 Et
3500 1224 3625 1292 quid
3650 1227 3794 1292 dico,

2195 1305 2352 1360 ca'li?
2383 1321 2482 1361 nos
2511 1322 2607 1377 per
2636 1307 2740 1362 hoc
2768 1324 2966 1364 nomen
3010 1324 3198 1364 sumus
3230 1316 3558 1382 regenerati.
3607 1314 3662 1371 Si
3696 1318 3797 1372 hoc

2196 1396 2522 1467 habeamus,
2565 1401 2997 1470 resplendemus.
3044 1401 3159 1458 Hoc
3186 1414 3243 1458 et
3291 1415 3555 1475 martyres
3594 1408 3716 1461 facit
3744 1418 3800 1463 et

2194 1493 2532 1546 confessores
2560 1510 2571 1544 :
2609 1492 2713 1546 hoc
2750 1509 2849 1563 pro
2880 1509 3074 1564 magno
3102 1495 3247 1549 dono
3289 1506 3571 1551 teneamus
3593 1539 3609 1564 ,
3657 1510 3714 1553 ut
3745 1501 3799 1554 in

2194 1582 2363 1650 gloria
2386 1584 2651 1649 vivamus,
2675 1594 2730 1639 et
2760 1584 2869 1639 Deo
2896 1586 3226 1654 placeamus,
3257 1596 3310 1642 et
3333 1588 3477 1658 digni
3503 1589 3801 1645 habeamur

2196 1674 2350 1731 bouis
2382 1677 2661 1745 promissis
2691 1679 2756 1733 iis
2786 1680 2878 1751 qui
2919 1679 3095 1751 ipsum
3123 1680 3387 1754 diligunt,
3416 1685 3587 1755 gratia
3618 1694 3673 1740 et
3700 1684 3806 1741 be-

2192 1767 2475 1839 nignitate,
2505 1778 2611 1824 etc.

517 1900 3736 1925 mm

1903 1983 2253 2048 HOMILIA
2309 1982 2366 2043 X
2380 2025 2395 2042 .

484 2122 611 2179 (ΣΑΡ.
651 2125 703 2180 '5.
744 2142 796 2180 v.
845 2127 931 2182 18.
966 2126 1246 2194 Mulieres,
1290 2128 1510 2183 subdita:
1549 2137 1703 2182 estote
1743 2128 1863 2182 viris
1887 2169 1901 2191 ,
1943 2127 2076 2181 sicut

551 2227 745 2287 oportet
771 2220 823 2273 in
853 2219 1093 2275 Domino.
1124 2221 1212 2277 19.
1258 2220 1384 2287 Viri,
1420 2221 1618 2292 diligite
1654 2238 1840 2276 uxores
1869 2230 2080 2285 vestras,

548 2320 597 2363 et
637 2312 793 2367 nolite
839 2315 1003 2367 amari
1042 2332 1150 2369 esse
1190 2332 1312 2386 erga
1350 2315 1493 2369 illas.
1533 2314 1627 2372 20.
1673 2313 1834 2379 Filii,
1886 2314 2083 2368 obedite

548 2404 840 2473 parentibus
891 2426 981 2475 per
1032 2415 1202 2463 omnia
1230 2426 1248 2463 :
1293 2410 1388 2462 hoc
1441 2410 1574 2463 enim
1618 2410 1867 2480 placitura
1909 2419 1979 2463 est
2029 2409 2083 2462 in

548 2494 790 2550 Domino.
838 2501 930 2554 21.
999 2499 1221 2567 Patres,
1267 2501 1425 2554 nolite
1477 2502 1546 2554 ad
1590 2498 1911 2554 iracundiam
1958 2517 2082 2569 pro-

547 2602 731 2642 vocare
777 2591 913 2655 ﬁlios
954 2602 1167 2660 vestros,
1214 2603 1268 2646 ut
1320 2610 1426 2646 non
1476 2594 1664 2664 pusillo
1709 2594 1880 2646 animo
1929 2595 2076 2661 ﬁant.

546 2677 639 2733 22.
672 2679 841 2745 Servi,
868 2681 1070 2736 obedile
1086 2700 1177 2752 per
1203 2684 1377 2737 omnia
1401 2683 1624 2737 dominis
1646 2683 1958 2748 carnalibus,
1980 2701 2081 2737 non

544 2769 614 2821 ad
643 2770 847 2825 oculum
878 2774 1169 2840 servientes,
1189 2775 1338 2844 quasi
1364 2774 1652 2828 hominibus
1676 2776 1959 2845 placentes.
1991 2775 2080 2829 sed

547 2860 600 2914 in
658 2863 983 2931 simplicitate
1027 2866 1197 2919 cordis
1245 2866 1475 2920 timentes
1524 2864 1713 2920 Deum.
1762 2867 1854 2921 25.
1906 2865 2081 2933 Quod~

545 2970 758 3024 cumque
797 2958 966 3028 facitis
987 3001 1003 3024 ,
1036 2975 1100 3013 ex-
1129 2960 1300 3013 animo
1330 2960 1611 3029 operamini
1660 2961 1791 3014 sicut
1829 2960 2070 3025 Domino,

546 3060 593 3102 et
620 3067 721 3103 non
754 3052 1069 3119 hominibus,
1100 3052 1190 3108 24.
1220 3055 1432 3108 scientes
1458 3054 1597 3123 quod
1621 3071 1657 3108 ιι
1689 3054 1909 3108 Domino
1938 3055 2077 3107 acci-

547 3143 696 3212 pietis
763 3145 1147 3200 retributionem
1198 3146 1496 3202 hereditatis
1524 3163 1544 3201 :
1594 3146 1818 3201 Domino
1876 3145 2079 3201 Christo

548 3236 743 3290 servile.
784 3236 874 3292 25.
924 3237 1025 3305 Qui
1065 3247 1235 3292 autem
1278 3239 1526 3305 iniuriam
1559 3240 1722 3309 facit,
1775 3239 1984 3307 recipiet
2025 3239 2080 3292 id

546 3329 682 3397 quod
712 3329 882 3401 inique
912 3330 1104 3401 gessit;
1140 3340 1186 3385 et
1230 3347 1331 3384 non
1365 3340 1441 3385 est
1479 3348 1815 3400 personarum
1853 3332 2079 3401 acceptio

545 3421 687 3488 apud
726 3418 913 3476 Deum.
946 3420 1074 3475 CAP.
1108 3422 1161 3475 4.
1196 3436 1248 3475 v.
1277 3423 1329 3476 1.
1360 3419 1606 3488 Domini,
1641 3422 1696 3474 id
1724 3422 1861 3492 quod
1887 3423 2079 3489 iustum

545 3522 616 3565 est
646 3522 693 3565 et
722 3529 945 3583 mquam,
977 3515 1132 3568 servis
1165 3525 1402 3582 prwstate
1422 3557 1438 3582 ,
1469 3516 1679 3569 scientes
1718 3516 1855 3585 quod
1898 3526 1945 3570 et
1989 3531 2076 3571 vos

544 3602 825 3659 Dominum
849 3608 1055 3665 habetis.
1070 3609 1121 3662 in
1152 3609 1300 3662 cwlo.

547 3697 601 3752 1.
646 3697 757 3752 Cur
798 3715 909 3754 non
956 3701 1150 3771 ubique
1199 3711 1255 3755 et
1300 3703 1353 3755 iu
1396 3701 1645 3756 omnibus
1679 3701 1921 3770 epistolis
1965 3700 2070 3757 hoc

477 3792 740 3862 praecipit,
776 3793 870 3848 sed
904 3794 1010 3861 hic,
1043 3806 1097 3850 et
1131 3795 1185 3850 in
1214 3795 1453 3866 Epistula
1500 3794 1566 3850 ad
1609 3795 1900 3865 Ephesios,
1927 3805 1981 3851 et
2019 3795 2074 3851 in

477 3882 715 3953 Epistola
746 3883 813 3938 ad
841 3883 1208 3947 Timotheum,
1244 3895 1299 3940 et
1324 3884 1392 3940 ad
1419 3885 1636 3940 Titum?
1663 3886 1931 3954 Quoniam
1974 3902 2074 3943 ve-

475 3975 699 4030 risimile
729 3985 814 4031 est
840 3977 893 4030 in
926 3976 1008 4033 his
1038 3979 1348 4034 civitatibus
1390 3979 1558 4035 fuisse
1592 3981 1892 4035 seditiones
1922 3999 1936 4035 :
1983 3990 2077 4038 attt

476 4070 768 4126 verisimile
815 4080 898 4125 est
939 4087 1033 4127 eas
1080 4073 1131 4125 iu
1175 4073 1299 4128 aliis
1336 4088 1394 4128 se
1432 4084 1580 4130 recte
1615 4075 1870 4144 gessisse,
1901 4075 1955 4130 iu
1992 4075 2076 4130 his

473 4181 603 4221 vero
626 4167 803 4221 minus
821 4177 990 4231 recte,
1019 4167 1156 4223 adeo
1182 4176 1242 4221 ut
1264 4176 1539 4236 oporteret
1559 4184 1653 4224 eos
1671 4169 1739 4223 de
1757 4169 1843 4224 his
1860 4170 2071 4225 audire.

480 4258 572 4312 γει
622 4261 799 4328 potius
845 4259 985 4329 quod
1031 4260 1096 4313 iis
1133 4260 1283 4324 dicit,
1332 4260 1465 4313 dicit
1503 4260 1778 4314 omnibus.
1826 4260 2073 4331 Magnam

474 4359 652 4405 autem
690 4350 1098 4406 similitudinem
1146 4349 1308 4405 habet
1344 4350 1462 4406 haec
1509 4351 1736 4420 epistola
1775 4366 1897 4407 cum
1941 4352 2072 4420 Epi-

475 4443 611 4495 stola
642 4441 711 4497 ad
746 4443 1011 4513 Ephesios
1048 4443 1103 4497 in
1138 4442 1223 4499 his
1252 4459 1487 4514 quoque.
1520 4443 1666 4498 Alibi
1711 4458 1840 4499 vero
1880 4444 1934 4499 id
1964 4460 2071 4499 non

477 4534 638 4590 facit:
684 4544 779 4589 aut
811 4536 954 4607 quod
1000 4535 1068 4591 ad
1116 4537 1257 4591 viros
1286 4537 1399 4606 jam
1440 4553 1628 4607 pacem
1658 4546 1898 4607 agentes,
1934 4551 2072 4607 quos

474 4627 759 4697 oportebat
796 4628 1068 4695 sublimia,
1092 4646 1214 4699 quae
1242 4630 1321 4684 eis
1344 4628 1524 4685 adhuc
1546 4629 1790 4696 deerant,
1819 4630 2074 4701 dogmata

475 4718 710 4785 discere,
762 4736 869 4775 non
914 4722 1201 4792 Oportebat
1239 4721 1307 4776 de
1348 4722 1430 4778 his
1466 4720 1746 4778 scribere:
1788 4733 1882 4777 aut
1926 4722 2072 4793 quod

474 4827 596 4867 cum
619 4814 1045 4868 consolationem
1070 4815 1181 4884 jam
1213 4814 1552 4884 accepissent
1580 4816 1630 4869 in
1665 4815 2072 4883 Ientationibus,

474 4918 932 4973 supervacaneum
986 4914 1133 4960 esset
1187 4905 1257 4959 de
1314 4904 1398 4958 his
1444 4905 1651 4962 audire.
1709 4907 2073 4973 Quamobrem

473 4996 703 5067 mitjicio
732 4998 816 5053 hic
842 5000 955 5069 jam
992 4998 1200 5052 ﬁrmam
1233 5007 1285 5053 et
1318 4999 1567 5053 stabilem
1598 5014 1717 5055 esse
1746 5000 2068 5067 Ecclesium,

473 5100 526 5141 et
566 5089 680 5145 haec
724 5090 831 5146 dici
883 5092 935 5145 in
983 5092 1107 5145 line.
1153 5088 1419 5155 Mulieres,
1465 5090 1683 5145 subdin
1720 5100 1877 5145 estote
1924 5092 2068 5158 viris,

472 5183 600 5237 sicut
628 5193 825 5252 oportet
872 5184 927 5238 in
956 5183 1199 5238 Domino.
1238 5183 1294 5237 Id
1342 5192 1443 5247 est,
1468 5182 1709 5237 Subdita:
1734 5192 1909 5239 estote
1939 5200 2067 5255 pro-

473 5290 595 5346 pter
644 5278 852 5334 Deum:
898 5278 1152 5349 quoniam
1184 5278 1306 5343 hoc,
1359 5276 1551 5349 inquit,
1597 5280 1695 5332 vos
1731 5288 1908 5343 ornat,
1960 5293 2068 5331 non

471 5374 617 5429 illos.
663 5372 780 5429 Non
819 5374 964 5429 enim
1003 5373 1136 5429 hero
1169 5371 1407 5428 debitam
1435 5370 1848 5441 subjeclionem,
1892 5386 2072 5439 neque

470 5482 589 5521 eam
630 5467 805 5521 solum
853 5484 972 5537 qua:
1012 5477 1097 5523 est
1135 5483 1165 5521 a
1204 5476 1416 5532 natura,
1458 5466 1553 5521 sed
1597 5482 1716 5522 eam
1753 5468 1915 5520 etiam
1947 5465 2069 5521 dico

438 5576 590 5630 qua:
633 5569 717 5615 est
756 5572 975 5631 propter
1007 5561 1199 5617 Deum.
1240 5559 1367 5627 Vtri,
1403 5559 1598 5632 diligite
1640 5576 1821 5614 uxores
1851 5570 2066 5625 vestras,

468 5662 515 5706 et
569 5654 725 5708 nolite
761 5655 927 5707 amari
972 5672 1077 5709 esse
1118 5655 1189 5708 ad
1229 5655 1369 5709 illas.
1404 5652 1540 5711 Vide
1576 5670 1762 5710 rursus
1792 5655 2065 5725 quomodo

468 5744 701 5799 suaserit
729 5745 871 5815 quod
899 5745 1054 5799 alteri
1085 5746 1154 5801 ab
1179 5747 1354 5801 altero
1382 5755 1469 5803 est
1493 5746 1880 5817 praestandum.
1911 5747 2067 5803 Sicut

469 5838 580 5892 illic
626 5838 778 5908 ponit
827 5848 1031 5894 metum
1072 5848 1126 5894 et
1182 5838 1486 5904 caritatem,
1538 5839 1609 5894 ita
1664 5838 1751 5894 hic
1797 5856 2061 5911 quoque:

470 5940 651 5997 potest
679 5930 823 5988 enim
849 5946 991 6000 esse,
1024 5938 1082 5987 ut
1106 5932 1194 6003 qui
1219 5930 1390 6003 diligit
1432 5933 1502 5989 sit
1542 5932 1789 5990 acerbus.
1826 5933 1939 5990 lloc
1980 5944 2062 5992 est

2186 2140 2315 2194 ergo
2353 2125 2494 2195 quod
2538 2124 2705 2180 dicit:
2757 2124 2838 2181 Ne
2884 2127 3179 2198 pugnetis:
3224 2127 3357 2182 nihil
3391 2135 3474 2182 est
3513 2126 3657 2183 cnim
3691 2126 3794 2185 hac

2194 2233 2366 2287 pugna
2392 2219 2662 2283 acerbius,
2693 2219 2911 2289 quando
2956 2221 3059 2275 viri
3096 2220 3257 2275 fuerit
3299 2236 3474 2291 pugna
3525 2221 3790 2275 adversus

2189 2328 2434 2366 uxorem.
2466 2312 2601 2367 Nam
2630 2329 2750 2382 qtae
2777 2312 3041 2369 adversus
3063 2329 3324 2383 personas
3347 2329 3469 2383 qua:
3490 2313 3791 2382 diliguntur

2188 2412 2314 2458 sunt
2337 2419 2550 2473 pugnae,
2580 2420 2661 2461 ea:
2686 2416 2813 2459 sunt
2839 2405 3081 2468 acerbm;
3114 2414 3169 2459 et
3197 2405 3433 2460 ostendit
3456 2404 3559 2459 hoc
3579 2402 3696 2458 ﬁeri
3724 2420 3787 2457 ex

2188 2512 2379 2566 magna
2424 2496 2740 2563 acerbitate,
2785 2513 2909 2552 cum
2949 2498 3108 2551 alicui
3141 2499 3404 2553 adversus
3431 2513 3586 2553 suum
3620 2514 3792 2553 mem-

2188 2590 2343 2645 brum
2366 2601 2449 2646 est
2476 2590 2780 2647 dissidium.
2815 2593 2990 2662 Atque
3023 2591 3250 2661 diligere
3280 2592 3499 2663 quidem
3529 2600 3616 2646 est
3643 2591 3790 2645 viro-

2186 2702 2344 2748 rum,
2400 2685 2615 2740 illarum
2670 2700 2801 2741 vero
2850 2685 3067 2741 cedere.
3129 2685 3183 2741 Si
3238 2699 3369 2755 ergo
3422 2685 3791 2754 unusquisque

2184 2777 2326 2846 quod
2350 2792 2504 2831 suum
2532 2786 2616 2832 est
2640 2776 2855 2841 afferat,
2886 2787 3031 2831 stant
3054 2776 3234 2831 omnia
3266 2777 3416 2830 lirma
3454 2785 3508 2830 et
3549 2775 3785 2829 stabilia.

2185 2872 2261 2925 Ex
2290 2887 2356 2926 co
2386 2870 2531 2925 enim
2558 2870 2702 2941 quod
2728 2870 3001 2938 diligatur,
3032 2870 3092 2924 lit
3119 2870 3315 2924 mulier
3339 2869 3510 2923 amica
3535 2877 3590 2923 et
3619 2867 3785 2923 bene-

2184 2966 2340 3029 vola;
2375 2980 2440 3017 ex
2467 2979 2533 3018 eo
2562 2972 2743 3019 autem
2773 2962 2917 3034 quod
2940 2962 3009 3017 sit
3041 2961 3278 3027 subdita,
3319 2963 3403 3025 vir
3445 2960 3501 3015 ﬁt
3546 2959 3692 3015 mitis
3729 2968 3787 3013 et

2183 3057 2444 3111 cletueus.
2478 3056 2615 3111 Vide
2634 3066 2815 3112 autem
2848 3055 2991 3125 quod
3018 3056 3118 3111 hoc
3145 3070 3361 3126 quoque
3391 3062 3582 3108 natura
3608 3053 3688 3108 sic
3713 3053 3785 3107 sit

2183 3160 2575 3221 comparatum,
2619 3159 2679 3204 ut
2720 3149 2803 3202 vir
2841 3148 3058 3221 quidem
3101 3147 3312 3218 diligat,
3355 3145 3553 3201 mulier
3596 3154 3778 3199 autem

2183 3241 2416 3296 obcdiat.
2453 3241 2583 3296 Nam
2612 3241 2830 3309 quando
2861 3241 2904 3295 is
2934 3240 3024 3312 qui
3048 3240 3299 3309 imperat.
3332 3239 3503 3309 diligit
3536 3253 3660 3293 eum
3691 3236 3783 3306 qui

2185 3344 2335 3405 paret
2358 3334 2608 3405 imperio,
2634 3343 2762 3390 tunc
2785 3334 3089 3389 consistunt
3114 3333 3315 3388 omnia.
3346 3331 3463 3386 Non
3488 3340 3594 3385 tam
3621 3331 3689 3383 ab
3715 3346 3785 3382 eo

2184 3431 2273 3501 qui
2303 3438 2454 3501 paret
2495 3431 2754 3501 quzeritur
2783 3429 3025 3495 dilectio,
3057 3442 3217 3499 quam
3247 3426 3315 3481 ab
3336 3440 3403 3480 eo
3433 3425 3525 3495 qui
3553 3413 3784 3493 imperat

2183 3537 2309 3593 erga
2354 3538 2476 3577 eum
2508 3522 2599 3593 qui
2645 3530 2835 3591 paret:
2883 3520 2952 3575 ab
2998 3520 3091 3575 illo
3136 3519 3279 3574 enim
3325 3527 3410 3572 est
3451 3516 3780 3571 obedientia.

2181 3614 2316 3670 Nam
2346 3614 2490 3684 quod
2521 3614 2733 3669 mulieri
2764 3624 2849 3667 est
2876 3611 3247 3682 pulchritudo,
3279 3611 3398 3666 viro
3418 3620 3599 3665 autem
3626 3606 3781 3678 cupi-

2182 3708 2321 3761 ditas
2354 3714 2408 3761 et
2446 3704 2797 3768 desiderium,
2831 3704 2963 3758 nihil
2990 3702 3136 3759 aliud
3166 3702 3405 3758 ostendit
3434 3715 3596 3772 quam
3624 3697 3778 3771 quod

2182 3799 2261 3855 sic
2288 3798 2380 3852 ﬁat
2410 3806 2627 3868 propter
2656 3797 3025 3852 dilectionem.
3062 3795 3141 3851 Ne
3179 3811 3330 3866 ergo,
3363 3793 3617 3865 quoniam
3647 3791 3780 3848 sub-

2177 3893 2319 3965 jecta
2340 3901 2426 3947 est
2446 3892 2660 3956 mulier,
2690 3891 2765 3945 sis
2794 3890 3062 3956 insolens;
3096 3904 3272 3958 neque
3301 3898 3379 3950 tu,
3411 3885 3666 3956 quoniam
3693 3884 3778 3939 vir

2181 3984 2377 4055 diligit,
2411 3983 2731 4039 intumesce.
2764 3981 2952 4052 Neque
2980 3980 3079 4035 viri
3110 3979 3345 4035 amicitia
3387 3978 3612 4035 extollat
3662 3992 3782 4031 mu-

2182 4075 2410 4144 lierem;
2457 4090 2631 4144 neque
2671 4074 2913 4129 mulieris
2948 4073 3212 4143 subjectio
3239 4071 3388 4128 inﬁet
3417 4072 3613 4128 virum.
3643 4070 3783 4125 Pro-

2184 4180 2365 4239 pterea
2412 4168 2506 4222 tibi
2544 4183 2662 4224 eam
2701 4167 2948 4237 subjecit,
2997 4181 3031 4221 o
3075 4166 3176 4232 vir,
3220 4175 3277 4220 ut
3321 4166 3495 4236 magis
3532 4173 3780 4221 ametur:

2182 4272 2466 4331 propterea
2495 4268 2546 4314 te
2574 4258 2701 4314 fecit
2742 4246 3019 4324 amarifo
3070 4258 3285 4324 mulier,
3332 4265 3388 4310 ιιι
3433 4256 3589 4311 facile
3630 4254 3776 4311 feras

2180 4352 2323 4422 quod
2354 4354 2430 4407 sis
2464 4350 2724 4421 subjecta.
2755 4350 2834 4406 Ne
2864 4352 3056 4405 timeas
3098 4349 3242 4421 quod
3286 4351 3361 4404 sis
3407 4350 3681 4417 subjecta;
3729 4351 3782 4405 ei

2180 4447 2323 4502 enim
2367 4445 2459 4516 qui
2504 4452 2652 4499 amat
2691 4459 2812 4499 esse
2852 4443 3174 4514 subjectum,
3214 4443 3415 4497 nullam
3451 4442 3613 4496 habet
3639 4439 3782 4495 difﬁ-

2179 4537 2486 4593 cultatem:
2537 4552 2605 4591 ne
2660 4536 2851 4590 timeas
2904 4550 3133 4601 amans;
3190 4533 3360 4589 habes
3406 4535 3550 4589 enim
3607 4534 3779 4602 ipsam

2179 4631 2484 4686 cedentem.
2536 4629 2653 4685 Non
2697 4629 2832 4685 alias
2877 4645 3008 4700 ergo
3052 4637 3197 4685 esset
3248 4628 3545 4683 vinculum.
3601 4626 3781 4681 llabes

2180 4724 2546 4780 necessarium
2593 4738 2624 4778 a
2672 4733 2862 4778 natura
2913 4724 3239 4793 imperium;
3283 4720 3422 4776 habe
3463 4720 3623 4775 etiam
3666 4718 3781 4772 viu-

2177 4815 2358 4870 culum
2393 4816 2536 4887 quod
2583 4825 2662 4872 est
2693 4831 2758 4872 ex
2789 4817 3012 4871 caritate
3039 4834 3052 4868 :
3085 4831 3203 4870 eam
3235 4814 3378 4869 enim
3408 4828 3528 4883 qua:
3558 4819 3642 4867 est
3674 4811 3779 4864 im-

2179 4907 2447 4974 becillior,
2477 4908 2604 4962 sinit
2636 4924 2758 4964 esse
2788 4908 3147 4965 tolerabilem.
3179 4904 3329 4970 Filii,
3364 4904 3561 4958 obedite
3590 4920 3777 4971 paren-

2179 5001 2310 5056 tibus
2351 5018 2440 5071 per
2470 5003 2681 5055 omnia:
2723 5002 2817 5055 hoc
2847 5001 2981 5055 enim
3021 5000 3269 5069 placitum
3312 5007 3385 5051 est
3430 4997 3485 5051 in
3532 4995 3777 5051 Domino.

2177 5095 2387 5150 Rursus
2410 5095 2605 5164 posuit,
2631 5092 2700 5147 In
2722 5093 2965 5157 Domino,
2988 5100 3041 5145 et
3064 5092 3206 5161 leges
3227 5089 3407 5144 ferens
3427 5089 3771 5154 obedientitc,

2177 5198 2233 5244 et
2279 5188 2541 5258 pudorem
2594 5186 2883 5251 incutiens,
2947 5200 3011 5239 ac
3063 5184 3396 5254 deprimens.
3457 5182 3571 5237 Hoc
3619 5183 3774 5248 enim,

2178 5281 2373 5351 inquit,
2422 5289 2495 5334 est
2543 5279 2791 5350 placitum
2831 5277 3074 5333 Domino.
3114 5277 3249 5332 Vide
3270 5276 3543 5347 quomodo
3570 5290 3675 5331 nou
3707 5291 3777 5331 ex
3848 5344 3853 5361 ί

2178 5374 2293 5428 sola
2340 5381 2553 5432 natura,
2604 5372 2699 5427 scd
2740 5380 2866 5425 ante
2912 5387 3031 5427 eam
3058 5385 3125 5425 ex
3160 5370 3224 5424 iis
3251 5386 3372 5439 qua:
3402 5370 3511 5423 Deo
3539 5367 3777 5437 placent,

2176 5465 2291 5519 vult
2322 5480 2422 5519 nos
2447 5463 2626 5517 omnia
2650 5478 2831 5531 agere.
2854 5462 3094 5517 utetiam
3123 5461 3428 5515 mercedem
3457 5458 3775 5514 habeamus.

2178 5556 2382 5622 Patres,
2420 5555 2578 5609 nolite
2616 5556 2684 5607 ad
2725 5553 3046 5608 iracundiam
3086 5540 3362 5624 provocare
3390 5549 3527 5620 ﬁlios
3560 5560 3773 5616 vestros,

2177 5661 2231 5705 ut
2263 5668 2365 5706 non
2392 5649 2583 5720 pusillo
2610 5649 2781 5703 animo
2819 5650 2967 5719 ﬁant.
3012 5649 3151 5703 Ecce
3195 5646 3284 5703 hic
3327 5662 3542 5718 quoque
3588 5662 3777 5702 rursus

2176 5756 2259 5801 est
2287 5743 2552 5814 subjectio
2581 5753 2633 5797 et
2663 5756 2837 5795 amor.
2872 5741 2938 5795 Et
2991 5755 3098 5795 non
3131 5739 3287 5807 dixit,
3330 5739 3543 5810 Diligite
3591 5739 3774 5806 ﬁlios;

2177 5847 2323 5895 esset
2365 5840 2509 5894 enim
2548 5850 3047 5903 supervacaneum;
3095 5835 3209 5906 ipsa
3255 5835 3454 5907 quippe
3494 5835 3638 5907 cogit
3672 5849 3773 5891 na-

2177 5946 2323 6001 tura;
2357 5931 2452 5990 scd
2480 5931 2717 5989 correxit
2742 5929 2886 6004 quod
2918 5930 3174 6004 oportuit,
3209 5930 3354 6006 quod
3379 5938 3434 5991 ct
3471 5946 3625 5988 amor
3674 5928 3761 5984 hic

3156 6570 3399 6581 —a—_.—_.

3156 6606 3399 6619 h—
