4140 6560
377 435 484 492 567

377 561 522 608 esset
548 547 939 615 vehementior,
968 545 1218 616 quoniam
1245 553 1301 600 et
1323 544 1494 614 major
1520 551 1604 599 est
1628 543 1960 599 obedientia.

377 645 652 714 Nusquam
678 642 820 698 enim
848 639 998 710 ponit
1020 637 1328 709 exemplum
1351 637 1452 691 viri
1479 645 1534 691 et
1560 636 1834 702 mulieris;
1866 634 1962 691 sed

379 734 544 804 quid?
572 734 709 788 Audi
741 733 1055 802 prophetam
1083 729 1352 784 dicentem
1385 747 1398 782 :
1431 728 1580 783 Sicut
1620 737 1766 796 pater
1814 727 1965 781 mise-

369 840 515 883 retur
562 829 807 898 ﬁliorum,
854 826 1088 879 misertus
1129 834 1201 879 est
1247 822 1501 877 Dominus
1545 822 1826 875 timentium
1854 837 1967 874 eum

380 919 660 987 (Psal.12.
692 919 806 987 15).
838 918 903 973 Et
927 931 1116 971 rursus
1144 915 1277 970 dicit
1300 915 1589 970 Christus:
1627 913 1751 978 Quis
1788 920 1863 966 est
1905 927 1968 965 ea:

378 1012 513 1065 vobis
535 1011 706 1076 homo,
735 1026 768 1062 a
794 1025 896 1078 quo
921 1011 966 1062 si
992 1009 1187 1078 petierit
1209 1007 1347 1076 ﬁlius
1369 1023 1572 1075 panem,
1601 1021 1723 1058 num
1744 1003 1967 1074 lapidem

380 1103 521 1156 dabit
549 1101 633 1156 ei?
667 1111 713 1154 et
740 1101 785 1155 si
814 1101 1009 1164 petierit
1046 1101 1254 1170 piscem.
1279 1114 1404 1152 num
1428 1107 1711 1165 serpentem
1753 1097 1890 1148 dabit
1919 1095 1966 1148 ei

379 1194 596 1260 (Matth.
621 1195 674 1250 7.
699 1193 801 1264 ων
833 1192 1035 1258 Patres,
1063 1193 1218 1247 nolite
1240 1192 1308 1244 ad
1346 1191 1667 1244 iracundiam
1695 1204 1967 1258 provocare

377 1288 516 1356 filias
556 1293 768 1351 vestros,
817 1301 883 1340 ne
924 1285 1112 1356 pusillo
1160 1285 1332 1338 animo
1380 1285 1529 1352 ﬁant.
1582 1280 1734 1348 Quod
1763 1280 1968 1335 sciebat

378 1379 634 1433 idoneum
687 1387 743 1430 ut
789 1378 1020 1431 maxime
1069 1390 1164 1430 eos
1210 1374 1504 1439 morderet,
1550 1374 1652 1428 hoc
1683 1371 1877 1442 posuit,
1910 1379 1967 1426 et

376 1470 644 1524 amantius
695 1469 836 1523 dixit
883 1469 964 1525 eis
1022 1469 1330 1537 imperans,
1387 1477 1443 1522 et
1496 1482 1760 1536 nusquam
1813 1466 1966 1536 ponit

378 1563 590 1616 Deum:
639 1563 885 1632 fregisset
940 1562 1081 1616 enim
1133 1569 1406 1630 parentes,
1452 1559 1731 1614 inﬂectens
1777 1573 1964 1614 eorum

376 1656 604 1708 viscera.
650 1653 782 1708 illud
826 1661 1025 1717 autem,
1076 1651 1252 1706 Nolite
1291 1663 1587 1720 provocare,
1621 1649 1725 1704 hoc
1752 1659 1855 1712 est,
1889 1648 1966 1703 Ne

376 1748 582 1802 reddite
623 1764 716 1801 eos
757 1747 1239 1811 contentiosiores;
1290 1757 1374 1802 est
1423 1747 1589 1809 enim,
1642 1745 1730 1799 ubi
1758 1743 1965 1799 debetis

375 1842 481 1896 illis
507 1839 708 1912 aliquid
736 1841 1056 1896 concedere.
1092 1839 1294 1895 Deinde
1326 1840 1476 1895 venit
1504 1838 1570 1892 ad
1599 1839 1822 1893 tertium
1859 1838 1963 1892 im-

375 1936 602 2003 perium,
635 1933 802 2002 Serui,
833 1934 1100 2004 inquiens,
1147 1933 1341 1987 obedite
1386 1933 1606 1986 dominis
1648 1930 1960 1984 carnalibus.

373 2023 472 2080 Est
520 2025 606 2080 hic
656 2041 868 2096 quoque
893 2040 1045 2080 amor
1071 2025 1310 2096 quidam,
1344 2024 1439 2079 sed
1467 2040 1572 2077 non
1603 2024 1672 2078 ita
1704 2021 1964 2077 naturalis

371 2117 513 2172 sicut
537 2118 805 2187 superius,
835 2117 930 2172 sed
959 2116 1366 2172 consuetudinis
1397 2126 1452 2169 ct
1487 2116 1554 2170 ah
1585 2117 1702 2184 ipso
1735 2115 1962 2185 imperio

372 2220 428 2266 ct
473 2226 503 2266 a
551 2210 724 2265 factis.
754 2210 1016 2278 Quoniam
1049 2225 1178 2279 ergo
1219 2209 1305 2262 hic
1346 2207 1562 2278 quidem
1607 2206 1658 2260 id
1697 2207 1838 2276 quod
1881 2215 1964 2260 est

371 2303 592 2366 amoris,
622 2312 705 2359 est
723 2304 990 2358 succisum
1019 2319 1080 2357 ac
1105 2303 1426 2356 diminutum
1454 2319 1468 2355 :
1498 2301 1639 2372 quod
1671 2310 1753 2356 est
1781 2311 1958 2356 autem

371 2391 712 2460 obedientize,
766 2393 1038 2448 intensum
1085 2402 1140 2447 et
1183 2391 1589 2461 ampliﬁcatum,
1636 2391 1688 2446 in
1735 2407 1801 2446 eo
1849 2392 1964 2447 vult

371 2483 668 2552 immorari,
712 2493 767 2539 et
812 2483 955 2554 quod
1011 2485 1167 2554 primi
1219 2485 1418 2537 habent
1451 2500 1478 2538 a
1513 2492 1722 2549 natura,
1755 2482 1858 2538 hoc
1884 2484 1963 2538 eis

371 2561 507 2631 dare
549 2592 617 2632 ex
661 2575 989 2631 obedientia.
1038 2576 1401 2644 Quamobrem
1443 2590 1547 2629 non
1595 2590 1691 2644 pro
1730 2574 1962 2628 dotninis

375 2682 497 2723 cum
545 2669 674 2723 solis
723 2668 956 2738 loquitur
1003 2667 1236 2734 famulis,
1269 2668 1362 2722 sed
1389 2667 1547 2720 etiam
1582 2683 1677 2736 pro
1708 2667 1856 2735 ipsis,
1891 2676 1949 2720 ιιι

377 2778 438 2818 se
465 2763 694 2818 dominis
716 2764 942 2819 reddant
973 2763 1381 2820 desiderabiles.
1413 2763 1517 2820 Sed
1549 2781 1654 2819 non
1685 2765 1786 2819 hoc
1812 2767 1962 2834 ponit

371 2869 592 2926 aperte:
624 2858 758 2913 alias
801 2859 945 2912 enim
979 2873 1074 2914 eos
1099 2859 1320 2927 supinos
1362 2857 1650 2914 effecisset.
1682 2859 1848 2926 Serui,
1880 2859 1962 2914 in-

367 2950 503 3020 quit,
528 2951 721 3004 obedite
742 2967 830 3016 per
853 2951 1022 3004 omnia
1049 2951 1266 3004 dominis
1291 2951 1600 3004 carnalibus.

437 3041 495 3094 2.
530 3041 662 3096 Vide
684 3052 859 3095 autem
882 3041 1150 3110 quomodo
1173 3057 1386 3110 semper
1408 3043 1556 3110 ponit
1579 3041 1816 3108 nomina,
1841 3059 1958 3095 ηιμ-ο

369 3134 536 3194 lieres,
558 3133 673 3202 ﬁlii,
693 3134 840 3195 servi,
860 3143 918 3186 ut
931 3133 1019 3202 jus
1036 3132 1339 3198 obediendi,
1356 3132 1496 3203 quod
1513 3132 1756 3188 debetur.
1771 3134 1872 3188 Sed
1891 3150 1956 3191 ne

369 3225 598 3287 doleret,
631 3225 922 3295 subjunxit,
949 3224 1182 3279 Dominis
1211 3224 1517 3278 carnalibus.
1547 3225 1699 3292 Quod
1730 3236 1812 3281 est
1843 3228 1955 3294 tui,

369 3319 559 3389 inquit,
597 3319 876 3387 optimum,
910 3333 1102 3388 nempe
1128 3320 1323 3380 anima,
1360 3318 1525 3371 libera
1575 3327 1694 3381 est;
1729 3318 1795 3373 ad
1823 3329 1958 3374 tem-

368 3423 470 3478 pus
498 3419 579 3464 est
614 3409 864 3464 servitus.
898 3409 1104 3476 Corpus
1139 3425 1267 3480 ergo
1293 3407 1483 3475 subde,
1515 3425 1581 3463 ne
1611 3412 1949 3466 necessitatis

368 3503 596 3572 amplius
628 3502 697 3555 sit
735 3503 985 3557 servitus.
1031 3499 1152 3555 Non
1193 3501 1262 3553 ad
1292 3501 1492 3555 oculum
1533 3503 1802 3556 servientes
1833 3514 1956 3557 tant-

364 3608 518 3662 quam
556 3590 845 3646 hominibus
891 3591 1162 3662 placentas.
1221 3592 1346 3658 Fac,
1395 3593 1586 3660 inquit,
1636 3595 1950 3648 servitutem

363 3699 484 3754 qum
511 3692 594 3739 est
622 3700 687 3741 ex
718 3685 859 3755 lege,
891 3700 1012 3740 esse
1042 3701 1108 3740 ex
1141 3695 1282 3739 metu
1311 3685 1530 3740 Christi.
1570 3687 1700 3740 Nam
1730 3689 1829 3742 etsi
1863 3688 1954 3742 illo

366 3793 473 3832 non
519 3777 739 3832 vidente
771 3776 902 3832 facis
938 3793 1056 3846 qum
1092 3786 1328 3846 oportet,
1362 3786 1415 3830 et
1443 3793 1562 3846 qum
1591 3779 1858 3846 pertinent
1887 3780 1951 3833 ad

365 3870 625 3926 honorem
653 3869 852 3922 domini
881 3886 895 3932 ;
931 3869 981 3922 id
1014 3871 1167 3937 plane
1200 3871 1326 3924 facis
1354 3880 1573 3940 propter
1615 3871 1761 3924 illum
1810 3873 1954 3925 inso-

363 3958 544 4022 mnem
571 3963 806 4017 oculum.
839 3961 960 4016 Non
988 3961 1055 4014 ad
1080 3963 1280 4015 oculum
1307 4004 1321 4028 ,
1357 3963 1543 4032 inquit,
1580 3973 1838 4033 tamquam
1869 3967 1954 4019 lto-

364 4057 582 4111 minibus
607 4054 880 4126 placentes.
910 4054 1026 4123 Quo
1049 4055 1137 4107 lict
1176 4064 1232 4108 ut
1264 4070 1356 4109 vos
1394 4055 1646 4110 damnum
1691 4059 1948 4113 subeatis.

365 4148 501 4203 Audi
531 4149 671 4201 enim
713 4146 1026 4217 prophetam
1060 4146 1355 4209 dicentem,
1394 4146 1666 4217 Dissipavit
1698 4149 1949 4206 Dominus

317 4246 325 4251 '
365 4255 479 4292 ossa
508 4254 678 4292 eorum
709 4237 797 4310 qui
827 4237 1114 4292 hominibus
1146 4237 1340 4306 placent
1371 4237 1541 4310 (Psal.
1574 4241 1663 4295 59..
1699 4241 1776 4311 6).
1815 4243 1949 4298 Vide

363 4346 493 4401 ergo
522 4328 791 4398 quomodo
834 4331 912 4384 eis
951 4331 1140 4398 parcit,
1183 4339 1235 4383 et
1272 4347 1365 4384 eos
1409 4334 1684 4402 componit
1716 4353 1728 4387 :
1762 4335 1867 4389 Sed
1894 4336 1948 4390 in

363 4419 706 4491 simplicitate,
739 4421 928 4489 inquit,
958 4420 1147 4486 cordis,
1189 4421 1415 4476 timentes
1443 4422 1626 4477 Deum.
1657 4424 1787 4478 Nam
1818 4425 1948 4481 illud

364 4515 580 4582 quidem
613 4528 717 4566 non
762 4522 846 4567 est
883 4513 1216 4583 simplicitas.
1247 4513 1339 4569 sed
1374 4515 1671 4586 hypocrisis
1698 4527 1752 4572 et
1777 4518 1948 4572 simu-

364 4605 532 4670 latio;
563 4603 705 4658 aliud
739 4604 790 4658 in
824 4604 1003 4658 animo
1037 4604 1256 4670 habere,
1288 4615 1342 4660 et
1367 4605 1511 4661 aliud
1541 4607 1750 4673 facere;
1781 4608 1946 4663 alimn

363 4696 580 4767 quidem
610 4696 775 4749 videri
800 4707 1064 4766 prmsentc
1090 4695 1327 4762 domino,
1359 4699 1520 4751 alium
1544 4715 1671 4754 vero
1700 4700 1944 4756 absente.

363 4787 478 4843 Non
503 4786 639 4841 dixit
664 4804 792 4858 ergo
815 4787 1008 4853 solum,
1035 4787 1101 4841 In
1125 4789 1450 4858 simplicitate
1477 4790 1667 4856 cordis,
1696 4791 1788 4846 sed
1808 4833 1821 4854 ,
1855 4791 1918 4847 Ti
1929 4825 1949 4835 -

364 4888 553 4935 mentes
591 4879 774 4934 Deum.
817 4881 928 4935 Iloc
965 4881 1108 4935 enim
1154 4889 1238 4935 est
1279 4881 1468 4937 timere
1510 4881 1697 4949 Deum,
1734 4885 1949 4954 quando

361 4973 582 5029 nemine
623 4971 838 5028 vidente
867 4971 998 5026 nihil
1032 4972 1155 5025 mali
1193 4971 1418 5027 facimus
1450 4990 1464 5027 :
1496 4973 1578 5028 sin
1606 4983 1784 5030 autem
1819 4975 1951 5031 faci-

362 5081 505 5129 mus,
540 5079 648 5118 non
690 5064 878 5126 Deum,
907 5063 1000 5118 sed
1031 5063 1277 5118 homines
1311 5063 1585 5119 timemus.
1619 5065 1780 5120 Vides
1813 5082 1948 5135 quo-

361 5155 524 5212 tnodo
550 5157 669 5211 illos
696 5155 1016 5223 componat?
1040 5155 1425 5225 Quodcumque
1449 5157 1642 5221 facitis,
1668 5159 1860 5227 inquit,
1885 5175 1950 5214 ex

363 5250 547 5302 animo
588 5249 907 5317 operamini,
939 5249 1077 5301 sicut
1112 5247 1359 5313 Domino,
1399 5256 1454 5302 et
1485 5264 1589 5303 non
1623 5249 1949 5305 hominibus.

363 5339 476 5393 Non
503 5341 675 5395 solum
707 5341 774 5394 ab
805 5340 1092 5411 hypocrisi,
1127 5341 1219 5396 sed
1248 5341 1408 5395 etiam
1432 5341 1500 5395 ab
1527 5342 1638 5395 otio
1668 5353 1719 5396 et
1748 5343 1951 5397 desidia

365 5447 459 5484 eos
499 5432 612 5484 vult
655 5431 891 5487 liberari.
936 5432 1043 5485 Eos
1081 5432 1277 5487 liberos
1321 5432 1447 5488 fecit
1479 5448 1578 5502 pro
1606 5434 1798 5496 servis,
1831 5439 1950 5488 cum

371 5538 476 5575 non
519 5539 652 5591 opus
676 5524 908 5579 habeant
939 5533 995 5578 ut
1017 5524 1195 5580 adsint
1219 5523 1445 5579 domini.
1479 5525 1591 5577 lloc
1615 5525 1757 5579 enim
1780 5534 1862 5579 est
1892 5527 1955 5580 ii-

371 5613 484 5677 lud,
524 5615 606 5669 Ea:
635 5616 824 5680 animo,
868 5632 989 5671 cum
1032 5617 1428 5682 benevolentia,
1472 5633 1576 5668 non
1619 5633 1739 5670 cum
1772 5619 1950 5673 servili

370 5709 711 5772 necessitate,
740 5709 832 5762 sed
858 5709 1025 5763 libere
1049 5719 1102 5764 et
1132 5725 1195 5764 ex
1224 5710 1385 5764 animi
1414 5709 1678 5763 instituto.
1711 5709 1776 5763 Et
1802 5725 1954 5782 qum»

370 5814 493 5853 nam
534 5807 616 5852 est
654 5800 896 5853 merces?
941 5800 1168 5854 Scicntes
1210 5801 1345 5870 quod
1373 5817 1406 5853 a
1433 5797 1654 5853 Dontino
1695 5800 1952 5870 accipietis

372 5888 750 5942 retributionem
781 5888 1069 5943 hereditatis
1101 5906 1118 5942 :
1149 5889 1366 5945 Domino
1396 5889 1602 5946 Christo
1636 5891 1832 5945 servile.
1873 5890 1953 5944 Ab

1132 429 1188 487 S.
1229 427 1508 488 JOANNIS
1543 426 2022 486 CHRYSOSTOMI
2061 426 2384 486 ARCHIEP.
2426 429 2963 492 CONSTANTINOP.

2072 538 2190 610 ipso
2219 541 2386 608 enim,
2419 543 2608 614 inquit,
2635 548 2910 618 accipietis
2939 563 3262 610 mercedem.
3291 555 3356 611 Et
3380 558 3521 628 quod
3555 560 3662 616 Do-

2076 631 2224 686 mino
2259 634 2498 702 servitis,
2529 652 2594 692 ex
2626 637 2728 694 hoc
2753 651 2838 696 est
2863 645 3230 712 perspicuum.
3266 648 3367 715 Qui
3396 651 3547 715 enim,
3575 651 3664 704 in-

2071 724 2206 792 quit,
2235 724 2480 794 injuriam
2509 730 2654 798 facit,
2685 732 2892 802 recipiet
2922 735 2976 788 id
3002 739 3141 808 quod
3167 739 3335 809 inique
3361 741 3531 808 gessit.
3564 741 3661 798 llic

2072 813 2357 870 conﬁrmat
2382 819 2523 888 quod
2556 820 2702 889 prius
2727 823 2928 879 dictum
2956 837 3056 880 est.
3091 827 3225 883 Nam
3255 846 3324 886 ne
3353 831 3663 889 viderentur

2070 907 2234 962 verba
2277 924 2399 965 esse
2445 917 2826 972 assetttationis
2859 935 2873 970 :
2906 918 3152 991 Recipiet,
3200 923 3387 994 inquit,
3430 927 3486 978 id
3525 927 3665 998 quod

2071 997 2242 1065 inique
2270 1003 2421 1070 gessit
2447 1018 2467 1058 :
2496 1003 2599 1059 hoc
2624 1016 2728 1071 est,
2757 1008 2867 1064 luet
2888 1025 3075 1079 pinnas
3104 1031 3116 1064 :
3147 1013 3270 1068 Non
3298 1025 3370 1070 est
3395 1018 3526 1071 enim
3548 1036 3662 1088 pcr-

2070 1105 2312 1144 sonarum
2365 1096 2598 1165 acceptio
2637 1099 2780 1167 apud
2828 1100 2992 1156 Deum
3035 1103 3214 1174 (Rom.
3267 1106 3322 1160 2.
3367 1108 3480 1180 11).
3521 1110 3658 1176 Quid

2071 1181 2238 1250 enim,
2280 1184 2325 1239 si
2361 1201 2420 1240 es
2462 1189 2690 1244 servus?
2729 1208 2835 1247 non
2889 1195 3158 1254 dedecore
3205 1199 3457 1258 afﬁceris.
3499 1204 3668 1276 Atqui-

2072 1277 2362 1344 oportebat
2403 1279 2469 1334 ad
2517 1281 2770 1340 dominos
2817 1285 2921 1343 hoc
2963 1290 3168 1359 dicere,
3216 1293 3356 1348 sicut
3391 1297 3550 1352 etiam
3605 1299 3658 1352 in

2078 1365 2317 1436 Epistula
2349 1371 2416 1425 ad
2467 1373 2761 1444 Ephesios;
2805 1379 2898 1434 sed
2948 1379 3036 1436 hic
3076 1383 3206 1438 mihi
3249 1385 3458 1442 videtur
3500 1388 3667 1445 tacite

2074 1457 2378 1528 signiﬁcare
2405 1462 2624 1520 Graecos
2649 1466 2920 1526 dominos.
2959 1471 3098 1539 Quid
3139 1475 3304 1544 enim,
3336 1478 3384 1533 si
3420 1477 3518 1535 ille
3535 1482 3659 1551 qui-

2072 1551 2194 1605 dem
2219 1551 2462 1621 Grrceus,
2489 1567 2544 1611 tu
2572 1570 2754 1616 autem
2779 1577 2838 1618 es
2858 1563 3223 1623 Christianus?
3248 1568 3361 1625 Non
3394 1586 3658 1642 pet-sonte,

2071 1644 2164 1698 sed
2194 1661 2282 1701 res
2312 1650 2708 1710 examinantur.
2753 1655 3113 1723 Quamobrem
3153 1662 3230 1716 sic
3258 1677 3380 1718 cum
3425 1663 3662 1722 benevo-

2072 1736 2254 1805 lentia,
2281 1749 2337 1796 et
2363 1757 2428 1797 ex
2453 1745 2632 1799 animo
2660 1757 2743 1803 est
2784 1751 3144 1808 serviendum.
3178 1753 3330 1828 (Cap.
3360 1757 3442 1827 4.)
3468 1759 3520 1814 1.
3545 1757 3661 1814 Do-

2071 1829 2216 1893 mini,
2246 1832 2383 1900 quod
2401 1834 2601 1903 justum
2627 1848 2702 1892 est
2737 1849 2787 1892 et
2819 1856 3022 1908 (equum
3047 1845 3202 1899 servis
3233 1857 3490 1916 prtestate.
3521 1849 3662 1918 Quid

2071 1929 2155 1975 est
2179 1933 2357 1978 autem
2389 1924 2639 1982 Iustum?
2666 1929 2793 1999 quid
2831 1931 3063 2004 ZEquum
3085 1936 3111 1988 1’
3138 1936 3366 1994 Efﬁcere
3399 1949 3460 1995 ut
3485 1941 3554 1996 sit
3582 1943 3666 1996 eis

2072 2029 2251 2069 rerum
2291 2019 2530 2072 omnium
2571 2021 2918 2090 abundantia,
2966 2035 3022 2081 et
3061 2043 3164 2083 non
3213 2031 3393 2088 sinere
3436 2041 3496 2087 ut
3541 2033 3661 2090 aliis

2075 2115 2287 2174 egeant,
2323 2109 2417 2162 sed
2449 2124 2544 2179 pro
2572 2110 2848 2169 laboribus
2878 2129 2973 2170 eos
3001 2122 3353 2177 remunerari.
3377 2122 3492 2178 Non
3517 2125 3660 2180 enim

2069 2198 2191 2266 quia
2218 2199 2328 2253 dixi
2363 2215 2459 2256 eos
2486 2218 2514 2255 a
2550 2203 2660 2258 Deo
2693 2204 2892 2262 habere
2922 2211 3248 2278 mercedem,
3289 2225 3570 2284 propterea
3602 2225 3659 2271 tu

2068 2303 2163 2342 eos
2218 2293 2417 2359 prives.
2454 2293 2597 2349 Alibi
2655 2307 2833 2353 autem
2889 2300 3054 2367 dicit,
3115 2304 3441 2363 Rentittentes
3495 2310 3663 2365 atinas

2071 2378 2284 2449 (Ep/tes.
2317 2384 2369 2438 6.
2415 2385 2494 2451 9“,
2527 2388 2713 2442 volens
2742 2405 2836 2444 eos
2877 2390 3053 2448 facere
3085 2396 3325 2452 mitiores
3352 2415 3367 2453 :
3401 2401 3472 2454 illi
3513 2403 3658 2456 enim

2070 2484 2223 2528 erant
2266 2475 2509 2545 perfecti.
2552 2478 2663 2533 Hoc
2697 2490 2800 2544 est,
2835 2483 2949 2550 Qua
2979 2502 3216 2540 mensura
3247 2491 3406 2545 mensi
3435 2495 3661 2562 riteritis,

2067 2567 2356 2620 remetiatur
2381 2568 2518 2622 vobis
2551 2571 2768 2639 (Matth.
2797 2575 2850 2628 7.
2882 2574 2960 2648 2).
2993 2576 3056 2631 Et
3090 2579 3218 2633 illud
3240 2623 3256 2647 ,
3290 2581 3405 2637 Non
3437 2594 3506 2640 est
3536 2604 3656 2654 pcr-

2067 2673 2308 2712 sonarum
2333 2662 2577 2732 acceptio,
2611 2664 2714 2719 illis
2745 2665 2943 2720 dictum
2972 2679 3055 2723 est
3084 2689 3098 2724 :
3128 2670 3231 2726 illis
3260 2684 3441 2730 autem
3471 2679 3661 2733 tribui-

2073 2758 2178 2813 tur,
2227 2759 2283 2803 ut
2329 2749 2382 2804 hi
2436 2754 2535 2805 hoc
2563 2755 2850 2823 excipiant.
2889 2757 3114 2826 Quando
3142 2763 3283 2818 enim
3319 2765 3471 2822 alteri
3501 2769 3657 2825 dixe-

2067 2839 2235 2894 rimus
2259 2841 2400 2910 quod
2427 2842 2578 2897 alteri
2610 2848 2879 2916 congruit,
2911 2866 3015 2904 non
3047 2861 3248 2907 tantum
3281 2855 3428 2911 illum
3470 2875 3656 2916 corre-

2065 2933 2262 2998 ximus,
2297 2945 2558 3003 quantum
2589 2954 2712 2992 eum
2743 2941 2832 3010 qui
2865 2952 2943 2996 est
2975 2959 3117 2999 rens.
3159 2945 3226 3000 Et
3251 2963 3349 3005 vos
3375 2964 3494 3006 cum
3527 2953 3654 3019 illis,

2065 3023 2256 3093 inquit.
2305 3024 2402 3080 llic
2444 3041 2786 3084 communem
2831 3032 3006 3087 effecit
3039 3037 3351 3094 servitutem
3382 3057 3396 3094 :
3429 3043 3658 3101 Scientes

2064 3115 2229 3182 enim,
2264 3116 2453 3186 inquit,
2477 3120 2614 3188 quod
2640 3130 2686 3172 et
2709 3137 2795 3174 tos
2822 3121 3097 3179 Dominum
3127 3128 3319 3185 habetis
3339 3132 3391 3185 in
3421 3135 3566 3189 calo.
3593 3136 3653 3191 2.

2069 3204 2305 3260 Orationi
2333 3207 2539 3275 instate,
2579 3211 2845 3279 vigilantes
2874 3214 2926 3267 in
2956 3231 3015 3268 ea
3043 3217 3095 3270 in
3125 3221 3405 3288 gratiarum
3433 3227 3651 3281 actione.

2063 3296 2196 3351 Nam
2237 3299 2490 3368 quoniam
2522 3303 2751 3357 orationi
2784 3304 2990 3361 instare
3016 3317 3069 3363 et
3099 3309 3149 3364 in
3176 3327 3238 3367 ea
3280 3328 3650 3386 perseverare,

2063 3405 2209 3482 smpe
2238 3391 2415 3446 reddit
2444 3395 2623 3464 pigros
2646 3404 2701 3451 et
2729 3397 2968 3464 ignavos,
3005 3413 3289 3472 propterea
3323 3407 3472 3475 dicit,
3515 3409 3654 3482 Vigi-

2062 3481 2246 3551 lantes,
2273 3483 2374 3538 hoc
2399 3494 2501 3548 est,
2533 3487 2722 3552 sobrii,
2751 3503 2857 3542 non
2887 3502 3140 3561 vagantes
3170 3503 3225 3550 et
3244 3511 3508 3556 errantes.
3539 3481 3652 3560 Scit

2059 3578 2225 3644 enim,
2271 3579 2374 3634 scit
2414 3579 2660 3634 diabolus
2705 3593 2967 3652 quantum
3008 3584 3206 3642 bonum
3237 3591 3308 3644 sit
3348 3594 3553 3660 oratio;
3596 3609 3652 3650 et

2062 3669 2184 3724 ideo
2226 3671 2462 3741 graviter
2493 3674 2654 3726 instat
2686 3690 2700 3728 :
2732 3674 2836 3729 scit
2872 3677 3032 3731 etiam
3077 3680 3270 3736 Paulus
3311 3686 3454 3755 quod
3496 3691 3651 3746 tnulti

2062 3773 2343 3831 precantes
2377 3763 2488 3818 sint
2515 3765 2729 3821 desides
2757 3778 2809 3822 et
2839 3783 3052 3840 segnes.
3084 3772 3445 3840 Quamobrem
3484 3782 3612 3838 dicit
3631 3825 3650 3847 ,

2065 3853 2302 3909 Orationi
2322 3857 2526 3922 instate,
2562 3867 2832 3928 tamquam
2863 3865 2931 3916 de
2960 3879 3018 3918 re
3040 3863 3331 3923 laboriosa.
3375 3871 3652 3943 Vigilautes

2059 3949 2113 4002 in
2141 3965 2200 4001 ea
2229 3949 2278 4002 in
2322 3950 2604 4019 gratiarum
2647 3952 2863 4005 actione.
2911 3953 3041 4020 iloc,
3073 3956 3262 4028 inquit,
3305 3961 3375 4016 sit
3413 3976 3650 4021 vestrum

2060 4058 2258 4096 munus
2286 4053 2340 4096 et
2371 4042 2626 4108 ofﬁcium,
2662 4045 2713 4098 in
2754 4046 3003 4114 precibus
3037 4064 3196 4119 agere
3224 4055 3442 4122 gratias,
3472 4067 3526 4112 et
3553 4075 3651 4128 pro

2059 4133 2360 4190 manifestis
2401 4145 2455 4189 et
2485 4151 2582 4205 pro
2615 4151 2719 4191 non
2752 4137 3071 4206 manifestis,
3101 4153 3157 4197 et
3191 4159 3288 4213 pro
3317 4147 3379 4201 iis
3408 4164 3527 4218 qua:
3557 4167 3652 4204 vo-

2059 4228 2293 4283 lentibus
2331 4237 2385 4282 et
2429 4243 2530 4297 pro
2581 4227 2646 4282 iis
2695 4245 2818 4299 qum
2874 4229 3056 4286 invitis
3104 4233 3389 4306 henefeeit,
3442 4251 3498 4296 et
3553 4257 3651 4312 pro

2057 4335 2225 4389 regno
2266 4329 2321 4374 et
2356 4334 2453 4389 pro
2490 4319 2757 4391 gebenna,
2786 4328 2843 4375 et
2889 4337 2988 4391 pro
3013 4323 3303 4384 alllictione
3343 4339 3399 4385 et
3430 4348 3525 4403 pro
3561 4350 3650 4388 re-

2057 4411 2354 4466 creatione.
2377 4411 2464 4465 Sic
2492 4411 2636 4465 enim
2669 4426 2784 4465 mos
2815 4422 2900 4466 est
2927 4416 3127 4470 sanctis
3155 4432 3336 4486 orare,
3364 4433 3417 4478 et
3446 4427 3657 4495 gratias

2056 4519 2216 4575 agere
2240 4518 2335 4572 pro
2358 4501 2732 4557 communibus
2761 4502 3056 4561 beneﬁciis.

2136 4601 2188 4655 '5.
2241 4596 2353 4652 Viri
2377 4596 2645 4667 cujusdam
2674 4598 2839 4651 sancti
2861 4601 3306 4670 precatio.—Scio
3332 4621 3431 4676 ego
3459 4625 3649 4679 quem-

2057 4691 2180 4748 dam
2210 4691 2384 4745 virum
2414 4699 2658 4745 sanetum
2691 4691 2770 4745 sic
2795 4706 2999 4748 orasse.
3030 4693 3147 4750 Prae
3177 4694 3281 4752 hoc
3318 4701 3484 4755 verbo
3517 4705 3653 4760 nihil

2059 4784 2202 4839 aliud
2243 4783 2478 4850 dicebat,
2523 4796 2684 4854 quam
2717 4801 2730 4838 :
2761 4782 2976 4840 Gratias
3016 4787 3225 4856 agimus
3260 4804 3359 4860 pro
3400 4795 3652 4851 omnibus

2058 4875 2335 4932 beneﬁciis
2367 4874 2492 4941 tuis,
2523 4890 2643 4944 quae
2664 4889 2693 4928 a
2724 4875 2897 4944 primo
2921 4877 3010 4934 die
3036 4893 3205 4950 usque
3230 4881 3298 4937 ad
3325 4897 3650 4952 praesentem
3738 4931 3741 4933 -

2059 4967 2202 5023 diem
2233 4965 2389 5020 nobis
2416 4964 2650 5035 indignis
2679 4974 2804 5020 sunt
2825 4966 3018 5022 collata
3048 4985 3064 5023 :
3095 4985 3192 5040 pro
3215 4971 3279 5026 iis
3308 4989 3427 5044 quae
3450 4978 3649 5035 scimus

2058 5068 2114 5113 et
2158 5057 2449 5123 nescimus,
2497 5071 2599 5126 pro
2645 5058 2970 5126 manifestis,
3024 5076 3122 5131 pro
3177 5079 3284 5118 non
3327 5069 3645 5137 manifestis,

2057 5169 2176 5222 quas
2192 5166 2362 5221 opere
2386 5149 2524 5206 facta
2549 5159 2676 5206 sunt
2697 5163 2751 5207 et
2776 5167 2895 5223 qua:
2919 5169 3188 5222 sermone,
3212 5173 3332 5228 quae
3351 5161 3652 5222 voluntarie

2062 5245 2198 5299 facta
2247 5255 2375 5299 sunt
2415 5255 2469 5299 et
2501 5244 2887 5313 invoiuntarie,
2932 5261 3030 5316 pro
3067 5250 3317 5307 omnibus
3355 5268 3476 5324 qua:
3516 5258 3651 5314 facta

2060 5346 2185 5390 sunt
2218 5335 2373 5390 nobis
2416 5336 2667 5406 indignis,
2717 5351 2814 5406 pro
2852 5336 3253 5406 afﬂictionibus,
3299 5359 3397 5413 pro
3436 5361 3650 5403 recrea-

2063 5429 2316 5493 tionibus,
2354 5443 2454 5497 pro
2497 5429 2782 5498 supplicio,
2823 5445 2920 5499 pro
2953 5446 3121 5500 regno
3162 5433 3437 5490 caelorum.
3475 5437 3653 5510 Roga-

2062 5536 2182 5575 mus
2223 5528 2282 5572 111.
2315 5533 2605 5574 conserves
2633 5520 2870 5574 animam
2904 5531 3140 5576 nostram
3172 5534 3434 5595 sanctam,
3463 5545 3648 5599 puram

2065 5614 2349 5669 habentem
2373 5613 2779 5678 conscientiam,
2807 5613 2964 5669 ﬁnem
2989 5613 3208 5686 dignum
3231 5628 3319 5674 tua
3342 5622 3649 5681 clementia.

2061 5705 2161 5771 Qui
2203 5702 2280 5757 sic
2321 5703 2553 5758 dilexisti
2586 5717 2684 5757 nos
2741 5713 2801 5758 ut
2845 5705 3174 5777 unigenitum
3227 5709 3419 5766 Filium
3467 5715 3648 5782 dares,

2064 5797 2286 5865 dignare
2310 5811 2409 5850 nos
2438 5810 2558 5850 esse
2584 5796 2772 5866 dignos
2800 5798 3024 5854 caritate
3048 5815 3061 5851 :
3103 5800 3168 5855 da
3197 5802 3249 5856 in
3282 5819 3532 5861 sermone
3561 5818 3651 5862 tuo

2067 5886 2407 5959 sapientiam,
2433 5895 2484 5942 et
2510 5887 2561 5941 in
2590 5888 2780 5946 timore
2802 5897 2912 5952 tuo.
2942 5891 3211 5963 unigenite
3239 5894 3466 5960 Christe,
3503 5905 3648 5954 tuam
