4140 6502
396 389 500 444 567

401 512 497 576 Τίς
523 511 697 566 ἐστιν
735 511 805 576 ἐξ
853 504 1027 583 ὑμῶν
1058 513 1394 583 ἅνθρωπος,
1427 516 1501 570 ὃν
1545 517 1658 571 ἐὰν
1710 517 1933 586 αἰτήσῃ
1966 521 1998 572 ὀ

393 602 530 666 υίὸς
583 600 789 671 ἄρτον,
821 601 910 672 μὴ
951 604 1130 658 λίθον
1174 604 1460 659 ἐπιδώσει
1501 607 1706 673 αὺτῷ;
1743 608 1840 661 καί
1886 607 1996 661 ἐὰν

401 690 578 759 ἰχθὺν
591 691 837 760 αἰτήσῃ,
859 691 946 761 μὴ
965 691 1107 762 ὄφιν
1122 693 1404 747 ἐπιδώσει
1429 694 1592 761 αὐτῷ
1606 711 1624 752 :
1640 726 1712 736 —-
1729 699 1796 749 Ol
1812 695 1963 750 πατὲ
1980 728 1994 737 -

388 796 521 847 ρες,
543 779 937 851 μὴιέρεθίζετε
969 781 1042 834 τὰ
1071 781 1258 836 τέκνα
1279 782 1469 852 ὑμῶν,
1510 784 1611 836 ἵνα
1644 783 1731 853 μὴ
1762 783 1996 854 ἀθυμῶ-

400 882 524 920 σιν.
565 869 631 921 Ὃ
664 867 902 940 μάλιστα
944 869 1144 933 αὐτοὺς
1184 870 1302 941 ᾔδει
1333 870 1562 924 δυνατὸν
1593 872 1802 934 δακεῖν,
1838 872 1996 926 τοῦτο

398 955 638 1022 τέθεικε,
688 958 786 1012 καὶ
823 956 1188 1030 φιλικώτερον
1233 956 1387 1012 εἷπεν
1443 961 1755 1014 ἐπιτάττων
1785 961 1993 1024 αὐτοῖς,

401 1046 498 1098 καὶ
529 1045 769 1116 οὐδαμοῦ
808 1047 902 1100 τὸν
935 1047 1070 1101 Θεὸν
1107 1047 1325 1117 τίθησιν
1346 1065 1360 1079 ·
1409 1049 1683 1103 ἐπέκλασε
1725 1050 1836 1121 γὰρ
1868 1052 1998 1113 τοὺς

400 1133 621 1203 γονέας,
653 1135 752 1188 καὶ
783 1134 1140 1205 κατέκαμψεν
1170 1135 1352 1190 αὐτῶν
1384 1137 1453 1191 τὰ
1483 1137 1790 1208 σπλάγχνα.
1820 1139 1896 1191 Τὸ
1913 1139 1992 1199 δὲ,

401 1222 501 1290 Μὴ
532 1221 837 1292 ἐρεθίζετε,
869 1222 1030 1276 τοῦτό
1075 1225 1214 1288 ἐστι,
1244 1225 1336 1296 Μὴ
1389 1224 1865 1298 φιλονεικοτέρους
1898 1229 1998 1281 αὐ-

404 1309 532 1372 τοὺς
596 1312 842 1362 ποιεῖτε·
886 1309 1036 1365 ἐστιν
1083 1311 1220 1365 ὅπου
1277 1313 1374 1366 καὶ
1420 1316 1724 1385 συγχωρεῖν
1781 1314 1998 1384 ὀφείλε-

403 1412 485 1449 τε.
533 1390 672 1451 Είτα
721 1397 814 1450 ἐπὶ
882 1397 1075 1470 τρίτην
1137 1395 1306 1469 ἦλθεν
1346 1401 1557 1474 ἀρχὴν,
1617 1405 1684 1457 Οἱ
1745 1402 1996 1469 δοῦλοι,

403 1482 603 1551 λέγων,
640 1486 983 1540 ὑπακούετε
1009 1486 1137 1552 τοῖς
1163 1493 1316 1542 κατὰ
1336 1491 1539 1557 σάρκα
1576 1491 1829 1558 κυρίοις.
1855 1490 1997 1545 ’Ἑν-

406 1571 582 1625 ταύθα
620 1571 736 1626 ἔστι
775 1574 874 1643 μέν
894 1591 946 1627 τι
975 1575 1072 1628 καὶ
1110 1575 1354 1646 φίλτρον,
1387 1577 1502 1631 ἀλλ’
1525 1579 1713 1632 οὐκέτι
1745 1581 1997 1648 φυσικὸν,

408 1662 662 1733 καθάπερ
700 1663 832 1730 ἀνω,
873 1665 1012 1719 ἀλλά
1051 1665 1367 1737 συνηθείας,
1401 1669 1496 1722 καὶ
1535 1669 1630 1723 ἀπ’
1679 1669 1852 1740 αὐτῆς
1899 1669 1999 1740 τῆς

408 1751 603 1823 ἀρχῆς,
646 1754 740 1806 καὶ
766 1753 875 1807 ἀπὸ
916 1753 1024 1808 τῶν
1055 1753 1253 1826 ἔργων.
1306 1757 1472 1812 Ἐπεὶ,
1514 1753 1608 1812 οὗν
1656 1757 1894 1811 ἐνταῦθα
1940 1757 2000 1810 τὸ

413 1839 514 1908 μὲν
543 1838 636 1892 τοῦ
686 1839 908 1911 φίλτρου
962 1842 1362 1913 ὑποτέτμηται,
1413 1845 1475 1898 τὸ
1506 1845 1562 1898 δὲ
1595 1846 1696 1916 τῆς
1752 1846 2000 1916 ὑπακοῆς

412 1925 754 1992 ἐπιτέταται,
792 1927 970 1999 τούτῳ
999 1930 1351 2002 ἐνδιατρίϐει,
1401 1930 1746 2003 βουλόμενος,
1782 1934 1922 2003 ὅπερ
1951 1934 2000 1986 οἱ

417 2012 626 2082 πρῶτοι
659 2013 875 2086 ἔχουσιν
900 2017 1008 2071 ἀπὸ
1046 2015 1148 2086 τῆς
1183 2018 1424 2088 φύσεως,
1459 2021 1618 2075 τοῦτο
1656 2022 1842 2077 δούναι
1874 2021 2001 2075 τού-

416 2117 531 2165 τοις
561 2103 668 2156 ἀπὸ
701 2105 800 2174 τῆς
831 2104 1100 2177 ὑπακοῆς.
1144 2107 1307 2161 Ὥστε
1348 2110 1447 2180 οὐχ
1483 2110 1626 2182 ὑπὲρ
1661 2110 1772 2164 τῶν
1806 2111 2004 2165 δεσπο-

411 2189 521 2241 τῶν
550 2192 660 2253 τοῖς
693 2191 932 2256 οἰκέταις
966 2195 1149 2265 μόνοις
1183 2196 1518 2266 διαλέγεται,
1549 2198 1692 2252 ἀλλά
1722 2201 1819 2253 καὶ
1856 2199 2000 2270 ὑπὲρ

411 2275 614 2342 αὐτῶν,
647 2276 734 2331 ἵνα
770 2277 1052 2345 ποθεινοὺς
1090 2283 1321 2347 ἑαυτοὺς
1378 2284 1726 2357 ἐργάζωνται
1759 2291 1872 2350 τοῖς
1917 2289 2001 2342 δε-

413 2365 660 2430 σπόταις.
704 2368 843 2422 Ἀλλ’
891 2370 952 2423 οὐ
995 2372 1175 2443 τίθησι
1211 2372 1370 2426 τοῦτο
1395 2375 1648 2446 φανερῶς
1674 2391 1688 2405 ·
1721 2373 1758 2449 ἦ
1799 2377 1907 2450 γὰρ
1937 2377 2004 2432 ἀν

413 2453 638 2518 ὑπτίους
679 2457 880 2522 αὐτοὺς
941 2460 1223 2532 ἐποίησεν.
1259 2465 1323 2516 Οἱ
1373 2461 1606 2528 δοῦλοι,
1649 2467 1836 2536 φησὶν,
1891 2468 2005 2520 ὐπ-

411 2543 662 2597 ακούετε
687 2545 837 2599 κατὰ
860 2546 1057 2600 πάντα
1097 2548 1222 2614 τοῖς
1247 2556 1396 2604 κατά
1427 2550 1626 2617 σάρκα
1655 2555 1907 2621 κυρίοις.

485 2631 550 2700 β’.
573 2633 685 2686 Καὶ
703 2634 803 2705 ὅρα
821 2633 937 2696 πῶς
954 2635 1041 2688 ἀεὶ
1055 2635 1121 2688 τὰ
1137 2636 1378 2706 ὀνόματα
1392 2639 1597 2710 τίθησι,
1617 2642 1919 2710 γυναῖκες,
1932 2644 2006 2697 τὰ

412 2717 618 2781 τέκνα,
637 2723 692 2775 οἱ
714 2721 946 2787 δοῦλοι,
976 2723 1052 2787 ὡς
1077 2724 1355 2796 δικαίωμα
1375 2725 1471 2779 τοῦ
1503 2728 1828 2785 ὑπακούειν.
1865 2729 2004 2783 Ἀλλ’

414 2806 502 2861 ἵνα
531 2807 608 2879 μὴ
631 2808 869 2882 ἁλγήσῃ.
899 2813 1148 2884 ἐπήγαγε
1167 2829 1182 2842 ·
1208 2813 1338 2880 Τοῖς
1357 2816 1506 2870 κατὰ
1531 2816 1730 2884 σάρκα
1753 2819 2004 2887 κυρίοις.

417 2896 492 2949 Τὸ
534 2899 785 2966 κρεῖττόν
817 2917 912 2954 σου
941 2902 974 2971 ἡ
1006 2902 1154 2972 ψυχὴ
1202 2903 1590 2976 ἐλευθέρωται,
1623 2907 1787 2978 φησί·
1833 2909 2004 2980 πρόσ-

418 3001 610 3057 καιρος
640 2989 686 3068 ἡ.
711 2987 949 3042 δουλεία.
1006 2991 1217 3045 Ἐκεῖνο
1245 2992 1428 3046 τοίνυν
1459 2994 1751 3060 ὑπόταξον,
1783 2996 1869 3050 ἵνα
1903 3014 2009 3068 μη-

417 3074 536 3127 κέτι
552 3057 852 3150 ἀνάγκηςῇ
877 3079 910 3151 ἡ
935 3079 1171 3134 δουλεία.
1193 3080 1288 3149 Μὴ
1314 3082 1384 3134 ἐν
1402 3057 2005 3152 ὀφθαλμοδουλείαις,

417 3165 500 3229 ὡς
525 3167 1037 3235 ἀνθρωπάρεσκοι.
1073 3170 1328 3241 Ποίησον,
1355 3172 1510 3241 φησὶ,
1543 3171 1640 3243 τὴν
1669 3173 1779 3226 ἀπὸ
1803 3172 1896 3226 τοῦ
1925 3175 2010 3227 νό-

426 3271 527 3322 μου
561 3255 810 3310 δουλείαν
847 3257 956 3312 ἀπὸ
1001 3258 1096 3312 τοῦ
1129 3258 1297 3328 φόϐου
1329 3259 1579 3328 γίνεσθαι
1612 3261 1708 3313 τοῦ
1746 3263 2009 3332 Χριστοῦ.

426 3339 541 3394 Κᾶν
569 3343 676 3415 γὰρ
708 3346 782 3415 μὴ
810 3344 1046 3415 ὁρῶντος
1076 3346 1284 3400 ἐκείνου
1318 3348 1564 3419 πράττῃς
1595 3348 1664 3401 τὰ
1697 3348 1886 3403 δέοντα
1919 3351 2013 3403 καὶ

423 3429 494 3482 τὰ
525 3431 662 3503 πρὸς
692 3433 858 3505 τιμὴν
887 3433 980 3488 τοῦ
1012 3435 1299 3498 δεσπότου,
1329 3435 1573 3506 δηλονότι
1606 3435 1695 3489 διὰ
1736 3438 1828 3491 τὸν
1857 3437 2015 3491 ἀκοί-

427 3536 599 3592 μητον
623 3523 903 3594 ὀφθαλμὸν
926 3527 1121 3588 ποιεῖς.
1147 3523 1245 3593 Μὴ
1270 3525 1396 3596 κατ’
1426 3525 2010 3596 όφθαλμοδουλείαν,

423 3587 612 3680 φησὶν,
645 3587 726 3678 ῶς
751 3587 1270 3681 ἀνθρωπάρεσκοι.
1292 3587 1645 3684 "hara-6915?;
1672 3614 1772 3686 τὴν
1809 3587 2015 3688 βλάϐην

424 3698 825 3771 ὑποστήσεσθε.
875 3701 1078 3755 Ἀκουε
1109 3701 1220 3772 γὰρ
1245 3701 1340 3755 τοῦ
1387 3701 1679 3776 Προφήτου
1724 3703 2010 3774 λέγοντοςο

424 3789 823 3856 Διεσκόρπισε
859 3790 1079 3859 Κύριος
1107 3790 1260 3844 ὀστᾶ
1294 3791 1838 3861 ἀνθρωπαρέσκων.
1872 3796 2016 3867 Ὅρα

422 3875 605 3928 τοίνυν
638 3877 758 3942 πῶς
804 3879 986 3933 αὐτῶν
1039 3879 1302 3949 φείδεται,
1340 3881 1438 3934 καὶ
1487 3881 1684 3945 αὐτοὺς
1737 3883 2013 3956 ῥυθμίζει.

439 3964 592 4019 Ἅλυν
627 3965 699 4021 ἐν
744 3969 1063 4037 ἁπλότητι,
1106 3969 1261 4040 φησὶ,
1325 3969 1598 4038 καρδίας,
1657 3973 2019 4042 φοϐούμενοι

427 4052 536 4107 τὸν
559 4056 725 4110 Θεόν.
770 4056 977 4110 Ἐκεῖνο
1006 4057 1116 4129 γὰρ
1139 4058 1236 4129 οὐχ
1261 4058 1525 4129 ἁπλότης,
1553 4060 1671 4113 ἀλλ’
1701 4062 2016 4132 ὑπόκρισις,

428 4143 614 4215 ἕτερον
636 4145 780 4217 ἔχειν
803 4160 827 4188 ιι
853 4150 946 4201 καὶ
973 4149 1058 4201 Ξτε
1070 4165 1160 4219 ρον
1190 4151 1362 4202 ποιεῖν
1382 4166 1395 4180 ·
1425 4148 1584 4203 ἀλλον
1621 4150 1721 4220 μὲν
1751 4151 2020 4220 παρόντος

429 4234 721 4300 φαίνεσθαι
754 4236 846 4289 τοῦ
883 4237 1168 4301 δεσπότου,
1212 4237 1373 4290 ἄλλον
1403 4238 1461 4291 δὲ
1510 4238 1766 4302 ἀπόντος.
1810 4241 2020 4293 Οὐκοῦν

428 4323 525 4393 οὐχ
553 4323 740 4388 ἁπλῶς
767 4321 922 4379 εἶπεν
945 4343 958 4356 °
978 4326 1082 4381 Ἐν
1114 4327 1404 4394 ἁπλότητι
1428 4329 1696 4395 καρδίας,
1721 4327 1878 4393 ἀλλὰ,
1908 4331 2020 4382 Φο-

433 4411 711 4480 ϐοὐμενοι
746 4412 851 4467 τὸν
880 4415 1048 4470 Θεόν.
1096 4414 1269 4468 Τοῦτο
1302 4415 1412 4486 γάρ
1446 4415 1564 4468 ἐστι
1602 4415 1889 4484 φοϐεῖσθαι
1929 4417 2021 4470 τὸν

433 4500 586 4564 Θεὸν,
611 4503 739 4556 ὅταν
769 4504 996 4575 μηδενὸς
1012 4505 1270 4578 ὁρῶντος,
1301 4506 1472 4577 μηδὲν
1505 4507 1836 4578 πράττωμεν
1859 4525 2023 4579 πονη-

440 4589 561 4660 ρόν·
607 4590 671 4644 ἂν
714 4593 771 4645 δὲ
812 4593 1167 4666 πράττοιμεν,
1199 4595 1321 4665 οὐχὶ
1364 4595 1458 4648 τὸν
1511 4595 1665 4660 Θεὸν,
1707 4595 1847 4650 ἀλλά
1895 4597 2022 4660 τοὺς

435 4677 759 4749 ἀνθρώπους
785 4681 1119 4753 φοϐούμεθα.
1165 4683 1327 4754 Ὁρᾷς
1357 4685 1445 4736 ὅτι
1466 4682 1708 4746 ἐκείνους
1740 4684 2021 4756 ρνθμίζει;

437 4767 552 4819 Πᾶν
575 4768 602 4820 ὃ
636 4785 687 4820 τι
721 4768 786 4822 ἂν
821 4770 1035 4838 ποιῆτε,
1068 4771 1256 4841 φησὶν,
1293 4773 1356 4824 ὲκ
1383 4771 1560 4842 ψυχῆς
1595 4770 1920 4842 ἐργάζεσθε,
1947 4771 2024 4836 ὡς

436 4854 516 4924 τῷ
549 4857 756 4927 Κυρίῳ,
781 4861 874 4912 καὶ
893 4861 993 4912 οὐκ
1017 4858 1348 4931 ἀνθρώποις.
1371 4862 1445 4913 Οὐ
1474 4860 1634 4929 μόνον
1655 4860 2020 4932 ὑποκρίσεως,

441 4944 578 4997 ἀλλὰ
609 4947 704 4998 καὶ
732 4947 930 5018 ἀργίας
949 4949 1146 5012 αὐτοὺς
1164 4948 1508 5018 ἀπηλλάχθαι
1531 4947 1801 5018 βούλεται.
1843 4948 2026 5002 Ἑλευ-

441 5033 635 5104 θέρους
664 5036 863 5099 αὐτοὺς
895 5037 1152 5106 ἐποίησεν
1187 5037 1310 5090 ἀντὶ
1336 5035 1562 5101 δούλων,
1596 5037 1725 5089 ὃταν
1759 5037 1835 5107 μὴ
1862 5036 2024 5088 δέων-

437 5141 530 5177 ται
566 5124 718 5197 [598]
769 5127 867 5197 τῆς
908 5127 1019 5180 τῶν
1065 5127 1345 5202 δεσποτῶν
1394 5125 1750 5189 ὲπιστασίας’
1793 5127 1855 5178 τὸ
1893 5125 2024 5214 γὲρ,

453 5214 549 5267 Ἐκ
583 5215 814 5284 ψυχῆς,
850 5216 1009 5270 τοῦτό
1049 5218 1194 5278 tau:
1227 5216 1287 5269 τὸ
1326 5215 1443 5286 μετ’
1477 5214 1713 5278 εὐνοίας,
1766 5215 1841 5285 μὴ
1887 5215 2030 5285 μετά

440 5301 698 5373 δουλικῆς
727 5304 993 5376 ἀνάγκης,
1033 5304 1171 5358 ἀλλά
1206 5305 1324 5373 μετ’
1358 5301 1673 5374 ἐλευθερίας
1704 5303 1801 5355 καὶ
1831 5318 2028 5372 προαι-

402 5389 415 5436 ί
446 5390 676 5460 ρέσεως.
707 5392 816 5445 Καὶ
847 5393 931 5456 τίς
958 5395 986 5446 ό
1017 5393 1242 5464 μισθός;
1272 5392 1534 5459 Εἱδότες,
1570 5393 1758 5463 φησὶν,
1791 5389 1882 5443 ὅτι
1911 5387 2030 5444 ἀπὸ

444 5480 668 5546 Κυρίου
692 5479 974 5548 λήψεσθε
1011 5481 1128 5550 τὴν
1157 5481 1576 5536 ἀνταπόδοσιν
1602 5476 1710 5546 τῆς
1738 5482 2034 5545 κληρονο-

441 5568 584 5635 μίας
606 5566 796 5636 ἡμῶν·
825 5568 903 5634 τῷ
928 5569 1039 5639 γὰρ
1067 5570 1260 5637 Κυρίῳ
1279 5567 1656 5623 δουνίεύετεδ.
1677 5566 1886 5621 Οὐκοῦν
1906 5564 2033 5635 παρ’

447 5655 614 5710 αὐτοῦ
652 5655 816 5725 δῆλον
855 5656 942 5709 ὅτι
997 5657 1235 5727 λήψεσθε
1268 5657 1362 5710 τὸν
1416 5655 1628 5728 μισθόν.
1675 5654 1786 5709 Καὶ
1829 5655 1912 5707 ὅτι
1956 5653 2035 5723 τῷ

513 5813 536 5841 ll
573 5801 651 5849 Ἰῗν
675 5803 741 5862 vr?)
768 5800 927 5863 ἔχεινῨ

514 5867 542 5908 Ι»
567 5864 674 5928 Reg
719 5866 985 5916 δουλεύετε.
1014 5866 1108 5914 Καὶ
1135 5866 1221 5929 γάρ
1243 5866 1350 5928 παρ’
1375 5863 1540 5914 αὐτοῦ.

1349 391 1416 447 IN
1459 392 1679 449 EPIST.
1721 394 1811 448 AD
1849 391 2139 450 COLOSS.
2182 397 2334 453 CAP.
2379 395 2469 453 IV.

2535 395 2767 452 ιιοιιιιη
2801 394 2871 450 x.
3579 399 3687 487 τοι

2094 520 2286 590 Κυρίῳ
2320 519 2623 585 δουλεύετε,
2655 519 2814 588 δῆλον
2859 520 2922 571 ἐκ
2969 515 3178 571 τούτου.
3217 516 3280 570 ’0
3326 515 3396 570 δὲ
3438 517 3688 582 ἀδικῶν,

2096 609 2253 676 φησὶ,
2297 608 2606 676 κομίσεται
2637 606 2668 660 ὃ
2703 606 3022 674 ἠδίκησεν.
3059 603 3327 658 Ἐνταῦθα
3364 601 3576 674 βεϐαιοῖ
3597 605 3690 658 τὸν

2095 696 2363 767 πρότερον
2395 696 2578 765 λόγον.
2610 696 2730 749 Ἵνα
2762 696 2873 764 γὰρ
2917 694 2992 767 μὴ
3035 693 3163 764 δόξῃ
3216 693 3510 756 κολακείας
3545 689 3688 747 εἶναι

2094 785 2162 837 τὰ
2200 785 2442 855 ῥήματα,
2477 782 2765 852 Λήψεται,
2807 783 2995 853 φησὶν,
3023 781 3053 834 ὃ
3079 781 3372 850 ἡδίκησε’
3413 780 3686 843 τουτέστι,

2095 873 2191 926 καὶ
2228 872 2501 941 τιμωρίαν
2536 872 2752 924 δίδωσιν
2778 887 2791 899 ·
2834 873 2915 924 Ob
2948 870 3056 939 γὰρ
3097 871 3230 923 ἐστι
3283 871 3688 937 προσωπολη-

2095 963 2210 1033 ψία
2241 963 2401 1029 παρὰ
2430 960 2508 1026 τῷ
2547 961 2690 1025 Θεῷ.
2727 961 2791 1012 Τί
2836 960 2966 1030 γὰρ,
3025 960 3073 1010 εἰ
3122 957 3308 1022 δοῦλος
3339 955 3425 1023 εἷς
3464 957 3564 1010 οὐκ
3603 958 3691 1010 αί-

2099 1051 2292 1123 σχύνῃ.
2329 1050 2439 1103 Καὶ
2499 1050 2606 1120 μὴν
2637 1049 2795 1101 τοῦτο
2851 1047 2990 1118 πρὸς
3022 1056 3045 1083 α
3096 1047 3224 1109 τοὺς
3278 1046 3544 1108 δεσπότας
3579 1043 3689 1098 ἔδει

2098 1142 2293 1200 εἰπεῖν,
2335 1139 2528 1209 ὥσπερ
2558 1138 2654 1191 καὶ
2684 1138 2741 1189 ὲν
2777 1137 2842 1204 τῇ
2876 1133 3014 1203 πρὸς
3065 1133 3372 1200 Ἐφεσίους.
3423 1132 3564 1186 Ἀλλ’
3598 1134 3686 1185 ὲν-

2096 1227 2273 1283 ταῦθά
2296 1245 2386 1298 μοι
2414 1227 2563 1280 δοκεῖ
2582 1226 2707 1287 τοὺς
2733 1223 3010 1288 Ἕλληνας
3043 1221 3380 1274 αἰνίττεσθαι
3400 1221 3685 1284 δεσπότας.

2097 1317 2164 1369 Τί
2194 1316 2324 1387 γὰρ,
2367 1316 2418 1367 εί
2456 1316 2668 1376 ἐκεῖνος
2722 1311 2821 1382 μὲν
2858 1310 3084 1381 Ἕλλην,
3123 1310 3188 1362 σὺ
3228 1308 3286 1362 δὲ
3329 1308 3686 1378 Χριστιανός;

2100 1406 2176 1459 Οὐ
2232 1405 2304 1459 τά
2355 1403 2648 1474 πρόσωπα,
2696 1399 2832 1453 ἀλλά
2877 1398 2946 1452 τὰ
2994 1399 3299 1467 πράγματα
3352 1395 3689 1462 ἐξετάζεται.

2101 1491 2266 1549 Ὥστε
2307 1495 2402 1549 καὶ
2430 1492 2573 1547 οὕτω
2615 1491 2732 1562 μετ’
2751 1489 2988 1552 εὐνοίας,
3019 1488 3115 1542 καὶ
3145 1489 3208 1540 ἐκ
3244 1485 3425 1556 ψυχῆς
3459 1486 3540 1538 δεῖ
3568 1485 3692 1536 ὅου-

2096 1584 2294 1639 λεύειν.
2324 1587 2387 1637 Ol
2417 1583 2632 1650 κύριοι,
2668 1578 2735 1633 τὸ
2767 1578 3006 1632 δίκαιον
3024 1575 3124 1630 καί
3144 1575 3260 1644 τὴν
3291 1576 3542 1643 ἰσότητα
3565 1572 3694 1640 τοῖς

2099 1675 2346 1740 δούλοις
2377 1671 2735 1741 παρέχεσθε.
2783 1668 2849 1720 Τί
2888 1667 2946 1720 δέ
2975 1669 3091 1720 ἐστι
3137 1665 3201 1718 τὸ
3245 1663 3519 1726 δίκαιον;
3545 1661 3601 1716 τί
3634 1660 3691 1714 δέ

2100 1765 2248 1817 ἐστιν
2273 1763 2518 1829 ίσότης;
2544 1758 2772 1814 [Ιάντων
2811 1757 2869 1808 ἐν
2900 1753 3135 1825 ἀφθονίᾳ
3169 1753 3459 1822 καθιστᾷν,
3490 1751 3587 1805 καὶ
3617 1749 3694 1820 μὴ

2099 1852 2195 1923 ὲᾷν
2245 1850 2448 1922 ἐτέρων
2481 1848 2715 1909 δεῖσθαι,
2766 1844 2904 1898 ἀλλά
2955 1841 3284 1914 ἀμείϐεσθαι
3334 1840 3534 1903 αὐτοὺς
3583 1837 3694 1890 τῶν

2101 1939 2302 1995 πόνων.
2333 1938 2426 2009 Μὴ
2460 1936 2590 2008 γὰρ,
2621 1933 2810 2004 ἐπειδὴ
2843 1929 3019 1993 εἶπον,
3044 1930 3126 1984 ὅτι
3161 1928 3313 2000 παρά
3337 1927 3474 1981 Θεοῦ
3507 1927 3693 1998 ἔχουσι

2098 2029 2192 2082 τὸν
2225 2025 2439 2097 μισθὸν,
2480 2022 2568 2076 διὰ
2599 2021 2760 2075 τοῦτο
2789 2021 2853 2074 σὺ
2887 2019 3297 2089 ἀποστερήσῃς.
3340 2015 3604 2087 Ἑτέρωοι
3634 2013 3695 2067 δέ

2102 2134 2288 2188 φησιν,
2331 2112 2618 2178 Ἀνιὲντες
2650 2109 2765 2178 τὴν
2786 2105 3068 2174 ἀπειλὴν,
3102 2103 3491 2176 ἡμερωτέρους
3525 2102 3695 2173 ἐργά-

2103 2203 2302 2259 σασθαι
2345 2199 2668 2272 βουλόμενος
2691 2214 2705 2226 ·
2738 2195 2938 2249 τέλειοι
2968 2194 3077 2264 γὰρ
3103 2189 3245 2264 ἦσαν
3287 2193 3504 2244 ἐκεῖνοι.
3528 2191 3695 2243 Τουτ-

2102 2293 2274 2352 έστιν,
2319 2291 2424 2343 Ἐν
2462 2281 2511 2355 ᾦ
2557 2285 2753 2356 μέτρῳ
2791 2282 3080 2354 μετρεῖτε,
3115 2277 3690 2348 ἀντιμετρηθήσεται

2102 2381 2267 2453 ὑμῖν.
2292 2379 2402 2433 Καὶ
2429 2376 2512 2443 τὸ,
2540 2378 2662 2428 Οὐκ
2692 2374 2826 2427 ἐστι
2853 2367 3362 2440 προσωποληψία,
3406 2365 3545 2453 πρὸς
3568 2362 3697 2453 τού-

2101 2447 2232 2532 τους
2273 2466 2525 2537 εἴρηται·
2571 2463 2751 2516 κεῖται
2782 2460 2840 2513 δὲ
2881 2461 2968 2512 ἐπ’
3012 2456 3263 2520 ἐκείνων,
3305 2454 3395 2508 ῖνα
3438 2447 3586 2506 οὗτοι
3613 2451 3700 2505 δέ·

2104 2557 2328 2625 ξωνται.
2353 2555 2524 2607 Ὅταν
2553 2551 2662 2622 γὰρ
2685 2548 2772 2602 έτέ
2781 2565 2858 2620 ρῳ
2874 2545 3118 2616 ἁρμόζον
3149 2544 3287 2614 πρὸς
3315 2543 3505 2612 ἕτερον
3531 2541 3699 2595 εῖπωο

2108 2664 2230 2720 μεν,
2259 2645 2362 2699 οὐκ
2385 2645 2594 2697 ἐκεῖνον
2625 2637 2906 2700 τοσοῦτον,
2941 2637 3064 2690 ὅσον
3097 2634 3187 2688 τὸν
3217 2631 3522 2686 ὑπεύθυνον
3563 2648 3692 2684 κατα

2103 2719 2466 2807 ωρθώσαμεν.
2512 2731 2624 2785 Καὶ
2670 2730 2827 2799 ὑμεῖς
2876 2724 2994 2796 μετ’
3037 2723 3287 2788 ἐκείνων,
3349 2719 3536 2792 φησίν.
3583 2719 3700 2807 Ἐν-

2104 2805 2280 2879 ταῦθα
2320 2820 2506 2894 κοινὴν
2553 2817 2779 2888 ἐποίησε
2820 2814 2919 2886 τὴν
2945 2811 3192 2867 δουλείαν
3217 2826 3233 2841 °
3273 2808 3518 2873 Είδότες
3563 2805 3696 2877 γὰρ,

2108 2915 2295 2986 φησὶν,
2332 2913 2420 2966 ὅτι
2473 2910 2574 2964 καὶ
2618 2907 2787 2978 ὑμεῖς
2816 2905 2988 2975 ἔχετε
3035 2903 3258 2971 Κύριον
3299 2900 3369 2954 ἐν
3394 2895 3699 2986 οὐρανοῖς.

2113 2984 2192 3074 Τῇ
2225 2997 2541 3071 προσευχῇ
2588 2990 3106 3066 προσκαρτερεῖτε,
3141 2987 3581 3059 γρηγοροῦντες
3631 2984 3704 3037 ἐν

2109 3091 2266 3161 αὐτῇ
2288 3091 2360 3145 ἐν
2392 3085 2769 3157 εὐχαριστίᾳ.
2804 3079 3030 3152 Ἐπειδὴ
3060 3079 3168 3150 γὰρ
3214 3078 3277 3131 τὸ
3321 3077 3612 3150 καρτερεῖν
3643 3075 3705 3125 ὲν

2109 3183 2231 3244 ταῖς
2260 3180 2449 3250 εὐχαῖς
2473 3175 2740 3247 ῥᾳθυμεῖν
2771 3169 3034 3234 πολλάκις
3057 3168 3225 3235 ποιεῖ,
3253 3165 3342 3220 διὰ
3367 3163 3526 3218 τοῦτό
3545 3177 3700 3232 φησι·

2115 3266 2599 3339 Γρηγοροῦντες,
2624 3260 2898 3323 τουτέστι,
2927 3259 3211 3328 νήφοντες,
3243 3256 3318 3326 μὴ
3348 3252 3702 3339 ῥεμϐόμενοι.

2114 3337 2404 3427 Οίδενγὰρ,
2453 3349 2595 3406 οἶδεν
2629 3353 2658 3404 ό
2697 3347 2947 3410 διάϐολος
2991 3347 3117 3399 ὅσον
3163 3342 3366 3412 ἀγαθὸν
3402 3340 3572 3412 εὐχή’
3621 3337 3706 3392 διὸ

2117 3445 2290 3518 βαρὺς
2325 3442 2592 3512 ἔγκειται.
2631 3435 2752 3492 Οἵδε
2796 3437 2853 3490 δὲ
2903 3435 2999 3487 καὶ
3030 3432 3242 3494 Παῦλος
3276 3430 3395 3493 πῶς
3434 3427 3706 3518 ἀκηδιῶσι

2118 3512 2306 3586 πολλοὶ
2350 3530 2677 3601 εὐχόμενοι·
2733 3523 2816 3578 διό
2866 3538 3023 3594 φησι,
3072 3515 3578 3589 Προσκηρτερεῖτε
3628 3512 3706 3583 τῇ

2117 3617 2457 3690 προσευχῇ,
2489 3616 2564 3679 ὼς
2595 3613 2722 3686 περί
2751 3628 2896 3674 τινος
2939 3609 3223 3662 ἐπιπόνου.
3255 3602 3708 3674 Γρηγοροῦντες

2115 3711 2186 3765 ἐν
2207 3707 2385 3776 αὐτῇ,
2428 3707 2499 3760 ἐν
2525 3701 2901 3772 εὐχαριστίᾳ.
2937 3698 3110 3751 Τοῦτο
3152 3696 3283 3768 γὰρ,
3322 3692 3510 3765 φησὶν,
3545 3691 3709 3760 ἔργον

2119 3797 2274 3871 ὑμῶν
2323 3795 2485 3862 ἔστω,
2538 3795 2596 3846 ὲν
2631 3793 2750 3854 ταῖς
2798 3788 2984 3858 εὐχαῖς
3040 3784 3384 3856 εὐχαριστεῖν
3431 3781 3532 3871 καὶ.
3570 3780 3711 3871 ὑπὲρ

2117 3861 2227 3942 τῶν
2258 3884 2514 3956 φανερῶν
2559 3881 2653 3934 καὶ
2688 3878 2830 3948 ὑπὲρ
2878 3875 2989 3929 τῶν
3033 3871 3277 3942 ἀφανῶν,
3314 3871 3410 3956 καὶ
3445 3869 3584 3940 ὑπὲρ
3633 3861 3712 3920 ὧν

2121 3955 2351 4038 ἑκόντας
2385 3973 2478 4026 καὶ
2511 3970 2652 4042 ὑπὲρ
2681 3961 2758 4021 ὧν
2785 3968 3020 4027 ἄκοντας
3045 3961 3301 4032 εποίησεν
3333 3955 3417 4023 εὖ,
3445 3959 3540 4012 καὶ
3568 3957 3712 4027 ὑπὲρ

2124 4063 2405 4138 βασιλείας
2435 4061 2532 4114 καὶ
2575 4058 2716 4127 ὑπὲρ
2742 4055 2992 4124 γεέννης,
3028 4053 3124 4106 καὶ
3161 4051 3305 4122 ὑπὲρ
3353 4045 3712 4138 θλίψεωςᾈκαὶ

2123 4135 2266 4223 ὑπὲρ
2299 4151 2560 4211 ἀνέσεως.
2604 4145 2763 4199 Οὕτω
2788 4143 2898 4214 γὰρ
2933 4143 3054 4204 ἔθος
3079 4143 3192 4202 τοῖς
3217 4139 3392 4206 ἁγίοις
3429 4135 3710 4207 εὔχεσθαι,

2123 4242 2218 4297 καὶ
2244 4239 2384 4309 ὑπὲρ
2412 4237 2522 4290 τῶν
2552 4233 2748 4288 κοινῶν
2777 4228 3112 4301 εὐεργεσιῶν
3141 4227 3511 4298 εὐχαριστεῖν.

2193 4335 2264 4398 γ’.
2282 4323 2414 4380 Οἶδα
2436 4321 2546 4392 ἐγώ
2563 4338 2688 4375 τινα
2700 4320 2853 4388 ἆγιον
2876 4317 3045 4386 ἄνδρα
3067 4314 3239 4377 οὕτως
3265 4312 3579 4383 εὐχόμενον.
3607 4310 3712 4364 Οὐ-

2123 4418 2209 4472 δὲν
2232 4413 2339 4484 πρὸ
2362 4415 2551 4466 τούτου
2569 4409 2662 4464 τοῦ
2693 4409 2939 4479 ῥήματος
2958 4405 3164 4473 ἔλεγεν,
3201 4401 3316 4456 ἀλλ’
3337 4403 3440 4456 ὅτι.
3473 4400 3545 4454 Εὐ
3554 4417 3647 4470 χαρ
3664 4417 3714 4453 ι-

2127 4503 2362 4575 στοῦμεν
2392 4501 2534 4572 ὑπὲρ
2574 4496 2767 4551 πασῶν
2812 4495 2922 4548 τῶν
2963 4491 3293 4565 εὐεργεσιῶν
3343 4509 3438 4544 σου
3487 4488 3597 4543 τῶν
3650 4490 3716 4543 ἐκ

2131 4593 2354 4668 πρώτης
2390 4588 2607 4660 ἡμέρας
2639 4586 2801 4657 μέχρι
2831 4584 2932 4654 τῆς
2961 4583 3249 4654 παρούσης
3291 4581 3369 4668 eis
3408 4580 3558 4650 ἡμᾶς
3587 4579 3717 4639 τοὺς

2131 4662 2283 4758 [399]
2313 4662 2569 4744 ἀναξίους
2617 4671 3079 4743 ἐπιδεικνυμένων
3102 4688 3116 4701 ⁸
3146 4670 3285 4758 ὑπὲρ
3323 4662 3399 4758 ῶν
3435 4668 3593 4758 ἴσμεν
3609 4668 3716 4758 καὶ

2127 4754 2230 4826 οὐκ
2273 4770 2455 4839 ίσμεν,
2491 4764 2635 4836 ὑπὲρ
2663 4763 2773 4816 τῶν
2813 4759 3089 4830 φανερῶν,
3125 4757 3267 4827 ὑπὲρ
3300 4756 3407 4809 τῶν
3447 4754 3698 4823 ἀφανῶν,

2130 4861 2241 4915 τῶν
2267 4860 2322 4911 ὲν
2358 4856 2506 4927 ἔργῳ
2552 4851 2891 4924 γενομένων,
2919 4848 3028 4902 τῶν
3070 4850 3128 4900 ὲν
3162 4846 3325 4915 λόγῳ,
3360 4843 3471 4896 τῶν
3510 4842 3714 4906 ἑκοντὶ,

2129 4949 2240 5004 τῶν
2269 4945 2489 5000 ἀκοντί’
2531 4941 2722 4996 πασῶν
2749 4939 2858 4992 τῶν
2890 4939 2971 5001 είς
3007 4937 3133 4998 τούς
3163 4932 3416 4998 ἀναξίους
3446 4931 3592 5000 ἡμᾶς
3620 4946 3719 4996 γε-

2131 5033 2448 5105 γενημένων
2471 5047 2484 5059 ·
2526 5030 2666 5099 ὑπὲρ
2696 5027 2952 5097 θλίψεων,
2990 5024 3130 5096 ὑπὲρ
3166 5020 3428 5084 ἀνέσεων,
3455 5017 3596 5087 ὑπὲρ
3622 5017 3723 5086 τῆς

2132 5104 2380 5193 γεέννης,
2417 5119 2560 5190 ὑπὲρ
2610 5117 2712 5186 τῆς
2758 5115 3056 5176 κολάσεως,
3109 5111 3252 5180 ὑπὲρ
3290 5108 3568 5179 βασιλείας
3613 5104 3724 5193 τῶν

2135 5191 2195 5267 οὐ
2205 5191 2403 5282 ρανῶν.
2431 5203 2870 5290 Παρακαλοῦμέν
2895 5218 2954 5253 σε
2972 5198 3219 5290 φυλάξαι
3238 5199 3336 5290 τὴν
3359 5196 3539 5290 ψυχήν
3563 5191 3724 5290 ἡμῶν

2136 5300 2321 5368 ἁγίαν,
2355 5292 2605 5364 καθαρὰν
2631 5289 2938 5360 συνείδησιν
2967 5288 3221 5358 ἔχουσαν,
3254 5284 3406 5348 τέλος
3451 5283 3601 5348 ἀξιον
3626 5283 3727 5368 τῆς

2139 5367 2555 5456 φιλανθρωπίας
2595 5395 2711 5432 σου.
2782 5377 2841 5430 '0
2898 5376 3196 5446 ἀγαπήσας
3247 5373 3396 5442 ἡμᾶς
3440 5370 3582 5424 ὥστε
3632 5367 3728 5420 τὸν

2139 5471 2420 5542 Μονογενῆ
2456 5487 2550 5523 σου
2580 5466 2763 5520 δοῦναι
2790 5465 2931 5535 ὑπὲρ
2954 5463 3133 5535 ἡμῶν,
3167 5461 3508 5528 καταξίωσον
3537 5457 3726 5522 ἀξίους

2141 5562 2394 5632 γενέσθαι
2420 5559 2518 5628 τῆς
2544 5558 2642 5628 σῆς
2660 5555 2880 5625 ἀγάπης
2906 5567 2920 5582 ’
2938 5552 3024 5615 δὸς
3051 5554 3108 5605 έν
3132 5549 3209 5621 τῷ
3225 5549 3367 5620 λόγῳ
3389 5564 3482 5600 σου
3513 5543 3727 5613 σοφίαν,

2143 5653 2237 5706 καὶ
2271 5653 2328 5704 έν
2350 5648 2428 5720 τῷ
2458 5646 2608 5718 φόϐῳ
2652 5662 2766 5708 σου,
2809 5640 3094 5712 μονογενὲς
3143 5638 3368 5710 Χριστὲ,
3423 5635 3732 5708 ἕμπνευσον

2204 5857 2225 5886 ⁸
2255 5851 2548 5915 Ρτιιιροεὶιὶο
2573 5862 2633 5900 ex
2656 5847 2796 5899 codd.
2825 5846 3014 5909 adjecta
3041 5848 3135 5895 est.
3161 5841 3294 5894 Ευιτ.
