4140 6564
410 457 522 515 360

416 571 576 644 ἰσχὺν
624 568 723 637 τὴν
771 568 922 638 παρά
974 566 1069 622 σοῦ
1097 584 1112 598 ⁸
1158 567 1188 620 6
1222 564 1315 620 τὸν
1366 565 1649 635 Μονογενῆ
1698 564 1824 628 δοὺς
1859 565 2001 635 ύπέρ

422 658 597 727 ημῶν,
626 657 719 710 καὶ
754 656 816 708 τὸ
848 654 1073 725 Πνεῦμα
1098 670 1193 707 σου
1222 652 1285 705 τὸ
1319 651 1474 719 ἀγιον
1504 652 1894 718 ἐξαποστείλας
1923 652 2004 715 είς

414 746 610 813 ἄφεσιν
656 742 767 796 τῶν
805 740 1090 813 ἡμετέρων
1134 738 1440 812 ἁμαρτιῶν,
1500 738 1555 792 cf
1594 756 1646 794 τι
1706 740 1925 803 ἐκόντες
1969 738 2003 810 ἦ

415 822 641 895 ἀκόντες
670 831 1014 902 ἡμάρτομεν,
1064 828 1444 900 συγχώρησον,
1495 828 1592 883 καὶ
1645 828 1720 900 μὴ
1766 828 1962 902 λογίσῃ
1986 843 2002 858 ⁸

420 919 693 990 μνήσθητι
730 918 951 971 πάντων
984 916 1096 970 τῶν
1122 916 1573 984 ἐπικαλουμένων
1608 915 1671 969 τὸ
1694 915 1871 985 ὄνομά
1905 932 2002 968 σου

417 1008 476 1059 ἐν
505 1004 762 1076 ἀληθείᾳ·
796 1004 1070 1077 μνήσθητι
1098 1005 1322 1059 πάντων
1349 1004 1461 1058 τῶν
1489 999 1576 1070 εὖ,
1612 1004 1708 1058 καὶ
1743 1002 2009 1059 τάναντία

416 1095 551 1163 ἡμῖν
583 1093 877 1146 θελόντων’
923 1094 1121 1151 πάντες
1166 1092 1276 1163 γάρ
1307 1091 1588 1164 ἄνθρωποί
1636 1092 1828 1161 ἐσμεν.
1874 1085 2009 1145 Εἶτα

329 1228 334 1232 .
417 1179 630 1243 ἐπιθεὶς
658 1182 757 1250 τὴν
778 1178 944 1250 εὐχὴν
967 1179 1075 1232 τῶν
1108 1179 1339 1241 πιστῶν,
1372 1177 1610 1232 ἐνταῦθα
1644 1179 1903 1240 ἐπαύετο,
1932 1177 2009 1241 ὡς

418 1268 691 1341 κορωνίδα
717 1269 842 1320 τινά
863 1249 958 1320 καὶ
977 1267 1275 1337 σύνδεσμον
1298 1266 1445 1336 ύπέρ
1474 1266 1692 1320 πάντων
1708 1249 1816 1337 τὴν
1844 1264 2010 1335 εὐχὴν

420 1356 812 1440 ποιησάμενος.
859 1353 1039 1408 Πολλά
1068 1356 1175 1425 γάρ
1215 1356 1362 1425 ἡμᾶς
1393 1355 1422 1407 6
1469 1353 1603 1417 Θεὸς
1634 1354 1730 1407 καὶ
1775 1353 2011 1417 ἄκοντας

421 1440 482 1497 εὖ
518 1447 695 1497 ποιεῖ’
738 1443 909 1496 πολλά
941 1442 1051 1512 γάρ
1091 1444 1185 1495 καὶ
1215 1442 1315 1494 ούκ
1352 1441 1587 1505 είδότας,
1625 1444 1721 1496 καῖ
1756 1442 2007 1511 μείζονα.

424 1533 594 1585 Ὅταν
625 1532 736 1603 γάρ
766 1532 1028 1585 τάναντία
1067 1529 1380 1600 εὐχώμεθα,
1428 1529 1591 1593 αὐτὸς
1638 1530 1696 1583 δὲ
1748 1531 2013 1584 τάναντία

423 1619 577 1687 ποιῇ,
621 1617 783 1684 δῆλον
820 1618 901 1669 ὅτι
929 1616 1022 1669 καὶ
1050 1616 1151 1668 οὐκ
1180 1614 1389 1679 εἰδότας
1436 1610 1497 1667 εὖ
1539 1615 1703 1667 ποιεῖ.
1738 1617 2012 1681 Προσευ-

422 1705 667 1773 χόμενοι
699 1704 820 1773 ἅμα
843 1704 939 1757 καί
969 1702 1103 1771 περὶ
1134 1700 1326 1771 ἡμῶν.
1359 1701 1499 1772 Ὀρα
1525 1701 1627 1772 τὴν
1647 1718 2013 1773 ταπεινοφρο-

425 1790 615 1861 σύνην,
659 1790 776 1861 μετ’
833 1791 1080 1854 ἐκείνους
1132 1789 1325 1843 ἐαυτὸν
1359 1789 1599 1859 τίθησιν.
1624 1789 1754 1844 Ἵνα
1800 1792 1834 1843 ό
1867 1789 2014 1856 Θεὸς

421 1878 639 1947 ἀνοίξῃ
665 1877 809 1949 ἡμῖν
831 1878 1023 1945 θύραν
1038 1877 1144 1931 τοῦ
1167 1876 1377 1945 λόγου,
1401 1874 1678 1945 λαλῆσαι
1702 1876 1769 1929 τὸ
1784 1875 2017 1947 μυστή·

416 1960 558 2037 ριον
599 1966 704 2021 τοῦ
747 1964 1030 2033 Χριστοῦ.
1074 1964 1292 2018 Εῖσοδόν
1325 1981 1459 2034 φησι
1514 1965 1611 2018 καὶ
1668 1964 2012 2037 παρρησίαν.

426 2053 596 2106 Βαόαί
621 2055 634 2107 !
665 2054 692 2105 6
719 2052 956 2124 ἀθλητὴς
985 2053 1015 2105 6
1041 2051 1294 2115 τοσοῦτος
1333 2052 1434 2104 οὐκ
1460 2045 1648 2118 εἶπεν,
1684 2051 1807 2106 Ἵνα
1836 2050 2016 2105 ἀπαλ-

421 2140 575 2210 λαγῶ
607 2140 717 2193 τῶν
757 2140 998 2211 δεσμῶν,
1044 2139 1184 2193 ἀλλά
1227 2138 1450 2209 δέσμιος
1482 2136 1559 2193 ῶν
1601 2139 1827 2210 ἐτέρους
1873 2154 2016 2209 παρ-

423 2231 612 2285 εκάλει
635 2273 652 2297 ,
687 2217 784 2284 καὶ
819 2229 1121 2301 παρεκάλει
1175 2227 1270 2282 ἐπὶ
1302 2227 1590 2299 πράγματι
1648 2230 1893 2300 μεγάλῳ,
1928 2228 2018 2281 ἴνα

427 2317 743 2391 παρρησίαν
764 2316 929 2391 λάϐῃ.
971 2316 1054 2370 Τά
1085 2314 1181 2368 δύο
1218 2315 1452 2387 μεγάλα,
1485 2315 1582 2369 καὶ
1614 2318 1648 2387 ἡ
1677 2317 1902 2386 ποιότης
1921 2315 2016 2370 τοῦ

425 2404 741 2477 προσώπου,
790 2406 884 2457 καὶ
926 2405 960 2474 ή
1002 2401 1097 2455 τοῦ
1151 2402 1496 2473 πράγματος.
1548 2403 1757 2458 Βαὸαίε
1796 2405 1919 2458 ὅσον
1958 2403 2019 2457 τὸ

425 2492 666 2563 ἀξ”ωμα.
704 2494 774 2546 Τὸ
789 2489 1153 2561 μυστήριον,
1182 2492 1340 2560 φησὶ,
1367 2491 1474 2546 τοῦ
1500 2491 1781 2559 Χριστοῦ.
1800 2492 2021 2544 Δείκνυ-

429 2598 534 2646 σιν,
552 2581 635 2635 ὅτι
657 2579 808 2632 οὐδὲν
827 2579 978 2648 αύτῷ
995 2576 1186 2630 τούτου
1214 2577 1612 2650 ποθεινότερον,
1644 2579 1738 2633 τοῦ
1763 2579 2018 2649 λαλῆσαι.

426 2671 508 2722 Δι’
543 2666 575 2721 6
612 2668 710 2721 καὶ
748 2667 1011 2736 δέδεμαι,
1043 2666 1145 2719 ἵνα
1174 2665 1503 2736 φανερὼσω
1529 2667 1699 2729 αὐτὸ,
1730 2667 1812 2733 ὡς
1834 2665 1931 2719 δεῖ
1942 2683 2021 2737 με

424 2757 719 2826 λαλῆσαι.
751 2757 908 2812 Μετά
945 2756 1169 2828 πολλῆς,
1210 2757 1365 2828 φησι,
1409 2756 1513 2827 τῆς
1554 2758 1895 2828 παρρησίας,
1928 2756 2023 2810 καὶ

429 2847 597 2917 μηδὲν
652 2844 1138 2915 ὑποστειλάμενον.
1205 2843 1406 2916 Ὁρᾷ-ς,
1464 2838 1539 2898 τά
1566 2843 1744 2916 δεσμὰ
1795 2846 2023 2916 φανεροῖ

426 2936 615 2995 αὑτὸν,
653 2935 712 2989 ού
751 2932 1056 2998 συσκιάζει.
1088 2933 1246 2987 Μετὰ
1280 2932 1505 3003 πολλῆς,
1546 2934 1701 3004 φησὶ,
1734 2931 1838 3002 τῆς
1880 2934 2024 3004 παῤ-

432 3024 651 3095 ρησίας.
699 3023 836 3076 Είπέ
873 3040 984 3095 μοι,
1020 3023 1084 3076 σὺ
1127 3023 1364 3083 δέδεσαι,
1398 3022 1496 3076 καὶ
1532 3022 1727 3085 ἄλλους
1767 3038 2024 3093 παρακα-

429 3112 575 3177 λεῖς;
617 3112 747 3172 Ναὶ,
786 3111 951 3182 φησί·
988 3110 1218 3181 μείζονά
1252 3129 1345 3183 μοι
1385 3111 1703 3183 παρρησίαν
1740 3109 1926 3163 δίδωσι
1951 3107 2022 3162 τά

429 3202 635 3273 δεσμά·
672 3201 809 3255 ἀλλὰ
859 3200 1051 3270 δέομαι
1092 3201 1195 3271 τῆς
1249 3201 1343 3254 τοῦ
1390 3200 1528 3254 Θεοῦ
1574 3199 1783 3270 ῥοπῆς·
1815 3200 2027 3270 ηκουσα

432 3292 541 3363 γὰρ
557 3288 651 3344 τοῦ
678 3287 916 3358 Χριστοῦ
929 3288 1182 3357 λέγοντος
1197 3305 1211 3320 ⁸
1240 3288 1433 3342 ”Οταν
1452 3284 1826 3357 παραδιδῶσι
1845 3283 2024 3354 ὑμᾶς,

427 3377 516 3450 μὴ
542 3376 943 3447 μεριμνήσετε
976 3374 1105 3442 πῶς
1123 3377 1160 3445 ἢ
1186 3376 1244 3429 τί
1265 3374 1604 3442 λαλήσητε.
1633 3374 1747 3427 Καὶ
1775 3374 1877 3443 ὅρα
1907 3372 2026 3437 πῶς

436 3464 822 3538 μεταφορικῶς
843 3458 1019 3516 εἶπεν·
1046 3464 1180 3518 Ἵνα
1205 3465 1238 3516 ό
1266 3461 1412 3529 Θεὸς
1431 3461 1648 3529 ἀνοίξῃ
1666 3461 1813 3530 ἡμῖν
1838 3461 2028 3528 θύραν

433 3555 545 3610 τοῦ
570 3555 758 3623 λόγου
778 3569 794 3584 ⁸
830 3554 974 3622 Ὅρα
1007 3551 1125 3614 πῶς
1151 3552 1356 3621 ἀτυφός
1386 3554 1525 3615 ἐστι,
1560 3552 1659 3606 καὶ
1690 3552 1809 3616 πῶς
1841 3550 2027 3615 ἐντοῖς

434 3645 655 3713 δεσμοῖς
684 3642 760 3694 ὣν
792 3635 1028 3694 ταπεινά
1053 3639 1385 3707 φθέγγεται·
1423 3638 1727 3705 τούτεστιν,
1763 3639 1883 3692 Ἵνα
1919 3654 2018 3709 μα·

434 3732 572 3804 λάξη
591 3731 687 3796 τὰς
705 3729 935 3800 καρδίας
967 3728 1170 3785 αὐτῶν.
1193 3730 1310 3783 Ούκ
1338 3724 1493 3783 εἶπεν
1525 3728 1721 3794 οὓτως,
1753 3727 1894 3791 ἀλλ’,
1912 3728 2030 3781 ”Ινα

434 3822 570 3892 ἡμῖν
603 3817 921 3891 παρρησίαν
966 3816 1064 3886 δῷ,
1108 3816 1555 3888 ταπεινοφρονῶν
1606 3815 1783 3879 οὕτως
1812 3815 2027 3887 εἴρηκε,

438 3909 537 3964 καὶ
581 3906 740 3961 τοῦτο
788 3906 927 3975 ὅπερ
984 3900 1154 3974 εἶχεν,
1191 3905 1334 3971 ἀξιοῖ
1382 3905 1592 3960 λαὸεῑν.
1647 3904 1931 3959 Δείκνυσιν
1971 3907 2029 3957 ἐν

428 3995 613 4069 ’ταύτῃ
639 3997 706 4066 τῇ
748 3993 1036 4064 Ἐπιστολῇ
1061 3993 1150 4047 διά
1176 3993 1229 4047 τί
1262 3995 1384 4048 τότε
1417 3995 1520 4047 ούκ
1548 3989 1714 4065 ἦλθεν
1745 3994 1773 4047 6
1794 3993 2031 4065 Χριστὸς

441 4103 524 4175 τῷ
557 4103 718 4155 σκιὰν
744 4103 931 4154 ἐκεῖνα
962 4100 1196 4154 καλέσαι
1220 4117 1235 4131 ⁸
1276 4099 1348 4155 Τὸ
1389 4099 1460 4155 δὲ
1497 4098 1690 4170 σῶμα,
1732 4101 1888 4170 φησὶ,
1921 4098 2030 4154 τοῦ

438 4203 725 4273 Χριστοῦ.
752 4203 916 4256 Ὥστε
942 4201 1048 4255 ἔδει
1070 4203 1129 4255 ἐν
1157 4204 1224 4272 τῇ
1257 4204 1385 4271 σκιᾷ
1414 4200 1721 4274 ἐθισθῆναι.
1749 4202 1905 4273 Ἀμα
1933 4202 2031 4256 καῖ

386 4364 391 4370 ,
438 4310 540 4381 τῆς
569 4309 792 4380 ἀγάπης
815 4307 920 4379 τῆς
959 4309 1041 4372 εἰς
1072 4307 1273 4371 αὐτοὺς
1297 4305 1454 4379 [400]
1491 4305 1750 4377 μέγιστον
1773 4308 2029 4375 ἐμφαίνει

438 4416 741 4488 τεκμήριον
759 4431 773 4445 ⁸
805 4415 924 4469 ’Ὶνα
950 4414 1129 4485 ὑμεῖς,
1156 4415 1342 4485 φησὶν,
1377 4413 1669 4485 ἀκούσητε·
1700 4412 1842 4483 Ἐγὼ
1861 4412 1917 4467 δὲ
1946 4413 2032 4467 δέο

439 4517 623 4589 δεμαι.
656 4515 827 4569 Πάλιν
860 4513 946 4567 τὸν
974 4514 1173 4584 δεσμὸν
1202 4514 1283 4577 εἰς
1321 4514 1486 4585 μέσον
1523 4513 1762 4584 τίθησιν,
1793 4507 1856 4567 οῦ
1894 4513 2029 4582 σφό-

439 4604 546 4675 δρα
595 4601 727 4675 ἐρῶ,
772 4602 830 4665 6;
878 4591 1183 4671 διανίστησί
1217 4619 1320 4671 μου
1369 4602 1468 4673 τὴν
1516 4602 1763 4673 καρδίαν,
1802 4603 1894 4657 καὶ
1942 4601 2033 4654 ἀεέ

441 4692 524 4755 είς
553 4690 847 4762 ἐπιθυμίαν
881 4689 1007 4759 ἄγει
1035 4689 1131 4742 τοῦ
1173 4690 1266 4742 τὸν
1311 4689 1522 4742 Παῦλον
1558 4689 1847 4760 δεδεμένον
1879 4688 2028 4754 ἰδεῖν,

440 4781 537 4833 καὶ
557 4781 615 4834 ἐν
632 4780 852 4849 δεσμοῖς
881 4778 1185 4849 γράφοντα,
1216 4777 1313 4831 καί
1334 4776 1694 4848 κηρύττοντά,
1728 4776 1823 4830 κοιλ⁵
1842 4775 2033 4847 βαπτί-

442 4866 628 4933 ζοντα,
663 4868 761 4920 καὶ
789 4864 1155 4936 κατηχοῦντα.
1201 4865 1375 4936 ’Υπὲρ
1396 4865 1505 4919 τῶν
1551 4864 1892 4935 Ἐκκλησιῶν
1924 4863 2032 4917 τῶν

445 4952 764 5026 ἁπανταχοῦ
805 4954 1106 5025 ἀνεφέρετο
1132 4952 1280 5023 αὐτῷ
1309 4953 1604 5023 δεδεμένῳ,
1631 4952 1801 5024 μυρία
1836 4953 2034 5025 ᾠκοδό-

445 5060 539 5114 μει
568 5041 872 5112 δεδεμένος.
906 5041 1042 5094 Τότε
1069 5040 1291 5105 εὖλυτος
1324 5041 1524 5112 μᾶλλον
1566 5035 1656 5112 ἦν.
1693 5042 1894 5095 ’Δκουε
1921 5042 2033 5115 γὰρ

446 5129 613 5186 αὑτοῦ
647 5129 918 5198 λέγοντος·
960 5129 1142 5183 Ὥστε
1183 5128 1330 5196 τοὺς
1377 5129 1669 5194 ,πλείονας
1703 5128 1821 5182 τῶν
1849 5128 2030 5184 ἀδελ-

447 5216 578 5289 φῶν
606 5219 967 5283 πεποιθότας
990 5215 1115 5283 τοῖς
1145 5215 1394 5286 δεσμοῖς
1420 5234 1542 5285 μου
1588 5215 2034 5285 περισσοτέρως

447 5303 681 5375 τολμᾷν
708 5305 949 5374 ἀφόϐως
982 5303 1089 5356 τὸν
1125 5305 1316 5374 λόγον
1352 5301 1590 5358 λαλεῖν.
1645 5303 1756 5356 Καὶ
1789 5303 1952 5366 αὐτὸς
1976 5302 2034 5356 δὲ

449 5394 613 5448 πάλιν
653 5391 811 5445 τοῦτο
855 5391 1108 5462 ὁμολογεῖ
1149 5391 1345 5459 λέγων·
1389 5391 1572 5444 Ὅταν
1617 5391 1726 5461 γὰρ
1772 5389 2029 5454 ἀσθενῶ,

450 5484 586 5535 τότε
621 5479 876 5544 δυνατός
907 5481 1041 5549 ειμι.
1081 5478 1182 5533 Διὰ
1208 5478 1366 5533 τοῦτο
1395 5479 1490 5533 καὶ
1537 5478 1726 5545 ἔλεγεν
1746 5494 1759 5507 ⁸
1791 5477 1955 5533 Ἀλλ’
2001 5480 2036 5532 ό

450 5567 634 5636 λόγος
655 5566 764 5620 τοῦ
803 5566 950 5620 Θεοῦ
991 5569 1063 5622 οὐ
1099 5566 1353 5622 δέδεται.
1397 5566 1710 5636 Ἐδεσμεῖτο
1743 5564 1880 5636 μετά
1926 5565 2035 5618 τῶν

451 5647 798 5718 κακούργων,
835 5648 973 5719 μετά
1009 5650 1118 5703 τῶν
1147 5650 1465 5722 δεσμωτῶν,
1521 5650 1660 5722 μετὰ
1696 5650 1805 5703 τῶν
1848 5649 2035 5720 ἀνδρο-

453 5735 659 5803 φόνων·
699 5738 728 5789 6
770 5737 870 5806 τῆς
912 5737 1238 5808 οἰκουμένης
1275 5737 1616 5802 διδάσκαλος.
1654 5740 1683 5791 6
1724 5740 1804 5802 εἰς
1851 5737 2034 5808 τρίτον

453 5818 693 5873 ἀνελθὼν
750 5821 1003 5892 ιούρανδν,
1035 5825 1064 5875 6
1110 5823 1182 5877 τὰ
1231 5824 1446 5897 ἄρρητα
1503 5827 1725 5896 ῥήματα
1771 5826 2031 5891 ἀκούσας,

456 5905 680 5963 ἐδέδετο.
725 5909 885 5965 Ἀλλά
925 5911 1049 5964 τότε
1090 5914 1387 5983 ταχύτερος
1416 5916 1444 5969 ὀ
1481 5914 1681 5982 δρόμος
1722 5910 1833 5981 ἦνσ-
1857 5907 2033 5970 '06:.-

1164 449 1225 506 S.
1257 444 1545 504 JOANNIS
1573 440 2069 500 CIIRYSOSTOMI
2099 443 2421 502 ARCHIEP.
2463 440 3013 502 CONS'I‘ANTINOP.

3579 440 3689 497 370

2112 564 2227 630 θεὶς
2256 566 2496 626 ἐλέλυτο,
2516 566 2612 621 καλ⁸
2630 566 2659 619 6
2691 565 2765 636 μὴ
2802 562 3084 632 δεδεμένος
3115 558 3345 617 ἐδέδετο.
3385 552 3557 624 Θῧτος
3587 561 3687 633 μιν

2110 653 2221 724 γάρ
2259 653 2398 725 ὅπερ
2436 653 2650 724 ἧθελεν,
2684 652 2984 723 ἔπραττενο
3032 651 3240 713 ἐκεῖνος
3283 648 3341 703 δέ
3374 648 3537 703 αὐτὸν
3587 648 3692 704 ούκ

2112 740 2375 802 ἐκώλυεν,
2400 740 2522 794 οὺδέ
2543 739 2642 812 τὴν
2674 741 2810 793 ἰδίαν
2836 740 3076 811 ἐπλήρου
3096 736 3373 811 πρόθεσιν.
3400 736 3467 789 Τί
3494 738 3689 801 ποιεῖς,

2111 826 2157 886 ὧ
2191 832 2421 902 ἀνόητε;
2459 833 2534 903 μὴ
2562 832 2672 903 γὰρ
2694 832 3009 901 σωματικός
3040 831 3157 882 ἐστι
3183 828 3447 900 δρομεύς;
3481 827 3556 898 μὴ
3582 827 3693 897 γάρ

2113 921 2173 972 ἐν
2207 879 2670 991 σταδίῳντιῖριπέιρῗ
2705 879 2856 989 ἡμῖνῄ
3262 879 3563 986 ένούραζιῶ

2113 1005 2423 1060 λιτεύεται·
2475 1006 2570 1060 τὸν
2619 1009 2678 1060 ἐν
2722 1005 2938 1077 οὐρανῷ
2971 1003 3235 1076 τρέχοντα
3270 1003 3431 1074 δῆσαι
3476 1002 3548 1055 τά
3600 1000 3695 1056 ἐπὲ

2114 1094 2221 1164 γῆς
2247 1095 2309 1148 ού
2342 1095 2587 1158 δύναται,
2617 1095 2738 1149 οὐδέ
2783 1096 3098 1164 κατασχεῖν.
3132 1093 3246 1163 Ούχ
3295 1092 3426 1162 ὁρᾷς
3481 1091 3699 1144 τουτονὶ

2114 1183 2206 1236 τὸν
2234 1184 2426 1253 ἧλιονς
2461 1183 2735 1255 Περίόαλε
2764 1182 2940 1252 δεσμὰ
2968 1184 3085 1244 ταῖς
3115 1181 3321 1242 ἀκτῖσι,
3353 1178 3553 1247 στῆσον
3599 1175 3698 1231 τοῦ

2115 1270 2320 1342 δρόμου
2340 1290 2354 1302 ⁸
2392 1273 2509 1327 ἀλλ’
2539 1273 2600 1326 οὺ
2631 1271 2860 1343 δυνήσῃ.
2902 1268 3114 1323 Ούκοῦν
3137 1268 3260 1321 ούδέ
3302 1266 3518 1321 Παῦλον
3537 1282 3551 1298 ⁸
3601 1266 3699 1319 καὶ

2118 1359 2298 1430 πολλῷ
2324 1359 2525 1431 μᾶλλον
2550 1359 2761 1423 τοῦτον,
2784 1357 2818 1429 ἢ
2849 1359 3060 1411 ἐκεῖνον
3077 1373 3092 1388 ⁸
3121 1355 3362 1418 πλείονος
3383 1354 3494 1425 γάρ
3519 1345 3703 1417 οὗτος,

2117 1450 2152 1519 ἢ
2196 1451 2405 1513 ἐκεῖνος
2462 1448 2741 1504 ἀπέλαυσε
2774 1446 3053 1519 προνοίας,
3101 1444 3199 1499 άτε
3235 1445 3351 1513 φῶς
3405 1443 3587 1513 φέρων
3636 1442 3703 1495 ού

2116 1537 2358 1592 τοιοῦτον
2381 1539 2539 1610 ἡμῖν,
2569 1536 2708 1590 ἀλλὰ
2727 1537 2789 1589 τὸ
2816 1533 3069 1605 ἀληθινὸν
3100 1532 3402 1604 βαστάζων.
3445 1530 3557 1584 Ποῦ
3604 1530 3702 1583 νῦν

2119 1629 2258 1680 εἰσιν
2274 1627 2324 1679 οῖ
2353 1624 2521 1696 μηδὲν
2541 1622 2858 1695 βουλόμενοι
2886 1622 2975 1677 διά
2989 1621 3083 1675 τὸν
3101 1620 3335 1689 Χριστὸν
3353 1619 3613 1688 πάσχειν;
3645 1619 3705 1673 τί

2116 1714 2175 1769 δέ
2208 1714 2353 1782 λέγω
2373 1714 2626 1782 πάσχειν,
2663 1713 2797 1765 ὅπου
2845 1727 2910 1779 γε
2949 1709 3071 1763 ούδέ
3107 1708 3366 1781 χρήματα
3420 1706 3707 1777 βούλονται

2120 1801 2425 1875 προέσθαι;
2463 1799 2719 1871 Ἐδέσμει
2748 1799 2843 1853 καὶ
2876 1796 3090 1859 Παῦλός
3112 1811 3265 1855 ποτε,
3302 1794 3399 1847 καὶ
3417 1791 3704 1845 ἐνέϐαλλεν

2120 1889 2202 1950 εῖς
2247 1886 2660 1958 δεσμωτήριον
2702 1882 2817 1936 ἀλλ’
2852 1880 3042 1951 ἐπειδὴ
3082 1879 3179 1933 τοῦ
3228 1875 3465 1948 Χριστοῦ
3511 1876 3706 1945 γέγονε

2118 1972 2326 2039 δοῦλος,
2363 1974 2425 2027 ού
2468 1972 2548 2044 τῷ
2578 1973 2754 2025 ποιεῖν
2791 1969 3000 2033 λοιπὸν,
3054 1965 3193 2021 ἀλλά
3215 1964 3295 2036 τῷ
3330 1965 3563 2034 πάσχειν
3618 1981 3711 2017 σε·

2125 2062 2404 2131 μνύνεται.
2431 2061 2541 2115 Καὶ
2566 2058 2726 2113 τοῦτο
2753 2057 2810 2111 δέ
2838 2056 2933 2111 τοῦ
2961 2054 3319 2127 κηρύγματος
3341 2052 3547 2122 θαῦμα,
3575 2052 3710 2105 ὅταν

2121 2148 2213 2204 διὰ
2248 2148 2357 2203 τῶν
2408 2148 2725 2219 πασχόντων
2759 2145 2964 2210 αὐτῶν,
3012 2144 3131 2198 ἀλλ’
3159 2145 3222 2197 ού
3257 2141 3366 2196 τῶν
3405 2140 3712 2195 ποιούντων

2100 2238 2332 2313 κακῶς,
2367 2237 2543 2301 οὕτως
2587 2238 2870 2309 ἐγείρηται
2900 2236 2994 2289 καὶ
3019 2232 3274 2304 αὔξηται.
3306 2228 3417 2284 Ποῦ
3452 2246 3541 2292 τις
3568 2221 3713 2281 εἶδεν

2129 2327 2351 2397 ἀγῶνας
2374 2325 2686 2390 τοιούτουςς
2725 2325 2784 2378 'O
2820 2325 3046 2394 πάσχων
3088 2320 3296 2384 κακῶς,
3348 2319 3507 2390 νικᾷ·
3551 2314 3647 2370 καὶ
3677 2315 3710 2368 6

2125 2417 2298 2471 ποιῶν
2334 2414 2541 2480 κακῶς,
2574 2414 2826 2485 ἡττᾶται.
2858 2407 3027 2475 Οὗτος
3048 2409 3258 2463 ἐκείνου
3286 2405 3666 2477 λαμπρότερος
3687 2416 3706 2432 ⁸

2124 2504 2216 2558 διά
2242 2503 2460 2574 δεσμῶν
2494 2501 2558 2554 τὸ
2589 2502 2854 2572 κήρυγμα
2890 2496 3156 2571 εἰσῆλθεν.
3202 2497 3320 2549 Οὐκ
3358 2492 3706 2563 αἰσχύνομαι,

2125 2594 2267 2650 ἀλλά
2294 2594 2392 2646 καὶ
2423 2591 2784 2663 σεμνύνομαι,
2817 2588 2975 2660 φησὶ,
3018 2586 3110 2640 τὸν
3149 2582 3570 2654 ἐσταυρωμένον
3611 2597 3713 2644 κη-

2128 2681 2660 2755 ρύττων.Ἐννόησον
2681 2680 2791 2750 γάρ
2817 2694 2909 2749 μοι
2927 2692 2943 2710 ⁸
2979 2676 3044 2730 Ἦ
3077 2673 3372 2744 οἰκουμένη
3407 2671 3558 2724 πάσα
3584 2670 3715 2731 τοὺς

2127 2774 2455 2844 λελυμένους
2504 2772 2725 2840 ἀφεῖσα,
2774 2770 2890 2831 τοῖς
2937 2765 3244 2837 δεδεμένοις
3272 2761 3502 2834 προσῄει
3523 2775 3539 2790 ⁸
3587 2759 3715 2822 τοὺς

2126 2863 2468 2935 δεσμοῦντας
2506 2857 2990 2931 ἀποστρεφομένη,
3020 2856 3149 2918 τοὺς
3191 2855 3292 2923 τὴν
3329 2850 3521 2906 ἅλυσιν
3559 2865 3717 2918 περι-

2129 2951 2417 3021 κειμένους
2444 2950 2619 3020 τιμᾷο
2659 2948 2788 3010 τοὺς
2829 2942 3254 3016 σταυρώσαντας
3295 2940 3595 3012 μισήσασα,
3621 2937 3717 2990 τὸν

2130 3040 2551 3115 ἐσταυρωμένον
2580 3038 2897 3109 προσκυνεῖ.

2201 3169 2266 3225 6'.
2290 3169 2404 3223 Οὐκ
2420 3167 2535 3221 ἐστι
2549 3165 2710 3237 μόνον
2727 3161 3061 3234 θαυμαστὸν,
3082 3161 3167 3215 ὅτι
3193 3160 3386 3222 ἁλιεῖς,
3402 3159 3485 3212 ὅτι
3509 3153 3721 3209 ἰδιῶται

2130 3253 2271 3331 ἦσαν
2295 3258 2345 3311 οἱ
2383 3256 2647 3327 κήρυκες,
2678 3253 2794 3307 ἀλλ’
2826 3254 2908 3306 ὅτι
2938 3254 3032 3305 καὶ⁵
3054 3249 3219 3320 ἕτερα
3258 3245 3578 3317 κωλύματα,
3613 3242 3721 3311 φύ-

2134 3364 2217 3401 σει
2245 3344 2546 3414 κωλύματα
2567 3340 2729 3414 ἦσαν,
2786 3341 2881 3394 καὶ
2911 3351 2937 3380 ι
2970 3338 3171 3393 πλείων
3212 3336 3436 3405 γέγονεν
3462 3335 3496 3404 ὴ
3539 3331 3724 3386 ἐπίδο-

2135 3454 2239 3500 σις.
2269 3436 2343 3489 Ού
2384 3434 2543 3504 μόνον
2571 3432 2724 3485 ούδέν
2773 3428 3046 3483 ἐκώλυσεν
3075 3430 3109 3498 ὴ
3161 3423 3419 3491 ίδιωτεία,
3463 3420 3600 3475 άλλά
3628 3420 3727 3473 καὶ

2133 3523 2264 3579 αὐτὸ
2284 3521 2444 3576 τοῦτο
2466 3514 2851 3592 φανερωθῆναι
2879 3516 3103 3585 ἐποίησε
3132 3514 3194 3567 τὸ
3211 3515 3498 3583 κήρυγμα.
3521 3510 3724 3562 ’Ἄκουε

2133 3612 2244 3685 γὰρ
2299 3609 2395 3666 τοῦ
2457 3608 2645 3664 Λουκά
2705 3606 2985 3674 λέγοντοςο
3050 3605 3165 3657 Καὶ
3222 3597 3722 3685 καταλαϐόμενοι,

2135 3682 2321 3773 φησὶν,
2356 3700 2447 3753 ὅτι
2485 3694 2638 3771 [401]
2671 3694 2971 3763 ἄνθρωποι
3020 3687 3392 3761 ἀγράμματοί
3439 3688 3563 3740 εισι
3620 3682 3726 3773 καὶ

2137 3772 2381 3850 ἰδιῶται,
2410 3781 2762 3855 ἐθαύμαζον.
2804 3781 2880 3835 Οὐ
2915 3781 3077 3852 μόνον
3104 3777 3259 3832 οὐδὲν
3282 3773 3521 3829 ἐκώλυεν
3561 3772 3591 3825 6
3631 3772 3726 3825 δε-

2139 3878 2298 3950 σμὸς,
2337 3875 2476 3930 ἀλλά
2501 3875 2597 3929 καὶ
2619 3872 2751 3927 αὐτὸ
2778 3870 2938 3924 τοῦτο
2977 3868 3235 3939 ἐποίησεν
3260 3865 3459 3926 αὐτοὺς
3496 3862 3725 3950 θαρσα-

2135 3948 2455 4036 λεωτέρους.
2493 3962 2605 4033 Οὐχ
2627 3960 2800 4023 οὓτως
2825 3958 3091 4029 ἐθάρρουν
3117 3956 3166 4009 οἱ
3196 3951 3458 4025 μαθηταὶ,
3492 3948 3725 4019 λελυμέ-

2137 4073 2230 4110 νου
2253 4052 2348 4106 τοῦ
2376 4050 2617 4112 Παύλου,
2647 4049 2723 4113 ὡς
2755 4046 3043 4116 δεδεμένου
3066 4059 3079 4073 ⁸
3113 4041 3565 4112 Περισσοτὲρως
3588 4036 3724 4107 γάρ,

2138 4143 2295 4215 φησὶ,
2322 4138 2557 4211 τολμᾷν
2573 4137 2809 4208 ἀφόϐως
2842 4135 2948 4189 τὸν
2967 4134 3157 4202 λόγον
3180 4128 3288 4183 τοῦ
3309 4128 3461 4183 Θεοῦ
3485 4122 3723 4215 λαλεῖν.

2139 4212 2250 4288 Ποῦ
2288 4233 2338 4285 οἱ
2401 4227 2778 4300 ἀντεροῦντες,
2819 4225 2902 4278 ὅτι
2942 4222 3003 4276 ού
3045 4219 3188 4273 θεῖον
3231 4217 3293 4271 τὸ
3341 4216 3646 4287 κήρυγμας
3686 4212 3725 4283 ἠ

2142 4318 2382 4376 ῖδιωτεία
2428 4318 2529 4371 οὐκ
2574 4311 2643 4386 ἦν
2679 4312 2841 4383 ἱκανὴ
2871 4310 3096 4380 ποιῆσαι
3136 4303 3594 4375 καταγνωσθῆναι
3626 4300 3726 4353 αύ-

2137 4408 2304 4473 τούς;
2353 4404 2549 4460 οὐκοῦν
2603 4402 2711 4456 ἔδει
2767 4397 3049 4453 κάνταῦθα
3081 4396 3110 4436 ι’
3165 4393 3405 4464 φοόἦσαι
3472 4388 3722 4455 αύτούςς

2142 4498 2288 4550 ’Ὶστε
2323 4493 2437 4565 γὰρ
2464 4492 2548 4545 ὃτι
2575 4489 2670 4544 δύο
2710 4486 2908 4542 πάθεσι
2932 4485 3142 4544 τούτοις
3169 4482 3229 4536 τὸ
3261 4480 3464 4551 πλῆθος
3490 4476 3724 4565 κατέχε-

2137 4603 2250 4652 ται,
2286 4563 2560 4651 κενοδοξία
2616 4578 2711 4632 καὶ
2763 4575 2958 4646 δειλία.
3004 4573 3069 4626 Ἠ
3125 4569 3362 4626 ἰδιωτεία
3412 4567 3513 4621 ούκ
3573 4563 3726 4634 1Ιιιφίει

2140 4669 2606 4743 ἐπαισχύνεσθαι·
2668 4668 2719 4719 οἱ
2783 4662 3020 4718 κίνδυνοι
3073 4662 3153 4724 είς
3208 4656 3412 4711 δειλίαν
3467 4652 3728 4743 ἐμϐαλεῖν

2138 4739 2392 4833 ὤφειλον.
2430 4755 2593 4811 Ἀλλά
2619 4753 2897 4823 θαύματα,
2931 4749 3118 4820 φησὶν,
3152 4745 3390 4833 ἐποίουν.
3432 4739 3729 4833 Πιστεύετε

2139 4827 2234 4906 οὖν
2261 4851 2344 4904 ὅτι
2376 4846 2595 4902 ἐποίουν
2641 4841 2919 4912 θαύματα.
2957 4837 3099 4892 Ἀλλ’
3130 4836 3231 4889 ούκ
3268 4831 3517 4897 ἐποίουν;
3555 4827 3730 4883 Τοῦτο

2144 4939 2330 5013 μεῖζον
2359 4936 2546 5009 θαῦμα
2577 4932 2671 4989 τοῦ
2698 4932 2895 4995 ποιεῖν,
2925 4929 2974 4982 εἰ
3011 4927 3182 4998 χωρὶς
3214 4922 3513 4994 θαυμάτων
3557 4933 3731 4988 προσ·-

2140 5029 2358 5100 ήγοντο.

2224 5162 2412 5234 Ἐδέθη
2452 5161 2548 5216 καὶ
2586 5158 2885 5230 Σωκράτης
2918 5153 3049 5223 παρ’
3080 5151 3340 5223 Ἕλλησι⁸
3376 5148 3431 5202 τί
3464 5141 3593 5212 οῦνς
3626 5146 3732 5234 ούκ

2140 5252 2345 5315 εὐθέως
2373 5251 2575 5319 ἔφυγον
2600 5250 2680 5311 εἰς
2708 5247 2941 5316 Μέγαρα
2964 5245 3013 5295 οί
3044 5238 3286 5313 μαθηταί
3307 5255 3322 5303 ;
3351 5235 3500 5290 Πάνυ
3532 5249 3597 5300 γε
3617 5247 3630 5262 ⁸
3666 5233 3730 5286 ού

2140 5341 2249 5413 γάρ
2281 5342 2409 5405 τοὺς
2431 5341 2561 5409 περὶ
2593 5335 2892 5398 ἀθανασίας
2917 5331 3170 5397 ἐδέξαντο
3202 5328 3417 5396 λόγους.
3455 5322 3598 5378 Ἀλλ’
3625 5322 3731 5392 δρα

2141 5429 2376 5485 ἐνταῦθα
2402 5445 2416 5458 ⁸
2452 5427 2610 5496 ἐδέθη
2635 5424 2869 5487 Παῦλος,
2904 5422 3001 5475 καὶ
3026 5417 3227 5490 μᾶλλον
3250 5416 3521 5487 ἐθάρρουν
3546 5413 3595 5465 οῖ
3628 5427 3734 5480 μα-

2141 5517 2304 5589 θηταί
2331 5534 2345 5549 ⁸
2384 5516 2647 5579 εἰκότως⁸
2696 5511 2883 5580 ἐώρων
2921 5508 3033 5577 γὰρ
3057 5508 3160 5561 οὐκ
3206 5496 3728 5589 ἐμποδιζόμενονπδ

2140 5583 2422 5678 κήρυγμα.
2476 5603 2569 5674 Μὴ
2608 5601 2717 5671 γάρ
2768 5597 3016 5668 γλῶτταν
3048 5594 3278 5649 δύνασαι
3302 5590 3507 5661 δῆσαι;
3556 5583 3733 5653 ταύτῃ

2204 5795 2232 5826 δ
2253 5792 2406 5842 Savil.
2433 5792 2560 5849 conj.
2585 5786 2848 5850 κωλύματα
2872 5785 3028 5850 φύσει,
3046 5784 3113 5850 μού
3134 5783 3280 5850 κωλ.,
3303 5782 3428 5850 ἀλλᾶ
3448 5779 3549 5830 καί.

2199 5855 2229 5895 ι»
2254 5838 2597 5916 ﬁdﬁciéﬂil
2625 5838 2857 5916 nudans,
2881 5838 3143 5914 lugendum
3183 5838 3275 5895 κᾶν
3310 5842 3482 5905 ταῦτα,
3506 5850 3675 5900 item!"
3694 5838 3727 5894 ἦ

2141 5913 2456 5969 ἰδιωτείακαί
2484 5913 2677 5974 δεσμοί,
