4140 6544
419 377 532 438 569

420 498 629 569 hispira
658 494 1029 552 fortitudinem
1060 512 1073 549 :
1108 493 1198 565 qui
1229 508 1327 564 pro
1355 493 1512 550 nobis
1544 492 1739 548 dedisti
1768 491 2027 561 Uoigeni-

418 601 557 656 tum,
586 598 643 644 et
672 597 917 644 sanctum
949 597 1095 643 tuum
1124 586 1351 643 emisisti
1382 586 1640 657 Spiritum
1671 586 1723 641 in
1752 586 2028 641 remissio-

416 697 546 737 nem
576 692 927 751 peccatorum
954 689 1287 745 nostrorum,
1322 680 1367 735 si
1410 680 1536 750 quid
1563 681 1807 734 volentes
1834 678 1916 733 vel
1947 679 2027 733 in-

418 777 510 832 viti
548 776 918 847 peccavimus,
943 777 1215 843 condono,
1247 785 1302 832 et
1330 791 1399 832 ne
1439 785 1655 846 reputes
1688 793 1701 829 :
1736 776 2024 831 recordare

414 870 656 924 omnium
687 869 779 939 qui
821 869 1077 925 invocant
1116 885 1315 925 nomen
1357 878 1505 925 tuum
1552 870 1605 923 in
1637 870 1903 935 veritate;
1937 885 2025 924 re-

414 960 646 1017 cordare
693 961 934 1015 omnium
980 963 1069 1032 qui
1117 961 1253 1017 bene
1287 970 1340 1017 et
1388 978 1543 1017 secus
1587 962 1741 1017 nobis
1790 962 2018 1017 volunt:

414 1068 608 1109 omnes
636 1054 778 1108 enim
806 1068 992 1108 sumus
1017 1054 1283 1110 homines.
1316 1054 1518 1111 Deinde
1546 1056 1752 1126 adjecta
1784 1055 2020 1111 ﬁdelium

413 1145 683 1212 oratione,
736 1145 906 1200 veluti
955 1147 1184 1215 quadam
1236 1147 1499 1201 coronide
1539 1157 1594 1202 et
1633 1164 1731 1219 pro
1770 1149 2021 1203 omnibus

409 1239 781 1308 colligatione,
828 1240 963 1293 facta
1003 1255 1185 1310 prece,
1233 1237 1322 1294 hic
1361 1241 1630 1296 cessabat.
1674 1241 1834 1295 Multa
1874 1242 2016 1296 enim

408 1334 568 1387 nobis
599 1334 738 1388 bona
767 1334 894 1388 facit
928 1334 1067 1388 Dens
1093 1334 1255 1389 etiam
1287 1335 1487 1399 invitis,
1524 1337 1687 1388 multa
1720 1351 1935 1407 quoque
1963 1346 2019 1392 et

408 1424 615 1495 majora
664 1425 1053 1481 nescientibus.
1108 1425 1242 1480 Nam
1292 1428 1508 1496 quando
1561 1428 1833 1481 contraria
1892 1444 2016 1497 pre-

405 1532 615 1587 camur,
650 1519 765 1591 ipse
794 1530 976 1574 autem
1020 1518 1146 1574 facit
1187 1521 1481 1581 contraria,
1514 1520 1691 1591 palam
1720 1532 1803 1576 est
1833 1522 2010 1591 ipsum

408 1612 776 1670 nescientibus
805 1612 941 1667 bene
972 1613 1165 1667 facere.
1198 1613 1254 1669 3.
1291 1612 1511 1667 Orantcs
1541 1613 1698 1667 simul
1726 1624 1771 1667 et
1800 1631 1895 1683 pro
1922 1631 2014 1667 no-

405 1706 505 1761 bis.
536 1704 672 1761 Vide
712 1707 1070 1761 lmmilitatem
1106 1726 1120 1761 :
1149 1716 1271 1777 post
1301 1707 1425 1761 illos
1468 1707 1706 1777 seipsnm
1739 1708 1908 1777 ponit.
1944 1707 2012 1763 Ut

406 1797 549 1853 Deus
571 1802 767 1870 aperiat
796 1801 940 1855 nobis
981 1801 1166 1856 ostium
1192 1802 1439 1855 sermonis
1464 1801 1535 1855 ad
1557 1802 1865 1873 loquendum
1896 1820 2007 1874 my-

407 1892 615 1946 sterium
648 1890 858 1947 Christi.
894 1893 1133 1956 Aditum,
1168 1895 1371 1965 inquit,
1408 1904 1461 1949 et
1492 1895 1742 1966 loquendi
1779 1895 2006 1951 liberta-

410 1995 543 2039 tem.
589 1985 783 2056 Papae!
830 1995 1008 2041 tantus
1045 1986 1244 2041 athleta
1280 2003 1386 2041 non
1432 1987 1586 2051 dixit,
1633 1986 1701 2043 Ut
1745 1988 1939 2043 liberer
1976 2003 2009 2043 a

411 2075 661 2141 vinculis,
691 2075 784 2130 sed
816 2091 937 2131 cum
967 2086 1114 2133 esset
1145 2078 1199 2132 in
1231 2078 1479 2144 vinculis,
1511 2079 1646 2134 alios
1677 2080 1919 2150 rogabat,
1953 2089 2010 2136 et

404 2176 631 2237 propter
673 2184 787 2223 rem
828 2185 1074 2240 magnam
1110 2170 1353 2240 rogabat,
1396 2186 1589 2240 nempe
1638 2183 1696 2225 ut
1737 2171 2008 2241 acciperet

400 2258 653 2329 loquendi
680 2259 1005 2316 libertatem.
1034 2260 1140 2317 Res
1161 2262 1282 2316 dua.-
1307 2277 1538 2333 tuagnat,
1573 2278 1768 2332 nempe
1796 2271 1853 2317 et
1881 2279 2005 2332 per-

401 2366 549 2405 sona:
605 2352 863 2422 qualitas,
921 2362 977 2407 et
1027 2354 1126 2408 rei.
1180 2354 1371 2424 Papae!
1431 2365 1629 2424 quanta
1689 2358 2003 2411 auctoritas.

406 2442 731 2514 Mysterium,
773 2444 969 2516 inquit,
1010 2444 1222 2502 Christi.
1265 2446 1515 2502 Ostendit
1559 2446 1690 2501 nihil
1733 2463 1855 2503 esse
1901 2450 2005 2504 sibi

401 2537 813 2594 desiderabilius
860 2555 1021 2610 quam
1053 2540 1156 2596 hoc
1200 2540 1367 2611 loqui.
1412 2540 1632 2611 Propter
1677 2542 1813 2611 quod
1853 2544 2004 2597 etiam

398 2632 598 2687 vinctus
634 2650 766 2699 sum,
800 2635 852 2689 4.
884 2642 941 2688 ut
970 2632 1289 2705 manifestam
1320 2635 1470 2698 illud,
1508 2636 1580 2689 ita
1609 2646 1659 2689 ut
1701 2647 1896 2704 oportet
1926 2654 2006 2692 me

397 2727 557 2797 loqui.
604 2726 742 2781 Cum
791 2744 1007 2799 magna,
1061 2730 1251 2801 inquit,
1312 2730 1505 2786 ﬁducia
1555 2740 1611 2786 ct
1666 2731 1878 2786 dicendi
1938 2733 2004 2785 li.

396 2819 633 2889 bertate,
668 2821 803 2878 nihil
835 2824 1176 2880 reticentcm.
1206 2825 1393 2887 Vides.
1427 2826 1638 2881 vincula
1670 2843 1792 2882 cum
1828 2828 2003 2881 Inani-

400 2913 598 2970 l'estum
653 2915 907 2983 reddunt,
954 2933 1066 2974 non
1116 2920 1169 2974 in
1238 2920 1473 2975 obscuro
1523 2922 1810 2976 collocant.
1867 2920 2001 2976 Cum

396 3007 585 3071 multa,
618 3008 812 3079 inquit,
846 3010 1039 3067 ﬁducia
1076 3021 1131 3067 et
1155 3012 1368 3068 dicendi
1405 3013 1674 3070 libertate.
1721 3015 1814 3070 Dic
1846 3015 1999 3084 mihi,

398 3112 454 3157 tu
480 3104 699 3160 vinctus
728 3121 808 3173 es,
843 3116 898 3162 et
923 3108 1061 3163 alios
1085 3109 1412 3165 consolaris?
1439 3109 1668 3167 Maxime
1697 3130 1711 3167 :
1740 3112 2001 3183 majorem

398 3195 655 3267 loquendi
688 3200 994 3257 libertatem
1016 3203 1147 3258 dant
1176 3204 1305 3259 mihi
1338 3205 1547 3261 vincula
1579 3224 1594 3263 :
1623 3207 1717 3263 sed
1746 3208 1839 3263 Dei
1871 3225 2003 3279 rogo

397 3290 680 3358 auxilium,
724 3293 906 3349 audivi
953 3296 1099 3351 enim
1135 3295 1410 3354 Christum
1454 3300 1747 3365 dicentem,
1782 3302 2002 3369 Quando

395 3398 484 3437 vos
511 3385 729 3450 tradent,
773 3388 932 3442 nolite
959 3405 1067 3443 esse
1093 3390 1322 3454 solliciti,
1355 3394 1607 3461 quomodo
1635 3404 1725 3447 aut
1767 3396 1891 3467 quid
1921 3396 2001 3449 lo-

396 3476 626 3541 quamini
653 3475 872 3548 (Matth.
906 3479 996 3534 10.
1030 3480 1144 3552 19).
1179 3482 1245 3536 Ει
1272 3482 1395 3538 vide
1421 3485 1694 3554 quomodo
1721 3485 1857 3540 dixit
1883 3503 2000 3541 me-

398 3566 695 3636 taphorice,
749 3568 819 3625 Ut
868 3570 1006 3626 Deus
1049 3574 1247 3644 aperiat
1290 3575 1435 3630 nobis
1481 3578 1666 3630 ostium
1710 3580 2004 3635 sermonis?

399 3654 535 3716 Vide
555 3677 718 3732 quam
762 3665 886 3719 sita
916 3664 1054 3720 fastu
1101 3667 1332 3735 alienus,
1366 3676 1421 3724 et
1449 3685 1571 3725 cum
1618 3681 1763 3727 esset
1795 3672 1846 3726 in
1879 3673 2001 3726 vin-

396 3752 534 3807 culis
565 3769 729 3824 quam
761 3754 1040 3813 humiliter
1067 3759 1338 3831 loquatur.
1371 3761 1483 3817 Hoc
1512 3773 1613 3829 est,
1660 3763 1729 3821 Ut
1794 3765 2004 3820 molliat

396 3847 561 3902 corda
590 3847 855 3916 ipsorum.
902 3850 1020 3907 Non
1062 3855 1141 3909 sic
1185 3863 1365 3911 autem
1408 3856 1564 3920 dixit,
1594 3858 1713 3926 sed,
1745 3858 1815 3916 Ut
1842 3860 2002 3916 nobis

395 3935 489 3993 det
510 3938 759 3996 ﬁduciam
787 3951 842 3997 et
872 3943 1125 4016 loquendi
1163 3948 1503 4016 libertatem;
1536 3953 1614 4007 sic
1644 3954 1870 4023 loquens
1898 3954 2001 4008 lut-

396 4031 601 4089 militer
628 4041 686 4089 et
714 4035 957 4093 modeste
980 4053 1040 4094 se
1062 4056 1257 4110 gerens
1286 4060 1300 4096 :
1330 4052 1386 4098 et
1414 4044 1465 4098 id
1496 4046 1636 4115 quod
1667 4045 1898 4103 habebat
1921 4063 2003 4103 ro-

396 4133 489 4193 gat
526 4135 583 4181 ut
614 4129 862 4199 accipiat.
895 4129 1145 4188 Ostendit
1183 4145 1362 4189 autem
1407 4136 1459 4191 in
1500 4135 1599 4193 hac
1625 4139 1873 4208 epistola,
1904 4156 2003 4196 cur

399 4226 530 4273 tunc
577 4236 686 4275 non
730 4224 944 4278 venerit
988 4224 1262 4290 Christus,
1309 4242 1377 4283 eo
1424 4230 1565 4297 quod
1614 4230 1700 4285 illa
1754 4232 2000 4287 umbram

396 4311 607 4367 vocarit
640 4332 654 4368 :
687 4313 886 4385 Corpus
920 4327 1111 4384 autem,
1161 4320 1356 4391 inquit,
1390 4320 1581 4375 Christi
1622 4321 1755 4395 (Col.
1796 4323 1852 4379 2.
1884 4325 1999 4395 l7).

397 4400 763 4469 Quamobrem
792 4410 1077 4477 Oportebat
1102 4425 1196 4465 eos
1226 4412 1431 4467 umbra:
1462 4428 1797 4469 assuescere.
1829 4414 2003 4470 Simul

399 4493 563 4549 etiam
600 4511 713 4551 sure
759 4498 812 4551 in
845 4513 940 4553 eos
980 4502 1221 4556 caritatis
1264 4505 1560 4560 maximum
1599 4505 1803 4561 indicat
1840 4523 2003 4578 argu-

402 4596 641 4641 mentum
671 4606 687 4642 :
712 4587 780 4643 Ut
805 4605 922 4656 vos,
952 4592 1142 4663 inquit,
1164 4595 1415 4664 audiatis,
1446 4596 1560 4667 Ego
1588 4607 1767 4654 autem
1795 4601 2005 4656 vinctus

401 4693 545 4734 sum.
596 4681 807 4738 Rursus
856 4686 1132 4741 vinculum
1176 4688 1396 4745 adducit
1446 4691 1499 4747 in
1557 4693 2003 4765 medium,'quod

400 4770 557 4826 valde
596 4788 739 4838 amo,
786 4776 929 4845 quod
965 4792 1062 4832 cor
1101 4794 1279 4834 meum
1322 4781 1541 4849 excitat,
1584 4795 1639 4839 et
1674 4784 2007 4842 desiderium

402 4880 620 4936 semper
639 4866 796 4923 affert
821 4870 1037 4925 videndi
1067 4872 1292 4927 Paulum
1321 4874 1372 4929 in
1401 4875 1649 4943 vinculis,
1682 4889 1737 4933 et
1763 4880 2009 4935 scriben-

403 4967 535 5019 tem,
572 4969 627 5015 et
670 4960 1081 5030 prazdicantem,
1125 4975 1182 5020 et
1220 4967 1599 5036 baptizanlem,
1639 4980 1694 5025 et
1731 4974 2008 5027 eatechesi

406 5052 799 5108 instituentem.
826 5055 902 5110 De
922 5057 1174 5113 omnibus
1198 5074 1321 5129 qua:
1349 5052 1546 5130 ubique
1572 5072 1726 5117 erant
1750 5063 2011 5121 Ecclesiis

404 5143 472 5196 ad
505 5160 629 5199 eum
663 5146 899 5201 vinctum
933 5148 1266 5204 referebatur
1300 5170 1314 5205 :
1349 5152 1559 5207 vinctus
1597 5168 1755 5223 supra
1790 5156 2012 5211 tnodum

405 5237 727 5295 aediﬁcabat.
761 5239 914 5295 Tunc
942 5244 1109 5313 magis
1136 5254 1253 5298 erat
1277 5244 1507 5299 solutus.
1542 5246 1678 5300 Audi
1710 5248 1854 5303 enim
1886 5265 2010 5304 emn

405 5327 674 5384 dicentem
707 5348 719 5383 :
758 5329 825 5386 Ut
852 5333 1027 5403 plures
1054 5352 1080 5387 e
1105 5337 1352 5408 fratribus
1381 5338 1694 5406 conﬁdentes
1719 5340 1770 5394 in
1798 5340 2015 5395 vinculis

409 5422 553 5489 meis,
602 5423 950 5481 abundantius
995 5428 1245 5483 auderent
1284 5431 1393 5483 sine
1438 5431 1617 5485 timore
1663 5432 1869 5485 verbum
1917 5432 2015 5487 1)θί

409 5516 548 5586 loqui
579 5515 843 5589 (Philipp.
873 5519 929 5573 1.
965 5520 1076 5590 id).
1108 5520 1224 5591 Ipse
1255 5538 1469 5593 quoque
1496 5539 1685 5579 rursus
1717 5525 1817 5578 hoc
1847 5524 2018 5579 conﬁ-

409 5619 554 5665 tetur
583 5609 792 5671 dicens,
855 5609 1076 5678 Quando
1102 5614 1234 5667 enim
1262 5615 1518 5682 inﬁrmor,
1552 5625 1671 5669 tunc
1696 5627 1876 5685 potens
1902 5633 2016 5670 sunt

411 5702 493 5769 (2.
523 5702 646 5759 Cor.
690 5703 779 5757 12.
810 5703 922 5773 10).
961 5703 1251 5775 Propterea
1294 5707 1506 5762 dicebat
1544 5709 1730 5772 etiam,
1764 5708 1871 5763 Sed
1900 5724 2016 5763 ver-

413 5796 533 5850 bum
564 5793 661 5850 Dei
687 5810 789 5849 non
815 5804 889 5850 est
928 5796 1196 5868 alligatum
1228 5796 1307 5867 (2.
1338 5797 1475 5852 Tim.
1504 5798 1560 5853 2.
1593 5796 1673 5872 9).
1702 5797 1759 5853 1η
1791 5799 2020 5857 vinculis

416 5896 539 5944 erat
572 5901 697 5943 cum
728 5886 986 5944 maleﬁcis
1027 5903 1091 5943 ac
1125 5888 1427 5955 sceleratis,
1465 5906 1585 5947 cum
1616 5891 1865 5961 captivis,
1892 5907 2017 5950 cum

1325 374 1393 432 IN
1430 373 1651 433 EPIST.
1693 372 1788 431 AD
1826 369 2101 428 COLOSS.
2142 370 2295 428 CAP.
2338 373 2427 429 lV.
2469 372 2702 431 llO.\llL.
2746 372 2818 433 Χ.

3634 378 3740 437 370

2146 490 2457 558 homicidis,
2510 495 2704 553 doctor
2748 496 2898 553 orbis
2943 505 3211 554 terrarum
3246 500 3375 572 :qui
3421 500 3473 555 in
3526 503 3741 558 tertimn

2137 587 2383 641 ascendit
2408 589 2625 653 ctelum,
2655 590 2744 660 qui
2774 590 2937 645 verba
2982 590 3185 646 audivit
3211 608 3405 647 arcana
3448 603 3503 647 et
3547 594 3739 649 ineffao

2137 675 2285 742 bilia,
2318 690 2437 735 erat
2467 682 2700 738 vinctus.
2732 684 2838 738 Sed
2878 693 3004 739 tunc
3046 683 3286 739 velocior
3324 693 3440 740 erat
3468 684 3586 756 ejus
3618 700 3741 740 cur-

2134 786 2246 825 sus.
2288 773 2389 840 Qui
2431 784 2548 829 erat
2574 777 2805 843 vinctus,
2835 787 2952 832 erat
2989 777 3230 843 solutus;
3265 785 3320 832 et
3357 779 3445 849 qui
3487 795 3594 835 non
3622 790 3735 834 erat

2133 865 2367 929 vinctus,
2410 879 2527 922 erat
2573 870 2808 925 vinctus.
2841 870 2971 925 Nam
2998 871 3087 926 ille
3118 871 3336 942 quidem
3374 873 3566 944 agebat
3590 872 3736 943 quod

2131 958 2400 1012 volebat:
2435 958 2521 1013 hic
2567 970 2746 1015 autem
2794 962 2969 1030 ipsum
3019 980 3125 1017 non
3173 963 3513 1033 prohibebat,
3560 980 3736 1035 neque

2131 1066 2287 1106 suum
2335 1053 2588 1122 implebat
2636 1058 2989 1125 propositum.
3039 1058 3174 1126 Quid
3223 1059 3375 1125 facis,
3425 1078 3458 1115 ο
3503 1063 3734 1117 stolide?

2130 1160 2258 1199 num
2286 1156 2367 1198 est
2411 1162 2603 1201 cursor
2632 1149 2974 1218 corporalis?
3005 1167 3131 1204 num
3177 1152 3227 1206 in
3260 1153 3434 1207 stadio
3479 1155 3619 1223 quod
3648 1164 3734 1210 est

2127 1237 2268 1307 apud
2300 1253 2401 1293 nos
2431 1240 2635 1294 certat?
2668 1241 2722 1295 lu
2765 1241 2913 1296 czelis
2956 1252 3207 1298 versatur
3236 1262 3249 1298 :
3285 1261 3407 1299 eum
3444 1248 3531 1315 qui
3561 1248 3732 1303 currit

2126 1329 2179 1384 in
2212 1331 2371 1397 cado,
2404 1346 2509 1386 non
2554 1342 2781 1401 possunt
2810 1349 2872 1389 ea
2905 1350 3025 1405 qua:
3055 1345 3175 1390 sunt
3210 1336 3262 1389 in
3310 1338 3469 1391 terris
3511 1338 3731 1408 alligare

2124 1431 2180 1475 et
2221 1424 2477 1478 retinere.
2527 1424 2643 1480 Non
2694 1427 2847 1481 vides
2889 1425 3032 1483 hunc
3073 1427 3288 1483 solem?
3337 1428 3522 1484 Radiis
3570 1430 3731 1499 injice

2120 1517 2357 1583 vincula,
2409 1517 2540 1572 siste
2580 1519 2702 1589 ejus
2751 1535 2968 1575 cursum
3001 1540 3014 1575 :
3046 1522 3140 1576 sed
3183 1537 3289 1577 non
3351 1522 3574 1592 poteris.
3616 1521 3732 1578 Nec

2120 1626 2250 1680 ergo
2275 1611 2517 1675 Paulum,
2544 1622 2598 1667 et
2624 1615 2793 1668 multo
2815 1615 2996 1671 minus
3023 1615 3166 1671 hunc
3186 1632 3347 1686 quam
3382 1618 3532 1672 illum
3567 1636 3581 1673 :
3614 1634 3730 1672 ma-

2116 1702 2291 1773 jorem
2320 1705 2463 1760 enim
2494 1706 2588 1761 Dei
2615 1722 2800 1762 curam
2831 1722 2895 1763 ac
2924 1710 3315 1780 providentiam
3341 1719 3426 1765 est
3457 1711 3542 1765 hic
3563 1727 3725 1782 quam

2120 1795 2208 1850 ille
2236 1809 2623 1868 consequutus,
2656 1808 2716 1854 ut
2745 1801 2835 1871 qui
2870 1817 2975 1856 non
3010 1802 3164 1857 nobis
3198 1802 3380 1866 talem,
3413 1802 3507 1858 sed
3542 1819 3723 1858 veram

2121 1886 2257 1944 ferat
2300 1890 2498 1948 lucem.
2542 1892 2640 1949 Ubi
2680 1904 2806 1949 sunt
2841 1895 2933 1965 qui
2970 1896 3102 1950 nihil
3148 1896 3335 1951 volunt
3365 1896 3469 1966 pati
3504 1905 3727 1965 propter

2120 1980 2438 2038 Christum?
2482 1985 2611 2055 quid
2655 1996 2836 2041 autem
2869 1987 2991 2043 dico
3034 1989 3166 2058 pati,
3200 2003 3325 2043 cum
3370 2003 3437 2043 ne
3464 1986 3724 2059 pecunias

2116 2075 2335 2145 quidem
2384 2077 2552 2133 velint
2605 2079 2970 2149 profundere?
3025 2081 3301 2136 Viuciebat
3357 2094 3572 2151 quoque
3623 2080 3724 2134 ali-

2114 2168 2335 2237 quando
2361 2169 2578 2236 Panlus,
2608 2181 2666 2226 et
2685 2173 3009 2242 conjiciebat
3036 2174 3087 2228 in
3114 2189 3390 2230 carcerem
3417 2192 3429 2228 :
3455 2174 3547 2228 sed
3579 2183 3725 2244 post-

2115 2274 2279 2328 quam
2325 2260 2494 2316 facttts
2524 2273 2607 2317 est
2636 2263 2834 2318 Christi
2868 2281 3081 2329 servus,
3115 2282 3222 2320 non
3268 2264 3411 2336 quod
3449 2274 3572 2335 agat
3599 2266 3720 2336 glo-

2117 2351 2306 2415 riatur,
2346 2353 2439 2408 sed
2489 2356 2633 2425 quod
2688 2358 2941 2427 patiatur.
3003 2357 3070 2412 Et
3122 2357 3223 2412 hoc
3274 2367 3358 2411 est
3404 2356 3721 2413 miraculum

2114 2446 2541 2516 prmdicationis,
2574 2447 2793 2517 quando
2826 2464 2920 2519 per
2961 2449 3109 2520 ipsos
3159 2449 3446 2520 patientes,
3483 2464 3589 2503 non
3626 2464 3722 2502 au-

2115 2547 2222 2592 tem
2254 2554 2351 2608 per
2379 2542 2520 2595 male
2547 2550 2787 2611 agentes,
2820 2542 2897 2597 sic
2929 2541 3194 2596 excitatur
3222 2551 3276 2596 et
3306 2550 3551 2611 augetur.
3587 2538 3723 2595 Ubi-

2115 2645 2237 2684 nam
2279 2631 2414 2686 vidit
2456 2633 2720 2705 quispiam
2753 2632 3018 2704 ejusmodi
3067 2632 3403 2689 certamina?
3441 2632 3543 2701 Qui
3580 2630 3721 2687 male

2114 2728 2328 2798 patitur,
2365 2729 2531 2783 vincit
2565 2746 2578 2781 :
2612 2739 2667 2784 et
2706 2730 2794 2801 qui
2840 2731 2982 2785 male
3026 2730 3155 2799 agit,
3192 2729 3446 2783 vincitur.
3479 2725 3571 2782 llle
3613 2725 3733 2781 hoc

2111 2819 2430 2891 praeclarior
2461 2838 2478 2877 :
2512 2821 2824 2891 prtedieatio
2872 2821 3112 2876 introivit
3160 2836 3259 2891 per
3305 2818 3541 2874 vincula.
3598 2816 3716 2872 Non

2110 2913 2390 2980 erubesco,
2424 2915 2618 2986 inquit,
2652 2915 2747 2971 sed
2778 2916 2941 2970 etiam
2973 2915 3196 2985 glorior,
3225 2912 3547 2968 cruciﬁxum
3580 2926 3719 2982 prte-

2109 3007 2322 3064 dicans.
2354 3006 2444 3064 Sic
2475 3016 2659 3063 autem
2689 3010 2865 3080 cogita
2901 3025 2914 3062 :
2949 3007 3251 3064 Universus
3280 3006 3429 3060 orbis
3462 3016 3620 3060 terra:
3651 3003 3716 3058 iis

2112 3100 2352 3158 dimissis
2378 3101 2471 3173 qui
2502 3115 2627 3158 sunt
2658 3102 2840 3167 soluti,
2874 3101 3085 3159 accedit
3114 3101 3179 3157 ad
3210 3102 3418 3156 vinctos
3451 3117 3465 3153 :
3497 3114 3593 3155 eos
3623 3098 3714 3169 qui

2109 3196 2355 3251 vinciunt
2382 3212 2663 3263 aversans,
2697 3197 2929 3252 honorat
2969 3212 3063 3251 eos
3105 3196 3195 3266 qui
3229 3203 3357 3250 sunt
3395 3191 3714 3249 circumdati

2109 3289 2355 3355 catenis;
2400 3304 2496 3344 eos
2536 3289 2663 3345 odio
2702 3289 2909 3345 habens
2957 3287 3144 3360 quiin
3192 3300 3409 3343 crucem
3459 3292 3717 3355 egerunt.

2113 3380 2307 3436 adorat
2329 3380 2663 3436 cruciﬁxum.

2180 3478 2235 3531 4.
2269 3474 2457 3547 Neque
2477 3477 2656 3532 solum
2683 3482 2769 3529 est
2793 3473 3125 3537 mirandum,
3158 3471 3302 3543 quod
3326 3471 3628 3541 piscatores
3657 3475 3712 3521 et

2111 3570 2296 3626 idiota:
2316 3578 2477 3624 erant
2508 3570 2918 3639 praedicatores,
2955 3567 3045 3621 sed
3074 3567 3236 3619 etiam
3263 3566 3407 3636 quod
3440 3564 3567 3629 alia,
3588 3575 3715 3632 qua

2109 3670 2318 3715 naturae
2347 3659 2726 3730 impedimenta
2754 3671 2929 3723 erant,
2949 3675 3055 3715 non
3076 3654 3711 3726 fueruntimpedimenta,

2110 3763 2167 3809 et
2192 3753 2368 3825 major
2387 3753 2521 3809 facta
2548 3761 2632 3810 est
2650 3755 2912 3811 accessio.
2944 3753 3062 3810 Non
3091 3754 3267 3808 solum
3297 3752 3429 3807 nihil
3469 3747 3717 3819 impediit

2110 3838 2317 3902 rudltas
2342 3854 2397 3900 et
2426 3846 2729 3915 imperitia,
2760 3845 2855 3902 sed
2883 3848 3044 3902 etiam
3077 3846 3178 3901 hoc
3223 3847 3396 3915 ipsum
3438 3840 3616 3897 ell'ecit
3658 3848 3718 3893 ut

2113 3937 2392 3992 manifesta
2427 3936 2581 3992 ﬁeret
2610 3937 2944 4007 pncdicatio.
2974 3937 3112 3992 Audi
3140 3935 3283 3991 enim
3309 3934 3509 3990 Lucam
3532 3931 3720 3987 dicen-

2110 4040 2219 4086 tem
2255 4049 2267 4087 :
2301 4029 2367 4084 Et
2397 4047 2511 4084 cum
2538 4031 2938 4102 comperissent,
2969 4032 3177 4102 inquit,
3210 4033 3347 4102 quod
3378 4028 3605 4083 homines
3635 4042 3718 4080 es-

2110 4133 2219 4180 sent
2244 4123 2476 4177 illiterati
2504 4133 2551 4177 et
2576 4124 2762 4191 rudes,
2809 4123 3129 4177 mirabantur
3159 4122 3304 4194 (Act.
3343 4122 3395 4177 4.
3432 4121 3499 4175 15
3597 4118 3715 4174 Non

2111 4217 2287 4272 solum
2311 4216 2443 4271 nihil
2474 4215 2831 4286 prohibebant
2858 4215 3101 4279 vincula,
3135 4214 3231 4269 sed
3265 4229 3326 4268 ea
3356 4213 3469 4283 ipsa
3509 4211 3719 4266 elﬁcie-

2113 4309 2242 4363 bant
2262 4323 2358 4363 eos
2386 4307 2829 4362 conﬁdentiores.
2863 4306 2979 4361 Non
3013 4307 3147 4361 adeo
3176 4304 3521 4360 conﬁdebant
3547 4302 3716 4356 disci-

2116 4401 2223 4472 puli
2250 4416 2372 4456 cum
2402 4400 2596 4455 Paulus
2624 4408 2768 4455 esset
2794 4399 3021 4464 solutus,
3046 4412 3205 4469 quam
3234 4411 3356 4451 cum
3380 4395 3613 4450 vinctus.
3646 4391 3716 4448 Ut

2114 4494 2475 4559 abundantius,
2500 4495 2694 4564 inquit,
2725 4496 2946 4548 audeant
2974 4493 3082 4547 sine
3110 4493 3291 4547 timore
3314 4505 3595 4546 sermonem
3621 4486 3715 4541 Dei

2115 4587 2255 4656 loqui
2284 4586 2304 4657 (
2330 4584 2443 4640 Col.
2475 4588 2527 4641 1.
2560 4586 2627 4641 14
2656 4588 2694 4656 ).
2732 4584 2828 4641 Ubi
2860 4594 2987 4641 sunt
3011 4586 3100 4655 qui
3131 4584 3318 4639 dicunt
3343 4583 3580 4638 divinant
3609 4595 3719 4634 non

2116 4696 2238 4736 esse
2263 4680 2742 4750 prmdicationem?
2781 4680 2987 4735 ruditus
3012 4688 3066 4735 et
3096 4678 3361 4748 imperitia
3409 4689 3516 4730 non
3569 4670 3720 4729 sufﬁ-

2116 4776 2293 4831 ciebat
2320 4775 2384 4829 atl
2412 4775 2756 4830 efﬁciendum
2785 4785 2843 4829 ut
2873 4776 2973 4845 ipsi
3000 4769 3532 4829 condemnarentur?
3559 4783 3722 4839 opor-

2119 4870 2264 4925 tebat
2304 4884 2434 4939 ergo
2460 4884 2554 4924 eos
2582 4869 2669 4923 hic
2698 4884 2914 4939 quoque
2958 4866 3203 4922 terrere?
3249 4866 3410 4920 Scitis
3454 4862 3600 4918 enim
3639 4861 3727 4915 his

2118 4964 2328 5020 duobus
2354 4963 2520 5017 animi
2554 4964 2755 5017 morbis
2786 4964 2957 5018 teneri
2986 4961 3404 5020 multitudinem,
3436 4958 3577 5012 inani
3599 4956 3721 5029 glo—

2118 5058 2198 5112 ria
2226 5065 2283 5111 et
2306 5055 2499 5124 abjecti
2528 5055 2694 5108 animi
2724 5056 2876 5108 vitio.
2925 5053 3152 5107 Rudilas
3196 5061 3251 5106 et
3295 5052 3565 5120 imperitia
3616 5064 3726 5103 non

2120 5149 2332 5205 sinebat
2360 5162 2455 5202 cos
2484 5146 2717 5201 sulfundi
2761 5146 3000 5216 pudore;
3047 5144 3281 5215 pericula
3326 5144 3407 5198 eis
3456 5140 3727 5197 debebant

2123 5241 2344 5311 injicere
2399 5240 2667 5293 timorem.
2724 5241 2793 5291 At
2841 5237 3144 5299 faciebant,
3201 5235 3407 5306 inquit,
3441 5234 3723 5288 miracula.

2123 5332 2351 5388 Creditis
2378 5349 2507 5402 ergo
2533 5348 2629 5386 eos
2661 5331 2853 5388 fecisse
2882 5332 3161 5387 miracula.
3193 5333 3261 5384 At
3282 5345 3389 5383 non
3422 5326 3730 5383 faciebant?

2124 5426 2237 5481 Hoc
2266 5434 2346 5479 est
2376 5425 2548 5495 majus
2576 5425 2891 5479 miraculum
2920 5439 3078 5494 quam
3126 5422 3303 5478 facere
3326 5463 3341 5489 ,
3387 5422 3433 5477 si
3486 5419 3724 5475 adduce-

2124 5520 2321 5576 bantur
2351 5517 2597 5571 homines
2621 5517 2824 5585 absque
2853 5515 3145 5571 miraculis.

2197 5610 2278 5665 De
2308 5609 2661 5666 Socrate.—\’
2671 5610 2845 5663 iactus
2872 5610 3035 5663 etiam
3064 5608 3163 5663 fuit
3187 5606 3328 5673 apud
3359 5605 3580 5662 Grmcos
3624 5604 3731 5660 So-

2126 5715 2303 5759 crates
2334 5721 2347 5757 :
2378 5703 2506 5774 quid
2546 5702 2719 5772 ergo?
2763 5716 2944 5757 annon
2970 5701 3150 5756 statim
3181 5699 3451 5771 Megaram
3482 5698 3727 5768 fugerunt

2128 5797 2380 5869 discipuli
2402 5800 2427 5852 ?
2456 5797 2690 5853 Maxime
2720 5814 2734 5851 :
2762 5812 2868 5852 non
2898 5795 3041 5851 enim
3070 5795 3407 5851 admiserunt
3437 5809 3559 5865 qua:
3584 5793 3732 5849 dice-

2134 5893 2331 5950 bantur
2358 5893 2426 5951 de
2453 5891 2879 5952 immortalitate.
2911 5889 3020 5947 Sed
3063 5889 3150 5948 hic
3195 5889 3317 5947 vide
3346 5906 3363 5945 :
3400 5890 3612 5945 vinctus
3647 5892 3733 5940 est
