  <div class='ocr_page' id='page_1' title='image "/cluster/home/n/w/nwhite01/storage/ocr_20150623/62:no.11/coo.31924054869627/377.png"; bbox 0 0 4140 6560; ppageno 0'>
   <div class='ocr_carea' id='block_1_1' title="bbox 421 390 521 449">
    <p class='ocr_par' dir='ltr' id='par_1_1' title="bbox 421 390 521 449">
     <span class='ocr_line' id='line_1_1' title="bbox 421 390 521 449; baseline 0.04 -5"><span class='ocrx_word' id='word_1_1' title='bbox 421 390 521 449; x_wconf 64' lang='grc' dir='ltr'><strong>δτι</strong></span> 
     </span>
    </p>
   </div>
   <div class='ocr_carea' id='block_1_2' title="bbox 427 494 2001 576">
    <p class='ocr_par' dir='ltr' id='par_1_2' title="bbox 427 494 2001 576">
     <span class='ocr_line' id='line_1_2' title="bbox 427 494 2001 576; baseline -0.01 -15"><span class='ocrx_word' id='word_1_2' title='bbox 427 504 660 571; x_wconf 80' lang='lat' dir='ltr'><strong>Paulus,</strong></span> <span class='ocrx_word' id='word_1_3' title='bbox 686 515 745 561; x_wconf 86' lang='lat' dir='ltr'><strong>et</strong></span> <span class='ocrx_word' id='word_1_4' title='bbox 771 506 940 576; x_wconf 85' lang='lat' dir='ltr'><strong>magis</strong></span> <span class='ocrx_word' id='word_1_5' title='bbox 982 502 1327 560; x_wconf 81' lang='lat' dir='ltr'><strong>confidebant</strong></span> <span class='ocrx_word' id='word_1_6' title='bbox 1368 496 1612 566; x_wconf 74' lang='lat' dir='ltr'><strong>discipuli</strong></span> <span class='ocrx_word' id='word_1_7' title='bbox 1639 515 1652 550; x_wconf 90' lang='lat'><strong>:</strong></span> <span class='ocrx_word' id='word_1_8' title='bbox 1678 503 1732 550; x_wconf 91' lang='lat' dir='ltr'><strong>ct</strong></span> <span class='ocrx_word' id='word_1_9' title='bbox 1771 494 2001 549; x_wconf 87' lang='lat' dir='ltr'><strong>merito:</strong></span> 
     </span>
    </p>
   </div>
   <div class='ocr_carea' id='block_1_3' title="bbox 427 587 2011 666">
    <p class='ocr_par' dir='ltr' id='par_1_3' title="bbox 427 587 2011 666">
     <span class='ocr_line' id='line_1_3' title="bbox 427 587 2011 666; baseline -0.007 -15"><span class='ocrx_word' id='word_1_10' title='bbox 427 599 682 656; x_wconf 72' lang='lat' dir='ltr'><strong>videbant</strong></span> <span class='ocrx_word' id='word_1_11' title='bbox 723 600 866 655; x_wconf 90' lang='lat' dir='ltr'><strong>enim</strong></span> <span class='ocrx_word' id='word_1_12' title='bbox 917 614 1022 653; x_wconf 89' lang='lat' dir='ltr'><strong>non</strong></span> <span class='ocrx_word' id='word_1_13' title='bbox 1069 594 1317 666; x_wconf 89' lang='lat' dir='ltr'><strong>impediri</strong></span> <span class='ocrx_word' id='word_1_14' title='bbox 1369 591 1824 662; x_wconf 76' lang='lat' dir='ltr'><strong>praedicationem.</strong></span> <span class='ocrx_word' id='word_1_15' title='bbox 1871 587 2011 642; x_wconf 87' lang='lat' dir='ltr'><strong>Num</strong></span> 
     </span>
    </p>
   </div>
   <div class='ocr_carea' id='block_1_4' title="bbox 430 678 2014 761">
    <p class='ocr_par' dir='ltr' id='par_1_4' title="bbox 430 678 2014 761">
     <span class='ocr_line' id='line_1_4' title="bbox 430 678 2014 761; baseline -0.008 -15"><span class='ocrx_word' id='word_1_16' title='bbox 430 701 583 761; x_wconf 85' lang='lat' dir='ltr'><strong>potes</strong></span> <span class='ocrx_word' id='word_1_17' title='bbox 607 689 869 760; x_wconf 89' lang='lat' dir='ltr'><strong>impedire</strong></span> <span class='ocrx_word' id='word_1_18' title='bbox 895 687 1169 758; x_wconf 79' lang='lat' dir='ltr'><strong>linguam?</strong></span> <span class='ocrx_word' id='word_1_19' title='bbox 1197 701 1292 755; x_wconf 91' lang='lat' dir='ltr'><strong>per</strong></span> <span class='ocrx_word' id='word_1_20' title='bbox 1320 699 1439 740; x_wconf 86' lang='lat' dir='ltr'><strong>eam</strong></span> <span class='ocrx_word' id='word_1_21' title='bbox 1466 683 1636 739; x_wconf 85' lang='lat' dir='ltr'><strong>currit</strong></span> <span class='ocrx_word' id='word_1_22' title='bbox 1664 681 1914 736; x_wconf 82' lang='lat' dir='ltr'><strong>maxime.</strong></span> <span class='ocrx_word' id='word_1_23' title='bbox 1943 678 2014 733; x_wconf 82' lang='lat' dir='ltr'><strong>Ut</strong></span> 
     </span>
    </p>
   </div>
   <div class='ocr_carea' id='block_1_5' title="bbox 430 776 2012 850">
    <p class='ocr_par' dir='ltr' id='par_1_5' title="bbox 430 776 2012 850">
     <span class='ocr_line' id='line_1_5' title="bbox 430 776 2012 850; baseline -0.009 -13"><span class='ocrx_word' id='word_1_24' title='bbox 430 783 574 837; x_wconf 86' lang='lat' dir='ltr'><strong>enim</strong></span> <span class='ocrx_word' id='word_1_25' title='bbox 600 797 909 849; x_wconf 75' lang='lat' dir='ltr'><strong>cursorem,</strong></span> <span class='ocrx_word' id='word_1_26' title='bbox 938 780 1038 835; x_wconf 87' lang='lat' dir='ltr'><strong>nisi</strong></span> <span class='ocrx_word' id='word_1_27' title='bbox 1080 778 1244 850; x_wconf 81' lang='lat' dir='ltr'><strong>pedes</strong></span> <span class='ocrx_word' id='word_1_28' title='bbox 1289 776 1533 833; x_wconf 78' lang='lat' dir='ltr'><strong>vinxeris</strong></span> <span class='ocrx_word' id='word_1_29' title='bbox 1560 816 1578 839; x_wconf 96' lang='lat'><strong>,</strong></span> <span class='ocrx_word' id='word_1_30' title='bbox 1620 790 1650 828; x_wconf 89' lang='lat' dir='ltr'><strong>a</strong></span> <span class='ocrx_word' id='word_1_31' title='bbox 1704 789 1863 828; x_wconf 86' lang='lat' dir='ltr'><strong>cursu</strong></span> <span class='ocrx_word' id='word_1_32' title='bbox 1909 785 2012 824; x_wconf 85' lang='lat' dir='ltr'><strong>non</strong></span> 
     </span>
    </p>
   </div>
   <div class='ocr_carea' id='block_1_6' title="bbox 432 862 2015 943">
    <p class='ocr_par' dir='ltr' id='par_1_6' title="bbox 432 862 2015 943">
     <span class='ocr_line' id='line_1_6' title="bbox 432 862 2015 943; baseline -0.006 -19"><span class='ocrx_word' id='word_1_33' title='bbox 432 872 769 943; x_wconf 73' lang='lat' dir='ltr'><strong>prohibueris</strong></span> <span class='ocrx_word' id='word_1_34' title='bbox 800 888 814 924; x_wconf 95' lang='lat'><strong>:</strong></span> <span class='ocrx_word' id='word_1_35' title='bbox 847 874 920 926; x_wconf 82' lang='lat' dir='ltr'><strong>ita</strong></span> <span class='ocrx_word' id='word_1_36' title='bbox 943 871 1108 927; x_wconf 86' lang='lat' dir='ltr'><strong>etiam</strong></span> <span class='ocrx_word' id='word_1_37' title='bbox 1136 868 1481 939; x_wconf 72' lang='lat' dir='ltr'><strong>evangelista:</strong></span> <span class='ocrx_word' id='word_1_38' title='bbox 1529 866 1632 921; x_wconf 83' lang='lat' dir='ltr'><strong>nisi</strong></span> <span class='ocrx_word' id='word_1_39' title='bbox 1676 865 1907 933; x_wconf 77' lang='lat' dir='ltr'><strong>linguam</strong></span> <span class='ocrx_word' id='word_1_40' title='bbox 1953 862 2015 915; x_wconf 84' lang='lat' dir='ltr'><strong>li-</strong></span> 
     </span>
    </p>
   </div>
   <div class='ocr_carea' id='block_1_7' title="bbox 430 953 2018 1030">
    <p class='ocr_par' dir='ltr' id='par_1_7' title="bbox 430 953 2018 1030">
     <span class='ocr_line' id='line_1_7' title="bbox 430 953 2018 1030; baseline -0.005 -15"><span class='ocrx_word' id='word_1_41' title='bbox 430 962 597 1030; x_wconf 87' lang='lat' dir='ltr'><strong>garis,</strong></span> <span class='ocrx_word' id='word_1_42' title='bbox 630 977 736 1016; x_wconf 92' lang='lat' dir='ltr'><strong>non</strong></span> <span class='ocrx_word' id='word_1_43' title='bbox 763 962 1102 1030; x_wconf 87' lang='lat' dir='ltr'><strong>prohibueris</strong></span> <span class='ocrx_word' id='word_1_44' title='bbox 1129 961 1414 1029; x_wconf 81' lang='lat' dir='ltr'><strong>quominus</strong></span> <span class='ocrx_word' id='word_1_45' title='bbox 1443 959 1488 1013; x_wconf 95' lang='lat' dir='ltr'><strong>is</strong></span> <span class='ocrx_word' id='word_1_46' title='bbox 1512 964 1714 1012; x_wconf 91' lang='lat' dir='ltr'><strong>currat.</strong></span> <span class='ocrx_word' id='word_1_47' title='bbox 1747 953 1850 1009; x_wconf 82' lang='lat' dir='ltr'><strong>Sed</strong></span> <span class='ocrx_word' id='word_1_48' title='bbox 1879 954 2018 1008; x_wconf 90' lang='lat' dir='ltr'><strong>sicut</strong></span> 
     </span>
    </p>
   </div>
   <div class='ocr_carea' id='block_1_8' title="bbox 434 1046 2015 1123">
    <p class='ocr_par' dir='ltr' id='par_1_8' title="bbox 434 1046 2015 1123">
     <span class='ocr_line' id='line_1_8' title="bbox 434 1046 2015 1123; baseline -0.006 -15"><span class='ocrx_word' id='word_1_49' title='bbox 434 1054 525 1109; x_wconf 81' lang='lat' dir='ltr'><strong>ilic</strong></span> <span class='ocrx_word' id='word_1_50' title='bbox 551 1054 595 1108; x_wconf 88' lang='lat' dir='ltr'><strong>si</strong></span> <span class='ocrx_word' id='word_1_51' title='bbox 619 1052 835 1109; x_wconf 80' lang='lat' dir='ltr'><strong>lumbos</strong></span> <span class='ocrx_word' id='word_1_52' title='bbox 861 1054 1066 1123; x_wconf 85' lang='lat' dir='ltr'><strong>iigaris,</strong></span> <span class='ocrx_word' id='word_1_53' title='bbox 1103 1053 1271 1119; x_wconf 80' lang='lat' dir='ltr'><strong>magis</strong></span> <span class='ocrx_word' id='word_1_54' title='bbox 1312 1050 1483 1106; x_wconf 83' lang='lat' dir='ltr'><strong>currit</strong></span> <span class='ocrx_word' id='word_1_55' title='bbox 1527 1059 1582 1104; x_wconf 91' lang='lat' dir='ltr'><strong>et</strong></span> <span class='ocrx_word' id='word_1_56' title='bbox 1630 1056 1912 1117; x_wconf 88' lang='lat' dir='ltr'><strong>portatur:</strong></span> <span class='ocrx_word' id='word_1_57' title='bbox 1945 1046 2015 1099; x_wconf 89' lang='lat' dir='ltr'><strong>ita</strong></span> 
     </span>
    </p>
   </div>
   <div class='ocr_carea' id='block_1_9' title="bbox 436 1140 2016 1214">
    <p class='ocr_par' dir='ltr' id='par_1_9' title="bbox 436 1140 2016 1214">
     <span class='ocr_line' id='line_1_9' title="bbox 436 1140 2016 1214; baseline -0.003 -17"><span class='ocrx_word' id='word_1_58' title='bbox 436 1143 523 1198; x_wconf 91' lang='lat' dir='ltr'><strong>hic</strong></span> <span class='ocrx_word' id='word_1_59' title='bbox 548 1159 777 1213; x_wconf 89' lang='lat' dir='ltr'><strong>quoque,</strong></span> <span class='ocrx_word' id='word_1_60' title='bbox 809 1145 1018 1199; x_wconf 90' lang='lat' dir='ltr'><strong>vinctus</strong></span> <span class='ocrx_word' id='word_1_61' title='bbox 1044 1145 1214 1214; x_wconf 84' lang='lat' dir='ltr'><strong>magis</strong></span> <span class='ocrx_word' id='word_1_62' title='bbox 1255 1143 1543 1214; x_wconf 68' lang='lat' dir='ltr'><strong>praedicat,</strong></span> <span class='ocrx_word' id='word_1_63' title='bbox 1594 1140 1918 1209; x_wconf 81' lang='lat' dir='ltr'><strong>liberiusque</strong></span> <span class='ocrx_word' id='word_1_64' title='bbox 1962 1145 2016 1192; x_wconf 91' lang='lat' dir='ltr'><strong>et</strong></span> 
     </span>
    </p>
   </div>
   <div class='ocr_carea' id='block_1_10' title="bbox 430 1229 2018 1303">
    <p class='ocr_par' dir='ltr' id='par_1_10' title="bbox 430 1229 2018 1303">
     <span class='ocr_line' id='line_1_10' title="bbox 430 1229 2018 1303; baseline -0.004 -14"><span class='ocrx_word' id='word_1_65' title='bbox 430 1234 811 1290; x_wconf 85' lang='lat' dir='ltr'><strong>confidentius.</strong></span> <span class='ocrx_word' id='word_1_66' title='bbox 836 1237 1145 1291; x_wconf 77' lang='lat' dir='ltr'><strong>Extimescit</strong></span> <span class='ocrx_word' id='word_1_67' title='bbox 1166 1235 1396 1300; x_wconf 87' lang='lat' dir='ltr'><strong>vinctus,</strong></span> <span class='ocrx_word' id='word_1_68' title='bbox 1421 1232 1634 1303; x_wconf 78' lang='lat' dir='ltr'><strong>quando</strong></span> <span class='ocrx_word' id='word_1_69' title='bbox 1659 1231 1832 1286; x_wconf 88' lang='lat' dir='ltr'><strong>solum</strong></span> <span class='ocrx_word' id='word_1_70' title='bbox 1861 1229 2018 1283; x_wconf 87' lang='lat' dir='ltr'><strong>fuerit</strong></span> 
     </span>
    </p>
   </div>
   <div class='ocr_carea' id='block_1_11' title="bbox 435 1317 2019 1396">
    <p class='ocr_par' dir='ltr' id='par_1_11' title="bbox 435 1317 2019 1396">
     <span class='ocr_line' id='line_1_11' title="bbox 435 1317 2019 1396; baseline -0.006 -15"><span class='ocrx_word' id='word_1_71' title='bbox 435 1327 705 1382; x_wconf 80' lang='lat' dir='ltr'><strong>vinculum</strong></span> <span class='ocrx_word' id='word_1_72' title='bbox 737 1345 750 1379; x_wconf 89' lang='lat'>:</span> <span class='ocrx_word' id='word_1_73' title='bbox 779 1328 871 1396; x_wconf 85' lang='lat' dir='ltr'><strong>qui</strong></span> <span class='ocrx_word' id='word_1_74' title='bbox 924 1335 1100 1381; x_wconf 88' lang='lat' dir='ltr'><strong>autem</strong></span> <span class='ocrx_word' id='word_1_75' title='bbox 1156 1336 1383 1382; x_wconf 89' lang='lat' dir='ltr'><strong>mortem</strong></span> <span class='ocrx_word' id='word_1_76' title='bbox 1435 1322 1698 1392; x_wconf 89' lang='lat' dir='ltr'><strong>despicit,</strong></span> <span class='ocrx_word' id='word_1_77' title='bbox 1748 1317 2019 1388; x_wconf 82' lang='lat' dir='ltr'><strong>quomodo</strong></span> 
     </span>
    </p>
   </div>
   <div class='ocr_carea' id='block_1_12' title="bbox 437 1415 2015 1490">
    <p class='ocr_par' dir='ltr' id='par_1_12' title="bbox 437 1415 2015 1490">
     <span class='ocr_line' id='line_1_12' title="bbox 437 1415 2015 1490; baseline -0.006 -15"><span class='ocrx_word' id='word_1_78' title='bbox 437 1421 601 1476; x_wconf 84' lang='lat' dir='ltr'><strong>fuerit</strong></span> <span class='ocrx_word' id='word_1_79' title='bbox 623 1421 849 1490; x_wconf 82' lang='lat' dir='ltr'><strong>ligatus?</strong></span> <span class='ocrx_word' id='word_1_80' title='bbox 878 1420 1101 1477; x_wconf 86' lang='lat' dir='ltr'><strong>Perinde</strong></span> <span class='ocrx_word' id='word_1_81' title='bbox 1122 1420 1392 1475; x_wconf 74' lang='lat' dir='ltr'><strong>iaciebant</strong></span> <span class='ocrx_word' id='word_1_82' title='bbox 1415 1427 1576 1488; x_wconf 87' lang='lat' dir='ltr'><strong>atque</strong></span> <span class='ocrx_word' id='word_1_83' title='bbox 1617 1417 1661 1471; x_wconf 91' lang='lat' dir='ltr'><strong>si</strong></span> <span class='ocrx_word' id='word_1_84' title='bbox 1706 1415 1850 1470; x_wconf 87' lang='lat' dir='ltr'><strong>Pauli</strong></span> <span class='ocrx_word' id='word_1_85' title='bbox 1896 1429 2015 1468; x_wconf 84' lang='lat' dir='ltr'><strong>um-</strong></span> 
     </span>
    </p>
   </div>
   <div class='ocr_carea' id='block_1_13' title="bbox 438 1507 2017 1581">
    <p class='ocr_par' dir='ltr' id='par_1_13' title="bbox 438 1507 2017 1581">
     <span class='ocr_line' id='line_1_13' title="bbox 438 1507 2017 1581; baseline -0.006 -13"><span class='ocrx_word' id='word_1_86' title='bbox 438 1512 591 1568; x_wconf 84' lang='lat' dir='ltr'><strong>bram</strong></span> <span class='ocrx_word' id='word_1_87' title='bbox 620 1513 956 1579; x_wconf 75' lang='lat' dir='ltr'><strong>vinxissent,</strong></span> <span class='ocrx_word' id='word_1_88' title='bbox 986 1521 1041 1567; x_wconf 91' lang='lat' dir='ltr'><strong>et</strong></span> <span class='ocrx_word' id='word_1_89' title='bbox 1066 1527 1130 1567; x_wconf 88' lang='lat' dir='ltr'><strong>os</strong></span> <span class='ocrx_word' id='word_1_90' title='bbox 1156 1511 1272 1581; x_wconf 78' lang='lat' dir='ltr'><strong>ejus</strong></span> <span class='ocrx_word' id='word_1_91' title='bbox 1291 1510 1652 1566; x_wconf 87' lang='lat' dir='ltr'><strong>obturassent.</strong></span> <span class='ocrx_word' id='word_1_92' title='bbox 1701 1507 1832 1561; x_wconf 83' lang='lat' dir='ltr'><strong>Erat</strong></span> <span class='ocrx_word' id='word_1_93' title='bbox 1874 1509 2017 1561; x_wconf 88' lang='lat' dir='ltr'><strong>enim</strong></span> 
     </span>
    </p>
   </div>
   <div class='ocr_carea' id='block_1_14' title="bbox 439 1596 2025 1672">
    <p class='ocr_par' dir='ltr' id='par_1_14' title="bbox 439 1596 2025 1672">
     <span class='ocr_line' id='line_1_14' title="bbox 439 1596 2025 1672; baseline -0.004 -15"><span class='ocrx_word' id='word_1_94' title='bbox 439 1618 613 1672; x_wconf 81' lang='lat' dir='ltr'><strong>pugna</strong></span> <span class='ocrx_word' id='word_1_95' title='bbox 641 1602 943 1658; x_wconf 71' lang='lat' dir='ltr'><strong>umbratilis</strong></span> <span class='ocrx_word' id='word_1_96' title='bbox 976 1619 990 1656; x_wconf 91' lang='lat'>:</span> <span class='ocrx_word' id='word_1_97' title='bbox 1020 1617 1141 1656; x_wconf 91' lang='lat' dir='ltr'><strong>nam</strong></span> <span class='ocrx_word' id='word_1_98' title='bbox 1169 1611 1224 1657; x_wconf 93' lang='lat' dir='ltr'><strong>et</strong></span> <span class='ocrx_word' id='word_1_99' title='bbox 1247 1601 1361 1655; x_wconf 82' lang='lat' dir='ltr'><strong>suis</strong></span> <span class='ocrx_word' id='word_1_100' title='bbox 1388 1600 1556 1669; x_wconf 89' lang='lat' dir='ltr'><strong>magis</strong></span> <span class='ocrx_word' id='word_1_101' title='bbox 1599 1607 1714 1655; x_wconf 87' lang='lat' dir='ltr'><strong>erat</strong></span> <span class='ocrx_word' id='word_1_102' title='bbox 1747 1596 2025 1653; x_wconf 87' lang='lat' dir='ltr'><strong>desidera-</strong></span> 
     </span>
    </p>
   </div>
   <div class='ocr_carea' id='block_1_15' title="bbox 437 1688 2019 1764">
    <p class='ocr_par' dir='ltr' id='par_1_15' title="bbox 437 1688 2019 1764">
     <span class='ocr_line' id='line_1_15' title="bbox 437 1688 2019 1764; baseline -0.006 -14"><span class='ocrx_word' id='word_1_103' title='bbox 437 1694 593 1757; x_wconf 81' lang='lat' dir='ltr'><strong>bilis,</strong></span> <span class='ocrx_word' id='word_1_104' title='bbox 623 1704 678 1749; x_wconf 89' lang='lat' dir='ltr'><strong>et</strong></span> <span class='ocrx_word' id='word_1_105' title='bbox 707 1693 936 1749; x_wconf 89' lang='lat' dir='ltr'><strong>inimicis</strong></span> <span class='ocrx_word' id='word_1_106' title='bbox 980 1693 1149 1764; x_wconf 88' lang='lat' dir='ltr'><strong>magis</strong></span> <span class='ocrx_word' id='word_1_107' title='bbox 1193 1691 1555 1756; x_wconf 87' lang='lat' dir='ltr'><strong>reverendus;</strong></span> <span class='ocrx_word' id='word_1_108' title='bbox 1601 1699 1661 1744; x_wconf 91' lang='lat' dir='ltr'><strong>ut</strong></span> <span class='ocrx_word' id='word_1_109' title='bbox 1704 1689 1796 1758; x_wconf 86' lang='lat' dir='ltr'><strong>qui</strong></span> <span class='ocrx_word' id='word_1_110' title='bbox 1841 1688 2019 1755; x_wconf 90' lang='lat' dir='ltr'><strong>magni</strong></span> 
     </span>
    </p>
   </div>
   <div class='ocr_carea' id='block_1_16' title="bbox 438 1778 2021 1852">
    <p class='ocr_par' dir='ltr' id='par_1_16' title="bbox 438 1778 2021 1852">
     <span class='ocr_line' id='line_1_16' title="bbox 438 1778 2021 1852; baseline -0.006 -11"><span class='ocrx_word' id='word_1_111' title='bbox 438 1796 495 1841; x_wconf 87' lang='lat' dir='ltr'><strong>et</strong></span> <span class='ocrx_word' id='word_1_112' title='bbox 521 1785 673 1841; x_wconf 85' lang='lat' dir='ltr'><strong>fortis</strong></span> <span class='ocrx_word' id='word_1_113' title='bbox 698 1785 861 1839; x_wconf 88' lang='lat' dir='ltr'><strong>animi</strong></span> <span class='ocrx_word' id='word_1_114' title='bbox 878 1782 1042 1839; x_wconf 87' lang='lat' dir='ltr'><strong>ferret</strong></span> <span class='ocrx_word' id='word_1_115' title='bbox 1065 1785 1300 1852; x_wconf 71' lang='lat' dir='ltr'><strong>pmmia,</strong></span> <span class='ocrx_word' id='word_1_116' title='bbox 1334 1796 1528 1851; x_wconf 85' lang='lat' dir='ltr'><strong>nempe</strong></span> <span class='ocrx_word' id='word_1_117' title='bbox 1554 1780 1782 1835; x_wconf 89' lang='lat' dir='ltr'><strong>vincula.</strong></span> <span class='ocrx_word' id='word_1_118' title='bbox 1809 1778 2021 1833; x_wconf 89' lang='lat' dir='ltr'><strong>Corona</strong></span> 
     </span>
    </p>
   </div>
   <div class='ocr_carea' id='block_1_17' title="bbox 438 1869 2022 1945">
    <p class='ocr_par' dir='ltr' id='par_1_17' title="bbox 438 1869 2022 1945">
     <span class='ocr_line' id='line_1_17' title="bbox 438 1869 2022 1945; baseline -0.004 -16"><span class='ocrx_word' id='word_1_119' title='bbox 438 1883 596 1931; x_wconf 84' lang='lat' dir='ltr'><strong>ornat</strong></span> <span class='ocrx_word' id='word_1_120' title='bbox 624 1886 802 1945; x_wconf 83' lang='lat' dir='ltr'><strong>caput,</strong></span> <span class='ocrx_word' id='word_1_121' title='bbox 835 1889 940 1930; x_wconf 90' lang='lat' dir='ltr'><strong>non</strong></span> <span class='ocrx_word' id='word_1_122' title='bbox 968 1874 1169 1944; x_wconf 90' lang='lat' dir='ltr'><strong>pudore</strong></span> <span class='ocrx_word' id='word_1_123' title='bbox 1197 1873 1379 1940; x_wconf 86' lang='lat' dir='ltr'><strong>allicit,</strong></span> <span class='ocrx_word' id='word_1_124' title='bbox 1407 1871 1499 1927; x_wconf 87' lang='lat' dir='ltr'><strong>sed</strong></span> <span class='ocrx_word' id='word_1_125' title='bbox 1520 1872 1682 1927; x_wconf 90' lang='lat' dir='ltr'><strong>etiam</strong></span> <span class='ocrx_word' id='word_1_126' title='bbox 1711 1869 2022 1940; x_wconf 80' lang='lat' dir='ltr'><strong>praeclarum</strong></span> 
     </span>
    </p>
   </div>
   <div class='ocr_carea' id='block_1_18' title="bbox 441 1959 2023 2026">
    <p class='ocr_par' dir='ltr' id='par_1_18' title="bbox 441 1959 2023 2026">
     <span class='ocr_line' id='line_1_18' title="bbox 441 1959 2023 2026; baseline -0.006 -5"><span class='ocrx_word' id='word_1_127' title='bbox 441 1966 627 2022; x_wconf 87' lang='lat' dir='ltr'><strong>cflicit.</strong></span> <span class='ocrx_word' id='word_1_128' title='bbox 660 1966 813 2021; x_wconf 86' lang='lat' dir='ltr'><strong>Inviti</strong></span> <span class='ocrx_word' id='word_1_129' title='bbox 840 1981 961 2019; x_wconf 90' lang='lat' dir='ltr'><strong>eum</strong></span> <span class='ocrx_word' id='word_1_130' title='bbox 985 1964 1317 2020; x_wconf 89' lang='lat' dir='ltr'><strong>coronabant</strong></span> <span class='ocrx_word' id='word_1_131' title='bbox 1338 1971 1547 2018; x_wconf 88' lang='lat' dir='ltr'><strong>catena.</strong></span> <span class='ocrx_word' id='word_1_132' title='bbox 1577 1960 1826 2023; x_wconf 86' lang='lat' dir='ltr'><strong>Nam,dic</strong></span> <span class='ocrx_word' id='word_1_133' title='bbox 1855 1959 1985 2015; x_wconf 86' lang='lat' dir='ltr'><strong>mihi</strong></span> <span class='ocrx_word' id='word_1_134' title='bbox 2005 2001 2023 2026; x_wconf 93' lang='lat'><strong>,</strong></span> 
     </span>
    </p>
   </div>
   <div class='ocr_carea' id='block_1_19' title="bbox 441 2052 2026 2128">
    <p class='ocr_par' dir='ltr' id='par_1_19' title="bbox 441 2052 2026 2128">
     <span class='ocr_line' id='line_1_19' title="bbox 441 2052 2026 2128; baseline -0.003 -16"><span class='ocrx_word' id='word_1_135' title='bbox 441 2067 696 2128; x_wconf 79' lang='lat' dir='ltr'><strong>possetne</strong></span> <span class='ocrx_word' id='word_1_136' title='bbox 719 2056 917 2112; x_wconf 81' lang='lat' dir='ltr'><strong>ferrum</strong></span> <span class='ocrx_word' id='word_1_137' title='bbox 945 2054 1233 2111; x_wconf 70' lang='lat' dir='ltr'><strong>formidare</strong></span> <span class='ocrx_word' id='word_1_138' title='bbox 1254 2055 1345 2126; x_wconf 90' lang='lat' dir='ltr'><strong>qui</strong></span> <span class='ocrx_word' id='word_1_139' title='bbox 1385 2053 1615 2109; x_wconf 84' lang='lat' dir='ltr'><strong>audebat</strong></span> <span class='ocrx_word' id='word_1_140' title='bbox 1656 2052 2026 2109; x_wconf 87' lang='lat' dir='ltr'><strong>adamantinas</strong></span> 
     </span>
    </p>
   </div>
   <div class='ocr_carea' id='block_1_20' title="bbox 443 2146 1967 2217">
    <p class='ocr_par' dir='ltr' id='par_1_20' title="bbox 443 2146 1967 2217">
     <span class='ocr_line' id='line_1_20' title="bbox 443 2146 1967 2217; baseline 0 -16"><span class='ocrx_word' id='word_1_141' title='bbox 443 2148 693 2217; x_wconf 87' lang='lat' dir='ltr'><strong>frangere</strong></span> <span class='ocrx_word' id='word_1_142' title='bbox 738 2147 926 2202; x_wconf 91' lang='lat' dir='ltr'><strong>mortis</strong></span> <span class='ocrx_word' id='word_1_143' title='bbox 959 2146 1183 2217; x_wconf 73' lang='lat' dir='ltr'><strong>portas?</strong></span> <span class='ocrx_word' id='word_1_144' title='bbox 1962 2192 1967 2195; x_wconf 85' lang='grc'><em>.</em></span> 
     </span>
    </p>
   </div>
   <div class='ocr_carea' id='block_1_21' title="bbox 525 2233 2030 2308">
    <p class='ocr_par' dir='ltr' id='par_1_21' title="bbox 525 2233 2030 2308">
     <span class='ocr_line' id='line_1_21' title="bbox 525 2233 2030 2308; baseline -0.003 -16"><span class='ocrx_word' id='word_1_145' title='bbox 525 2237 744 2293; x_wconf 78' lang='lat' dir='ltr'><strong>Vincula</strong></span> <span class='ocrx_word' id='word_1_146' title='bbox 776 2237 931 2291; x_wconf 82' lang='lat' dir='ltr'><strong>Pauli</strong></span> <span class='ocrx_word' id='word_1_147' title='bbox 956 2253 1111 2306; x_wconf 85' lang='lat' dir='ltr'><strong>quam</strong></span> <span class='ocrx_word' id='word_1_148' title='bbox 1147 2237 1388 2308; x_wconf 79' lang='lat' dir='ltr'><strong>pretiosa.</strong></span> <span class='ocrx_word' id='word_1_149' title='bbox 1411 2233 1786 2291; x_wconf 80' lang='lat' dir='ltr'><strong>—-Veniamus</strong></span> <span class='ocrx_word' id='word_1_150' title='bbox 1806 2276 1821 2302; x_wconf 92' lang='lat'><strong>,</strong></span> <span class='ocrx_word' id='word_1_151' title='bbox 1871 2251 1905 2290; x_wconf 90' lang='grc' dir='ltr'>ο</span> <span class='ocrx_word' id='word_1_152' title='bbox 1948 2234 2030 2289; x_wconf 83' lang='grc' dir='ltr'><strong>(Ιί-</strong></span> 
     </span>
    </p>
   </div>
   <div class='ocr_carea' id='block_1_22' title="bbox 446 2328 2026 2397">
    <p class='ocr_par' dir='ltr' id='par_1_22' title="bbox 446 2328 2026 2397">
     <span class='ocr_line' id='line_1_22' title="bbox 446 2328 2026 2397; baseline -0.002 -12"><span class='ocrx_word' id='word_1_153' title='bbox 446 2329 595 2397; x_wconf 87' lang='lat' dir='ltr'><strong>lecti,</strong></span> <span class='ocrx_word' id='word_1_154' title='bbox 624 2328 691 2383; x_wconf 92' lang='lat' dir='ltr'><strong>ad</strong></span> <span class='ocrx_word' id='word_1_155' title='bbox 722 2329 1058 2383; x_wconf 77' lang='lat' dir='ltr'><strong>vinculorum</strong></span> <span class='ocrx_word' id='word_1_156' title='bbox 1086 2328 1279 2383; x_wconf 85' lang='lat' dir='ltr'><strong>borum</strong></span> <span class='ocrx_word' id='word_1_157' title='bbox 1309 2328 1483 2382; x_wconf 86' lang='lat' dir='ltr'><strong>zelum</strong></span> <span class='ocrx_word' id='word_1_158' title='bbox 1510 2337 1566 2383; x_wconf 92' lang='lat' dir='ltr'><strong>et</strong></span> <span class='ocrx_word' id='word_1_159' title='bbox 1609 2328 2026 2385; x_wconf 65' lang='lat' dir='ltr'><strong>armnlattonem.</strong></span> 
     </span>
    </p>
   </div>
   <div class='ocr_carea' id='block_1_23' title="bbox 446 2420 2030 2491">
    <p class='ocr_par' dir='ltr' id='par_1_23' title="bbox 446 2420 2030 2491">
     <span class='ocr_line' id='line_1_23' title="bbox 446 2420 2030 2491; baseline 0 -16"><span class='ocrx_word' id='word_1_160' title='bbox 446 2422 808 2491; x_wconf 68' lang='lat' dir='ltr'><strong>Quaecumque</strong></span> <span class='ocrx_word' id='word_1_161' title='bbox 837 2421 1088 2475; x_wconf 90' lang='lat' dir='ltr'><strong>mulieres</strong></span> <span class='ocrx_word' id='word_1_162' title='bbox 1113 2436 1274 2476; x_wconf 86' lang='lat' dir='ltr'><strong>aurea</strong></span> <span class='ocrx_word' id='word_1_163' title='bbox 1306 2420 1552 2476; x_wconf 89' lang='lat' dir='ltr'><strong>induistis</strong></span> <span class='ocrx_word' id='word_1_164' title='bbox 1580 2420 1798 2476; x_wconf 88' lang='lat' dir='ltr'><strong>monilia</strong></span> <span class='ocrx_word' id='word_1_165' title='bbox 1826 2460 1843 2487; x_wconf 96' lang='lat'><strong>,</strong></span> <span class='ocrx_word' id='word_1_166' title='bbox 1879 2420 2030 2475; x_wconf 89' lang='lat' dir='ltr'><strong>Pauli</strong></span> 
     </span>
    </p>
   </div>
   <div class='ocr_carea' id='block_1_24' title="bbox 446 2511 2034 2583">
    <p class='ocr_par' dir='ltr' id='par_1_24' title="bbox 446 2511 2034 2583">
     <span class='ocr_line' id='line_1_24' title="bbox 446 2511 2034 2583; baseline -0.001 -14"><span class='ocrx_word' id='word_1_167' title='bbox 446 2513 756 2570; x_wconf 85' lang='lat' dir='ltr'><strong>desiderate</strong></span> <span class='ocrx_word' id='word_1_168' title='bbox 787 2512 1020 2569; x_wconf 88' lang='lat' dir='ltr'><strong>vincula.</strong></span> <span class='ocrx_word' id='word_1_169' title='bbox 1048 2511 1162 2567; x_wconf 76' lang='lat' dir='ltr'><strong>Non</strong></span> <span class='ocrx_word' id='word_1_170' title='bbox 1193 2514 1270 2568; x_wconf 87' lang='lat' dir='ltr'><strong>sic</strong></span> <span class='ocrx_word' id='word_1_171' title='bbox 1295 2514 1447 2569; x_wconf 91' lang='lat' dir='ltr'><strong>vobis</strong></span> <span class='ocrx_word' id='word_1_172' title='bbox 1478 2515 1622 2569; x_wconf 89' lang='lat' dir='ltr'><strong>circa</strong></span> <span class='ocrx_word' id='word_1_173' title='bbox 1648 2514 1846 2568; x_wconf 92' lang='lat' dir='ltr'><strong>collum</strong></span> <span class='ocrx_word' id='word_1_174' title='bbox 1868 2514 2034 2583; x_wconf 77' lang='lat' dir='ltr'><strong>fulget</strong></span> 
     </span>
    </p>
   </div>
   <div class='ocr_carea' id='block_1_25' title="bbox 448 2602 2032 2674">
    <p class='ocr_par' dir='ltr' id='par_1_25' title="bbox 448 2602 2032 2674">
     <span class='ocr_line' id='line_1_25' title="bbox 448 2602 2032 2674; baseline 0.002 -17"><span class='ocrx_word' id='word_1_175' title='bbox 448 2603 669 2663; x_wconf 86' lang='lat' dir='ltr'><strong>collare.</strong></span> <span class='ocrx_word' id='word_1_176' title='bbox 687 2612 743 2657; x_wconf 91' lang='lat' dir='ltr'><strong>ut</strong></span> <span class='ocrx_word' id='word_1_177' title='bbox 771 2603 825 2657; x_wconf 89' lang='lat' dir='ltr'><strong>in</strong></span> <span class='ocrx_word' id='word_1_178' title='bbox 842 2603 958 2673; x_wconf 85' lang='lat' dir='ltr'><strong>ejus</strong></span> <span class='ocrx_word' id='word_1_179' title='bbox 984 2602 1159 2658; x_wconf 87' lang='lat' dir='ltr'><strong>anima</strong></span> <span class='ocrx_word' id='word_1_180' title='bbox 1185 2603 1416 2674; x_wconf 76' lang='lat' dir='ltr'><strong>fulgebat</strong></span> <span class='ocrx_word' id='word_1_181' title='bbox 1432 2614 1804 2661; x_wconf 89' lang='lat' dir='ltr'><strong>ornamentum</strong></span> <span class='ocrx_word' id='word_1_182' title='bbox 1825 2605 2032 2660; x_wconf 87' lang='lat' dir='ltr'><strong>ferreo-</strong></span> 
     </span>
    </p>
   </div>
   <div class='ocr_carea' id='block_1_26' title="bbox 449 2694 2035 2766">
    <p class='ocr_par' dir='ltr' id='par_1_26' title="bbox 449 2694 2035 2766">
     <span class='ocr_line' id='line_1_26' title="bbox 449 2694 2035 2766; baseline 0.004 -18"><span class='ocrx_word' id='word_1_183' title='bbox 449 2710 565 2748; x_wconf 90' lang='lat' dir='ltr'><strong>rnm</strong></span> <span class='ocrx_word' id='word_1_184' title='bbox 594 2694 944 2749; x_wconf 86' lang='lat' dir='ltr'><strong>vinculorum.</strong></span> <span class='ocrx_word' id='word_1_185' title='bbox 973 2694 1029 2751; x_wconf 87' lang='lat' dir='ltr'><strong>Si</strong></span> <span class='ocrx_word' id='word_1_186' title='bbox 1059 2696 1317 2766; x_wconf 88' lang='lat' dir='ltr'><strong>quispiam</strong></span> <span class='ocrx_word' id='word_1_187' title='bbox 1342 2697 1430 2751; x_wconf 90' lang='lat' dir='ltr'><strong>illa</strong></span> <span class='ocrx_word' id='word_1_188' title='bbox 1458 2697 1743 2763; x_wconf 87' lang='lat' dir='ltr'><strong>desiderat,</strong></span> <span class='ocrx_word' id='word_1_189' title='bbox 1770 2698 1883 2753; x_wconf 74' lang='lat' dir='ltr'><strong>lucc</strong></span> <span class='ocrx_word' id='word_1_190' title='bbox 1909 2699 2035 2755; x_wconf 88' lang='lat' dir='ltr'><strong>odio</strong></span> 
     </span>
    </p>
   </div>
   <div class='ocr_carea' id='block_1_27' title="bbox 449 2782 2031 2863">
    <p class='ocr_par' dir='ltr' id='par_1_27' title="bbox 449 2782 2031 2863">
     <span class='ocr_line' id='line_1_27' title="bbox 449 2782 2031 2863; baseline 0.004 -24"><span class='ocrx_word' id='word_1_191' title='bbox 449 2782 665 2841; x_wconf 86' lang='lat' dir='ltr'><strong>habeat.</strong></span> <span class='ocrx_word' id='word_1_192' title='bbox 693 2785 831 2853; x_wconf 88' lang='lat' dir='ltr'><strong>Quid</strong></span> <span class='ocrx_word' id='word_1_193' title='bbox 857 2786 999 2842; x_wconf 88' lang='lat' dir='ltr'><strong>enim</strong></span> <span class='ocrx_word' id='word_1_194' title='bbox 1026 2797 1109 2845; x_wconf 88' lang='lat' dir='ltr'><strong>est</strong></span> <span class='ocrx_word' id='word_1_195' title='bbox 1135 2803 1420 2846; x_wconf 89' lang='lat' dir='ltr'><strong>commune</strong></span> <span class='ocrx_word' id='word_1_196' title='bbox 1456 2790 1680 2863; x_wconf 62' lang='lat' dir='ltr'><strong>ignavia:</strong></span> <span class='ocrx_word' id='word_1_197' title='bbox 1705 2805 1825 2845; x_wconf 91' lang='lat' dir='ltr'><strong>cum</strong></span> <span class='ocrx_word' id='word_1_198' title='bbox 1856 2792 2031 2860; x_wconf 83' lang='lat' dir='ltr'><strong>magni</strong></span> 
     </span>
    </p>
   </div>
   <div class='ocr_carea' id='block_1_28' title="bbox 446 2877 2034 2956">
    <p class='ocr_par' dir='ltr' id='par_1_28' title="bbox 446 2877 2034 2956">
     <span class='ocr_line' id='line_1_28' title="bbox 446 2877 2034 2956; baseline 0.006 -26"><span class='ocrx_word' id='word_1_199' title='bbox 446 2877 611 2932; x_wconf 91' lang='lat' dir='ltr'><strong>animi</strong></span> <span class='ocrx_word' id='word_1_200' title='bbox 640 2878 856 2949; x_wconf 88' lang='lat' dir='ltr'><strong>virtute,</strong></span> <span class='ocrx_word' id='word_1_201' title='bbox 881 2882 1123 2952; x_wconf 86' lang='lat' dir='ltr'><strong>corporis</strong></span> <span class='ocrx_word' id='word_1_202' title='bbox 1160 2894 1476 2939; x_wconf 88' lang='lat' dir='ltr'><strong>ornamento</strong></span> <span class='ocrx_word' id='word_1_203' title='bbox 1507 2898 1630 2939; x_wconf 90' lang='lat' dir='ltr'><strong>cum</strong></span> <span class='ocrx_word' id='word_1_204' title='bbox 1665 2880 2034 2956; x_wconf 79' lang='lat' dir='ltr'><strong>philosophia?</strong></span> 
     </span>
    </p>
   </div>
   <div class='ocr_carea' id='block_1_29' title="bbox 453 2967 2035 3046">
    <p class='ocr_par' dir='ltr' id='par_1_29' title="bbox 453 2967 2035 3046">
     <span class='ocr_line' id='line_1_29' title="bbox 453 2967 2035 3046; baseline 0.004 -23"><span class='ocrx_word' id='word_1_205' title='bbox 453 2967 545 3025; x_wconf 87' lang='lat' dir='ltr'><strong>Illa</strong></span> <span class='ocrx_word' id='word_1_206' title='bbox 566 2970 776 3026; x_wconf 90' lang='lat' dir='ltr'><strong>vincula</strong></span> <span class='ocrx_word' id='word_1_207' title='bbox 803 2984 1121 3030; x_wconf 81' lang='lat' dir='ltr'><strong>reverentur</strong></span> <span class='ocrx_word' id='word_1_208' title='bbox 1145 2974 1319 3046; x_wconf 82' lang='lat' dir='ltr'><strong>angeli</strong></span> <span class='ocrx_word' id='word_1_209' title='bbox 1345 2992 1362 3042; x_wconf 89' lang='lat'><strong>;</strong></span> <span class='ocrx_word' id='word_1_210' title='bbox 1392 2974 1510 3030; x_wconf 71' lang='lat' dir='ltr'><strong>haec</strong></span> <span class='ocrx_word' id='word_1_211' title='bbox 1536 2990 1665 3031; x_wconf 89' lang='lat' dir='ltr'><strong>vero</strong></span> <span class='ocrx_word' id='word_1_212' title='bbox 1688 2976 1847 3030; x_wconf 88' lang='lat' dir='ltr'><strong>etiam</strong></span> <span class='ocrx_word' id='word_1_213' title='bbox 1897 2975 2035 3030; x_wconf 89' lang='lat' dir='ltr'><strong>ludi-</strong></span> 
     </span>
    </p>
   </div>
   <div class='ocr_carea' id='block_1_30' title="bbox 454 3061 2034 3122">
    <p class='ocr_par' dir='ltr' id='par_1_30' title="bbox 454 3061 2034 3122">
     <span class='ocr_line' id='line_1_30' title="bbox 454 3061 2034 3122; baseline 0.005 -8"><span class='ocrx_word' id='word_1_214' title='bbox 454 3061 684 3117; x_wconf 89' lang='lat' dir='ltr'><strong>licantur</strong></span> <span class='ocrx_word' id='word_1_215' title='bbox 711 3082 726 3119; x_wconf 88' lang='lat'><strong>:</strong></span> <span class='ocrx_word' id='word_1_216' title='bbox 757 3063 846 3119; x_wconf 86' lang='lat' dir='ltr'><strong>illa</strong></span> <span class='ocrx_word' id='word_1_217' title='bbox 899 3065 1112 3120; x_wconf 90' lang='lat' dir='ltr'><strong>vincula</strong></span> <span class='ocrx_word' id='word_1_218' title='bbox 1156 3065 1334 3121; x_wconf 88' lang='lat' dir='ltr'><strong>solent</strong></span> <span class='ocrx_word' id='word_1_219' title='bbox 1381 3081 1411 3120; x_wconf 91' lang='lat' dir='ltr'><strong>a</strong></span> <span class='ocrx_word' id='word_1_220' title='bbox 1440 3075 1582 3122; x_wconf 89' lang='lat' dir='ltr'><strong>terra</strong></span> <span class='ocrx_word' id='word_1_221' title='bbox 1610 3065 1680 3122; x_wconf 88' lang='lat' dir='ltr'><strong>ad</strong></span> <span class='ocrx_word' id='word_1_222' title='bbox 1707 3067 1896 3122; x_wconf 70' lang='lat' dir='ltr'><strong>caelum</strong></span> <span class='ocrx_word' id='word_1_223' title='bbox 1929 3066 2034 3122; x_wconf 88' lang='lat' dir='ltr'><strong>tol-</strong></span> 
     </span>
    </p>
   </div>
   <div class='ocr_carea' id='block_1_31' title="bbox 453 3152 2032 3217">
    <p class='ocr_par' dir='ltr' id='par_1_31' title="bbox 453 3152 2032 3217">
     <span class='ocr_line' id='line_1_31' title="bbox 453 3152 2032 3217; baseline 0.003 -11"><span class='ocrx_word' id='word_1_224' title='bbox 453 3152 601 3217; x_wconf 90' lang='lat' dir='ltr'><strong>lere;</strong></span> <span class='ocrx_word' id='word_1_225' title='bbox 633 3152 748 3209; x_wconf 82' lang='lat' dir='ltr'><strong>haec</strong></span> <span class='ocrx_word' id='word_1_226' title='bbox 764 3153 973 3210; x_wconf 89' lang='lat' dir='ltr'><strong>vincula</strong></span> <span class='ocrx_word' id='word_1_227' title='bbox 991 3168 1021 3209; x_wconf 89' lang='lat' dir='ltr'><strong>a</strong></span> <span class='ocrx_word' id='word_1_228' title='bbox 1047 3155 1182 3210; x_wconf 65' lang='lat' dir='ltr'><strong>caelo</strong></span> <span class='ocrx_word' id='word_1_229' title='bbox 1196 3155 1469 3211; x_wconf 90' lang='lat' dir='ltr'><strong>deducunt</strong></span> <span class='ocrx_word' id='word_1_230' title='bbox 1488 3156 1555 3211; x_wconf 89' lang='lat' dir='ltr'><strong>ad</strong></span> <span class='ocrx_word' id='word_1_231' title='bbox 1583 3164 1799 3212; x_wconf 90' lang='lat' dir='ltr'><strong>terram.</strong></span> <span class='ocrx_word' id='word_1_232' title='bbox 1825 3156 2032 3212; x_wconf 80' lang='lat' dir='ltr'><strong>Revera</strong></span> 
     </span>
    </p>
   </div>
   <div class='ocr_carea' id='block_1_32' title="bbox 449 3244 2033 3314">
    <p class='ocr_par' dir='ltr' id='par_1_32' title="bbox 449 3244 2033 3314">
     <span class='ocr_line' id='line_1_32' title="bbox 449 3244 2033 3314; baseline 0.003 -15"><span class='ocrx_word' id='word_1_233' title='bbox 449 3244 593 3299; x_wconf 88' lang='lat' dir='ltr'><strong>cnim</strong></span> <span class='ocrx_word' id='word_1_234' title='bbox 622 3244 736 3300; x_wconf 84' lang='lat' dir='ltr'><strong>haec</strong></span> <span class='ocrx_word' id='word_1_235' title='bbox 764 3254 890 3301; x_wconf 90' lang='lat' dir='ltr'><strong>sunt</strong></span> <span class='ocrx_word' id='word_1_236' title='bbox 917 3246 1128 3302; x_wconf 89' lang='lat' dir='ltr'><strong>vincula</strong></span> <span class='ocrx_word' id='word_1_237' title='bbox 1153 3286 1172 3314; x_wconf 91' lang='lat'><strong>,</strong></span> <span class='ocrx_word' id='word_1_238' title='bbox 1199 3261 1306 3302; x_wconf 92' lang='lat' dir='ltr'><strong>non</strong></span> <span class='ocrx_word' id='word_1_239' title='bbox 1342 3246 1432 3301; x_wconf 92' lang='lat' dir='ltr'><strong>illa</strong></span> <span class='ocrx_word' id='word_1_240' title='bbox 1459 3262 1474 3300; x_wconf 88' lang='lat'>:</span> <span class='ocrx_word' id='word_1_241' title='bbox 1502 3247 1590 3301; x_wconf 89' lang='lat' dir='ltr'><strong>illa</strong></span> <span class='ocrx_word' id='word_1_242' title='bbox 1635 3257 2033 3313; x_wconf 88' lang='lat' dir='ltr'><strong>ornamentum,</strong></span> 
     </span>
    </p>
   </div>
   <div class='ocr_carea' id='block_1_33' title="bbox 452 3337 2031 3411">
    <p class='ocr_par' dir='ltr' id='par_1_33' title="bbox 452 3337 2031 3411">
     <span class='ocr_line' id='line_1_33' title="bbox 452 3337 2031 3411; baseline 0.003 -19"><span class='ocrx_word' id='word_1_243' title='bbox 452 3337 570 3393; x_wconf 82' lang='lat' dir='ltr'><strong>lnec</strong></span> <span class='ocrx_word' id='word_1_244' title='bbox 594 3338 801 3394; x_wconf 89' lang='lat' dir='ltr'><strong>vincula</strong></span> <span class='ocrx_word' id='word_1_245' title='bbox 829 3356 843 3393; x_wconf 91' lang='lat'>:</span> <span class='ocrx_word' id='word_1_246' title='bbox 875 3339 993 3394; x_wconf 60' lang='lat' dir='ltr'><strong>haec</strong></span> <span class='ocrx_word' id='word_1_247' title='bbox 1018 3353 1141 3394; x_wconf 90' lang='lat' dir='ltr'><strong>eum</strong></span> <span class='ocrx_word' id='word_1_248' title='bbox 1172 3353 1401 3409; x_wconf 89' lang='lat' dir='ltr'><strong>corpore</strong></span> <span class='ocrx_word' id='word_1_249' title='bbox 1428 3339 1663 3394; x_wconf 88' lang='lat' dir='ltr'><strong>animam</strong></span> <span class='ocrx_word' id='word_1_250' title='bbox 1692 3354 1910 3411; x_wconf 90' lang='lat' dir='ltr'><strong>quoque</strong></span> <span class='ocrx_word' id='word_1_251' title='bbox 1931 3356 2031 3411; x_wconf 80' lang='lat' dir='ltr'><strong>op-</strong></span> 
     </span>
    </p>
   </div>
   <div class='ocr_carea' id='block_1_34' title="bbox 452 3431 2034 3503">
    <p class='ocr_par' dir='ltr' id='par_1_34' title="bbox 452 3431 2034 3503">
     <span class='ocr_line' id='line_1_34' title="bbox 452 3431 2034 3503; baseline 0.004 -21"><span class='ocrx_word' id='word_1_252' title='bbox 452 3431 722 3498; x_wconf 86' lang='lat' dir='ltr'><strong>primunt:</strong></span> <span class='ocrx_word' id='word_1_253' title='bbox 751 3432 839 3485; x_wconf 88' lang='lat' dir='ltr'><strong>illa</strong></span> <span class='ocrx_word' id='word_1_254' title='bbox 861 3446 982 3487; x_wconf 91' lang='lat' dir='ltr'><strong>cum</strong></span> <span class='ocrx_word' id='word_1_255' title='bbox 1005 3446 1235 3503; x_wconf 88' lang='lat' dir='ltr'><strong>corpore</strong></span> <span class='ocrx_word' id='word_1_256' title='bbox 1259 3440 1454 3487; x_wconf 88' lang='lat' dir='ltr'><strong>ornant</strong></span> <span class='ocrx_word' id='word_1_257' title='bbox 1477 3432 1638 3487; x_wconf 88' lang='lat' dir='ltr'><strong>etiam</strong></span> <span class='ocrx_word' id='word_1_258' title='bbox 1657 3433 1911 3489; x_wconf 90' lang='lat' dir='ltr'><strong>animam.</strong></span> <span class='ocrx_word' id='word_1_259' title='bbox 1941 3433 2034 3490; x_wconf 85' lang='lat' dir='ltr'><strong>Vis</strong></span> 
     </span>
    </p>
   </div>
   <div class='ocr_carea' id='block_1_35' title="bbox 450 3523 2038 3596">
    <p class='ocr_par' dir='ltr' id='par_1_35' title="bbox 450 3523 2038 3596">
     <span class='ocr_line' id='line_1_35' title="bbox 450 3523 2038 3596; baseline 0.003 -19"><span class='ocrx_word' id='word_1_260' title='bbox 450 3523 594 3577; x_wconf 90' lang='lat' dir='ltr'><strong>scire</strong></span> <span class='ocrx_word' id='word_1_261' title='bbox 622 3523 765 3594; x_wconf 89' lang='lat' dir='ltr'><strong>quod</strong></span> <span class='ocrx_word' id='word_1_262' title='bbox 797 3523 890 3578; x_wconf 91' lang='lat' dir='ltr'><strong>illa</strong></span> <span class='ocrx_word' id='word_1_263' title='bbox 936 3524 1044 3579; x_wconf 91' lang='lat' dir='ltr'><strong>sint</strong></span> <span class='ocrx_word' id='word_1_264' title='bbox 1095 3525 1510 3580; x_wconf 88' lang='lat' dir='ltr'><strong>ornamentum?</strong></span> <span class='ocrx_word' id='word_1_265' title='bbox 1558 3524 1651 3580; x_wconf 84' lang='lat' dir='ltr'><strong>Dic</strong></span> <span class='ocrx_word' id='word_1_266' title='bbox 1691 3526 1822 3580; x_wconf 92' lang='lat' dir='ltr'><strong>mihi</strong></span> <span class='ocrx_word' id='word_1_267' title='bbox 1851 3566 1868 3593; x_wconf 94' lang='lat'><strong>,</strong></span> <span class='ocrx_word' id='word_1_268' title='bbox 1916 3526 2038 3596; x_wconf 90' lang='lat' dir='ltr'><strong>quis</strong></span> 
     </span>
    </p>
   </div>
   <div class='ocr_carea' id='block_1_36' title="bbox 453 3615 2039 3688">
    <p class='ocr_par' dir='ltr' id='par_1_36' title="bbox 453 3615 2039 3688">
     <span class='ocr_line' id='line_1_36' title="bbox 453 3615 2039 3688; baseline 0.003 -20"><span class='ocrx_word' id='word_1_269' title='bbox 453 3615 623 3684; x_wconf 79' lang='lat' dir='ltr'><strong>magis</strong></span> <span class='ocrx_word' id='word_1_270' title='bbox 651 3623 983 3685; x_wconf 85' lang='lat' dir='ltr'><strong>spectatores</strong></span> <span class='ocrx_word' id='word_1_271' title='bbox 1011 3616 1266 3681; x_wconf 82' lang='lat' dir='ltr'><strong>attraxit,</strong></span> <span class='ocrx_word' id='word_1_272' title='bbox 1299 3624 1374 3681; x_wconf 92' lang='lat' dir='ltr'><strong>tu,</strong></span> <span class='ocrx_word' id='word_1_273' title='bbox 1422 3631 1491 3670; x_wconf 89' lang='lat' dir='ltr'><strong>an</strong></span> <span class='ocrx_word' id='word_1_274' title='bbox 1533 3616 1764 3673; x_wconf 86' lang='lat' dir='ltr'><strong>Paulus?</strong></span> <span class='ocrx_word' id='word_1_275' title='bbox 1808 3616 1937 3688; x_wconf 89' lang='lat' dir='ltr'><strong>quid</strong></span> <span class='ocrx_word' id='word_1_276' title='bbox 1988 3626 2039 3673; x_wconf 90' lang='lat' dir='ltr'><strong>te</strong></span> 
     </span>
    </p>
   </div>
   <div class='ocr_carea' id='block_1_37' title="bbox 453 3704 2037 3779">
    <p class='ocr_par' dir='ltr' id='par_1_37' title="bbox 453 3704 2037 3779">
     <span class='ocr_line' id='line_1_37' title="bbox 453 3704 2037 3779; baseline 0.004 -21"><span class='ocrx_word' id='word_1_277' title='bbox 453 3704 613 3759; x_wconf 92' lang='lat' dir='ltr'><strong>dico?</strong></span> <span class='ocrx_word' id='word_1_278' title='bbox 642 3705 755 3776; x_wconf 87' lang='lat' dir='ltr'><strong>ipsa</strong></span> <span class='ocrx_word' id='word_1_279' title='bbox 782 3705 1096 3775; x_wconf 83' lang='lat' dir='ltr'><strong>lmperatrix</strong></span> <span class='ocrx_word' id='word_1_280' title='bbox 1127 3716 1235 3761; x_wconf 86' lang='lat' dir='ltr'><strong>tota</strong></span> <span class='ocrx_word' id='word_1_281' title='bbox 1262 3722 1395 3762; x_wconf 90' lang='lat' dir='ltr'><strong>auro</strong></span> <span class='ocrx_word' id='word_1_282' title='bbox 1417 3708 1742 3763; x_wconf 88' lang='lat' dir='ltr'><strong>circumdata</strong></span> <span class='ocrx_word' id='word_1_283' title='bbox 1762 3749 1780 3775; x_wconf 91' lang='lat'><strong>,</strong></span> <span class='ocrx_word' id='word_1_284' title='bbox 1824 3722 1920 3764; x_wconf 90' lang='lat' dir='ltr'><strong>eos</strong></span> <span class='ocrx_word' id='word_1_285' title='bbox 1944 3708 2037 3779; x_wconf 88' lang='lat' dir='ltr'><strong>qui</strong></span> 
     </span>
    </p>
   </div>
   <div class='ocr_carea' id='block_1_38' title="bbox 453 3797 2042 3872">
    <p class='ocr_par' dir='ltr' id='par_1_38' title="bbox 453 3797 2042 3872">
     <span class='ocr_line' id='line_1_38' title="bbox 453 3797 2042 3872; baseline 0.006 -23"><span class='ocrx_word' id='word_1_286' title='bbox 453 3797 639 3852; x_wconf 87' lang='lat' dir='ltr'><strong>vident</strong></span> <span class='ocrx_word' id='word_1_287' title='bbox 660 3813 766 3852; x_wconf 92' lang='lat' dir='ltr'><strong>non</strong></span> <span class='ocrx_word' id='word_1_288' title='bbox 795 3799 963 3868; x_wconf 87' lang='lat' dir='ltr'><strong>magis</strong></span> <span class='ocrx_word' id='word_1_289' title='bbox 990 3799 1268 3855; x_wconf 82' lang='lat' dir='ltr'><strong>attraxerit</strong></span> <span class='ocrx_word' id='word_1_290' title='bbox 1293 3816 1306 3854; x_wconf 89' lang='lat'><strong>:</strong></span> <span class='ocrx_word' id='word_1_291' title='bbox 1337 3800 1430 3855; x_wconf 91' lang='lat' dir='ltr'><strong>sed</strong></span> <span class='ocrx_word' id='word_1_292' title='bbox 1452 3801 1497 3855; x_wconf 90' lang='lat' dir='ltr'><strong>si</strong></span> <span class='ocrx_word' id='word_1_293' title='bbox 1523 3801 1807 3872; x_wconf 87' lang='lat' dir='ltr'><strong>contigerit</strong></span> <span class='ocrx_word' id='word_1_294' title='bbox 1829 3811 1884 3858; x_wconf 92' lang='lat' dir='ltr'><strong>et</strong></span> <span class='ocrx_word' id='word_1_295' title='bbox 1903 3803 2042 3858; x_wconf 87' lang='lat' dir='ltr'><strong>Pan-</strong></span> 
     </span>
    </p>
   </div>
   <div class='ocr_carea' id='block_1_39' title="bbox 434 3889 2041 3964">
    <p class='ocr_par' dir='ltr' id='par_1_39' title="bbox 434 3889 2041 3964">
     <span class='ocr_line' id='line_1_39' title="bbox 434 3889 2041 3964; baseline 0.003 -20"><span class='ocrx_word' id='word_1_296' title='bbox 434 3889 568 3955; x_wconf 67' lang='grc' dir='ltr'><strong>⁷ιιιιιι</strong></span> <span class='ocrx_word' id='word_1_297' title='bbox 594 3904 660 3945; x_wconf 90' lang='lat' dir='ltr'><strong>eo</strong></span> <span class='ocrx_word' id='word_1_298' title='bbox 687 3896 931 3961; x_wconf 88' lang='lat' dir='ltr'><strong>tempore</strong></span> <span class='ocrx_word' id='word_1_299' title='bbox 975 3891 1251 3955; x_wconf 89' lang='lat' dir='ltr'><strong>vinctum,</strong></span> <span class='ocrx_word' id='word_1_300' title='bbox 1296 3900 1352 3947; x_wconf 89' lang='lat' dir='ltr'><strong>et</strong></span> <span class='ocrx_word' id='word_1_301' title='bbox 1395 3889 1790 3962; x_wconf 88' lang='lat' dir='ltr'><strong>lmperatricem</strong></span> <span class='ocrx_word' id='word_1_302' title='bbox 1834 3892 2041 3964; x_wconf 88' lang='lat' dir='ltr'><strong>ingredi</strong></span> 
     </span>
    </p>
   </div>
   <div class='ocr_carea' id='block_1_40' title="bbox 452 3979 2042 4044">
    <p class='ocr_par' dir='ltr' id='par_1_40' title="bbox 452 3979 2042 4044">
     <span class='ocr_line' id='line_1_40' title="bbox 452 3979 2042 4044; baseline 0.005 -11"><span class='ocrx_word' id='word_1_303' title='bbox 452 3979 761 4044; x_wconf 86' lang='lat' dir='ltr'><strong>ecclesiam,</strong></span> <span class='ocrx_word' id='word_1_304' title='bbox 792 3995 979 4035; x_wconf 88' lang='lat' dir='ltr'><strong>omnes</strong></span> <span class='ocrx_word' id='word_1_305' title='bbox 1007 3981 1076 4036; x_wconf 86' lang='lat' dir='ltr'><strong>ab</strong></span> <span class='ocrx_word' id='word_1_306' title='bbox 1102 3981 1191 4036; x_wconf 88' lang='lat' dir='ltr'><strong>illa</strong></span> <span class='ocrx_word' id='word_1_307' title='bbox 1220 3984 1274 4036; x_wconf 91' lang='lat' dir='ltr'><strong>in</strong></span> <span class='ocrx_word' id='word_1_308' title='bbox 1316 3996 1440 4037; x_wconf 90' lang='lat' dir='ltr'><strong>eum</strong></span> <span class='ocrx_word' id='word_1_309' title='bbox 1491 3992 1869 4039; x_wconf 87' lang='lat' dir='ltr'><strong>converterent</strong></span> <span class='ocrx_word' id='word_1_310' title='bbox 1911 4001 2042 4041; x_wconf 81' lang='lat' dir='ltr'><strong>ocu—</strong></span> 
     </span>
    </p>
   </div>
   <div class='ocr_carea' id='block_1_41' title="bbox 459 4070 2041 4133">
    <p class='ocr_par' dir='ltr' id='par_1_41' title="bbox 459 4070 2041 4133">
     <span class='ocr_line' id='line_1_41' title="bbox 459 4070 2041 4133; baseline 0.004 -6"><span class='ocrx_word' id='word_1_311' title='bbox 459 4071 543 4127; x_wconf 86' lang='lat' dir='ltr'><strong>lus</strong></span> <span class='ocrx_word' id='word_1_312' title='bbox 572 4088 585 4124; x_wconf 90' lang='lat'>:</span> <span class='ocrx_word' id='word_1_313' title='bbox 614 4080 669 4125; x_wconf 90' lang='lat' dir='ltr'><strong>et</strong></span> <span class='ocrx_word' id='word_1_314' title='bbox 695 4070 911 4126; x_wconf 90' lang='lat' dir='ltr'><strong>merito.</strong></span> <span class='ocrx_word' id='word_1_315' title='bbox 950 4071 1143 4128; x_wconf 79' lang='lat' dir='ltr'><strong>Videre</strong></span> <span class='ocrx_word' id='word_1_316' title='bbox 1169 4074 1314 4128; x_wconf 89' lang='lat' dir='ltr'><strong>enim</strong></span> <span class='ocrx_word' id='word_1_317' title='bbox 1345 4073 1617 4129; x_wconf 84' lang='lat' dir='ltr'><strong>hominem</strong></span> <span class='ocrx_word' id='word_1_318' title='bbox 1662 4074 1894 4133; x_wconf 88' lang='lat' dir='ltr'><strong>humana</strong></span> <span class='ocrx_word' id='word_1_319' title='bbox 1940 4093 2041 4133; x_wconf 91' lang='lat' dir='ltr'><strong>na-</strong></span> 
     </span>
    </p>
   </div>
   <div class='ocr_carea' id='block_1_42' title="bbox 456 4164 2042 4235">
    <p class='ocr_par' dir='ltr' id='par_1_42' title="bbox 456 4164 2042 4235">
     <span class='ocr_line' id='line_1_42' title="bbox 456 4164 2042 4235; baseline 0.005 -17"><span class='ocrx_word' id='word_1_320' title='bbox 456 4173 575 4219; x_wconf 87' lang='lat' dir='ltr'><strong>tura</strong></span> <span class='ocrx_word' id='word_1_321' title='bbox 597 4164 950 4234; x_wconf 86' lang='lat' dir='ltr'><strong>superiorem,</strong></span> <span class='ocrx_word' id='word_1_322' title='bbox 978 4173 1034 4220; x_wconf 92' lang='lat' dir='ltr'><strong>et</strong></span> <span class='ocrx_word' id='word_1_323' title='bbox 1061 4165 1150 4235; x_wconf 91' lang='lat' dir='ltr'><strong>qui</strong></span> <span class='ocrx_word' id='word_1_324' title='bbox 1179 4165 1312 4221; x_wconf 88' lang='lat' dir='ltr'><strong>nihil</strong></span> <span class='ocrx_word' id='word_1_325' title='bbox 1346 4164 1508 4222; x_wconf 88' lang='lat' dir='ltr'><strong>habet</strong></span> <span class='ocrx_word' id='word_1_326' title='bbox 1538 4165 1773 4224; x_wconf 85' lang='lat' dir='ltr'><strong>hominis</strong></span> <span class='ocrx_word' id='word_1_327' title='bbox 1790 4210 1807 4235; x_wconf 96' lang='lat'><strong>,</strong></span> <span class='ocrx_word' id='word_1_328' title='bbox 1834 4168 1929 4226; x_wconf 87' lang='lat' dir='ltr'><strong>sed</strong></span> <span class='ocrx_word' id='word_1_329' title='bbox 1955 4180 2042 4226; x_wconf 85' lang='lat' dir='ltr'><strong>est</strong></span> 
     </span>
    </p>
   </div>
   <div class='ocr_carea' id='block_1_43' title="bbox 456 4254 2039 4330">
    <p class='ocr_par' dir='ltr' id='par_1_43' title="bbox 456 4254 2039 4330">
     <span class='ocr_line' id='line_1_43' title="bbox 456 4254 2039 4330; baseline 0.006 -21"><span class='ocrx_word' id='word_1_330' title='bbox 456 4255 677 4327; x_wconf 86' lang='lat' dir='ltr'><strong>angelus</strong></span> <span class='ocrx_word' id='word_1_331' title='bbox 698 4254 752 4310; x_wconf 91' lang='lat' dir='ltr'><strong>in</strong></span> <span class='ocrx_word' id='word_1_332' title='bbox 787 4262 952 4323; x_wconf 89' lang='lat' dir='ltr'><strong>terra,</strong></span> <span class='ocrx_word' id='word_1_333' title='bbox 975 4265 1058 4311; x_wconf 88' lang='lat' dir='ltr'><strong>est</strong></span> <span class='ocrx_word' id='word_1_334' title='bbox 1085 4256 1452 4313; x_wconf 83' lang='lat' dir='ltr'><strong>admirabilius</strong></span> <span class='ocrx_word' id='word_1_335' title='bbox 1500 4274 1662 4330; x_wconf 87' lang='lat' dir='ltr'><strong>quam</strong></span> <span class='ocrx_word' id='word_1_336' title='bbox 1708 4260 1897 4318; x_wconf 86' lang='lat' dir='ltr'><strong>videre</strong></span> <span class='ocrx_word' id='word_1_337' title='bbox 1946 4277 2039 4318; x_wconf 90' lang='lat' dir='ltr'><strong>or-</strong></span> 
     </span>
    </p>
   </div>
   <div class='ocr_carea' id='block_1_44' title="bbox 457 4347 2040 4420">
    <p class='ocr_par' dir='ltr' id='par_1_44' title="bbox 457 4347 2040 4420">
     <span class='ocr_line' id='line_1_44' title="bbox 457 4347 2040 4420; baseline 0.005 -18"><span class='ocrx_word' id='word_1_338' title='bbox 457 4358 638 4403; x_wconf 79' lang='lat' dir='ltr'><strong>natam</strong></span> <span class='ocrx_word' id='word_1_339' title='bbox 665 4348 965 4403; x_wconf 88' lang='lat' dir='ltr'><strong>mulierem.</strong></span> <span class='ocrx_word' id='word_1_340' title='bbox 991 4347 1126 4404; x_wconf 86' lang='lat' dir='ltr'><strong>Nam</strong></span> <span class='ocrx_word' id='word_1_341' title='bbox 1153 4350 1269 4405; x_wconf 71' lang='lat' dir='ltr'><strong>haec</strong></span> <span class='ocrx_word' id='word_1_342' title='bbox 1296 4349 1511 4420; x_wconf 87' lang='lat' dir='ltr'><strong>quidem</strong></span> <span class='ocrx_word' id='word_1_343' title='bbox 1539 4351 1664 4407; x_wconf 90' lang='lat' dir='ltr'><strong>licet</strong></span> <span class='ocrx_word' id='word_1_344' title='bbox 1687 4351 1872 4409; x_wconf 89' lang='lat' dir='ltr'><strong>videre</strong></span> <span class='ocrx_word' id='word_1_345' title='bbox 1898 4365 1952 4409; x_wconf 91' lang='lat' dir='ltr'><strong>et</strong></span> <span class='ocrx_word' id='word_1_346' title='bbox 1986 4354 2040 4411; x_wconf 90' lang='lat' dir='ltr'><strong>in</strong></span> 
     </span>
    </p>
   </div>
   <div class='ocr_carea' id='block_1_45' title="bbox 456 4441 2039 4514">
    <p class='ocr_par' dir='ltr' id='par_1_45' title="bbox 456 4441 2039 4514">
     <span class='ocr_line' id='line_1_45' title="bbox 456 4441 2039 4514; baseline 0.003 -17"><span class='ocrx_word' id='word_1_347' title='bbox 456 4441 801 4511; x_wconf 87' lang='lat' dir='ltr'><strong>spectaculis,</strong></span> <span class='ocrx_word' id='word_1_348' title='bbox 832 4453 887 4497; x_wconf 89' lang='lat' dir='ltr'><strong>et</strong></span> <span class='ocrx_word' id='word_1_349' title='bbox 915 4442 969 4498; x_wconf 90' lang='lat' dir='ltr'><strong>in</strong></span> <span class='ocrx_word' id='word_1_350' title='bbox 1002 4443 1232 4514; x_wconf 89' lang='lat' dir='ltr'><strong>pompis,</strong></span> <span class='ocrx_word' id='word_1_351' title='bbox 1261 4452 1317 4499; x_wconf 91' lang='lat' dir='ltr'><strong>et</strong></span> <span class='ocrx_word' id='word_1_352' title='bbox 1332 4447 1396 4499; x_wconf 83' lang='lat' dir='ltr'><strong>&#39;in</strong></span> <span class='ocrx_word' id='word_1_353' title='bbox 1423 4444 1653 4512; x_wconf 87' lang='lat' dir='ltr'><strong>balneis,</strong></span> <span class='ocrx_word' id='word_1_354' title='bbox 1682 4456 1739 4503; x_wconf 90' lang='lat' dir='ltr'><strong>et</strong></span> <span class='ocrx_word' id='word_1_355' title='bbox 1757 4446 1942 4502; x_wconf 88' lang='lat' dir='ltr'><strong>multis</strong></span> <span class='ocrx_word' id='word_1_356' title='bbox 1987 4447 2039 4502; x_wconf 90' lang='lat' dir='ltr'><strong>in</strong></span> 
     </span>
    </p>
   </div>
   <div class='ocr_carea' id='block_1_46' title="bbox 458 4535 2044 4605">
    <p class='ocr_par' dir='ltr' id='par_1_46' title="bbox 458 4535 2044 4605">
     <span class='ocr_line' id='line_1_46' title="bbox 458 4535 2044 4605; baseline 0.003 -15"><span class='ocrx_word' id='word_1_357' title='bbox 458 4535 593 4591; x_wconf 90' lang='lat' dir='ltr'><strong>locis</strong></span> <span class='ocrx_word' id='word_1_358' title='bbox 618 4544 674 4591; x_wconf 89' lang='lat' dir='ltr'><strong>et</strong></span> <span class='ocrx_word' id='word_1_359' title='bbox 701 4535 1236 4605; x_wconf 88' lang='lat' dir='ltr'><strong>ubique:hominem</strong></span> <span class='ocrx_word' id='word_1_360' title='bbox 1262 4548 1442 4593; x_wconf 89' lang='lat' dir='ltr'><strong>autem</strong></span> <span class='ocrx_word' id='word_1_361' title='bbox 1491 4538 1879 4594; x_wconf 89' lang='lat' dir='ltr'><strong>circumdatum</strong></span> <span class='ocrx_word' id='word_1_362' title='bbox 1925 4543 2044 4595; x_wconf 85' lang='lat' dir='ltr'><strong>vin-</strong></span> 
     </span>
    </p>
   </div>
   <div class='ocr_carea' id='block_1_47' title="bbox 457 4628 2044 4694">
    <p class='ocr_par' dir='ltr' id='par_1_47' title="bbox 457 4628 2044 4694">
     <span class='ocr_line' id='line_1_47' title="bbox 457 4628 2044 4694; baseline 0.004 -12"><span class='ocrx_word' id='word_1_363' title='bbox 457 4628 616 4694; x_wconf 89' lang='lat' dir='ltr'><strong>culis,</strong></span> <span class='ocrx_word' id='word_1_364' title='bbox 642 4637 699 4683; x_wconf 90' lang='lat' dir='ltr'><strong>et</strong></span> <span class='ocrx_word' id='word_1_365' title='bbox 726 4628 1122 4684; x_wconf 81' lang='lat' dir='ltr'><strong>existimantem</strong></span> <span class='ocrx_word' id='word_1_366' title='bbox 1149 4644 1208 4684; x_wconf 90' lang='lat' dir='ltr'><strong>se</strong></span> <span class='ocrx_word' id='word_1_367' title='bbox 1226 4631 1513 4685; x_wconf 79' lang='lat' dir='ltr'><strong>maximum</strong></span> <span class='ocrx_word' id='word_1_368' title='bbox 1535 4630 1738 4687; x_wconf 83' lang='lat' dir='ltr'><strong>habere</strong></span> <span class='ocrx_word' id='word_1_369' title='bbox 1756 4646 2044 4688; x_wconf 89' lang='lat' dir='ltr'><strong>ornamen-</strong></span> 
     </span>
    </p>
   </div>
   <div class='ocr_carea' id='block_1_48' title="bbox 459 4719 2044 4794">
    <p class='ocr_par' dir='ltr' id='par_1_48' title="bbox 459 4719 2044 4794">
     <span class='ocr_line' id='line_1_48' title="bbox 459 4719 2044 4794; baseline 0.004 -20"><span class='ocrx_word' id='word_1_370' title='bbox 459 4729 593 4784; x_wconf 89' lang='lat' dir='ltr'><strong>tum,</strong></span> <span class='ocrx_word' id='word_1_371' title='bbox 624 4729 679 4774; x_wconf 90' lang='lat' dir='ltr'><strong>et</strong></span> <span class='ocrx_word' id='word_1_372' title='bbox 704 4719 929 4774; x_wconf 87' lang='lat' dir='ltr'><strong>vinculis</strong></span> <span class='ocrx_word' id='word_1_373' title='bbox 958 4737 1063 4776; x_wconf 92' lang='lat' dir='ltr'><strong>non</strong></span> <span class='ocrx_word' id='word_1_374' title='bbox 1088 4721 1364 4778; x_wconf 89' lang='lat' dir='ltr'><strong>cedentem</strong></span> <span class='ocrx_word' id='word_1_375' title='bbox 1392 4764 1406 4788; x_wconf 93' lang='lat'><strong>,</strong></span> <span class='ocrx_word' id='word_1_376' title='bbox 1453 4722 1568 4779; x_wconf 79' lang='lat' dir='ltr'><strong>fieri</strong></span> <span class='ocrx_word' id='word_1_377' title='bbox 1617 4739 1724 4779; x_wconf 93' lang='lat' dir='ltr'><strong>non</strong></span> <span class='ocrx_word' id='word_1_378' title='bbox 1768 4733 1947 4794; x_wconf 88' lang='lat' dir='ltr'><strong>potest</strong></span> <span class='ocrx_word' id='word_1_379' title='bbox 1985 4734 2044 4781; x_wconf 90' lang='lat' dir='ltr'><strong>ut</strong></span> 
     </span>
    </p>
   </div>
   <div class='ocr_carea' id='block_1_49' title="bbox 457 4810 2042 4883">
    <p class='ocr_par' dir='ltr' id='par_1_49' title="bbox 457 4810 2042 4883">
     <span class='ocr_line' id='line_1_49' title="bbox 457 4810 2042 4883; baseline 0.006 -20"><span class='ocrx_word' id='word_1_380' title='bbox 457 4810 548 4880; x_wconf 89' lang='lat' dir='ltr'><strong>qui</strong></span> <span class='ocrx_word' id='word_1_381' title='bbox 579 4811 771 4877; x_wconf 88' lang='lat' dir='ltr'><strong>cernit,</strong></span> <span class='ocrx_word' id='word_1_382' title='bbox 802 4820 1076 4867; x_wconf 91' lang='lat' dir='ltr'><strong>terrenum</strong></span> <span class='ocrx_word' id='word_1_383' title='bbox 1116 4813 1342 4883; x_wconf 85' lang='lat' dir='ltr'><strong>aspiciat</strong></span> <span class='ocrx_word' id='word_1_384' title='bbox 1368 4813 1757 4883; x_wconf 88' lang='lat' dir='ltr'><strong>spectaculum,</strong></span> <span class='ocrx_word' id='word_1_385' title='bbox 1786 4815 1881 4871; x_wconf 89' lang='lat' dir='ltr'><strong>sed</strong></span> <span class='ocrx_word' id='word_1_386' title='bbox 1912 4815 2042 4872; x_wconf 89' lang='lat' dir='ltr'><strong>illud</strong></span> 
     </span>
    </p>
   </div>
   <div class='ocr_carea' id='block_1_50' title="bbox 448 4900 2044 4972">
    <p class='ocr_par' dir='ltr' id='par_1_50' title="bbox 448 4900 2044 4972">
     <span class='ocr_line' id='line_1_50' title="bbox 448 4900 2044 4972; baseline 0.005 -18"><span class='ocrx_word' id='word_1_387' title='bbox 448 4900 603 4955; x_wconf 67' lang='lat' dir='ltr'><strong>caelis</strong></span> <span class='ocrx_word' id='word_1_388' title='bbox 629 4900 867 4972; x_wconf 85' lang='lat' dir='ltr'><strong>dignum.</strong></span> <span class='ocrx_word' id='word_1_389' title='bbox 895 4901 998 4971; x_wconf 92' lang='lat' dir='ltr'><strong>Qui</strong></span> <span class='ocrx_word' id='word_1_390' title='bbox 1025 4912 1107 4957; x_wconf 90' lang='lat' dir='ltr'><strong>est</strong></span> <span class='ocrx_word' id='word_1_391' title='bbox 1134 4902 1219 4958; x_wconf 85' lang='lat' dir='ltr'><strong>his</strong></span> <span class='ocrx_word' id='word_1_392' title='bbox 1244 4902 1606 4958; x_wconf 90' lang='lat' dir='ltr'><strong>circumdatus</strong></span> <span class='ocrx_word' id='word_1_393' title='bbox 1645 4904 1855 4960; x_wconf 90' lang='lat' dir='ltr'><strong>animus</strong></span> <span class='ocrx_word' id='word_1_394' title='bbox 1877 4947 1894 4972; x_wconf 96' lang='lat'><strong>,</strong></span> <span class='ocrx_word' id='word_1_395' title='bbox 1937 4906 2044 4962; x_wconf 87' lang='lat' dir='ltr'><strong>cir-</strong></span> 
     </span>
    </p>
   </div>
   <div class='ocr_carea' id='block_1_51' title="bbox 457 4992 2043 5062">
    <p class='ocr_par' dir='ltr' id='par_1_51' title="bbox 457 4992 2043 5062">
     <span class='ocr_line' id='line_1_51' title="bbox 457 4992 2043 5062; baseline 0.004 -18"><span class='ocrx_word' id='word_1_396' title='bbox 457 4992 741 5061; x_wconf 75' lang='lat' dir='ltr'><strong>cumspicit</strong></span> <span class='ocrx_word' id='word_1_397' title='bbox 769 4994 889 5062; x_wconf 90' lang='lat' dir='ltr'><strong>quis</strong></span> <span class='ocrx_word' id='word_1_398' title='bbox 935 4994 1145 5057; x_wconf 86' lang='lat' dir='ltr'><strong>videat,</strong></span> <span class='ocrx_word' id='word_1_399' title='bbox 1193 4994 1315 5060; x_wconf 87' lang='lat' dir='ltr'><strong>quis</strong></span> <span class='ocrx_word' id='word_1_400' title='bbox 1364 5010 1471 5049; x_wconf 93' lang='lat' dir='ltr'><strong>non</strong></span> <span class='ocrx_word' id='word_1_401' title='bbox 1516 4995 1695 5050; x_wconf 84' lang='lat' dir='ltr'><strong>videat</strong></span> <span class='ocrx_word' id='word_1_402' title='bbox 1724 5013 1737 5049; x_wconf 90' lang='lat'><strong>:</strong></span> <span class='ocrx_word' id='word_1_403' title='bbox 1766 5006 1845 5052; x_wconf 90' lang='lat' dir='ltr'><strong>est</strong></span> <span class='ocrx_word' id='word_1_404' title='bbox 1902 4994 2043 5051; x_wconf 88' lang='lat' dir='ltr'><strong>fastu</strong></span> 
     </span>
    </p>
   </div>
   <div class='ocr_carea' id='block_1_52' title="bbox 460 5081 2047 5153">
    <p class='ocr_par' dir='ltr' id='par_1_52' title="bbox 460 5081 2047 5153">
     <span class='ocr_line' id='line_1_52' title="bbox 460 5081 2047 5153; baseline 0.006 -18"><span class='ocrx_word' id='word_1_405' title='bbox 460 5081 674 5153; x_wconf 85' lang='lat' dir='ltr'><strong>plenus,</strong></span> <span class='ocrx_word' id='word_1_406' title='bbox 704 5083 849 5138; x_wconf 88' lang='lat' dir='ltr'><strong>curis</strong></span> <span class='ocrx_word' id='word_1_407' title='bbox 871 5092 1083 5139; x_wconf 92' lang='lat' dir='ltr'><strong>tenetur</strong></span> <span class='ocrx_word' id='word_1_408' title='bbox 1107 5093 1161 5139; x_wconf 91' lang='lat' dir='ltr'><strong>et</strong></span> <span class='ocrx_word' id='word_1_409' title='bbox 1187 5084 1638 5141; x_wconf 88' lang='lat' dir='ltr'><strong>sollicitudinibus</strong></span> <span class='ocrx_word' id='word_1_410' title='bbox 1661 5129 1676 5150; x_wconf 90' lang='lat'><strong>,</strong></span> <span class='ocrx_word' id='word_1_411' title='bbox 1707 5088 1917 5143; x_wconf 88' lang='lat' dir='ltr'><strong>vinctus</strong></span> <span class='ocrx_word' id='word_1_412' title='bbox 1962 5096 2047 5144; x_wconf 87' lang='lat' dir='ltr'><strong>est</strong></span> 
     </span>
    </p>
   </div>
   <div class='ocr_carea' id='block_1_53' title="bbox 458 5172 2041 5248">
    <p class='ocr_par' dir='ltr' id='par_1_53' title="bbox 458 5172 2041 5248">
     <span class='ocr_line' id='line_1_53' title="bbox 458 5172 2041 5248; baseline 0.003 -21"><span class='ocrx_word' id='word_1_413' title='bbox 458 5173 582 5228; x_wconf 85' lang='lat' dir='ltr'><strong>aliis</strong></span> <span class='ocrx_word' id='word_1_414' title='bbox 611 5172 1090 5231; x_wconf 87' lang='lat' dir='ltr'><strong>innumerabilibus</strong></span> <span class='ocrx_word' id='word_1_415' title='bbox 1111 5176 1275 5230; x_wconf 90' lang='lat' dir='ltr'><strong>animi</strong></span> <span class='ocrx_word' id='word_1_416' title='bbox 1300 5175 1579 5232; x_wconf 74' lang='lat' dir='ltr'><strong>affectibus</strong></span> <span class='ocrx_word' id='word_1_417' title='bbox 1606 5195 1620 5231; x_wconf 89' lang='lat'><strong>:</strong></span> <span class='ocrx_word' id='word_1_418' title='bbox 1643 5179 1731 5248; x_wconf 91' lang='lat' dir='ltr'><strong>qui</strong></span> <span class='ocrx_word' id='word_1_419' title='bbox 1758 5188 1845 5233; x_wconf 90' lang='lat' dir='ltr'><strong>est</strong></span> <span class='ocrx_word' id='word_1_420' title='bbox 1864 5188 2041 5234; x_wconf 87' lang='lat' dir='ltr'><strong>autem</strong></span> 
     </span>
    </p>
   </div>
   <div class='ocr_carea' id='block_1_54' title="bbox 460 5266 2040 5337">
    <p class='ocr_par' dir='ltr' id='par_1_54' title="bbox 460 5266 2040 5337">
     <span class='ocr_line' id='line_1_54' title="bbox 460 5266 2040 5337; baseline 0.004 -19"><span class='ocrx_word' id='word_1_421' title='bbox 460 5266 566 5320; x_wconf 90' lang='lat' dir='ltr'><strong>illis</strong></span> <span class='ocrx_word' id='word_1_422' title='bbox 582 5266 963 5332; x_wconf 87' lang='lat' dir='ltr'><strong>circumdatus,</strong></span> <span class='ocrx_word' id='word_1_423' title='bbox 994 5276 1077 5322; x_wconf 86' lang='lat' dir='ltr'><strong>est</strong></span> <span class='ocrx_word' id='word_1_424' title='bbox 1097 5282 1317 5337; x_wconf 80' lang='lat' dir='ltr'><strong>exspers</strong></span> <span class='ocrx_word' id='word_1_425' title='bbox 1341 5268 1527 5330; x_wconf 87' lang='lat' dir='ltr'><strong>fastus.</strong></span> <span class='ocrx_word' id='word_1_426' title='bbox 1555 5270 1786 5324; x_wconf 65' lang='lat' dir='ltr'><strong>exsultat</strong></span> <span class='ocrx_word' id='word_1_427' title='bbox 1812 5271 2040 5336; x_wconf 90' lang='lat' dir='ltr'><strong>animus,</strong></span> 
     </span>
    </p>
   </div>
   <div class='ocr_carea' id='block_1_55' title="bbox 471 5351 2050 5430">
    <p class='ocr_par' dir='ltr' id='par_1_55' title="bbox 471 5351 2050 5430">
     <span class='ocr_line' id='line_1_55' title="bbox 471 5351 2050 5430; baseline 0.009 -27"><span class='ocrx_word' id='word_1_428' title='bbox 471 5357 532 5404; x_wconf 92' lang='lat' dir='ltr'><strong>et</strong></span> <span class='ocrx_word' id='word_1_429' title='bbox 583 5351 723 5406; x_wconf 87' lang='lat' dir='ltr'><strong>liber</strong></span> <span class='ocrx_word' id='word_1_430' title='bbox 768 5360 853 5406; x_wconf 84' lang='lat' dir='ltr'><strong>est</strong></span> <span class='ocrx_word' id='word_1_431' title='bbox 900 5353 969 5408; x_wconf 87' lang='lat' dir='ltr'><strong>ab</strong></span> <span class='ocrx_word' id='word_1_432' title='bbox 1016 5355 1165 5408; x_wconf 89' lang='lat' dir='ltr'><strong>omni</strong></span> <span class='ocrx_word' id='word_1_433' title='bbox 1207 5355 1601 5422; x_wconf 88' lang='lat' dir='ltr'><strong>sollicitudine,</strong></span> <span class='ocrx_word' id='word_1_434' title='bbox 1636 5360 1810 5430; x_wconf 70' lang='lat' dir='ltr'><strong>laetus</strong></span> <span class='ocrx_word' id='word_1_435' title='bbox 1857 5363 2050 5418; x_wconf 61' lang='lat' dir='ltr'><strong>caelum</strong></span> 
     </span>
    </p>
   </div>
   <div class='ocr_carea' id='block_1_56' title="bbox 468 5440 2052 5517">
    <p class='ocr_par' dir='ltr' id='par_1_56' title="bbox 468 5440 2052 5517">
     <span class='ocr_line' id='line_1_56' title="bbox 468 5440 2052 5517; baseline 0.009 -23"><span class='ocrx_word' id='word_1_436' title='bbox 468 5440 720 5510; x_wconf 85' lang='lat' dir='ltr'><strong>suspicit.</strong></span> <span class='ocrx_word' id='word_1_437' title='bbox 769 5441 825 5497; x_wconf 92' lang='lat' dir='ltr'><strong>Si</strong></span> <span class='ocrx_word' id='word_1_438' title='bbox 875 5444 1004 5514; x_wconf 89' lang='lat' dir='ltr'><strong>quis</strong></span> <span class='ocrx_word' id='word_1_439' title='bbox 1050 5445 1186 5500; x_wconf 89' lang='lat' dir='ltr'><strong>mihi</strong></span> <span class='ocrx_word' id='word_1_440' title='bbox 1227 5446 1386 5502; x_wconf 89' lang='lat' dir='ltr'><strong>daret</strong></span> <span class='ocrx_word' id='word_1_441' title='bbox 1426 5448 1730 5517; x_wconf 79' lang='lat' dir='ltr'><strong>Optionem,</strong></span> <span class='ocrx_word' id='word_1_442' title='bbox 1760 5454 2052 5509; x_wconf 86' lang='lat' dir='ltr'><strong>mallemne</strong></span> 
     </span>
    </p>
   </div>
   <div class='ocr_carea' id='block_1_57' title="bbox 444 5529 2044 5612">
    <p class='ocr_par' dir='ltr' id='par_1_57' title="bbox 444 5529 2044 5612">
     <span class='ocr_line' id='line_1_57' title="bbox 444 5529 2044 5612; baseline 0.011 -30"><span class='ocrx_word' id='word_1_443' title='bbox 444 5529 660 5609; x_wconf 66' lang='lat' dir='ltr'><strong>videre</strong></span> <span class='ocrx_word' id='word_1_444' title='bbox 699 5532 929 5589; x_wconf 89' lang='lat' dir='ltr'><strong>Paulum</strong></span> <span class='ocrx_word' id='word_1_445' title='bbox 957 5550 989 5591; x_wconf 92' lang='lat' dir='ltr'><strong>e</strong></span> <span class='ocrx_word' id='word_1_446' title='bbox 1020 5536 1156 5590; x_wconf 60' lang='lat' dir='ltr'><strong>caelo</strong></span> <span class='ocrx_word' id='word_1_447' title='bbox 1187 5549 1538 5595; x_wconf 83' lang='lat' dir='ltr'><strong>exserentem</strong></span> <span class='ocrx_word' id='word_1_448' title='bbox 1561 5552 1746 5612; x_wconf 89' lang='lat' dir='ltr'><strong>caput,</strong></span> <span class='ocrx_word' id='word_1_449' title='bbox 1777 5553 1834 5598; x_wconf 93' lang='lat' dir='ltr'><strong>et</strong></span> <span class='ocrx_word' id='word_1_450' title='bbox 1856 5560 2044 5600; x_wconf 90' lang='lat' dir='ltr'><strong>vocem</strong></span> 
     </span>
    </p>
   </div>
   <div class='ocr_carea' id='block_1_58' title="bbox 465 5622 2047 5697">
    <p class='ocr_par' dir='ltr' id='par_1_58' title="bbox 465 5622 2047 5697">
     <span class='ocr_line' id='line_1_58' title="bbox 465 5622 2047 5697; baseline 0.013 -25"><span class='ocrx_word' id='word_1_451' title='bbox 465 5622 833 5688; x_wconf 88' lang='lat' dir='ltr'><strong>emittentem,</strong></span> <span class='ocrx_word' id='word_1_452' title='bbox 876 5640 943 5681; x_wconf 86' lang='lat' dir='ltr'><strong>an</strong></span> <span class='ocrx_word' id='word_1_453' title='bbox 982 5642 1049 5682; x_wconf 78' lang='lat' dir='ltr'><strong>ex</strong></span> <span class='ocrx_word' id='word_1_454' title='bbox 1080 5644 1339 5697; x_wconf 89' lang='lat' dir='ltr'><strong>carcere;</strong></span> <span class='ocrx_word' id='word_1_455' title='bbox 1370 5632 1589 5686; x_wconf 90' lang='lat' dir='ltr'><strong>mallem</strong></span> <span class='ocrx_word' id='word_1_456' title='bbox 1618 5649 1685 5688; x_wconf 84' lang='lat' dir='ltr'><strong>ex</strong></span> <span class='ocrx_word' id='word_1_457' title='bbox 1721 5650 1943 5691; x_wconf 88' lang='lat' dir='ltr'><strong>carcere</strong></span> <span class='ocrx_word' id='word_1_458' title='bbox 1976 5653 2047 5693; x_wconf 88' lang='lat' dir='ltr'><strong>:e</strong></span> 
     </span>
    </p>
   </div>
   <div class='ocr_carea' id='block_1_59' title="bbox 464 5710 2041 5786">
    <p class='ocr_par' dir='ltr' id='par_1_59' title="bbox 464 5710 2041 5786">
     <span class='ocr_line' id='line_1_59' title="bbox 464 5710 2041 5786; baseline 0.012 -22"><span class='ocrx_word' id='word_1_459' title='bbox 464 5710 599 5764; x_wconf 63' lang='lat' dir='ltr'><strong>caelo</strong></span> <span class='ocrx_word' id='word_1_460' title='bbox 627 5714 774 5768; x_wconf 90' lang='lat' dir='ltr'><strong>enim</strong></span> <span class='ocrx_word' id='word_1_461' title='bbox 821 5714 888 5768; x_wconf 86' lang='lat' dir='ltr'><strong>ad</strong></span> <span class='ocrx_word' id='word_1_462' title='bbox 937 5716 1116 5786; x_wconf 90' lang='lat' dir='ltr'><strong>ipsum</strong></span> <span class='ocrx_word' id='word_1_463' title='bbox 1165 5720 1417 5786; x_wconf 87' lang='lat' dir='ltr'><strong>veniunt,</strong></span> <span class='ocrx_word' id='word_1_464' title='bbox 1446 5738 1573 5777; x_wconf 90' lang='lat' dir='ltr'><strong>cum</strong></span> <span class='ocrx_word' id='word_1_465' title='bbox 1605 5725 1679 5779; x_wconf 87' lang='lat' dir='ltr'><strong>sit</strong></span> <span class='ocrx_word' id='word_1_466' title='bbox 1715 5726 1769 5780; x_wconf 91' lang='lat' dir='ltr'><strong>in</strong></span> <span class='ocrx_word' id='word_1_467' title='bbox 1801 5741 2041 5784; x_wconf 86' lang='lat' dir='ltr'><strong>carcere.</strong></span> 
     </span>
    </p>
   </div>
   <div class='ocr_carea' id='block_1_60' title="bbox 464 5796 2048 5895">
    <p class='ocr_par' dir='ltr' id='par_1_60' title="bbox 464 5796 2048 5895">
     <span class='ocr_line' id='line_1_60' title="bbox 464 5796 2048 5895; baseline 0.015 -44"><span class='ocrx_word' id='word_1_468' title='bbox 464 5796 754 5871; x_wconf 83' lang='lat' dir='ltr'><strong>Colligatio</strong></span> <span class='ocrx_word' id='word_1_469' title='bbox 778 5804 1186 5895; x_wconf 81' lang='lat' dir='ltr'><strong>praedicationis</strong></span> <span class='ocrx_word' id='word_1_470' title='bbox 1218 5821 1348 5867; x_wconf 90' lang='lat' dir='ltr'><strong>sunt</strong></span> <span class='ocrx_word' id='word_1_471' title='bbox 1382 5814 1597 5871; x_wconf 89' lang='lat' dir='ltr'><strong>vincula</strong></span> <span class='ocrx_word' id='word_1_472' title='bbox 1622 5816 1774 5873; x_wconf 89' lang='lat' dir='ltr'><strong>Pauli</strong></span> <span class='ocrx_word' id='word_1_473' title='bbox 1807 5834 1820 5873; x_wconf 89' lang='lat'><strong>:</strong></span> <span class='ocrx_word' id='word_1_474' title='bbox 1850 5818 2048 5874; x_wconf 89' lang='lat' dir='ltr'><strong>funda-</strong></span> 
     </span>
    </p>
   </div>
   <div class='ocr_carea' id='block_1_61' title="bbox 1143 369 2976 442">
    <p class='ocr_par' dir='ltr' id='par_1_61' title="bbox 1143 369 2976 442">
     <span class='ocr_line' id='line_1_61' title="bbox 1143 369 2976 442; baseline -0.004 0"><span class='ocrx_word' id='word_1_475' title='bbox 1143 386 1206 442; x_wconf 88' lang='lat' dir='ltr'><strong>S.</strong></span> <span class='ocrx_word' id='word_1_476' title='bbox 1245 381 1523 441; x_wconf 65' lang='lat' dir='ltr'><strong>JOANNIS</strong></span> <span class='ocrx_word' id='word_1_477' title='bbox 1558 369 2034 436; x_wconf 78' lang='lat' dir='ltr'><strong>CHRYSOSTOMI</strong></span> <span class='ocrx_word' id='word_1_478' title='bbox 2070 371 2388 432; x_wconf 75' lang='lat' dir='ltr'><strong>ARCHIEP.</strong></span> <span class='ocrx_word' id='word_1_479' title='bbox 2429 376 2976 436; x_wconf 73' lang='lat' dir='ltr'><strong>CONSTANTINOP.</strong></span> 
     </span>
    </p>
   </div>
   <div class='ocr_carea' id='block_1_62' title="bbox 3595 379 3703 436">
    <p class='ocr_par' dir='ltr' id='par_1_62' title="bbox 3595 379 3703 436">
     <span class='ocr_line' id='line_1_62' title="bbox 3595 379 3703 436; baseline 0.019 -2"><span class='ocrx_word' id='word_1_480' title='bbox 3595 379 3703 436; x_wconf 65' lang='lat'><strong>572</strong></span> 
     </span>
    </p>
   </div>
   <div class='ocr_carea' id='block_1_63' title="bbox 2119 490 3696 547">
    <p class='ocr_par' dir='ltr' id='par_1_63' title="bbox 2119 490 3696 547">
     <span class='ocr_line' id='line_1_63' title="bbox 2119 490 3696 547; baseline 0.003 -6"><span class='ocrx_word' id='word_1_481' title='bbox 2119 497 2366 543; x_wconf 87' lang='lat' dir='ltr'><strong>mentum</strong></span> <span class='ocrx_word' id='word_1_482' title='bbox 2409 500 2494 545; x_wconf 82' lang='lat' dir='ltr'><strong>est</strong></span> <span class='ocrx_word' id='word_1_483' title='bbox 2538 491 2626 545; x_wconf 88' lang='lat' dir='ltr'><strong>illa</strong></span> <span class='ocrx_word' id='word_1_484' title='bbox 2657 502 2868 547; x_wconf 86' lang='lat' dir='ltr'><strong>catena.</strong></span> <span class='ocrx_word' id='word_1_485' title='bbox 2912 492 3137 546; x_wconf 70' lang='lat' dir='ltr'><strong>Vincula</strong></span> <span class='ocrx_word' id='word_1_486' title='bbox 3183 491 3273 546; x_wconf 89' lang='lat' dir='ltr'><strong>illa</strong></span> <span class='ocrx_word' id='word_1_487' title='bbox 3300 490 3696 546; x_wconf 81' lang='lat' dir='ltr'><strong>desideremus.</strong></span> 
     </span>
    </p>
   </div>
   <div class='ocr_carea' id='block_1_64' title="bbox 2188 579 3700 655">
    <p class='ocr_par' dir='ltr' id='par_1_64' title="bbox 2188 579 3700 655">
     <span class='ocr_line' id='line_1_64' title="bbox 2188 579 3700 655; baseline 0.006 -20"><span class='ocrx_word' id='word_1_488' title='bbox 2188 580 2242 635; x_wconf 81' lang='lat'><strong>5.</strong></span> <span class='ocrx_word' id='word_1_489' title='bbox 2271 579 2339 634; x_wconf 87' lang='lat' dir='ltr'><strong>Et</strong></span> <span class='ocrx_word' id='word_1_490' title='bbox 2366 582 2654 650; x_wconf 90' lang='lat' dir='ltr'><strong>quomodo,</strong></span> <span class='ocrx_word' id='word_1_491' title='bbox 2688 583 2878 653; x_wconf 90' lang='lat' dir='ltr'><strong>inquit,</strong></span> <span class='ocrx_word' id='word_1_492' title='bbox 2905 584 3016 639; x_wconf 82' lang='lat' dir='ltr'><strong>fieri</strong></span> <span class='ocrx_word' id='word_1_493' title='bbox 3049 586 3259 655; x_wconf 84' lang='lat' dir='ltr'><strong>potest?</strong></span> <span class='ocrx_word' id='word_1_494' title='bbox 3287 586 3344 641; x_wconf 93' lang='lat' dir='ltr'><strong>Si</strong></span> <span class='ocrx_word' id='word_1_495' title='bbox 3368 589 3480 644; x_wconf 63' lang='lat' dir='ltr'><strong>haec</strong></span> <span class='ocrx_word' id='word_1_496' title='bbox 3498 589 3700 644; x_wconf 74' lang='lat' dir='ltr'><strong>contri~</strong></span> 
     </span>
    </p>
   </div>
   <div class='ocr_carea' id='block_1_65' title="bbox 2118 657 3698 748">
    <p class='ocr_par' dir='ltr' id='par_1_65' title="bbox 2118 657 3698 748">
     <span class='ocr_line' id='line_1_65' title="bbox 2118 657 3698 748; baseline 0.008 -25"><span class='ocrx_word' id='word_1_497' title='bbox 2118 672 2353 725; x_wconf 88' lang='lat' dir='ltr'><strong>verimus</strong></span> <span class='ocrx_word' id='word_1_498' title='bbox 2378 681 2432 727; x_wconf 89' lang='lat' dir='ltr'><strong>et</strong></span> <span class='ocrx_word' id='word_1_499' title='bbox 2460 657 2893 742; x_wconf 80' lang='lat' dir='ltr'><strong>pcrfregerimus.</strong></span> <span class='ocrx_word' id='word_1_500' title='bbox 2924 675 3112 731; x_wconf 82' lang='lat' dir='ltr'><strong>Nullus</strong></span> <span class='ocrx_word' id='word_1_501' title='bbox 3156 692 3285 733; x_wconf 86' lang='lat' dir='ltr'><strong>usus</strong></span> <span class='ocrx_word' id='word_1_502' title='bbox 3307 719 3323 742; x_wconf 94' lang='lat'><strong>,</strong></span> <span class='ocrx_word' id='word_1_503' title='bbox 3377 679 3471 734; x_wconf 90' lang='lat' dir='ltr'><strong>sed</strong></span> <span class='ocrx_word' id='word_1_504' title='bbox 3518 681 3698 748; x_wconf 84' lang='lat' dir='ltr'><strong>potius</strong></span> 
     </span>
    </p>
   </div>
   <div class='ocr_carea' id='block_1_66' title="bbox 2118 761 3701 824">
    <p class='ocr_par' dir='ltr' id='par_1_66' title="bbox 2118 761 3701 824">
     <span class='ocr_line' id='line_1_66' title="bbox 2118 761 3701 824; baseline 0.007 -11"><span class='ocrx_word' id='word_1_505' title='bbox 2118 761 2370 815; x_wconf 88' lang='lat' dir='ltr'><strong>damnum</strong></span> <span class='ocrx_word' id='word_1_506' title='bbox 2396 772 2475 816; x_wconf 87' lang='lat' dir='ltr'><strong>est</strong></span> <span class='ocrx_word' id='word_1_507' title='bbox 2499 762 2650 818; x_wconf 89' lang='lat' dir='ltr'><strong>nobis</strong></span> <span class='ocrx_word' id='word_1_508' title='bbox 2675 779 2743 819; x_wconf 80' lang='lat' dir='ltr'><strong>ex</strong></span> <span class='ocrx_word' id='word_1_509' title='bbox 2769 763 2852 818; x_wconf 91' lang='lat' dir='ltr'><strong>his</strong></span> <span class='ocrx_word' id='word_1_510' title='bbox 2874 765 3116 821; x_wconf 86' lang='lat' dir='ltr'><strong>vinculis.</strong></span> <span class='ocrx_word' id='word_1_511' title='bbox 3159 766 3283 823; x_wconf 75' lang='lat' dir='ltr'><strong>[hec</strong></span> <span class='ocrx_word' id='word_1_512' title='bbox 3323 783 3422 823; x_wconf 92' lang='lat' dir='ltr'><strong>nos</strong></span> <span class='ocrx_word' id='word_1_513' title='bbox 3462 769 3571 824; x_wconf 91' lang='lat' dir='ltr'><strong>illic</strong></span> <span class='ocrx_word' id='word_1_514' title='bbox 3608 784 3701 824; x_wconf 86' lang='lat' dir='ltr'><strong>os-</strong></span> 
     </span>
    </p>
   </div>
   <div class='ocr_carea' id='block_1_67' title="bbox 2122 842 3704 920">
    <p class='ocr_par' dir='ltr' id='par_1_67' title="bbox 2122 842 3704 920">
     <span class='ocr_line' id='line_1_67' title="bbox 2122 842 3704 920; baseline 0.007 -16"><span class='ocrx_word' id='word_1_515' title='bbox 2122 851 2341 905; x_wconf 89' lang='lat' dir='ltr'><strong>tendent</strong></span> <span class='ocrx_word' id='word_1_516' title='bbox 2389 853 2630 920; x_wconf 88' lang='lat' dir='ltr'><strong>vinctos;</strong></span> <span class='ocrx_word' id='word_1_517' title='bbox 2674 855 2823 909; x_wconf 87' lang='lat' dir='ltr'><strong>Pauli</strong></span> <span class='ocrx_word' id='word_1_518' title='bbox 2867 867 3045 911; x_wconf 91' lang='lat' dir='ltr'><strong>autem</strong></span> <span class='ocrx_word' id='word_1_519' title='bbox 3098 858 3307 913; x_wconf 90' lang='lat' dir='ltr'><strong>vincula</strong></span> <span class='ocrx_word' id='word_1_520' title='bbox 3350 842 3440 913; x_wconf 80' lang='lat' dir='ltr'><strong>illa</strong></span> <span class='ocrx_word' id='word_1_521' title='bbox 3492 861 3704 915; x_wconf 89' lang='lat' dir='ltr'><strong>solvent</strong></span> 
     </span>
    </p>
   </div>
   <div class='ocr_carea' id='block_1_68' title="bbox 2124 941 3704 1015">
    <p class='ocr_par' dir='ltr' id='par_1_68' title="bbox 2124 941 3704 1015">
     <span class='ocr_line' id='line_1_68' title="bbox 2124 941 3704 1015; baseline 0.008 -21"><span class='ocrx_word' id='word_1_522' title='bbox 2124 941 2328 996; x_wconf 87' lang='lat' dir='ltr'><strong>vincula</strong></span> <span class='ocrx_word' id='word_1_523' title='bbox 2359 960 2374 997; x_wconf 87' lang='lat'><strong>:</strong></span> <span class='ocrx_word' id='word_1_524' title='bbox 2407 959 2524 1013; x_wconf 66' lang='lat' dir='ltr'><strong>quae</strong></span> <span class='ocrx_word' id='word_1_525' title='bbox 2547 953 2630 999; x_wconf 84' lang='lat' dir='ltr'><strong>est</strong></span> <span class='ocrx_word' id='word_1_526' title='bbox 2661 945 2744 999; x_wconf 91' lang='lat' dir='ltr'><strong>his</strong></span> <span class='ocrx_word' id='word_1_527' title='bbox 2774 946 2860 1001; x_wconf 91' lang='lat' dir='ltr'><strong>hic</strong></span> <span class='ocrx_word' id='word_1_528' title='bbox 2888 947 3062 1002; x_wconf 88' lang='lat' dir='ltr'><strong>vincta</strong></span> <span class='ocrx_word' id='word_1_529' title='bbox 3082 988 3099 1015; x_wconf 90' lang='lat'><strong>,</strong></span> <span class='ocrx_word' id='word_1_530' title='bbox 3152 949 3543 1005; x_wconf 88' lang='lat' dir='ltr'><strong>immortalibus</strong></span> <span class='ocrx_word' id='word_1_531' title='bbox 3591 952 3704 1007; x_wconf 83' lang='lat' dir='ltr'><strong>Illic</strong></span> 
     </span>
    </p>
   </div>
   <div class='ocr_carea' id='block_1_69' title="bbox 2121 1034 3702 1112">
    <p class='ocr_par' dir='ltr' id='par_1_69' title="bbox 2121 1034 3702 1112">
     <span class='ocr_line' id='line_1_69' title="bbox 2121 1034 3702 1112; baseline 0.008 -26"><span class='ocrx_word' id='word_1_532' title='bbox 2121 1034 2346 1089; x_wconf 87' lang='lat' dir='ltr'><strong>vinculis</strong></span> <span class='ocrx_word' id='word_1_533' title='bbox 2376 1035 2577 1101; x_wconf 86' lang='lat' dir='ltr'><strong>vinctas</strong></span> <span class='ocrx_word' id='word_1_534' title='bbox 2600 1036 2817 1093; x_wconf 89' lang='lat' dir='ltr'><strong>habebit</strong></span> <span class='ocrx_word' id='word_1_535' title='bbox 2846 1054 3034 1094; x_wconf 90' lang='lat' dir='ltr'><strong>manus</strong></span> <span class='ocrx_word' id='word_1_536' title='bbox 3061 1050 3116 1095; x_wconf 90' lang='lat' dir='ltr'><strong>et</strong></span> <span class='ocrx_word' id='word_1_537' title='bbox 3156 1041 3354 1110; x_wconf 87' lang='lat' dir='ltr'><strong>pedes;</strong></span> <span class='ocrx_word' id='word_1_538' title='bbox 3391 1059 3512 1112; x_wconf 69' lang='lat' dir='ltr'><strong>quae</strong></span> <span class='ocrx_word' id='word_1_539' title='bbox 3553 1044 3702 1099; x_wconf 82' lang='lat' dir='ltr'><strong>Pauli</strong></span> 
     </span>
    </p>
   </div>
   <div class='ocr_carea' id='block_1_70' title="bbox 2123 1125 3703 1192">
    <p class='ocr_par' dir='ltr' id='par_1_70' title="bbox 2123 1125 3703 1192">
     <span class='ocr_line' id='line_1_70' title="bbox 2123 1125 3703 1192; baseline 0.007 -13"><span class='ocrx_word' id='word_1_540' title='bbox 2123 1127 2301 1180; x_wconf 89' lang='lat' dir='ltr'><strong>vincta</strong></span> <span class='ocrx_word' id='word_1_541' title='bbox 2331 1125 2490 1181; x_wconf 83' lang='lat' dir='ltr'><strong>fuerit</strong></span> <span class='ocrx_word' id='word_1_542' title='bbox 2510 1125 2772 1192; x_wconf 87' lang='lat' dir='ltr'><strong>vinculis,</strong></span> <span class='ocrx_word' id='word_1_543' title='bbox 2816 1129 3035 1187; x_wconf 87' lang='lat' dir='ltr'><strong>habebit</strong></span> <span class='ocrx_word' id='word_1_544' title='bbox 3055 1133 3216 1187; x_wconf 89' lang='lat' dir='ltr'><strong>veluti</strong></span> <span class='ocrx_word' id='word_1_545' title='bbox 3248 1143 3621 1189; x_wconf 86' lang='lat' dir='ltr'><strong>ornamentum</strong></span> <span class='ocrx_word' id='word_1_546' title='bbox 3652 1136 3703 1190; x_wconf 89' lang='lat' dir='ltr'><strong>ei</strong></span> 
     </span>
    </p>
   </div>
   <div class='ocr_carea' id='block_1_71' title="bbox 2125 1217 3707 1292">
    <p class='ocr_par' dir='ltr' id='par_1_71' title="bbox 2125 1217 3707 1292">
     <span class='ocr_line' id='line_1_71' title="bbox 2125 1217 3707 1292; baseline 0.006 -22"><span class='ocrx_word' id='word_1_547' title='bbox 2125 1226 2251 1272; x_wconf 91' lang='lat' dir='ltr'><strong>tunc</strong></span> <span class='ocrx_word' id='word_1_548' title='bbox 2276 1217 2683 1273; x_wconf 90' lang='lat' dir='ltr'><strong>circumdatum.</strong></span> <span class='ocrx_word' id='word_1_549' title='bbox 2716 1218 2876 1276; x_wconf 86' lang='lat' dir='ltr'><strong>Solve</strong></span> <span class='ocrx_word' id='word_1_550' title='bbox 2924 1230 2979 1277; x_wconf 91' lang='lat' dir='ltr'><strong>et</strong></span> <span class='ocrx_word' id='word_1_551' title='bbox 3019 1223 3243 1292; x_wconf 85' lang='lat' dir='ltr'><strong>teipsam</strong></span> <span class='ocrx_word' id='word_1_552' title='bbox 3295 1239 3325 1278; x_wconf 89' lang='lat' dir='ltr'><strong>a</strong></span> <span class='ocrx_word' id='word_1_553' title='bbox 3368 1226 3609 1291; x_wconf 90' lang='lat' dir='ltr'><strong>vinculo,</strong></span> <span class='ocrx_word' id='word_1_554' title='bbox 3651 1237 3707 1279; x_wconf 84' lang='lat' dir='ltr'><strong>et</strong></span> 
     </span>
    </p>
   </div>
   <div class='ocr_carea' id='block_1_72' title="bbox 2126 1309 3705 1381">
    <p class='ocr_par' dir='ltr' id='par_1_72' title="bbox 2126 1309 3705 1381">
     <span class='ocr_line' id='line_1_72' title="bbox 2126 1309 3705 1381; baseline 0.007 -19"><span class='ocrx_word' id='word_1_555' title='bbox 2126 1324 2411 1379; x_wconf 88' lang='lat' dir='ltr'><strong>pauperem</strong></span> <span class='ocrx_word' id='word_1_556' title='bbox 2442 1325 2470 1363; x_wconf 89' lang='lat' dir='ltr'><strong>a</strong></span> <span class='ocrx_word' id='word_1_557' title='bbox 2523 1309 2682 1366; x_wconf 88' lang='lat' dir='ltr'><strong>fame.</strong></span> <span class='ocrx_word' id='word_1_558' title='bbox 2711 1312 2823 1367; x_wconf 87' lang='lat' dir='ltr'><strong>Cur</strong></span> <span class='ocrx_word' id='word_1_559' title='bbox 2862 1324 3199 1381; x_wconf 84' lang='lat' dir='ltr'><strong>peccatorum</strong></span> <span class='ocrx_word' id='word_1_560' title='bbox 3240 1325 3458 1371; x_wconf 88' lang='lat' dir='ltr'><strong>catenas</strong></span> <span class='ocrx_word' id='word_1_561' title='bbox 3500 1332 3705 1373; x_wconf 87' lang='lat' dir='ltr'><strong>conne-</strong></span> 
     </span>
    </p>
   </div>
   <div class='ocr_carea' id='block_1_73' title="bbox 2125 1402 3709 1479">
    <p class='ocr_par' dir='ltr' id='par_1_73' title="bbox 2125 1402 3709 1479">
     <span class='ocr_line' id='line_1_73' title="bbox 2125 1402 3709 1479; baseline 0.006 -23"><span class='ocrx_word' id='word_1_562' title='bbox 2125 1402 2226 1456; x_wconf 91' lang='lat' dir='ltr'><strong>ctis</strong></span> <span class='ocrx_word' id='word_1_563' title='bbox 2243 1402 2267 1454; x_wconf 90' lang='lat'><strong>?</strong></span> <span class='ocrx_word' id='word_1_564' title='bbox 2285 1402 2600 1468; x_wconf 83' lang='lat' dir='ltr'><strong>Quomodo?</strong></span> <span class='ocrx_word' id='word_1_565' title='bbox 2626 1406 2811 1475; x_wconf 88' lang='lat' dir='ltr'><strong>inquit.</strong></span> <span class='ocrx_word' id='word_1_566' title='bbox 2826 1404 3049 1473; x_wconf 85' lang='lat' dir='ltr'><strong>Quando</strong></span> <span class='ocrx_word' id='word_1_567' title='bbox 3067 1416 3121 1461; x_wconf 91' lang='lat' dir='ltr'><strong>tu</strong></span> <span class='ocrx_word' id='word_1_568' title='bbox 3140 1424 3327 1463; x_wconf 86' lang='lat' dir='ltr'><strong>aurum</strong></span> <span class='ocrx_word' id='word_1_569' title='bbox 3349 1418 3550 1479; x_wconf 87' lang='lat' dir='ltr'><strong>gestas,</strong></span> <span class='ocrx_word' id='word_1_570' title='bbox 3568 1410 3709 1466; x_wconf 88' lang='lat' dir='ltr'><strong>alius</strong></span> 
     </span>
    </p>
   </div>
   <div class='ocr_carea' id='block_1_74' title="bbox 2125 1494 3707 1570">
    <p class='ocr_par' dir='ltr' id='par_1_74' title="bbox 2125 1494 3707 1570">
     <span class='ocr_line' id='line_1_74' title="bbox 2125 1494 3707 1570; baseline 0.006 -24"><span class='ocrx_word' id='word_1_571' title='bbox 2125 1503 2300 1546; x_wconf 88' lang='lat' dir='ltr'><strong>autem</strong></span> <span class='ocrx_word' id='word_1_572' title='bbox 2333 1494 2507 1564; x_wconf 82' lang='lat' dir='ltr'><strong>perit;</strong></span> <span class='ocrx_word' id='word_1_573' title='bbox 2538 1496 2750 1565; x_wconf 88' lang='lat' dir='ltr'><strong>quando</strong></span> <span class='ocrx_word' id='word_1_574' title='bbox 2769 1506 2823 1550; x_wconf 92' lang='lat' dir='ltr'><strong>tu</strong></span> <span class='ocrx_word' id='word_1_575' title='bbox 2847 1495 3060 1566; x_wconf 85' lang='lat' dir='ltr'><strong>quidem</strong></span> <span class='ocrx_word' id='word_1_576' title='bbox 3086 1508 3145 1552; x_wconf 91' lang='lat' dir='ltr'><strong>ut</strong></span> <span class='ocrx_word' id='word_1_577' title='bbox 3163 1499 3374 1554; x_wconf 89' lang='lat' dir='ltr'><strong>inanem</strong></span> <span class='ocrx_word' id='word_1_578' title='bbox 3398 1505 3707 1570; x_wconf 81' lang='lat' dir='ltr'><strong>assequaris</strong></span> 
     </span>
    </p>
   </div>
   <div class='ocr_carea' id='block_1_75' title="bbox 2126 1584 3711 1658">
    <p class='ocr_par' dir='ltr' id='par_1_75' title="bbox 2126 1584 3711 1658">
     <span class='ocr_line' id='line_1_75' title="bbox 2126 1584 3711 1658; baseline 0.007 -21"><span class='ocrx_word' id='word_1_579' title='bbox 2126 1584 2375 1654; x_wconf 86' lang='lat' dir='ltr'><strong>gloriam,</strong></span> <span class='ocrx_word' id='word_1_580' title='bbox 2403 1596 2607 1641; x_wconf 88' lang='lat' dir='ltr'><strong>tantum</strong></span> <span class='ocrx_word' id='word_1_581' title='bbox 2640 1588 2754 1641; x_wconf 86' lang='lat' dir='ltr'><strong>auri</strong></span> <span class='ocrx_word' id='word_1_582' title='bbox 2786 1589 3006 1658; x_wconf 88' lang='lat' dir='ltr'><strong>accipis.</strong></span> <span class='ocrx_word' id='word_1_583' title='bbox 3036 1590 3175 1645; x_wconf 89' lang='lat' dir='ltr'><strong>alius</strong></span> <span class='ocrx_word' id='word_1_584' title='bbox 3203 1600 3383 1646; x_wconf 90' lang='lat' dir='ltr'><strong>autem</strong></span> <span class='ocrx_word' id='word_1_585' title='bbox 3415 1607 3520 1646; x_wconf 91' lang='lat' dir='ltr'><strong>non</strong></span> <span class='ocrx_word' id='word_1_586' title='bbox 3550 1592 3711 1648; x_wconf 89' lang='lat' dir='ltr'><strong>habet</strong></span> 
     </span>
    </p>
   </div>
   <div class='ocr_carea' id='block_1_76' title="bbox 2127 1678 3790 1749">
    <p class='ocr_par' dir='ltr' id='par_1_76' title="bbox 2127 1678 3790 1749">
     <span class='ocr_line' id='line_1_76' title="bbox 2127 1678 3790 1749; baseline 0.004 -18"><span class='ocrx_word' id='word_1_587' title='bbox 2127 1678 2269 1746; x_wconf 86' lang='lat' dir='ltr'><strong>quod</strong></span> <span class='ocrx_word' id='word_1_588' title='bbox 2286 1679 2429 1745; x_wconf 86' lang='lat' dir='ltr'><strong>edat,</strong></span> <span class='ocrx_word' id='word_1_589' title='bbox 2447 1695 2622 1732; x_wconf 85' lang='lat' dir='ltr'><strong>annon</strong></span> <span class='ocrx_word' id='word_1_590' title='bbox 2644 1690 2856 1749; x_wconf 88' lang='lat' dir='ltr'><strong>peccata</strong></span> <span class='ocrx_word' id='word_1_591' title='bbox 2881 1681 3196 1736; x_wconf 88' lang='lat' dir='ltr'><strong>connectis?</strong></span> <span class='ocrx_word' id='word_1_592' title='bbox 3227 1682 3388 1737; x_wconf 90' lang='lat' dir='ltr'><strong>Indue</strong></span> <span class='ocrx_word' id='word_1_593' title='bbox 3414 1683 3707 1748; x_wconf 84' lang='lat' dir='ltr'><strong>Christum,</strong></span> <span class='ocrx_word' id='word_1_594' title='bbox 3785 1694 3790 1698; x_wconf 83' lang='lat'>&#39;</span> 
     </span>
    </p>
   </div>
   <div class='ocr_carea' id='block_1_77' title="bbox 2128 1772 3713 1839">
    <p class='ocr_par' dir='ltr' id='par_1_77' title="bbox 2128 1772 3713 1839">
     <span class='ocr_line' id='line_1_77' title="bbox 2128 1772 3713 1839; baseline 0.005 -16"><span class='ocrx_word' id='word_1_595' title='bbox 2128 1779 2185 1824; x_wconf 91' lang='lat' dir='ltr'><strong>et</strong></span> <span class='ocrx_word' id='word_1_596' title='bbox 2240 1784 2346 1823; x_wconf 91' lang='lat' dir='ltr'><strong>non</strong></span> <span class='ocrx_word' id='word_1_597' title='bbox 2403 1785 2638 1825; x_wconf 89' lang='lat' dir='ltr'><strong>aurum:</strong></span> <span class='ocrx_word' id='word_1_598' title='bbox 2684 1772 2773 1826; x_wconf 88' lang='lat' dir='ltr'><strong>ubi</strong></span> <span class='ocrx_word' id='word_1_599' title='bbox 2825 1781 2910 1827; x_wconf 92' lang='lat' dir='ltr'><strong>est</strong></span> <span class='ocrx_word' id='word_1_600' title='bbox 2954 1788 3241 1839; x_wconf 88' lang='lat' dir='ltr'><strong>mamona,</strong></span> <span class='ocrx_word' id='word_1_601' title='bbox 3288 1774 3397 1830; x_wconf 90' lang='lat' dir='ltr'><strong>illic</strong></span> <span class='ocrx_word' id='word_1_602' title='bbox 3462 1791 3569 1830; x_wconf 91' lang='lat' dir='ltr'><strong>non</strong></span> <span class='ocrx_word' id='word_1_603' title='bbox 3627 1785 3713 1831; x_wconf 85' lang='lat' dir='ltr'><strong>est</strong></span> 
     </span>
    </p>
   </div>
   <div class='ocr_carea' id='block_1_78' title="bbox 2128 1859 3710 1929">
    <p class='ocr_par' dir='ltr' id='par_1_78' title="bbox 2128 1859 3710 1929">
     <span class='ocr_line' id='line_1_78' title="bbox 2128 1859 3710 1929; baseline 0.006 -16"><span class='ocrx_word' id='word_1_604' title='bbox 2128 1859 2420 1914; x_wconf 90' lang='lat' dir='ltr'><strong>Christus:</strong></span> <span class='ocrx_word' id='word_1_605' title='bbox 2454 1860 2544 1914; x_wconf 88' lang='lat' dir='ltr'><strong>ubi</strong></span> <span class='ocrx_word' id='word_1_606' title='bbox 2587 1871 2671 1915; x_wconf 85' lang='lat' dir='ltr'><strong>est</strong></span> <span class='ocrx_word' id='word_1_607' title='bbox 2691 1861 2967 1929; x_wconf 90' lang='lat' dir='ltr'><strong>Christus,</strong></span> <span class='ocrx_word' id='word_1_608' title='bbox 2997 1863 3108 1918; x_wconf 89' lang='lat' dir='ltr'><strong>illic</strong></span> <span class='ocrx_word' id='word_1_609' title='bbox 3158 1880 3262 1920; x_wconf 92' lang='lat' dir='ltr'><strong>non</strong></span> <span class='ocrx_word' id='word_1_610' title='bbox 3308 1874 3394 1921; x_wconf 86' lang='lat' dir='ltr'><strong>est</strong></span> <span class='ocrx_word' id='word_1_611' title='bbox 3438 1882 3710 1922; x_wconf 82' lang='lat' dir='ltr'><strong>ntatnona.</strong></span> 
     </span>
    </p>
   </div>
   <div class='ocr_carea' id='block_1_79' title="bbox 2128 1950 3713 2030">
    <p class='ocr_par' dir='ltr' id='par_1_79' title="bbox 2128 1950 3713 2030">
     <span class='ocr_line' id='line_1_79' title="bbox 2128 1950 3713 2030; baseline 0.006 -25"><span class='ocrx_word' id='word_1_612' title='bbox 2128 1950 2249 2006; x_wconf 78' lang='lat' dir='ltr'><strong>Non</strong></span> <span class='ocrx_word' id='word_1_613' title='bbox 2291 1953 2371 2006; x_wconf 85' lang='lat' dir='ltr'><strong>vis</strong></span> <span class='ocrx_word' id='word_1_614' title='bbox 2411 1951 2553 2007; x_wconf 88' lang='lat' dir='ltr'><strong>indui</strong></span> <span class='ocrx_word' id='word_1_615' title='bbox 2597 1954 2713 2025; x_wconf 89' lang='lat' dir='ltr'><strong>ipso</strong></span> <span class='ocrx_word' id='word_1_616' title='bbox 2747 1953 2895 2024; x_wconf 80' lang='lat' dir='ltr'><strong>Rege</strong></span> <span class='ocrx_word' id='word_1_617' title='bbox 2922 1956 3333 2012; x_wconf 85' lang='lat' dir='ltr'><strong>universorum?</strong></span> <span class='ocrx_word' id='word_1_618' title='bbox 3360 1958 3418 2014; x_wconf 90' lang='lat' dir='ltr'><strong>Si</strong></span> <span class='ocrx_word' id='word_1_619' title='bbox 3443 1959 3713 2030; x_wconf 89' lang='lat' dir='ltr'><strong>quispiam</strong></span> 
     </span>
    </p>
   </div>
   <div class='ocr_carea' id='block_1_80' title="bbox 2132 2044 3714 2121">
    <p class='ocr_par' dir='ltr' id='par_1_80' title="bbox 2132 2044 3714 2121">
     <span class='ocr_line' id='line_1_80' title="bbox 2132 2044 3714 2121; baseline 0.004 -22"><span class='ocrx_word' id='word_1_620' title='bbox 2132 2044 2225 2099; x_wconf 86' lang='lat' dir='ltr'><strong>tibi</strong></span> <span class='ocrx_word' id='word_1_621' title='bbox 2248 2045 2403 2100; x_wconf 89' lang='lat' dir='ltr'><strong>daret</strong></span> <span class='ocrx_word' id='word_1_622' title='bbox 2425 2061 2714 2116; x_wconf 88' lang='lat' dir='ltr'><strong>purpuram</strong></span> <span class='ocrx_word' id='word_1_623' title='bbox 2742 2057 2798 2103; x_wconf 91' lang='lat' dir='ltr'><strong>et</strong></span> <span class='ocrx_word' id='word_1_624' title='bbox 2821 2048 3070 2105; x_wconf 86' lang='lat' dir='ltr'><strong>diadema</strong></span> <span class='ocrx_word' id='word_1_625' title='bbox 3092 2091 3107 2116; x_wconf 94' lang='lat'><strong>,</strong></span> <span class='ocrx_word' id='word_1_626' title='bbox 3150 2050 3332 2106; x_wconf 88' lang='lat' dir='ltr'><strong>nonid</strong></span> <span class='ocrx_word' id='word_1_627' title='bbox 3363 2054 3536 2121; x_wconf 91' lang='lat' dir='ltr'><strong>potius</strong></span> <span class='ocrx_word' id='word_1_628' title='bbox 3570 2053 3714 2108; x_wconf 89' lang='lat' dir='ltr'><strong>acci-</strong></span> 
     </span>
    </p>
   </div>
   <div class='ocr_carea' id='block_1_81' title="bbox 2135 2140 3715 2213">
    <p class='ocr_par' dir='ltr' id='par_1_81' title="bbox 2135 2140 3715 2213">
     <span class='ocr_line' id='line_1_81' title="bbox 2135 2140 3715 2213; baseline 0.004 -20"><span class='ocrx_word' id='word_1_629' title='bbox 2135 2153 2289 2207; x_wconf 88' lang='lat' dir='ltr'><strong>peres</strong></span> <span class='ocrx_word' id='word_1_630' title='bbox 2313 2155 2471 2210; x_wconf 88' lang='lat' dir='ltr'><strong>quam</strong></span> <span class='ocrx_word' id='word_1_631' title='bbox 2497 2140 2722 2209; x_wconf 82' lang='lat' dir='ltr'><strong>quodvis</strong></span> <span class='ocrx_word' id='word_1_632' title='bbox 2750 2144 2978 2197; x_wconf 90' lang='lat' dir='ltr'><strong>aurum?</strong></span> <span class='ocrx_word' id='word_1_633' title='bbox 3005 2143 3117 2213; x_wconf 86' lang='lat' dir='ltr'><strong>Ego</strong></span> <span class='ocrx_word' id='word_1_634' title='bbox 3140 2144 3232 2198; x_wconf 90' lang='lat' dir='ltr'><strong>tibi</strong></span> <span class='ocrx_word' id='word_1_635' title='bbox 3276 2159 3380 2198; x_wconf 92' lang='lat' dir='ltr'><strong>non</strong></span> <span class='ocrx_word' id='word_1_636' title='bbox 3425 2159 3715 2200; x_wconf 87' lang='lat' dir='ltr'><strong>ornamen-</strong></span> 
     </span>
    </p>
   </div>
   <div class='ocr_carea' id='block_1_82' title="bbox 2135 2231 3716 2314">
    <p class='ocr_par' dir='ltr' id='par_1_82' title="bbox 2135 2231 3716 2314">
     <span class='ocr_line' id='line_1_82' title="bbox 2135 2231 3716 2314; baseline 0.004 -29"><span class='ocrx_word' id='word_1_637' title='bbox 2135 2240 2246 2287; x_wconf 91' lang='lat' dir='ltr'><strong>tum</strong></span> <span class='ocrx_word' id='word_1_638' title='bbox 2278 2234 2480 2302; x_wconf 83' lang='lat' dir='ltr'><strong>regium</strong></span> <span class='ocrx_word' id='word_1_639' title='bbox 2510 2231 2602 2297; x_wconf 88' lang='lat' dir='ltr'><strong>do,</strong></span> <span class='ocrx_word' id='word_1_640' title='bbox 2635 2232 2730 2288; x_wconf 90' lang='lat' dir='ltr'><strong>sed</strong></span> <span class='ocrx_word' id='word_1_641' title='bbox 2760 2235 2933 2304; x_wconf 90' lang='lat' dir='ltr'><strong>ipsum</strong></span> <span class='ocrx_word' id='word_1_642' title='bbox 2975 2235 3189 2314; x_wconf 34' lang='lat' dir='ltr'><strong>Regem.</strong></span> <span class='ocrx_word' id='word_1_643' title='bbox 3224 2238 3439 2306; x_wconf 62' lang='lat' dir='ltr'><strong>prwbeo</strong></span> <span class='ocrx_word' id='word_1_644' title='bbox 3470 2238 3562 2291; x_wconf 91' lang='lat' dir='ltr'><strong>tibi</strong></span> <span class='ocrx_word' id='word_1_645' title='bbox 3607 2252 3716 2307; x_wconf 91' lang='lat' dir='ltr'><strong>quo</strong></span> 
     </span>
    </p>
   </div>
   <div class='ocr_carea' id='block_1_83' title="bbox 2136 2324 3722 2399">
    <p class='ocr_par' dir='ltr' id='par_1_83' title="bbox 2136 2324 3722 2399">
     <span class='ocr_line' id='line_1_83' title="bbox 2136 2324 3722 2399; baseline 0.004 -21"><span class='ocrx_word' id='word_1_646' title='bbox 2136 2324 2394 2379; x_wconf 89' lang='lat' dir='ltr'><strong>induaris.</strong></span> <span class='ocrx_word' id='word_1_647' title='bbox 2424 2326 2491 2379; x_wconf 84' lang='lat' dir='ltr'><strong>Et</strong></span> <span class='ocrx_word' id='word_1_648' title='bbox 2513 2327 2802 2396; x_wconf 88' lang='lat' dir='ltr'><strong>quomodo,</strong></span> <span class='ocrx_word' id='word_1_649' title='bbox 2844 2328 3033 2399; x_wconf 88' lang='lat' dir='ltr'><strong>inquit,</strong></span> <span class='ocrx_word' id='word_1_650' title='bbox 3065 2328 3280 2386; x_wconf 87' lang='lat' dir='ltr'><strong>Christo</strong></span> <span class='ocrx_word' id='word_1_651' title='bbox 3300 2329 3547 2385; x_wconf 89' lang='lat' dir='ltr'><strong>induetur</strong></span> <span class='ocrx_word' id='word_1_652' title='bbox 3570 2330 3722 2399; x_wconf 80' lang='lat' dir='ltr'><strong>quis-</strong></span> 
     </span>
    </p>
   </div>
   <div class='ocr_carea' id='block_1_84' title="bbox 2136 2417 3718 2493">
    <p class='ocr_par' dir='ltr' id='par_1_84' title="bbox 2136 2417 3718 2493">
     <span class='ocr_line' id='line_1_84' title="bbox 2136 2417 3718 2493; baseline 0.004 -23"><span class='ocrx_word' id='word_1_653' title='bbox 2136 2418 2318 2486; x_wconf 87' lang='lat' dir='ltr'><strong>piam?</strong></span> <span class='ocrx_word' id='word_1_654' title='bbox 2345 2417 2483 2472; x_wconf 82' lang='lat' dir='ltr'><strong>Audi</strong></span> <span class='ocrx_word' id='word_1_655' title='bbox 2518 2419 2739 2474; x_wconf 90' lang='lat' dir='ltr'><strong>Paulum</strong></span> <span class='ocrx_word' id='word_1_656' title='bbox 2768 2419 3034 2476; x_wconf 77' lang='lat' dir='ltr'><strong>dicentem</strong></span> <span class='ocrx_word' id='word_1_657' title='bbox 3065 2437 3078 2474; x_wconf 91' lang='lat'><strong>:</strong></span> <span class='ocrx_word' id='word_1_658' title='bbox 3107 2422 3422 2493; x_wconf 79' lang='lat' dir='ltr'><strong>Quicumque</strong></span> <span class='ocrx_word' id='word_1_659' title='bbox 3443 2423 3497 2477; x_wconf 89' lang='lat' dir='ltr'><strong>in</strong></span> <span class='ocrx_word' id='word_1_660' title='bbox 3517 2422 3718 2477; x_wconf 81' lang='lat' dir='ltr'><strong>Christo</strong></span> 
     </span>
    </p>
   </div>
   <div class='ocr_carea' id='block_1_85' title="bbox 2134 2508 3714 2587">
    <p class='ocr_par' dir='ltr' id='par_1_85' title="bbox 2134 2508 3714 2587">
     <span class='ocr_line' id='line_1_85' title="bbox 2134 2508 3714 2587; baseline 0.006 -26"><span class='ocrx_word' id='word_1_661' title='bbox 2134 2508 2377 2579; x_wconf 76' lang='lat' dir='ltr'><strong>baptizati</strong></span> <span class='ocrx_word' id='word_1_662' title='bbox 2404 2510 2521 2564; x_wconf 86' lang='lat' dir='ltr'><strong>estis</strong></span> <span class='ocrx_word' id='word_1_663' title='bbox 2539 2551 2554 2575; x_wconf 90' lang='lat'><strong>,</strong></span> <span class='ocrx_word' id='word_1_664' title='bbox 2584 2510 2840 2566; x_wconf 83' lang='lat' dir='ltr'><strong>Christum</strong></span> <span class='ocrx_word' id='word_1_665' title='bbox 2864 2513 3100 2569; x_wconf 86' lang='lat' dir='ltr'><strong>induistis</strong></span> <span class='ocrx_word' id='word_1_666' title='bbox 3142 2519 3161 2586; x_wconf 87' lang='lat'>(</span> <span class='ocrx_word' id='word_1_667' title='bbox 3186 2514 3302 2569; x_wconf 82' lang='lat' dir='ltr'><strong>Gal.</strong></span> <span class='ocrx_word' id='word_1_668' title='bbox 3331 2517 3383 2570; x_wconf 82' lang='grc'><strong>5.</strong></span> <span class='ocrx_word' id='word_1_669' title='bbox 3406 2515 3475 2570; x_wconf 73' lang='grc'><strong>27</strong></span> <span class='ocrx_word' id='word_1_670' title='bbox 3501 2516 3519 2587; x_wconf 95' lang='grc'><strong>)</strong></span> <span class='ocrx_word' id='word_1_671' title='bbox 3546 2532 3560 2568; x_wconf 91' lang='lat'><strong>:</strong></span> <span class='ocrx_word' id='word_1_672' title='bbox 3588 2516 3714 2571; x_wconf 88' lang='lat' dir='ltr'><strong>andi</strong></span> 
     </span>
    </p>
   </div>
   <div class='ocr_carea' id='block_1_86' title="bbox 2146 2600 3722 2676">
    <p class='ocr_par' dir='ltr' id='par_1_86' title="bbox 2146 2600 3722 2676">
     <span class='ocr_line' id='line_1_86' title="bbox 2146 2600 3722 2676; baseline 0.004 -21"><span class='ocrx_word' id='word_1_673' title='bbox 2146 2600 2497 2668; x_wconf 87' lang='lat' dir='ltr'><strong>apostolicam</strong></span> <span class='ocrx_word' id='word_1_674' title='bbox 2522 2601 2943 2659; x_wconf 88' lang='lat' dir='ltr'><strong>admonitionem</strong></span> <span class='ocrx_word' id='word_1_675' title='bbox 2978 2621 2991 2658; x_wconf 90' lang='lat'>:</span> <span class='ocrx_word' id='word_1_676' title='bbox 3023 2604 3203 2660; x_wconf 85' lang='lat' dir='ltr'><strong>Carnis</strong></span> <span class='ocrx_word' id='word_1_677' title='bbox 3226 2645 3242 2671; x_wconf 95' lang='lat'><strong>,</strong></span> <span class='ocrx_word' id='word_1_678' title='bbox 3274 2606 3446 2676; x_wconf 89' lang='lat' dir='ltr'><strong>inquit</strong></span> <span class='ocrx_word' id='word_1_679' title='bbox 3472 2647 3488 2671; x_wconf 91' lang='lat'><strong>,</strong></span> <span class='ocrx_word' id='word_1_680' title='bbox 3542 2622 3722 2661; x_wconf 77' lang='lat' dir='ltr'><strong>curans</strong></span> 
     </span>
    </p>
   </div>
   <div class='ocr_carea' id='block_1_87' title="bbox 2138 2691 3723 2769">
    <p class='ocr_par' dir='ltr' id='par_1_87' title="bbox 2138 2691 3723 2769">
     <span class='ocr_line' id='line_1_87' title="bbox 2138 2691 3723 2769; baseline 0.006 -27"><span class='ocrx_word' id='word_1_681' title='bbox 2138 2705 2201 2743; x_wconf 80' lang='lat' dir='ltr'><strong>ne</strong></span> <span class='ocrx_word' id='word_1_682' title='bbox 2227 2691 2442 2761; x_wconf 79' lang='lat' dir='ltr'><strong>feceritis</strong></span> <span class='ocrx_word' id='word_1_683' title='bbox 2465 2692 2534 2746; x_wconf 83' lang='lat' dir='ltr'><strong>ad</strong></span> <span class='ocrx_word' id='word_1_684' title='bbox 2583 2695 3037 2764; x_wconf 83' lang='lat' dir='ltr'><strong>concupiscentiam</strong></span> <span class='ocrx_word' id='word_1_685' title='bbox 3090 2695 3284 2767; x_wconf 85' lang='lat' dir='ltr'><strong>(Rom.</strong></span> <span class='ocrx_word' id='word_1_686' title='bbox 3337 2699 3423 2754; x_wconf 79' lang='grc'><strong>15.</strong></span> <span class='ocrx_word' id='word_1_687' title='bbox 3470 2698 3591 2769; x_wconf 73' lang='grc' dir='ltr'><strong>Η).</strong></span> <span class='ocrx_word' id='word_1_688' title='bbox 3631 2698 3723 2753; x_wconf 90' lang='lat' dir='ltr'><strong>Sic</strong></span> 
     </span>
    </p>
   </div>
   <div class='ocr_carea' id='block_1_88' title="bbox 2138 2783 3724 2860">
    <p class='ocr_par' dir='ltr' id='par_1_88' title="bbox 2138 2783 3724 2860">
     <span class='ocr_line' id='line_1_88' title="bbox 2138 2783 3724 2860; baseline 0.005 -25"><span class='ocrx_word' id='word_1_689' title='bbox 2138 2783 2402 2852; x_wconf 87' lang='lat' dir='ltr'><strong>quispiam</strong></span> <span class='ocrx_word' id='word_1_690' title='bbox 2431 2784 2647 2840; x_wconf 84' lang='lat' dir='ltr'><strong>Christo</strong></span> <span class='ocrx_word' id='word_1_691' title='bbox 2675 2786 2933 2851; x_wconf 90' lang='lat' dir='ltr'><strong>induitur,</strong></span> <span class='ocrx_word' id='word_1_692' title='bbox 2957 2788 2999 2841; x_wconf 90' lang='lat' dir='ltr'><strong>si</strong></span> <span class='ocrx_word' id='word_1_693' title='bbox 3024 2789 3203 2842; x_wconf 90' lang='lat' dir='ltr'><strong>carnis</strong></span> <span class='ocrx_word' id='word_1_694' title='bbox 3224 2804 3407 2843; x_wconf 87' lang='lat' dir='ltr'><strong>curam</strong></span> <span class='ocrx_word' id='word_1_695' title='bbox 3434 2805 3538 2844; x_wconf 89' lang='lat' dir='ltr'><strong>non</strong></span> <span class='ocrx_word' id='word_1_696' title='bbox 3570 2798 3724 2860; x_wconf 83' lang='lat' dir='ltr'><strong>gerat</strong></span> 
     </span>
    </p>
   </div>
   <div class='ocr_carea' id='block_1_89' title="bbox 2137 2874 3725 2949">
    <p class='ocr_par' dir='ltr' id='par_1_89' title="bbox 2137 2874 3725 2949">
     <span class='ocr_line' id='line_1_89' title="bbox 2137 2874 3725 2949; baseline 0.004 -20"><span class='ocrx_word' id='word_1_697' title='bbox 2137 2874 2203 2929; x_wconf 88' lang='lat' dir='ltr'><strong>ad</strong></span> <span class='ocrx_word' id='word_1_698' title='bbox 2228 2875 2737 2946; x_wconf 86' lang='lat' dir='ltr'><strong>concupiscentiam.</strong></span> <span class='ocrx_word' id='word_1_699' title='bbox 2770 2876 2825 2934; x_wconf 88' lang='lat' dir='ltr'><strong>Si</strong></span> <span class='ocrx_word' id='word_1_700' title='bbox 2851 2876 3068 2935; x_wconf 87' lang='lat' dir='ltr'><strong>Christo</strong></span> <span class='ocrx_word' id='word_1_701' title='bbox 3090 2878 3360 2945; x_wconf 86' lang='lat' dir='ltr'><strong>induaris,</strong></span> <span class='ocrx_word' id='word_1_702' title='bbox 3387 2880 3484 2949; x_wconf 88' lang='lat' dir='ltr'><strong>ipsi</strong></span> <span class='ocrx_word' id='word_1_703' title='bbox 3528 2889 3580 2936; x_wconf 89' lang='lat' dir='ltr'><strong>te</strong></span> <span class='ocrx_word' id='word_1_704' title='bbox 3615 2880 3725 2935; x_wconf 81' lang='lat' dir='ltr'><strong>for-</strong></span> 
     </span>
    </p>
   </div>
   <div class='ocr_carea' id='block_1_90' title="bbox 2140 2967 3724 3037">
    <p class='ocr_par' dir='ltr' id='par_1_90' title="bbox 2140 2967 3724 3037">
     <span class='ocr_line' id='line_1_90' title="bbox 2140 2967 3724 3037; baseline 0.005 -16"><span class='ocrx_word' id='word_1_705' title='bbox 2140 2967 2417 3022; x_wconf 90' lang='lat' dir='ltr'><strong>midahunt</strong></span> <span class='ocrx_word' id='word_1_706' title='bbox 2445 2971 2720 3025; x_wconf 72' lang='lat' dir='ltr'><strong>daemones</strong></span> <span class='ocrx_word' id='word_1_707' title='bbox 2743 2987 2757 3035; x_wconf 90' lang='lat'><strong>;</strong></span> <span class='ocrx_word' id='word_1_708' title='bbox 2788 2970 2870 3024; x_wconf 90' lang='lat' dir='ltr'><strong>sin</strong></span> <span class='ocrx_word' id='word_1_709' title='bbox 2899 2980 3075 3025; x_wconf 90' lang='lat' dir='ltr'><strong>autem</strong></span> <span class='ocrx_word' id='word_1_710' title='bbox 3099 2986 3252 3037; x_wconf 89' lang='lat' dir='ltr'><strong>auro,</strong></span> <span class='ocrx_word' id='word_1_711' title='bbox 3280 2973 3443 3025; x_wconf 88' lang='lat' dir='ltr'><strong>etiam</strong></span> <span class='ocrx_word' id='word_1_712' title='bbox 3477 2971 3724 3029; x_wconf 81' lang='lat' dir='ltr'><strong>homines</strong></span> 
     </span>
    </p>
   </div>
   <div class='ocr_carea' id='block_1_91' title="bbox 2140 3059 3726 3131">
    <p class='ocr_par' dir='ltr' id='par_1_91' title="bbox 2140 3059 3726 3131">
     <span class='ocr_line' id='line_1_91' title="bbox 2140 3059 3726 3131; baseline 0.004 -18"><span class='ocrx_word' id='word_1_713' title='bbox 2140 3059 2438 3116; x_wconf 88' lang='lat' dir='ltr'><strong>irridebunt</strong></span> <span class='ocrx_word' id='word_1_714' title='bbox 2467 3077 2483 3116; x_wconf 89' lang='lat'><strong>:</strong></span> <span class='ocrx_word' id='word_1_715' title='bbox 2513 3063 2556 3116; x_wconf 93' lang='lat' dir='ltr'><strong>si</strong></span> <span class='ocrx_word' id='word_1_716' title='bbox 2590 3060 2803 3118; x_wconf 87' lang='lat' dir='ltr'><strong>Christo</strong></span> <span class='ocrx_word' id='word_1_717' title='bbox 2829 3061 3085 3131; x_wconf 87' lang='lat' dir='ltr'><strong>iuduaris,</strong></span> <span class='ocrx_word' id='word_1_718' title='bbox 3118 3065 3278 3119; x_wconf 89' lang='lat' dir='ltr'><strong>etiam</strong></span> <span class='ocrx_word' id='word_1_719' title='bbox 3320 3072 3373 3119; x_wconf 91' lang='lat' dir='ltr'><strong>te</strong></span> <span class='ocrx_word' id='word_1_720' title='bbox 3400 3063 3726 3120; x_wconf 81' lang='lat' dir='ltr'><strong>revereban-</strong></span> 
     </span>
    </p>
   </div>
   <div class='ocr_carea' id='block_1_92' title="bbox 2139 3149 2517 3208">
    <p class='ocr_par' dir='ltr' id='par_1_92' title="bbox 2139 3149 2517 3208">
     <span class='ocr_line' id='line_1_92' title="bbox 2139 3149 2517 3208; baseline 0.005 -3"><span class='ocrx_word' id='word_1_721' title='bbox 2139 3159 2227 3206; x_wconf 91' lang='lat' dir='ltr'><strong>tur</strong></span> <span class='ocrx_word' id='word_1_722' title='bbox 2255 3149 2517 3208; x_wconf 90' lang='lat' dir='ltr'><strong>homines.</strong></span> 
     </span>
    </p>
   </div>
   <div class='ocr_carea' id='block_1_93' title="bbox 2212 3243 3730 3317">
    <p class='ocr_par' dir='ltr' id='par_1_93' title="bbox 2212 3243 3730 3317">
     <span class='ocr_line' id='line_1_93' title="bbox 2212 3243 3730 3317; baseline 0.003 -18"><span class='ocrx_word' id='word_1_723' title='bbox 2212 3243 2397 3299; x_wconf 83' lang='lat' dir='ltr'><strong>Contra</strong></span> <span class='ocrx_word' id='word_1_724' title='bbox 2418 3245 2628 3298; x_wconf 85' lang='lat' dir='ltr'><strong>nimium</strong></span> <span class='ocrx_word' id='word_1_725' title='bbox 2653 3246 2921 3300; x_wconf 81' lang='lat' dir='ltr'><strong>mulierum</strong></span> <span class='ocrx_word' id='word_1_726' title='bbox 2941 3256 3280 3301; x_wconf 85' lang='lat' dir='ltr'><strong>ornatum.—</strong></span> <span class='ocrx_word' id='word_1_727' title='bbox 3307 3247 3396 3302; x_wconf 72' lang='lat' dir='ltr'><strong>Vis</strong></span> <span class='ocrx_word' id='word_1_728' title='bbox 3421 3248 3585 3303; x_wconf 84' lang='lat' dir='ltr'><strong>videri</strong></span> <span class='ocrx_word' id='word_1_729' title='bbox 3611 3249 3730 3317; x_wconf 81' lang='lat' dir='ltr'><strong>pul—</strong></span> 
     </span>
    </p>
   </div>
   <div class='ocr_carea' id='block_1_94' title="bbox 2140 3334 3728 3409">
    <p class='ocr_par' dir='ltr' id='par_1_94' title="bbox 2140 3334 3728 3409">
     <span class='ocr_line' id='line_1_94' title="bbox 2140 3334 3728 3409; baseline 0.004 -19"><span class='ocrx_word' id='word_1_730' title='bbox 2140 3334 2268 3391; x_wconf 89' lang='lat' dir='ltr'><strong>chra</strong></span> <span class='ocrx_word' id='word_1_731' title='bbox 2296 3347 2352 3390; x_wconf 92' lang='lat' dir='ltr'><strong>et</strong></span> <span class='ocrx_word' id='word_1_732' title='bbox 2376 3335 2570 3391; x_wconf 89' lang='lat' dir='ltr'><strong>decora</strong></span> <span class='ocrx_word' id='word_1_733' title='bbox 2591 3337 2616 3388; x_wconf 86' lang='lat'><strong>?</strong></span> <span class='ocrx_word' id='word_1_734' title='bbox 2638 3337 2729 3392; x_wconf 89' lang='lat' dir='ltr'><strong>tibi</strong></span> <span class='ocrx_word' id='word_1_735' title='bbox 2759 3337 2987 3394; x_wconf 83' lang='lat' dir='ltr'><strong>sumciat</strong></span> <span class='ocrx_word' id='word_1_736' title='bbox 3010 3337 3258 3393; x_wconf 80' lang='lat' dir='ltr'><strong>formatio</strong></span> <span class='ocrx_word' id='word_1_737' title='bbox 3278 3338 3566 3395; x_wconf 87' lang='lat' dir='ltr'><strong>Creatoris.</strong></span> <span class='ocrx_word' id='word_1_738' title='bbox 3586 3340 3728 3409; x_wconf 84' lang='lat' dir='ltr'><strong>Quid</strong></span> 
     </span>
    </p>
   </div>
   <div class='ocr_carea' id='block_1_95' title="bbox 2141 3429 3730 3503">
    <p class='ocr_par' dir='ltr' id='par_1_95' title="bbox 2141 3429 3730 3503">
     <span class='ocr_line' id='line_1_95' title="bbox 2141 3429 3730 3503; baseline 0.003 -20"><span class='ocrx_word' id='word_1_739' title='bbox 2141 3443 2302 3484; x_wconf 89' lang='lat' dir='ltr'><strong>aurea</strong></span> <span class='ocrx_word' id='word_1_740' title='bbox 2349 3429 2556 3485; x_wconf 87' lang='lat' dir='ltr'><strong>inducis</strong></span> <span class='ocrx_word' id='word_1_741' title='bbox 2595 3441 2946 3498; x_wconf 82' lang='lat' dir='ltr'><strong>ornamenta,</strong></span> <span class='ocrx_word' id='word_1_742' title='bbox 2990 3441 3260 3503; x_wconf 88' lang='lat' dir='ltr'><strong>tamquam</strong></span> <span class='ocrx_word' id='word_1_743' title='bbox 3306 3433 3357 3487; x_wconf 92' lang='lat' dir='ltr'><strong>id</strong></span> <span class='ocrx_word' id='word_1_744' title='bbox 3398 3433 3540 3503; x_wconf 90' lang='lat' dir='ltr'><strong>quod</strong></span> <span class='ocrx_word' id='word_1_745' title='bbox 3583 3432 3730 3488; x_wconf 89' lang='lat' dir='ltr'><strong>Deus</strong></span> 
     </span>
    </p>
   </div>
   <div class='ocr_carea' id='block_1_96' title="bbox 2142 3522 3733 3581">
    <p class='ocr_par' dir='ltr' id='par_1_96' title="bbox 2142 3522 3733 3581">
     <span class='ocr_line' id='line_1_96' title="bbox 2142 3522 3733 3581; baseline 0.001 -3"><span class='ocrx_word' id='word_1_746' title='bbox 2142 3522 2353 3578; x_wconf 84' lang='lat' dir='ltr'><strong>ellinxit</strong></span> <span class='ocrx_word' id='word_1_747' title='bbox 2377 3523 2726 3578; x_wconf 85' lang='lat' dir='ltr'><strong>correctura?</strong></span> <span class='ocrx_word' id='word_1_748' title='bbox 2751 3523 2842 3579; x_wconf 79' lang='lat' dir='ltr'><strong>Vis</strong></span> <span class='ocrx_word' id='word_1_749' title='bbox 2872 3523 3044 3579; x_wconf 87' lang='lat' dir='ltr'><strong>videri</strong></span> <span class='ocrx_word' id='word_1_750' title='bbox 3066 3524 3304 3580; x_wconf 81' lang='lat' dir='ltr'><strong>decora?</strong></span> <span class='ocrx_word' id='word_1_751' title='bbox 3333 3524 3555 3581; x_wconf 90' lang='lat' dir='ltr'><strong>induere</strong></span> <span class='ocrx_word' id='word_1_752' title='bbox 3587 3525 3733 3580; x_wconf 80' lang='lat' dir='ltr'><strong>eice-</strong></span> 
     </span>
    </p>
   </div>
   <div class='ocr_carea' id='block_1_97' title="bbox 2144 3614 3731 3685">
    <p class='ocr_par' dir='ltr' id='par_1_97' title="bbox 2144 3614 3731 3685">
     <span class='ocr_line' id='line_1_97' title="bbox 2144 3614 3731 3685; baseline 0.001 -17"><span class='ocrx_word' id='word_1_753' title='bbox 2144 3629 2390 3684; x_wconf 79' lang='lat' dir='ltr'><strong>mosyna,</strong></span> <span class='ocrx_word' id='word_1_754' title='bbox 2424 3614 2651 3670; x_wconf 89' lang='lat' dir='ltr'><strong>induere</strong></span> <span class='ocrx_word' id='word_1_755' title='bbox 2680 3615 3006 3685; x_wconf 87' lang='lat' dir='ltr'><strong>benignitate</strong></span> <span class='ocrx_word' id='word_1_756' title='bbox 3029 3657 3042 3680; x_wconf 94' lang='lat'><strong>,</strong></span> <span class='ocrx_word' id='word_1_757' title='bbox 3093 3615 3317 3672; x_wconf 87' lang='lat' dir='ltr'><strong>induere</strong></span> <span class='ocrx_word' id='word_1_758' title='bbox 3365 3615 3625 3671; x_wconf 85' lang='lat' dir='ltr'><strong>modestia</strong></span> <span class='ocrx_word' id='word_1_759' title='bbox 3671 3626 3731 3670; x_wconf 90' lang='lat' dir='ltr'><strong>et</strong></span> 
     </span>
    </p>
   </div>
   <div class='ocr_carea' id='block_1_98' title="bbox 2148 3705 3732 3776">
    <p class='ocr_par' dir='ltr' id='par_1_98' title="bbox 2148 3705 3732 3776">
     <span class='ocr_line' id='line_1_98' title="bbox 2148 3705 3732 3776; baseline 0.003 -17"><span class='ocrx_word' id='word_1_760' title='bbox 2148 3707 2517 3776; x_wconf 89' lang='lat' dir='ltr'><strong>temperantia,</strong></span> <span class='ocrx_word' id='word_1_761' title='bbox 2536 3716 2590 3762; x_wconf 93' lang='lat' dir='ltr'><strong>et</strong></span> <span class='ocrx_word' id='word_1_762' title='bbox 2607 3721 2638 3760; x_wconf 91' lang='lat' dir='ltr'><strong>a</strong></span> <span class='ocrx_word' id='word_1_763' title='bbox 2663 3716 2713 3761; x_wconf 90' lang='lat' dir='ltr'><strong>te</strong></span> <span class='ocrx_word' id='word_1_764' title='bbox 2733 3706 2871 3762; x_wconf 88' lang='lat' dir='ltr'><strong>absit</strong></span> <span class='ocrx_word' id='word_1_765' title='bbox 2889 3705 3078 3762; x_wconf 89' lang='lat' dir='ltr'><strong>fastus.</strong></span> <span class='ocrx_word' id='word_1_766' title='bbox 3104 3706 3230 3763; x_wconf 69' lang='lat' dir='ltr'><strong>llaec</strong></span> <span class='ocrx_word' id='word_1_767' title='bbox 3249 3709 3427 3763; x_wconf 90' lang='lat' dir='ltr'><strong>omnia</strong></span> <span class='ocrx_word' id='word_1_768' title='bbox 3453 3717 3577 3763; x_wconf 91' lang='lat' dir='ltr'><strong>sunt</strong></span> <span class='ocrx_word' id='word_1_769' title='bbox 3598 3722 3732 3763; x_wconf 90' lang='lat' dir='ltr'><strong>auro</strong></span> 
     </span>
    </p>
   </div>
   <div class='ocr_carea' id='block_1_99' title="bbox 2146 3798 3731 3869">
    <p class='ocr_par' dir='ltr' id='par_1_99' title="bbox 2146 3798 3731 3869">
     <span class='ocr_line' id='line_1_99' title="bbox 2146 3798 3731 3869; baseline 0.001 -16"><span class='ocrx_word' id='word_1_770' title='bbox 2146 3798 2460 3869; x_wconf 88' lang='lat' dir='ltr'><strong>pretiosiora</strong></span> <span class='ocrx_word' id='word_1_771' title='bbox 2487 3815 2500 3852; x_wconf 90' lang='lat'><strong>:</strong></span> <span class='ocrx_word' id='word_1_772' title='bbox 2536 3798 2648 3853; x_wconf 81' lang='lat' dir='ltr'><strong>haec</strong></span> <span class='ocrx_word' id='word_1_773' title='bbox 2668 3798 2826 3853; x_wconf 90' lang='lat' dir='ltr'><strong>etiam</strong></span> <span class='ocrx_word' id='word_1_774' title='bbox 2852 3799 3150 3868; x_wconf 87' lang='lat' dir='ltr'><strong>speciosam</strong></span> <span class='ocrx_word' id='word_1_775' title='bbox 3183 3799 3412 3854; x_wconf 84' lang='lat' dir='ltr'><strong>reddunt</strong></span> <span class='ocrx_word' id='word_1_776' title='bbox 3442 3799 3609 3869; x_wconf 84' lang='lat' dir='ltr'><strong>magis</strong></span> <span class='ocrx_word' id='word_1_777' title='bbox 3630 3798 3731 3855; x_wconf 81' lang='lat' dir='ltr'><strong>de-</strong></span> 
     </span>
    </p>
   </div>
   <div class='ocr_carea' id='block_1_100' title="bbox 2145 3889 3731 3948">
    <p class='ocr_par' dir='ltr' id='par_1_100' title="bbox 2145 3889 3731 3948">
     <span class='ocr_line' id='line_1_100' title="bbox 2145 3889 3731 3948; baseline 0.002 -5"><span class='ocrx_word' id='word_1_778' title='bbox 2145 3904 2327 3944; x_wconf 85' lang='lat' dir='ltr'><strong>coram</strong></span> <span class='ocrx_word' id='word_1_779' title='bbox 2353 3889 2502 3945; x_wconf 75' lang='lat' dir='ltr'><strong>:lucc</strong></span> <span class='ocrx_word' id='word_1_780' title='bbox 2528 3891 2688 3945; x_wconf 90' lang='lat' dir='ltr'><strong>etiam</strong></span> <span class='ocrx_word' id='word_1_781' title='bbox 2713 3906 2817 3945; x_wconf 91' lang='lat' dir='ltr'><strong>non</strong></span> <span class='ocrx_word' id='word_1_782' title='bbox 2846 3889 3137 3947; x_wconf 84' lang='lat' dir='ltr'><strong>formosam</strong></span> <span class='ocrx_word' id='word_1_783' title='bbox 3160 3890 3399 3947; x_wconf 84' lang='lat' dir='ltr'><strong>efﬁciunt</strong></span> <span class='ocrx_word' id='word_1_784' title='bbox 3418 3890 3731 3948; x_wconf 88' lang='lat' dir='ltr'><strong>formosam.</strong></span> 
     </span>
    </p>
   </div>
   <div class='ocr_carea' id='block_1_101' title="bbox 2146 3979 3733 4053">
    <p class='ocr_par' dir='ltr' id='par_1_101' title="bbox 2146 3979 3733 4053">
     <span class='ocr_line' id='line_1_101' title="bbox 2146 3979 3733 4053; baseline 0.003 -20"><span class='ocrx_word' id='word_1_785' title='bbox 2146 3979 2370 4047; x_wconf 89' lang='lat' dir='ltr'><strong>Quando</strong></span> <span class='ocrx_word' id='word_1_786' title='bbox 2391 3981 2533 4036; x_wconf 90' lang='lat' dir='ltr'><strong>enim</strong></span> <span class='ocrx_word' id='word_1_787' title='bbox 2559 3982 2680 4051; x_wconf 90' lang='lat' dir='ltr'><strong>quis</strong></span> <span class='ocrx_word' id='word_1_788' title='bbox 2704 3996 2827 4036; x_wconf 89' lang='lat' dir='ltr'><strong>cum</strong></span> <span class='ocrx_word' id='word_1_789' title='bbox 2856 3981 3228 4037; x_wconf 87' lang='lat' dir='ltr'><strong>benevolentia</strong></span> <span class='ocrx_word' id='word_1_790' title='bbox 3259 3981 3600 4053; x_wconf 73' lang='lat' dir='ltr'><strong>coniunctam</strong></span> <span class='ocrx_word' id='word_1_791' title='bbox 3646 3984 3733 4038; x_wconf 86' lang='lat' dir='ltr'><strong>vi-</strong></span> 
     </span>
    </p>
   </div>
   <div class='ocr_carea' id='block_1_102' title="bbox 2146 4071 3731 4145">
    <p class='ocr_par' dir='ltr' id='par_1_102' title="bbox 2146 4071 3731 4145">
     <span class='ocr_line' id='line_1_102' title="bbox 2146 4071 3731 4145; baseline 0.001 -18"><span class='ocrx_word' id='word_1_792' title='bbox 2146 4071 2285 4127; x_wconf 84' lang='lat' dir='ltr'><strong>derit</strong></span> <span class='ocrx_word' id='word_1_793' title='bbox 2306 4071 2553 4139; x_wconf 86' lang='lat' dir='ltr'><strong>formam,</strong></span> <span class='ocrx_word' id='word_1_794' title='bbox 2576 4088 2641 4129; x_wconf 80' lang='lat' dir='ltr'><strong>ex</strong></span> <span class='ocrx_word' id='word_1_795' title='bbox 2667 4074 2890 4130; x_wconf 89' lang='lat' dir='ltr'><strong>caritate</strong></span> <span class='ocrx_word' id='word_1_796' title='bbox 2908 4073 3013 4129; x_wconf 84' lang='lat' dir='ltr'><strong>fert</strong></span> <span class='ocrx_word' id='word_1_797' title='bbox 3029 4076 3346 4131; x_wconf 88' lang='lat' dir='ltr'><strong>sententiam</strong></span> <span class='ocrx_word' id='word_1_798' title='bbox 3373 4092 3388 4129; x_wconf 91' lang='lat'><strong>:</strong></span> <span class='ocrx_word' id='word_1_799' title='bbox 3416 4077 3731 4145; x_wconf 86' lang='lat' dir='ltr'><strong>pravitatem</strong></span> 
     </span>
    </p>
   </div>
   <div class='ocr_carea' id='block_1_103' title="bbox 2146 4164 3733 4236">
    <p class='ocr_par' dir='ltr' id='par_1_103' title="bbox 2146 4164 3733 4236">
     <span class='ocr_line' id='line_1_103' title="bbox 2146 4164 3733 4236; baseline 0 -17"><span class='ocrx_word' id='word_1_800' title='bbox 2146 4173 2351 4231; x_wconf 88' lang='lat' dir='ltr'><strong>autem,</strong></span> <span class='ocrx_word' id='word_1_801' title='bbox 2386 4179 2453 4218; x_wconf 92' lang='lat' dir='ltr'><strong>ne</strong></span> <span class='ocrx_word' id='word_1_802' title='bbox 2477 4165 2523 4219; x_wconf 89' lang='lat' dir='ltr'><strong>si</strong></span> <span class='ocrx_word' id='word_1_803' title='bbox 2563 4164 2633 4219; x_wconf 89' lang='lat' dir='ltr'><strong>sit</strong></span> <span class='ocrx_word' id='word_1_804' title='bbox 2676 4165 2890 4236; x_wconf 90' lang='lat' dir='ltr'><strong>quidem</strong></span> <span class='ocrx_word' id='word_1_805' title='bbox 2935 4164 3193 4234; x_wconf 88' lang='lat' dir='ltr'><strong>pulchra,</strong></span> <span class='ocrx_word' id='word_1_806' title='bbox 3244 4174 3419 4236; x_wconf 87' lang='lat' dir='ltr'><strong>potest</strong></span> <span class='ocrx_word' id='word_1_807' title='bbox 3464 4165 3733 4236; x_wconf 78' lang='lat' dir='ltr'><strong>quiSpiatn</strong></span> 
     </span>
    </p>
   </div>
   <div class='ocr_carea' id='block_1_104' title="bbox 2148 4252 3733 4325">
    <p class='ocr_par' dir='ltr' id='par_1_104' title="bbox 2148 4252 3733 4325">
     <span class='ocr_line' id='line_1_104' title="bbox 2148 4252 3733 4325; baseline 0.001 -14"><span class='ocrx_word' id='word_1_808' title='bbox 2148 4254 2328 4311; x_wconf 89' lang='lat' dir='ltr'><strong>dicere</strong></span> <span class='ocrx_word' id='word_1_809' title='bbox 2369 4252 2694 4325; x_wconf 89' lang='lat' dir='ltr'><strong>pulchram:</strong></span> <span class='ocrx_word' id='word_1_810' title='bbox 2735 4257 3003 4312; x_wconf 89' lang='lat' dir='ltr'><strong>sauciatus</strong></span> <span class='ocrx_word' id='word_1_811' title='bbox 3042 4258 3185 4312; x_wconf 89' lang='lat' dir='ltr'><strong>cnim</strong></span> <span class='ocrx_word' id='word_1_812' title='bbox 3227 4258 3437 4313; x_wconf 88' lang='lat' dir='ltr'><strong>animus</strong></span> <span class='ocrx_word' id='word_1_813' title='bbox 3484 4274 3590 4313; x_wconf 93' lang='lat' dir='ltr'><strong>non</strong></span> <span class='ocrx_word' id='word_1_814' title='bbox 3641 4274 3733 4313; x_wconf 83' lang='lat' dir='ltr'><strong>re-</strong></span> 
     </span>
    </p>
   </div>
   <div class='ocr_carea' id='block_1_105' title="bbox 2149 4344 3734 4421">
    <p class='ocr_par' dir='ltr' id='par_1_105' title="bbox 2149 4344 3734 4421">
     <span class='ocr_line' id='line_1_105' title="bbox 2149 4344 3734 4421; baseline 0.002 -20"><span class='ocrx_word' id='word_1_815' title='bbox 2149 4355 2290 4401; x_wconf 90' lang='lat' dir='ltr'><strong>ctam</strong></span> <span class='ocrx_word' id='word_1_816' title='bbox 2338 4344 2443 4401; x_wconf 81' lang='lat' dir='ltr'><strong>fert</strong></span> <span class='ocrx_word' id='word_1_817' title='bbox 2486 4347 2827 4402; x_wconf 90' lang='lat' dir='ltr'><strong>sententiam.</strong></span> <span class='ocrx_word' id='word_1_818' title='bbox 2874 4346 3072 4403; x_wconf 87' lang='lat' dir='ltr'><strong>Ornata</strong></span> <span class='ocrx_word' id='word_1_819' title='bbox 3100 4348 3368 4419; x_wconf 90' lang='lat' dir='ltr'><strong>quondam</strong></span> <span class='ocrx_word' id='word_1_820' title='bbox 3419 4348 3517 4403; x_wconf 88' lang='lat' dir='ltr'><strong>fuit</strong></span> <span class='ocrx_word' id='word_1_821' title='bbox 3561 4349 3734 4421; x_wconf 65' lang='lat' dir='ltr'><strong>Egy-</strong></span> 
     </span>
    </p>
   </div>
   <div class='ocr_carea' id='block_1_106' title="bbox 2149 4438 3733 4510">
    <p class='ocr_par' dir='ltr' id='par_1_106' title="bbox 2149 4438 3733 4510">
     <span class='ocr_line' id='line_1_106' title="bbox 2149 4438 3733 4510; baseline 0.002 -18"><span class='ocrx_word' id='word_1_822' title='bbox 2149 4439 2278 4508; x_wconf 89' lang='lat' dir='ltr'><strong>ptia,</strong></span> <span class='ocrx_word' id='word_1_823' title='bbox 2311 4447 2531 4494; x_wconf 89' lang='lat' dir='ltr'><strong>ornatus</strong></span> <span class='ocrx_word' id='word_1_824' title='bbox 2550 4454 2764 4509; x_wconf 90' lang='lat' dir='ltr'><strong>quoque</strong></span> <span class='ocrx_word' id='word_1_825' title='bbox 2795 4438 2896 4494; x_wconf 89' lang='lat' dir='ltr'><strong>fuit</strong></span> <span class='ocrx_word' id='word_1_826' title='bbox 2935 4439 3135 4510; x_wconf 67' lang='lat' dir='ltr'><strong>Ioseph</strong></span> <span class='ocrx_word' id='word_1_827' title='bbox 3168 4459 3182 4495; x_wconf 89' lang='lat'><strong>:</strong></span> <span class='ocrx_word' id='word_1_828' title='bbox 3212 4449 3330 4496; x_wconf 89' lang='lat' dir='ltr'><strong>uter</strong></span> <span class='ocrx_word' id='word_1_829' title='bbox 3365 4452 3480 4496; x_wconf 89' lang='lat' dir='ltr'><strong>erat</strong></span> <span class='ocrx_word' id='word_1_830' title='bbox 3526 4443 3733 4498; x_wconf 82' lang='lat' dir='ltr'><strong>formo-</strong></span> 
     </span>
    </p>
   </div>
   <div class='ocr_carea' id='block_1_107' title="bbox 2149 4530 3736 4603">
    <p class='ocr_par' dir='ltr' id='par_1_107' title="bbox 2149 4530 3736 4603">
     <span class='ocr_line' id='line_1_107' title="bbox 2149 4530 3736 4603; baseline 0.003 -19"><span class='ocrx_word' id='word_1_831' title='bbox 2149 4531 2297 4584; x_wconf 82' lang='lat' dir='ltr'><strong>sior?</strong></span> <span class='ocrx_word' id='word_1_832' title='bbox 2323 4546 2428 4586; x_wconf 92' lang='lat' dir='ltr'><strong>nou</strong></span> <span class='ocrx_word' id='word_1_833' title='bbox 2456 4530 2577 4585; x_wconf 90' lang='lat' dir='ltr'><strong>dico</strong></span> <span class='ocrx_word' id='word_1_834' title='bbox 2610 4530 2825 4599; x_wconf 90' lang='lat' dir='ltr'><strong>quando</strong></span> <span class='ocrx_word' id='word_1_835' title='bbox 2857 4531 2950 4586; x_wconf 91' lang='lat' dir='ltr'><strong>illa</strong></span> <span class='ocrx_word' id='word_1_836' title='bbox 2981 4540 3099 4587; x_wconf 88' lang='lat' dir='ltr'><strong>crat</strong></span> <span class='ocrx_word' id='word_1_837' title='bbox 3132 4532 3184 4587; x_wconf 91' lang='lat' dir='ltr'><strong>in</strong></span> <span class='ocrx_word' id='word_1_838' title='bbox 3216 4532 3361 4603; x_wconf 77' lang='lat' dir='ltr'><strong>regia</strong></span> <span class='ocrx_word' id='word_1_839' title='bbox 3382 4574 3398 4597; x_wconf 92' lang='lat'><strong>,</strong></span> <span class='ocrx_word' id='word_1_840' title='bbox 3430 4532 3518 4588; x_wconf 91' lang='lat' dir='ltr'><strong>hic</strong></span> <span class='ocrx_word' id='word_1_841' title='bbox 3552 4542 3736 4589; x_wconf 86' lang='lat' dir='ltr'><strong>autem</strong></span> 
     </span>
    </p>
   </div>
   <div class='ocr_carea' id='block_1_108' title="bbox 2151 4619 3735 4685">
    <p class='ocr_par' dir='ltr' id='par_1_108' title="bbox 2151 4619 3735 4685">
     <span class='ocr_line' id='line_1_108' title="bbox 2151 4619 3735 4685; baseline 0.003 -11"><span class='ocrx_word' id='word_1_842' title='bbox 2151 4619 2203 4674; x_wconf 89' lang='lat' dir='ltr'><strong>in</strong></span> <span class='ocrx_word' id='word_1_843' title='bbox 2235 4634 2472 4675; x_wconf 90' lang='lat' dir='ltr'><strong>carcere.</strong></span> <span class='ocrx_word' id='word_1_844' title='bbox 2503 4619 2600 4675; x_wconf 90' lang='lat' dir='ltr'><strong>Hic</strong></span> <span class='ocrx_word' id='word_1_845' title='bbox 2623 4628 2743 4675; x_wconf 87' lang='lat' dir='ltr'><strong>erat</strong></span> <span class='ocrx_word' id='word_1_846' title='bbox 2769 4621 2945 4676; x_wconf 90' lang='lat' dir='ltr'><strong>nudus</strong></span> <span class='ocrx_word' id='word_1_847' title='bbox 2966 4660 2982 4685; x_wconf 91' lang='lat'><strong>,</strong></span> <span class='ocrx_word' id='word_1_848' title='bbox 3025 4622 3120 4677; x_wconf 90' lang='lat' dir='ltr'><strong>sed</strong></span> <span class='ocrx_word' id='word_1_849' title='bbox 3149 4630 3269 4678; x_wconf 83' lang='lat' dir='ltr'><strong>erat</strong></span> <span class='ocrx_word' id='word_1_850' title='bbox 3308 4622 3524 4679; x_wconf 91' lang='lat' dir='ltr'><strong>indutus</strong></span> <span class='ocrx_word' id='word_1_851' title='bbox 3566 4626 3735 4680; x_wconf 82' lang='lat' dir='ltr'><strong>vesti-</strong></span> 
     </span>
    </p>
   </div>
   <div class='ocr_carea' id='block_1_109' title="bbox 2152 4712 3740 4783">
    <p class='ocr_par' dir='ltr' id='par_1_109' title="bbox 2152 4712 3740 4783">
     <span class='ocr_line' id='line_1_109' title="bbox 2152 4712 3740 4783; baseline 0.004 -16"><span class='ocrx_word' id='word_1_852' title='bbox 2152 4712 2346 4768; x_wconf 91' lang='lat' dir='ltr'><strong>mentis</strong></span> <span class='ocrx_word' id='word_1_853' title='bbox 2395 4713 2763 4783; x_wconf 69' lang='lat' dir='ltr'><strong>tcmperantiaa</strong></span> <span class='ocrx_word' id='word_1_854' title='bbox 2804 4723 2860 4770; x_wconf 90' lang='lat' dir='ltr'><strong>et</strong></span> <span class='ocrx_word' id='word_1_855' title='bbox 2884 4715 3265 4771; x_wconf 64' lang='lat' dir='ltr'><strong>continentiae:</strong></span> <span class='ocrx_word' id='word_1_856' title='bbox 3299 4717 3387 4771; x_wconf 89' lang='lat' dir='ltr'><strong>illa</strong></span> <span class='ocrx_word' id='word_1_857' title='bbox 3428 4727 3543 4773; x_wconf 90' lang='lat' dir='ltr'><strong>erat</strong></span> <span class='ocrx_word' id='word_1_858' title='bbox 3582 4716 3740 4773; x_wconf 91' lang='lat' dir='ltr'><strong>indu-</strong></span> 
     </span>
    </p>
   </div>
   <div class='ocr_carea' id='block_1_110' title="bbox 2151 4802 3740 4879">
    <p class='ocr_par' dir='ltr' id='par_1_110' title="bbox 2151 4802 3740 4879">
     <span class='ocr_line' id='line_1_110' title="bbox 2151 4802 3740 4879; baseline 0.004 -21"><span class='ocrx_word' id='word_1_859' title='bbox 2151 4812 2225 4871; x_wconf 88' lang='lat' dir='ltr'><strong>ta,</strong></span> <span class='ocrx_word' id='word_1_860' title='bbox 2253 4802 2348 4860; x_wconf 87' lang='lat' dir='ltr'><strong>sed</strong></span> <span class='ocrx_word' id='word_1_861' title='bbox 2369 4814 2487 4860; x_wconf 91' lang='lat' dir='ltr'><strong>erat</strong></span> <span class='ocrx_word' id='word_1_862' title='bbox 2508 4803 2648 4858; x_wconf 87' lang='lat' dir='ltr'><strong>nuda</strong></span> <span class='ocrx_word' id='word_1_863' title='bbox 2681 4807 2927 4876; x_wconf 72' lang='lat' dir='ltr'><strong>turpior;</strong></span> <span class='ocrx_word' id='word_1_864' title='bbox 2966 4822 3072 4864; x_wconf 92' lang='lat' dir='ltr'><strong>non</strong></span> <span class='ocrx_word' id='word_1_865' title='bbox 3105 4806 3338 4863; x_wconf 87' lang='lat' dir='ltr'><strong>habebat</strong></span> <span class='ocrx_word' id='word_1_866' title='bbox 3360 4808 3506 4864; x_wconf 90' lang='lat' dir='ltr'><strong>enim</strong></span> <span class='ocrx_word' id='word_1_867' title='bbox 3535 4817 3740 4879; x_wconf 86' lang='lat' dir='ltr'><strong>tempe-</strong></span> 
     </span>
    </p>
   </div>
   <div class='ocr_carea' id='block_1_111' title="bbox 2151 4895 3742 4968">
    <p class='ocr_par' dir='ltr' id='par_1_111' title="bbox 2151 4895 3742 4968">
     <span class='ocr_line' id='line_1_111' title="bbox 2151 4895 3742 4968; baseline 0.004 -18"><span class='ocrx_word' id='word_1_868' title='bbox 2151 4897 2403 4951; x_wconf 89' lang='lat' dir='ltr'><strong>rantiam.</strong></span> <span class='ocrx_word' id='word_1_869' title='bbox 2430 4895 2657 4964; x_wconf 86' lang='lat' dir='ltr'><strong>Quando</strong></span> <span class='ocrx_word' id='word_1_870' title='bbox 2689 4906 2740 4951; x_wconf 91' lang='lat' dir='ltr'><strong>te</strong></span> <span class='ocrx_word' id='word_1_871' title='bbox 2771 4900 3013 4968; x_wconf 84' lang='lat' dir='ltr'><strong>impense</strong></span> <span class='ocrx_word' id='word_1_872' title='bbox 3038 4900 3274 4962; x_wconf 88' lang='lat' dir='ltr'><strong>ornaris,</strong></span> <span class='ocrx_word' id='word_1_873' title='bbox 3304 4914 3337 4954; x_wconf 95' lang='lat' dir='ltr'><strong>o</strong></span> <span class='ocrx_word' id='word_1_874' title='bbox 3364 4900 3581 4965; x_wconf 91' lang='lat' dir='ltr'><strong>mulier,</strong></span> <span class='ocrx_word' id='word_1_875' title='bbox 3611 4910 3742 4956; x_wconf 89' lang='lat' dir='ltr'><strong>tunc</strong></span> 
     </span>
    </p>
   </div>
   <div class='ocr_carea' id='block_1_112' title="bbox 2150 4985 3741 5060">
    <p class='ocr_par' dir='ltr' id='par_1_112' title="bbox 2150 4985 3741 5060">
     <span class='ocr_line' id='line_1_112' title="bbox 2150 4985 3741 5060; baseline 0.001 -15"><span class='ocrx_word' id='word_1_876' title='bbox 2150 4986 2294 5045; x_wconf 86' lang='lat' dir='ltr'><strong>nuda</strong></span> <span class='ocrx_word' id='word_1_877' title='bbox 2319 4985 2457 5042; x_wconf 87' lang='lat' dir='ltr'><strong>facta</strong></span> <span class='ocrx_word' id='word_1_878' title='bbox 2480 5002 2540 5043; x_wconf 88' lang='lat' dir='ltr'><strong>es</strong></span> <span class='ocrx_word' id='word_1_879' title='bbox 2565 4988 2809 5060; x_wconf 90' lang='lat' dir='ltr'><strong>turpior;</strong></span> <span class='ocrx_word' id='word_1_880' title='bbox 2842 4989 3036 5044; x_wconf 80' lang='lat' dir='ltr'><strong>exuisti</strong></span> <span class='ocrx_word' id='word_1_881' title='bbox 3057 4991 3200 5045; x_wconf 91' lang='lat' dir='ltr'><strong>enim</strong></span> <span class='ocrx_word' id='word_1_882' title='bbox 3228 4990 3567 5046; x_wconf 88' lang='lat' dir='ltr'><strong>modestiam.</strong></span> <span class='ocrx_word' id='word_1_883' title='bbox 3608 4990 3741 5047; x_wconf 86' lang='lat' dir='ltr'><strong>Erat</strong></span> 
     </span>
    </p>
   </div>
   <div class='ocr_carea' id='block_1_113' title="bbox 2152 5080 3741 5153">
    <p class='ocr_par' dir='ltr' id='par_1_113' title="bbox 2152 5080 3741 5153">
     <span class='ocr_line' id='line_1_113' title="bbox 2152 5080 3741 5153; baseline 0.002 -19"><span class='ocrx_word' id='word_1_884' title='bbox 2152 5081 2314 5136; x_wconf 88' lang='lat' dir='ltr'><strong>etiam</strong></span> <span class='ocrx_word' id='word_1_885' title='bbox 2346 5080 2455 5134; x_wconf 87' lang='lat' dir='ltr'><strong>Eva</strong></span> <span class='ocrx_word' id='word_1_886' title='bbox 2482 5081 2622 5136; x_wconf 90' lang='lat' dir='ltr'><strong>nuda</strong></span> <span class='ocrx_word' id='word_1_887' title='bbox 2644 5122 2659 5147; x_wconf 93' lang='lat'><strong>,</strong></span> <span class='ocrx_word' id='word_1_888' title='bbox 2693 5080 2785 5136; x_wconf 89' lang='lat' dir='ltr'><strong>sed</strong></span> <span class='ocrx_word' id='word_1_889' title='bbox 2813 5081 3031 5153; x_wconf 88' lang='lat' dir='ltr'><strong>quando</strong></span> <span class='ocrx_word' id='word_1_890' title='bbox 3069 5080 3168 5137; x_wconf 92' lang='lat' dir='ltr'><strong>fuit</strong></span> <span class='ocrx_word' id='word_1_891' title='bbox 3201 5081 3420 5147; x_wconf 89' lang='lat' dir='ltr'><strong>induta,</strong></span> <span class='ocrx_word' id='word_1_892' title='bbox 3454 5092 3582 5138; x_wconf 91' lang='lat' dir='ltr'><strong>tunc</strong></span> <span class='ocrx_word' id='word_1_893' title='bbox 3620 5091 3741 5138; x_wconf 86' lang='lat' dir='ltr'><strong>erat</strong></span> 
     </span>
    </p>
   </div>
   <div class='ocr_carea' id='block_1_114' title="bbox 2152 5155 3742 5244">
    <p class='ocr_par' dir='ltr' id='par_1_114' title="bbox 2152 5155 3742 5244">
     <span class='ocr_line' id='line_1_114' title="bbox 2152 5155 3742 5244; baseline 0.003 -17"><span class='ocrx_word' id='word_1_894' title='bbox 2152 5155 2360 5243; x_wconf 76' lang='lat' dir='ltr'><strong>turpior</strong></span> <span class='ocrx_word' id='word_1_895' title='bbox 2393 5190 2406 5227; x_wconf 87' lang='lat'><strong>:</strong></span> <span class='ocrx_word' id='word_1_896' title='bbox 2441 5188 2560 5227; x_wconf 91' lang='lat' dir='ltr'><strong>nam</strong></span> <span class='ocrx_word' id='word_1_897' title='bbox 2592 5173 2807 5243; x_wconf 89' lang='lat' dir='ltr'><strong>quando</strong></span> <span class='ocrx_word' id='word_1_898' title='bbox 2837 5182 2953 5228; x_wconf 88' lang='lat' dir='ltr'><strong>erat</strong></span> <span class='ocrx_word' id='word_1_899' title='bbox 2983 5173 3125 5229; x_wconf 91' lang='lat' dir='ltr'><strong>nuda</strong></span> <span class='ocrx_word' id='word_1_900' title='bbox 3153 5215 3168 5240; x_wconf 93' lang='lat'><strong>,</strong></span> <span class='ocrx_word' id='word_1_901' title='bbox 3216 5173 3383 5244; x_wconf 87' lang='lat' dir='ltr'><strong>gloria</strong></span> <span class='ocrx_word' id='word_1_902' title='bbox 3426 5175 3521 5231; x_wconf 89' lang='lat' dir='ltr'><strong>Dei</strong></span> <span class='ocrx_word' id='word_1_903' title='bbox 3564 5173 3742 5231; x_wconf 88' lang='lat' dir='ltr'><strong>fuerat</strong></span> 
     </span>
    </p>
   </div>
   <div class='ocr_carea' id='block_1_115' title="bbox 2152 5265 3743 5336">
    <p class='ocr_par' dir='ltr' id='par_1_115' title="bbox 2152 5265 3743 5336">
     <span class='ocr_line' id='line_1_115' title="bbox 2152 5265 3743 5336; baseline -0.002 -16"><span class='ocrx_word' id='word_1_904' title='bbox 2152 5275 2340 5320; x_wconf 86' lang='lat' dir='ltr'><strong>ornata</strong></span> <span class='ocrx_word' id='word_1_905' title='bbox 2370 5283 2384 5329; x_wconf 93' lang='lat'><strong>;</strong></span> <span class='ocrx_word' id='word_1_906' title='bbox 2418 5265 2637 5335; x_wconf 86' lang='lat' dir='ltr'><strong>quando</strong></span> <span class='ocrx_word' id='word_1_907' title='bbox 2658 5275 2834 5320; x_wconf 82' lang='lat' dir='ltr'><strong>autem</strong></span> <span class='ocrx_word' id='word_1_908' title='bbox 2870 5265 3041 5321; x_wconf 90' lang='lat' dir='ltr'><strong>induit</strong></span> <span class='ocrx_word' id='word_1_909' title='bbox 3065 5274 3271 5320; x_wconf 88' lang='lat' dir='ltr'><strong>vestem</strong></span> <span class='ocrx_word' id='word_1_910' title='bbox 3321 5266 3557 5336; x_wconf 87' lang='lat' dir='ltr'><strong>peccati,</strong></span> <span class='ocrx_word' id='word_1_911' title='bbox 3611 5275 3743 5321; x_wconf 89' lang='lat' dir='ltr'><strong>tunc</strong></span> 
     </span>
    </p>
   </div>
   <div class='ocr_carea' id='block_1_116' title="bbox 2153 5356 3742 5426">
    <p class='ocr_par' dir='ltr' id='par_1_116' title="bbox 2153 5356 3742 5426">
     <span class='ocr_line' id='line_1_116' title="bbox 2153 5356 3742 5426; baseline 0.003 -17"><span class='ocrx_word' id='word_1_912' title='bbox 2153 5367 2266 5413; x_wconf 80' lang='lat' dir='ltr'><strong>crat</strong></span> <span class='ocrx_word' id='word_1_913' title='bbox 2295 5358 2485 5426; x_wconf 69' lang='lat' dir='ltr'><strong>turpi&lt;.</strong></span> <span class='ocrx_word' id='word_1_914' title='bbox 2516 5358 2583 5412; x_wconf 86' lang='lat' dir='ltr'><strong>Et</strong></span> <span class='ocrx_word' id='word_1_915' title='bbox 2608 5366 2663 5412; x_wconf 92' lang='lat' dir='ltr'><strong>tu</strong></span> <span class='ocrx_word' id='word_1_916' title='bbox 2689 5372 2812 5413; x_wconf 91' lang='lat' dir='ltr'><strong>cum</strong></span> <span class='ocrx_word' id='word_1_917' title='bbox 2838 5356 3110 5413; x_wconf 87' lang='lat' dir='ltr'><strong>mundano</strong></span> <span class='ocrx_word' id='word_1_918' title='bbox 3131 5356 3742 5425; x_wconf 87' lang='lat' dir='ltr'><strong>induerisornatu,tunc</strong></span> 
     </span>
    </p>
   </div>
   <div class='ocr_carea' id='block_1_117' title="bbox 2153 5446 3743 5519">
    <p class='ocr_par' dir='ltr' id='par_1_117' title="bbox 2153 5446 3743 5519">
     <span class='ocr_line' id='line_1_117' title="bbox 2153 5446 3743 5519; baseline 0.001 -18"><span class='ocrx_word' id='word_1_919' title='bbox 2153 5463 2378 5518; x_wconf 78' lang='lat' dir='ltr'><strong>appares</strong></span> <span class='ocrx_word' id='word_1_920' title='bbox 2401 5449 2626 5517; x_wconf 70' lang='lat' dir='ltr'><strong>turpior.</strong></span> <span class='ocrx_word' id='word_1_921' title='bbox 2651 5446 2782 5502; x_wconf 81' lang='lat' dir='ltr'><strong>Nam</strong></span> <span class='ocrx_word' id='word_1_922' title='bbox 2806 5447 2945 5519; x_wconf 90' lang='lat' dir='ltr'><strong>quod</strong></span> <span class='ocrx_word' id='word_1_923' title='bbox 2976 5448 3174 5503; x_wconf 88' lang='lat' dir='ltr'><strong>nimius</strong></span> <span class='ocrx_word' id='word_1_924' title='bbox 3200 5458 3445 5517; x_wconf 89' lang='lat' dir='ltr'><strong>sumptus</strong></span> <span class='ocrx_word' id='word_1_925' title='bbox 3484 5455 3539 5503; x_wconf 88' lang='lat' dir='ltr'><strong>et</strong></span> <span class='ocrx_word' id='word_1_926' title='bbox 3582 5448 3743 5504; x_wconf 80' lang='lat' dir='ltr'><strong>luxus</strong></span> 
     </span>
    </p>
   </div>
   <div class='ocr_carea' id='block_1_118' title="bbox 2154 5537 3741 5609">
    <p class='ocr_par' dir='ltr' id='par_1_118' title="bbox 2154 5537 3741 5609">
     <span class='ocr_line' id='line_1_118' title="bbox 2154 5537 3741 5609; baseline 0.002 -18"><span class='ocrx_word' id='word_1_927' title='bbox 2154 5554 2260 5592; x_wconf 90' lang='lat' dir='ltr'><strong>non</strong></span> <span class='ocrx_word' id='word_1_928' title='bbox 2306 5537 2535 5594; x_wconf 89' lang='lat' dir='ltr'><strong>sufticiat</strong></span> <span class='ocrx_word' id='word_1_929' title='bbox 2569 5538 2638 5593; x_wconf 89' lang='lat' dir='ltr'><strong>ad</strong></span> <span class='ocrx_word' id='word_1_930' title='bbox 2680 5538 3069 5594; x_wconf 89' lang='lat' dir='ltr'><strong>ostendendam</strong></span> <span class='ocrx_word' id='word_1_931' title='bbox 3118 5539 3601 5609; x_wconf 89' lang='lat' dir='ltr'><strong>pulchritudinem,</strong></span> <span class='ocrx_word' id='word_1_932' title='bbox 3641 5541 3741 5595; x_wconf 85' lang='lat' dir='ltr'><strong>sed</strong></span> 
     </span>
    </p>
   </div>
   <div class='ocr_carea' id='block_1_119' title="bbox 2154 5629 3739 5702">
    <p class='ocr_par' dir='ltr' id='par_1_119' title="bbox 2154 5629 3739 5702">
     <span class='ocr_line' id='line_1_119' title="bbox 2154 5629 3739 5702; baseline 0.002 -19"><span class='ocrx_word' id='word_1_933' title='bbox 2154 5629 2267 5684; x_wconf 79' lang='lat' dir='ltr'><strong>ﬁeri</strong></span> <span class='ocrx_word' id='word_1_934' title='bbox 2297 5631 2465 5700; x_wconf 90' lang='lat' dir='ltr'><strong>possit</strong></span> <span class='ocrx_word' id='word_1_935' title='bbox 2491 5640 2547 5685; x_wconf 91' lang='lat' dir='ltr'><strong>ut</strong></span> <span class='ocrx_word' id='word_1_936' title='bbox 2578 5629 2762 5685; x_wconf 90' lang='lat' dir='ltr'><strong>induta</strong></span> <span class='ocrx_word' id='word_1_937' title='bbox 2788 5634 2964 5687; x_wconf 86' lang='lat' dir='ltr'><strong>minus</strong></span> <span class='ocrx_word' id='word_1_938' title='bbox 3001 5633 3071 5687; x_wconf 86' lang='lat' dir='ltr'><strong>sit</strong></span> <span class='ocrx_word' id='word_1_939' title='bbox 3111 5631 3336 5688; x_wconf 88' lang='lat' dir='ltr'><strong>honesta</strong></span> <span class='ocrx_word' id='word_1_940' title='bbox 3363 5648 3522 5702; x_wconf 85' lang='lat' dir='ltr'><strong>quam</strong></span> <span class='ocrx_word' id='word_1_941' title='bbox 3559 5633 3697 5688; x_wconf 85' lang='lat' dir='ltr'><strong>nuda</strong></span> <span class='ocrx_word' id='word_1_942' title='bbox 3723 5674 3739 5697; x_wconf 89' lang='lat'><strong>,</strong></span> 
     </span>
    </p>
   </div>
   <div class='ocr_carea' id='block_1_120' title="bbox 2151 5721 3740 5794">
    <p class='ocr_par' dir='ltr' id='par_1_120' title="bbox 2151 5721 3740 5794">
     <span class='ocr_line' id='line_1_120' title="bbox 2151 5721 3740 5794; baseline 0.004 -18"><span class='ocrx_word' id='word_1_943' title='bbox 2151 5737 2252 5791; x_wconf 88' lang='lat' dir='ltr'><strong>ego</strong></span> <span class='ocrx_word' id='word_1_944' title='bbox 2277 5721 2473 5778; x_wconf 91' lang='lat' dir='ltr'><strong>dicam.</strong></span> <span class='ocrx_word' id='word_1_945' title='bbox 2502 5721 2558 5779; x_wconf 91' lang='lat' dir='ltr'><strong>Si</strong></span> <span class='ocrx_word' id='word_1_946' title='bbox 2603 5722 2820 5794; x_wconf 90' lang='lat' dir='ltr'><strong>quando</strong></span> <span class='ocrx_word' id='word_1_947' title='bbox 2865 5724 3086 5781; x_wconf 86' lang='lat' dir='ltr'><strong>induisti</strong></span> <span class='ocrx_word' id='word_1_948' title='bbox 3134 5726 3453 5781; x_wconf 88' lang='lat' dir='ltr'><strong>vestimenta</strong></span> <span class='ocrx_word' id='word_1_949' title='bbox 3506 5727 3740 5783; x_wconf 85' lang='lat' dir='ltr'><strong>tibicinis</strong></span> 
     </span>
    </p>
   </div>
   <div class='ocr_carea' id='block_1_121' title="bbox 2150 5813 3735 5893">
    <p class='ocr_par' dir='ltr' id='par_1_121' title="bbox 2150 5813 3735 5893">
     <span class='ocr_line' id='line_1_121' title="bbox 2150 5813 3735 5893; baseline 0.005 -26"><span class='ocrx_word' id='word_1_950' title='bbox 2150 5823 2243 5893; x_wconf 77' lang='lat' dir='ltr'><strong>aut</strong></span> <span class='ocrx_word' id='word_1_951' title='bbox 2277 5813 2536 5884; x_wconf 83' lang='lat' dir='ltr'><strong>rhorauli,</strong></span> <span class='ocrx_word' id='word_1_952' title='bbox 2568 5829 2635 5871; x_wconf 87' lang='lat' dir='ltr'><strong>an</strong></span> <span class='ocrx_word' id='word_1_953' title='bbox 2661 5814 2715 5871; x_wconf 88' lang='lat' dir='ltr'><strong>id</strong></span> <span class='ocrx_word' id='word_1_954' title='bbox 2738 5832 2841 5871; x_wconf 86' lang='lat' dir='ltr'><strong>non</strong></span> <span class='ocrx_word' id='word_1_955' title='bbox 2880 5827 2991 5872; x_wconf 83' lang='lat' dir='ltr'><strong>crat</strong></span> <span class='ocrx_word' id='word_1_956' title='bbox 3039 5818 3475 5889; x_wconf 67' lang='lat' dir='ltr'><strong>inhonestunret</strong></span> <span class='ocrx_word' id='word_1_957' title='bbox 3521 5819 3735 5875; x_wconf 84' lang='lat' dir='ltr'><strong>indeco-</strong></span> 
     </span>
    </p>
   </div>
  </div>
