4140 6554
456 346 569 408 374

450 469 698 539 μάλιστα
731 462 939 536 τρέχει.
968 464 1180 534 ’Ὠσπερ
1203 463 1336 534 γὰρ,
1371 463 1620 536 δρομέως
1656 464 1722 518 ἂν
1756 463 1833 535 μὴ
1885 464 2053 539 δήσῃς

451 561 582 622 τοὺς
608 557 804 619 πόδας,
827 557 927 609 οὐκ
961 554 1247 618 ὲκώλυσας
1277 554 1371 607 τοῦ
1395 556 1600 628 δρόμου
1626 573 1639 585 ·
1675 556 1818 610 οὕτω
1849 557 1943 609 καὶ
1967 559 2056 608 εὐο

448 642 785 716 αγγελιστοῦ
815 644 913 697 ἐὰν
965 643 1039 715 μὴ
1079 642 1250 716 δήσῃς
1279 643 1378 714 τὴν
1413 644 1683 713 γλῶτταν,
1716 645 1816 698 οὐκ
1849 643 2058 698 ἐκώλυ-

453 754 554 799 σας
585 733 682 788 τοῦ
714 733 937 804 δρόμου.
996 731 1108 784 Καὶ
1143 731 1333 802 ὥσπερ
1369 732 1596 797 ἐκεῖνος,
1634 733 1730 786 ἐὰν
1757 733 1929 804 δήσῃς
1957 733 2056 803 τὴν

452 825 648 892 ὀσφὺν,
678 820 879 892 μᾶλλον
908 819 1097 889 τρέχει
1139 819 1234 872 καὶ
1281 819 1732 887 διαὸαστάζεται,
1784 819 1930 875 οὕτω
1959 822 2058 874 καὶ

450 907 608 976 οὗτος
663 908 1040 980 δεσμούμενος
1090 920 1117 950 α
1171 909 1374 980 μᾶλλον
1432 909 1717 981 κηρύττει,
1771 913 1866 965 καὶ
1915 912 2056 982 μετά

451 999 699 1062 πλείονος
731 1000 832 1067 τῆς
863 996 1199 1069 παρρησίας.
1245 997 1430 1069 Δειλιᾷ
1459 1000 1487 1051 6
1514 998 1757 1070 δέσμιος,
1793 1001 1924 1056 ὅταν
1965 1000 2056 1052 δε-

445 1081 650 1160 ,σμδςῇ
684 1085 848 1157 μόνον
869 1101 882 1113 ·
923 1087 952 1137 6
978 1085 1035 1138 δὲ
1087 1084 1181 1138 τοῦ
1233 1085 1472 1140 θανάτου
1517 1087 1908 1158 καταφρονῶν,
1936 1088 2056 1152 πῶς

449 1175 520 1228 ἂν
557 1175 747 1245 ἐδέθη;
781 1174 826 1226 Τ
829 1173 993 1228 αυτὸν
1023 1173 1266 1240 ἐποίουν,
1290 1169 1406 1227 οἷον
1427 1174 1492 1228 ἂν
1523 1177 1573 1228 εί
1612 1175 1714 1246 τὴν
1751 1175 1910 1230 σκιὰν
1935 1177 2052 1230 ἐδέο

451 1279 622 1333 σμουν
653 1261 892 1325 Παύλου,
921 1262 1016 1316 καὶ
1033 1261 1096 1314 τὸ
1126 1261 1304 1332 στόμα
1327 1261 1499 1333 αὐτῆς
1522 1263 1870 1334 ἐνέφραττον.
1898 1265 2054 1318 Σκιο-

451 1353 625 1424 μαχία
664 1353 775 1424 γὰρ
819 1347 924 1421 ἦν’
988 1353 1104 1416 τοῖς
1137 1368 1198 1404 τε
1231 1352 1340 1424 γὰρ
1387 1353 1611 1416 οἰκείοις
1664 1354 2054 1427 ποθεινότερος

451 1441 657 1513 μᾶλλον
688 1437 778 1512 ἦν,
814 1443 928 1503 τοῖς
960 1457 1022 1492 τε
1074 1438 1290 1510 ἐχθροῖς
1339 1441 1789 1514 αίδεσιμώτερος,
1825 1445 1922 1498 ἅτε
1956 1447 2052 1498 ἀν-

447 1529 632 1602 δρείας
665 1529 851 1600 φέρων
875 1527 1114 1582 ἔπαθλον
1143 1529 1237 1581 τὸν
1266 1528 1485 1599 δεσμόν.
1541 1531 1810 1599 Στέφανος
1856 1537 2055 1604 κοσμεῖ

448 1619 718 1689 κεφαλὴν,
743 1617 862 1671 ἀλλ’
884 1618 985 1671 οὐκ
1015 1617 1284 1687 αἰσχύνει,
1313 1617 1452 1671 ἀλλὰ
1473 1620 1575 1673 καὶ
1600 1619 1855 1692 λαμπρὸν
1885 1627 2047 1676 ποιεῖ.

454 1707 716 1770 νΛκοντες
746 1705 1082 1769 ἐστεφάνουν
1107 1706 1272 1760 αὐτὸν
1297 1709 1364 1777 τῇ
1379 1706 1599 1764 ἁλύσει.
1633 1710 1768 1761 Εἰπὲ
1793 1712 1902 1782 γάρ
1936 1730 2048 1781 μοι,

447 1795 670 1866 σίδηρον
697 1789 812 1865 εἶχε
844 1793 1021 1848 δεῖσαι
1051 1797 1079 1848 ό
1124 1795 1233 1848 τῶν
1263 1795 1648 1866 ἀδαμαντίνων
1681 1797 1777 1851 τοῦ
1814 1799 2049 1854 Θανάτου

442 1883 810 1954 κατατολμῶν
839 1882 1062 1947 πυλῶνς

526 1971 812 2041 Ἔλθωμεν
841 1973 920 2036 είς
971 1969 1158 2042 ζῆλον,
1197 1972 1500 2043 ἀγαπητοὶ,
1532 1976 1642 2028 τῶν
1674 1977 1894 2048 δεσμῶν
1920 1977 2048 2032 τού-

451 2079 586 2117 των.
619 2061 782 2113 Ὅσαι
809 2063 1066 2130 γυναῖκες
1105 2063 1308 2133 χρυσία
1333 2063 1680 2134 περίκεισθε,
1717 2069 1788 2122 τὰ
1831 2069 2048 2123 Παύλου

453 2145 633 2222 δεσμά
663 2151 959 2220 ποθήσατε.
992 2151 1104 2221 Οὐχ
1134 2150 1310 2215 οὕτως
1333 2151 1462 2223 ύμῖν
1486 2155 1616 2226 περ).
1644 2155 1737 2207 τὸν
1773 2157 2048 2228 τράχηλον

451 2239 513 2293 τὸ
561 2239 945 2312 περιδέρραιον
992 2241 1335 2313 ἀπολάμπει,
1389 2244 1465 2306 ὼς
1514 2246 1725 2298 ἐκείνου
1773 2247 1901 2318 περὶ
1949 2250 2049 2319 τὴν

447 2327 628 2398 ψυχὴν
686 2329 714 2380 6
767 2328 876 2382 τῶν
930 2329 1171 2401 σιδηρῶν
1203 2330 1422 2401 δεσμῶν
1465 2332 1679 2387 ἔστιλϐε
1713 2335 1937 2406 κόσμος.
1983 2336 2053 2390 Et

446 2433 529 2479 τις
570 2418 756 2470 ἐκεῖνα
785 2417 964 2485 ποθεῖ,
1007 2419 1182 2474 ταῦτα
1230 2421 1490 2491 μισείτω.
1526 2422 1623 2487 Τίς
1647 2423 1756 2494 γὰρ
1790 2427 2048 2480 κοινωνία

447 2503 676 2577 βλακείᾳ
696 2505 834 2574 πρὸς
856 2506 1112 2578 ἀνδρείαν
1136 2525 1150 2575 ;
1181 2509 1560 2582 καλλωπισμῷ
1585 2512 1886 2583 σωματικῷ
1912 2513 2049 2586 πρὸς

441 2593 809 2663 ·φιλοσοφίαν;
851 2597 1067 2650 Ἐκεῖνα
1127 2597 1195 2652 τὰ
1227 2599 1407 2670 δεσμά
1457 2600 1684 2670 ἄγγελοι
1743 2602 2044 2669 αἰδοῦνται,

443 2685 654 2736 τούτων
697 2683 792 2737 καὶ
823 2687 1261 2752 καταπαίζουσιν
1289 2705 1301 2716 ·
1342 2689 1529 2743 ἐκεῖνα
1571 2690 1643 2744 τὰ
1692 2690 1872 2762 δεσμὰ
1908 2694 2048 2764 πρὸς

445 2771 537 2824 τὸν
568 2771 800 2843 οὐρανὸν
846 2773 958 2827 ἀπὸ
1005 2776 1102 2846 τῆς
1151 2776 1258 2847 γῆς
1300 2777 1483 2832 ’έλκειν
1533 2780 1716 2846 εἴωθε,
1750 2779 1924 2835 ταῦτα
1975 2782 2047 2836 τὰ

341 2905 347 2911 .
442 2853 622 2930 Βεσμά
669 2861 807 2934 πρὸς
837 2864 938 2934 τὴν
960 2861 1066 2934 γῆν
1093 2865 1204 2919 ἀπὸ
1231 2866 1328 2920 τοῦ
1361 2865 1594 2937 οὐρανοῦ
1635 2870 1888 2938 κατάγει.
1919 2871 2047 2924 Ὄν-

444 2965 555 3012 τως
587 2948 698 3020 γὰρ
730 2949 906 3004 ταῦτα
935 2951 1134 3022 δεσμά,
1181 2952 1281 3007 οὐκ
1318 2956 1506 3009 ἐκεῖνα
1534 2973 1546 2985 ⁸
1588 2956 1774 3010 ἐκεῖνα
1815 2958 2042 3029 κόσμος,

443 3036 618 3091 ταῦτα
649 3038 853 3110 δεσμά·
891 3037 1066 3095 ταῦτα
1109 3042 1251 3113 μετά
1278 3041 1373 3098 τοῦ
1405 3045 1658 3116 σώματος
1695 3050 1792 3102 καὶ
1820 3049 1920 3120 τὴν
1943 3049 2046 3120 ψυ-

444 3126 548 3196 χὴν
578 3127 775 3192 θλίϐει,
807 3131 993 3184 ἐκεῖνα
1027 3133 1169 3202 μετὰ
1193 3131 1287 3187 τοῦ
1321 3133 1577 3204 σώματος
1612 3136 1707 3189 καὶ
1738 3137 1835 3209 τὴν
1864 3137 2045 3210 ψυχὴν

443 3217 662 3284 κοσμεῖ.
723 3215 913 3271 Βούλει
965 3219 1159 3289 μαθεῖν
1213 3221 1297 3274 ὅτι
1349 3223 1534 3278 ἐκεῖνα
1598 3225 1804 3295 κόσμος
1853 3228 2042 3292 ἐστίνς

444 3299 581 3356 Εἰπέ
618 3321 732 3374 μοι,
760 3305 846 3369 τίς
878 3306 1081 3376 μᾶλλον
1109 3309 1466 3364 ἐπεσπάσατο
1495 3313 1622 3376 τούς
1653 3313 1922 3384 ὁρῶντας,
1952 3317 2041 3381 σὺ,

443 3388 478 3460 ἢ
513 3390 764 3460 Παῦλοςς
796 3392 960 3468 [402]
994 3397 1090 3450 καὶ
1121 3397 1175 3450 τί
1205 3397 1371 3466 λέγω,
1427 3397 1530 3464 σῦς
1581 3402 1724 3473 αὐτὴ
1753 3403 1788 3474 ή
1827 3401 2043 3474 βασιλὶς

445 3480 480 3550 ἡ
535 3481 716 3536 πάντα
751 3481 955 3554 χρυσὸν
1001 3488 1399 3559 περικειμένη,
1444 3489 1544 3542 οὐκ
1591 3489 1657 3542 ἂν
1694 3492 1902 3562 μᾶλλον
1941 3495 2042 3546 ἐπ-

440 3568 730 3624 εσπάσατο
755 3573 884 3636 τοὺς
905 3571 1149 3644 ὁρῶντας
1170 3589 1185 3606 ⁸
1234 3575 1351 3628 ἀλλ’
1385 3577 1435 3629 εἰ
1469 3577 1668 3650 συνέϐη
1707 3580 1800 3634 καὶ
1829 3579 2044 3634 Παῦλον

444 3657 590 3711 κατά
619 3659 711 3714 τὸν
742 3659 908 3714 αὐτὸν
935 3663 1128 3733 καιρὸν
1175 3663 1482 3735 δεδεμένον,
1526 3665 1624 3719 καὶ
1657 3667 1757 3736 τὴν
1791 3667 2043 3738 βασιλίδα

440 3747 524 3810 είς
549 3745 650 3817 τὴν
680 3748 981 3819 ἐκκλησίαν
1011 3749 1300 3815 εἰσελθεῖν,
1325 3751 1532 3816 πάντες
1567 3753 1634 3808 ἂν
1681 3755 1779 3808 ἀπ’
1827 3756 2044 3828 ἐκείνης

441 3833 538 3886 ἐπὶ
574 3835 766 3888 τοῦτον
788 3840 1105 3909 μετήγαγον
1127 3840 1254 3904 τοὺς
1287 3841 1603 3914 ὀφθαλμούς
1626 3859 1638 3872 ·
1671 3845 1765 3897 καὶ
1791 3846 2039 3910 είκότως.

441 3919 516 3974 T6
538 3923 648 3994 γὰρ
670 3925 801 3996 όρᾷν
834 3925 1004 3998 ἄνδρα
1030 3929 1130 4000 τῆς
1160 3928 1378 3999 φύσεως
1401 3931 1503 4002 τῆς
1533 3931 1887 4004 ἀνθρωπίνης
1924 3935 2044 4006 μεί-

440 4010 592 4078 ζονα,
635 4016 730 4068 καὶ
784 4016 936 4070 οὐδὲν
968 4017 1166 4088 ἔχοντα
1215 4019 1586 4093 ἀνθρώπινον,
1641 4022 1760 4076 ἀλλ’
1807 4023 2042 4094 ἄγγελον

438 4101 535 4156 ἐπὶ
559 4102 685 4174 γῆς,
721 4103 1174 4176 θαυμασιώτερον
1207 4108 1303 4162 τοῦ
1324 4110 1458 4181 όρᾷν
1497 4111 1736 4178 γυναῖκα
1760 4114 2040 4168 κεκαλλω-

439 4193 737 4263 πισμένην.
765 4194 953 4249 Ταῦτα
1003 4197 1102 4267 μὲν
1138 4198 1248 4270 γάρ
1289 4199 1387 4252 καὶ
1443 4201 1502 4252 ἐν
1554 4200 1828 4271 θεάτροις,
1861 4205 1956 4258 καὶ
1984 4205 2040 4259 ἐν

440 4283 707 4351 πομπαῖς,
738 4285 832 4336 καὶ
856 4283 1187 4354 βαλανείοις,
1241 4287 1336 4341 καὶ
1373 4288 1648 4359 πολλαχοῦ
1687 4291 1837 4345 ἐστιν
1869 4292 2000 4346 ίδεῖν
2021 4311 2037 4326 ’

440 4368 727 4442 ἄνθρωπον
764 4372 819 4427 δέ
849 4373 1027 4445 δεσμά
1059 4377 1465 4448 περικείμενον,
1501 4379 1594 4432 καὶ
1626 4381 1920 4448 νομίζοντα
1947 4382 2040 4436 τὸν

441 4459 704 4529 μέγιστον
733 4463 936 4532 κόσμον
960 4463 1127 4535 ἔχειν,
1152 4466 1252 4519 -καὶ
1285 4467 1386 4520 οὐκ
1411 4467 1628 4522 εἴκοντα
1656 4470 1767 4533 τοῖς
1796 4469 2035 4542 δεσμοῖς,

438 4549 539 4600 οὐκ
569 4548 684 4602 ἐστι
710 4550 814 4620 γῆς
840 4551 1024 4622 θέαμα
1069 4553 1200 4606 ίδεῖν
1250 4554 1343 4608 τὸν
1375 4555 1611 4627 ὁρῶντα,
1647 4557 1764 4611 ἀλλ’
1791 4558 2040 4631 οὐρανῶν

437 4636 586 4703 ἄξιον
619 4637 678 4690 τὸ
713 4639 914 4710 θέαμα.
953 4641 1018 4693 Ἣ
1069 4641 1244 4696 ταῦτα
1277 4646 1640 4717 περικειμένη
1682 4646 1832 4720 ψυχὴ
1878 4666 2040 4721 περι-

440 4727 655 4792 σκοπεῖ,
702 4727 786 4790 τίς
827 4723 960 4792 εἶδε,
1003 4728 1086 4794 τίς
1121 4731 1221 4784 οὐκ
1279 4726 1411 4796 εἶδε,
1446 4733 1618 4802 τύφου
1648 4737 2037 4808 πεπλήρωται,

429 4815 688 4885 φροντίσι
720 4815 1030 4888 κατέχεται,
1065 4818 1284 4890 μυρίοις
1311 4821 1518 4892 ἐτέροις
1545 4823 1754 4878 δέδεται
1786 4824 2036 4880 πάθεσινο

434 4904 466 4957 6
507 4904 564 4957 δὲ
593 4905 778 4958 ἐκεῖνα
834 4906 1247 4978 περικείμενος,
1289 4909 1524 4979 ἄτυφος·
1560 4912 1593 4982 ἡ
1631 4911 1775 4983 ψυχὴ
1806 4915 2041 4986 γαυροῦ-

433 5009 546 5058 ται,
601 4993 784 5064 πάσης
836 4995 1185 5066 ἀπήλλακται
1241 4997 1544 5068 φροντίδος,
1574 4998 1865 5069 γεγηθυία,
1900 5003 2040 5072 πρὸς

430 5081 524 5135 τὸν
555 5083 785 5153 οὐρανὸν
818 5082 1118 5153 βλέπουσα,
1153 5085 1536 5156 ἐπτερωμένη.
1564 5084 1632 5138 EE
1657 5086 1740 5150 τίς
1769 5106 1860 5158 μοι
1889 5090 2038 5143 Παῦε

431 5167 523 5223 λον
574 5170 745 5224 ἐδίδου
791 5171 899 5224 ἀπὸ
939 5170 1032 5224 τοῦ
1072 5171 1306 5243 οὐρανοῦ
1357 5173 1728 5228 διακύπτοντα
1786 5175 1914 5232 ίδεῖν
1944 5180 2039 5233 καὶ

433 5259 620 5330 φωνὴν
643 5261 898 5330 ἀφιέντα,
924 5260 957 5332 ἢ
987 5262 1052 5314 ἐκ
1072 5260 1167 5314 τοῦ
1195 5261 1596 5334 δεσμωτηρίου,
1621 5265 1685 5317 ἐκ
1706 5265 1797 5318 τοῦ
1827 5266 2040 5339 δεσμω-

428 5348 622 5419 τηρίου
673 5349 739 5402 ἂν
792 5349 1018 5419 εἱλόμην
1060 5368 1074 5381 ι
1141 5352 1190 5404 οἱ
1266 5350 1376 5422 γὰρ
1411 5351 1438 5390 δ
1512 5353 1576 5405 ὲκ
1633 5352 1728 5406 τοῦ
1804 5355 2036 5426 οὐρανοῦ

432 5439 572 5507 πρὸς
630 5435 794 5490 αὐτὸν
853 5437 1142 5508 ἔρχονται,
1213 5439 1343 5492 ὅταν
1401 5440 1481 5503 είς
1540 5441 1601 5493 τὸ
1660 5441 2037 5516 δεσμωτήριον

429 5522 488 5600 ᾖ.
546 5526 606 5578 ’0
644 5523 943 5595 σύνδεσμος
991 5526 1086 5580 τοῦ
1141 5527 1499 5600 κηρύγματος
1546 5529 1615 5583 τά
1663 5531 1840 5601 δεσμά
1886 5533 2038 5587 Παύ-

495 5689 762 5751 ινοοεω,
821 5697 940 5753 quae
975 5691 1153 5742 deerat
1194 5696 1244 5743 in
1289 5691 1425 5754 edd.,
1482 5709 1543 5744 ex
1569 5697 1710 5747 codd.
1735 5698 2034 5762 recepimus.

435 5754 632 5886 Ιῗοιζτῷίσ
655 5815 752 5864 duo
774 5815 914 5886 cgdd;
943 5822 997 5863 et
1017 5814 1168 5886 Say'il.
1199 5817 1480 5886 [.qgebalur
1501 5822 1555 5869 οὐ
1578 5822 1666 5884 γάρ
1689 5835 1749 5870 ex
1770 5822 2032 5886 Commel.,

434 5878 578 5941 Quod
608 5883 777 5928 tamen
799 5878 917 5927 ferri
941 5885 1129 5942 potest,
1156 5878 1300 5930 modi)
1326 5883 1462 5945 legas
1481 5878 1862 5947 ime'rrbgative.
1893 5878 2031 5939 Ευιτῖ

1359 346 1434 405 ιΙΝ
1477 347 1696 406 EPIST.
1737 349 1828 404 AD
1865 348 2155 405 COLOSS.
2201 349 2351 407 CAP.
2397 353 2487 409 IV.
2555 347 2790 406 IIOMIL.
2827 348 2896 404 Χ.

3650 352 3768 406 ,572

2162 466 2276 540 λου,
2316 468 2345 520 6
2382 466 2694 538 θεμέλιοςή
2731 466 2920 530 ἅλυσις
2965 464 3168 537 ἐκείνη.
3223 465 3433 519 Ἐκεῖνα
3482 465 3548 520 τὰ
3590 467 3766 537 δεσμά

2159 556 2514 627 ποθήσωμεν.
3747 563 3754 571 ’

2233 651 2294 699 ε’.
2337 648 2446 700 Καὶ
2478 647 2616 711 πῶς,
2648 646 2836 717 φησὶν,
2865 645 2982 712 ἐνις
3022 645 3150 700 Ἐάν
3175 644 3350 700 ταῦτα
3379 646 3766 718 συντρίψωμεν

2159 735 2254 788 καὶ
2283 734 2684 806 διακλάσωμεν.
2718 736 2884 789 Οὐδὲν
2911 737 3042 806 ἡμῖν
3061 736 3168 789 ἀπὸ
3198 735 3404 789 τούτων
3438 735 3628 804 ὄφελος
3653 736 3766 788 τῶν

2157 821 2398 893 δεσμῶν,
2433 824 2569 876 ἀλλὰ
2602 824 2698 876 καὶ
2731 823 2928 892 βλάϐη.
2957 823 3256 892 Δεσμώτας
3281 826 3430 895 ἡμᾶς
3465 826 3583 877 ἐκεῖ
3601 823 3766 888 δείξει

2157 909 2357 975 ταῦτα,
2388 910 2458 963 τὰ
2481 911 2539 964 δὲ
2575 911 2790 964 Παύλου
2818 912 2996 981 δεσμά
3031 911 3184 966 λύσει
3217 915 3402 966 ἐκεῖνα
3430 911 3501 966 τά
3543 911 3723 980 δεσμά
3746 926 3763 942 ⁸

2157 1001 2192 1067 ή
2227 998 2437 1061 τούτοις
2483 998 2721 1051 ἐνταῦθα
2758 999 3018 1070 δεδεμένη
3051 1001 3283 1064 καὶτοῖς
3312 1000 3613 1064 ἀθανάτοις
3646 999 3766 1053 ἐκεῖ

2159 1085 2380 1156 δεσμοῖς
2422 1086 2713 1158 δεθήσεται
2747 1089 2938 1157 χεῖρας
2974 1089 3070 1140 κα¹ι
3102 1087 3292 1154 πόδας,
3328 1091 3361 1160 ή
3397 1091 3511 1152 τοῖς
3544 1087 3764 1142 Παύλου

2157 1173 2415 1245 δεδεμένη
2451 1174 2565 1241 ἕξει
2616 1175 2876 1245 καθάπερ
2934 1175 3142 1244 κόσμον
3179 1175 3568 1245 περικείμενον
3616 1177 3759 1247 αὐτῇ

2156 1263 2301 1316 τότε.
2340 1263 2518 1316 Λῦσον
2541 1263 2636 1316 καὶ
2669 1253 2875 1332 σαυτὴν
2915 1261 3013 1316 τοῦ
3044 1262 3271 1333 δεσμοῦ,
3297 1267 3394 1316 καὶ
3424 1263 3516 1316 τὸν
3551 1263 3764 1334 πένητα

2155 1350 2250 1404 τοῦ
2281 1351 2464 1423 λιμοῦ.
2488 1352 2553 1404 Τί
2572 1351 2683 1405 τῶν
2708 1351 3130 1423 ἁμαρτημάτων
3155 1350 3478 1427 τὰςρειράς
3507 1351 3764 1420 ἐπισφίγο

2157 1456 2313 1508 γειςς
2352 1440 2514 1506 Πῶςς
2573 1441 2758 1512 φησίν.
2797 1441 2968 1494 Ὅταν
3010 1441 3074 1494 σὺ
3112 1441 3213 1511 μὲν
3237 1442 3608 1512 χρυσοφορῇς,
3638 1440 3762 1493 ἐτε-

2157 1547 2249 1600 ρος
2279 1529 2335 1582 δὲ
2359 1531 2657 1585 ἀπόλλυται
2681 1547 2694 1560 °
2737 1531 2866 1584 ὅταν
2903 1531 2968 1584 σὺ
3003 1531 3104 1602 μὲν
3138 1530 3225 1583 ἴνα
3256 1530 3416 1600 δόξης
3438 1529 3609 1602 τύχῃς
3658 1529 3763 1600 τῆς

2155 1618 2339 1685 κενῆς,
2395 1619 2651 1673 τοσοῦτον
2683 1620 2971 1692 λαμϐάνῃς
3019 1618 3264 1691 χρυσίον,
3294 1619 3484 1690 ἕτερος
3526 1618 3583 1672 δὲ
3620 1618 3759 1688 μηδέ

2154 1708 2348 1774 φαγεῖν
2375 1706 2496 1778 ἔχῃ,
2523 1707 2646 1777 οὐχὶ
2673 1707 2774 1772 τὰς
2806 1706 3088 1778 ἁμαρτίας
3109 1706 3447 1776 ἐπέσφιγξας
3472 1723 3486 1772 ;
3518 1705 3755 1778 Περίθου

2151 1793 2244 1846 τὸν
2275 1793 2531 1864 Χριστὸν,
2569 1795 2665 1850 καὶ⁵
2703 1796 2778 1867 μὴ
2828 1795 2920 1850 τὸν
2951 1796 3182 1865 χρυσόψ
3228 1795 3360 1849 ἔνθα
3413 1796 3753 1866 μαμμωνᾶς,

2150 1882 2271 1934 ἐκεῖ
2301 1883 2540 1956 Χριστὸς
2567 1884 2667 1936 οὐκ
2701 1883 2849 1936 ἔστιν
2874 1902 2888 1914 ·
2926 1883 3054 1936 ἔνθα
3082 1883 3342 1951 Χριστὸς,
3372 1885 3490 1936 ἐκεῖ
3523 1900 3758 1954 μαμμω-

2151 1971 2248 2033 νᾶς
2271 1971 2372 2024 οὐκ
2399 1970 2568 2024 ἔστιν.
2591 1972 2665 2024 Οὐ
2697 1970 2878 2042 βούλει
2909 1972 3000 2026 τὸν
3031 1971 3272 2026 Βασιλέα
3308 1971 3475 2026 αὐτὸν
3502 1973 3754 2043 περικεῖιο

2153 2057 2278 2110 σθαι
2313 2059 2423 2111 τῶν
2454 2061 2708 2124 πάντωνς
2753 2061 2820 2114 Et
2858 2060 2944 2124 τίς
2977 2077 3061 2114 σοι
3089 2061 3190 2131 τὴν
3223 2061 3520 2135 ἁλουργίδα
3569 2060 3667 2114 καὶ⁵
3688 2060 3755 2113 τὸ

2149 2146 2391 2217 διάδημα
2419 2147 2642 2212 ἔδωκεν,
2679 2148 2781 2201 οὐκ
2813 2149 2878 2202 ἂν
2915 2148 3082 2213 ἐδέξω
3109 2150 3233 2202 ἀντὶ
3256 2149 3460 2213 παντὸς
3487 2137 3582 2202 τοῦ
3612 2166 3751 2218 χρυ·-

2101 2271 2106 2275 -
2154 2236 2270 2289 σίου
2296 2253 2311 2303 ;
2357 2235 2503 2304 Ἐγώ
2539 2254 2624 2290 σοι
2655 2238 2716 2290 οὐ
2749 2237 2840 2291 τὸν
2870 2238 3076 2308 κόσμον
3099 2238 3296 2309 δίδωμι
3321 2238 3415 2292 τὸν
3444 2237 3752 2310 βασιλικὸν,

2152 2325 2270 2378 ἀλλ’
2303 2325 2466 2378 αὐτὸν
2496 2325 2822 2396 περιθέσθαι
2850 2325 2942 2378 τὸν
2963 2325 3198 2380 Βασιλέα
3220 2327 3465 2399 παρέχω.
3497 2327 3608 2379 Καὶ
3633 2327 3754 2390 πῶς

2151 2414 2216 2467 ἄν
2241 2432 2328 2478 τις
2359 2416 2672 2486 περικέοιτο
2719 2414 2812 2468 τὸν
2854 2414 3112 2486 Χριστὸν,
3161 2417 3362 2485 φησίν;
3412 2417 3613 2469 Ἀκουε
3654 2415 3752 2468 τοῦ

2150 2502 2366 2555 Παύλου
2393 2501 2650 2572 λέγοντος
2673 2516 2687 2530 ⁸
2718 2504 2892 2557 ’Ὅσοι
2913 2505 3002 2570 εἰς
3032 2504 3295 2572 Χριστὸν·
3327 2504 3750 2571 ἐϐαπτίσθητε,

2148 2591 2412 2658 Χριστὸν
2473 2591 2890 2644 ἐνεδύσασθε·
2935 2590 3170 2644 ἄκουσον
3219 2591 3322 2661 τῆς
3374 2592 3752 2664 παραινέσεως

2142 2680 2249 2752 τῆς
2274 2679 2668 2750 ἀποστολικῆς·
2707 2679 2831 2748 Τῆς
2857 2681 3110 2748 σαρκὸς,
3148 2682 3306 2751 φησὶ,
3336 2684 3631 2750 πρόνοιαν
3662 2683 3750 2752 μὴ

2149 2768 2419 2822 ποιεῖσθε
2444 2771 2532 2835 είς
2557 2768 2898 2837 ἐπιθυμίαν.
2928 2768 3087 2822 Οὕτω
3107 2787 3191 2834 τις
3222 2769 3471 2824 ἐνδύεται
3494 2770 3587 2824 τὸν
3617 2771 3662 2824 Χ
3673 2788 3752 2842 ρι-

2150 2859 2294 2923 στὸν,
2336 2858 2411 2930 μὴ
2445 2859 2693 2930 προνοῶν
2717 2860 2818 2930 τῆς
2843 2857 3046 2929 σαρκὸς
3072 2861 3152 2922 είς
3180 2859 3498 2930 ἐπιθυμίαν.
3529 2861 3626 2912 Ἂν
3657 2845 3753 2913 τόν

2148 2949 2388 3019 Χριστὸν
2422 2949 2640 3021 ἐνδύσῃ,
2677 2949 2771 3002 καὶ
2801 2949 3070 3019 δαίμονές-
3091 2967 3151 3004 σε
3189 2951 3630 3022 φοϐηθήσονται’
3683 2952 3752 3005 ἂν

2146 3039 2204 3093 δὲ
2238 3040 2330 3094 τὸν
2371 3041 2596 3111 χρυσὸν,
2628 3040 2726 3097 καί¹
2757 3040 3038 3112 ἄνθρωποι
3097 3042 3604 3111 καταγελάσονταιο
3653 3043 3751 3096 ἐὰν

2147 3127 2346 3202 ἐνδύσῃ
2377 3129 2468 3183 τὸν
2525 3128 2785 3200 Χριστὸν,
2843 3129 2936 3182 καὶ
2980 3127 3262 3201 ἄνθρωποί
3304 3148 3364 3184 σε
3396 3130 3752 3202 αίδεσθήσον-

2141 3235 2259 3274 ται.

2218 3307 2410 3362 Βούλει
2441 3308 2731 3379 φαίνεσθαι
2781 3307 2922 3379 καλὴ
2947 3309 3040 3362 καὶ
3070 3309 3394 3382 εὐπρεπής;
3445 3310 3750 3382 άρκέσθητι

2145 3397 2240 3451 τοῦ
2268 3397 2616 3470 Δημιουργοῦ
2647 3395 2802 3468 [405]
2826 3400 2890 3469 τῇ
2921 3397 3138 3454 πλάσει.
3162 3399 3228 3452 Τί
3250 3398 3318 3452 τὰ
3342 3400 3543 3469 χρυσία
3560 3402 3752 3460 ἐπεισ-

2146 3488 2322 3554 άγεις,
2347 3487 2423 3550 ὼς
2451 3484 2857 3557 διορθωσομένη
2889 3485 2983 3539 τοῦ
3014 3486 3149 3541 Θεοῦ
3171 3487 3233 3540 τὸ
3258 3486 3517 3558 πλάσμας
3561 3488 3749 3552 Θέλεις

2146 3572 2432 3645 εὐπρεπὴς
2465 3571 2784 3642 φαίνεσθαι;
2824 3573 3126 3644 περιὸαλοῦ
3152 3573 3548 3646 ἐλεημοσύνην,
3588 3594 3748 3646 περι-

2135 3661 2313 3715 ’δαλοῦ
2342 3661 2778 3732 φιλανθρωπίαν,
2830 3661 3133 3732 περιδαλοῦ
3190 3664 3569 3734 σωφροσύνην,
3615 3665 3750 3718 ἀτυ-

2147 3751 2311 3821 φίαν*
2359 3750 2538 3804 ταῦτα
2591 3751 2771 3805 πάντα
2808 3751 3012 3822 χρυσοῦ
3044 3753 3353 3825 τιμιώτερα
3378 3771 3392 3784 ·
3442 3755 3618 3808 ταῦτα
3654 3757 3748 3809 καὶ

2144 3840 2245 3912 τὴν
2304 3839 2516 3911 ὡραίαν
2575 3839 3030 3912 εὐπρεπεστέραν
3082 3845 3260 3895 ποιεῖ’
3314 3843 3489 3896 ταῦτα
3519 3844 3613 3896 καὶ
3646 3843 3750 3914 τὴν

2145 3929 2244 3982 οὐκ
2279 3925 2558 3999 εὔμορφον
2614 3927 2893 3999 εὔμορφον
2955 3929 3468 4000 ἐργάζεται.”υταν
3512 3932 3624 4003 γάρ
3661 3948 3750 3994 τις

2149 4017 2266 4090 μετ’
2294 4019 2507 4082 εὐνοίας
2530 4017 2653 4089 ὄψιν
2679 4020 2803 4091 ὁρᾷ,
2823 4019 2933 4072 ἀπὸ
2960 4020 3186 4090 ἀγάπης
3213 4021 3367 4093 φέρει
3391 4022 3486 4084 τὰς
3508 4022 3748 4096 ψήφουςο

2144 4109 2243 4179 τὴν
2272 4107 2328 4160 δὲ
2363 4107 2610 4178 πονηρὰν
2641 4107 2702 4161 οὐ
2751 4107 2978 4162 δύναταί
3031 4127 3116 4172 τις
3173 4110 3298 4162 οὐδὲ
3348 4110 3523 4181 καλὴν
3555 4106 3746 4175 οὖσαν,

2144 4196 2318 4260 καλὴν
2341 4197 2551 4249 εἰπεῖν·
2591 4196 2956 4267 πεπληγμένη
2987 4197 3098 4270 γὰρ
3131 4200 3162 4267 ή
3219 4198 3430 4253 διάνοια
3475 4199 3537 4252 οὐ
3589 4201 3748 4272 φέρει

2142 4287 2243 4358 τὴν
2277 4286 2459 4356 ψῆφον
2488 4286 2679 4358 ὀρθήν.
2717 4287 3032 4357 Ἐκοσμήθη
3061 4288 3190 4340 ποτὲ
3219 4291 3251 4358 ή
3299 4288 3589 4357 Αἰγυπτία,
3626 4289 3748 4343 ἑκο-

2145 4375 2330 4446 σμήθη
2363 4374 2458 4428 καὶ
2506 4375 2535 4426 ό
2579 4374 2815 4445 Ἰωσήφ·
2846 4374 2932 4438 τίς
2969 4369 3065 4428 οῦν
3093 4369 3164 4446 ἦν
3195 4376 3224 4429 ό
3262 4375 3622 4447 ὠραιότεροςς
3682 4377 3743 4428 οὐ

2142 4459 2286 4527 λέγω
2308 4459 2396 4512 ὅτε
2427 4460 2484 4512 ἐν
2505 4461 2620 4522 τοῖς
2650 4458 2946 4530 βασιλείοις
2973 4455 3042 4531 ἦν
3081 4461 3290 4532 ἐκείνη,
3317 4451 3469 4526 οὗτος
3495 4460 3553 4515 δὲ
3578 4463 3635 4516 ἐν
3664 4461 3745 4532 τῷ

2141 4547 2524 4620 δεσμωτηρίῳ.
2573 4547 2787 4618 Γυμνδς
2829 4543 2900 4620 ἦν
2928 4542 3106 4614 οὗτος,
3163 4547 3282 4602 ἀλλ’
3335 4549 3611 4604 ἐνεδέδυτο
3644 4551 3744 4620 τῆς

2143 4635 2506 4708 σωφροσύνης
2537 4635 2607 4690 τά
2641 4636 2835 4708 ἱμάτια
2855 4650 2870 4666 ο
2910 4636 3240 4708 ἐνδεδυμένη
3273 4633 3342 4709 ἦν
3376 4639 3580 4711 ἐκείνη,
3607 4638 3743 4692 ἀλλά

2140 4726 2357 4798 γυμνῆς
2385 4721 2454 4797 ἦν
2482 4725 2814 4799 αίσχροτέρα
2840 4743 2853 4755 °
2897 4727 3260 4800 σωφροσύνην
3298 4727 3409 4801 γάρ
3433 4729 3534 4782 οὐκ
3573 4723 3741 4799 εῖχεν.

2144 4816 2312 4869 Ὅταν
2343 4814 2592 4887 σφοδρῶς
2619 4816 2900 4889 κοσμήσῃ,
2945 4808 2992 4868 ὦ
3024 4814 3207 4883 γύναι,
3236 4815 3360 4869 τότε
3393 4817 3494 4886 τῆς
3523 4817 3742 4888 γυμνῆς

2141 4901 2475 4974 αἱσχροτέρα
2528 4901 2795 4970 γέγονας·
2831 4901 3090 4956 ἀπεδύσω
3121 4904 3233 4973 γὰρ
3275 4901 3377 4975 τὴν
3418 4905 3739 4975 εὐκοσμίαν.

2141 4986 2250 5044 Ἦν
2277 4990 2369 5044 καὶ
2395 4991 2428 5059 ἠ
2465 4988 2581 5042 Εὕα
2610 4991 2792 5062 γυμνή
2813 5007 2827 5020 ·
2859 4989 2978 5042 ἀλλ’
3020 4991 3110 5044 ὅτε
3163 4989 3473 5054 ἐνεδύσατο,
3517 4993 3643 5047 τότε
3673 4991 3743 5065 ἦν

2141 5079 2506 5151 α-ισχροτέραο
2556 5080 2646 5132 ὅτε
2679 5081 2778 5148 μὲν
2824 5077 2934 5150 γὰρ
2961 5075 3031 5150 ἦν
3076 5079 3285 5151 γυμνὴν
3322 5081 3638 5153 κεκόσμητο
3669 5087 3738 5156 τῇ

2139 5169 2268 5242 δόξῃ
2298 5167 2391 5220 τοῦ
2427 5166 2596 5219 Θεοῦ·
2632 5167 2722 5219 ὅτε
2772 5166 2829 5220 δὲ
2858 5166 2920 5220 τὺ
2947 5167 3048 5238 τῆς
3088 5169 3363 5239 ἁμαρτίας
3405 5171 3620 5242 ἱμάτιον
3648 5174 3739 5226 ἐν..

2139 5258 2386 5323 ἐδύσατο,
2407 5255 2530 5309 τότε
2558 5251 2627 5324 ἦν
2655 5255 2880 5327 αἰσχρά.
2907 5257 3017 5311 Καὶ
3045 5257 3109 5310 σὺ
3130 5258 3232 5329 τῆς
3255 5259 3618 5331 φιλοκοσμίας
3647 5264 3738 5314 ἐν-

2137 5345 2374 5417 δυομένη
2397 5344 2459 5398 τὸ
2485 5345 2721 5414 ἱμάτιον,
2749 5345 2871 5396 τότε
2900 5345 3231 5417 αἰσχροτέρα
3263 5348 3449 5418 φαίνῃ,
3479 5349 3600 5400 Ὅτι
3629 5350 3737 5421 γὰρ

2107 5437 2172 5505 ’ή
2209 5432 2533 5487 πολυτέλεια
2581 5433 2683 5486 οὐκ
2731 5433 2895 5504 ἀρκεῖ
2927 5432 3097 5497 δεῖξαι
3139 5433 3438 5505 εὔμορφον,
3472 5436 3597 5490 ἀλλ’·
3620 5438 3737 5491 ἐστι

2141 5524 2236 5576 καὶ
2274 5521 2635 5592 ἐνδεδυμένην
2688 5521 2790 5592 τῆς
2849 5522 3070 5592 γυμνῆς
3117 5522 3316 5592 μᾶλλον
3376 5524 3732 5596 ἀσχημονεῖν,

2140 5611 2252 5682 ἐγὼ
2286 5610 2415 5683 ἐρῶ.
2467 5610 2533 5662 Εἴ
2566 5627 2696 5663 ποτε
2747 5609 2983 5680 αὐλητοῦ
3031 5610 3063 5681 ἢ
3113 5612 3380 5681 χοραύλου
3427 5615 3598 5684 σκεύη
3644 5617 3736 5667 ἐν-

2139 5701 2334 5765 εδύσω,
2362 5695 2471 5769 ἆρα
2497 5699 2598 5752 οὐκ
2615 5693 2684 5770 ἦν
2705 5697 3098 5770 ἀσχημοσύνη;
3141 5701 3335 5754 Καίτοι
3359 5717 3421 5770 γε
3453 5705 3634 5772 χρυσᾶ
3659 5707 3729 5757 τά

2142 5787 2336 5860 ἱμάτιά
2359 5789 2529 5840 εἰσιν·
2567 5786 2705 5840 ἀλλὰ
2726 5785 2817 5840 διά
2845 5785 3007 5840 τοῦτο
3033 5788 3416 5859 ἀσχημοσύνη,
3465 5790 3547 5844 ὅτι
3595 5808 3731 5860 χρυ-

2145 5879 2236 5933 σᾶ.
2254 5876 2317 5930 ’Π
2350 5877 2459 5948 γὰρ
2484 5875 2803 5930 πολυτέλεια
2833 5874 2933 5946 τῆς
2963 5875 3166 5947 σκηνῆς
3200 5877 3428 5950 ἁρμόζει
3458 5880 3570 5941 τοῖς
3599 5886 3730 5949 τρα-
