  <div class='ocr_page' id='page_1' title='image "/cluster/home/n/w/nwhite01/storage/ocr_20150623/62:no.11/coo.31924054869627/379.png"; bbox 0 0 4140 6492; ppageno 0'>
   <div class='ocr_carea' id='block_1_1' title="bbox 461 315 569 372">
    <p class='ocr_par' dir='ltr' id='par_1_1' title="bbox 461 315 569 372">
     <span class='ocr_line' id='line_1_1' title="bbox 461 315 569 372; baseline -0.019 0"><span class='ocrx_word' id='word_1_1' title='bbox 461 315 569 372; x_wconf 69' lang='grc'>873</span> 
     </span>
    </p>
   </div>
   <div class='ocr_carea' id='block_1_2' title="bbox 439 431 2039 512">
    <p class='ocr_par' dir='ltr' id='par_1_2' title="bbox 439 431 2039 512">
     <span class='ocr_line' id='line_1_2' title="bbox 439 431 2039 512; baseline 0.006 -27"><span class='ocrx_word' id='word_1_2' title='bbox 439 431 777 503; x_wconf 83' lang='grc' dir='ltr'>γῳδοῖς,τοῖς</span> <span class='ocrx_word' id='word_1_3' title='bbox 809 432 1150 506; x_wconf 76' lang='grc' dir='ltr'>ὑποκριταῖς,</span> <span class='ocrx_word' id='word_1_4' title='bbox 1193 437 1307 499; x_wconf 88' lang='grc' dir='ltr'>τοῖς</span> <span class='ocrx_word' id='word_1_5' title='bbox 1351 436 1557 508; x_wconf 71' lang='grc' dir='ltr'>μίμοιςς</span> <span class='ocrx_word' id='word_1_6' title='bbox 1585 440 1698 502; x_wconf 88' lang='grc' dir='ltr'>τοῖς</span> <span class='ocrx_word' id='word_1_7' title='bbox 1723 439 2039 512; x_wconf 77' lang='grc' dir='ltr'>ὀρχησταῖς,</span> 
     </span>
    </p>
   </div>
   <div class='ocr_carea' id='block_1_3' title="bbox 455 521 2038 604">
    <p class='ocr_par' dir='ltr' id='par_1_3' title="bbox 455 521 2038 604">
     <span class='ocr_line' id='line_1_3' title="bbox 455 521 2038 604; baseline 0.007 -31"><span class='ocrx_word' id='word_1_8' title='bbox 455 522 572 584; x_wconf 87' lang='grc' dir='ltr'>τοῖς</span> <span class='ocrx_word' id='word_1_9' title='bbox 610 521 746 594; x_wconf 71' lang='grc' dir='ltr'>πρὸς</span> <span class='ocrx_word' id='word_1_10' title='bbox 779 525 847 577; x_wconf 78' lang='grc' dir='ltr'>τὰ</span> <span class='ocrx_word' id='word_1_11' title='bbox 885 524 1049 594; x_wconf 82' lang='grc' dir='ltr'>θηρία</span> <span class='ocrx_word' id='word_1_12' title='bbox 1095 525 1424 594; x_wconf 81' lang='grc' dir='ltr'>μαχομένοις</span> <span class='ocrx_word' id='word_1_13' title='bbox 1449 541 1462 555; x_wconf 77' lang='grc'><strong><em>⁸</em></strong></span> <span class='ocrx_word' id='word_1_14' title='bbox 1507 528 1731 589; x_wconf 76' lang='grc' dir='ltr'>γυναικὶ</span> <span class='ocrx_word' id='word_1_15' title='bbox 1779 528 1837 582; x_wconf 83' lang='grc' dir='ltr'>δὲ</span> <span class='ocrx_word' id='word_1_16' title='bbox 1872 534 2038 604; x_wconf 80' lang='grc' dir='ltr'>πιστῇ</span> 
     </span>
    </p>
   </div>
   <div class='ocr_carea' id='block_1_4' title="bbox 455 606 2040 688">
    <p class='ocr_par' dir='ltr' id='par_1_4' title="bbox 455 606 2040 688">
     <span class='ocr_line' id='line_1_4' title="bbox 455 606 2040 688; baseline 0.009 -30"><span class='ocrx_word' id='word_1_17' title='bbox 455 606 624 678; x_wconf 72' lang='grc' dir='ltr'>ἓτερα</span> <span class='ocrx_word' id='word_1_18' title='bbox 651 609 860 662; x_wconf 84' lang='grc' dir='ltr'>δέδοται</span> <span class='ocrx_word' id='word_1_19' title='bbox 896 612 1088 680; x_wconf 86' lang='grc' dir='ltr'>ίμάτια</span> <span class='ocrx_word' id='word_1_20' title='bbox 1122 613 1275 682; x_wconf 89' lang='grc' dir='ltr'>παρά</span> <span class='ocrx_word' id='word_1_21' title='bbox 1309 613 1402 666; x_wconf 88' lang='grc' dir='ltr'>τοῦ</span> <span class='ocrx_word' id='word_1_22' title='bbox 1432 613 1592 680; x_wconf 88' lang='grc' dir='ltr'>Θεοῦ,</span> <span class='ocrx_word' id='word_1_23' title='bbox 1623 616 1787 680; x_wconf 82' lang='grc' dir='ltr'>αὐτὸς</span> <span class='ocrx_word' id='word_1_24' title='bbox 1817 618 1847 669; x_wconf 88' lang='lat'>6</span> <span class='ocrx_word' id='word_1_25' title='bbox 1882 636 2040 688; x_wconf 86' lang='grc' dir='ltr'>μονο-</span> 
     </span>
    </p>
   </div>
   <div class='ocr_carea' id='block_1_5' title="bbox 456 695 2043 774">
    <p class='ocr_par' dir='ltr' id='par_1_5' title="bbox 456 695 2043 774">
     <span class='ocr_line' id='line_1_5' title="bbox 456 695 2043 774; baseline 0.008 -28"><span class='ocrx_word' id='word_1_26' title='bbox 456 695 620 766; x_wconf 81' lang='grc' dir='ltr'>γενὴς</span> <span class='ocrx_word' id='word_1_27' title='bbox 663 695 756 749; x_wconf 88' lang='grc' dir='ltr'>τοῦ</span> <span class='ocrx_word' id='word_1_28' title='bbox 816 697 949 750; x_wconf 87' lang='grc' dir='ltr'>Θεοῦ</span> <span class='ocrx_word' id='word_1_29' title='bbox 1003 701 1154 762; x_wconf 85' lang='grc' dir='ltr'>Παῖς.</span> <span class='ocrx_word' id='word_1_30' title='bbox 1192 699 1370 753; x_wconf 84' lang='grc' dir='ltr'><em>Ὅσοι</em></span> <span class='ocrx_word' id='word_1_31' title='bbox 1405 703 1534 770; x_wconf 79' lang='grc' dir='ltr'>γὰρ,</span> <span class='ocrx_word' id='word_1_32' title='bbox 1567 705 1752 774; x_wconf 80' lang='grc' dir='ltr'>φησὶν,</span> <span class='ocrx_word' id='word_1_33' title='bbox 1789 706 1878 772; x_wconf 85' lang='grc' dir='ltr'>είς</span> <span class='ocrx_word' id='word_1_34' title='bbox 1909 709 2043 773; x_wconf 86' lang='grc' dir='ltr'>Χρι-</span> 
     </span>
    </p>
   </div>
   <div class='ocr_carea' id='block_1_6' title="bbox 456 784 2041 856">
    <p class='ocr_par' dir='ltr' id='par_1_6' title="bbox 456 784 2041 856">
     <span class='ocr_line' id='line_1_6' title="bbox 456 784 2041 856; baseline 0.006 -20"><span class='ocrx_word' id='word_1_35' title='bbox 456 784 609 836; x_wconf 81' lang='grc' dir='ltr'>στόν</span> <span class='ocrx_word' id='word_1_36' title='bbox 662 785 1077 853; x_wconf 79' lang='grc' dir='ltr'>ἐϐαπτίσθητε,</span> <span class='ocrx_word' id='word_1_37' title='bbox 1127 789 1388 856; x_wconf 86' lang='grc' dir='ltr'>Χριστὸν</span> <span class='ocrx_word' id='word_1_38' title='bbox 1445 789 1842 846; x_wconf 83' lang='grc' dir='ltr'>ἐνεδύσασθε.</span> <span class='ocrx_word' id='word_1_39' title='bbox 1905 795 2041 847; x_wconf 86' lang='grc' dir='ltr'>Είπέ</span> 
     </span>
    </p>
   </div>
   <div class='ocr_carea' id='block_1_7' title="bbox 458 871 2042 948">
    <p class='ocr_par' dir='ltr' id='par_1_7' title="bbox 458 871 2042 948">
     <span class='ocr_line' id='line_1_7' title="bbox 458 871 2042 948; baseline 0.007 -24"><span class='ocrx_word' id='word_1_40' title='bbox 458 889 569 942; x_wconf 91' lang='grc' dir='ltr'>μοι,</span> <span class='ocrx_word' id='word_1_41' title='bbox 603 871 659 925; x_wconf 72' lang='grc' dir='ltr'>εἴ</span> <span class='ocrx_word' id='word_1_42' title='bbox 686 874 769 935; x_wconf 84' lang='grc' dir='ltr'>τίς</span> <span class='ocrx_word' id='word_1_43' title='bbox 811 892 891 927; x_wconf 90' lang='grc' dir='ltr'>σοι</span> <span class='ocrx_word' id='word_1_44' title='bbox 925 875 1204 944; x_wconf 76' lang='grc' dir='ltr'>βασιλικὸν</span> <span class='ocrx_word' id='word_1_45' title='bbox 1235 877 1435 931; x_wconf 76' lang='grc' dir='ltr'>ἔδωκεν</span> <span class='ocrx_word' id='word_1_46' title='bbox 1469 880 1702 948; x_wconf 85' lang='grc' dir='ltr'>ἱμάτιον,</span> <span class='ocrx_word' id='word_1_47' title='bbox 1735 882 1798 934; x_wconf 75' lang='grc' dir='ltr'>σὺ</span> <span class='ocrx_word' id='word_1_48' title='bbox 1825 880 1883 934; x_wconf 77' lang='grc' dir='ltr'>δὲ</span> <span class='ocrx_word' id='word_1_49' title='bbox 1908 883 2042 935; x_wconf 86' lang='grc' dir='ltr'>ὲπά-</span> 
     </span>
    </p>
   </div>
   <div class='ocr_carea' id='block_1_8' title="bbox 453 960 2039 1040">
    <p class='ocr_par' dir='ltr' id='par_1_8' title="bbox 453 960 2039 1040">
     <span class='ocr_line' id='line_1_8' title="bbox 453 960 2039 1040; baseline 0.006 -28"><span class='ocrx_word' id='word_1_50' title='bbox 453 978 530 1013; x_wconf 90' lang='grc' dir='ltr'>νω</span> <span class='ocrx_word' id='word_1_51' title='bbox 561 960 768 1014; x_wconf 77' lang='grc' dir='ltr'>ἐκείνου</span> <span class='ocrx_word' id='word_1_52' title='bbox 803 963 863 1015; x_wconf 81' lang='grc' dir='ltr'>τὸ</span> <span class='ocrx_word' id='word_1_53' title='bbox 892 962 985 1016; x_wconf 90' lang='grc' dir='ltr'>τοῦ</span> <span class='ocrx_word' id='word_1_54' title='bbox 1041 964 1261 1028; x_wconf 77' lang='grc' dir='ltr'>εἵλωτας</span> <span class='ocrx_word' id='word_1_55' title='bbox 1298 965 1540 1018; x_wconf 88' lang='grc' dir='ltr'>λαϐοῦσα</span> <span class='ocrx_word' id='word_1_56' title='bbox 1596 967 1874 1037; x_wconf 87' lang='grc' dir='ltr'>περιέθου,</span> <span class='ocrx_word' id='word_1_57' title='bbox 1929 966 2039 1040; x_wconf 83' lang='grc' dir='ltr'>ἆρα</span> 
     </span>
    </p>
   </div>
   <div class='ocr_carea' id='block_1_9' title="bbox 451 1046 2038 1123">
    <p class='ocr_par' dir='ltr' id='par_1_9' title="bbox 451 1046 2038 1123">
     <span class='ocr_line' id='line_1_9' title="bbox 451 1046 2038 1123; baseline 0.008 -25"><span class='ocrx_word' id='word_1_58' title='bbox 451 1046 552 1100; x_wconf 81' lang='grc' dir='ltr'>οὐκ</span> <span class='ocrx_word' id='word_1_59' title='bbox 587 1046 652 1100; x_wconf 85' lang='grc' dir='ltr'>ἄν</span> <span class='ocrx_word' id='word_1_60' title='bbox 679 1050 816 1118; x_wconf 89' lang='grc' dir='ltr'>μετά</span> <span class='ocrx_word' id='word_1_61' title='bbox 845 1049 938 1103; x_wconf 88' lang='grc' dir='ltr'>τοῦ</span> <span class='ocrx_word' id='word_1_62' title='bbox 978 1053 1309 1122; x_wconf 79' lang='grc' dir='ltr'>ἀσχημονεῖν</span> <span class='ocrx_word' id='word_1_63' title='bbox 1335 1056 1429 1106; x_wconf 70' lang='grc' dir='ltr'>καὶ</span> <span class='ocrx_word' id='word_1_64' title='bbox 1459 1054 1792 1123; x_wconf 73' lang='grc' dir='ltr'>ἐκολάσθηςξ</span> <span class='ocrx_word' id='word_1_65' title='bbox 1829 1056 1922 1109; x_wconf 80' lang='grc' dir='ltr'>τὸν</span> <span class='ocrx_word' id='word_1_66' title='bbox 1944 1057 2038 1110; x_wconf 89' lang='grc' dir='ltr'>τοῦ</span> 
     </span>
    </p>
   </div>
   <div class='ocr_carea' id='block_1_10' title="bbox 451 1133 2040 1209">
    <p class='ocr_par' dir='ltr' id='par_1_10' title="bbox 451 1133 2040 1209">
     <span class='ocr_line' id='line_1_10' title="bbox 451 1133 2040 1209; baseline 0.008 -24"><span class='ocrx_word' id='word_1_67' title='bbox 451 1133 682 1204; x_wconf 77' lang='grc' dir='ltr'>οὐρανοῦ</span> <span class='ocrx_word' id='word_1_68' title='bbox 713 1137 990 1209; x_wconf 87' lang='grc' dir='ltr'>Δεσπότην</span> <span class='ocrx_word' id='word_1_69' title='bbox 1050 1139 1145 1192; x_wconf 75' lang='grc' dir='ltr'>καὶ</span> <span class='ocrx_word' id='word_1_70' title='bbox 1199 1139 1309 1193; x_wconf 90' lang='grc' dir='ltr'>τῶν</span> <span class='ocrx_word' id='word_1_71' title='bbox 1363 1141 1614 1209; x_wconf 87' lang='grc' dir='ltr'>ἀγγέλων</span> <span class='ocrx_word' id='word_1_72' title='bbox 1645 1143 1902 1207; x_wconf 86' lang='grc' dir='ltr'>ὲνεδύσω,</span> <span class='ocrx_word' id='word_1_73' title='bbox 1947 1145 2040 1198; x_wconf 72' lang='grc' dir='ltr'>καὶ</span> 
     </span>
    </p>
   </div>
   <div class='ocr_carea' id='block_1_11' title="bbox 453 1224 2038 1302">
    <p class='ocr_par' dir='ltr' id='par_1_11' title="bbox 453 1224 2038 1302">
     <span class='ocr_line' id='line_1_11' title="bbox 453 1224 2038 1302; baseline 0.008 -29"><span class='ocrx_word' id='word_1_74' title='bbox 453 1224 584 1292; x_wconf 74' lang='grc' dir='ltr'>περὶ</span> <span class='ocrx_word' id='word_1_75' title='bbox 610 1225 708 1293; x_wconf 77' lang='grc' dir='ltr'>τὴν</span> <span class='ocrx_word' id='word_1_76' title='bbox 741 1225 846 1294; x_wconf 77' lang='grc' dir='ltr'>γῆν</span> <span class='ocrx_word' id='word_1_77' title='bbox 876 1226 955 1279; x_wconf 80' lang='grc' dir='ltr'>ἔτι</span> <span class='ocrx_word' id='word_1_78' title='bbox 1009 1229 1260 1300; x_wconf 76' lang='grc' dir='ltr'>στρέφῃ;</span> <span class='ocrx_word' id='word_1_79' title='bbox 1299 1230 1488 1283; x_wconf 88' lang='grc' dir='ltr'>Ταῦτά</span> <span class='ocrx_word' id='word_1_80' title='bbox 1532 1247 1624 1300; x_wconf 86' lang='grc' dir='ltr'>μοι</span> <span class='ocrx_word' id='word_1_81' title='bbox 1665 1231 1900 1302; x_wconf 76' lang='grc' dir='ltr'>εἴρηται,</span> <span class='ocrx_word' id='word_1_82' title='bbox 1955 1234 2038 1287; x_wconf 84' lang='grc' dir='ltr'>ὅτι</span> 
     </span>
    </p>
   </div>
   <div class='ocr_carea' id='block_1_12' title="bbox 454 1308 2039 1390">
    <p class='ocr_par' dir='ltr' id='par_1_12' title="bbox 454 1308 2039 1390">
     <span class='ocr_line' id='line_1_12' title="bbox 454 1308 2039 1390; baseline 0.009 -30"><span class='ocrx_word' id='word_1_83' title='bbox 454 1308 600 1379; x_wconf 88' lang='grc' dir='ltr'>μέγα</span> <span class='ocrx_word' id='word_1_84' title='bbox 651 1312 750 1380; x_wconf 80' lang='grc' dir='ltr'>μὲν</span> <span class='ocrx_word' id='word_1_85' title='bbox 780 1314 873 1365; x_wconf 79' lang='grc' dir='ltr'>καὶ</span> <span class='ocrx_word' id='word_1_86' title='bbox 905 1313 1026 1367; x_wconf 88' lang='grc' dir='ltr'>καθ’</span> <span class='ocrx_word' id='word_1_87' title='bbox 1060 1317 1221 1368; x_wconf 80' lang='grc' dir='ltr'>ἑαυτὸ</span> <span class='ocrx_word' id='word_1_88' title='bbox 1255 1317 1424 1370; x_wconf 79' lang='grc' dir='ltr'>κακὸν</span> <span class='ocrx_word' id='word_1_89' title='bbox 1463 1319 1496 1389; x_wconf 80' lang='grc' dir='ltr'><strong>ἡ</strong></span> <span class='ocrx_word' id='word_1_90' title='bbox 1546 1319 1905 1390; x_wconf 87' lang='grc' dir='ltr'>φιλοκοσμία,</span> <span class='ocrx_word' id='word_1_91' title='bbox 1935 1321 2039 1374; x_wconf 80' lang='grc' dir='ltr'>κᾶν</span> 
     </span>
    </p>
   </div>
   <div class='ocr_carea' id='block_1_13' title="bbox 455 1393 2039 1477">
    <p class='ocr_par' dir='ltr' id='par_1_13' title="bbox 455 1393 2039 1477">
     <span class='ocr_line' id='line_1_13' title="bbox 455 1393 2039 1477; baseline 0.009 -30"><span class='ocrx_word' id='word_1_92' title='bbox 455 1397 622 1466; x_wconf 78' lang='grc' dir='ltr'>μηδὲν</span> <span class='ocrx_word' id='word_1_93' title='bbox 643 1393 711 1467; x_wconf 83' lang='grc' dir='ltr'>ἦν</span> <span class='ocrx_word' id='word_1_94' title='bbox 736 1400 919 1468; x_wconf 80' lang='grc' dir='ltr'>ἓτερον</span> <span class='ocrx_word' id='word_1_95' title='bbox 945 1401 1192 1456; x_wconf 80' lang='grc' dir='ltr'>ἐντεῦθεν</span> <span class='ocrx_word' id='word_1_96' title='bbox 1222 1405 1560 1474; x_wconf 78' lang='grc' dir='ltr'>τικτόμενον,</span> <span class='ocrx_word' id='word_1_97' title='bbox 1591 1407 1708 1460; x_wconf 82' lang='grc' dir='ltr'>ἀλλ’</span> <span class='ocrx_word' id='word_1_98' title='bbox 1731 1408 1860 1477; x_wconf 83' lang='grc' dir='ltr'>ὲξῆν</span> <span class='ocrx_word' id='word_1_99' title='bbox 1888 1410 2039 1462; x_wconf 87' lang='grc' dir='ltr'>ἀκιν-</span> 
     </span>
    </p>
   </div>
   <div class='ocr_carea' id='block_1_14' title="bbox 449 1481 2034 1568">
    <p class='ocr_par' dir='ltr' id='par_1_14' title="bbox 449 1481 2034 1568">
     <span class='ocr_line' id='line_1_14' title="bbox 449 1481 2034 1568; baseline 0.009 -34"><span class='ocrx_word' id='word_1_100' title='bbox 449 1481 621 1549; x_wconf 89' lang='grc' dir='ltr'>δύνως</span> <span class='ocrx_word' id='word_1_101' title='bbox 651 1484 804 1556; x_wconf 75' lang='grc' dir='ltr'>ἔχειν¹</span> <span class='ocrx_word' id='word_1_102' title='bbox 826 1489 928 1558; x_wconf 84' lang='grc' dir='ltr'>(εἰς</span> <span class='ocrx_word' id='word_1_103' title='bbox 956 1489 1063 1559; x_wconf 77' lang='grc' dir='ltr'>γὰρ</span> <span class='ocrx_word' id='word_1_104' title='bbox 1089 1490 1395 1555; x_wconf 80' lang='grc' dir='ltr'>κενοδοξίαν</span> <span class='ocrx_word' id='word_1_105' title='bbox 1440 1492 1651 1562; x_wconf 78' lang='grc' dir='ltr'>ἀλείφει</span> <span class='ocrx_word' id='word_1_106' title='bbox 1696 1496 1792 1548; x_wconf 77' lang='grc' dir='ltr'>καὶ</span> <span class='ocrx_word' id='word_1_107' title='bbox 1824 1495 2034 1568; x_wconf 82' lang='grc' dir='ltr'>τῦφον)”</span> 
     </span>
    </p>
   </div>
   <div class='ocr_carea' id='block_1_15' title="bbox 451 1569 2033 1653">
    <p class='ocr_par' dir='ltr' id='par_1_15' title="bbox 451 1569 2033 1653">
     <span class='ocr_line' id='line_1_15' title="bbox 451 1569 2033 1653; baseline 0.009 -31"><span class='ocrx_word' id='word_1_108' title='bbox 451 1569 547 1622; x_wconf 88' lang='grc' dir='ltr'>νῦν</span> <span class='ocrx_word' id='word_1_109' title='bbox 575 1571 630 1624; x_wconf 82' lang='grc' dir='ltr'>δὲ</span> <span class='ocrx_word' id='word_1_110' title='bbox 656 1574 746 1627; x_wconf 75' lang='grc' dir='ltr'>καὶ</span> <span class='ocrx_word' id='word_1_111' title='bbox 769 1573 932 1644; x_wconf 86' lang='grc' dir='ltr'>’ἐτερα</span> <span class='ocrx_word' id='word_1_112' title='bbox 949 1576 1122 1629; x_wconf 88' lang='grc' dir='ltr'>πολλά</span> <span class='ocrx_word' id='word_1_113' title='bbox 1143 1577 1384 1631; x_wconf 86' lang='grc' dir='ltr'>τίκτεται</span> <span class='ocrx_word' id='word_1_114' title='bbox 1406 1579 1470 1632; x_wconf 85' lang='grc' dir='ltr'>ὲκ</span> <span class='ocrx_word' id='word_1_115' title='bbox 1497 1580 1591 1633; x_wconf 89' lang='grc' dir='ltr'>τοῦ</span> <span class='ocrx_word' id='word_1_116' title='bbox 1617 1581 2033 1653; x_wconf 80' lang='grc' dir='ltr'>καλλωπισμοῦ,</span> 
     </span>
    </p>
   </div>
   <div class='ocr_carea' id='block_1_16' title="bbox 450 1656 2035 1740">
    <p class='ocr_par' dir='ltr' id='par_1_16' title="bbox 450 1656 2035 1740">
     <span class='ocr_line' id='line_1_16' title="bbox 450 1656 2035 1740; baseline 0.008 -30"><span class='ocrx_word' id='word_1_117' title='bbox 450 1656 677 1728; x_wconf 69' lang='grc' dir='ltr'>ὑποψίαι</span> <span class='ocrx_word' id='word_1_118' title='bbox 751 1662 1002 1732; x_wconf 78' lang='grc' dir='ltr'>φανεραὶ,</span> <span class='ocrx_word' id='word_1_119' title='bbox 1055 1662 1290 1718; x_wconf 75' lang='grc' dir='ltr'>δαπάναι</span> <span class='ocrx_word' id='word_1_120' title='bbox 1363 1667 1605 1739; x_wconf 75' lang='grc' dir='ltr'>ἄκαιροι,</span> <span class='ocrx_word' id='word_1_121' title='bbox 1667 1669 2035 1740; x_wconf 78' lang='grc' dir='ltr'>βλασφημίαι,</span> 
     </span>
    </p>
   </div>
   <div class='ocr_carea' id='block_1_17' title="bbox 449 1746 2032 1830">
    <p class='ocr_par' dir='ltr' id='par_1_17' title="bbox 449 1746 2032 1830">
     <span class='ocr_line' id='line_1_17' title="bbox 449 1746 2032 1830; baseline 0.008 -31"><span class='ocrx_word' id='word_1_122' title='bbox 449 1746 776 1812; x_wconf 80' lang='grc' dir='ltr'>πλεονεξιῶν</span> <span class='ocrx_word' id='word_1_123' title='bbox 818 1750 1124 1816; x_wconf 80' lang='grc' dir='ltr'>ὑποθέσεις.</span> <span class='ocrx_word' id='word_1_124' title='bbox 1151 1753 1216 1805; x_wconf 87' lang='grc' dir='ltr'><strong>Τί</strong></span> <span class='ocrx_word' id='word_1_125' title='bbox 1246 1754 1355 1824; x_wconf 75' lang='grc' dir='ltr'>γὰρ</span> <span class='ocrx_word' id='word_1_126' title='bbox 1382 1755 1722 1830; x_wconf 75' lang='grc' dir='ltr'>καλλωπίζῃ.</span> <span class='ocrx_word' id='word_1_127' title='bbox 1756 1759 1878 1811; x_wconf 86' lang='grc' dir='ltr'>είπέ</span> <span class='ocrx_word' id='word_1_128' title='bbox 1900 1776 1992 1828; x_wconf 90' lang='grc' dir='ltr'>μοι</span> <span class='ocrx_word' id='word_1_129' title='bbox 2017 1774 2032 1823; x_wconf 93' lang='lat'><strong>;</strong></span> 
     </span>
    </p>
   </div>
   <div class='ocr_carea' id='block_1_18' title="bbox 449 1831 2036 1914">
    <p class='ocr_par' dir='ltr' id='par_1_18' title="bbox 449 1831 2036 1914">
     <span class='ocr_line' id='line_1_18' title="bbox 449 1831 2036 1914; baseline 0.009 -30"><span class='ocrx_word' id='word_1_130' title='bbox 449 1831 538 1886; x_wconf 78' lang='grc' dir='ltr'>ἵνα</span> <span class='ocrx_word' id='word_1_131' title='bbox 565 1835 767 1908; x_wconf 74' lang='grc' dir='ltr'>ἀρέσῃς</span> <span class='ocrx_word' id='word_1_132' title='bbox 814 1837 892 1908; x_wconf 87' lang='grc' dir='ltr'>τῷ</span> <span class='ocrx_word' id='word_1_133' title='bbox 923 1839 1115 1911; x_wconf 87' lang='grc' dir='ltr'>ἀνδρί;</span> <span class='ocrx_word' id='word_1_134' title='bbox 1157 1841 1367 1894; x_wconf 73' lang='grc' dir='ltr'>Οὐκοῦν</span> <span class='ocrx_word' id='word_1_135' title='bbox 1396 1843 1488 1896; x_wconf 78' lang='grc' dir='ltr'>ἐπὶ</span> <span class='ocrx_word' id='word_1_136' title='bbox 1510 1843 1611 1914; x_wconf 81' lang='grc' dir='ltr'>τῆς</span> <span class='ocrx_word' id='word_1_137' title='bbox 1658 1845 1834 1909; x_wconf 81' lang='grc' dir='ltr'>οἰκίας</span> <span class='ocrx_word' id='word_1_138' title='bbox 1875 1844 2036 1898; x_wconf 87' lang='grc' dir='ltr'>τοῦτο</span> 
     </span>
    </p>
   </div>
   <div class='ocr_carea' id='block_1_19' title="bbox 449 1921 2033 2005">
    <p class='ocr_par' dir='ltr' id='par_1_19' title="bbox 449 1921 2033 2005">
     <span class='ocr_line' id='line_1_19' title="bbox 449 1921 2033 2005; baseline 0.009 -32"><span class='ocrx_word' id='word_1_139' title='bbox 449 1921 615 1976; x_wconf 85' lang='grc' dir='ltr'>ποίει.</span> <span class='ocrx_word' id='word_1_140' title='bbox 651 1924 912 1978; x_wconf 85' lang='grc' dir='ltr'>Ἐνταῦθα</span> <span class='ocrx_word' id='word_1_141' title='bbox 958 1926 1013 1979; x_wconf 79' lang='grc' dir='ltr'>δὲ</span> <span class='ocrx_word' id='word_1_142' title='bbox 1054 1927 1368 1983; x_wconf 79' lang='grc' dir='ltr'>τούναντίον</span> <span class='ocrx_word' id='word_1_143' title='bbox 1403 1931 1636 2000; x_wconf 89' lang='grc' dir='ltr'>γίνεται.</span> <span class='ocrx_word' id='word_1_144' title='bbox 1688 1933 1752 1986; x_wconf 60' lang='lat' dir='ltr'>Et</span> <span class='ocrx_word' id='word_1_145' title='bbox 1812 1933 1921 2005; x_wconf 87' lang='grc' dir='ltr'>γὰρ</span> <span class='ocrx_word' id='word_1_146' title='bbox 1955 1933 2033 2003; x_wconf 83' lang='grc' dir='ltr'>τῷ</span> 
     </span>
    </p>
   </div>
   <div class='ocr_carea' id='block_1_20' title="bbox 447 2010 2030 2092">
    <p class='ocr_par' dir='ltr' id='par_1_20' title="bbox 447 2010 2030 2092">
     <span class='ocr_line' id='line_1_20' title="bbox 447 2010 2030 2092; baseline 0.007 -30"><span class='ocrx_word' id='word_1_147' title='bbox 447 2010 634 2082; x_wconf 74' lang='grc' dir='ltr'>οἰκείῳ</span> <span class='ocrx_word' id='word_1_148' title='bbox 667 2013 860 2083; x_wconf 80' lang='grc' dir='ltr'>ἀρέσαι</span> <span class='ocrx_word' id='word_1_149' title='bbox 891 2014 1065 2079; x_wconf 86' lang='grc' dir='ltr'>θέλεις</span> <span class='ocrx_word' id='word_1_150' title='bbox 1088 2017 1266 2088; x_wconf 70' lang='grc' dir='ltr'>ἀνδρὶ,</span> <span class='ocrx_word' id='word_1_151' title='bbox 1294 2021 1409 2084; x_wconf 88' lang='grc' dir='ltr'>τοῖς</span> <span class='ocrx_word' id='word_1_152' title='bbox 1457 2020 1639 2084; x_wconf 87' lang='grc' dir='ltr'>ἀλλοις</span> <span class='ocrx_word' id='word_1_153' title='bbox 1671 2021 1745 2092; x_wconf 84' lang='grc' dir='ltr'>μὴ</span> <span class='ocrx_word' id='word_1_154' title='bbox 1789 2021 1987 2092; x_wconf 82' lang='grc' dir='ltr'>ἄρεσκε</span> <span class='ocrx_word' id='word_1_155' title='bbox 2015 2036 2030 2050; x_wconf 80' lang='grc' dir='ltr'><strong>ο</strong></span> 
     </span>
    </p>
   </div>
   <div class='ocr_carea' id='block_1_21' title="bbox 447 2098 2027 2180">
    <p class='ocr_par' dir='ltr' id='par_1_21' title="bbox 447 2098 2027 2180">
     <span class='ocr_line' id='line_1_21' title="bbox 447 2098 2027 2180; baseline 0.007 -30"><span class='ocrx_word' id='word_1_156' title='bbox 447 2098 498 2150; x_wconf 85' lang='grc' dir='ltr'>εί</span> <span class='ocrx_word' id='word_1_157' title='bbox 534 2099 592 2152; x_wconf 81' lang='grc' dir='ltr'>δὲ</span> <span class='ocrx_word' id='word_1_158' title='bbox 625 2105 736 2164; x_wconf 91' lang='grc' dir='ltr'>τοῖς</span> <span class='ocrx_word' id='word_1_159' title='bbox 784 2101 962 2164; x_wconf 85' lang='grc' dir='ltr'>ἀλλοις</span> <span class='ocrx_word' id='word_1_160' title='bbox 991 2105 1267 2180; x_wconf 74' lang='grc' dir='ltr'>ἀρέσκεις,</span> <span class='ocrx_word' id='word_1_161' title='bbox 1303 2109 1365 2160; x_wconf 83' lang='grc' dir='ltr'>οὐ</span> <span class='ocrx_word' id='word_1_162' title='bbox 1415 2109 1620 2180; x_wconf 81' lang='grc' dir='ltr'>δυνήσῃ</span> <span class='ocrx_word' id='word_1_163' title='bbox 1663 2111 1919 2180; x_wconf 79' lang='grc' dir='ltr'>ἀρέσκειν</span> <span class='ocrx_word' id='word_1_164' title='bbox 1949 2110 2027 2180; x_wconf 80' lang='grc' dir='ltr'>τῷ</span> 
     </span>
    </p>
   </div>
   <div class='ocr_carea' id='block_1_22' title="bbox 443 2186 2026 2268">
    <p class='ocr_par' dir='ltr' id='par_1_22' title="bbox 443 2186 2026 2268">
     <span class='ocr_line' id='line_1_22' title="bbox 443 2186 2026 2268; baseline 0.007 -30"><span class='ocrx_word' id='word_1_165' title='bbox 443 2186 653 2259; x_wconf 83' lang='grc' dir='ltr'>οἰκείῳ.</span> <span class='ocrx_word' id='word_1_166' title='bbox 693 2189 856 2242; x_wconf 83' lang='grc' dir='ltr'>Ὥστε</span> <span class='ocrx_word' id='word_1_167' title='bbox 887 2191 1066 2245; x_wconf 85' lang='grc' dir='ltr'>πάντα</span> <span class='ocrx_word' id='word_1_168' title='bbox 1099 2193 1456 2249; x_wconf 85' lang='grc' dir='ltr'>ἀποτίθεσθαι</span> <span class='ocrx_word' id='word_1_169' title='bbox 1504 2197 1599 2249; x_wconf 75' lang='grc' dir='ltr'>τὸν</span> <span class='ocrx_word' id='word_1_170' title='bbox 1654 2197 1859 2268; x_wconf 86' lang='grc' dir='ltr'>κόσμον</span> <span class='ocrx_word' id='word_1_171' title='bbox 1917 2197 2026 2250; x_wconf 77' lang='grc' dir='ltr'>ἔδει</span> 
     </span>
    </p>
   </div>
   <div class='ocr_carea' id='block_1_23' title="bbox 1153 321 2022 404">
    <p class='ocr_par' dir='ltr' id='par_1_23' title="bbox 1153 321 2022 384">
     <span class='ocr_line' id='line_1_23' title="bbox 1153 321 2022 384; baseline 0.006 -6"><span class='ocrx_word' id='word_1_172' title='bbox 1153 322 1211 378; x_wconf 91' lang='lat' dir='ltr'>S.</span> <span class='ocrx_word' id='word_1_173' title='bbox 1253 321 1540 380; x_wconf 78' lang='lat' dir='ltr'>JOANNIS</span> <span class='ocrx_word' id='word_1_174' title='bbox 1575 325 2022 384; x_wconf 61' lang='lat' dir='ltr'>CIIRYSOSTON</span> 
     </span>
    </p>
   </div>
   <div class='ocr_carea' id='block_1_24' title="bbox 2124 321 3025 404">
    <p class='ocr_par' dir='ltr' id='par_1_24' title="bbox 2124 321 3025 404">
     <span class='ocr_line' id='line_1_24' title="bbox 2124 321 3025 404; baseline 0.02 -18"><span class='ocrx_word' id='word_1_175' title='bbox 2124 331 2433 396; x_wconf 67' lang='lat' dir='ltr'>meum.</span> <span class='ocrx_word' id='word_1_176' title='bbox 2475 321 3025 404; x_wconf 69' lang='lat' dir='ltr'>CONSTANTINOP.</span> 
     </span>
    </p>
   </div>
   <div class='ocr_carea' id='block_1_25' title="bbox 2147 449 3730 534">
    <p class='ocr_par' dir='ltr' id='par_1_25' title="bbox 2147 449 3730 534">
     <span class='ocr_line' id='line_1_25' title="bbox 2147 449 3730 534; baseline 0.015 -35"><span class='ocrx_word' id='word_1_177' title='bbox 2147 449 2232 511; x_wconf 90' lang='grc' dir='ltr'>είς</span> <span class='ocrx_word' id='word_1_178' title='bbox 2264 449 2474 520; x_wconf 81' lang='grc' dir='ltr'>ἀγοράν</span> <span class='ocrx_word' id='word_1_179' title='bbox 2507 453 2906 525; x_wconf 76' lang='grc' dir='ltr'>ἐμϐάλλουσαν,</span> <span class='ocrx_word' id='word_1_180' title='bbox 2956 463 3035 525; x_wconf 85' lang='grc' dir='ltr'>είς</span> <span class='ocrx_word' id='word_1_181' title='bbox 3080 461 3380 534; x_wconf 77' lang='grc' dir='ltr'>ἐκκλησίαν</span> <span class='ocrx_word' id='word_1_182' title='bbox 3409 466 3730 534; x_wconf 80' lang='grc' dir='ltr'>προϊοῦσαν.</span> 
     </span>
    </p>
   </div>
   <div class='ocr_carea' id='block_1_26' title="bbox 2147 535 3733 625">
    <p class='ocr_par' dir='ltr' id='par_1_26' title="bbox 2147 535 3733 625">
     <span class='ocr_line' id='line_1_26' title="bbox 2147 535 3733 625; baseline 0.015 -40"><span class='ocrx_word' id='word_1_183' title='bbox 2147 535 2359 600; x_wconf 81' lang='grc' dir='ltr'>¹¹Ἀλλως</span> <span class='ocrx_word' id='word_1_184' title='bbox 2383 537 2462 600; x_wconf 83' lang='grc' dir='ltr'>δὲ,</span> <span class='ocrx_word' id='word_1_185' title='bbox 2498 541 2572 609; x_wconf 78' lang='grc' dir='ltr'>μὴ</span> <span class='ocrx_word' id='word_1_186' title='bbox 2601 542 2709 596; x_wconf 72' lang='grc' dir='ltr'>ἀπὸ</span> <span class='ocrx_word' id='word_1_187' title='bbox 2739 545 2945 601; x_wconf 86' lang='grc' dir='ltr'>τούτων</span> <span class='ocrx_word' id='word_1_188' title='bbox 2975 549 3179 622; x_wconf 82' lang='grc' dir='ltr'>ἄρεσκε</span> <span class='ocrx_word' id='word_1_189' title='bbox 3209 551 3288 622; x_wconf 83' lang='grc' dir='ltr'>τῷ</span> <span class='ocrx_word' id='word_1_190' title='bbox 3317 553 3494 625; x_wconf 73' lang='grc' dir='ltr'>ἀνδρὶ,</span> <span class='ocrx_word' id='word_1_191' title='bbox 3531 555 3626 624; x_wconf 88' lang='grc' dir='ltr'>ἀφ’</span> <span class='ocrx_word' id='word_1_192' title='bbox 3656 551 3733 609; x_wconf 85' lang='grc' dir='ltr'>ὧν</span> 
     </span>
    </p>
   </div>
   <div class='ocr_carea' id='block_1_27' title="bbox 2145 626 3732 716">
    <p class='ocr_par' dir='ltr' id='par_1_27' title="bbox 2145 626 3732 716">
     <span class='ocr_line' id='line_1_27' title="bbox 2145 626 3732 716; baseline 0.015 -41"><span class='ocrx_word' id='word_1_193' title='bbox 2145 626 2239 716; x_wconf 61' lang='grc' dir='ltr'>καὶ</span> <span class='ocrx_word' id='word_1_194' title='bbox 2272 626 2330 716; x_wconf 86' lang='grc' dir='ltr'>αί</span> <span class='ocrx_word' id='word_1_195' title='bbox 2364 627 2582 697; x_wconf 78' lang='grc' dir='ltr'>πόρναι,</span> <span class='ocrx_word' id='word_1_196' title='bbox 2616 631 2732 684; x_wconf 85' lang='grc' dir='ltr'>ἀλλ’</span> <span class='ocrx_word' id='word_1_197' title='bbox 2776 635 2888 688; x_wconf 79' lang='grc' dir='ltr'>ἀπὸ</span> <span class='ocrx_word' id='word_1_198' title='bbox 2937 637 3129 692; x_wconf 85' lang='grc' dir='ltr'>τούτου</span> <span class='ocrx_word' id='word_1_199' title='bbox 3183 641 3405 710; x_wconf 82' lang='grc' dir='ltr'>μᾶλλον,</span> <span class='ocrx_word' id='word_1_200' title='bbox 3440 641 3593 716; x_wconf 66' lang='grc'><strong>[404]</strong></span> <span class='ocrx_word' id='word_1_201' title='bbox 3638 646 3732 714; x_wconf 84' lang='grc' dir='ltr'>ἀφ’</span> 
     </span>
    </p>
   </div>
   <div class='ocr_carea' id='block_1_28' title="bbox 2143 705 3728 803">
    <p class='ocr_par' dir='ltr' id='par_1_28' title="bbox 2143 705 3728 803">
     <span class='ocr_line' id='line_1_28' title="bbox 2143 705 3728 803; baseline 0.015 -40"><span class='ocrx_word' id='word_1_202' title='bbox 2143 705 2203 764; x_wconf 74' lang='grc' dir='ltr'>οὗ</span> <span class='ocrx_word' id='word_1_203' title='bbox 2239 715 2297 766; x_wconf 87' lang='grc' dir='ltr'>αἱ</span> <span class='ocrx_word' id='word_1_204' title='bbox 2329 717 2587 781; x_wconf 87' lang='grc' dir='ltr'>γυναῖκες</span> <span class='ocrx_word' id='word_1_205' title='bbox 2639 720 2695 772; x_wconf 88' lang='grc' dir='ltr'>αἱ</span> <span class='ocrx_word' id='word_1_206' title='bbox 2749 721 3056 794; x_wconf 77' lang='grc' dir='ltr'>ἐλεύθεραι.</span> <span class='ocrx_word' id='word_1_207' title='bbox 3097 705 3214 780; x_wconf 77' lang='grc' dir='ltr'>Τίνι</span> <span class='ocrx_word' id='word_1_208' title='bbox 3270 729 3413 803; x_wconf 77' lang='grc' dir='ltr'>γὰρ,</span> <span class='ocrx_word' id='word_1_209' title='bbox 3440 705 3728 803; x_wconf 56' lang='grc' dir='ltr'>ἐίπέμοῖ,</span> 
     </span>
    </p>
   </div>
   <div class='ocr_carea' id='block_1_29' title="bbox 2141 800 3731 891">
    <p class='ocr_par' dir='ltr' id='par_1_29' title="bbox 2141 800 3731 891">
     <span class='ocr_line' id='line_1_29' title="bbox 2141 800 3731 891; baseline 0.015 -40"><span class='ocrx_word' id='word_1_210' title='bbox 2141 800 2394 891; x_wconf 72' lang='grc' dir='ltr'>διέστηκε</span> <span class='ocrx_word' id='word_1_211' title='bbox 2426 805 2562 876; x_wconf 86' lang='grc' dir='ltr'>γυνὴ</span> <span class='ocrx_word' id='word_1_212' title='bbox 2595 807 2840 879; x_wconf 89' lang='grc' dir='ltr'>πόρνης;</span> <span class='ocrx_word' id='word_1_213' title='bbox 2885 812 3006 867; x_wconf 83' lang='grc' dir='ltr'>Ὅτι</span> <span class='ocrx_word' id='word_1_214' title='bbox 3040 816 3073 886; x_wconf 84' lang='grc' dir='ltr'>ἡ</span> <span class='ocrx_word' id='word_1_215' title='bbox 3111 815 3211 885; x_wconf 83' lang='grc' dir='ltr'>μὲν</span> <span class='ocrx_word' id='word_1_216' title='bbox 3244 800 3378 889; x_wconf 75' lang='grc' dir='ltr'>πρδς</span> <span class='ocrx_word' id='word_1_217' title='bbox 3406 817 3550 891; x_wconf 80' lang='grc' dir='ltr'>ἓν[α]</span> <span class='ocrx_word' id='word_1_218' title='bbox 3572 800 3731 891; x_wconf 83' lang='grc' dir='ltr'>μόνον</span> 
     </span>
    </p>
   </div>
   <div class='ocr_carea' id='block_1_30' title="bbox 2141 889 3733 978">
    <p class='ocr_par' dir='ltr' id='par_1_30' title="bbox 2141 889 3733 978">
     <span class='ocr_line' id='line_1_30' title="bbox 2141 889 3733 978; baseline 0.013 -38"><span class='ocrx_word' id='word_1_219' title='bbox 2141 889 2264 960; x_wconf 83' lang='grc' dir='ltr'>ὁρᾷ,</span> <span class='ocrx_word' id='word_1_220' title='bbox 2289 890 2437 954; x_wconf 85' lang='grc' dir='ltr'>ὅπως</span> <span class='ocrx_word' id='word_1_221' title='bbox 2491 892 2569 962; x_wconf 82' lang='grc' dir='ltr'>τῷ</span> <span class='ocrx_word' id='word_1_222' title='bbox 2605 895 2792 950; x_wconf 88' lang='grc' dir='ltr'>κάλλει</span> <span class='ocrx_word' id='word_1_223' title='bbox 2820 899 2914 952; x_wconf 90' lang='grc' dir='ltr'>τοῦ</span> <span class='ocrx_word' id='word_1_224' title='bbox 2943 901 3196 972; x_wconf 85' lang='grc' dir='ltr'>σώματος</span> <span class='ocrx_word' id='word_1_225' title='bbox 3227 905 3597 978; x_wconf 81' lang='grc' dir='ltr'>ἐφελκύσηται</span> <span class='ocrx_word' id='word_1_226' title='bbox 3637 910 3733 961; x_wconf 83' lang='grc' dir='ltr'>τὸν</span> 
     </span>
    </p>
   </div>
   <div class='ocr_carea' id='block_1_31' title="bbox 2141 979 3730 1063">
    <p class='ocr_par' dir='ltr' id='par_1_31' title="bbox 2141 979 3730 1063">
     <span class='ocr_line' id='line_1_31' title="bbox 2141 979 3730 1063; baseline 0.015 -35"><span class='ocrx_word' id='word_1_227' title='bbox 2141 979 2418 1048; x_wconf 83' lang='grc' dir='ltr'>ἐρώμενον</span> <span class='ocrx_word' id='word_1_228' title='bbox 2443 999 2454 1011; x_wconf 87' lang='grc'>·</span> <span class='ocrx_word' id='word_1_229' title='bbox 2489 981 2629 1054; x_wconf 81' lang='grc' dir='ltr'>αὕτη</span> <span class='ocrx_word' id='word_1_230' title='bbox 2662 984 2718 1038; x_wconf 83' lang='grc' dir='ltr'>δὲ</span> <span class='ocrx_word' id='word_1_231' title='bbox 2754 988 2848 1040; x_wconf 74' lang='grc' dir='ltr'>καὶ</span> <span class='ocrx_word' id='word_1_232' title='bbox 2889 991 3069 1055; x_wconf 84' lang='grc' dir='ltr'>οίκίας</span> <span class='ocrx_word' id='word_1_233' title='bbox 3095 995 3442 1063; x_wconf 82' lang='grc' dir='ltr'>προΐσταται,</span> <span class='ocrx_word' id='word_1_234' title='bbox 3495 997 3591 1049; x_wconf 82' lang='grc' dir='ltr'>καὶ</span> <span class='ocrx_word' id='word_1_235' title='bbox 3639 998 3730 1051; x_wconf 81' lang='grc' dir='ltr'>τέο</span> 
     </span>
    </p>
   </div>
   <div class='ocr_carea' id='block_1_32' title="bbox 2140 1071 3727 1157">
    <p class='ocr_par' dir='ltr' id='par_1_32' title="bbox 2140 1071 3727 1157">
     <span class='ocr_line' id='line_1_32' title="bbox 2140 1071 3727 1157; baseline 0.011 -39"><span class='ocrx_word' id='word_1_236' title='bbox 2140 1082 2286 1118; x_wconf 84' lang='grc' dir='ltr'>κνων</span> <span class='ocrx_word' id='word_1_237' title='bbox 2307 1071 2578 1134; x_wconf 87' lang='grc' dir='ltr'>κοινωνεῖ,</span> <span class='ocrx_word' id='word_1_238' title='bbox 2627 1073 2721 1124; x_wconf 80' lang='grc' dir='ltr'>καὶ</span> <span class='ocrx_word' id='word_1_239' title='bbox 2749 1074 2860 1126; x_wconf 87' lang='grc' dir='ltr'>τῶν</span> <span class='ocrx_word' id='word_1_240' title='bbox 2889 1076 3063 1131; x_wconf 84' lang='grc' dir='ltr'>ἄλλων</span> <span class='ocrx_word' id='word_1_241' title='bbox 3093 1080 3373 1135; x_wconf 81' lang='grc' dir='ltr'>ἁπάντων.</span> <span class='ocrx_word' id='word_1_242' title='bbox 3421 1083 3727 1157; x_wconf 83' lang='grc' dir='ltr'>Θυγάτριον</span> 
     </span>
    </p>
   </div>
   <div class='ocr_carea' id='block_1_33' title="bbox 2141 1155 3728 1246">
    <p class='ocr_par' dir='ltr' id='par_1_33' title="bbox 2141 1155 3728 1246">
     <span class='ocr_line' id='line_1_33' title="bbox 2141 1155 3728 1246; baseline 0.013 -39"><span class='ocrx_word' id='word_1_243' title='bbox 2141 1155 2320 1226; x_wconf 76' lang='grc' dir='ltr'>ἔχειςς</span> <span class='ocrx_word' id='word_1_244' title='bbox 2383 1158 2483 1229; x_wconf 83' lang='grc' dir='ltr'>ὅρα</span> <span class='ocrx_word' id='word_1_245' title='bbox 2537 1162 2610 1231; x_wconf 83' lang='grc' dir='ltr'>μὴ</span> <span class='ocrx_word' id='word_1_246' title='bbox 2644 1161 2950 1235; x_wconf 81' lang='grc' dir='ltr'>διαδέξηται</span> <span class='ocrx_word' id='word_1_247' title='bbox 2996 1168 3097 1237; x_wconf 79' lang='grc' dir='ltr'>τὴν</span> <span class='ocrx_word' id='word_1_248' title='bbox 3145 1169 3351 1241; x_wconf 80' lang='grc' dir='ltr'>βλάϐην</span> <span class='ocrx_word' id='word_1_249' title='bbox 3379 1185 3393 1201; x_wconf 85' lang='lat'><strong>&#39;</strong></span> <span class='ocrx_word' id='word_1_250' title='bbox 3442 1173 3586 1241; x_wconf 88' lang='grc' dir='ltr'>φιλεῖ</span> <span class='ocrx_word' id='word_1_251' title='bbox 3613 1155 3728 1246; x_wconf 82' lang='grc' dir='ltr'>γάρ</span> 
     </span>
    </p>
   </div>
   <div class='ocr_carea' id='block_1_34' title="bbox 2141 1246 3726 1329">
    <p class='ocr_par' dir='ltr' id='par_1_34' title="bbox 2141 1246 3726 1329">
     <span class='ocr_line' id='line_1_34' title="bbox 2141 1246 3726 1329; baseline 0.013 -34"><span class='ocrx_word' id='word_1_252' title='bbox 2141 1260 2259 1306; x_wconf 84' lang='grc' dir='ltr'>πως</span> <span class='ocrx_word' id='word_1_253' title='bbox 2284 1246 2420 1316; x_wconf 80' lang='grc' dir='ltr'>πρὸς</span> <span class='ocrx_word' id='word_1_254' title='bbox 2462 1247 2558 1311; x_wconf 76' lang='grc' dir='ltr'>τὰς</span> <span class='ocrx_word' id='word_1_255' title='bbox 2593 1250 2904 1319; x_wconf 70' lang='grc' dir='ltr'>ἀνατροφὰς</span> <span class='ocrx_word' id='word_1_256' title='bbox 2948 1253 3014 1307; x_wconf 79' lang='grc' dir='ltr'>τά</span> <span class='ocrx_word' id='word_1_257' title='bbox 3046 1255 3148 1328; x_wconf 72' lang='grc' dir='ltr'>ἢθη</span> <span class='ocrx_word' id='word_1_258' title='bbox 3199 1258 3578 1329; x_wconf 80' lang='grc' dir='ltr'>ρυθμίζεσθαι,</span> <span class='ocrx_word' id='word_1_259' title='bbox 3630 1261 3726 1315; x_wconf 77' lang='grc' dir='ltr'>καὶ</span> 
     </span>
    </p>
   </div>
   <div class='ocr_carea' id='block_1_35' title="bbox 2143 1330 3722 1423">
    <p class='ocr_par' dir='ltr' id='par_1_35' title="bbox 2143 1330 3722 1423">
     <span class='ocr_line' id='line_1_35' title="bbox 2143 1330 3722 1423; baseline 0.013 -40"><span class='ocrx_word' id='word_1_260' title='bbox 2143 1334 2426 1423; x_wconf 73' lang='grc' dir='ltr'>μιμεῖσθαι</span> <span class='ocrx_word' id='word_1_261' title='bbox 2469 1335 2538 1391; x_wconf 79' lang='grc' dir='ltr'>τά</span> <span class='ocrx_word' id='word_1_262' title='bbox 2571 1330 2680 1390; x_wconf 79' lang='grc' dir='ltr'>τῶν</span> <span class='ocrx_word' id='word_1_263' title='bbox 2707 1341 2963 1411; x_wconf 84' lang='grc' dir='ltr'>μητέρων</span> <span class='ocrx_word' id='word_1_264' title='bbox 2997 1343 3124 1415; x_wconf 76' lang='grc' dir='ltr'>ἢθη.</span> <span class='ocrx_word' id='word_1_265' title='bbox 3155 1346 3289 1399; x_wconf 85' lang='grc' dir='ltr'>Ἔσο</span> <span class='ocrx_word' id='word_1_266' title='bbox 3319 1347 3629 1420; x_wconf 83' lang='grc' dir='ltr'>ὑπόδειγμα</span> <span class='ocrx_word' id='word_1_267' title='bbox 3655 1355 3722 1423; x_wconf 83' lang='grc' dir='ltr'>τῇ</span> 
     </span>
    </p>
   </div>
   <div class='ocr_carea' id='block_1_36' title="bbox 2139 1417 3718 1504">
    <p class='ocr_par' dir='ltr' id='par_1_36' title="bbox 2139 1417 3718 1504">
     <span class='ocr_line' id='line_1_36' title="bbox 2139 1417 3718 1504; baseline 0.013 -34"><span class='ocrx_word' id='word_1_268' title='bbox 2139 1417 2370 1492; x_wconf 77' lang='grc' dir='ltr'>θυγατρὶ</span> <span class='ocrx_word' id='word_1_269' title='bbox 2415 1424 2789 1496; x_wconf 79' lang='grc' dir='ltr'>σωφροσύνης.</span> <span class='ocrx_word' id='word_1_270' title='bbox 2824 1429 3104 1501; x_wconf 88' lang='grc' dir='ltr'>κόσμησαι</span> <span class='ocrx_word' id='word_1_271' title='bbox 3131 1432 3221 1485; x_wconf 73' lang='grc' dir='ltr'>τὸν</span> <span class='ocrx_word' id='word_1_272' title='bbox 3245 1435 3450 1504; x_wconf 88' lang='grc' dir='ltr'>κόσμον</span> <span class='ocrx_word' id='word_1_273' title='bbox 3484 1417 3718 1503; x_wconf 59' lang='grc' dir='ltr'>ἐκεῖνον,</span> 
     </span>
    </p>
   </div>
   <div class='ocr_carea' id='block_1_37' title="bbox 2138 1508 3722 1596">
    <p class='ocr_par' dir='ltr' id='par_1_37' title="bbox 2138 1508 3722 1596">
     <span class='ocr_line' id='line_1_37' title="bbox 2138 1508 3722 1596; baseline 0.013 -37"><span class='ocrx_word' id='word_1_274' title='bbox 2138 1508 2233 1560; x_wconf 78' lang='grc' dir='ltr'>καὶ</span> <span class='ocrx_word' id='word_1_275' title='bbox 2284 1509 2385 1580; x_wconf 83' lang='grc' dir='ltr'>ὅρα</span> <span class='ocrx_word' id='word_1_276' title='bbox 2436 1510 2554 1574; x_wconf 88' lang='grc' dir='ltr'>πῶς</span> <span class='ocrx_word' id='word_1_277' title='bbox 2611 1511 2801 1568; x_wconf 82' lang='grc' dir='ltr'>τούτου</span> <span class='ocrx_word' id='word_1_278' title='bbox 2857 1520 3314 1589; x_wconf 78' lang='grc' dir='ltr'>καταφρονήσεις.</span> <span class='ocrx_word' id='word_1_279' title='bbox 3345 1523 3554 1585; x_wconf 86' lang='grc' dir='ltr'>Ὄντως</span> <span class='ocrx_word' id='word_1_280' title='bbox 3611 1524 3722 1596; x_wconf 75' lang='grc' dir='ltr'>γὰρ</span> 
     </span>
    </p>
   </div>
   <div class='ocr_carea' id='block_1_38' title="bbox 2138 1599 3723 1681">
    <p class='ocr_par' dir='ltr' id='par_1_38' title="bbox 2138 1599 3723 1681">
     <span class='ocr_line' id='line_1_38' title="bbox 2138 1599 3723 1681; baseline 0.011 -31"><span class='ocrx_word' id='word_1_281' title='bbox 2138 1599 2322 1650; x_wconf 81' lang='grc' dir='ltr'>ἐκεῖνα</span> <span class='ocrx_word' id='word_1_282' title='bbox 2357 1599 2562 1668; x_wconf 86' lang='grc' dir='ltr'>κόσμος</span> <span class='ocrx_word' id='word_1_283' title='bbox 2619 1601 2756 1668; x_wconf 75' lang='grc' dir='ltr'>ἐστὶ,</span> <span class='ocrx_word' id='word_1_284' title='bbox 2792 1604 2970 1658; x_wconf 87' lang='grc' dir='ltr'>ταῦτα</span> <span class='ocrx_word' id='word_1_285' title='bbox 3019 1606 3078 1660; x_wconf 83' lang='grc' dir='ltr'>δὲ</span> <span class='ocrx_word' id='word_1_286' title='bbox 3128 1607 3389 1679; x_wconf 87' lang='grc' dir='ltr'>ἀκοσμία.</span> <span class='ocrx_word' id='word_1_287' title='bbox 3435 1611 3624 1681; x_wconf 83' lang='grc' dir='ltr'>’Λρκεῖ</span> <span class='ocrx_word' id='word_1_288' title='bbox 3653 1613 3723 1668; x_wconf 77' lang='grc' dir='ltr'>τὰ</span> 
     </span>
    </p>
   </div>
   <div class='ocr_carea' id='block_1_39' title="bbox 2136 1685 3723 1767">
    <p class='ocr_par' dir='ltr' id='par_1_39' title="bbox 2136 1685 3723 1767">
     <span class='ocr_line' id='line_1_39' title="bbox 2136 1685 3723 1767; baseline 0.01 -29"><span class='ocrx_word' id='word_1_289' title='bbox 2136 1685 2423 1756; x_wconf 72' lang='grc' dir='ltr'>εἰρημένα.</span> <span class='ocrx_word' id='word_1_290' title='bbox 2442 1689 2498 1740; x_wconf 80' lang='grc' dir='ltr'>ὐ</span> <span class='ocrx_word' id='word_1_291' title='bbox 2521 1687 2576 1740; x_wconf 81' lang='grc' dir='ltr'>δὲ</span> <span class='ocrx_word' id='word_1_292' title='bbox 2614 1689 2746 1754; x_wconf 80' lang='grc' dir='ltr'>Θεὸς</span> <span class='ocrx_word' id='word_1_293' title='bbox 2774 1691 2801 1740; x_wconf 82' lang='lat'>6</span> <span class='ocrx_word' id='word_1_294' title='bbox 2837 1693 2929 1746; x_wconf 82' lang='grc' dir='ltr'>τὸν</span> <span class='ocrx_word' id='word_1_295' title='bbox 2957 1699 3162 1764; x_wconf 87' lang='grc' dir='ltr'>κόσμον</span> <span class='ocrx_word' id='word_1_296' title='bbox 3191 1697 3446 1767; x_wconf 83' lang='grc' dir='ltr'>ποιήσας,</span> <span class='ocrx_word' id='word_1_297' title='bbox 3475 1700 3570 1751; x_wconf 73' lang='grc' dir='ltr'>καὶ</span> <span class='ocrx_word' id='word_1_298' title='bbox 3597 1699 3723 1764; x_wconf 78' lang='grc' dir='ltr'>δοὺς</span> 
     </span>
    </p>
   </div>
   <div class='ocr_carea' id='block_1_40' title="bbox 2132 1772 3721 1856">
    <p class='ocr_par' dir='ltr' id='par_1_40' title="bbox 2132 1772 3721 1856">
     <span class='ocr_line' id='line_1_40' title="bbox 2132 1772 3721 1856; baseline 0.011 -34"><span class='ocrx_word' id='word_1_299' title='bbox 2132 1772 2267 1843; x_wconf 79' lang='grc' dir='ltr'>ἡμῖν</span> <span class='ocrx_word' id='word_1_300' title='bbox 2292 1773 2383 1825; x_wconf 80' lang='grc' dir='ltr'>τὸν</span> <span class='ocrx_word' id='word_1_301' title='bbox 2412 1774 2512 1843; x_wconf 78' lang='grc' dir='ltr'>τῆς</span> <span class='ocrx_word' id='word_1_302' title='bbox 2555 1775 2734 1847; x_wconf 70' lang='grc' dir='ltr'>ψυχῆς</span> <span class='ocrx_word' id='word_1_303' title='bbox 2783 1778 3007 1848; x_wconf 83' lang='grc' dir='ltr'>κόσμον,</span> <span class='ocrx_word' id='word_1_304' title='bbox 3053 1785 3384 1855; x_wconf 83' lang='grc' dir='ltr'>κοσμήσειεν</span> <span class='ocrx_word' id='word_1_305' title='bbox 3416 1786 3587 1856; x_wconf 76' lang='grc' dir='ltr'>ἡμᾶς,</span> <span class='ocrx_word' id='word_1_306' title='bbox 3624 1787 3721 1840; x_wconf 80' lang='grc' dir='ltr'>καὶ</span> 
     </span>
    </p>
   </div>
   <div class='ocr_carea' id='block_1_41' title="bbox 2130 1861 3722 1942">
    <p class='ocr_par' dir='ltr' id='par_1_41' title="bbox 2130 1861 3722 1942">
     <span class='ocr_line' id='line_1_41' title="bbox 2130 1861 3722 1942; baseline 0.01 -30"><span class='ocrx_word' id='word_1_307' title='bbox 2130 1863 2195 1931; x_wconf 81' lang='grc' dir='ltr'>τῇ</span> <span class='ocrx_word' id='word_1_308' title='bbox 2226 1861 2389 1915; x_wconf 83' lang='grc' dir='ltr'>αὐτοῦ</span> <span class='ocrx_word' id='word_1_309' title='bbox 2439 1862 2566 1934; x_wconf 84' lang='grc' dir='ltr'>δόξῃ</span> <span class='ocrx_word' id='word_1_310' title='bbox 2619 1866 2949 1934; x_wconf 82' lang='grc' dir='ltr'>ἀμφιάσειεν</span> <span class='ocrx_word' id='word_1_311' title='bbox 2973 1885 2987 1899; x_wconf 79' lang='grc' dir='ltr'><strong>ο</strong></span> <span class='ocrx_word' id='word_1_312' title='bbox 3038 1869 3126 1923; x_wconf 85' lang='grc' dir='ltr'>ἵνα</span> <span class='ocrx_word' id='word_1_313' title='bbox 3180 1873 3380 1936; x_wconf 88' lang='grc' dir='ltr'>πάντες</span> <span class='ocrx_word' id='word_1_314' title='bbox 3409 1875 3466 1925; x_wconf 79' lang='grc' dir='ltr'>ἐν</span> <span class='ocrx_word' id='word_1_315' title='bbox 3494 1874 3722 1942; x_wconf 82' lang='grc' dir='ltr'>ἀγαθοῖς</span> 
     </span>
    </p>
   </div>
   <div class='ocr_carea' id='block_1_42' title="bbox 2129 1949 3718 2030">
    <p class='ocr_par' dir='ltr' id='par_1_42' title="bbox 2129 1949 3718 2030">
     <span class='ocr_line' id='line_1_42' title="bbox 2129 1949 3718 2030; baseline 0.009 -28"><span class='ocrx_word' id='word_1_316' title='bbox 2129 1949 2311 2021; x_wconf 76' lang='grc' dir='ltr'>ἔργοις</span> <span class='ocrx_word' id='word_1_317' title='bbox 2365 1951 2785 2022; x_wconf 86' lang='grc' dir='ltr'>διαλάμποντες,</span> <span class='ocrx_word' id='word_1_318' title='bbox 2835 1957 2933 2011; x_wconf 74' lang='grc' dir='ltr'>καὶ</span> <span class='ocrx_word' id='word_1_319' title='bbox 2983 1959 3062 2022; x_wconf 87' lang='grc' dir='ltr'>είς</span> <span class='ocrx_word' id='word_1_320' title='bbox 3093 1958 3253 2024; x_wconf 86' lang='grc' dir='ltr'>δόξαν</span> <span class='ocrx_word' id='word_1_321' title='bbox 3293 1961 3460 2015; x_wconf 77' lang='grc' dir='ltr'>αὐτοῦ</span> <span class='ocrx_word' id='word_1_322' title='bbox 3495 1963 3718 2030; x_wconf 70' lang='grc' dir='ltr'>ζῶντες,</span> 
     </span>
    </p>
   </div>
   <div class='ocr_carea' id='block_1_43' title="bbox 2126 2035 3721 2122">
    <p class='ocr_par' dir='ltr' id='par_1_43' title="bbox 2126 2035 3721 2122">
     <span class='ocr_line' id='line_1_43' title="bbox 2126 2035 3721 2122; baseline 0.009 -33"><span class='ocrx_word' id='word_1_323' title='bbox 2126 2035 2285 2104; x_wconf 77' lang='grc' dir='ltr'>δόξαν</span> <span class='ocrx_word' id='word_1_324' title='bbox 2315 2039 2728 2112; x_wconf 62' lang='grc' dir='ltr'>ἀναπέμψωμεν</span> <span class='ocrx_word' id='word_1_325' title='bbox 2765 2043 2844 2116; x_wconf 83' lang='grc' dir='ltr'>τῷ</span> <span class='ocrx_word' id='word_1_326' title='bbox 2881 2047 3058 2119; x_wconf 75' lang='grc' dir='ltr'>Πατρὶ</span> <span class='ocrx_word' id='word_1_327' title='bbox 3102 2049 3199 2102; x_wconf 75' lang='grc' dir='ltr'>καὶ</span> <span class='ocrx_word' id='word_1_328' title='bbox 3247 2049 3324 2121; x_wconf 80' lang='grc' dir='ltr'>τῷ</span> <span class='ocrx_word' id='word_1_329' title='bbox 3366 2050 3482 2122; x_wconf 84' lang='grc' dir='ltr'>Υἱῷ</span> <span class='ocrx_word' id='word_1_330' title='bbox 3512 2052 3610 2106; x_wconf 76' lang='grc' dir='ltr'>καὶ</span> <span class='ocrx_word' id='word_1_331' title='bbox 3640 2051 3721 2122; x_wconf 84' lang='grc' dir='ltr'>τῷ</span> 
     </span>
    </p>
   </div>
   <div class='ocr_carea' id='block_1_44' title="bbox 2134 2127 2595 2199">
    <p class='ocr_par' dir='ltr' id='par_1_44' title="bbox 2134 2127 2595 2199">
     <span class='ocr_line' id='line_1_44' title="bbox 2134 2127 2595 2199; baseline 0.002 -20"><span class='ocrx_word' id='word_1_332' title='bbox 2134 2127 2276 2198; x_wconf 84' lang='grc' dir='ltr'>ἁγίῳ</span> <span class='ocrx_word' id='word_1_333' title='bbox 2299 2127 2595 2199; x_wconf 82' lang='grc' dir='ltr'>Πνεύματι.</span> 
     </span>
    </p>
   </div>
   <div class='ocr_carea' id='block_1_45' title="bbox 470 2394 3678 2444">
    <p class='ocr_par' dir='ltr' id='par_1_45' title="bbox 470 2394 3678 2444">
     <span class='ocr_line' id='line_1_45' title="bbox 470 2394 3678 2444; baseline 0.009 -30"><span class='ocrx_word' id='word_1_334' title='bbox 470 2394 3678 2444; x_wconf 76' lang='lat'>-————.—_______.__.________________________</span> 
     </span>
    </p>
   </div>
   <div class='ocr_carea' id='block_1_46' title="bbox 1902 2622 2296 2684">
    <p class='ocr_par' dir='ltr' id='par_1_46' title="bbox 1902 2622 2296 2684">
     <span class='ocr_line' id='line_1_46' title="bbox 1902 2622 2296 2684; baseline 0.023 -10"><span class='ocrx_word' id='word_1_335' title='bbox 1902 2622 2153 2678; x_wconf 78' lang='grc' dir='ltr'>ΟΜΙΛΙΑ</span> <span class='ocrx_word' id='word_1_336' title='bbox 2194 2627 2296 2684; x_wconf 79' lang='lat' dir='ltr'>IA&#39;.</span> 
     </span>
    </p>
   </div>
   <div class='ocr_carea' id='block_1_47' title="bbox 451 2749 2020 2830">
    <p class='ocr_par' dir='ltr' id='par_1_47' title="bbox 451 2749 2020 2830">
     <span class='ocr_line' id='line_1_47' title="bbox 451 2749 2020 2830; baseline 0.008 -26"><span class='ocrx_word' id='word_1_337' title='bbox 451 2749 568 2830; x_wconf 74' lang='lat' dir='ltr'>’Er_</span> <span class='ocrx_word' id='word_1_338' title='bbox 589 2752 775 2830; x_wconf 61' lang='grc' dir='ltr'>σοςξίᾳ</span> <span class='ocrx_word' id='word_1_339' title='bbox 803 2769 1174 2830; x_wconf 58' lang='grc' dir='ltr'>περιπατεῖτε</span> <span class='ocrx_word' id='word_1_340' title='bbox 1201 2761 1351 2828; x_wconf 83' lang='grc' dir='ltr'>πρὸς</span> <span class='ocrx_word' id='word_1_341' title='bbox 1379 2749 1520 2830; x_wconf 69' lang='grc' dir='ltr'>τοὺς</span> <span class='ocrx_word' id='word_1_342' title='bbox 1551 2763 1690 2828; x_wconf 78' lang='grc' dir='ltr'>ἔξω,</span> <span class='ocrx_word' id='word_1_343' title='bbox 1730 2765 1837 2817; x_wconf 83' lang='grc' dir='ltr'>τὸν</span> <span class='ocrx_word' id='word_1_344' title='bbox 1887 2779 2020 2817; x_wconf 82' lang='grc' dir='ltr'>και-</span> 
     </span>
    </p>
   </div>
   <div class='ocr_carea' id='block_1_48' title="bbox 499 2820 2022 2901">
    <p class='ocr_par' dir='ltr' id='par_1_48' title="bbox 499 2820 2022 2901">
     <span class='ocr_line' id='line_1_48' title="bbox 499 2820 2022 2901; baseline 0.009 -29"><span class='ocrx_word' id='word_1_345' title='bbox 499 2820 617 2901; x_wconf 83' lang='grc' dir='ltr'>ρὸν</span> <span class='ocrx_word' id='word_1_346' title='bbox 645 2820 1157 2901; x_wconf 65' lang='grc' dir='ltr'>ἐξαγοραᾷῖμενοι.</span> <span class='ocrx_word' id='word_1_347' title='bbox 1199 2820 1262 2884; x_wconf 82' lang='grc' dir='ltr'>’ὁ</span> <span class='ocrx_word' id='word_1_348' title='bbox 1309 2820 1512 2901; x_wconf 73' lang='grc' dir='ltr'>λόγος’</span> <span class='ocrx_word' id='word_1_349' title='bbox 1550 2820 1716 2901; x_wconf 64' lang='grc' dir='ltr'>ὑμῶν</span> <span class='ocrx_word' id='word_1_350' title='bbox 1761 2832 2022 2886; x_wconf 78' lang='grc' dir='ltr'>πάντοτε</span> 
     </span>
    </p>
   </div>
   <div class='ocr_carea' id='block_1_49' title="bbox 505 2891 2029 2969">
    <p class='ocr_par' dir='ltr' id='par_1_49' title="bbox 505 2891 2029 2969">
     <span class='ocr_line' id='line_1_49' title="bbox 505 2891 2029 2969; baseline -0.009 1"><span class='ocrx_word' id='word_1_351' title='bbox 505 2891 577 2969; x_wconf 45' lang='grc' dir='ltr'>ἐν</span> <span class='ocrx_word' id='word_1_352' title='bbox 601 2891 842 2969; x_wconf 57' lang='grc' dir='ltr'>λάιρτῗίξ</span> <span class='ocrx_word' id='word_1_353' title='bbox 873 2891 1048 2969; x_wconf 63' lang='grc' dir='ltr'>(ἶλάτι</span> <span class='ocrx_word' id='word_1_354' title='bbox 1092 2891 1445 2969; x_wconf 67' lang='grc' dir='ltr'>ἠρτυμένος,</span> <span class='ocrx_word' id='word_1_355' title='bbox 1470 2891 1726 2958; x_wconf 56' lang='grc' dir='ltr'>ἐἱδὲναι</span> <span class='ocrx_word' id='word_1_356' title='bbox 1765 2902 1891 2969; x_wconf 80' lang='grc' dir='ltr'>πῶς</span> <span class='ocrx_word' id='word_1_357' title='bbox 1933 2902 2029 2957; x_wconf 97' lang='grc' dir='ltr'>δεῖ</span> 
     </span>
    </p>
   </div>
   <div class='ocr_carea' id='block_1_50' title="bbox 504 2959 1522 3039">
    <p class='ocr_par' dir='ltr' id='par_1_50' title="bbox 504 2959 1522 3039">
     <span class='ocr_line' id='line_1_50' title="bbox 504 2959 1522 3039; baseline 0.015 -26"><span class='ocrx_word' id='word_1_358' title='bbox 504 2959 662 3030; x_wconf 73' lang='grc' dir='ltr'>ὑμᾶς</span> <span class='ocrx_word' id='word_1_359' title='bbox 688 2962 778 3015; x_wconf 81' lang='grc' dir='ltr'>ἐνὶ</span> <span class='ocrx_word' id='word_1_360' title='bbox 809 2964 1045 3030; x_wconf 76' lang='grc' dir='ltr'>ἑκάστῳ</span> <span class='ocrx_word' id='word_1_361' title='bbox 1073 2959 1522 3039; x_wconf 60' lang='grc' dir='ltr'>ἀποκρίνεσθαι.</span> 
     </span>
    </p>
   </div>
   <div class='ocr_carea' id='block_1_51' title="bbox 503 3107 2019 3193">
    <p class='ocr_par' dir='ltr' id='par_1_51' title="bbox 503 3107 2019 3193">
     <span class='ocr_line' id='line_1_51' title="bbox 503 3107 2019 3193; baseline 0.013 -35"><span class='ocrx_word' id='word_1_362' title='bbox 503 3112 575 3160; x_wconf 86' lang='grc' dir='ltr'>α’.</span> <span class='ocrx_word' id='word_1_363' title='bbox 601 3107 780 3180; x_wconf 85' lang='grc' dir='ltr'>Ὅπερ</span> <span class='ocrx_word' id='word_1_364' title='bbox 795 3112 824 3164; x_wconf 97' lang='lat'>6</span> <span class='ocrx_word' id='word_1_365' title='bbox 843 3113 1081 3185; x_wconf 83' lang='grc' dir='ltr'>Χριστὸς</span> <span class='ocrx_word' id='word_1_366' title='bbox 1093 3117 1228 3188; x_wconf 85' lang='grc' dir='ltr'>πρὸς</span> <span class='ocrx_word' id='word_1_367' title='bbox 1250 3121 1377 3179; x_wconf 79' lang='grc' dir='ltr'>τοὺς</span> <span class='ocrx_word' id='word_1_368' title='bbox 1402 3122 1652 3193; x_wconf 85' lang='grc' dir='ltr'>μαθητὰς</span> <span class='ocrx_word' id='word_1_369' title='bbox 1668 3122 1843 3192; x_wconf 76' lang='grc' dir='ltr'>ἔλεγε,</span> <span class='ocrx_word' id='word_1_370' title='bbox 1861 3122 2019 3177; x_wconf 86' lang='grc' dir='ltr'>τοῦτο</span> 
     </span>
    </p>
   </div>
   <div class='ocr_carea' id='block_1_52' title="bbox 432 3195 2017 3282">
    <p class='ocr_par' dir='ltr' id='par_1_52' title="bbox 432 3195 2017 3282">
     <span class='ocr_line' id='line_1_52' title="bbox 432 3195 2017 3282; baseline 0.011 -35"><span class='ocrx_word' id='word_1_371' title='bbox 432 3195 528 3249; x_wconf 67' lang='grc' dir='ltr'>ναὶ</span> <span class='ocrx_word' id='word_1_372' title='bbox 555 3195 652 3249; x_wconf 90' lang='grc' dir='ltr'>νῦν</span> <span class='ocrx_word' id='word_1_373' title='bbox 680 3198 895 3266; x_wconf 80' lang='grc' dir='ltr'>Παῦλος</span> <span class='ocrx_word' id='word_1_374' title='bbox 935 3209 1212 3278; x_wconf 87' lang='grc' dir='ltr'>παραινεῖ.</span> <span class='ocrx_word' id='word_1_375' title='bbox 1247 3209 1311 3262; x_wconf 92' lang='grc' dir='ltr'>Τί</span> <span class='ocrx_word' id='word_1_376' title='bbox 1345 3209 1400 3263; x_wconf 83' lang='grc' dir='ltr'>δὲ</span> <span class='ocrx_word' id='word_1_377' title='bbox 1429 3212 1458 3262; x_wconf 88' lang='grc' dir='ltr'>ὁ</span> <span class='ocrx_word' id='word_1_378' title='bbox 1511 3211 1746 3282; x_wconf 84' lang='grc' dir='ltr'>Χριστὸς</span> <span class='ocrx_word' id='word_1_379' title='bbox 1790 3211 2017 3281; x_wconf 78' lang='grc' dir='ltr'>έλεγενς</span> 
     </span>
    </p>
   </div>
   <div class='ocr_carea' id='block_1_53' title="bbox 445 3282 2020 3368">
    <p class='ocr_par' dir='ltr' id='par_1_53' title="bbox 445 3282 2020 3368">
     <span class='ocr_line' id='line_1_53' title="bbox 445 3282 2020 3368; baseline 0.01 -30"><span class='ocrx_word' id='word_1_380' title='bbox 445 3282 592 3338; x_wconf 77' lang='grc' dir='ltr'>Ἰδοὺ</span> <span class='ocrx_word' id='word_1_381' title='bbox 619 3284 734 3355; x_wconf 75' lang='grc' dir='ltr'>ἐγὼ</span> <span class='ocrx_word' id='word_1_382' title='bbox 766 3287 1125 3345; x_wconf 74' lang='grc' dir='ltr'>ἀποστέλλω</span> <span class='ocrx_word' id='word_1_383' title='bbox 1166 3293 1323 3362; x_wconf 78' lang='grc' dir='ltr'>ὑμᾶς</span> <span class='ocrx_word' id='word_1_384' title='bbox 1349 3296 1430 3361; x_wconf 87' lang='grc' dir='ltr'>ὠς</span> <span class='ocrx_word' id='word_1_385' title='bbox 1468 3299 1733 3364; x_wconf 74' lang='grc' dir='ltr'>πρόϐατα</span> <span class='ocrx_word' id='word_1_386' title='bbox 1755 3299 1826 3352; x_wconf 84' lang='grc' dir='ltr'>ἐν</span> <span class='ocrx_word' id='word_1_387' title='bbox 1849 3297 2020 3368; x_wconf 83' lang='grc' dir='ltr'>μέσῳ</span> 
     </span>
    </p>
   </div>
   <div class='ocr_carea' id='block_1_54' title="bbox 429 3372 2020 3456">
    <p class='ocr_par' dir='ltr' id='par_1_54' title="bbox 429 3372 2020 3456">
     <span class='ocr_line' id='line_1_54' title="bbox 429 3372 2020 3456; baseline 0.009 -30"><span class='ocrx_word' id='word_1_388' title='bbox 429 3372 651 3430; x_wconf 82' lang='grc' dir='ltr'>λύκων.</span> <span class='ocrx_word' id='word_1_389' title='bbox 705 3377 965 3433; x_wconf 77' lang='grc' dir='ltr'>Γίνεσθε</span> <span class='ocrx_word' id='word_1_390' title='bbox 1017 3376 1132 3436; x_wconf 84' lang='grc' dir='ltr'>οὖν</span> <span class='ocrx_word' id='word_1_391' title='bbox 1163 3384 1439 3452; x_wconf 68' lang='grc' dir='ltr'>φρόνιμοι</span> <span class='ocrx_word' id='word_1_392' title='bbox 1471 3385 1616 3440; x_wconf 78' lang='grc' dir='ltr'>ὡσεὶ</span> <span class='ocrx_word' id='word_1_393' title='bbox 1674 3387 1860 3456; x_wconf 66' lang='grc' dir='ltr'>ὄφεις,</span> <span class='ocrx_word' id='word_1_394' title='bbox 1922 3388 2020 3443; x_wconf 74' lang='grc' dir='ltr'>καί</span> 
     </span>
    </p>
   </div>
   <div class='ocr_carea' id='block_1_55' title="bbox 428 3459 2020 3545">
    <p class='ocr_par' dir='ltr' id='par_1_55' title="bbox 428 3459 2020 3545">
     <span class='ocr_line' id='line_1_55' title="bbox 428 3459 2020 3545; baseline 0.011 -31"><span class='ocrx_word' id='word_1_395' title='bbox 428 3459 698 3530; x_wconf 77' lang='grc' dir='ltr'>ἀκέραιοι</span> <span class='ocrx_word' id='word_1_396' title='bbox 757 3463 900 3519; x_wconf 77' lang='grc' dir='ltr'>ὡσεὶ</span> <span class='ocrx_word' id='word_1_397' title='bbox 940 3471 1308 3538; x_wconf 79' lang='grc' dir='ltr'>περιστεραί.</span> <span class='ocrx_word' id='word_1_398' title='bbox 1367 3473 1650 3540; x_wconf 88' lang='grc' dir='ltr'>Τουτέστι,</span> <span class='ocrx_word' id='word_1_399' title='bbox 1697 3475 2020 3545; x_wconf 79' lang='grc' dir='ltr'>φυλακτικοὶ</span> 
     </span>
    </p>
   </div>
   <div class='ocr_carea' id='block_1_56' title="bbox 428 3547 2014 3636">
    <p class='ocr_par' dir='ltr' id='par_1_56' title="bbox 428 3547 2014 3636">
     <span class='ocr_line' id='line_1_56' title="bbox 428 3547 2014 3636; baseline 0.012 -36"><span class='ocrx_word' id='word_1_400' title='bbox 428 3547 669 3636; x_wconf 80' lang='grc' dir='ltr'>γίνεσθε,</span> <span class='ocrx_word' id='word_1_401' title='bbox 712 3551 985 3624; x_wconf 82' lang='grc' dir='ltr'>μηδεμίαν</span> <span class='ocrx_word' id='word_1_402' title='bbox 1015 3555 1199 3622; x_wconf 80' lang='grc' dir='ltr'>αὐτοῖς</span> <span class='ocrx_word' id='word_1_403' title='bbox 1223 3557 1393 3632; x_wconf 83' lang='grc' dir='ltr'>λαϐὴν</span> <span class='ocrx_word' id='word_1_404' title='bbox 1416 3561 1652 3626; x_wconf 90' lang='grc' dir='ltr'>διδόντες</span> <span class='ocrx_word' id='word_1_405' title='bbox 1681 3563 1802 3617; x_wconf 81' lang='grc' dir='ltr'>καθ’</span> <span class='ocrx_word' id='word_1_406' title='bbox 1836 3563 2014 3636; x_wconf 87' lang='grc' dir='ltr'>ὑμῶν.</span> 
     </span>
    </p>
   </div>
   <div class='ocr_carea' id='block_1_57' title="bbox 430 3635 2018 3722">
    <p class='ocr_par' dir='ltr' id='par_1_57' title="bbox 430 3635 2018 3722">
     <span class='ocr_line' id='line_1_57' title="bbox 430 3635 2018 3722; baseline 0.013 -35"><span class='ocrx_word' id='word_1_407' title='bbox 430 3635 534 3688; x_wconf 87' lang='grc' dir='ltr'>Διά</span> <span class='ocrx_word' id='word_1_408' title='bbox 560 3636 669 3710; x_wconf 87' lang='grc' dir='ltr'>γὰρ</span> <span class='ocrx_word' id='word_1_409' title='bbox 698 3638 858 3694; x_wconf 90' lang='grc' dir='ltr'>τοῦτο</span> <span class='ocrx_word' id='word_1_410' title='bbox 881 3643 1224 3714; x_wconf 85' lang='grc' dir='ltr'>πρόσκειται,</span> <span class='ocrx_word' id='word_1_411' title='bbox 1259 3648 1416 3717; x_wconf 82' lang='grc' dir='ltr'>Πρὸς</span> <span class='ocrx_word' id='word_1_412' title='bbox 1442 3650 1584 3718; x_wconf 85' lang='grc' dir='ltr'>τοὺς</span> <span class='ocrx_word' id='word_1_413' title='bbox 1615 3650 1754 3718; x_wconf 76' lang='grc' dir='ltr'>ἔξω,</span> <span class='ocrx_word' id='word_1_414' title='bbox 1785 3652 1873 3705; x_wconf 85' lang='grc' dir='ltr'>ἵνα</span> <span class='ocrx_word' id='word_1_415' title='bbox 1909 3653 2018 3722; x_wconf 85' lang='grc' dir='ltr'>μά-</span> 
     </span>
    </p>
   </div>
   <div class='ocr_carea' id='block_1_58' title="bbox 428 3723 2017 3813">
    <p class='ocr_par' dir='ltr' id='par_1_58' title="bbox 428 3723 2017 3813">
     <span class='ocr_line' id='line_1_58' title="bbox 428 3723 2017 3813; baseline 0.012 -37"><span class='ocrx_word' id='word_1_416' title='bbox 428 3723 634 3794; x_wconf 89' lang='grc' dir='ltr'>θωμεν,</span> <span class='ocrx_word' id='word_1_417' title='bbox 680 3728 763 3782; x_wconf 85' lang='grc' dir='ltr'>ὅτι</span> <span class='ocrx_word' id='word_1_418' title='bbox 810 3731 948 3798; x_wconf 83' lang='grc' dir='ltr'>πρὸς</span> <span class='ocrx_word' id='word_1_419' title='bbox 988 3732 1057 3785; x_wconf 86' lang='grc' dir='ltr'>τά</span> <span class='ocrx_word' id='word_1_420' title='bbox 1105 3733 1242 3805; x_wconf 84' lang='grc' dir='ltr'>μέλη</span> <span class='ocrx_word' id='word_1_421' title='bbox 1289 3735 1359 3789; x_wconf 71' lang='grc' dir='ltr'>τὰ</span> <span class='ocrx_word' id='word_1_422' title='bbox 1393 3738 1572 3791; x_wconf 75' lang='grc' dir='ltr'>οἰκεῖα</span> <span class='ocrx_word' id='word_1_423' title='bbox 1630 3739 1691 3792; x_wconf 82' lang='grc' dir='ltr'>οὐ</span> <span class='ocrx_word' id='word_1_424' title='bbox 1746 3739 2017 3813; x_wconf 84' lang='grc' dir='ltr'>τοσαύτης</span> 
     </span>
    </p>
   </div>
   <div class='ocr_carea' id='block_1_59' title="bbox 424 3813 2017 3900">
    <p class='ocr_par' dir='ltr' id='par_1_59' title="bbox 424 3813 2017 3900">
     <span class='ocr_line' id='line_1_59' title="bbox 424 3813 2017 3900; baseline 0.012 -36"><span class='ocrx_word' id='word_1_425' title='bbox 424 3814 562 3900; x_wconf 77' lang='grc' dir='ltr'>ἡμῖν</span> <span class='ocrx_word' id='word_1_426' title='bbox 588 3813 672 3868; x_wconf 86' lang='grc' dir='ltr'>δεῖ</span> <span class='ocrx_word' id='word_1_427' title='bbox 695 3817 1018 3885; x_wconf 85' lang='grc' dir='ltr'>ἀσφαλείας,</span> <span class='ocrx_word' id='word_1_428' title='bbox 1050 3822 1184 3892; x_wconf 83' lang='grc' dir='ltr'>ὅσης</span> <span class='ocrx_word' id='word_1_429' title='bbox 1212 3825 1349 3894; x_wconf 82' lang='grc' dir='ltr'>πρὸς</span> <span class='ocrx_word' id='word_1_430' title='bbox 1389 3827 1518 3889; x_wconf 79' lang='grc' dir='ltr'>τοὺς</span> <span class='ocrx_word' id='word_1_431' title='bbox 1552 3825 1676 3892; x_wconf 80' lang='grc' dir='ltr'>ἔξω.</span> <span class='ocrx_word' id='word_1_432' title='bbox 1706 3828 1878 3882; x_wconf 80' lang='grc' dir='ltr'>Ἔνθα</span> <span class='ocrx_word' id='word_1_433' title='bbox 1915 3832 2017 3900; x_wconf 84' lang='grc' dir='ltr'>μὲν</span> 
     </span>
    </p>
   </div>
   <div class='ocr_carea' id='block_1_60' title="bbox 425 3899 2010 3983">
    <p class='ocr_par' dir='ltr' id='par_1_60' title="bbox 425 3899 2010 3983">
     <span class='ocr_line' id='line_1_60' title="bbox 425 3899 2010 3983; baseline 0.013 -31"><span class='ocrx_word' id='word_1_434' title='bbox 425 3899 536 3971; x_wconf 89' lang='grc' dir='ltr'>γάρ</span> <span class='ocrx_word' id='word_1_435' title='bbox 558 3901 797 3974; x_wconf 78' lang='grc' dir='ltr'>ἀδελφοὶ,</span> <span class='ocrx_word' id='word_1_436' title='bbox 833 3906 941 3959; x_wconf 72' lang='grc' dir='ltr'>είσὶ</span> <span class='ocrx_word' id='word_1_437' title='bbox 966 3908 1060 3961; x_wconf 82' lang='grc' dir='ltr'>καὶ</span> <span class='ocrx_word' id='word_1_438' title='bbox 1092 3913 1412 3983; x_wconf 79' lang='grc' dir='ltr'>συγγνῶμαι</span> <span class='ocrx_word' id='word_1_439' title='bbox 1443 3915 1639 3968; x_wconf 81' lang='grc' dir='ltr'>πολλαὶ</span> <span class='ocrx_word' id='word_1_440' title='bbox 1658 3916 1752 3969; x_wconf 75' lang='grc' dir='ltr'>καὶ</span> <span class='ocrx_word' id='word_1_441' title='bbox 1777 3899 2010 3983; x_wconf 82' lang='grc' dir='ltr'>ἀγάπαι.</span> 
     </span>
    </p>
   </div>
   <div class='ocr_carea' id='block_1_61' title="bbox 423 3986 2014 4077">
    <p class='ocr_par' dir='ltr' id='par_1_61' title="bbox 423 3986 2014 4077">
     <span class='ocr_line' id='line_1_61' title="bbox 423 3986 2014 4077; baseline 0.013 -38"><span class='ocrx_word' id='word_1_442' title='bbox 423 3989 518 4077; x_wconf 84' lang='grc' dir='ltr'>Δεῖ</span> <span class='ocrx_word' id='word_1_443' title='bbox 557 3989 657 4061; x_wconf 85' lang='grc' dir='ltr'>μὲν</span> <span class='ocrx_word' id='word_1_444' title='bbox 683 3986 778 4045; x_wconf 76' lang='grc' dir='ltr'>οὖν</span> <span class='ocrx_word' id='word_1_445' title='bbox 815 3994 912 4046; x_wconf 77' lang='grc' dir='ltr'>καὶ</span> <span class='ocrx_word' id='word_1_446' title='bbox 935 3996 1174 4052; x_wconf 81' lang='grc' dir='ltr'>ἐνταῦθα</span> <span class='ocrx_word' id='word_1_447' title='bbox 1211 4001 1513 4070; x_wconf 86' lang='grc' dir='ltr'>ἀσφάλειαν</span> <span class='ocrx_word' id='word_1_448' title='bbox 1547 3998 1710 4068; x_wconf 79' lang='grc' dir='ltr'>εἶναι,</span> <span class='ocrx_word' id='word_1_449' title='bbox 1744 4005 1925 4077; x_wconf 88' lang='grc' dir='ltr'>πολλῷ</span> <span class='ocrx_word' id='word_1_450' title='bbox 1956 4005 2014 4059; x_wconf 86' lang='grc' dir='ltr'>δὲ</span> 
     </span>
    </p>
   </div>
   <div class='ocr_carea' id='block_1_62' title="bbox 425 4075 2016 4165">
    <p class='ocr_par' dir='ltr' id='par_1_62' title="bbox 425 4075 2016 4165">
     <span class='ocr_line' id='line_1_62' title="bbox 425 4075 2016 4165; baseline 0.013 -38"><span class='ocrx_word' id='word_1_451' title='bbox 425 4075 591 4130; x_wconf 86' lang='grc' dir='ltr'>πλέον</span> <span class='ocrx_word' id='word_1_452' title='bbox 643 4078 783 4147; x_wconf 78' lang='grc' dir='ltr'>ἐξωο</span> <span class='ocrx_word' id='word_1_453' title='bbox 824 4083 883 4136; x_wconf 84' lang='grc' dir='ltr'>οὐ</span> <span class='ocrx_word' id='word_1_454' title='bbox 921 4086 1029 4156; x_wconf 87' lang='grc' dir='ltr'>γάρ</span> <span class='ocrx_word' id='word_1_455' title='bbox 1067 4088 1217 4141; x_wconf 84' lang='grc' dir='ltr'>ἐστιν</span> <span class='ocrx_word' id='word_1_456' title='bbox 1249 4091 1364 4143; x_wconf 83' lang='grc' dir='ltr'>ἴσον</span> <span class='ocrx_word' id='word_1_457' title='bbox 1407 4093 1611 4162; x_wconf 80' lang='grc' dir='ltr'>μεταξὺ</span> <span class='ocrx_word' id='word_1_458' title='bbox 1661 4075 2016 4165; x_wconf 14' lang='grc' dir='ltr'>ἑχθρῶνήκαὶ</span> 
     </span>
    </p>
   </div>
   <div class='ocr_carea' id='block_1_63' title="bbox 426 4165 2012 4256">
    <p class='ocr_par' dir='ltr' id='par_1_63' title="bbox 426 4165 2012 4256">
     <span class='ocr_line' id='line_1_63' title="bbox 426 4165 2012 4256; baseline 0.013 -39"><span class='ocrx_word' id='word_1_459' title='bbox 426 4167 703 4237; x_wconf 85' lang='grc' dir='ltr'>πολεμίων</span> <span class='ocrx_word' id='word_1_460' title='bbox 735 4165 899 4236; x_wconf 76' lang='grc' dir='ltr'>εἶναι,</span> <span class='ocrx_word' id='word_1_461' title='bbox 935 4176 1028 4228; x_wconf 75' lang='grc' dir='ltr'>καὶ</span> <span class='ocrx_word' id='word_1_462' title='bbox 1079 4176 1269 4245; x_wconf 89' lang='grc' dir='ltr'>φίλων.</span> <span class='ocrx_word' id='word_1_463' title='bbox 1326 4175 1441 4233; x_wconf 78' lang='grc' dir='ltr'>Εἶτ’</span> <span class='ocrx_word' id='word_1_464' title='bbox 1485 4182 1674 4254; x_wconf 79' lang='grc' dir='ltr'>ἐπειδὴ</span> <span class='ocrx_word' id='word_1_465' title='bbox 1721 4183 2012 4256; x_wconf 78' lang='grc' dir='ltr'>ἐφόϐησεν,</span> 
     </span>
    </p>
   </div>
   <div class='ocr_carea' id='block_1_64' title="bbox 427 4255 2016 4343">
    <p class='ocr_par' dir='ltr' id='par_1_64' title="bbox 427 4255 2016 4343">
     <span class='ocr_line' id='line_1_64' title="bbox 427 4255 2016 4343; baseline 0.013 -37"><span class='ocrx_word' id='word_1_466' title='bbox 427 4255 534 4326; x_wconf 83' lang='grc' dir='ltr'>ὅρα</span> <span class='ocrx_word' id='word_1_467' title='bbox 569 4257 686 4321; x_wconf 88' lang='grc' dir='ltr'>πῶς</span> <span class='ocrx_word' id='word_1_468' title='bbox 719 4259 882 4314; x_wconf 79' lang='grc' dir='ltr'>πάλιν</span> <span class='ocrx_word' id='word_1_469' title='bbox 929 4262 1212 4336; x_wconf 77' lang='grc' dir='ltr'>θαρῤύνει.</span> <span class='ocrx_word' id='word_1_470' title='bbox 1265 4267 1377 4321; x_wconf 81' lang='grc' dir='ltr'>Τὸν</span> <span class='ocrx_word' id='word_1_471' title='bbox 1422 4271 1654 4338; x_wconf 83' lang='grc' dir='ltr'>καιρὸν,</span> <span class='ocrx_word' id='word_1_472' title='bbox 1698 4255 1889 4343; x_wconf 80' lang='grc' dir='ltr'>φησὶν,</span> <span class='ocrx_word' id='word_1_473' title='bbox 1916 4273 2016 4339; x_wconf 78' lang='grc' dir='ltr'>ἐξ-</span> 
     </span>
    </p>
   </div>
   <div class='ocr_carea' id='block_1_65' title="bbox 423 4343 2011 4433">
    <p class='ocr_par' dir='ltr' id='par_1_65' title="bbox 423 4343 2011 4433">
     <span class='ocr_line' id='line_1_65' title="bbox 423 4343 2011 4433; baseline 0.015 -40"><span class='ocrx_word' id='word_1_474' title='bbox 423 4343 877 4415; x_wconf 64' lang='grc' dir='ltr'>αγοραζόμενον</span> <span class='ocrx_word' id='word_1_475' title='bbox 919 4352 1192 4418; x_wconf 84' lang='grc' dir='ltr'>τουτέστι,</span> <span class='ocrx_word' id='word_1_476' title='bbox 1247 4354 1457 4427; x_wconf 81' lang='grc' dir='ltr'>βραχὺς</span> <span class='ocrx_word' id='word_1_477' title='bbox 1503 4359 1531 4410; x_wconf 89' lang='lat'>6</span> <span class='ocrx_word' id='word_1_478' title='bbox 1567 4359 1757 4430; x_wconf 86' lang='grc' dir='ltr'>παρὼν</span> <span class='ocrx_word' id='word_1_479' title='bbox 1799 4362 2011 4433; x_wconf 86' lang='grc' dir='ltr'>καιρός.</span> 
     </span>
    </p>
   </div>
   <div class='ocr_carea' id='block_1_66' title="bbox 424 4429 2012 4519">
    <p class='ocr_par' dir='ltr' id='par_1_66' title="bbox 424 4429 2012 4519">
     <span class='ocr_line' id='line_1_66' title="bbox 424 4429 2012 4519; baseline 0.014 -36"><span class='ocrx_word' id='word_1_480' title='bbox 424 4429 609 4484; x_wconf 82' lang='grc' dir='ltr'>Ταῦτα</span> <span class='ocrx_word' id='word_1_481' title='bbox 625 4431 682 4486; x_wconf 80' lang='grc' dir='ltr'>δὲ</span> <span class='ocrx_word' id='word_1_482' title='bbox 709 4434 914 4503; x_wconf 76' lang='grc' dir='ltr'>ἔλεγεν.</span> <span class='ocrx_word' id='word_1_483' title='bbox 937 4439 998 4491; x_wconf 83' lang='grc' dir='ltr'>οὐ</span> <span class='ocrx_word' id='word_1_484' title='bbox 1027 4441 1306 4506; x_wconf 86' lang='grc' dir='ltr'>ποικίλους</span> <span class='ocrx_word' id='word_1_485' title='bbox 1335 4441 1476 4499; x_wconf 83' lang='grc' dir='ltr'>εἶναι</span> <span class='ocrx_word' id='word_1_486' title='bbox 1508 4429 1860 4519; x_wconf 82' lang='grc' dir='ltr'>βουλόμενος,</span> <span class='ocrx_word' id='word_1_487' title='bbox 1888 4451 2012 4504; x_wconf 80' lang='grc' dir='ltr'>οὐδὲ</span> 
     </span>
    </p>
   </div>
   <div class='ocr_carea' id='block_1_67' title="bbox 426 4517 2010 4604">
    <p class='ocr_par' dir='ltr' id='par_1_67' title="bbox 426 4517 2010 4604">
     <span class='ocr_line' id='line_1_67' title="bbox 426 4517 2010 4604; baseline 0.016 -35"><span class='ocrx_word' id='word_1_488' title='bbox 426 4517 770 4589; x_wconf 82' lang='grc' dir='ltr'>ὕποκριτάς’</span> <span class='ocrx_word' id='word_1_489' title='bbox 817 4525 978 4580; x_wconf 82' lang='grc' dir='ltr'>τοῦτο</span> <span class='ocrx_word' id='word_1_490' title='bbox 1032 4527 1142 4598; x_wconf 83' lang='grc' dir='ltr'>γὰρ</span> <span class='ocrx_word' id='word_1_491' title='bbox 1195 4530 1256 4583; x_wconf 81' lang='grc' dir='ltr'>οὐ</span> <span class='ocrx_word' id='word_1_492' title='bbox 1319 4533 1534 4604; x_wconf 86' lang='grc' dir='ltr'>σοφίας,</span> <span class='ocrx_word' id='word_1_493' title='bbox 1601 4533 1739 4591; x_wconf 86' lang='grc' dir='ltr'>ἁλλά</span> <span class='ocrx_word' id='word_1_494' title='bbox 1784 4539 2010 4604; x_wconf 75' lang='grc' dir='ltr'>ἀνοίαςο</span> 
     </span>
    </p>
   </div>
   <div class='ocr_carea' id='block_1_68' title="bbox 423 4605 2015 4697">
    <p class='ocr_par' dir='ltr' id='par_1_68' title="bbox 423 4605 2015 4697">
     <span class='ocr_line' id='line_1_68' title="bbox 423 4605 2015 4697; baseline 0.014 -39"><span class='ocrx_word' id='word_1_495' title='bbox 423 4605 560 4661; x_wconf 86' lang='grc' dir='ltr'>ἀλλά</span> <span class='ocrx_word' id='word_1_496' title='bbox 597 4608 649 4662; x_wconf 87' lang='grc' dir='ltr'>τί</span> <span class='ocrx_word' id='word_1_497' title='bbox 675 4626 688 4676; x_wconf 88' lang='grc'><strong>;</strong></span> <span class='ocrx_word' id='word_1_498' title='bbox 725 4610 813 4665; x_wconf 84' lang='grc' dir='ltr'>Ἑν</span> <span class='ocrx_word' id='word_1_499' title='bbox 842 4607 924 4676; x_wconf 77' lang='grc' dir='ltr'>οἷς</span> <span class='ocrx_word' id='word_1_500' title='bbox 957 4613 1031 4686; x_wconf 83' lang='grc' dir='ltr'>μὴ</span> <span class='ocrx_word' id='word_1_501' title='bbox 1063 4615 1382 4685; x_wconf 86' lang='grc' dir='ltr'>βλάπτουσι,</span> <span class='ocrx_word' id='word_1_502' title='bbox 1416 4623 1573 4692; x_wconf 78' lang='grc' dir='ltr'>φησὶ,</span> <span class='ocrx_word' id='word_1_503' title='bbox 1612 4625 1886 4697; x_wconf 86' lang='grc' dir='ltr'>μηδεμίαν</span> <span class='ocrx_word' id='word_1_504' title='bbox 1916 4628 2015 4681; x_wconf 80' lang='grc' dir='ltr'>αὐ-</span> 
     </span>
    </p>
   </div>
   <div class='ocr_carea' id='block_1_69' title="bbox 421 4697 2015 4787">
    <p class='ocr_par' dir='ltr' id='par_1_69' title="bbox 421 4697 2015 4787">
     <span class='ocr_line' id='line_1_69' title="bbox 421 4697 2015 4787; baseline 0.016 -40"><span class='ocrx_word' id='word_1_505' title='bbox 421 4697 558 4787; x_wconf 35' lang='grc' dir='ltr'>τοῖς-</span> <span class='ocrx_word' id='word_1_506' title='bbox 591 4697 763 4752; x_wconf 86' lang='grc' dir='ltr'>δίδοτε</span> <span class='ocrx_word' id='word_1_507' title='bbox 798 4700 970 4775; x_wconf 82' lang='grc' dir='ltr'>λαϐήν</span> <span class='ocrx_word' id='word_1_508' title='bbox 994 4720 1006 4732; x_wconf 90' lang='grc'><strong>·</strong></span> <span class='ocrx_word' id='word_1_509' title='bbox 1060 4704 1088 4757; x_wconf 80' lang='grc' dir='ltr'><strong>ὃ</strong></span> <span class='ocrx_word' id='word_1_510' title='bbox 1127 4707 1220 4759; x_wconf 75' lang='grc' dir='ltr'>καὶ</span> <span class='ocrx_word' id='word_1_511' title='bbox 1261 4709 1398 4781; x_wconf 78' lang='grc' dir='ltr'>πρὸς</span> <span class='ocrx_word' id='word_1_512' title='bbox 1425 4712 1732 4784; x_wconf 86' lang='grc' dir='ltr'>Ῥωμαίους</span> <span class='ocrx_word' id='word_1_513' title='bbox 1785 4717 2015 4787; x_wconf 83' lang='grc' dir='ltr'>γράφων</span> 
     </span>
    </p>
   </div>
   <div class='ocr_carea' id='block_1_70' title="bbox 424 4785 2016 4874">
    <p class='ocr_par' dir='ltr' id='par_1_70' title="bbox 424 4785 2016 4874">
     <span class='ocr_line' id='line_1_70' title="bbox 424 4785 2016 4874; baseline 0.016 -38"><span class='ocrx_word' id='word_1_514' title='bbox 424 4785 941 4874; x_wconf 13' lang='grc' dir='ltr'>φησίνογἈπόδοτε</span> <span class='ocrx_word' id='word_1_515' title='bbox 981 4793 1134 4848; x_wconf 81' lang='grc' dir='ltr'>πᾶσι</span> <span class='ocrx_word' id='word_1_516' title='bbox 1167 4796 1276 4862; x_wconf 85' lang='grc' dir='ltr'>τὰς</span> <span class='ocrx_word' id='word_1_517' title='bbox 1313 4801 1583 4867; x_wconf 66' lang='grc' dir='ltr'>όφειλὰς,</span> <span class='ocrx_word' id='word_1_518' title='bbox 1635 4801 1714 4868; x_wconf 82' lang='grc' dir='ltr'>τῷ</span> <span class='ocrx_word' id='word_1_519' title='bbox 1758 4785 1866 4858; x_wconf 70' lang='grc' dir='ltr'>τὸν</span> <span class='ocrx_word' id='word_1_520' title='bbox 1905 4785 2016 4874; x_wconf 52' lang='grc' dir='ltr'>ἐρό-</span> 
     </span>
    </p>
   </div>
   <div class='ocr_carea' id='block_1_71' title="bbox 416 4873 2014 4961">
    <p class='ocr_par' dir='ltr' id='par_1_71' title="bbox 416 4873 2014 4961">
     <span class='ocr_line' id='line_1_71' title="bbox 416 4873 2014 4961; baseline 0.016 -39"><span class='ocrx_word' id='word_1_521' title='bbox 416 4887 554 4941; x_wconf 81' lang='grc' dir='ltr'>ρον,</span> <span class='ocrx_word' id='word_1_522' title='bbox 587 4873 697 4926; x_wconf 81' lang='grc' dir='ltr'>τόν</span> <span class='ocrx_word' id='word_1_523' title='bbox 723 4878 914 4945; x_wconf 72' lang='grc' dir='ltr'>φόρον</span> <span class='ocrx_word' id='word_1_524' title='bbox 933 4896 948 4912; x_wconf 72' lang='grc' dir='ltr'>ο</span> <span class='ocrx_word' id='word_1_525' title='bbox 999 4881 1078 4936; x_wconf 88' lang='grc' dir='ltr'>τῶ</span> <span class='ocrx_word' id='word_1_526' title='bbox 1108 4883 1176 4938; x_wconf 89' lang='grc' dir='ltr'>τὸ</span> <span class='ocrx_word' id='word_1_527' title='bbox 1201 4884 1400 4952; x_wconf 80' lang='grc' dir='ltr'>τέλος,</span> <span class='ocrx_word' id='word_1_528' title='bbox 1439 4887 1506 4940; x_wconf 87' lang='grc' dir='ltr'>τὸ</span> <span class='ocrx_word' id='word_1_529' title='bbox 1540 4889 1738 4956; x_wconf 85' lang='grc' dir='ltr'>τέλος·</span> <span class='ocrx_word' id='word_1_530' title='bbox 1789 4890 1870 4957; x_wconf 84' lang='grc' dir='ltr'>τῷ</span> <span class='ocrx_word' id='word_1_531' title='bbox 1897 4873 2014 4961; x_wconf 82' lang='grc' dir='ltr'>τὴν</span> 
     </span>
    </p>
   </div>
   <div class='ocr_carea' id='block_1_72' title="bbox 420 4962 2012 5047">
    <p class='ocr_par' dir='ltr' id='par_1_72' title="bbox 420 4962 2012 5047">
     <span class='ocr_line' id='line_1_72' title="bbox 420 4962 2012 5047; baseline 0.015 -36"><span class='ocrx_word' id='word_1_532' title='bbox 420 4962 623 5030; x_wconf 81' lang='grc' dir='ltr'>τιμὴν,</span> <span class='ocrx_word' id='word_1_533' title='bbox 653 4964 771 5032; x_wconf 79' lang='grc' dir='ltr'>τὴν</span> <span class='ocrx_word' id='word_1_534' title='bbox 793 4967 990 5038; x_wconf 82' lang='grc' dir='ltr'>τιμήν.</span> <span class='ocrx_word' id='word_1_535' title='bbox 1020 4970 1120 5024; x_wconf 87' lang='grc' dir='ltr'>Διὰ</span> <span class='ocrx_word' id='word_1_536' title='bbox 1143 4970 1204 5025; x_wconf 79' lang='grc' dir='ltr'>τὸ</span> <span class='ocrx_word' id='word_1_537' title='bbox 1245 4974 1508 5046; x_wconf 84' lang='grc' dir='ltr'>κήρυγμα</span> <span class='ocrx_word' id='word_1_538' title='bbox 1542 4977 1707 5047; x_wconf 87' lang='grc' dir='ltr'>μόνον</span> <span class='ocrx_word' id='word_1_539' title='bbox 1745 4979 1886 5033; x_wconf 78' lang='grc' dir='ltr'>ἔστω</span> <span class='ocrx_word' id='word_1_540' title='bbox 1928 4997 2012 5034; x_wconf 89' lang='grc' dir='ltr'>σοι</span> 
     </span>
    </p>
   </div>
   <div class='ocr_carea' id='block_1_73' title="bbox 422 5049 2014 5137">
    <p class='ocr_par' dir='ltr' id='par_1_73' title="bbox 422 5049 2014 5137">
     <span class='ocr_line' id='line_1_73' title="bbox 422 5049 2014 5137; baseline 0.014 -37"><span class='ocrx_word' id='word_1_541' title='bbox 422 5049 682 5120; x_wconf 86' lang='grc' dir='ltr'>πόλεμος,</span> <span class='ocrx_word' id='word_1_542' title='bbox 734 5055 906 5124; x_wconf 81' lang='grc' dir='ltr'>φησί’</span> <span class='ocrx_word' id='word_1_543' title='bbox 945 5057 1219 5129; x_wconf 88' lang='grc' dir='ltr'>μηδεμίαν</span> <span class='ocrx_word' id='word_1_544' title='bbox 1268 5061 1462 5132; x_wconf 76' lang='grc' dir='ltr'>ἑτέραν</span> <span class='ocrx_word' id='word_1_545' title='bbox 1509 5066 1538 5117; x_wconf 89' lang='lat'>6</span> <span class='ocrx_word' id='word_1_546' title='bbox 1584 5066 1820 5137; x_wconf 89' lang='grc' dir='ltr'>πόλεμος</span> <span class='ocrx_word' id='word_1_547' title='bbox 1857 5061 2014 5133; x_wconf 81' lang='grc' dir='ltr'>οὗτος</span> 
     </span>
    </p>
   </div>
   <div class='ocr_carea' id='block_1_74' title="bbox 420 5137 2012 5221">
    <p class='ocr_par' dir='ltr' id='par_1_74' title="bbox 420 5137 2012 5221">
     <span class='ocr_line' id='line_1_74' title="bbox 420 5137 2012 5221; baseline 0.012 -32"><span class='ocrx_word' id='word_1_548' title='bbox 420 5137 597 5208; x_wconf 82' lang='grc' dir='ltr'>ἀρχὴν</span> <span class='ocrx_word' id='word_1_549' title='bbox 624 5137 972 5208; x_wconf 86' lang='grc' dir='ltr'>λαμϐανέτω.</span> <span class='ocrx_word' id='word_1_550' title='bbox 1007 5147 1071 5198; x_wconf 70' lang='lat' dir='ltr'>Ei</span> <span class='ocrx_word' id='word_1_551' title='bbox 1093 5148 1200 5220; x_wconf 80' lang='grc' dir='ltr'>γὰρ</span> <span class='ocrx_word' id='word_1_552' title='bbox 1233 5150 1479 5218; x_wconf 82' lang='grc' dir='ltr'>μέλλοιεν</span> <span class='ocrx_word' id='word_1_553' title='bbox 1509 5153 1640 5221; x_wconf 79' lang='grc' dir='ltr'>ἡμῖν</span> <span class='ocrx_word' id='word_1_554' title='bbox 1671 5154 1768 5207; x_wconf 73' lang='grc' dir='ltr'>καὶ</span> <span class='ocrx_word' id='word_1_555' title='bbox 1794 5155 1862 5208; x_wconf 78' lang='grc' dir='ltr'>δι’</span> <span class='ocrx_word' id='word_1_556' title='bbox 1891 5156 2012 5208; x_wconf 76' lang='grc' dir='ltr'>ἓτε-</span> 
     </span>
    </p>
   </div>
   <div class='ocr_carea' id='block_1_75' title="bbox 424 5227 2008 5310">
    <p class='ocr_par' dir='ltr' id='par_1_75' title="bbox 424 5227 2008 5310">
     <span class='ocr_line' id='line_1_75' title="bbox 424 5227 2008 5310; baseline 0.013 -34"><span class='ocrx_word' id='word_1_557' title='bbox 424 5241 492 5295; x_wconf 85' lang='grc' dir='ltr'>ρα</span> <span class='ocrx_word' id='word_1_558' title='bbox 523 5227 952 5298; x_wconf 85' lang='grc' dir='ltr'>ἀπεχθάνεσθαι,</span> <span class='ocrx_word' id='word_1_559' title='bbox 989 5232 1113 5288; x_wconf 75' lang='grc' dir='ltr'>οὔτε</span> <span class='ocrx_word' id='word_1_560' title='bbox 1143 5236 1334 5306; x_wconf 82' lang='grc' dir='ltr'>μισθὸς</span> <span class='ocrx_word' id='word_1_561' title='bbox 1364 5241 1496 5310; x_wconf 83' lang='grc' dir='ltr'>ἡμῖν</span> <span class='ocrx_word' id='word_1_562' title='bbox 1525 5240 1702 5306; x_wconf 79' lang='grc' dir='ltr'>ἔσται,</span> <span class='ocrx_word' id='word_1_563' title='bbox 1733 5243 1827 5296; x_wconf 71' lang='grc' dir='ltr'>καὶ</span> <span class='ocrx_word' id='word_1_564' title='bbox 1852 5243 2008 5297; x_wconf 80' lang='grc' dir='ltr'>αὐτοὶ</span> 
     </span>
    </p>
   </div>
   <div class='ocr_carea' id='block_1_76' title="bbox 421 5312 2005 5398">
    <p class='ocr_par' dir='ltr' id='par_1_76' title="bbox 421 5312 2005 5398">
     <span class='ocr_line' id='line_1_76' title="bbox 421 5312 2005 5398; baseline 0.014 -37"><span class='ocrx_word' id='word_1_565' title='bbox 421 5312 638 5398; x_wconf 72' lang='grc' dir='ltr'>χείρους</span> <span class='ocrx_word' id='word_1_566' title='bbox 662 5316 898 5384; x_wconf 77' lang='grc' dir='ltr'>ἔσονται,</span> <span class='ocrx_word' id='word_1_567' title='bbox 935 5321 1030 5373; x_wconf 79' lang='grc' dir='ltr'>καὶ</span> <span class='ocrx_word' id='word_1_568' title='bbox 1058 5321 1301 5389; x_wconf 83' lang='grc' dir='ltr'>δόξουσιν</span> <span class='ocrx_word' id='word_1_569' title='bbox 1325 5327 1458 5396; x_wconf 77' lang='grc' dir='ltr'>ἡμῖν</span> <span class='ocrx_word' id='word_1_570' title='bbox 1490 5327 1675 5382; x_wconf 77' lang='grc' dir='ltr'>δίκαια</span> <span class='ocrx_word' id='word_1_571' title='bbox 1720 5330 2005 5398; x_wconf 74' lang='grc' dir='ltr'>ὲγκαλεῖνο</span> 
     </span>
    </p>
   </div>
   <div class='ocr_carea' id='block_1_77' title="bbox 422 5391 2008 5488">
    <p class='ocr_par' dir='ltr' id='par_1_77' title="bbox 422 5391 2008 5488">
     <span class='ocr_line' id='line_1_77' title="bbox 422 5391 2008 5488; baseline 0.017 -40"><span class='ocrx_word' id='word_1_572' title='bbox 422 5391 532 5451; x_wconf 76' lang='grc' dir='ltr'>οἷον</span> <span class='ocrx_word' id='word_1_573' title='bbox 567 5400 636 5453; x_wconf 87' lang='grc' dir='ltr'>τά</span> <span class='ocrx_word' id='word_1_574' title='bbox 657 5403 964 5476; x_wconf 85' lang='grc' dir='ltr'>τελέσματα</span> <span class='ocrx_word' id='word_1_575' title='bbox 999 5407 1065 5462; x_wconf 83' lang='grc' dir='ltr'>ἂν</span> <span class='ocrx_word' id='word_1_576' title='bbox 1099 5412 1172 5480; x_wconf 83' lang='grc' dir='ltr'>μὴ</span> <span class='ocrx_word' id='word_1_577' title='bbox 1203 5391 1657 5486; x_wconf 68' lang='grc' dir='ltr'>καταϐάλλωμεν,</span> <span class='ocrx_word' id='word_1_578' title='bbox 1711 5391 1812 5481; x_wconf 76' lang='grc' dir='ltr'>τάς</span> <span class='ocrx_word' id='word_1_579' title='bbox 1838 5418 2008 5488; x_wconf 82' lang='grc' dir='ltr'>τιμὰς</span> 
     </span>
    </p>
   </div>
   <div class='ocr_carea' id='block_1_78' title="bbox 421 5487 2008 5576">
    <p class='ocr_par' dir='ltr' id='par_1_78' title="bbox 421 5487 2008 5576">
     <span class='ocr_line' id='line_1_78' title="bbox 421 5487 2008 5576; baseline 0.013 -37"><span class='ocrx_word' id='word_1_580' title='bbox 562 5494 957 5576; x_wconf 80' lang='grc' dir='ltr'>προσηκούσας</span> <span class='ocrx_word' id='word_1_581' title='bbox 1008 5497 1104 5551; x_wconf 75' lang='grc' dir='ltr'>ἐὰν</span> <span class='ocrx_word' id='word_1_582' title='bbox 1151 5501 1224 5570; x_wconf 83' lang='grc' dir='ltr'>μὴ</span> <span class='ocrx_word' id='word_1_583' title='bbox 1260 5502 1622 5574; x_wconf 83' lang='grc' dir='ltr'>ἀποδιδῶμεν,</span> <span class='ocrx_word' id='word_1_584' title='bbox 1656 5505 1722 5558; x_wconf 83' lang='grc' dir='ltr'>ἂν</span> <span class='ocrx_word' id='word_1_585' title='bbox 1753 5505 1828 5576; x_wconf 77' lang='grc' dir='ltr'>μὴ</span> <span class='ocrx_word' id='word_1_586' title='bbox 1855 5487 2008 5574; x_wconf 82' lang='grc' dir='ltr'>ὦμεν</span> 
     </span>
    </p>
   </div>
   <div class='ocr_carea' id='block_1_79' title="bbox 426 5569 2006 5663">
    <p class='ocr_par' dir='ltr' id='par_1_79' title="bbox 426 5569 2006 5663">
     <span class='ocr_line' id='line_1_79' title="bbox 426 5569 2006 5663; baseline 0.015 -39"><span class='ocrx_word' id='word_1_587' title='bbox 601 5583 860 5637; x_wconf 84' lang='grc' dir='ltr'>ταπεινοί.</span> <span class='ocrx_word' id='word_1_588' title='bbox 886 5584 999 5654; x_wconf 83' lang='grc' dir='ltr'>Οὐχ</span> <span class='ocrx_word' id='word_1_589' title='bbox 1016 5569 1161 5658; x_wconf 79' lang='grc' dir='ltr'>ὁρᾷς</span> <span class='ocrx_word' id='word_1_590' title='bbox 1175 5588 1409 5656; x_wconf 84' lang='grc' dir='ltr'>Παῦλον,</span> <span class='ocrx_word' id='word_1_591' title='bbox 1429 5569 1557 5644; x_wconf 80' lang='grc' dir='ltr'>ἔνθα</span> <span class='ocrx_word' id='word_1_592' title='bbox 1579 5569 2006 5663; x_wconf 33' lang='grc' dir='ltr'>μηδὲν-ἔϐλαπτε</span> 
     </span>
    </p>
   </div>
   <div class='ocr_carea' id='block_1_80' title="bbox 422 5661 2008 5754">
    <p class='ocr_par' dir='ltr' id='par_1_80' title="bbox 422 5661 2008 5754">
     <span class='ocr_line' id='line_1_80' title="bbox 422 5661 2008 5754; baseline 0.022 -44"><span class='ocrx_word' id='word_1_593' title='bbox 422 5661 794 5754; x_wconf 47' lang='grc' dir='ltr'>τδ-κῄρυγμα,</span> <span class='ocrx_word' id='word_1_594' title='bbox 828 5672 946 5736; x_wconf 86' lang='grc' dir='ltr'>πῶς</span> <span class='ocrx_word' id='word_1_595' title='bbox 989 5675 1106 5729; x_wconf 77' lang='grc' dir='ltr'>ἐστι</span> <span class='ocrx_word' id='word_1_596' title='bbox 1155 5679 1479 5749; x_wconf 84' lang='grc' dir='ltr'>καθυφιείς;</span> <span class='ocrx_word' id='word_1_597' title='bbox 1534 5661 1734 5736; x_wconf 78' lang='grc' dir='ltr'>’Ᾱκουε</span> <span class='ocrx_word' id='word_1_598' title='bbox 1763 5682 1871 5754; x_wconf 80' lang='grc' dir='ltr'>γὰρ</span> <span class='ocrx_word' id='word_1_599' title='bbox 1903 5684 2008 5738; x_wconf 65' lang='grc' dir='ltr'>αὖε·</span> 
     </span>
    </p>
   </div>
   <div class='ocr_carea' id='block_1_81' title="bbox 423 5749 2004 5844">
    <p class='ocr_par' dir='ltr' id='par_1_81' title="bbox 423 5749 2004 5844">
     <span class='ocr_line' id='line_1_81' title="bbox 423 5749 2004 5844; baseline 0.018 -43"><span class='ocrx_word' id='word_1_600' title='bbox 423 5749 516 5802; x_wconf 73' lang='grc' dir='ltr'>τοῦ</span> <span class='ocrx_word' id='word_1_601' title='bbox 547 5752 792 5823; x_wconf 86' lang='grc' dir='ltr'>λέγοντος</span> <span class='ocrx_word' id='word_1_602' title='bbox 821 5761 958 5832; x_wconf 68' lang='grc' dir='ltr'>πρός</span> <span class='ocrx_word' id='word_1_603' title='bbox 990 5763 1080 5819; x_wconf 72' lang='grc' dir='ltr'>τὸν</span> <span class='ocrx_word' id='word_1_604' title='bbox 1114 5766 1449 5838; x_wconf 69' lang='grc' dir='ltr'>Ἀγρίππαν⁸</span> <span class='ocrx_word' id='word_1_605' title='bbox 1487 5749 1800 5842; x_wconf 76' lang='grc' dir='ltr'>Μακάρων</span> <span class='ocrx_word' id='word_1_606' title='bbox 1824 5749 2004 5844; x_wconf 63' lang='grc' dir='ltr'>ἐμου-</span> 
     </span>
    </p>
   </div>
   <div class='ocr_carea' id='block_1_82' title="bbox 2124 2763 3713 2847">
    <p class='ocr_par' dir='ltr' id='par_1_82' title="bbox 2124 2763 3713 2847">
     <span class='ocr_line' id='line_1_82' title="bbox 2124 2763 3713 2847; baseline 0.008 -29"><span class='ocrx_word' id='word_1_607' title='bbox 2124 2763 2232 2820; x_wconf 80' lang='grc' dir='ltr'>τὸν</span> <span class='ocrx_word' id='word_1_608' title='bbox 2265 2765 2488 2837; x_wconf 78' lang='grc' dir='ltr'>ἥγημαι</span> <span class='ocrx_word' id='word_1_609' title='bbox 2520 2783 2618 2823; x_wconf 83' lang='grc' dir='ltr'>επι</span> <span class='ocrx_word' id='word_1_610' title='bbox 2652 2770 2770 2825; x_wconf 85' lang='grc' dir='ltr'>σοῦ</span> <span class='ocrx_word' id='word_1_611' title='bbox 2797 2770 3040 2841; x_wconf 82' lang='grc' dir='ltr'>μέλλων</span> <span class='ocrx_word' id='word_1_612' title='bbox 3067 2772 3497 2844; x_wconf 75' lang='grc' dir='ltr'>ἀπολογεῖσθαι</span> <span class='ocrx_word' id='word_1_613' title='bbox 3527 2777 3713 2847; x_wconf 78' lang='grc' dir='ltr'>σήμε-</span> 
     </span>
    </p>
   </div>
   <div class='ocr_carea' id='block_1_83' title="bbox 2115 2855 3713 2928">
    <p class='ocr_par' dir='ltr' id='par_1_83' title="bbox 2115 2855 3713 2928">
     <span class='ocr_line' id='line_1_83' title="bbox 2115 2855 3713 2928; baseline 0.009 -22"><span class='ocrx_word' id='word_1_614' title='bbox 2115 2870 2252 2919; x_wconf 88' lang='grc' dir='ltr'>ρον,</span> <span class='ocrx_word' id='word_1_615' title='bbox 2298 2855 2566 2920; x_wconf 81' lang='grc' dir='ltr'>μάλιστα</span> <span class='ocrx_word' id='word_1_616' title='bbox 2616 2857 2899 2928; x_wconf 73' lang='grc' dir='ltr'>γνώστην</span> <span class='ocrx_word' id='word_1_617' title='bbox 2925 2875 2998 2913; x_wconf 88' lang='grc' dir='ltr'>σε</span> <span class='ocrx_word' id='word_1_618' title='bbox 3024 2859 3169 2914; x_wconf 83' lang='grc' dir='ltr'>ὄντα</span> <span class='ocrx_word' id='word_1_619' title='bbox 3208 2861 3329 2915; x_wconf 88' lang='grc' dir='ltr'>τῶν</span> <span class='ocrx_word' id='word_1_620' title='bbox 3383 2866 3534 2918; x_wconf 84' lang='grc' dir='ltr'>κατὰ</span> <span class='ocrx_word' id='word_1_621' title='bbox 3566 2866 3713 2920; x_wconf 82' lang='grc' dir='ltr'>Ἰου-</span> 
     </span>
    </p>
   </div>
   <div class='ocr_carea' id='block_1_84' title="bbox 2123 2940 3710 3024">
    <p class='ocr_par' dir='ltr' id='par_1_84' title="bbox 2123 2940 3710 3024">
     <span class='ocr_line' id='line_1_84' title="bbox 2123 2940 3710 3024; baseline 0.008 -31"><span class='ocrx_word' id='word_1_622' title='bbox 2123 2940 2335 3009; x_wconf 83' lang='grc' dir='ltr'>δαίους</span> <span class='ocrx_word' id='word_1_623' title='bbox 2391 2943 2548 2999; x_wconf 80' lang='grc' dir='ltr'>ἐθῶν</span> <span class='ocrx_word' id='word_1_624' title='bbox 2611 2963 2676 3000; x_wconf 88' lang='grc' dir='ltr'>τε</span> <span class='ocrx_word' id='word_1_625' title='bbox 2729 2947 2829 3000; x_wconf 77' lang='grc' dir='ltr'>καί</span> <span class='ocrx_word' id='word_1_626' title='bbox 2861 2945 3227 3018; x_wconf 80' lang='grc' dir='ltr'>ζητημάτων.</span> <span class='ocrx_word' id='word_1_627' title='bbox 3267 2948 3330 3002; x_wconf 81' lang='grc' dir='ltr'>Εἰ</span> <span class='ocrx_word' id='word_1_628' title='bbox 3382 2950 3438 3004; x_wconf 85' lang='grc' dir='ltr'>δὲ</span> <span class='ocrx_word' id='word_1_629' title='bbox 3493 2952 3710 3024; x_wconf 75' lang='grc' dir='ltr'>ἐνόμιζε</span> 
     </span>
    </p>
   </div>
   <div class='ocr_carea' id='block_1_85' title="bbox 2120 3027 3708 3112">
    <p class='ocr_par' dir='ltr' id='par_1_85' title="bbox 2120 3027 3708 3112">
     <span class='ocr_line' id='line_1_85' title="bbox 2120 3027 3708 3112; baseline 0.009 -31"><span class='ocrx_word' id='word_1_630' title='bbox 2120 3027 2233 3082; x_wconf 76' lang='grc' dir='ltr'>δεῖν</span> <span class='ocrx_word' id='word_1_631' title='bbox 2284 3030 2529 3104; x_wconf 77' lang='grc' dir='ltr'>ὑϐρίζειν</span> <span class='ocrx_word' id='word_1_632' title='bbox 2578 3033 2670 3087; x_wconf 79' lang='grc' dir='ltr'>τὸν</span> <span class='ocrx_word' id='word_1_633' title='bbox 2715 3035 2972 3106; x_wconf 82' lang='grc' dir='ltr'>ἄρχοντα,</span> <span class='ocrx_word' id='word_1_634' title='bbox 3026 3035 3206 3089; x_wconf 88' lang='grc' dir='ltr'>πάντα</span> <span class='ocrx_word' id='word_1_635' title='bbox 3268 3036 3336 3090; x_wconf 84' lang='grc' dir='ltr'>ἀν</span> <span class='ocrx_word' id='word_1_636' title='bbox 3388 3039 3708 3112; x_wconf 78' lang='grc' dir='ltr'>ἀνέτρεψεν.</span> 
     </span>
    </p>
   </div>
   <div class='ocr_carea' id='block_1_86' title="bbox 2127 3117 3710 3200">
    <p class='ocr_par' dir='ltr' id='par_1_86' title="bbox 2127 3117 3710 3200">
     <span class='ocr_line' id='line_1_86' title="bbox 2127 3117 3710 3200; baseline 0.008 -31"><span class='ocrx_word' id='word_1_637' title='bbox 2127 3117 2326 3171; x_wconf 84' lang='grc' dir='ltr'>Ἀκουε</span> <span class='ocrx_word' id='word_1_638' title='bbox 2358 3118 2416 3172; x_wconf 81' lang='grc' dir='ltr'>δὲ</span> <span class='ocrx_word' id='word_1_639' title='bbox 2449 3121 2545 3174; x_wconf 75' lang='grc' dir='ltr'>καὶ</span> <span class='ocrx_word' id='word_1_640' title='bbox 2586 3122 2695 3174; x_wconf 88' lang='grc' dir='ltr'>τῶν</span> <span class='ocrx_word' id='word_1_641' title='bbox 2725 3123 2854 3193; x_wconf 79' lang='grc' dir='ltr'>περὶ</span> <span class='ocrx_word' id='word_1_642' title='bbox 2884 3121 2975 3175; x_wconf 76' lang='grc' dir='ltr'>τὸν</span> <span class='ocrx_word' id='word_1_643' title='bbox 3019 3124 3289 3195; x_wconf 87' lang='grc' dir='ltr'>μακάριον</span> <span class='ocrx_word' id='word_1_644' title='bbox 3332 3127 3560 3200; x_wconf 87' lang='grc' dir='ltr'>Πέτρον,</span> <span class='ocrx_word' id='word_1_645' title='bbox 3591 3129 3710 3193; x_wconf 85' lang='grc' dir='ltr'>πῶς</span> 
     </span>
    </p>
   </div>
   <div class='ocr_carea' id='block_1_87' title="bbox 2123 3206 3706 3287">
    <p class='ocr_par' dir='ltr' id='par_1_87' title="bbox 2123 3206 3706 3287">
     <span class='ocr_line' id='line_1_87' title="bbox 2123 3206 3706 3287; baseline 0.009 -30"><span class='ocrx_word' id='word_1_646' title='bbox 2123 3206 2385 3272; x_wconf 74' lang='grc' dir='ltr'>ἐπιεικῶς</span> <span class='ocrx_word' id='word_1_647' title='bbox 2452 3211 2849 3280; x_wconf 86' lang='grc' dir='ltr'>ἀποκρίνονται</span> <span class='ocrx_word' id='word_1_648' title='bbox 2910 3213 3026 3278; x_wconf 87' lang='grc' dir='ltr'>τοῖς</span> <span class='ocrx_word' id='word_1_649' title='bbox 3083 3213 3362 3278; x_wconf 82' lang='grc' dir='ltr'>Ἰουδαίοις</span> <span class='ocrx_word' id='word_1_650' title='bbox 3428 3215 3706 3287; x_wconf 86' lang='grc' dir='ltr'>λέγοντες·</span> 
     </span>
    </p>
   </div>
   <div class='ocr_carea' id='block_1_88' title="bbox 2122 3296 3712 3370">
    <p class='ocr_par' dir='ltr' id='par_1_88' title="bbox 2122 3296 3712 3370">
     <span class='ocr_line' id='line_1_88' title="bbox 2122 3296 3712 3370; baseline 0.009 -23"><span class='ocrx_word' id='word_1_651' title='bbox 2122 3297 2473 3365; x_wconf 82' lang='grc' dir='ltr'>Πειθαρχεῖν</span> <span class='ocrx_word' id='word_1_652' title='bbox 2501 3296 2598 3351; x_wconf 81' lang='grc' dir='ltr'>δεῖ</span> <span class='ocrx_word' id='word_1_653' title='bbox 2619 3297 2742 3363; x_wconf 85' lang='grc' dir='ltr'>Θεῷ</span> <span class='ocrx_word' id='word_1_654' title='bbox 2764 3298 3032 3368; x_wconf 78' lang='grc' dir='ltr'>μᾶλλον,</span> <span class='ocrx_word' id='word_1_655' title='bbox 3061 3299 3099 3370; x_wconf 76' lang='grc' dir='ltr'><strong>ἢ</strong></span> <span class='ocrx_word' id='word_1_656' title='bbox 3129 3301 3484 3370; x_wconf 78' lang='grc' dir='ltr'>ἀνθρώποις.</span> <span class='ocrx_word' id='word_1_657' title='bbox 3516 3307 3712 3362; x_wconf 82' lang='grc' dir='ltr'>Καίτοι</span> 
     </span>
    </p>
   </div>
   <div class='ocr_carea' id='block_1_89' title="bbox 2119 3382 3712 3460">
    <p class='ocr_par' dir='ltr' id='par_1_89' title="bbox 2119 3382 3712 3460">
     <span class='ocr_line' id='line_1_89' title="bbox 2119 3382 3712 3460; baseline 0.009 -26"><span class='ocrx_word' id='word_1_658' title='bbox 2119 3398 2184 3451; x_wconf 90' lang='grc' dir='ltr'>γε</span> <span class='ocrx_word' id='word_1_659' title='bbox 2209 3382 2484 3456; x_wconf 85' lang='grc' dir='ltr'>ἄνθρωποι</span> <span class='ocrx_word' id='word_1_660' title='bbox 2534 3387 2634 3456; x_wconf 80' lang='grc' dir='ltr'>τῆς</span> <span class='ocrx_word' id='word_1_661' title='bbox 2687 3387 2898 3442; x_wconf 85' lang='grc' dir='ltr'>ἑαυτῶν</span> <span class='ocrx_word' id='word_1_662' title='bbox 2929 3389 3108 3460; x_wconf 75' lang='grc' dir='ltr'>ψυχῆς</span> <span class='ocrx_word' id='word_1_663' title='bbox 3152 3391 3555 3458; x_wconf 87' lang='grc' dir='ltr'>ἀπεγνωκότες,</span> <span class='ocrx_word' id='word_1_664' title='bbox 3615 3393 3712 3448; x_wconf 74' lang='grc' dir='ltr'>καὶ</span> 
     </span>
    </p>
   </div>
   <div class='ocr_carea' id='block_1_90' title="bbox 2121 3469 3708 3548">
    <p class='ocr_par' dir='ltr' id='par_1_90' title="bbox 2121 3469 3708 3548">
     <span class='ocr_line' id='line_1_90' title="bbox 2121 3469 3708 3548; baseline 0.008 -26"><span class='ocrx_word' id='word_1_665' title='bbox 2121 3469 2366 3542; x_wconf 79' lang='grc' dir='ltr'>ὑϐρίζειν</span> <span class='ocrx_word' id='word_1_666' title='bbox 2411 3473 2507 3526; x_wconf 76' lang='grc' dir='ltr'>καὶ</span> <span class='ocrx_word' id='word_1_667' title='bbox 2555 3474 2665 3528; x_wconf 80' lang='grc' dir='ltr'>πᾶν</span> <span class='ocrx_word' id='word_1_668' title='bbox 2696 3475 2876 3530; x_wconf 81' lang='grc' dir='ltr'>ὁτιοῦν</span> <span class='ocrx_word' id='word_1_669' title='bbox 2912 3479 3085 3530; x_wconf 88' lang='grc' dir='ltr'>ποιεῖν</span> <span class='ocrx_word' id='word_1_670' title='bbox 3115 3477 3405 3548; x_wconf 75' lang='grc' dir='ltr'>ἠδύναντοο</span> <span class='ocrx_word' id='word_1_671' title='bbox 3455 3480 3592 3535; x_wconf 85' lang='grc' dir='ltr'>ἀλλά</span> <span class='ocrx_word' id='word_1_672' title='bbox 3619 3481 3708 3542; x_wconf 69' lang='grc' dir='ltr'>διὰ</span> 
     </span>
    </p>
   </div>
   <div class='ocr_carea' id='block_1_91' title="bbox 2117 3558 3707 3638">
    <p class='ocr_par' dir='ltr' id='par_1_91' title="bbox 2117 3558 3707 3638">
     <span class='ocr_line' id='line_1_91' title="bbox 2117 3558 3707 3638; baseline 0.006 -27"><span class='ocrx_word' id='word_1_673' title='bbox 2117 3558 2277 3612; x_wconf 87' lang='grc' dir='ltr'>τοῦτο</span> <span class='ocrx_word' id='word_1_674' title='bbox 2324 3561 2654 3630; x_wconf 82' lang='grc' dir='ltr'>ἀπέγνωσαν</span> <span class='ocrx_word' id='word_1_675' title='bbox 2712 3563 2814 3634; x_wconf 80' lang='grc' dir='ltr'>τῆς</span> <span class='ocrx_word' id='word_1_676' title='bbox 2864 3563 3064 3635; x_wconf 79' lang='grc' dir='ltr'>ψυχῆς,</span> <span class='ocrx_word' id='word_1_677' title='bbox 3124 3565 3214 3620; x_wconf 79' lang='grc' dir='ltr'>ἵνα</span> <span class='ocrx_word' id='word_1_678' title='bbox 3259 3565 3334 3638; x_wconf 78' lang='grc' dir='ltr'>μὴ</span> <span class='ocrx_word' id='word_1_679' title='bbox 3387 3567 3707 3636; x_wconf 86' lang='grc' dir='ltr'>κενοδοξῶσι</span> 
     </span>
    </p>
   </div>
   <div class='ocr_carea' id='block_1_92' title="bbox 2121 3642 3706 3727">
    <p class='ocr_par' dir='ltr' id='par_1_92' title="bbox 2121 3642 3706 3727">
     <span class='ocr_line' id='line_1_92' title="bbox 2121 3642 3706 3727; baseline 0.009 -32"><span class='ocrx_word' id='word_1_680' title='bbox 2121 3642 2453 3713; x_wconf 85' lang='grc' dir='ltr'>(κενοδοξίας</span> <span class='ocrx_word' id='word_1_681' title='bbox 2481 3648 2593 3718; x_wconf 84' lang='grc' dir='ltr'>γὰρ</span> <span class='ocrx_word' id='word_1_682' title='bbox 2619 3647 2779 3702; x_wconf 86' lang='grc' dir='ltr'>τοῦτό</span> <span class='ocrx_word' id='word_1_683' title='bbox 2823 3652 3018 3722; x_wconf 82' lang='grc' dir='ltr'>ἐστιν),</span> <span class='ocrx_word' id='word_1_684' title='bbox 3068 3651 3184 3707; x_wconf 80' lang='grc' dir='ltr'>ἀλλ’</span> <span class='ocrx_word' id='word_1_685' title='bbox 3225 3654 3313 3708; x_wconf 87' lang='grc' dir='ltr'>ἴνα</span> <span class='ocrx_word' id='word_1_686' title='bbox 3363 3655 3706 3727; x_wconf 86' lang='grc' dir='ltr'>κηρύσσωσι,</span> 
     </span>
    </p>
   </div>
   <div class='ocr_carea' id='block_1_93' title="bbox 2120 3731 3710 3810">
    <p class='ocr_par' dir='ltr' id='par_1_93' title="bbox 2120 3731 3710 3810">
     <span class='ocr_line' id='line_1_93' title="bbox 2120 3731 3710 3810; baseline 0.008 -25"><span class='ocrx_word' id='word_1_687' title='bbox 2120 3731 2214 3785; x_wconf 68' lang='grc' dir='ltr'>καὶ</span> <span class='ocrx_word' id='word_1_688' title='bbox 2248 3731 2333 3785; x_wconf 76' lang='grc' dir='ltr'>ἵνα</span> <span class='ocrx_word' id='word_1_689' title='bbox 2365 3734 2504 3803; x_wconf 83' lang='grc' dir='ltr'>μετὰ</span> <span class='ocrx_word' id='word_1_690' title='bbox 2531 3737 2849 3808; x_wconf 77' lang='grc' dir='ltr'>παρρησίας</span> <span class='ocrx_word' id='word_1_691' title='bbox 2889 3739 3069 3794; x_wconf 82' lang='grc' dir='ltr'>πάντα</span> <span class='ocrx_word' id='word_1_692' title='bbox 3101 3738 3491 3810; x_wconf 84' lang='grc' dir='ltr'>φθέγγωνται·</span> <span class='ocrx_word' id='word_1_693' title='bbox 3531 3745 3710 3798; x_wconf 75' lang='grc' dir='ltr'>ἐκεῖνο</span> 
     </span>
    </p>
   </div>
   <div class='ocr_carea' id='block_1_94' title="bbox 2116 3818 3708 3901">
    <p class='ocr_par' dir='ltr' id='par_1_94' title="bbox 2116 3818 3708 3901">
     <span class='ocr_line' id='line_1_94' title="bbox 2116 3818 3708 3901; baseline 0.009 -28"><span class='ocrx_word' id='word_1_694' title='bbox 2116 3818 2176 3874; x_wconf 80' lang='grc' dir='ltr'>δὲ</span> <span class='ocrx_word' id='word_1_695' title='bbox 2205 3822 2473 3892; x_wconf 81' lang='grc' dir='ltr'>ἀμετρίας</span> <span class='ocrx_word' id='word_1_696' title='bbox 2504 3825 2673 3878; x_wconf 84' lang='grc' dir='ltr'>ἐστίν·</span> <span class='ocrx_word' id='word_1_697' title='bbox 2714 3825 2776 3879; x_wconf 86' lang='lat'>&#39;0</span> <span class='ocrx_word' id='word_1_698' title='bbox 2809 3829 2993 3898; x_wconf 77' lang='grc' dir='ltr'>λόγος</span> <span class='ocrx_word' id='word_1_699' title='bbox 3025 3830 3194 3900; x_wconf 84' lang='grc' dir='ltr'>ὑμῶν</span> <span class='ocrx_word' id='word_1_700' title='bbox 3226 3830 3486 3886; x_wconf 81' lang='grc' dir='ltr'>πάντοτε</span> <span class='ocrx_word' id='word_1_701' title='bbox 3515 3832 3586 3887; x_wconf 86' lang='grc' dir='ltr'>ἐν</span> <span class='ocrx_word' id='word_1_702' title='bbox 3603 3832 3708 3901; x_wconf 75' lang='grc' dir='ltr'>χὰ-</span> 
     </span>
    </p>
   </div>
   <div class='ocr_carea' id='block_1_95' title="bbox 2110 3910 3708 3990">
    <p class='ocr_par' dir='ltr' id='par_1_95' title="bbox 2110 3910 3708 3990">
     <span class='ocr_line' id='line_1_95' title="bbox 2110 3910 3708 3990; baseline 0.006 -28"><span class='ocrx_word' id='word_1_703' title='bbox 2110 3925 2253 3978; x_wconf 89' lang='grc' dir='ltr'>ριτι,</span> <span class='ocrx_word' id='word_1_704' title='bbox 2285 3910 2464 3966; x_wconf 81' lang='grc' dir='ltr'>ἅλατι</span> <span class='ocrx_word' id='word_1_705' title='bbox 2490 3912 2824 3982; x_wconf 74' lang='grc' dir='ltr'>ἠρτυμένος</span> <span class='ocrx_word' id='word_1_706' title='bbox 2844 3932 2858 3946; x_wconf 93' lang='grc'><strong>·</strong></span> <span class='ocrx_word' id='word_1_707' title='bbox 2890 3917 3158 3983; x_wconf 84' lang='grc' dir='ltr'>τουτέστι,</span> <span class='ocrx_word' id='word_1_708' title='bbox 3187 3918 3262 3990; x_wconf 78' lang='grc' dir='ltr'>μὴ</span> <span class='ocrx_word' id='word_1_709' title='bbox 3285 3924 3363 3984; x_wconf 82' lang='grc' dir='ltr'>εἰς</span> <span class='ocrx_word' id='word_1_710' title='bbox 3384 3919 3708 3990; x_wconf 83' lang='grc' dir='ltr'>ἀδιαφορίαν</span> 
     </span>
    </p>
   </div>
   <div class='ocr_carea' id='block_1_96' title="bbox 2116 3996 3703 4078">
    <p class='ocr_par' dir='ltr' id='par_1_96' title="bbox 2116 3996 3703 4078">
     <span class='ocr_line' id='line_1_96' title="bbox 2116 3996 3703 4078; baseline 0.006 -29"><span class='ocrx_word' id='word_1_711' title='bbox 2116 3996 2180 4050; x_wconf 80' lang='grc' dir='ltr'>τὸ</span> <span class='ocrx_word' id='word_1_712' title='bbox 2207 3998 2397 4068; x_wconf 86' lang='grc' dir='ltr'>χαρίεν</span> <span class='ocrx_word' id='word_1_713' title='bbox 2425 3999 2664 4072; x_wconf 80' lang='grc' dir='ltr'>ἐκπίπτῃ</span> <span class='ocrx_word' id='word_1_714' title='bbox 2714 4013 2763 4054; x_wconf 77' lang='grc' dir='ltr'>ι.</span> <span class='ocrx_word' id='word_1_715' title='bbox 2787 4003 2908 4056; x_wconf 86' lang='grc' dir='ltr'>Ἔνι</span> <span class='ocrx_word' id='word_1_716' title='bbox 2959 4003 3070 4076; x_wconf 82' lang='grc' dir='ltr'>γὰρ</span> <span class='ocrx_word' id='word_1_717' title='bbox 3102 4006 3199 4058; x_wconf 80' lang='grc' dir='ltr'>καὶ</span> <span class='ocrx_word' id='word_1_718' title='bbox 3240 4004 3703 4078; x_wconf 82' lang='grc' dir='ltr'>χαριεντίζεσθαι,</span> 
     </span>
    </p>
   </div>
   <div class='ocr_carea' id='block_1_97' title="bbox 2118 4085 3706 4167">
    <p class='ocr_par' dir='ltr' id='par_1_97' title="bbox 2118 4085 3706 4167">
     <span class='ocr_line' id='line_1_97' title="bbox 2118 4085 3706 4167; baseline 0.008 -29"><span class='ocrx_word' id='word_1_719' title='bbox 2118 4085 2199 4140; x_wconf 82' lang='grc' dir='ltr'>ενι</span> <span class='ocrx_word' id='word_1_720' title='bbox 2251 4088 2348 4141; x_wconf 70' lang='grc' dir='ltr'>καὶ</span> <span class='ocrx_word' id='word_1_721' title='bbox 2404 4090 2544 4159; x_wconf 88' lang='grc' dir='ltr'>μετά</span> <span class='ocrx_word' id='word_1_722' title='bbox 2575 4091 2676 4160; x_wconf 84' lang='grc' dir='ltr'>τῆς</span> <span class='ocrx_word' id='word_1_723' title='bbox 2721 4094 3110 4166; x_wconf 81' lang='grc' dir='ltr'>προσηκούσης</span> <span class='ocrx_word' id='word_1_724' title='bbox 3139 4096 3505 4167; x_wconf 88' lang='grc' dir='ltr'>κοσμιότητος</span> <span class='ocrx_word' id='word_1_725' title='bbox 3547 4097 3706 4151; x_wconf 81' lang='grc' dir='ltr'>τοῦτο</span> 
     </span>
    </p>
   </div>
   <div class='ocr_carea' id='block_1_98' title="bbox 2117 4175 3707 4252">
    <p class='ocr_par' dir='ltr' id='par_1_98' title="bbox 2117 4175 3707 4252">
     <span class='ocr_line' id='line_1_98' title="bbox 2117 4175 3707 4252; baseline 0.006 -26"><span class='ocrx_word' id='word_1_726' title='bbox 2117 4175 2313 4230; x_wconf 86' lang='grc' dir='ltr'>ποιεῖν.</span> <span class='ocrx_word' id='word_1_727' title='bbox 2342 4177 2585 4231; x_wconf 84' lang='grc' dir='ltr'>Εὶδέναι</span> <span class='ocrx_word' id='word_1_728' title='bbox 2613 4179 2738 4246; x_wconf 82' lang='grc' dir='ltr'>πῶς</span> <span class='ocrx_word' id='word_1_729' title='bbox 2769 4179 2866 4234; x_wconf 90' lang='grc' dir='ltr'>δεῖ</span> <span class='ocrx_word' id='word_1_730' title='bbox 2885 4181 3042 4251; x_wconf 82' lang='grc' dir='ltr'>ὑμᾶς</span> <span class='ocrx_word' id='word_1_731' title='bbox 3067 4181 3159 4236; x_wconf 80' lang='grc' dir='ltr'>ἐνί</span> <span class='ocrx_word' id='word_1_732' title='bbox 3187 4181 3427 4250; x_wconf 76' lang='grc' dir='ltr'>ἑκάστῳ</span> <span class='ocrx_word' id='word_1_733' title='bbox 3457 4183 3707 4252; x_wconf 81' lang='grc' dir='ltr'>ἀποκρί-</span> 
     </span>
    </p>
   </div>
   <div class='ocr_carea' id='block_1_99' title="bbox 2115 4264 3704 4344">
    <p class='ocr_par' dir='ltr' id='par_1_99' title="bbox 2115 4264 3704 4344">
     <span class='ocr_line' id='line_1_99' title="bbox 2115 4264 3704 4344; baseline 0.007 -29"><span class='ocrx_word' id='word_1_734' title='bbox 2115 4266 2348 4317; x_wconf 82' lang='grc' dir='ltr'>νεσθαι.</span> <span class='ocrx_word' id='word_1_735' title='bbox 2383 4264 2546 4318; x_wconf 83' lang='grc' dir='ltr'>’Ὥστε</span> <span class='ocrx_word' id='word_1_736' title='bbox 2600 4267 2698 4337; x_wconf 78' lang='grc' dir='ltr'>οὐχ</span> <span class='ocrx_word' id='word_1_737' title='bbox 2739 4269 2942 4339; x_wconf 86' lang='grc' dir='ltr'>ὁμοίως</span> <span class='ocrx_word' id='word_1_738' title='bbox 2995 4271 3130 4324; x_wconf 85' lang='grc' dir='ltr'>πᾶσι</span> <span class='ocrx_word' id='word_1_739' title='bbox 3170 4270 3519 4341; x_wconf 85' lang='grc' dir='ltr'>διαλέγεσθαι</span> <span class='ocrx_word' id='word_1_740' title='bbox 3573 4272 3704 4344; x_wconf 71' lang='grc' dir='ltr'>χρὴ,</span> 
     </span>
    </p>
   </div>
   <div class='ocr_carea' id='block_1_100' title="bbox 2119 4350 3706 4429">
    <p class='ocr_par' dir='ltr' id='par_1_100' title="bbox 2119 4350 3706 4429">
     <span class='ocr_line' id='line_1_100' title="bbox 2119 4350 3706 4429; baseline 0.006 -25"><span class='ocrx_word' id='word_1_741' title='bbox 2119 4350 2344 4422; x_wconf 87' lang='grc' dir='ltr'>Ἕλλησι</span> <span class='ocrx_word' id='word_1_742' title='bbox 2379 4352 2524 4422; x_wconf 86' lang='grc' dir='ltr'>λέγω</span> <span class='ocrx_word' id='word_1_743' title='bbox 2571 4355 2666 4408; x_wconf 71' lang='grc' dir='ltr'>καὶ</span> <span class='ocrx_word' id='word_1_744' title='bbox 2721 4356 2992 4428; x_wconf 87' lang='grc' dir='ltr'>ἀδελφοῖς.</span> <span class='ocrx_word' id='word_1_745' title='bbox 3048 4357 3352 4429; x_wconf 83' lang='grc' dir='ltr'>Οὐδαμῶς·</span> <span class='ocrx_word' id='word_1_746' title='bbox 3391 4361 3513 4412; x_wconf 75' lang='grc' dir='ltr'>ἐπεὶ</span> <span class='ocrx_word' id='word_1_747' title='bbox 3545 4359 3706 4413; x_wconf 87' lang='grc' dir='ltr'>τοῦτο</span> 
     </span>
    </p>
   </div>
   <div class='ocr_carea' id='block_1_101' title="bbox 2115 4441 3706 4517">
    <p class='ocr_par' dir='ltr' id='par_1_101' title="bbox 2115 4441 3706 4517">
     <span class='ocr_line' id='line_1_101' title="bbox 2115 4441 3706 4517; baseline 0.005 -25"><span class='ocrx_word' id='word_1_748' title='bbox 2115 4441 2216 4510; x_wconf 81' lang='grc' dir='ltr'>τῆς</span> <span class='ocrx_word' id='word_1_749' title='bbox 2249 4441 2486 4511; x_wconf 77' lang='grc' dir='ltr'>ἐσχάτης</span> <span class='ocrx_word' id='word_1_750' title='bbox 2514 4443 2697 4507; x_wconf 84' lang='grc' dir='ltr'>ἀνοίας</span> <span class='ocrx_word' id='word_1_751' title='bbox 2729 4445 2867 4500; x_wconf 81' lang='grc' dir='ltr'>ἐστί.</span> <span class='ocrx_word' id='word_1_752' title='bbox 2914 4445 2989 4500; x_wconf 85' lang='grc' dir='ltr'>Τὰ</span> <span class='ocrx_word' id='word_1_753' title='bbox 3026 4448 3156 4501; x_wconf 84' lang='grc' dir='ltr'>κατ’</span> <span class='ocrx_word' id='word_1_754' title='bbox 3190 4447 3296 4517; x_wconf 82' lang='grc' dir='ltr'>ἐμὲ</span> <span class='ocrx_word' id='word_1_755' title='bbox 3323 4446 3520 4502; x_wconf 79' lang='grc' dir='ltr'>πάντα</span> <span class='ocrx_word' id='word_1_756' title='bbox 3552 4465 3706 4517; x_wconf 72' lang='grc' dir='ltr'>γνω-</span> 
     </span>
    </p>
   </div>
   <div class='ocr_carea' id='block_1_102' title="bbox 2108 4527 3706 4605">
    <p class='ocr_par' dir='ltr' id='par_1_102' title="bbox 2108 4527 3706 4605">
     <span class='ocr_line' id='line_1_102' title="bbox 2108 4527 3706 4605; baseline 0.008 -27"><span class='ocrx_word' id='word_1_757' title='bbox 2108 4527 2271 4595; x_wconf 81' lang='grc' dir='ltr'>ρίσει</span> <span class='ocrx_word' id='word_1_758' title='bbox 2293 4527 2436 4596; x_wconf 82' lang='grc' dir='ltr'>ὑμῖν</span> <span class='ocrx_word' id='word_1_759' title='bbox 2455 4530 2726 4599; x_wconf 81' lang='grc' dir='ltr'>Τυχικὸς,</span> <span class='ocrx_word' id='word_1_760' title='bbox 2759 4535 2792 4585; x_wconf 85' lang='grc' dir='ltr'>ό</span> <span class='ocrx_word' id='word_1_761' title='bbox 2825 4533 3136 4604; x_wconf 76' lang='grc' dir='ltr'>ἀγαπητὸς</span> <span class='ocrx_word' id='word_1_762' title='bbox 3165 4534 3452 4605; x_wconf 69' lang='grc' dir='ltr'>ἁδελφὸς,</span> <span class='ocrx_word' id='word_1_763' title='bbox 3479 4536 3577 4591; x_wconf 83' lang='grc' dir='ltr'>καί</span> <span class='ocrx_word' id='word_1_764' title='bbox 3609 4553 3706 4591; x_wconf 74' lang='grc' dir='ltr'>πι-</span> 
     </span>
    </p>
   </div>
   <div class='ocr_carea' id='block_1_103' title="bbox 2116 4615 3702 4692">
    <p class='ocr_par' dir='ltr' id='par_1_103' title="bbox 2116 4615 3702 4692">
     <span class='ocr_line' id='line_1_103' title="bbox 2116 4615 3702 4692; baseline 0.006 -25"><span class='ocrx_word' id='word_1_765' title='bbox 2116 4615 2266 4682; x_wconf 84' lang='grc' dir='ltr'>στὸς</span> <span class='ocrx_word' id='word_1_766' title='bbox 2311 4615 2613 4685; x_wconf 64' lang='grc' dir='ltr'>διάκονος,</span> <span class='ocrx_word' id='word_1_767' title='bbox 2646 4619 2744 4672; x_wconf 79' lang='grc' dir='ltr'>καί</span> <span class='ocrx_word' id='word_1_768' title='bbox 2761 4620 3112 4688; x_wconf 84' lang='grc' dir='ltr'>σύνδουλος</span> <span class='ocrx_word' id='word_1_769' title='bbox 3137 4623 3209 4676; x_wconf 86' lang='grc' dir='ltr'>ἐν</span> <span class='ocrx_word' id='word_1_770' title='bbox 3238 4623 3456 4692; x_wconf 76' lang='grc' dir='ltr'>Κυρίῳ.</span> <span class='ocrx_word' id='word_1_771' title='bbox 3489 4621 3664 4678; x_wconf 72' lang='grc' dir='ltr'>Βαϐαῖ</span> <span class='ocrx_word' id='word_1_772' title='bbox 3686 4668 3702 4688; x_wconf 90' lang='grc'>,</span> 
     </span>
    </p>
   </div>
   <div class='ocr_carea' id='block_1_104' title="bbox 2115 4703 3702 4781">
    <p class='ocr_par' dir='ltr' id='par_1_104' title="bbox 2115 4703 3702 4781">
     <span class='ocr_line' id='line_1_104' title="bbox 2115 4703 3702 4781; baseline 0.005 -26"><span class='ocrx_word' id='word_1_773' title='bbox 2115 4703 2214 4774; x_wconf 84' lang='grc' dir='ltr'>ὅση</span> <span class='ocrx_word' id='word_1_774' title='bbox 2241 4704 2400 4773; x_wconf 89' lang='grc' dir='ltr'>σοφία</span> <span class='ocrx_word' id='word_1_775' title='bbox 2439 4705 2652 4759; x_wconf 88' lang='grc' dir='ltr'>Παύλου</span> <span class='ocrx_word' id='word_1_776' title='bbox 2677 4707 2692 4761; x_wconf 77' lang='grc' dir='ltr'>ί</span> <span class='ocrx_word' id='word_1_777' title='bbox 2720 4707 2842 4772; x_wconf 88' lang='grc' dir='ltr'>Πῶς</span> <span class='ocrx_word' id='word_1_778' title='bbox 2869 4709 2930 4762; x_wconf 80' lang='grc' dir='ltr'>οὐ</span> <span class='ocrx_word' id='word_1_779' title='bbox 2964 4709 3141 4764; x_wconf 88' lang='grc' dir='ltr'>πάντα</span> <span class='ocrx_word' id='word_1_780' title='bbox 3175 4710 3454 4781; x_wconf 82' lang='grc' dir='ltr'>ἐντίθησιν</span> <span class='ocrx_word' id='word_1_781' title='bbox 3483 4711 3565 4775; x_wconf 83' lang='grc' dir='ltr'>εἰς</span> <span class='ocrx_word' id='word_1_782' title='bbox 3595 4711 3702 4774; x_wconf 81' lang='grc' dir='ltr'>τὰς</span> 
     </span>
    </p>
   </div>
   <div class='ocr_carea' id='block_1_105' title="bbox 2115 4791 3704 4868">
    <p class='ocr_par' dir='ltr' id='par_1_105' title="bbox 2115 4791 3704 4868">
     <span class='ocr_line' id='line_1_105' title="bbox 2115 4791 3704 4868; baseline 0.006 -26"><span class='ocrx_word' id='word_1_783' title='bbox 2115 4791 2422 4857; x_wconf 77' lang='grc' dir='ltr'>ἐπιστολὰς,</span> <span class='ocrx_word' id='word_1_784' title='bbox 2448 4791 2584 4847; x_wconf 90' lang='grc' dir='ltr'>ἀλλά</span> <span class='ocrx_word' id='word_1_785' title='bbox 2619 4793 2686 4848; x_wconf 81' lang='grc' dir='ltr'>τὰ</span> <span class='ocrx_word' id='word_1_786' title='bbox 2713 4797 2986 4864; x_wconf 86' lang='grc' dir='ltr'>ἀναγκαῖα</span> <span class='ocrx_word' id='word_1_787' title='bbox 3031 4798 3126 4850; x_wconf 73' lang='grc' dir='ltr'>καὶ</span> <span class='ocrx_word' id='word_1_788' title='bbox 3153 4798 3223 4851; x_wconf 84' lang='grc' dir='ltr'>τὰ</span> <span class='ocrx_word' id='word_1_789' title='bbox 3257 4798 3658 4868; x_wconf 82' lang='grc' dir='ltr'>κατεπείγοντα</span> <span class='ocrx_word' id='word_1_790' title='bbox 3688 4817 3704 4864; x_wconf 88' lang='lat'><strong>;</strong></span> 
     </span>
    </p>
   </div>
   <div class='ocr_carea' id='block_1_106' title="bbox 2114 4880 3709 4958">
    <p class='ocr_par' dir='ltr' id='par_1_106' title="bbox 2114 4880 3709 4958">
     <span class='ocr_line' id='line_1_106' title="bbox 2114 4880 3709 4958; baseline 0.004 -25"><span class='ocrx_word' id='word_1_791' title='bbox 2114 4880 2339 4952; x_wconf 89' lang='grc' dir='ltr'>Πρῶτον</span> <span class='ocrx_word' id='word_1_792' title='bbox 2390 4881 2512 4953; x_wconf 84' lang='grc' dir='ltr'>μὲν,</span> <span class='ocrx_word' id='word_1_793' title='bbox 2540 4883 2602 4936; x_wconf 79' lang='grc' dir='ltr'>οὐ</span> <span class='ocrx_word' id='word_1_794' title='bbox 2637 4883 2962 4955; x_wconf 86' lang='grc' dir='ltr'>βουλόμενος</span> <span class='ocrx_word' id='word_1_795' title='bbox 2992 4884 3164 4949; x_wconf 78' lang='grc' dir='ltr'>αὐτάς</span> <span class='ocrx_word' id='word_1_796' title='bbox 3201 4889 3283 4950; x_wconf 82' lang='grc' dir='ltr'>είς</span> <span class='ocrx_word' id='word_1_797' title='bbox 3317 4885 3496 4958; x_wconf 80' lang='grc' dir='ltr'>μῆκος</span> <span class='ocrx_word' id='word_1_798' title='bbox 3523 4887 3709 4940; x_wconf 77' lang='grc' dir='ltr'>ἐκτεί-</span> 
     </span>
    </p>
   </div>
   <div class='ocr_carea' id='block_1_107' title="bbox 2114 4968 3706 5045">
    <p class='ocr_par' dir='ltr' id='par_1_107' title="bbox 2114 4968 3706 5045">
     <span class='ocr_line' id='line_1_107' title="bbox 2114 4968 3706 5045; baseline 0.003 -24"><span class='ocrx_word' id='word_1_799' title='bbox 2114 4985 2247 5022; x_wconf 76' lang='grc' dir='ltr'>νεινο</span> <span class='ocrx_word' id='word_1_800' title='bbox 2279 4968 2532 5040; x_wconf 88' lang='grc' dir='ltr'>δεύτερον</span> <span class='ocrx_word' id='word_1_801' title='bbox 2559 4971 2636 5036; x_wconf 87' lang='grc' dir='ltr'>δὲ,</span> <span class='ocrx_word' id='word_1_802' title='bbox 2680 4973 2776 5026; x_wconf 62' lang='grc' dir='ltr'>καὶ¹</span> <span class='ocrx_word' id='word_1_803' title='bbox 2806 4972 2899 5025; x_wconf 72' lang='grc' dir='ltr'>τὸν</span> <span class='ocrx_word' id='word_1_804' title='bbox 2929 4973 3308 5045; x_wconf 87' lang='grc' dir='ltr'>ἀπερχόμενον</span> <span class='ocrx_word' id='word_1_805' title='bbox 3339 4972 3706 5045; x_wconf 85' lang='grc' dir='ltr'>αἰδεσιμώτε-</span> 
     </span>
    </p>
   </div>
   <div class='ocr_carea' id='block_1_108' title="bbox 2119 5057 3706 5133">
    <p class='ocr_par' dir='ltr' id='par_1_108' title="bbox 2119 5057 3706 5133">
     <span class='ocr_line' id='line_1_108' title="bbox 2119 5057 3706 5133; baseline 0.004 -23"><span class='ocrx_word' id='word_1_806' title='bbox 2119 5073 2210 5128; x_wconf 89' lang='grc' dir='ltr'>ρον</span> <span class='ocrx_word' id='word_1_807' title='bbox 2236 5057 2429 5121; x_wconf 85' lang='grc' dir='ltr'>ποιῶν,</span> <span class='ocrx_word' id='word_1_808' title='bbox 2455 5057 2543 5111; x_wconf 82' lang='grc' dir='ltr'>ἵνα</span> <span class='ocrx_word' id='word_1_809' title='bbox 2565 5059 2665 5132; x_wconf 78' lang='grc' dir='ltr'>ἔχῃ</span> <span class='ocrx_word' id='word_1_810' title='bbox 2687 5076 2740 5113; x_wconf 90' lang='grc' dir='ltr'>τι</span> <span class='ocrx_word' id='word_1_811' title='bbox 2763 5061 2855 5113; x_wconf 75' lang='grc' dir='ltr'>καὶ</span> <span class='ocrx_word' id='word_1_812' title='bbox 2878 5061 3215 5132; x_wconf 88' lang='grc' dir='ltr'>διηγεῖσθαι·</span> <span class='ocrx_word' id='word_1_813' title='bbox 3253 5061 3458 5133; x_wconf 86' lang='grc' dir='ltr'>τρίτον,</span> <span class='ocrx_word' id='word_1_814' title='bbox 3486 5061 3706 5126; x_wconf 78' lang='grc' dir='ltr'>δεικνὺς</span> 
     </span>
    </p>
   </div>
   <div class='ocr_carea' id='block_1_109' title="bbox 2114 5145 3706 5220">
    <p class='ocr_par' dir='ltr' id='par_1_109' title="bbox 2114 5145 3706 5220">
     <span class='ocr_line' id='line_1_109' title="bbox 2114 5145 3706 5220; baseline 0.003 -23"><span class='ocrx_word' id='word_1_815' title='bbox 2114 5145 2233 5208; x_wconf 88' lang='grc' dir='ltr'>πῶς</span> <span class='ocrx_word' id='word_1_816' title='bbox 2267 5146 2405 5218; x_wconf 83' lang='grc' dir='ltr'>πρὸς</span> <span class='ocrx_word' id='word_1_817' title='bbox 2449 5147 2612 5203; x_wconf 82' lang='grc' dir='ltr'>αὐτὸν</span> <span class='ocrx_word' id='word_1_818' title='bbox 2639 5147 2931 5205; x_wconf 83' lang='grc' dir='ltr'>διάκειται·</span> <span class='ocrx_word' id='word_1_819' title='bbox 2986 5151 3046 5203; x_wconf 77' lang='grc' dir='ltr'>οὐ</span> <span class='ocrx_word' id='word_1_820' title='bbox 3081 5150 3190 5220; x_wconf 87' lang='grc' dir='ltr'>γάρ</span> <span class='ocrx_word' id='word_1_821' title='bbox 3219 5151 3285 5204; x_wconf 78' lang='grc' dir='ltr'>ἀν</span> <span class='ocrx_word' id='word_1_822' title='bbox 3327 5149 3478 5220; x_wconf 78' lang='grc' dir='ltr'>αὐτῷ</span> <span class='ocrx_word' id='word_1_823' title='bbox 3529 5149 3706 5202; x_wconf 86' lang='grc' dir='ltr'>ταῦτα</span> 
     </span>
    </p>
   </div>
   <div class='ocr_carea' id='block_1_110' title="bbox 2114 5219 3751 5310">
    <p class='ocr_par' dir='ltr' id='par_1_110' title="bbox 2114 5219 3751 5310">
     <span class='ocr_line' id='line_1_110' title="bbox 2114 5219 3751 5310; baseline 0.003 -25"><span class='ocrx_word' id='word_1_824' title='bbox 2114 5234 2464 5306; x_wconf 79' lang='grc' dir='ltr'>ἐνεχείρισεν.</span> <span class='ocrx_word' id='word_1_825' title='bbox 2493 5237 2728 5290; x_wconf 86' lang='grc' dir='ltr'>Ἔπειτα</span> <span class='ocrx_word' id='word_1_826' title='bbox 2776 5234 2863 5310; x_wconf 84' lang='grc' dir='ltr'>ἧν,</span> <span class='ocrx_word' id='word_1_827' title='bbox 2901 5239 2937 5293; x_wconf 85' lang='grc' dir='ltr'>ἃ</span> <span class='ocrx_word' id='word_1_828' title='bbox 2966 5239 3066 5292; x_wconf 77' lang='grc' dir='ltr'>οὐκ</span> <span class='ocrx_word' id='word_1_829' title='bbox 3093 5219 3199 5291; x_wconf 74' lang='grc' dir='ltr'>ἔδει</span> <span class='ocrx_word' id='word_1_830' title='bbox 3233 5238 3322 5291; x_wconf 70' lang='grc' dir='ltr'>διὰ</span> <span class='ocrx_word' id='word_1_831' title='bbox 3350 5219 3706 5308; x_wconf 83' lang='grc' dir='ltr'>γραμμάτων</span> <span class='ocrx_word' id='word_1_832' title='bbox 3736 5219 3751 5246; x_wconf 60' lang='grc'><strong><em>⁸</em></strong></span> 
     </span>
    </p>
   </div>
   <div class='ocr_carea' id='block_1_111' title="bbox 2108 5322 3707 5398">
    <p class='ocr_par' dir='ltr' id='par_1_111' title="bbox 2108 5322 3707 5398">
     <span class='ocr_line' id='line_1_111' title="bbox 2108 5322 3707 5398; baseline 0.003 -24"><span class='ocrx_word' id='word_1_833' title='bbox 2108 5322 2437 5394; x_wconf 83' lang='grc' dir='ltr'>δηλωθῆναι.</span> <span class='ocrx_word' id='word_1_834' title='bbox 2468 5324 2532 5377; x_wconf 82' lang='grc'>’0</span> <span class='ocrx_word' id='word_1_835' title='bbox 2564 5325 2890 5394; x_wconf 78' lang='grc' dir='ltr'>ἀγαπητὸς,</span> <span class='ocrx_word' id='word_1_836' title='bbox 2931 5328 3120 5398; x_wconf 76' lang='grc' dir='ltr'>φησὶν,</span> <span class='ocrx_word' id='word_1_837' title='bbox 3150 5326 3438 5396; x_wconf 72' lang='grc' dir='ltr'>ἀδελφός.</span> <span class='ocrx_word' id='word_1_838' title='bbox 3477 5327 3539 5378; x_wconf 87' lang='grc' dir='ltr'>Εί</span> <span class='ocrx_word' id='word_1_839' title='bbox 3566 5327 3707 5394; x_wconf 85' lang='grc' dir='ltr'>ἀγα-</span> 
     </span>
    </p>
   </div>
   <div class='ocr_carea' id='block_1_112' title="bbox 2109 5409 3703 5487">
    <p class='ocr_par' dir='ltr' id='par_1_112' title="bbox 2109 5409 3703 5487">
     <span class='ocr_line' id='line_1_112' title="bbox 2109 5409 3703 5487; baseline 0.001 -22"><span class='ocrx_word' id='word_1_840' title='bbox 2109 5412 2302 5482; x_wconf 82' lang='grc' dir='ltr'>πητὸς,</span> <span class='ocrx_word' id='word_1_841' title='bbox 2339 5415 2518 5467; x_wconf 79' lang='grc' dir='ltr'>πάντα</span> <span class='ocrx_word' id='word_1_842' title='bbox 2542 5409 2672 5480; x_wconf 73' lang='grc' dir='ltr'>οἶδε,</span> <span class='ocrx_word' id='word_1_843' title='bbox 2732 5419 2829 5469; x_wconf 76' lang='grc' dir='ltr'>καὶ</span> <span class='ocrx_word' id='word_1_844' title='bbox 2881 5417 3035 5471; x_wconf 72' lang='grc' dir='ltr'>οὐδὲν</span> <span class='ocrx_word' id='word_1_845' title='bbox 3083 5417 3249 5472; x_wconf 77' lang='grc' dir='ltr'>αὐτὸν</span> <span class='ocrx_word' id='word_1_846' title='bbox 3291 5417 3554 5487; x_wconf 79' lang='grc' dir='ltr'>ἔκρυπτε.</span> <span class='ocrx_word' id='word_1_847' title='bbox 3586 5416 3703 5469; x_wconf 78' lang='grc' dir='ltr'>Καὶ</span> 
     </span>
    </p>
   </div>
   <div class='ocr_carea' id='block_1_113' title="bbox 2109 5499 3698 5574">
    <p class='ocr_par' dir='ltr' id='par_1_113' title="bbox 2109 5499 3698 5574">
     <span class='ocr_line' id='line_1_113' title="bbox 2109 5499 3698 5574; baseline 0.002 -21"><span class='ocrx_word' id='word_1_848' title='bbox 2109 5499 2328 5566; x_wconf 81' lang='grc' dir='ltr'>πιστὸς</span> <span class='ocrx_word' id='word_1_849' title='bbox 2358 5501 2637 5569; x_wconf 82' lang='grc' dir='ltr'>διάκονος</span> <span class='ocrx_word' id='word_1_850' title='bbox 2663 5503 2763 5558; x_wconf 79' lang='grc' dir='ltr'>καὶ</span> <span class='ocrx_word' id='word_1_851' title='bbox 2788 5504 3134 5574; x_wconf 80' lang='grc' dir='ltr'>σύνδουλος</span> <span class='ocrx_word' id='word_1_852' title='bbox 3156 5505 3226 5560; x_wconf 83' lang='grc' dir='ltr'>ἐν</span> <span class='ocrx_word' id='word_1_853' title='bbox 3254 5504 3472 5573; x_wconf 85' lang='grc' dir='ltr'>Κυρίῳ.</span> <span class='ocrx_word' id='word_1_854' title='bbox 3503 5504 3567 5557; x_wconf 76' lang='grc' dir='ltr'>Εἰ</span> <span class='ocrx_word' id='word_1_855' title='bbox 3601 5519 3698 5557; x_wconf 79' lang='lat' dir='ltr'>m-</span> 
     </span>
    </p>
   </div>
   <div class='ocr_carea' id='block_1_114' title="bbox 2112 5588 3703 5664">
    <p class='ocr_par' dir='ltr' id='par_1_114' title="bbox 2112 5588 3703 5664">
     <span class='ocr_line' id='line_1_114' title="bbox 2112 5588 3703 5664; baseline 0.002 -22"><span class='ocrx_word' id='word_1_856' title='bbox 2112 5589 2258 5654; x_wconf 73' lang='grc' dir='ltr'>στος,</span> <span class='ocrx_word' id='word_1_857' title='bbox 2290 5589 2443 5646; x_wconf 76' lang='grc' dir='ltr'>οὐδὲν</span> <span class='ocrx_word' id='word_1_858' title='bbox 2463 5589 2726 5660; x_wconf 84' lang='grc' dir='ltr'>ψεύσεται</span> <span class='ocrx_word' id='word_1_859' title='bbox 2745 5607 2758 5619; x_wconf 83' lang='grc'><em>’</em></span> <span class='ocrx_word' id='word_1_860' title='bbox 2793 5593 2843 5646; x_wconf 89' lang='grc' dir='ltr'>εἰ</span> <span class='ocrx_word' id='word_1_861' title='bbox 2862 5591 3168 5660; x_wconf 86' lang='grc' dir='ltr'>σύνδουλος,</span> <span class='ocrx_word' id='word_1_862' title='bbox 3193 5591 3560 5664; x_wconf 82' lang='grc' dir='ltr'>κεκοινώνηκε</span> <span class='ocrx_word' id='word_1_863' title='bbox 3585 5588 3703 5645; x_wconf 82' lang='grc' dir='ltr'>τῶν</span> 
     </span>
    </p>
   </div>
   <div class='ocr_carea' id='block_1_115' title="bbox 2173 5775 3014 5832">
    <p class='ocr_par' dir='ltr' id='par_1_115' title="bbox 2173 5775 3014 5832">
     <span class='ocr_line' id='line_1_115' title="bbox 2173 5775 3014 5832; baseline 0.002 -4"><span class='ocrx_word' id='word_1_864' title='bbox 2173 5785 2202 5817; x_wconf 72' lang='grc' dir='ltr'>ι</span> <span class='ocrx_word' id='word_1_865' title='bbox 2236 5775 2393 5829; x_wconf 73' lang='lat' dir='ltr'>Ambo</span> <span class='ocrx_word' id='word_1_866' title='bbox 2421 5790 2533 5830; x_wconf 69' lang='lat' dir='ltr'>mss.</span> <span class='ocrx_word' id='word_1_867' title='bbox 2559 5776 2741 5831; x_wconf 77' lang='lat' dir='ltr'><strong>habent</strong></span> <span class='ocrx_word' id='word_1_868' title='bbox 2761 5780 3014 5832; x_wconf 73' lang='grc' dir='ltr'>ἐκπίπτειν.</span> 
     </span>
    </p>
   </div>
  </div>
