4140 6534
381 453 478 516 575
558 426 566 432 '
1267 440 1329 497 IN
1372 436 1585 494 Et-‘lS'l‘.
1629 437 1719 490 AD
1757 429 2032 490 001.053.
2074 431 2225 486 car.
2272 431 2357 485 ιν.
2401 430 2626 487 ttontL.
2672 430 2760 486 xx.

373 570 540 630 rum?
571 565 736 638 Atqui
773 561 1084 620 indumenta
1132 565 1260 614 sunt
1297 571 1506 621 aurea;
1550 553 1647 610 sed
1693 565 1976 624 propterea

374 662 704 723 estdedecus
721 673 784 714 ac
807 654 1086 727 turpitudo
1114 652 1255 723 quod
1277 652 1384 706 sint
1412 664 1593 705 aurea.
1623 648 1811 704 Scenre
1833 646 1976 701 enim

371 767 618 828 sumptus
667 769 730 809 ac
776 752 934 806 luxus
981 749 1231 806 convenit
1278 746 1572 817 tragmdis,
1605 745 1972 809 histrionibus,

370 850 573 916 mimis,
606 844 989 908 saltat-oribus,
1017 851 1074 898 et
1100 841 1164 897 iis
1193 839 1286 910 qui
1319 846 1559 909 pugnant
1585 852 1707 893 cum
1737 836 1924 892 bestiis
1957 852 1972 888 :

372 941 516 998 fideli
545 947 725 994 autem
759 935 974 991 mulieri
1000 933 1120 988 alite
1151 933 1348 986 dantur
1371 947 1400 985 a
1431 931 1540 984 Deo
1559 938 1758 996 vestes,
1781 943 1976 999 nempe

371 1034 491 1103 ipse
518 1029 824 1100 unigenin
858 1027 951 1082 Dei
985 1025 1171 1080 Filius.
1205 1023 1461 1094 Quotquot
1489 1023 1647 1088 enim,
1679 1021 1890 1091 inquit,
1923 1022 1977 1074 in

369 1125 630 1179 Christum
651 1118 895 1192 baptizati
915 1117 1054 1182 estis,
1079 1115 1335 1170 Christum
1355 1113 1591 1168 induistis
1611 1112 1754 1181 (Gal.
1784 1115 1834 1169 '5.
1857 1113 1972 1184 Ξῖ).

377 1212 765 1282 Dic,quacso,si
795 1211 919 1281 quis
944 1209 1147 1280 regiam
1177 1207 1418 1262 dedisset
1447 1216 1675 1273 vestem,
1711 1214 1766 1260 tu
1793 1214 1974 1260 autem

375 1304 694 1361 mercenarii
719 1304 883 1358 vilem
905 1309 1112 1358 vestem
1154 1300 1490 1372 accepisses,
1521 1315 1698 1355 annon
1730 1314 1796 1354 eo
1830 1298 1974 1369 quod

371 1409 430 1455 te
460 1398 672 1469 turpior
698 1411 855 1467 geras
882 1405 936 1450 et
967 1394 1224 1449 indecore
1252 1435 1266 1460 ,
1299 1394 1464 1448 etiam
1495 1392 1804 1463 punireris?
1851 1392 1974 1446 caeli

369 1503 429 1549 et
455 1493 770 1564 angelorum
798 1489 1082 1545 Dominum
1131 1488 1313 1543 induta
1348 1503 1443 1554 es,
1490 1497 1546 1542 et
1579 1487 1729 1542 circa
1775 1495 1974 1541 terram

372 1584 652 1641 versaris?
681 1582 807 1638 Hzec
833 1597 862 1635 a
881 1596 968 1636 me
985 1580 1127 1636 dicta
1144 1591 1293 1647 sunt,
1327 1590 1384 1634 ut
1415 1579 1694 1634 ostendam
1718 1579 1856 1650 quod
1877 1594 1976 1651 per

370 1692 434 1733 se
464 1689 717 1746 magnum
747 1673 818 1728 sit
844 1672 1043 1728 malum
1068 1673 1267 1727 nimius
1289 1681 1731 1726 ornamentorum
1768 1672 1975 1742 appeti-

372 1781 462 1826 tus
490 1779 543 1825 et
567 1767 919 1832 desiderium,
949 1765 1162 1820 etiamsi
1190 1764 1398 1819 nullum
1428 1765 1573 1820 aliud
1603 1765 1727 1820 inde
1778 1779 1971 1820 nasce-

374 1872 544 1930 retur,
575 1862 668 1918 sed
697 1861 831 1916 citra
854 1859 1154 1930 periculum
1183 1858 1235 1914 id
1261 1859 1452 1915 liceret
1475 1859 1675 1914 habere
1703 1858 1722 1930 (
1746 1873 1868 1912 nam
1904 1858 1971 1913 ad

379 1956 588 2010 inanem
613 1952 836 2025 gloriam
865 1951 1168 2022 fastumque
1198 1960 1354 2022 parat
1395 1959 1450 2006 et
1501 1950 1753 2022 instruit)
1786 1969 1800 2006 :
1829 1966 1973 2007 nunc

381 2055 556 2101 autem
585 2044 748 2099 multa
776 2043 936 2099 etiam
965 2043 1068 2098 alia
1099 2043 1240 2098 mala
1265 2052 1560 2098 nascuntur
1589 2058 1655 2098 ex
1684 2043 1850 2098 nimia
1881 2059 1974 2099 or-

376 2137 541 2194 nandi
563 2137 643 2193 sui
669 2151 813 2203 cura,
849 2135 1146 2192 manifestas
1171 2135 1542 2207 suspiciones,
1589 2146 1838 2205 sumptus
1885 2136 1971 2190 in-

376 2229 716 2302 tempestivi,
762 2227 1112 2301 blasphemiae
1132 2269 1148 2295 ,
1205 2230 1444 2284 avaritiae
1470 2236 1526 2284 et
1555 2229 1707 2300 plura
1738 2228 1974 2284 habendi

370 2324 679 2392 cupiditatis
704 2324 1039 2380 occasiones.
1071 2323 1211 2390 Quid
1232 2324 1402 2390 enim,
1421 2324 1526 2392 die,
1545 2338 1758 2394 quaeso,
1806 2339 1973 2379 orna-

370 2415 483 2470 ris?
508 2425 566 2470 ut
591 2413 807 2484 placeas
834 2410 1070 2471 marito?
1090 2414 1204 2471 Hoc
1225 2430 1353 2485 ergo
1375 2414 1458 2469 fac
1475 2415 1642 2470 domi.
1661 2415 1760 2471 Hic
1790 2424 1969 2470 autem

3585 435 3687 492 ’ὄπ

2094 548 2521 604 fitcontrarium.
2552 550 2682 604 Nam
2712 550 2754 603 si
2799 551 2876 604 vis
2919 558 3006 603 tuo
3043 549 3257 620 placere
3299 550 3493 605 marito
3517 592 3533 617 ,
3576 553 3687 606 noli

2087 641 2300 710 placere
2320 642 2468 707 aliis;
2497 644 2540 698 si
2560 653 2734 698 autem
2757 643 2970 713 placeas
2991 643 3129 706 aliis,
3158 645 3454 700 maritotuo
3474 645 3689 716 placere

2088 749 2194 788 non
2222 737 2440 804 poteris.
2465 736 2823 802 Quamobrem
2852 753 3067 793 omnem
3111 748 3301 793 ornatu
3314 757 3362 792 ιιι
3410 749 3689 809 oporteret

2085 828 2358 898 deponere
2379 845 2503 884 cum
2523 831 2673 884 vadis
2700 831 2767 884 ad
2791 831 2963 885 forum
2986 873 3001 899 ,
3029 847 3148 886 cum
3180 832 3362 901 prodis
3403 833 3456 886 in
3503 832 3683 888 cccle-

2085 921 2242 976 siam.
2275 922 2488 993 Alioqui
2517 931 2719 989 autem,
2754 939 2821 978 ne
2842 938 2906 977 ex
2932 923 2995 977 iis
3020 925 3232 994 placeas
3257 926 3449 982 marito
3480 941 3543 981 ex
3562 941 3684 996 qut-

2086 1017 2186 1071 bus
2214 1024 2268 1071 et
2297 1020 2631 1078 meretrices,
2657 1016 2752 1070 scd
2780 1033 2844 1070 ex
2875 1032 2940 1070 eo
2969 1019 3145 1085 potius
3173 1035 3237 1071 ex
3265 1034 3372 1088 quo
3421 1017 3678 1074 mulieres

2085 1109 2293 1163 liberae.
2330 1107 2383 1162 In
2414 1124 2521 1178 quo
2544 1107 3051 1178 cnim,dic,quaeso,
3075 1108 3256 1162 differt
3288 1125 3423 1164 uxor
3455 1126 3482 1164 a
3509 1126 3687 1165 mere-

2085 1200 2258 1261 trice?
2285 1198 2438 1267 Quod
2469 1198 2584 1253 haec
2607 1198 2824 1269 quidem
2850 1214 3012 1252 unum
3036 1199 3212 1252 solum
3235 1207 3462 1268 spectat,
3485 1209 3541 1254 ut
3558 1216 3685 1255 cor-

2085 1294 2232 1363 poris
2286 1291 2683 1364 pulchritudine
2735 1291 2938 1347 alliciat
2994 1307 3117 1348 eum
3155 1308 3314 1362 quem
3358 1303 3551 1348 amat:
3596 1295 3684 1350 il'a

2083 1401 2214 1440 vero
2243 1395 2297 1439 et
2320 1396 2518 1454 prrccst
2547 1386 2753 1452 domui,
2787 1384 3194 1455 liberorumque
3218 1396 3268 1440 et
3293 1385 3523 1440 aliorum
3570 1403 3686 1440 om-

2061 1479 2230 1532 nium
2253 1477 2413 1532 habet
2430 1477 2766 1532 societatem.
2795 1477 2970 1533 llabes
2995 1478 3252 1532 filiolam?
3283 1478 3406 1533 vide
3429 1493 3496 1534 ne
3530 1479 3688 1534 dam-

2082 1586 2208 1624 num
2233 1570 2462 1641 accipiat
2484 1587 2497 1623 ε
2518 1571 2691 1624 solent
2713 1569 2854 1624 enim
2875 1584 3053 1625 mores
3075 1585 3404 1638 componere
3437 1585 3503 1626 ex
3541 1571 3677 1627 edu-

2079 1664 2312 1730 catione,
2342 1673 2396 1719 et
2418 1673 2648 1717 matrum
2671 1677 2851 1717 mores
2873 1662 3092 1716 imitari.
3115 1663 3201 1717 Sis
3227 1661 3350 1717 filia:
3375 1663 3682 1732 exemplum

2083 1758 2360 1814 modestia:
2384 1767 2439 1812 et
2468 1757 2870 1828 temperantim;
2900 1757 2992 1812 illo
3027 1766 3222 1813 ornatu
3251 1774 3464 1825 ornare,
3493 1760 3686 1814 ett-ide

2082 1861 2140 1906 ut
2156 1851 2298 1906 hunc
2313 1849 2599 1920 despicias.
2620 1849 2831 1905 Revera
2851 1849 2993 1903 enim
3017 1849 3106 1904 illa
3126 1858 3644 1926 suntornamentum
3667 1870 3682 1915 ;

2081 1945 2198 2000 hsce
2218 1959 2344 2000 vero
2367 1944 2535 2014 magis
2559 1943 2797 1998 dedecus
2815 1941 3068 2009 afl‘erunt,
3087 1959 3248 2014 quam
3267 1952 3483 1999 ornant.
3521 1943 3686 2000 Suffi-

2079 2039 2230 2094 ciunt
2245 2052 2364 2108 quae
2379 2037 2518 2092 dicta
2537 2045 2685 2090 sunt.
2711 2036 2851 2091 Deus
2870 2045 3050 2090 autem
3072 2036 3162 2106 qui
3184 2037 3443 2091 mundum
3465 2037 3610 2104 fecit,
3632 2049 3686 2092 et

2080 2135 2238 2191 nobis
2254 2134 2401 2190 dedit
2429 2134 2683 2189 mundum
2711 2133 2937 2200 animat,
2979 2148 3080 2188 nos
3110 2135 3334 2190 mundct
3367 2145 3420 2190 et
3450 2145 3681 2190 exornet

2081 2237 2134 2283 et
2157 2242 2251 2283 sua
2272 2227 2442 2298 gloria
2473 2225 2659 2281 induat
2684 2243 2698 2279 :
2723 2234 2779 2279 ut
2807 2241 2996 2281 omnes
3021 2227 3072 2280 in
3104 2227 3262 2281 bonis
3300 2227 3559 2298 operibus
3586 2243 3680 2280 re-

2081 2321 2446 2391 splendentes,
2464 2328 2519 2375 et
2534 2318 2600 2374 ad
2617 2319 2734 2388 ejus
2753 2317 2977 2388 gloriam
2995 2319 3263 2386 viventes,
3286 2319 3513 2390 gloriam
3531 2319 3687 2373 emit-

2082 2426 2258 2469 tamus
2281 2414 2425 2469 Patri
2452 2425 2504 2466 et.
2527 2412 2666 2466 Filio
2689 2421 2742 2466 et
2765 2409 2986 2479 Spiritui
3013 2420 3222 2465 sancto.

3259 2503 3507 2514 -—————

3514 2506 3686 2516 .————

1787 2562 2123 2624 HOMlLIA
2165 2563 2281 2625 XI.

367 2669 500 2726 CAP.
530 2667 623 2724 IV.
651 2683 708 2722 v.
733 2667 793 2723 5.
851 2665 921 2720 In
947 2665 1210 2737 sapientia
1256 2665 1516 2721 ambulate
1541 2666 1610 2719 ad
1632 2682 1717 2721 eos
1745 2666 1832 2736 qui
1860 2665 1989 2737 [oris

438 2769 575 2827 sunt,
611 2767 807 2830 tempus
833 2757 1158 2813 redimentes.
1199 2758 1255 2814 5.
1302 2757 1483 2812 Sermo
1507 2767 1667 2812 vester
1687 2774 1888 2828 semper
1921 2757 1976 2812 in

433 2853 628 2924 gratia,
657 2850 765 2906 sale
793 2850 859 2905 sit
887 2850 1145 2918 conditus,
1190 2858 1246 2904 ut
1270 2850 1444 2905 sciatis
1464 2853 1715 2921 quomodo
1746 2859 1978 2923 oporteat

435 2960 528 3000 vos
556 2943 829 3015 unicuique
853 2944 1184 3014 respondere.

437 3041 495 3096 1.
534 3038 686 3108 Quod
714 3037 961 3094 Christus
979 3037 1190 3094 dicebat
1209 3037 1508 3109 discipulis,
1539 3038 1641 3095 hoc
1670 3055 1812 3095 natio
1838 3055 1976 3111 quo-

361 3146 477 3200 que
523 3137 710 3186 monet
749 3129 968 3186 Paulus.
1016 3129 1156 3198 Quid
1197 3139 1378 3186 autem
1417 3131 1630 3187 dicebat
1679 3131 1976 3188 Christus?

364 3224 509 3280 Ecce
536 3241 626 3295 ego
656 3224 799 3279 mitto
828 3239 916 3278 vos
951 3224 1082 3278 sicut
1119 3240 1236 3279 oves
1263 3225 1318 3278 in
1351 3225 1518 3280 medio
1548 3224 1814 3294 luporum.
1845 3225 1975 3282 Sitis

359 3335 492 3390 ergo
535 3316 809 3386 prudentes
853 3319 983 3370 sicut
1021 3326 1300 3388 serpentes,
1344 3327 1392 3371 et
1435 3317 1692 3388 simplices
1730 3318 1860 3373 sicut
1885 3334 1974 3372 ca-

356 3410 558 3466 lumst
585 3409 798 3481 (Matth.
834 3409 924 3466 10.
969 3409 1090 3481 16).
1149 3410 1264 3465 Hoc
1287 3419 1371 3466 est
1389 3453 1404 3478 ,
1429 3410 1584 3466 Cauti
1613 3419 1789 3467 estote
1813 3453 1828 3478 ,
1853 3411 1974 3466 nul-

359 3507 474 3562 lam
507 3505 586 3560 eis
615 3506 874 3560 adversus
913 3519 1011 3559 vos
1049 3503 1242 3558 dantes
1285 3518 1473 3558 ansam
1503 3513 1559 3559 et
1603 3504 1969 3560 occasionem.

355 3601 666 3670 Propterea
698 3608 879 3654 autem
911 3597 1183 3668 adjicitur,
1211 3596 1293 3651 Ad
1331 3615 1415 3652 eos
1459 3598 1545 3669 qui
1575 3599 1701 3670 foris
1728 3607 1882 3664 sunt;
1910 3606 1972 3654 ut

353 3692 642 3749 discamus
666 3733 682 3756 ,
715 3691 858 3762 quod
887 3691 1150 3747 adversus
1183 3698 1368 3746 nostra
1414 3691 1656 3747 membra
1685 3709 1793 3748 non
1825 3700 1972 3748 tanta

352 3784 526 3841 nobis
553 3798 690 3852 opus
718 3791 802 3838 est
819 3785 1072 3839 cautione
1093 3825 1109 3850 ,
1141 3791 1341 3854 quanta
1369 3782 1628 3839 adversus
1658 3795 1969 3842 extraneos.

351 3878 466 3935 Ubi
519 3891 755 3946 namque
794 3876 986 3931 fratres
1032 3885 1188 3944 sunt,
1236 3876 1309 3932 ibi
1362 3877 1525 3932 multa
1573 3877 1970 3945 condonantur,

350 3971 433 4026 ibi
463 3971 668 4026 caritas
686 3984 898 4041 magna.
921 3967 1146 4041 Oportet
1169 3971 1330 4026 etiam
1355 3969 1442 4027 hic
1463 3986 1583 4027 esse
1602 3972 1968 4037 securitatem,

350 4065 629 4137 majorem
659 4079 790 4120 vero
821 4063 952 4119 foris
984 4083 998 4119 :
1024 4078 1129 4119 non
1159 4073 1287 4120 sunt
1312 4065 1454 4120 enim
1486 4065 1654 4136 paria,
1684 4080 1807 4121 esse
1834 4066 1973 4121 inter

346 4158 616 4215 inimicos
641 4169 696 4212 et
720 4158 924 4224 hostes,
955 4167 1009 4213 et
1039 4158 1180 4213 inter
1201 4159 1426 4214 amicos.
1454 4159 1655 4214 Deinde
1686 4169 1970 4229 postquam

347 4251 590 4317 terruit,
641 4249 765 4306 vide
815 4249 1092 4320 quomodo
1139 4265 1328 4306 rursus
1375 4252 1455 4306 eis
1507 4250 1658 4306 addit
1703 4252 1966 4306 animum.

341 4342 594 4413 Tempus
613 4383 628 4410 ,
662 4341 834 4411 inquit
856 4382 872 4407 ,
903 4341 1229 4396 redimentes.
1260 4342 1375 4396 Hoc
1411 4354 1530 4408 est,
1563 4357 1802 4413 prtesens
1830 4351 1969 4398 tem-

341 4450 465 4506 pus
497 4442 581 4488 est
609 4433 791 4488 breve.
830 4432 956 4488 [hec
996 4441 1176 4486 autem
1217 4431 1464 4498 dicebat,
1498 4449 1605 4488 non
1635 4433 1777 4504 quod
1809 4434 1972 4490 vellet

335 4542 454 4583 eos
509 4540 633 4580 esse
675 4526 854 4579 varius
881 4533 938 4580 et
978 4525 1291 4596 hypocritas
1333 4540 1398 4580 ac
1444 4526 1821 4593 simulatores;
1866 4525 1970 4582 hoc

333 4619 513 4672 etaim
564 4631 670 4670 non
701 4625 784 4672 est
821 4617 1101 4686 sapientia:
1125 4658 1141 4684 ,
1174 4617 1269 4673 sed
1317 4618 1601 4683 amentite;
1650 4617 1744 4673 sed
1794 4618 1970 4689 quid?

332 4711 404 4765 1η
444 4708 522 4762 iis
549 4747 564 4772 ,
591 4707 784 4778 inquit,
819 4709 873 4763 in
895 4709 1089 4779 quibus
1117 4725 1222 4763 non
1255 4709 1488 4773 laedunt,
1519 4710 1719 4765 nullam
1744 4711 1821 4766 eis
1845 4709 1971 4767 date

325 4816 554 4856 ansam
578 4815 679 4854 nec
695 4801 1058 4855 occasionem.
1078 4800 1231 4868 Quod
1254 4801 1416 4856 etiam
1439 4801 1570 4858 dicit
1586 4802 1651 4856 ad
1671 4802 1964 4868 Romanos,

320 4894 590 4953 Reddite
623 4893 856 4948 omnibus
883 4893 1050 4947 debita
1088 4909 1108 4949 :
1136 4895 1220 4948 cui
1245 4894 1432 4948 debetis
1477 4896 1719 4949 tributum
1739 4937 1754 4962 ,
1803 4894 1966 4950 tribu-

320 5001 459 5045 tum
486 5005 512 5054 ;
557 4987 640 5041 cui
683 4988 898 5058 vectigal
923 5029 939 5055 ,
983 4990 1235 5060 uectigal;
1269 4990 1353 5044 cui
1388 4989 1665 5056 honorem,
1700 4991 1944 5045 honorem

312 5081 546 5155 (Rom.
594 5080 684 5135 15.
736 5081 815 5151 7).
847 5081 1078 5152 Propter
1122 5081 1562 5152 prrcdicationem
1604 5082 1777 5136 solum
1825 5091 1966 5147 esto,

312 5173 574 5246 inquit,
624 5172 718 5228 tibi
773 5173 1013 5228 bellum:
1045 5174 1252 5229 nullum
1291 5174 1435 5230 aliud
1481 5174 1692 5229 initium
1741 5175 1970 5246 accipiat

308 5265 454 5322 hoc
495 5263 726 5320 bellum.
761 5265 891 5321 Nam
924 5267 968 5321 si
1000 5268 1164 5323 etiam
1213 5275 1436 5338 propter
1461 5268 1562 5322 alia
1593 5277 1780 5324 essent
1811 5269 1968 5324 nobis

303 5375 475 5416 cum
513 5358 596 5413 eis
623 5360 874 5429 gerenda:
908 5360 1206 5416 inimicitia:
1226 5401 1242 5428 ,
1273 5375 1446 5431 neque
1475 5361 1630 5416 nobis
1653 5371 1796 5417 esset
1823 5379 1967 5418 mer-

297 5467 426 5509 ces
454 5493 475 5517 ,
523 5458 582 5505 et
610 5450 714 5520 ipsi
741 5450 902 5506 futuri
933 5462 1061 5507 sunt
1083 5452 1402 5519 deteriores,
1438 5461 1492 5507 et
1521 5452 1846 5508 videbuntur
1867 5469 1966 5508 nos

302 5548 478 5617 jure
525 5559 825 5600 accusare:
855 5545 1003 5599 velut
1045 5546 1091 5601 si
1132 5546 1411 5617 vectigalia
1439 5562 1546 5600 non
1575 5547 1884 5612 solvamus,
1921 5547 1966 5601 si

295 5641 606 5695 honores
632 5650 766 5707 quos
797 5637 1054 5691 convenit
1083 5654 1189 5692 non
1219 5638 1507 5693 reddamus
1526 5679 1541 5705 ,
1585 5638 1630 5693 si
1659 5653 1766 5692 non
1798 5639 1968 5693 simus

295 5728 622 5787 humiles.
653 5727 817 5784 Vides
844 5737 1102 5799 quantum
1127 5745 1188 5786 se
1217 5729 1467 5787 demittat
1493 5731 1692 5786 Paulus
1717 5773 1734 5800 ,
1767 5731 1858 5786 ubi
1881 5732 1968 5786 ni-

290 5825 396 5881 hil
440 5822 615 5878 laedit
641 5822 1080 5893 prtedicationem
1102 5822 1126 5877 ?
1149 5822 1290 5877 Audi
1319 5824 1465 5879 enim
1494 5823 1668 5894 ipsum
1697 5823 1965 5880 dicentem

294 5917 622 5988 Agrippm
653 5932 665 5968 :
699 5912 916 5967 Beatum
945 5930 1024 5968 me
1048 5914 1312 5979 existimo,
1348 5913 1496 5970 hodie
1526 5917 1667 5987 apud
1693 5925 1740 5973 te
1759 5933 1966 5973 causam

677 6019 956 6082 PATROL.
1005 6019 1125 6083 Gn.
1175 6021 1371 6084 LXII.

2091 2674 2332 2732 acturus,
2364 2664 2453 2735 qui
2478 2680 2530 2719 es
2553 2662 2774 2718 maxime
2801 2664 2991 2734 peritus
3028 2664 3452 2719 consuetudinum
3473 2674 3521 2720 et
3549 2682 3687 2737 qucr-

2088 2759 2310 2813 stionum
2336 2773 2451 2828 qua:
2464 2765 2583 2812 sunt
2624 2758 2763 2827 apud
2798 2755 3012 2811 Judceos
3037 2757 3174 2825 (Act.
3207 2757 3297 2812 ‘26.
3323 2758 3376 2812 2.
3401 2759 3479 2828 5).
3510 2759 3563 2814 Si
3591 2775 3688 2814 au-

2087 2863 2195 2909 tem
2225 2851 2590 2908 existimasset
2622 2861 2877 2922 oportere
2916 2851 3242 2907 contumelia
3288 2851 3508 2909 afficere
3540 2855 3686 2924 prin-

2083 2947 2261 3017 cipem
2288 2988 2304 3014 ,
2351 2946 2534 3001 omnia
2562 2946 2867 3002 evertisset.
2898 2945 3037 3001 Audi
3078 2955 3133 3001 et
3177 2945 3393 3002 beatum
3421 2947 3636 3004 Petrum
3657 2988 3673 3012 ,

2083 3054 2244 3110 quam
2272 3038 2466 3093 leniter
2491 3051 2545 3093 et
2575 3047 2855 3094 mansuete
2882 3037 3176 3108 respondet
3196 3037 3421 3104 Judatis,
3450 3039 3636 3095 dicens
3663 3057 3676 3094 :

2089 3131 2312 3186 Obcdire
2340 3141 2535 3202 oportet
2582 3130 2692 3185 Deo
2720 3131 2880 3202 magis
2919 3147 3072 3202 quam
3115 3130 3408 3186 hominibus
3457 3131 3593 3201 (Act.
3627 3132 3682 3189 5.

2081 3225 2383 3297 29).Atqui
2436 3225 2681 3280 homines
2727 3225 2815 3295 qui
2865 3225 3105 3279 animum
3146 3224 3579 3296 desponderant,
3627 3235 3682 3280 ct

2081 3322 2205 3375 vita:
2227 3334 2378 3390 Spem
2412 3318 2741 3388 abjecerant,
2767 3317 3070 3388 potuissent
3092 3317 3416 3373 contumelia
3442 3317 3680 3384 allicere,

2088 3423 2142 3468 et
2172 3411 2384 3483 quidvis
2427 3410 2638 3466 facere:
2669 3409 2763 3465 sed
2796 3420 3084 3483 propterea
3113 3412 3352 3467 animum
3379 3410 3682 3481 dCSpondc-
3753 3419 3765 3433 ‘

2080 3514 2222 3573 rant,
2247 3514 2303 3560 et
2331 3506 2454 3560 vita:
2480 3519 2632 3576 spem
2667 3505 3000 3576 abjecerant,
3034 3513 3092 3559 ut
3114 3520 3185 3562 ne
3215 3505 3428 3560 inanem
3454 3504 3680 3576 gloriatn

2080 3605 2358 3668 captarent
2385 3597 2403 3667 (
2427 3595 2530 3652 hoc
2557 3606 2642 3651 est
2668 3595 2812 3651 enim
2837 3596 3012 3650 inanis
3038 3595 3227 3666 gloria:
3251 3595 3302 3666 );
3330 3595 3424 3651 sed
3458 3604 3516 3651 ut
3537 3613 3676 3666 pra:-

2080 3688 2327 3744 dicarent
2345 3731 2360 3756 ,
2382 3698 2437 3743 et
2466 3698 2523 3743 ut
2553 3689 2720 3744 libere
2740 3697 2795 3743 et
2822 3686 3157 3744 confidenter
3183 3689 3364 3744 omnia
3393 3688 3682 3759 loqueren-

2083 3793 2208 3840 tur:
2236 3783 2368 3838 illud
2410 3792 2624 3848 autem,
2672 3798 2867 3853 nempe
2905 3782 3122 3839 inanem
3167 3792 3388 3854 captare
3414 3784 3676 3856 gloriam.

2079 3889 2164 3934 est
2211 3877 2586 3933 immodestize.
2623 3877 2806 3932 Sermo
2831 3887 2992 3932 vester
3017 3893 3219 3948 semper
3243 3878 3297 3931 in
3326 3870 3529 3948 gratia,
3572 3879 3682 3932 sale

2079 3973 2144 4026 sit
2169 3971 2428 4026 conditus.
2463 3971 2578 4026 Hoc
2607 3980 2726 4036 est,
2777 3987 2845 4026 ne
2891 3971 3160 4026 sermonis
3190 3971 3359 4042 gratia
3405 3987 3471 4028 eo
3513 3972 3680 4029 deve-

2080 4064 2192 4118 niat
2211 4107 2225 4130 ,
2261 4073 2316 4119 ut
2339 4079 2406 4120 eo
2435 4073 2656 4118 utantur
2681 4065 2815 4118 citra
2841 4063 3157 4119 discrimen.
3191 4063 3340 4120 Licet
3363 4067 3530 4131 enim,
3555 4065 3682 4122 licet

2077 4155 2285 4212 urbane
2311 4165 2366 4211 et
2396 4156 2575 4227 lepide
2617 4157 2802 4226 loqui,
2834 4155 2932 4212 sed
2961 4171 3084 4211 cum
3110 4172 3171 4211 ea
3211 4173 3314 4226 qua
3345 4173 3445 4228 par
3471 4168 3553 4212 est
3583 4158 3682 4212 ho-

2077 4260 2291 4305 nestate
2333 4259 2388 4306 et
2417 4250 2635 4305 decore.
2691 4250 2759 4305 Ut
2801 4250 2979 4305 sciatis
3018 4250 3271 4320 quomodo
3312 4261 3544 4321 Oporteat
3589 4267 3712 4306 vos"

2076 4341 2347 4411 unicuique
2384 4341 2710 4412 respondere.
2742 4340 3104 4409 Quamobrem
3139 4357 3243 4396 non
3288 4351 3503 4411 Oportet
3530 4343 3678 4398 simi-

2076 4434 2202 4490 liter
2241 4434 2387 4505 loqui
2417 4449 2538 4490 cum
2586 4433 2869 4502 omnibus,
2917 4449 3038 4489 cum
3087 4434 3310 4501 Graecis,
3351 4437 3587 4505 inquam,
3621 4446 3677 4491 et

2077 4529 2353 4584 fratribus.
2384 4528 2732 4600 Nequaquam
2757 4546 2770 4582 :
2796 4528 2898 4584 hoc
2926 4529 3070 4584 cnim
3101 4539 3182 4586 est
3203 4540 3462 4586 extrema:
3491 4546 3680 4586 amen-

2079 4623 2187 4676 tite.
2219 4621 2274 4675 7.
2319 4619 2447 4688 Qui:
2484 4621 2621 4675 circa
2660 4637 2739 4675 me
2784 4630 2934 4685 sunt,
2968 4621 3141 4675 omnia
3183 4621 3321 4676 vobis
3364 4630 3482 4676 nota
3529 4623 3682 4692 faciet

2079 4713 2330 4785 Tychirus
2355 4754 2370 4778 ,
2423 4714 2719 4768 carissimus
2762 4714 2942 4782 frater,
2975 4723 3021 4767 et
3065 4713 3233 4783 ﬁdelis
3263 4712 3513 4779 minister,
3554 4729 3678 4766 con-

2075 4821 2250 4860 servus
2275 4806 2331 4860 in
2357 4805 2604 4861 Domino.
2642 4805 2799 4876 Papae
2826 4807 2838 4860 !
2869 4813 3070 4876 quanta
3097 4812 3182 4860 est
3208 4803 3363 4860 Pauli
3388 4804 3673 4873 sapientia.

2074 4895 2194 4952 Non
2227 4897 2409 4952 omnia
2442 4899 2629 4953 inserit
2659 4899 2710 4952 in
2741 4896 3013 4968 epistolis,
3052 4895 3149 4953 sed
3175 4911 3294 4966 quae
3321 4905 3448 4950 sunt
3477 4910 3672 4950 neces-

2076 4993 2216 5047 saria
2241 5001 2296 5048 et
2318 4993 2560 5063 urgentia
2588 5011 2600 5048 :
2625 4992 2796 5062 primo
2813 4990 3030 5062 quidem
3053 4989 3245 5045 nolens
3265 5003 3357 5044 eas
3374 4989 3427 5042 in
3452 4988 3672 5043 nimiam

2077 5085 2369 5140 extendere
2417 5083 2808 5154 longitudinem
2841 5097 2856 5137 :
2889 5081 3132 5138 secundo
3160 5091 3371 5146 autem,
3419 5096 3542 5137 eum
3578 5081 3672 5152 qui

2076 5177 2436 5249 proficiscitur
2484 5177 2716 5233 reddens
2745 5177 2914 5247 magis
2944 5175 3302 5232 reverendam
3323 5215 3339 5239 ,
3374 5184 3434 5230 ut
3476 5175 3675 5230 habeat

2075 5270 2276 5341 aliquid
2307 5270 2449 5341 quod
2494 5278 2718 5325 narret:
2758 5269 2949 5336 tertio,
2987 5267 3280 5324 ostendens
3317 5275 3575 5337 quantum
3617 5267 3672 5320 in

2076 5379 2198 5418 eum
2229 5364 2297 5418 sit
2325 5361 2578 5429 affectus;
2630 5377 2734 5417 non
2763 5363 2907 5418 enim
2939 5361 3071 5418 alias
3112 5361 3161 5416 ei
3193 5361 3308 5415 haec
3331 5357 3667 5415 mandasset.

2079 5457 2284 5514 Deinde
2311 5466 2465 5511 erant
2493 5455 2740 5526 quaedam
2769 5471 2889 5526 qua:
2918 5469 3026 5510 non
3065 5451 3350 5524 oportebat
3379 5451 3673 5522 significari

2075 5549 2267 5605 literis.
2301 5547 2629 5615 Carissimus,
2662 5548 2854 5618 inquit,
2897 5551 3078 5618 frater.
3107 5544 3164 5601 Si
3192 5544 3526 5611 carissimus,
3558 5544 3670 5598 sci-

2077 5641 2152 5695 vit
2174 5640 2382 5705 omnia,
2415 5649 2470 5694 et
2503 5655 2629 5695 eum
2659 5639 2790 5694 nihil
2818 5638 3048 5696 celabat.
3079 5636 3147 5691 Et
3178 5635 3347 5706 ﬁdelis
3367 5634 3598 5688 minister
3621 5645 3670 5689 et

2075 5750 2345 5788 conservus
2375 5733 2428 5786 in
2454 5731 2696 5787 Domino.
2730 5731 2786 5786 Si
2826 5729 3002 5786 fidelis
3025 5770 3040 5795 ,
3083 5728 3219 5785 nihil
3261 5727 3591 5792 mentietur;
3623 5727 3669 5781 si

2075 5837 2374 5881 conservus
2397 5863 2412 5890 ,
2441 5823 2541 5880 fuit
2571 5824 2752 5880 socius
2780 5833 2830 5879 et
2859 5823 3127 5893 particeps
3154 5819 3530 5877 tentationum.
3553 5815 3668 5873 Un-

2075 5916 2238 5987 dique
2264 5929 2394 5986 ergo
2423 5915 2638 5988 collegit
2667 5915 2721 5971 id
2763 5913 2906 5987 quod
2950 5914 3111 5971 fidem
3141 5912 3361 5968 iaceret.
3402 5908 3456 5966 8.
3502 5908 3664 5977 Quem

3258 6015 3341 6077 2h
