4140 6500
532 398 636 455 5'75

531 512 650 566 misi
670 511 736 565 ad
766 526 850 565 vos
875 509 941 564 ad
971 510 1064 564 hoc
1087 509 1273 581 ipsum.
1307 507 1402 563 llic
1428 505 1652 561 multam
1698 502 1937 560 ostendit
1985 499 2121 556 dile-

533 604 797 664 ctiouem.
825 603 1088 673 siquidem
1119 617 1242 657 cum
1275 599 1398 655 ideo
1425 599 1604 660 misit,
1635 607 1688 652 et
1730 612 1792 652 ea
1825 598 1921 650 fuit
1957 607 2118 651 causa

532 710 628 749 cur
655 710 874 764 peregre
916 695 983 748 sit
1025 692 1298 763 prolectus
1324 709 1338 746 :
1369 688 1513 762 quod
1542 691 1703 746 etiam
1748 689 1960 746 diccbat
1985 689 2118 745 scri-

533 787 665 842 bens
706 786 771 841 ad
825 785 1332 841 Thessalonicenses
1357 803 1370 839 :
1397 783 1618 855 Propter
1657 782 1796 854 quod
1844 799 1945 837 non
1973 782 2126 836 susti-

532 888 702 933 nentes
731 879 952 948 amplius
972 919 988 943 ,
1017 878 1208 949 placuit
1242 878 1385 932 nobis
1430 877 1551 931 solis
1579 892 1835 931 remanere
1873 873 2084 928 Athenis
2105 914 2120 938 ,

531 982 578 1024 et
622 971 851 1025 misimus
903 971 1226 1026 Timotheum
1271 973 1484 1041 fratrem
1535 979 1764 1023 nostrum
1809 965 2120 1038 (L-Thess.

529 1067 582 1119 5.
618 1067 668 1120 Ι.
695 1065 774 1136 9.).
817 1065 897 1120 Ad
930 1063 1195 1134 Ephesios
1221 1078 1434 1134 quoque
1464 1077 1586 1118 eum
1631 1062 1801 1131 ipsum
1835 1060 2025 1124 mittit,
2069 1068 2122 1115 ct

531 1168 752 1229 propter
801 1157 1045 1213 eamdem
1089 1172 1352 1213 causam:
1415 1154 1483 1211 Ut
1525 1161 1790 1226 cognoscat
1831 1168 1944 1224 qua:
1987 1152 2123 1205 circa

533 1268 618 1305 vos
671 1261 787 1306 sunt
831 1260 880 1305 ct
931 1250 1218 1305 consoletur
1257 1248 1412 1302 corda
1459 1257 1622 1301 vestra
1650 1244 1864 1315 (Ep/tes.
1914 1245 1965 1300 6.
1999 1243 2117 1313 9.9).

535 1342 666 1398 \‘ide
693 1343 818 1413 quid
857 1342 999 1396 dicat
1027 1359 1039 1392 :
1069 1340 1182 1395 Non
1216 1349 1271 1394 ιιι
1303 1353 1398 1394 vos
1443 1353 1532 1393 res
1560 1353 1707 1392 meas
1737 1336 1955 1392 discatis
1978 1376 1992 1398 ,
2025 1335 2119 1392 sed

533 1448 591 1490 ut
616 1451 716 1507 ego
746 1444 951 1490 vestras
979 1451 994 1489 :
1020 1434 1091 1489 ita
1139 1447 1400 1504 nusquam
1447 1431 1588 1502 quod
1629 1447 1783 1486 suum
1830 1441 1912 1486 est
1941 1431 2115 1503 ponit.

529 1528 772 1584 Ostendit
798 1543 890 1581 eos
919 1541 1142 1596 quoque
1167 1540 1289 1580 esse
1320 1525 1373 1579 in
1402 1524 1786 1579 tentationibus
1807 1565 1821 1587 ,
1853 1522 2080 1579 dicendo
2100 1563 2116 1588 ,

534 1620 600 1675 Ut
620 1619 903 1674 consoletur
931 1617 1088 1672 corda
1113 1626 1297 1672 vestra.
1332 1617 1389 1672 9.
1416 1615 1540 1672 Cum
1572 1616 1830 1680 Onesiuto,
1855 1616 2118 1670 carissimo

527 1724 574 1769 et
602 1714 738 1783 fideli
767 1718 943 1786 fratre,
971 1714 1060 1784 qui
1082 1730 1146 1768 ea;
1174 1713 1310 1768 vobis
1336 1722 1428 1767 est.
1461 1711 1675 1778 Omnia,
1702 1727 1816 1781 qua:
1841 1710 1924 1765 hic
1947 1726 2115 1780 agun-

529 1819 630 1869 tur,
659 1815 776 1861 nota
804 1807 991 1876 facient
1017 1806 1173 1861 vobis.
1209 1805 1306 1860 llic
1344 1813 1429 1879 cst
1449 1801 1777 1867 Onesimus,
1804 1801 1874 1858 de
1913 1817 2020 1872 quo
2049 1802 2113 1858 ad

528 1899 896 1955 Philemonem
939 1898 1181 1954 scribens
1225 1897 1471 1963 dicebat,
1531 1897 1691 1963 Quem
1735 1912 1826 1968 ego
1851 1897 2114 1951 volueram

525 2007 720 2044 mecum
753 1991 977 2046 detinere
1001 2030 1016 2055 ,
1049 1998 1103 2043 ut
1131 2006 1223 2058 pro
1250 2000 1295 2044 te
1324 1989 1448 2042 mihi
1487 1988 1796 2043 ministraret
1824 1989 1875 2043 in
1898 1988 2112 2043 vinculis

525 2083 771 2154 evangelii
808 2084 960 2137 :sine
1003 2083 1217 2138 consilio
1246 2091 1413 2137 autem
1453 2092 1539 2136 tuo
1581 2082 1709 2136 nihil
1747 2081 1881 2136 volui
1923 2083 2092 2154 facere

527 2173 779 2239 (Philem.
808 2176 920 2244 15).
978 2174 1140 2229 Addit
1185 2175 1346 2229 etiam
1393 2174 1692 2230 cncomium
1736 2174 1995 2240 civitatis,
2055 2184 2112 2230 ut
2151 2247 2156 2252 _

526 2267 686 2322 etiam
721 2267 1101 2337 gloriarentur,
1152 2282 1250 2321 nec
1282 2266 1454 2320 solum
1501 2282 1606 2320 non
1639 2265 1985 2322 afﬁcerentur
2011 2281 2112 2336 pu-

525 2360 678 2428 dore,
711 2360 898 2415 dicens
930 2377 944 2414 :
981 2359 1082 2426 Qui
1107 2369 1179 2413 est
1204 2376 1266 2414 ea:
1297 2361 1450 2414 vobis.
1477 2358 1682 2426 Omnia,
1701 2375 1814 2428 qute
1834 2361 1915 2414 hic
1943 2376 2112 2430 agun-

533 2465 634 2519 tur,
676 2461 798 2506 nota
836 2453 1023 2523 facient
1061 2452 1217 2506 vobis.
1254 2451 1340 2517 10,
1384 2449 1590 2506 Salutat
1643 2467 1730 2508 vos
1785 2451 2107 2506 Aristarchus

528 2544 855 2615 concaptivus
899 2560 1058 2597 nisus.

594 2636 650 2690 ἓ.
698 2637 809 2691 lloc
831 2637 1076 2691 encomio
1100 2637 1298 2692 mdlum
1321 2646 1402 2692 est
1429 2637 1616 2706 majus.
1647 2637 1744 2693 llic
1777 2646 1857 2693 est
1879 2638 1965 2709 qui
1989 2653 2108 2693 cum

525 2730 642 2796 ipso
681 2728 944 2784 abductus
983 2728 1081 2784 fuit
1127 2729 1499 2802 .lcrosolymis.
1549 2730 1720 2801 Majns
1765 2731 1899 2786 dixit
1945 2747 2104 2802 quam

527 2821 802 2890 prophetre
833 2839 846 2874 :
878 2835 1000 2876 nam
1029 2821 1100 2876 illi
1132 2821 1346 2892 quidem
1379 2822 1588 2893 scipsos
1627 2823 1811 2879 dicunt
1838 2823 2104 2894 hOSpitcs,

523 2913 760 2968 advenas
803 2924 855 2970 et
886 2914 1231 2985 peregrinos;
1277 2915 1364 2971 hic
1404 2924 1585 2973 autem
1627 2918 1788 2972 etiam
1818 2917 2107 2987 captivum.

528 3004 819 3075 Tamquam
849 3006 992 3062 enim
1022 3006 1263 3076 captivus
1306 3007 1385 3063 sic
1418 3008 1678 3079 agebatur
1720 3018 1774 3065 et
1813 3009 2110 3078 ferebatur,

523 3106 580 3152 ct
607 3095 673 3152 ad
705 3096 841 3154 male
871 3097 1176 3168 patiendum
1204 3099 1283 3154 sic
1324 3108 1440 3154 erat
1471 3101 1722 3156 omnibus
1763 3101 2104 3171 propositus;

527 3192 635 3244 imo
663 3205 791 3245 vero
820 3190 923 3246 illis
949 3191 1124 3262 pejus.
1157 3191 1288 3246 Nam
1317 3191 1439 3246 illos
1459 3191 1672 3261 quidem
1695 3200 1974 3263 postquam
1999 3208 2108 3248 ce-

527 3290 719 3350 perunt
759 3281 977 3349 hostes,
1017 3296 1112 3338 eos
1158 3283 1312 3338 valde
1354 3291 1545 3338 curant
1587 3292 1644 3338 ut
1690 3284 1790 3339 sibi
1823 3285 2105 3354 proprios;

528 3373 670 3431 hunc
690 3383 868 3431 autem
895 3384 953 3430 ut
977 3374 1183 3432 hostem
1214 3387 1268 3430 et
1292 3376 1564 3432 inimicum
1583 3390 1772 3433 omnes
1802 3377 2032 3448 agebant
2054 3387 2108 3434 ct

527 3466 797 3532 ferebant,
825 3466 1206 3534 verberantes,
1237 3468 1414 3539 ﬂagris
1446 3468 1738 3539 caedentes,
1768 3472 2110 3530 contumeliis

526 3558 851 3625 allicientes,
894 3559 1308 3616 calumniantes.
1357 3560 1469 3616 lloc
1499 3561 1607 3617 illis
1645 3563 1809 3618 etiam
1841 3575 1958 3621 erat
1984 3580 2112 3621 cou-

525 3650 773 3706 Solationi
809 3667 821 3702 :
849 3666 972 3706 eum
1007 3652 1149 3708 enim
1179 3663 1481 3722 praeceptor
1524 3654 1576 3708 in
1621 3653 1811 3710 iisdem
1845 3666 2113 3726 versatur,

529 3745 785 3813 majorem
815 3744 1238 3801 consolationem
1265 3747 1533 3816 accipiunt
1563 3747 1839 3818 discipuli.
1876 3749 1941 3804 Et
1971 3750 2117 3806 Mar-

511 3852 616 3890 cus
644 3836 971 3890 consobrinus
1001 3835 1274 3891 Barnabw.
1309 3837 1462 3893 llunc
1495 3854 1709 3910 quoque
1731 3841 1841 3912 jam
1872 3841 2114 3898 laudavit

527 3943 593 3982 ex
620 3929 936 3998 cognatione
970 3946 984 3984 :
1012 3940 1130 3985 erat
1162 3931 1306 3986 enim
1343 3931 1615 3988 Barnabas
1645 3933 1728 3988 vir
1758 3951 2004 4006 magnus.
2034 3937 2112 3992 De

514 4037 625 4088 .quo
647 4021 906 4088 accepistis
945 4022 1186 4075 mundata
1209 4038 1228 4076 :
1247 4023 1292 4077 si
1320 4025 1506 4078 venerit
1532 4025 1602 4078 atl
1623 4042 1740 4093 vos,
1779 4031 2016 4098 suscipite
2044 4031 2115 4084 il-

527 4111 653 4165 lum.
689 4111 826 4180 Quid
869 4113 1038 4169 vero?
1061 4128 1166 4169 non
1215 4113 1372 4171 aliter
1415 4117 1824 4186 suscepissent?
1851 4119 2112 4186 Maxime;

513 4205 620 4260 sed
645 4246 662 4272 ,
691 4206 821 4261 Cum
853 4221 1046 4278 magno
1069 4247 1084 4272 ,
1128 4207 1335 4278 inquit,
1367 4209 1491 4264 volo
1520 4210 1695 4266 studio
1731 4230 1745 4266 :
1789 4213 1972 4268 ethoc
2002 4228 2119 4267 ma—

513 4313 686 4362 guum
745 4298 916 4353 virum
958 4298 1219 4354 ostendit.
1255 4297 1533 4356 Undenam
1584 4312 1763 4358 autem
1811 4306 2117 4373 acceperint

533 4388 776 4444 mandata
798 4431 814 4456 ,
844 4404 948 4444 non
975 4389 1122 4446 dicit.
1149 4392 1240 4446 il.
1287 4390 1355 4445 Et
1381 4390 1556 4460 Iesus,
1585 4395 1674 4463 qui
1699 4394 1887 4448 dicitur
1909 4395 2108 4450 Justus.

533 4479 633 4533 Iste
678 4478 905 4535 fortasse
954 4491 1072 4536 erat
1121 4480 1449 4537 Corinthius.
1483 4483 1687 4540 Deinde
1729 4484 1821 4539 dat
1862 4487 2115 4542 omnibus

526 4585 814 4626 eottnnuue
841 4572 1143 4627 cncomium
1166 4613 1180 4640 ,
1203 4587 1332 4628 cum
1362 4573 1588 4631 dixisset
1615 4577 1757 4646 quod
1788 4586 1904 4632 erat
1930 4579 2114 4633 unius-

527 4661 788 4732 cujusque
833 4663 1112 4735 proprium
1143 4681 1158 4718 :
1194 4663 1296 4730 Qui
1341 4675 1458 4721 sunt
1501 4682 1564 4720 ea:
1605 4667 1986 4723 circumcisione
2013 4686 2032 4724 :
2062 4671 2115 4724 hi

525 4755 625 4808 soli
641 4765 757 4809 sunt
786 4756 1048 4827 adjutores
1085 4757 1181 4812 utei
1207 4759 1260 4812 in
1283 4773 1439 4829 regno
1466 4757 1564 4814 Dei
1589 4777 1609 4814 :
1633 4761 1720 4831 qui
1753 4761 1879 4815 mihi
1907 4762 2114 4832 fuerunt

527 4846 729 4902 solatio.
772 4847 1062 4918 Postquam
1097 4849 1274 4915 dixit,
1305 4849 1678 4920 Concaptivus,
1711 4867 1780 4908 ne
1808 4853 2114 4909 auditorum

529 4939 766 4992 animum
795 4940 954 4994 simul
984 4939 1197 5011 dejiciat
1222 4981 1237 5009 ,
1269 4941 1391 4997 vide
1419 4943 1689 5012 quomodo
1713 4943 1817 5000 hoc
1844 4954 2026 5015 ponat,
2059 4954 2116 5002 et

529 5045 625 5085 eos
655 5031 900 5087 excitet:
931 5031 1209 5105 Adjutores
1229 5075 1245 5100 ,
1297 5032 1486 5105 inquit,
1518 5035 1618 5090 mei
1644 5036 1713 5090 ad
1756 5053 1967 5109 regnum
2000 5037 2114 5094 Dei.

529 5126 888 5192 Quamobrem
901 5140 1036 5180 ecum
1067 5126 1174 5182 sint
1201 5127 1334 5183 socii
1366 5129 1719 5185 tentationum
1745 5171 1760 5197 ,
1790 5138 1917 5185 sunt
1944 5130 2108 5186 etiam

531 5219 682 5286 regni
701 5216 854 5272 socii.
878 5215 979 5283 Qui
999 5216 1204 5286 fuerunt
1220 5217 1345 5272 mihi
1363 5217 1567 5274 solatio.
1596 5219 1843 5276 Ostendit
1873 5236 1968 5277 eos
1995 5236 2117 5278 esse

532 5321 776 5376 magnos,
796 5305 1058 5376 siquidem
1081 5307 1244 5362 Paulo
1259 5308 1472 5364 fuerunt
1487 5309 1699 5366 solatio.
1717 5309 1824 5367 Sed
1840 5311 2117 5368 videamus

533 5395 680 5450 Pauli
701 5396 1056 5466 prudentiam.
1079 5396 1147 5452 In
1163 5400 1431 5467 sapientia,
1457 5401 1646 5471 inquit,
1671 5402 1926 5458 ambulate
1947 5403 2016 5458 ad
2031 5421 2114 5459 eos

529 5489 616 5554 qui
634 5487 761 5556 foris
774 5499 914 5554 sunt,
941 5479 1136 5559 tempus
1156 5489 1475 5547 redimentes.
1498 5491 1612 5548 Hoc
1633 5503 1736 5560 est,
1760 5492 1875 5549 Non
1902 5505 1986 5551 est
2019 5509 2113 5551 ve-

533 5591 700 5632 snum
729 5589 959 5651 tempus,
983 5580 1077 5636 sed
1104 5582 1315 5638 illorum
1344 5601 1358 5640 :
1388 5583 1556 5639 nolite
1580 5599 1711 5655 ergo
1733 5584 2028 5641 dominium
2060 5596 2116 5642 et

532 5672 906 5728 auctoritatem
933 5673 1085 5730 vobis
1113 5675 1420 5743 vindicare,
1467 5675 1564 5732 sed
1596 5687 1807 5747 tempus
1838 5680 2112 5736 redimite.

532 5760 715 5830 Neque
742 5762 877 5818 dixit
904 5763 1265 5832 solummodo,
1297 5767 1506 5834 Emite,
1536 5768 1666 5838 sed,
1698 5768 1964 5826 Redimite
1984 5813 2000 5838 ,
2037 5771 2118 5826 si-

533 5851 794 5922 gniﬁcans
847 5855 1012 5924 quod,
1064 5859 1142 5912 sic
1185 5857 1394 5930 affecti,
1447 5859 1606 5916 aliter
1655 5861 1830 5933 ipsum
1877 5875 2113 5921 vestrum

1207 394 1264 450 S.
1303 391 1580 452 JOANNIS
1617 383 2087 448 CHRYSOSTOill
2131 381 2444 440 ARGlllEP.
2483 384 3013 452 CONSTAN'HNOP.

3719 405 3822 464 376

2227 497 2444 554 efficite.
2493 500 2728 559 Summa:
2765 505 2908 561 cnim
2938 504 3100 563 fuerit
3143 509 3427 578 amentim,
3476 510 3739 570 bellorum
3765 529 3819 574 et

2231 589 2630 647 inimicitiarum
2665 597 2972 665 excogitare
3017 599 3350 656 occasiones.
3395 601 3528 658 Nam
3576 606 3642 660 ad
3677 608 3816 676 hoc,

2228 681 2368 752 quod
2382 683 2631 752 pericula
2659 691 2991 744 sustinemus
3018 690 3288 762 superﬂua
3329 703 3384 748 et
3415 711 3538 766 quae
3564 697 3696 753 nihil
3727 700 3821 754 ha-

2227 771 2355 828 bent
2384 774 2516 829 lucri
2535 817 2549 839 ,
2579 777 2720 834 aliud
2748 795 2963 850 quoque
2999 781 3255 837 damnum
3299 786 3541 852 accedit,
3581 789 3722 858 quod
3752 792 3819 846 ad

2229 881 2325 920 nos
2369 866 2544 923 (ἓνωοί
2586 885 2692 925 non
2729 874 3008 928 accedant.
3049 875 3182 931 Nam
3229 879 3445 948 quando
3488 879 3833 940 fueris-inter

2228 959 2438 1027 fratres,
2469 963 2662 1019 merito
2688 965 2916 1022 confidis
2942 985 2954 1020 :
2988 967 3118 1023 foris
3139 982 3318 1025 autem
3345 988 3450 1027 non
3479 974 3558 1029 sic
3583 987 3817 1047 oportet.

2229 1051 2389 1109 Vides
2409 1057 2676 1124 quomodo
2698 1057 2894 1130 ubique
2915 1076 3007 1117 eos
3029 1062 3118 1131 qui
3141 1073 3264 1118 sunt
3281 1063 3412 1120 foris
3429 1065 3559 1121 dicit
3577 1067 3816 1125 Graecos.

2227 1145 2514 1215 Propterea
2552 1149 2765 1206 diccbat
2805 1152 2966 1207 etiam
3015 1143 3261 1211 scribens
3313 1158 3379 1212 ad
3429 1159 3814 1218 Timotheum:

2229 1237 2440 1309 Oportet
2457 1241 2620 1311 ipsum
2637 1253 2684 1296 et
2702 1242 2764 1297 ab
2782 1245 2845 1299 iis
2866 1247 2955 1316 qui
2981 1248 3108 1318 {oris
3125 1259 3240 1303 sunt
3257 1249 3443 1305 bonum
3464 1253 3648 1310 habere
3672 1259 3814 1313 testi-

2225 1334 2450 1387 monium
2478 1333 2555 1404 (1.
2585 1333 2716 1389 Tim.
2744 1336 2798 1390 5.
2828 1337 2914 1408 7);
2943 1347 2995 1393 ct
3037 1355 3243 1407 rursus,
3276 1342 3414 1409 Quid
3441 1347 3573 1399 enim
3604 1364 3712 1402 utea
3737 1365 3819 1401 re-

2223 1428 2320 1494 fert
2349 1425 2411 1479 de
2440 1425 2503 1480 iis
2539 1427 2626 1495 qui
2655 1427 2780 1498 foris
2807 1438 2926 1483 sum
2945 1431 3183 1499 judicare
3212 1434 3298 1504 (Ι.
3329 1434 3448 1491 Cor.
3482 1437 3534 1492 5.
3573 1440 3719 1511 i2)?
3750 1440 3816 1496 In

2223 1517 2494 1588 sapientia,
2525 1518 2717 1589 inquit,
2746 1520 3000 1575 ambulate
3023 1523 3091 1575 ad
3115 1539 3199 1577 eos
3223 1525 3310 1595 qui
3337 1528 3464 1595 foris
3491 1540 3627 1583 sunt.
3653 1531 3816 1589 Foris

2221 1609 2364 1662 enim
2389 1617 2532 1676 sunt,
2563 1610 2662 1665 etsi
2685 1610 2932 1667 eumdem
2955 1627 3114 1683 quem
3143 1630 3242 1671 nos
3265 1618 3522 1674 mundum
3538 1619 3813 1689 habitent,

2223 1711 2281 1756 ut
2322 1703 2410 1773 qui
2438 1703 2542 1757 sint
2582 1713 2733 1759 extra
2779 1719 3002 1776 regnum
3043 1715 3098 1762 ct
3141 1706 3360 1764 domum
3410 1713 3594 1780 patris.
3642 1712 3814 1770 Simul

2221 1795 2382 1849 etiam
2414 1811 2508 1850 eos
2535 1796 2864 1863 consolatur,
2914 1797 3034 1853 illos
3075 1813 3273 1854 vocans
3309 1810 3596 1859 extraneos
3624 1821 3638 1857 :
3671 1808 3814 1876 quod

2221 1888 2434 1956 quidem
2457 1887 2671 1945 dicebat
2700 1889 2967 1959 superius,
3001 1889 3118 1944 Vita
3145 1902 3308 1946 vestra
3336 1895 3582 1950 absconsa
3605 1909 3678 1951 est
3699 1914 3816 1953 cum

2220 1981 2422 2038 Christo
2447 1983 2499 2036 in
2524 1982 2636 2038 Deo
2661 1983 2794 2057 (Col.
2818 1985 2870 2040 3.
2891 1983 2969 2056 '5).
2999 1984 3172 2050 Tunc,
3205 1986 3397 2057 inquit,
3421 1988 3647 2058 gloriam
3675 2005 3815 2060 qum-

2221 2077 2344 2146 rite,
2375 2086 2500 2133 tunc
2523 2077 2779 2143 honores,
2811 2087 2936 2133 tunc
2959 2077 3061 2132 alia
3084 2077 3295 2144 omnia;
3331 2096 3472 2137 nunc
3501 2092 3680 2139 autem
3714 2101 3814 2141 ne-

2219 2185 2484 2242 quaquam
2507 2215 2522 2238 ,
2555 2170 2650 2226 sed
2689 2171 2793 2226 illis
2821 2170 3083 2241 prtebete.
3134 2172 3371 2240 Deinde,
3407 2189 3474 2229 ne
3508 2185 3662 2246 putes
3689 2192 3809 2233 eum

2220 2260 2286 2315 de
2318 2262 2560 2331 pecuniis
2581 2262 2748 2332 loqui,
2781 2262 2928 2318 addit
2955 2262 3184 2319 :.Sermo
3208 2273 3369 2320 vester
3395 2282 3594 2338 semper
3618 2269 3669 2322 in
3691 2287 3812 2340 gra-

2219 2353 2319 2418 tia,
2347 2354 2454 2408 sale
2485 2355 2551 2408 sit
2579 2354 2814 2420 conditus
2837 2395 2852 2419 ,
2895 2363 2950 2408 ut
2981 2355 3154 2410 sciatis
3191 2356 3441 2426 quomodo
3469 2369 3696 2427 oporteat
3725 2376 3812 2415 vos

2219 2446 2490 2517 unicuique
2509 2446 2830 2514 respondere.
2857 2444 2926 2502 Ut
2955 2461 3061 2501 non
3088 2447 3157 2502 sit
3187 2447 3379 2518 plenus
3410 2450 3700 2521 hypocrisi,
3733 2452 3813 2506 in-

2219 2539 2369 2610 quit:
2405 2539 2508 2594 hoc
2531 2539 2673 2594 enim
2702 2554 2808 2595 non
2838 2547 2922 2595 est
2946 2539 3114 2610 gratia
3139 2582 3153 2608 ,
3182 2556 3356 2611 neque
3375 2583 3390 2608 ,
3425 2541 3550 2597 Sale
3578 2553 3662 2600 est
3684 2558 3814 2600 con-

2219 2632 2408 2688 ditum.
2433 2631 2504 2688 Ut
2531 2640 2677 2702 puta,
2708 2631 2913 2702 absque
2955 2631 3194 2702 periculo
3223 2633 3404 2688 colere
3431 2644 3676 2704 aperteat
3695 2678 3711 2704 ,
3743 2652 3813 2693 ne

2219 2739 2434 2781 recuses
2461 2743 2474 2780 :
2499 2726 2542 2779 si
2571 2733 2782 2795 tempus
2807 2724 2876 2779 sit
2898 2723 3109 2795 placide
3137 2725 3411 2795 loquendi,
3445 2742 3510 2781 ne
3537 2742 3652 2782 cam
3680 2743 3801 2784 rem

2220 2817 2496 2873 existimes
2525 2817 2980 2872 assentationem:
3013 2815 3094 2872 fac
3115 2816 3294 2872 omnia
3321 2833 3439 2888 qua:
3460 2818 3526 2874 ad
3550 2819 3808 2876 honorem

2219 2910 2481 2975 attinent,
2531 2910 2604 2964 ita
2641 2917 2701 2964 ut
2737 2924 2843 2964 non
2885 2909 3111 2964 laedatur
3137 2909 3324 2979 pietas.
3358 2909 3474 2966 Non
3502 2910 3650 2968 vides
3679 2927 3814 2984 quo—

2220 3003 2382 3059 modo
2411 3003 2593 3058 Daniel
2623 3001 2897 3059 hominem
2924 3003 3054 3058 colit
3083 3003 3344 3073 impium?
3372 3019 3477 3058 non
3507 3003 3654 3060 vides
3681 3019 3816 3075 quo-

2221 3095 2382 3153 modo
2403 3104 2514 3151 tres
2538 3095 2690 3165 pueri
2705 3110 2827 3150 cum
2851 3095 3111 3165 sapientia
3132 3095 3246 3167 regi
3269 3094 3560 3150 offerantur
3579 3105 3631 3152 et
3646 3097 3812 3152 animi

2219 3188 2570 3245 ostendentes
2598 3187 2972 3244 fortitudinem
2999 3197 3054 3243 et
3091 3188 3302 3244 dicendi
3337 3189 3637 3245 libertatem
3657 3232 3672 3257 ,
3703 3205 3814 3245 non

2220 3293 2398 3337 autem
2453 3281 2793 3337 temerariam
2841 3278 3118 3335 audaciam
3170 3289 3225 3337 et
3273 3281 3665 3349 asperitatem?
3710 3281 3817 3336 hoc

2221 3375 2364 3430 enim
2387 3388 2495 3429 non
2523 3382 2604 3429 est
2627 3371 2881 3444 loquendi
2906 3372 3171 3429 libertatis
3190 3379 3246 3428 et
3266 3371 3494 3438 fiducite,
3521 3372 3614 3428 sed
3637 3372 3818 3428 inanis

2220 3465 2427 3537 gloriae.
2463 3463 2530 3520 Ut
2568 3465 2740 3519 sciatis
2760 3506 2776 3532 ,
2809 3463 3017 3535 inquit,
3047 3464 3302 3535 quomodo
3332 3476 3563 3535 oporteat
3591 3482 3676 3520 vos
3699 3467 3820 3520 uni-

2221 3559 2400 3628 cuique
2427 3558 2754 3629 respondere.
2787 3557 2959 3613 Aliter
2995 3559 3138 3614 enim
3166 3557 3432 3629 principi,
3465 3559 3620 3615 aliter
3643 3560 3691 3616 ei
3723 3561 3815 3631 qui

2221 3650 2443 3707 alterius
2471 3659 2625 3721 paret
2669 3651 2938 3721 imperio;
2977 3650 3136 3708 aliter
3163 3650 3355 3720 diviti,
3385 3651 3543 3708 aliter
3572 3653 3815 3725 pauperi.

2221 3743 2435 3812 Quare?
2484 3743 2749 3811 Quoniam
2796 3744 3020 3800 divitum
3068 3754 3121 3801 et
3154 3745 3451 3816 principum
3492 3748 3657 3804 animi
3694 3757 3821 3804 sunt

2224 3837 2621 3904 imbecilliores,
2659 3845 2715 3892 ut
2745 3839 2835 3908 qui
2865 3846 3112 3892 tumeant
3139 3847 3195 3893 et
3219 3837 3466 3894 difﬂuant
3495 3855 3508 3892 :
3539 3855 3644 3910 quo
3671 3839 3731 3895 ﬁt
3757 3848 3820 3895 ut

2223 3927 2363 3998 apud
2391 3943 2485 3984 eos
2513 3945 2572 3983 se
2616 3930 2784 3998 magis
2813 3927 3100 3985 demittere
3127 3937 3183 3984 et
3225 3930 3634 3987 accommodare
3657 3946 3822 4002 opor—

2223 4029 2333 4076 teat
2358 4039 2370 4073 :
2403 4037 2698 4092 pauperum
2727 4029 2904 4077 autem
2931 4031 2987 4076 et
3011 4038 3196 4078 eorum
3222 4023 3310 4094 qui
3339 4031 3465 4078 sunt
3493 4023 3718 4094 subjecti
3740 4024 3820 4080 al-

2225 4114 2355 4180 teri,
2396 4113 2679 4168 solidiores
2722 4122 2778 4168 et
2821 4112 3196 4182 prudentiores
3229 4131 3242 4168 :
3276 4128 3442 4184 quare
3470 4124 3522 4170 et
3549 4113 3636 4170 hic
3663 4125 3822 4172 uten-

2223 4205 2350 4261 dum
2377 4214 2462 4261 est
2491 4205 2680 4276 majori
2709 4205 2961 4277 loquendi
2993 4205 3260 4270 libertate,
3307 4222 3471 4261 unum
3499 4206 3816 4277 spectando,

2223 4312 2418 4367 nempe
2461 4295 2892 4352 tediiicationem.
2933 4294 3050 4351 Non
3080 4296 3334 4366 quoniam
3364 4296 3451 4352 hic
3493 4297 3708 4368 quidem
3734 4308 3824 4353 est

2226 4404 2448 4460 pauper,
2479 4388 2568 4443 ille
2598 4403 2728 4442 vero
2754 4387 2925 4453 dives,
2961 4387 3050 4442 ille
3081 4387 3203 4442 ideo
3233 4387 3354 4457 plus
3384 4388 3700 4456 honorctur,
3731 4389 3824 4447 hic

2225 4494 2355 4534 vero
2381 4479 2589 4543 minus;
2620 4477 2714 4532 sed
2745 4489 2963 4548 propter
3010 4478 3433 4534 imbecillitatem
3481 4480 3568 4536 hic
3601 4481 3824 4551 quidem

2227 4572 2447 4636 feratur,
2479 4571 2570 4626 ille
2601 4585 2730 4626 vero
2760 4587 2867 4625 non
2900 4571 3048 4626 item.
3097 4571 3337 4642 Exempli
3375 4586 3567 4638 causa,
3602 4573 3700 4627 nisi
3741 4574 3826 4627 sit.

2224 4679 2421 4731 causa,
2471 4663 2718 4720 Graecum
2766 4677 2834 4718 ne
2862 4677 3023 4718 voces
3049 4662 3472 4728 exsecrandum,
3524 4677 3699 4734 neque
3740 4664 3827 4719 sis

2225 4757 2683 4825 contumeliosus;
2716 4755 2810 4812 sed
2855 4757 2899 4811 si
2930 4756 2998 4811 de
3042 4755 3290 4826 dogmate
3327 4754 3541 4827 quidem
3572 4755 3780 4827 rogeris
3801 4798 3822 4822 ,

2225 4852 2493 4923 responde
2518 4851 2570 4906 id
2600 4865 2722 4907 esse
2753 4849 3143 4907 exsecrandum
3172 4856 3228 4903 et
3262 4847 3483 4919 impium
3515 4866 3528 4903 :
3571 4849 3614 4904 si
3656 4864 3827 4904 nemo

2226 4955 2404 5001 autem
2431 4952 2604 5015 roget,
2627 4959 2801 5014 neque
2831 4950 2988 5013 cogat
3014 4941 3216 5006 dicere,
3242 4955 3348 4996 non
3375 4949 3588 5012 oportet
3614 4949 3829 4997 temere

2227 5037 2558 5094 inimicitiam
2597 5037 2895 5108 suscipere.
2927 5034 3064 5103 Quid
3091 5035 3233 5089 enim
3266 5048 3489 5090 necesse
3519 5044 3604 5090 est
3629 5050 3827 5104 super-

2225 5144 2488 5186 vacaneas
2507 5128 2610 5184 sibi
2630 5143 2943 5198 comparare
2961 5126 3299 5182 inimicitias?
3321 5127 3551 5194 Rursus,
3569 5127 3613 5182 si
3635 5142 3803 5198 quem

2226 5227 2366 5296 piam
2409 5223 2677 5280 eatechesi
2707 5222 2987 5287 instituas,
3027 5220 3114 5276 die
3140 5230 3200 5275 ut
3242 5221 3479 5292 postulat
3514 5220 3824 5291 subjectum

2225 5323 2636 5385 argumentum;
2665 5313 2864 5383 alioqui
2891 5323 3032 5368 tace.
3065 5311 3122 5366 Si
3165 5327 3346 5368 sermo
3391 5313 3463 5368 sit
3489 5312 3602 5368 sale
3627 5313 3793 5370 condi

2227 5417 2330 5473 tus,
2360 5404 2570 5462 etiamsi
2599 5404 2652 5459 in
2679 5401 3009 5458 difﬂuentem
3039 5402 3288 5458 inciderit
3312 5403 3568 5468 animam,
3594 5401 3823 5458 mollem

2226 5497 2531 5569 restringit;
2564 5496 2776 5552 etiamsi
2801 5495 2856 5550 in
2895 5509 3174 5565 asperam,
3205 5495 3397 5565 levigat
3428 5495 3697 5550 duritiem.
3730 5495 3826 5551 Sis

2225 5591 2526 5662 gratiosus,
2558 5602 2659 5644 nec
2687 5585 2979 5652 molestus;
3015 5601 3117 5642 nec
3165 5601 3351 5641 rursus
3381 5587 3590 5650 mollis,
3624 5585 3722 5642 sed
3763 5597 3823 5642 et

2224 5681 2594 5738 austeritatem
2635 5677 2835 5734 habeas
2862 5687 2917 5734 et
2943 5676 3291 5749 voluptatem.
3332 5677 3464 5732 Nam
3509 5677 3556 5732 si
3599 5677 3721 5747 quis
3748 5678 3826 5735 sit

2224 5788 2384 5844 supra
2424 5771 2643 5828 modum
2667 5777 2943 5838 austerus,
2977 5769 3145 5840 magis
3186 5769 3332 5824 laedit
3369 5783 3528 5840 quam
3556 5767 3819 5838 prodeSt;

2225 5866 2306 5920 sin
2338 5871 2518 5920 autem
2547 5863 2617 5920 sit
2645 5877 2808 5936 supra
2837 5861 3058 5918 modum
3089 5860 3356 5931 urbanus,
3388 5859 3556 5934 magis
3587 5867 3670 5917 est
3700 5875 3823 5914 mo-
