4140 6540
347 410 448 472 5Ἱὸ

351 622 572 693 ήγαγεν.
598 621 711 674 Ὃν
736 620 980 690 ἔπεμψα
1025 621 1176 689 πρὸς
1228 619 1387 690 ὑμᾶς
1437 623 1524 685 είς
1565 619 1713 674 αὐτὸ
1743 620 1942 675 τοῦτο.

318 693 331 752 ’ί
362 707 623 765 Ἐνταῦθα
656 698 754 779 τήν
783 709 1007 780 ἀγάπην
1033 709 1278 762 δείκνυσι
1309 709 1407 778 τὴν
1432 707 1656 778 πολλὴν,
1683 709 1737 762 εῖ
1762 725 1826 777 γε
1851 709 1947 762 καὶ

349 797 431 852 διὰ
450 799 608 850 τοῦτο
641 797 805 850 αὑτὸν
836 798 1171 865 ἀπέσταλκε,
1201 799 1296 852 καὶ
1325 799 1422 869 τῆς
1453 796 1766 869 ἀποδημίας
1799 800 1948 853 αἰτία

353 885 484 957 αῦτη
521 885 776 955 γέγονεν·
815 885 843 938 ὃ
868 887 962 940 καὶ
993 886 1451 941 Θεσσαλονικεῦσι
1495 886 1732 958 γράφων
1763 886 1940 953 ἔλεγε·

353 975 441 1030 Διό
469 975 685 1044 μηκέτι
717 974 1043 1047 στέγοντες
1073 975 1510 1046 ηὐδοκήσαμεν
1543 973 1972 1045 καταλειφθίῆε

352 1079 444 1118 ναι
468 1064 539 1117 ἐν
567 1063 843 1133 Ἀθήναις
893 1065 1094 1134 μόνοι,
1130 1064 1229 1118 καὶ
1268 1063 1628 1134 ἐπέμψαμεν
1666 1064 1948 1132 Τιμόθεον

351 1152 454 1206 τὸν
483 1151 762 1222 ἀδελφὸν
789 1153 981 1222 ἡμῶν.
1025 1153 1138 1206 Καὶ
1170 1153 1438 1224 Ἐφεσίοις
1483 1152 1539 1205 δὲ
1574 1152 1735 1206 αὑτὸν
1757 1152 1947 1206 τοῦτον

357 1239 582 1311 πέμπει,
612 1241 707 1295 καὶ
731 1240 873 1312 ὑπὲρ
896 1240 994 1312 τῆς
1029 1240 1204 1311 αὐτῆς
1231 1241 1442 1304 αίτίας·
1472 1240 1598 1295 Ἵνα
1622 1239 1765 1310 γνῷ,
1789 1241 1944 1312 φησὶ,

354 1329 423 1384 τὰ
470 1329 604 1398 περὶ
662 1328 852 1398 ὑμῶν,
900 1328 998 1383 καὶ
1067 1329 1466 1399 παρακαλέσῃ
1531 1329 1638 1396 τὰς
1698 1329 1948 1398 καρδίας

354 1418 534 1487 ὑμῶν.
567 1421 709 1491 Ὅρα
739 1419 791 1473 τί
817 1435 1011 1490 φησιν·
1047 1421 1159 1491 Οὐχ
1189 1421 1276 1474 ἵνα
1302 1421 1460 1492 ὑμεῖς
1481 1420 1550 1474 τὰ
1575 1420 1683 1490 ἐμὰ
1711 1420 1945 1492 μάθητε,

355 1509 466 1561 ἀλλ’
497 1507 720 1577 ἴναέγὼ
756 1509 826 1562 τὰ
871 1509 1148 1581 ὑμέτερα·
1195 1509 1370 1573 οὕτως
1412 1509 1652 1580 οὐδαμοῦ
1682 1509 1742 1562 τὸ
1781 1509 1947 1563 αὑτοῦ

356 1599 552 1669 τίθησι.
608 1599 896 1655 Δείκνυσιν
944 1601 1144 1664 αὐτοὺς
1174 1600 1271 1654 καὶ
1310 1602 1370 1655 ἐν
1415 1600 1755 1672 πειρασμοῖς
1788 1601 1952 1666 ὄντας

347 1687 428 1758 ’τῷ
475 1689 672 1741 εἰπεῖν·
703 1689 837 1744 Ἵνα
871 1689 1272 1758 παρακαλέσῃ
1317 1687 1426 1756 τὰς
1476 1689 1730 1758 καρδίας
1762 1687 1948 1757 ὑμῶν.

357 1775 478 1829 Σὺν
514 1778 820 1846 Ὀνησίμῳ
852 1775 933 1843 τῷ
966 1777 1255 1848 ἀγαπητῷ
1309 1778 1410 1832 καὶ
1447 1776 1644 1844 πιστῷ
1683 1777 1950 1847 ἀδελφῷ,

357 1864 421 1931 ὃς
459 1865 632 1920 ἐστιν
658 1865 728 1929 ἐξ
753 1864 943 1936 ὑμῶν.
967 1866 1172 1921 Πάντα
1193 1865 1338 1935 ὑμῖν
1369 1864 1692 1935 γνωριοῦσι
1714 1865 1788 1919 τὰ
1812 1858 1948 1918 ὧδε.

358 1955 508 2028 [406]
550 1957 845 2028 Ὀνήσιμος
876 1949 1031 2020 οὗτός
1059 1959 1197 2022 ἐστι,
1237 1955 1369 2027 περὶ
1398 1949 1460 2010 οὗ
1497 1954 1729 2027 γράφων
1755 1954 1833 2027 τῷ
1859 1956 1952 2007 Φι-

351 2035 550 2114 λήμονι
579 2043 780 2112 ἔλεγεν·
815 2046 929 2098 ’⁸ον
960 2043 1306 2113 ἐϐουλόμην
1346 2043 1496 2112 πρὸς
1523 2041 1788 2112 ἐμαυτὸν
1812 2053 1953 2096 κατ-

360 2131 543 2201 έχειν,
577 2135 677 2186 ἵνα
711 2132 865 2202 ὑπὲρ
893 2128 1012 2187 σοῦ
1039 2151 1143 2202 μοι
1173 2130 1431 2200 διακονῇ
1459 2133 1528 2185 ἐν·
1552 2131 1674 2196 τοῖς
1706 2126 1954 2201 δεσμοῖς

358 2222 463 2276 τοῦ
489 2223 860 2292 Εὐαγγελίου
882 2238 897 2254 ·
933 2222 1114 2291 χωρὶς
1135 2220 1203 2274 δὲ
1230 2220 1342 2291 τῆς
1362 2219 1482 2290 σῆς
1503 2219 1745 2292 γνώμης
1772 2219 1956 2274 οὐδὲν

358 2310 634 2379 ἠθέλησα
666 2299 942 2379 ποιῆσαι.
1004 2309 1117 2365 Καὶ
1141 2310 1203 2365 τὸ
1231 2309 1508 2382 ἐγκώμιον
1539 2302 1598 2363 δὲ
1627 2308 1955 2381 προστίθητι

359 2399 455 2470 τῆς
498 2399 727 2463 πόλεως,
776 2391 863 2452 ἵνα
914 2399 1006 2453 καὶ
1041 2391 1590 2468 ¹ιἰγκιιιλλωπίζζωνται,
1656 2397 1736 2470 μὴ
1794 2398 1954 2468 μόνον

360 2489 457 2543 οὑκ
517 2489 981 2560 ὲπαισχύνωνται.
1023 2490 1124 2556 Ὅς
1187 2490 1343 2553 ἐστι,
1399 2489 1589 2562 φησὶν,
1638 2488 1707 2554 ἐξ
1765 2487 1955 2557 ὑμῶν·

359 2577 562 2632 ’Πάντα
609 2578 755 2648 ὑμῖν
787 2578 1110 2649 γνωριοῦσι
1141 2580 1213 2634 τὰ
1245 2573 1382 2633 ὦδε.
1417 2577 1764 2640 Ἀσπάζεται
1801 2574 1959 2647 ὑμᾶς

374 2668 762 2738 Ἀρίσταρχος
801 2670 834 2722 ὀ
861 2665 1372 2737 συναιχμάλωτός
1397 2685 1538 2737 μου.

432 2809 497 2879 β’.
528 2809 695 2862 Οὐδὲν
723 2810 913 2864 τούτου
943 2809 1038 2863 τοῦ
1069 2809 1347 2880 ὲγκωμίου
1369 2809 1571 2880 μεῖζον.
1606 2803 1774 2871 Οὗτός
1811 2809 1956 2862 ἐστιν

352 2903 387 2955 6
427 2900 535 2955 ἀπὸ
559 2899 954 2972 Ἰεροσολύμων
972 2898 1232 2970 ἀναχθεὶς
1253 2901 1369 2970 μετ’
1388 2899 1575 2954 αὐτοῦ,
1605 2897 1808 2963 Μεῖζον
1835 2892 1958 2951 εἷπε

359 2990 470 3043 τῶν
505 2989 804 3062 προφητῶν
850 2981 1035 3051 οὗτος·
1094 2991 1292 3042 ἐκεῖνοι
1333 2989 1436 3058 μὲν
1487 2989 1594 3060 γὰρ
1635 2985 1822 3053 ξένους
1861 2987 1960 3042 καλ⁴

362 3076 777 3149 παρεπιδήμους
806 3075 1037 3141 ἑαυτοὺς
1068 3077 1346 3144 καλοῦσιν,
1386 3072 1542 3141 οὗτος
1580 3077 1638 3130 δὲ
1669 3076 1763 3131 καὶ
1794 3078 1958 3149 αἰχμ-

361 3167 593 3223 άλωτον.
626 3166 899 3238 Καθάπερ
922 3166 1032 3236 γάρ
1061 3154 1433 3236 αἰχμάλωτος.
1462 3164 1640 3229 οὕτως
1667 3154 1834 3237 ἤγετο
1865 3165 1960 3219 καὶ

358 3249 609 3326 ἐφέρετο,
643 3256 739 3309 καὶ
764 3256 934 3307 πᾶσιν
957 3255 1038 3318 είς
1067 3253 1128 3306 τὸ
1161 3253 1349 3317 κακῶς
1380 3253 1612 3325 πάσχειν
1640 3254 1957 3326 προῦκειτο,

364 3344 565 3415 μᾶλλον
612 3334 668 3396 δὲ
719 3343 814 3398 καὶ
865 3341 1092 3396 ἐκείνων
1125 3345 1331 3413 χεῖρον.
1373 3337 1649 3407 Ἐκείνους
1694 3343 1798 3413 μὲν
1826 3341 1956 3412 γὰρ,

356 3429 582 3487 ’ἐπειδάν
640 3430 885 3486 λάϐωσιν
923 3432 972 3484 οἱ
1017 3431 1290 3501 πολέμιοι,
1351 3431 1408 3483 ὲν
1455 3430 1624 3501 πολλῇ
1691 3429 1962 3501 θεραπείᾳ

353 3521 546 3577 λοιπὸν
580 3521 820 3592 ἔχουσιν,
852 3520 947 3575 ἆτε
981 3518 1058 3582 ὡς
1086 3518 1304 3572 οἰκείων
1340 3519 1638 3590 κτημάτων
1670 3518 1962 3590 ἐπιμελού-

362 3625 540 3679 μενοι·
607 3606 797 3662 τοῦτον
831 3606 888 3661 δὲ
919 3607 996 3670 ὡς
1049 3606 1246 3678 ἐχθρὸν
1291 3608 1387 3661 καὶ
1435 3605 1699 3678 πολέμιον
1757 3607 1960 3672 πάντες

357 3688 496 3769 ἦγον
526 3698 620 3753 καὶ
655 3696 872 3768 ἔφερον,
900 3695 1172 3765 δέροντες,
1209 3695 1589 3766 μαστίζοντες,
1619 3695 1955 3766 ὑϐρίζοντες,

360 3785 852 3856 συκοφαντοῦντες.
893 3783 1067 3838 Τοῦτο
1095 3783 1189 3836 καὶ
1218 3783 1450 3848 ἐκείνοις
1485 3784 1836 3857 παράκλησις
1867 3781 1956 3858 ἦν·

357 3876 488 3930 ὅταν
509 3875 619 3946 γὰρ
644 3872 738 3928 καὶ
761 3874 791 3925 ὁ
817 3871 1139 3934 διδάσκαλος
1164 3873 1223 3926 ὲν
1248 3875 1361 3936 τοῖς
1387 3872 1653 3937 τοιούτοις
1682 3868 1738 3948 ᾖ.
1760 3871 1963 3945 μᾶλλον

358 3961 808 4036 παρακαλοῦνται
834 3961 884 4014 οἱ
916 3959 1179 4032 μαθηταί.
1211 3961 1322 4015 Καὶ
1355 3961 1600 4029 Μάρκος
1639 3964 1671 4016 o'
1707 3961 1964 4032 ἀνεψιὸς

357 4051 664 4122 Βαρνάϐα.
705 4050 817 4104 Καὶ
867 4049 1057 4103 τοῦτον
1105 4049 1452 4121 ἐνεκωμίασε
1507 4051 1646 4114 τέως
1698 4051 1808 4105 ἀπὸ
1864 4052 1964 4122 τῆς

361 4139 689 4210 συγγενείας
716 4155 730 4170 ·
781 4135 958 4208 μέγας
979 4135 1088 4208 γὰρ
1118 4131 1186 4208 ἦν
1216 4137 1360 4209 ἀνὴρ
1398 4137 1426 4189 6
1457 4135 1768 4208 Βαρνάϐας.
1820 4138 1962 4206 Περὶ

355 4228 434 4289 οὗ
481 4231 728 4286 ἐλάϐετε
781 4227 1069 4294 ἐντολάς·
1125 4227 1234 4282 ἐὰν
1263 4228 1414 4296 ἔλθῃ
1447 4229 1600 4295 πρὸς
1654 4226 1834 4298 ὑμᾶς,
1868 4228 1965 4282 δέ-

357 4322 552 4388 ξασθε
605 4319 834 4384 αὐτόν;
891 4317 958 4372 Τί
1007 4316 1155 4389 γάρ;
1198 4317 1300 4370 οὑκ
1352 4317 1602 4388 ἐδέχοντο
1655 4318 1749 4370 καὶ
1790 4317 1963 4389 χωρὶς

355 4411 580 4477 τούτους
612 4407 754 4461 Ναί·
792 4405 932 4460 ἀλλά
963 4405 1102 4477 μετά
1132 4404 1338 4475 πολλῆς
1365 4405 1468 4476 τῆς
1500 4406 1738 4477 σπονδῆς
1765 4403 1960 4476 βούλο-

361 4518 488 4571 μαι,
549 4497 719 4568 φησί·
785 4493 1069 4550 καὶτοῦτο
1103 4493 1197 4547 τὸν
1249 4493 1420 4565 ἄνδρα
1456 4493 1699 4548 δείκνυσι
1763 4495 1960 4565 μέγαν.

357 4589 537 4643 Πόθεν
571 4588 669 4651 τὰς
700 4584 924 4648 ἐντολὰς
955 4582 1172 4650 ἔλαϐον,
1205 4584 1268 4638 οὑ
1300 4583 1475 4654 λέγει.
1513 4584 1623 4638 Καὶ
1667 4585 1906 4654 Ἰησοῦς
1931 4588 1964 4640 ὁ

353 4679 688 4748 ,λεγόμενος
717 4676 1010 4743 Ἰοῦστος.
1036 4676 1200 4739 Ἴσως
1229 4674 1520 4745 Κορίνθιος
1541 4671 1611 4746 ἦν
1632 4669 1810 4739 οὗτος.
1830 4672 1965 4729 Εἶτα

354 4769 502 4822 πᾶσι
528 4766 590 4818 τὸ
618 4764 895 4836 ἐγκώμιον
927 4763 1109 4817 κοινὸν
1143 4762 1498 4828 ἀποδίδωσιν,
1532 4762 1705 4817 εἰπὼν
1734 4764 1795 4817 τὸ
1827 4764 1965 4819 ἰδιά-

353 4857 455 4921 ζον
485 4854 749 4908 ἑκάστου·
782 4856 847 4908 οι
882 4851 1056 4919 ὄντες
1084 4851 1153 4906 ἐκ
1199 4851 1558 4922 περιτομῆς·
1591 4847 1760 4908 οὗτοι
1785 4855 1965 4922 μόνοι

352 4943 647 5013 συνεργοὶ
694 4944 783 5009 εὶς
825 4942 943 5010 τὴν
993 4939 1329 5006 ,βασιλείαν
1356 4940 1464 4994 τοῦ
1522 4941 1694 5002 Θεοῦ,
1742 4941 1966 5009 οἵτινες

351 5030 744 5101 ἐγενήθησάν
796 5048 898 5101 μοι
954 5030 1312 5100 παρηγορία.
1359 5029 1582 5101 Ἐπειδὴ
1632 5026 1780 5095 εἷπε,
1812 5034 1966 5085 Evr-

348 5119 764 5190 αιχμάλωτος,
801 5120 890 5174 ἵνα
939 5119 1016 5192 μὴ
1070 5119 1490 5192 συγκατενέγκῃ
1517 5118 1618 5190 τήν
1647 5119 1827 5190 ψυχὴν
1853 5119 1965 5175 τῶν
1993 5179 1997 5183 _

351 5209 822 5281 ἁκουόντων,ὅρα
868 5208 988 5272 πῶς
1034 5206 1194 5261 τοῦτο
1225 5206 1430 5278 τίθησι,
1481 5207 1577 5260 καὶ
1627 5207 1964 5280 διανίστησιν

351 5298 561 5360 αὐτούς
582 5315 595 5328 ·
635 5297 948 5368 Συνεργοὶ,
996 5297 1185 5368 φησὶν,
1232 5299 1320 5363 εὶς
1350 5296 1464 5364 τὴν
1488 5296 1825 5361 βασιλείαν
1853 5297 1962 5352 τοῦ

353 5385 534 5440 Θεοῦ.
558 5387 724 5439 Ὥστε
753 5387 862 5439 τῶν
887 5384 1209 5456 πειρασμῶν
1233 5384 1643 5450 κοινωνοῦντες,
1675 5385 1777 5456 τῆς
1806 5385 1962 5456 βασι-

350 5471 512 5538 λείας
544 5473 919 5530 κοινωνοῦσιν.
968 5476 1200 5541 Οἳτινες
1237 5472 1624 5544 ἐγενήθησάν
1660 5479 1765 5544 μοι
1813 5490 1961 5545 παρ-

350 5567 596 5634 ηγορία.
617 5563 903 5618 Δείκνυσιν
919 5564 1120 5627 αὐτοῦς
1141 5563 1432 5635 μεγάλους,
1451 5562 1583 5633 είγε
1604 5563 1804 5634 Παύλῳ
1827 5582 1963 5635 παρ-

347 5654 562 5725 ηγορία
586 5653 934 5722 γεγένηνται.
967 5651 1109 5705 Ἀλλ’
1135 5653 1448 5726 ἵδωμεντὴν
1472 5652 1693 5707 σύνεσιν
1724 5653 1957 5709 Παύλου.

365 5743 481 5797 Ἔν
509 5743 722 5811 σοφίᾳ,
742 5759 816 5812 φη
828 5739 898 5806 σἰ,
931 5741 1311 5809 περιπατεῖτε
1336 5741 1486 5809 πρὸς
1518 5741 1662 5808 τοὺς
1692 5741 1832 5807 ἔξω,
1855 5743 1964 5798 τὸν

351 5829 576 5900 καιρὸν
597 5827 1431 5899 ἐξαγοραζόμενοιίΐουτέστιν,
1453 5831 1569 5886 Οὐκ
1596 5830 1744 5884 ἐστιν
1763 5832 1792 5884 ὑ
1801 5831 1962 5900 μέτε-

360 5935 462 5985 ρος
484 5920 511 5971 ὁ
545 5916 761 5988 καιρὸς,
793 5904 906 5968 ἀλλ’
933 5915 1158 5973 ἐκείνων
1185 5917 1301 5970 ἐστί
1323 5933 1336 5947 ·
1384 5917 1458 5989 μὴ
1492 5919 1674 5973 τοίνυν
1698 5919 1956 5988 βούλεσθε

1238 407 1308 464 IN
1349 407 1570 465 EPIST.
1601 407 1692 462 Al)
1731 407 2022 466 COLOSS.
2063 409 2217 465 CAP.
2262 408 2350 465 IV.
2396 409 2631 467 IIOMIL.
2671 411 2763 466 Χῖ.

350 527 696 604 πειρασμῶν·
726 527 870 583 ὥστε
901 521 1051 602 αὐτῷ
1083 528 1351 584 πάντοθεν
1384 529 1443 582 τὸ
1471 528 1785 593 ἀξιόπιστον
1818 546 1941 582 συν·
1985 544 2005 554 '

3547 409 3651 468 376

2055 530 2353 596 αὐθεντεῖν,
2373 531 2488 585 ἀλλ’
2514 531 2881 604 ὲξαγοράζετε
2905 531 2996 585 τὸν
3010 531 3223 601 καιρόν.
3250 533 3360 586 Καὶ
3381 533 3481 586 οὑκ
3500 529 3654 587 εἶπεν

2049 618 2255 682 ἁπλῶς,
2296 619 2645 691 Ἀγοράζετε,
2677 619 2812 685 ἀλλ’,
2863 618 3279 693 Ἐξαγοράζετε,
3333 619 3535 693 δηλῶν.
3572 623 3655 676 ὅτι

2053 706 2210 761 Οῦτω
2263 707 2649 780 διατιθέμενοι,
2703 710 2972 782 ὑμέτερον
3005 710 3168 764 αὑτὸν
3195 713 3405 764 ποιεῖτε
3425 711 3652 782 ἑτέρως.

2065 797 2275 862 Ἀνοίας
2301 798 2410 870 γὰρ
2439 801 2724 870 περιττῆς,
2758 786 3010 870 πολέμων
3043 801 3136 854 καὶ
3169 800 3469 872 ἀπεχθείας
3517 819 3657 870 προ-

2053 892 2249 960 φάσεις
2281 894 2537 946 ἐπινοεῖν.
2576 894 2722 964 Πρὸς
2777 894 2886 964 γάρ
2921 895 2998 964 τῷ
3032 893 3314 960 κινδύνους
3365 897 3685 967 περιττοὺς-

2053 983 2347 1055 ὐπομένειν
2381 986 2474 1039 καὶ
2510 985 2700 1057 κέρδος
2725 987 2824 1040 οὐκ
2847 987 3090 1057 ἔχοντας,
3125 991 3218 1042 καὶ
3248 990 3412 1061 ἑτέρα
3441 991 3654 1059 γίνεται

2053 1079 2249 1149 βλάϐη,
2278 1080 2338 1134 τὸ
2370 1081 2497 1145 τοὺς
2521 1080 2788 1150 ’Έλληνας
2816 1083 2889 1153 μὴ
2917 1083 3201 1155 προσιέναι
3238 1087 3390 1156 ἡμῖν.
3423 1087 3514 1140 Ἐν
3545 1087 3656 1158 γάρ

2051 1171 2166 1232 τοῖς
2197 1168 2446 1238 ἀδελφοῖς
2479 1170 2608 1222 ὅταν
2643 1167 2729 1244 ᾗς,
2767 1171 2995 1234 εἰκότως
3047 1170 3292 1243 θαρρεῖς·
3331 1172 3436 1238 ἔξω
3467 1175 3523 1228 δὲ
3557 1176 3658 1246 οὐχ

2050 1257 2193 1311 οῦτω
2220 1260 2349 1330 χρή.
2397 1259 2558 1332 Ὁρᾷς
2578 1261 2695 1324 πῶς
2717 1261 2991 1332 πανταχοῦ
3015 1261 3141 1324 τοὺς
3161 1261 3286 1327 ἔξω,
3317 1264 3443 1327 τούς
3460 1264 3661 1335 Ἔλλη-

2052 1370 2147 1416 νας
2168 1352 2342 1422 λέγει;
2384 1353 2485 1407 Διὰ
2507 1354 2666 1407 τοῦτο
2696 1354 2788 1408 καὶ
2812 1354 3063 1426 Τιμοθέῳ
3094 1356 3325 1428 γράφων
3349 1356 3525 1425 ἔλεγε·
3556 1356 3660 1411 Δεῖ

2051 1444 2121 1499 δὲ
2140 1445 2329 1500 αὑτὸν
2353 1446 2454 1500 καὶ
2468 1448 2808 1516 μαρτυρίαν
2831 1447 3032 1514 καλὴν
3046 1447 3214 1518 ἔχειν
3232 1449 3354 1503 ἀπὸ
3382 1448 3501 1502 τῶν
3518 1449 3666 1516 ἔξω·

2053 1541 2178 1594 θεν·
2206 1537 2360 1612 [407]
2391 1541 2486 1594 καὶ
2514 1540 2700 1605 πάλιν,
2727 1543 2786 1595 Τί
2813 1541 2925 1612 γάρ
2948 1561 3053 1612 μοι
3093 1541 3192 1597 καὶ
3215 1543 3359 1611 τοὺς
3385 1543 3504 1610 ἔξω
3534 1545 3662 1613 κρί-

2053 1645 2227 1694 νειν;
2275 1631 2610 1700 Ἐνσορίςι,
2673 1631 2830 1700 φησὶ,
2889 1633 3263 1700 περιπατεῖτε
3306 1634 3458 1704 πρὸς
3518 1635 3663 1702 τοὺς

2055 1721 2196 1786 ἔξω.
2243 1721 2388 1788 ’Ἐξω
2415 1721 2522 1794 γάρ
2555 1725 2681 1787 εἱσι,
2715 1723 2818 1775 κᾶν
2850 1722 2941 1775 τὸν
2965 1723 3128 1777 αὐτὸν
3177 1723 3384 1795 κόσμον
3434 1725 3661 1779 οἰκῶσιν

2056 1817 2210 1886 ἡμῖν,
2248 1815 2348 1886 τῆς
2382 1815 2660 1886 βασιλείας
2689 1818 2841 1880 ὄντες
2879 1816 2985 1883 ἔξω
3025 1818 3120 1872 καὶ
3154 1817 3249 1872 τοῦ
3278 1818 3526 1874 οἰκίσκον
3563 1819 3658 1873 τοῦ

2058 1906 2352 1978 πατρικοῦ.
2390 1907 2545 1977 ’Ἅμα
2570 1909 2665 1960 καὶ
2698 1907 3109 1980 παραμυθεῖται
3141 1909 3358 1976 αὐτοὺς,
3389 1909 3492 1974 ἕξω
3514 1910 3662 1964 ἐκεί-

2056 2015 2179 2061 νους
2209 1996 2410 2050 καλῶν·
2446 1999 2584 2070 ὅπερ
2622 1999 2810 2067 ἔλεγεν
2841 1998 3121 2070 ἀνωτέρω,
3153 1999 3234 2052 ὅτι
3265 1997 3324 2052 ’11
3353 1997 3464 2068 ζωὴ
3491 1991 3663 2068 ὑμῶν

2056 2089 2385 2158 κέκρυπται
2408 2091 2532 2144 σὺν
2565 2089 2643 2156 τῷ
2672 2091 2908 2160 Χριστῷ
2937 2092 3007 2145 ἐν
3035 2085 3115 2157 τῷ
3142 2090 3284 2157 Θεῷ.
3317 2088 3473 2159 Τότε,
3503 2089 3660 2163 φησὶ,

2056 2182 2214 2248 δόξαν
2239 2181 2475 2252 ζητεῖτε,
2507 2185 2627 2237 τότε
2660 2184 2847 2252 τιμὰς,
2898 2183 3020 2237 τότε
3051 2184 3120 2238 τὰ
3151 2185 3286 2239 ἄλλα
3324 2185 3522 2238 πάντα·
3561 2184 3660 2238 νῦν

2057 2275 2113 2328 δὲ
2143 2275 2241 2346 μὴ,
2276 2273 2390 2328 ἀλλ’
2417 2270 2650 2340 ἐκείνοις
2688 2277 2978 2348 παρέχετε.
3030 2272 3184 2340 Εἶτα,
3218 2275 3304 2330 ἵνα
3339 2277 3663 2350 νομίσῃς

2057 2370 2323 2440 χρήματα
2347 2369 2528 2438 λέγειν
2559 2371 2742 2433 αὐτὸν,
2766 2371 2984 2439 ἐπάγει·
3026 2371 3090 2423 '0
3111 2372 3293 2440 λόγος
3319 2369 3484 2439 ὑμῶν
3514 2368 3667 2422 πάν-

2057 2477 2194 2519 τοτε
2215 2465 2285 2519 ἐν
2307 2464 2522 2534 χάριτι,
2548 2465 2721 2519 ἅλατι
2743 2465 3096 2534 ἠρτυμένος,
3125 2464 3345 2519 εἰδέναι
3364 2462 3521 2536 ὑμᾶς
3539 2463 3666 2529 πῶς

2059 2557 2154 2612 δεῖ
2177 2557 2268 2612 ἐνὶ
2298 2557 2536 2626 ἑκάστῳ
2558 2559 3014 2626 ἀποκρίνεσθαι.
3051 2561 3168 2614 Ἵνα
3201 2559 3278 2631 μὴ
3315 2557 3664 2628 ὑποκρίσεως

2059 2651 2228 2724 γέμῃ,
2271 2651 2424 2722 φησί·
2454 2651 2612 2704 τοῦτο
2629 2655 2737 2724 γὰρ
2768 2654 2827 2706 οὐ
2846 2654 3026 2725 χάρις,
3063 2653 3182 2706 οὐδὲ
3222 2646 3379 2706 ἅλατι
3405 2653 3661 2724 ήρτυται.

2060 2741 2206 2811 Οἷον,
2239 2745 2334 2799 ἐὰν
2365 2745 2462 2818 δέῃ
2492 2743 2832 2818 θεραπεῦσαι
2862 2745 3184 2809 ἀκινδύνως,
3212 2746 3286 2816 μὴ
3319 2747 3661 2815 παραιτήσῃ·

2059 2839 2125 2895 ἂν
2153 2835 2409 2915 καιρὸςῇ
2459 2839 2752 2912 προσηνῶς
2801 2837 3172 2909 διαλεχθῆναι,
3217 2839 3294 2908 μὴ
3319 2838 3552 2911 νομίσῃς
3604 2836 3665 2890 τὸ

2061 2935 2297 3007 πρᾶγμα
2322 2933 2635 2988 κολακείαν·
2662 2931 2844 2986 πάντα
2877 2925 3019 2985 ποίει
3048 2931 3115 2984 τὰ
3146 2933 3226 2995 εἰς
3255 2930 3420 3002 τιμὴν
3441 2931 3665 3002 ἀνήκον-

2061 3046 2152 3094 τα,
2188 3029 2317 3084 ἄνευ
2363 3018 2457 3081 τοῦ
2501 3021 2835 3096 βλάπτεσθαι
2875 3023 2972 3096 τὴν
3022 3020 3330 3078 εὐσέϐειαν.
3391 3025 3500 3095 Οὐχ
3533 3025 3666 3095 ὁρᾷς

2063 3124 2181 3186 πῶς
2208 3115 2408 3192 Δανιὴλ
2438 3119 2727 3191 ἄνθρωπον
2786 3110 2955 3189 ἀσεϐῆ
3009 3117 3300 3190 θεραπεύει
3327 3135 3341 3182 ;
3401 3117 3500 3187 οὐχ
3533 3115 3667 3188 ὁρᾷς

2061 3217 2190 3278 τοὺς
2209 3217 2361 3285 τρεῖς
2389 3213 2604 3277 παῖδας,
2625 3211 2742 3275 πῶς
2775 3210 2912 3283 μετά
2935 3211 3122 3281 σοφίας
3148 3211 3225 3282 τῷ
3257 3210 3467 3281 βασιλεῖ
3497 3225 3667 3280 προα-

2065 3307 2346 3380 εφέροντο,
2383 3307 2479 3360 καὶ
2520 3305 2774 3376 ἀνδρείαν
2815 3303 3145 3368 δεικνύντες,
3172 3305 3265 3358 καὶ
3324 3301 3660 3375 παρρησίαν,

2065 3402 2161 3456 καὶ⁵
2193 3401 2344 3454 οὐδὲν
2392 3398 2566 3472 θρασὺ
2610 3398 2731 3451 οὐδὲ
2773 3397 3054 3469 ἐπαχθές;
3108 3397 3266 3451 τοῦτο
3329 3395 3437 3467 γὰρ
3479 3393 3664 3448 οὐκέτι

2065 3486 2400 3566 παρρησίας,
2449 3489 2590 3544 ἀλλά
2619 3489 2952 3555 κενοδοξίας.
3008 3483 3264 3554 Εὶδένιιι,
3320 3488 3475 3558 φησὶ,
3540 3483 3667 3553 πῶς

2064 3585 2163 3640 δεῖ
2197 3583 2354 3655 ὑμᾶς
2383 3583 2473 3639 ἐνὶ
2495 3579 2732 3650 ἑκάστῳ
2765 3578 3224 3652 ἀποκρίνεσθαι.
3271 3581 3504 3652 Ἑτέρως
3555 3579 3666 3650 γὰρ

2063 3681 2141 3753 τῷ
2177 3681 2423 3751 ἄρχοντι,
2470 3678 2646 3741 ἄλλως
2678 3676 2756 3748 τῷ
2797 3672 3108 3749 ἀρχομένῳ·
3158 3675 3332 3738 ἄλλως
3372 3673 3449 3745 τῷ
3499 3674 3668 3726 πλου-

2063 3774 2269 3840 τοῦντι,
2329 3771 2503 3834 ἄλλως
2547 3770 2622 3842 τῷ
2685 3770 2902 3841 πένητι.
2980 3769 3083 3822 Διὰ
3120 3769 3210 3833 τί;
3267 3769 3394 3821 Ὅτι
3449 3767 3504 3820 αἱ
3551 3764 3661 3820 τῶν

2065 3862 2444 3924 πλουτούντων
2475 3865 2572 3919 καὶ
2594 3863 2872 3935 ἀρχόντων
2900 3862 3073 3934 ψυχαὶ
3116 3860 3505 3932 ἀσθενέστεραι
3535 3877 3670 3929 τυγ-

2066 3961 2324 4033 χάνουσιν
2344 3957 2524 4023 οὖσαι,
2550 3958 2754 4027 μᾶλλον
2786 3956 3245 4026 φλεγμαίνουσαι,
3285 3954 3488 4026 μᾶλλον
3516 3955 3672 4026 διαρ-

2069 4054 2310 4126 ρέουσαι·
2338 4051 2482 4105 ὥστε
2505 4049 2624 4105 ἐκεῖ
2661 4048 3139 4120 συγκαταϐατικὸν
3171 4044 3312 4101 εἶναι
3336 4048 3435 4102 δεῖ·
3476 4049 3531 4100 αἱ
3562 4047 3672 4099 τῶν

2066 4147 2316 4219 πενήτων
2343 4144 2438 4198 καὶ
2467 4142 2808 4214 ἀρχομένων,
2848 4141 3204 4213 στερρότεραι
3232 4139 3328 4193 καὶ
3368 4138 3670 4192 συνετώτε-

2071 4253 2179 4308 ραι·
2209 4235 2352 4290 ῶστε
2385 4234 2622 4288 ἐνταῦθα
2657 4234 2749 4286 καὶ
2780 4230 3066 4304 παρρησίᾳ
3093 4229 3201 4301 χρὴ
3234 4229 3442 4300 μείζονι
3465 4229 3672 4300 κεχρῆ-

2069 4330 2217 4396 σθαι,
2249 4329 2386 4404 πρὸς
2410 4323 2469 4381 ἓν
2519 4327 2752 4398 ὁρῶντα,
2775 4328 2873 4397 τὴν
2927 4323 3242 4394 οἰκοδομήν.
3289 4321 3381 4392 Μὴ
3409 4320 3598 4392 ἐπειδὴ
3643 4324 3674 4374 6

2071 4423 2173 4496 μὲν
2199 4418 2475 4485 πλούσιος,
2523 4422 2550 4473 6
2579 4415 2636 4472 δὲ
2661 4419 2852 4487 πένης,
2902 4418 2931 4470 6
2965 4417 3064 4488 μὲν
3118 4415 3280 4469 πλέον
3317 4413 3592 4484 τιμάσθω,
3644 4414 3674 4466 ὁ

2067 4517 2124 4570 δὲ
2151 4516 2392 4569 ἔλαττον·
2423 4512 2560 4569 ἀλλὰ
2582 4512 2671 4566 διὰ
2688 4515 2786 4584 τὴν
2838 4511 3127 4565 ἀσθένειαν
3180 4512 3207 4564 6
3244 4511 3344 4581 μὲν
3373 4508 3672 4563 διαϐαστά-

2069 4606 2266 4673 ζέσθω,
2298 4608 2326 4660 6
2371 4606 2430 4660 δὲ
2462 4605 2538 4676 μὴ
2581 4604 2775 4669 οὕτως·
2802 4597 2938 4670 οἷον,
2967 4604 3148 4668 αἰτίας
3199 4604 3300 4657 οὐκ
3348 4601 3542 4674 οῦσης,
3597 4601 3674 4673 μὴ

2068 4701 2224 4756 κάλει
2259 4699 2352 4754 τὸν
2384 4699 2627 4770 Ἕλληνα
2660 4695 2877 4771 μιαρὸν,
2925 4689 3063 4769 μηδὲ
3110 4697 3202 4750 ἔσο
3237 4695 3520 4767 ὑϐριστής·
3554 4694 3672 4748 ἀλλ’

2067 4792 2134 4850 ἂν
2173 4793 2275 4864 μὲν
2304 4791 2589 4864 ἐρωτηθῇς
2620 4793 2749 4863 περὶ
2783 4790 2877 4844 τοῦ
2926 4790 3220 4861 δόγματος,
3245 4789 3539 4860 ἀπόκριναι
3589 4788 3673 4841 ὅτι

2071 4887 2270 4960 μιαρὸν
2297 4885 2392 4939 καὶ
2419 4878 2634 4947 ἀσεϐές·
2670 4881 2885 4947 οὐδενὸς
2915 4883 2974 4936 δὲ
3004 4882 3320 4955 ἐρωτῶντος
3349 4879 3473 4934 οὐδὲ
3497 4882 3673 4948 ἀναγ-

2068 4977 2326 5045 κάζοντος
2355 4977 2558 5046 λέγειν,
2582 4971 2642 5027 οὐ
2664 4975 2933 5046 προσήκει
2981 4973 3169 5037 ἁπλῶς
3215 4972 3511 5045 ἀπέχθειαν
3540 4972 3672 5025 ἀνα-

2066 5073 2335 5144 δέχεσθαι.
2370 5071 2509 5125 Ποία
2536 5071 2646 5143 γὰρ
2679 5070 2893 5139 ἀνάγκη
2955 5066 3219 5140 περιττὰς
3266 5065 3470 5138 ἔχθρας
3496 5081 3670 5120 κατα-

2069 5163 2388 5231 σκευάζειν;
2430 5155 2623 5230 Πάλιν,
2657 5162 2866 5217 ἅντινα
2905 5162 3180 5231 κατηχῇς,
3213 5157 3341 5228 λέγε
3374 5157 3436 5227 ἐξ
3472 5157 3671 5221 ὑποθέ-

2068 5278 2206 5323 σεως
2229 5256 2621 5329 ὑποκειμένης·
2666 5254 2791 5310 ἐπεὶ
2821 5268 2848 5296 ι
2877 5255 3028 5324 σίγα.
3061 5255 3190 5308 Ἐὰν
3283 5253 3441 5308 ἅλατι
3497 5253 3670 5322 ἠρτυ-

2069 5351 2230 5423 μένος
2261 5353 2290 5406 6
2313 5350 2494 5420 λόγος,
2556 5349 2662 5404 κᾶν
2695 5345 2776 5413 είς
2810 5347 3173 5420 διαῤῥέουσαν
3207 5345 3427 5418 ἐμπέσῃ
3455 5341 3665 5416 ψυχὴν,

2065 5444 2380 5515 ὲπισφίγξει
2411 5442 2510 5514 τὴν
2561 5439 2791 5514 χαύνην·
2829 5441 2934 5496 κᾶν
2971 5441 3051 5504 εἰς
3075 5442 3362 5512 τραχεῖαν,
3396 5437 3579 5492 λεανεῖ
3607 5436 3669 5492 τὸ

2068 5536 2324 5607 σκληρόν.
2359 5535 2646 5606 Ἐπίχαρις
2675 5527 2770 5600 ὢν,
2841 5535 2981 5607 μήτε
3043 5532 3301 5606 φορτικὸς
3329 5531 3492 5597 ἔστω,
3527 5532 3667 5604 μήτε

2066 5630 2229 5684 πάλιν
2262 5629 2481 5700 χαῦνος,
2505 5623 2642 5682 ἀλλά
2664 5628 2758 5683 καὶ
2789 5627 2850 5682 τὸ
2879 5627 3079 5697 στῦφον
3111 5627 3302 5698 ἐχέτω,
3324 5618 3429 5680 ’καὶ
3455 5624 3516 5678 τὸ
3546 5623 3668 5695 μεθ’

2065 5723 2279 5795 ἡδονῆς.
2300 5723 2400 5777 Ἂν
2430 5740 2489 5776 τε
2521 5721 2630 5795 γὰρ
2659 5722 2916 5795 ἀμέτρως
2948 5720 3250 5794 ἐπιστύψῃ,
3281 5720 3483 5794 μᾶλλον
3507 5719 3667 5772 ἔϐλα-

2133 5927 2154 5955 ⁸
2184 5923 2318 5974 Fort.
2346 5923 2447 5972 ἐπεὶ
2469 5922 2658 5980 ἄλλως,
