4140 6490
509 402 615 457 ⁸577

508 515 1011 588 ψεν”ῆὶὠφέλησε·ν
1040 511 1137 567 ἐὰν
1158 512 1214 565 δέ
1241 510 1496 582 ἀμέτρως
1515 507 1945 582 χαριεντίσηται,
1962 503 2100 575 μᾶλ-

512 611 602 664 λον
631 608 905 678 ἐλύπησεν
932 607 967 678 ἢ
995 605 1226 676 ὤνησεν·
1278 603 1421 657 ὥστε
1468 599 1749 671 πανταχοῦ
1810 598 1986 670 μέτρα
2022 594 2105 648 δεῖ

512 700 678 758 εἶναι.
714 702 870 772 Μήτε
906 699 1160 771 κατηφὴς
1176 697 1267 751 ἔσο
1289 697 1384 750 καὶ
1417 693 1763 769 σκυθρωπός·
1790 690 1954 762 ἀηδὲς
1970 688 2100 759 γάρ·

501 790 1089 864 ,μήτεεδιακειχυμένος
1151 787 1633 858 εὐκαταφρόνητον
1664 785 1775 855 γὰρ
1795 782 1892 837 καὶ
1927 797 2104 835 πεπα-

511 887 766 957 τημένον·
792 885 910 938 ἀλλ’
940 882 1202 953 ἐκατέρου
1236 880 1334 952 τὴν
1371 878 1573 950 ἀρετὴν
1604 874 1807 939 λαϐὼν,
1873 872 1973 944 τὴν
2000 889 2103 925 κα-

511 980 644 1033 κίαν
670 976 822 1051 [408]
855 975 1016 1046 φύγε,
1048 975 1302 1046 καθάπερ
1337 973 1370 1043 ἡ
1393 972 1619 1043 μέλιττα
1641 969 1735 1023 τοῦ
1764 967 1864 1040 μὲν
1884 965 1946 1020 τὸ
1974 982 2102 1034 φαι-

500 1070 663 1142 -δρὸν,
712 1067 808 1122 τοῦ
838 1068 895 1121 δὲ
924 1067 984 1120 τὸ
1014 1065 1232 1137 σεμνόν.
1280 1065 1346 1117 El
1389 1064 1498 1135 γὰρ
1534 1061 1717 1133 ἰατρὸς
1751 1060 1849 1130 οὐχ
1901 1056 2106 1127 ὁμοίως

514 1165 652 1216 πᾶσι
681 1161 947 1233 χρήσεται
967 1159 1081 1221 τοῖς
1114 1156 1354 1227 σώμασι,
1392 1151 1573 1223 πολλῷ
1603 1150 1805 1223 μᾶλλον
1856 1147 2105 1202 διδάσκα-

513 1255 624 1319 λος.
659 1253 855 1307 Καίτοι
878 1250 1082 1321 μᾶλλον
1112 1248 1180 1303 ἂν
1203 1247 1270 1301 τὰ
1305 1244 1535 1316 σώματα
1573 1239 1927 1311 ἀκατάλληλα
1962 1237 2107 1308 φάρ-

517 1364 670 1418 μακα
697 1348 930 1415 ἐνέγκοι,
954 1344 986 1414 ἦ
1009 1341 1157 1413 ψυχὴ
1184 1340 1366 1409 λόγον·
1399 1333 1530 1402 οἷον,
1566 1335 1850 1407 πρόσεισιν
1882 1331 2103 1401 Ἕλλην,

503 1439 613 1493 ’καὶ
640 1439 850 1508 γίνεταί
874 1454 956 1490 σοι
986 1435 1176 1505 φίλος;
1208 1431 1375 1504 μηδὲν
1413 1427 1563 1499 αὐτῷ
1588 1427 1716 1496 περὶ
1745 1423 1939 1478 τούτου
1988 1422 2108 1476 δια-

506 1530 732 1602 Δλεχοῇς,
759 1530 864 1590 ἓως
893 1529 960 1582 ἂν
984 1527 1208 1597 γένηται
1236 1524 1379 1578 πάνυ
1402 1520 1573 1591 φίλος·
1595 1518 1691 1573 καὶ
1711 1518 1841 1571 ὅταν
1862 1516 2106 1585 γένηται,

498 1625 549 1694 ’σὴ
558 1623 616 1693 ρέ
623 1640 720 1693 μα.

584 1744 655 1806 γ’.
699 1736 842 1808 Ὅρα
876 1732 985 1805 γὰρ
1022 1732 1119 1792 καὶ
1139 1732 1169 1784 6
1202 1727 1415 1792 Παῦλος
1444 1726 1607 1800 ἡνίκα
1629 1724 1710 1788 είς
1738 1721 1840 1787 τὰς
1876 1720 2109 1792 Ἀθήνας

497 1830 868 1902 παρεγένετο,
903 1825 1022 1891 πῶς
1036 1827 1222 1889 αὐτοῖς
1242 1822 1533 1891 διελέγετο.
1554 1820 1668 1875 Οὐκ
1695 1814 1872 1885 εἶπεν,
1894 1812 1964 1871 Ὦ
1980 1833 2109 1887 μια-

507 1921 604 1991 ροὶ
655 1920 750 1975 καὶ
788 1918 1104 1990 παμμίαροι
1131 1935 1145 1949 ·
1187 1914 1325 1970 ἀλλά
1374 1914 1462 1982 τί;
1506 1912 1759 1982 ’Ἄνδρες
1798 1908 2107 1979 Ἀθηναῖοι,

496 2013 667 2068 ικατὰ
683 2011 883 2066 πάντα
900 2010 981 2077 ὡς
999 2006 1660 2078 δεισιδαιμονεστέρους
1698 2003 1853 2075 ὑμᾶς
1892 2001 2108 2072 θεωρῶ.

500 2104 687 2159 ιΠάλιν
709 2104 799 2158 ὅτε
827 2102 1049 2175 ὑϐρίσαι
1075 2100 1266 2174 ἐχρῆν,
1294 2100 1356 2154 οὐ
1384 2099 1763 2172 παρῃτήσατο·
1804 2096 1942 2152 ἀλλά
1970 2094 2110 2168 μετά

516 2197 716 2267 πολλῆς
739 2196 841 2268 τῆς
876 2194 1236 2267 σφοδρότητος
1289 2192 1443 2263 ἔλεγε
1474 2192 1552 2263 τῷ
1590 2191 1816 2264 Ἐλύμᾳ·
1856 2191 1919 2247 ’Ὠ
1953 2190 2112 2258 πλή-

511 2309 629 2362 ρης
653 2289 882 2356 παντὸς
929 2287 1118 2343 δόλου
1164 2285 1265 2341 καί
1313 2284 1521 2353 πάσης
1552 2282 1961 2353 ῥᾳδιουργίας,
2017 2282 2113 2337 υίὲ

516 2383 825 2448 διαϐόλου,
853 2379 1029 2451 ἐχθρὲ
1061 2379 1265 2447 πάσης
1313 2377 1724 2446 δικαιοσύνης.
1756 2377 1969 2448 Ὠσπερ
2000 2377 2111 2449 γὰρ

517 2475 762 2537 ἐκείνους
793 2472 1015 2546 ὑϐρίσαι
1043 2471 1230 2535 ἀνοίας
1264 2465 1354 2543 ἧν,
1387 2468 1532 2523 οὑτω
1556 2468 1746 2523 τοῦτον
1777 2467 1852 2541 μὴ
1887 2467 2112 2540 ὑϐρίσαι

521 2567 797 2639 μαλακίας
845 2561 935 2637 ἦν.
994 2563 1186 2630 Πάλιν,
1239 2562 1502 2635 εἰσήχθης
1560 2560 1697 2633 πρὸς
1728 2560 1966 2634 ἄρχοντα
2024 2560 2113 2615 διά

518 2660 782 2729 πρᾶγμα;
813 2657 915 2722 τὰς
937 2654 1325 2728 προσηκούσας
1361 2654 1658 2727 ἀπόνειμαι
1688 2654 1876 2725 τιμάς.
1910 2653 2114 2709 Πάντα

517 2751 679 2822 ὑμῖν,
716 2746 870 2822 φησὶ,
906 2749 1229 2820 γνωριοῦσι
1275 2746 1349 2802 τὰ
1374 2741 1511 2803 ὧδε.
1561 2746 1662 2801 Διά
1697 2746 1752 2801 τί
1798 2746 1874 2819 μὴ
1913 2746 2115 2819 συνῆλ-

514 2843 631 2907 θον,
666 2841 839 2913 φησί;
882 2841 950 2894 Τί
974 2840 1032 2894 δέ
1073 2842 1211 2903 ἐστι,
1254 2838 1461 2896 Πάντα
1497 2839 1642 2909 ὑμῖν
1674 2840 1995 2912 τνωριοῦσι
2040 2841 2115 2895 τὰ

517 2929 668 2998 ὦδε;
697 2933 977 2996 Τουτέστι,
1002 2933 1084 2986 Τὰ
1106 2931 1303 3003 δεσμὰ,
1335 2932 1429 2987 καὶ
1453 2931 1673 2987 τὰᾶλλα
1699 2931 1877 2986 πάντα
1893 2931 1963 2987 τὰ
1980 2949 2113 2986 κατ-

520 3027 716 3099 έχοντά
763 3045 852 3099 με.
915 3028 1030 3081 Οὐκ
1074 3025 1142 3081 ἂν
1200 3022 1293 3081 οὖν
1345 3029 1375 3080 6
1424 3026 1864 3099 προσευχόμενος
1916 3027 2115 3092 αὐτοὺς

522 3121 674 3187 ίδεῖν,
707 3121 736 3174 6
756 3121 851 3174 καὶ¹
880 3121 1102 3193 ἐτέρους
1127 3119 1495 3185 ἀποστέλλων,
1530 3120 1695 3182 αὐτὸς
1716 3120 2012 3192 ὑστέρησα,
2039 3120 2115 3192 μὴ

526 3213 769 3285 μεγάλης
788 3229 857 3285 με
887 3211 1228 3285 κατεχούσης
1255 3212 1526 3284 ἀνάγκης.
1553 3212 1664 3266 Καὶ
1692 3211 1800 3285 μὴν
1837 3213 1998 3267 τοῦτο
2018 3213 2118 3267 οὐκ

521 3299 592 3375 ἦν
631 3304 1034 3374 ἐγκαλούντων.
1083 3306 1195 3359 Καὶ
1227 3304 1336 3376 μὴν
1364 3303 1571 3375 σφόδρα
1621 3302 2021 3374 ἐγκαλούντων.
2045 3305 2119 3359 Τὸ

523 3397 635 3469 γάρ
664 3395 858 3467 μαθεῖν
889 3396 972 3451 ὅτι
1000 3397 1096 3450 καὶ
1119 3399 1450 3467 πειρασμοῖς
1473 3396 1769 3469 περιέπεσε
1806 3397 1901 3451 καὶ
1919 3398 2118 3470 ἡνεγκε

524 3492 815 3560 γενναίως,
865 3489 1024 3545 τοῦτο
1073 3488 1442 3561 πιστουμένου
1486 3484 1557 3562 ἦν
1616 3489 1680 3544 τὸ
1734 3492 1995 3563 πρᾶγμα,
2026 3492 2122 3547 καὶ⁹

526 3583 882 3657 ἀνορθοῦντος
903 3583 1004 3648 τὰς
1029 3583 1255 3638 ἐκείνων
1274 3581 1475 3654 ψυχάς.

596 3677 724 3732 Σὺν
766 3676 1085 3747 Ὀνησίμῳ,
1116 3676 1272 3747 φησὶ,
1329 3673 1411 3741 τῷ
1458 3672 1745 3745 ἀγαπητῷ
1786 3675 1884 3731 καί
1926 3673 2122 3742 πιστῷ

527 3761 792 3831 ἀδελφῷ.
841 3760 1096 3830 ’Δδελφὸν
1119 3759 1213 3814 τὸν
1239 3758 1427 3813 δοῦλον
1448 3760 1478 3813 6
1504 3758 1719 3825 Παῦλός
1749 3776 1936 3829 φησιν·
1977 3760 2123 3814 είκό-

522 3872 659 3919 τως·
675 3856 812 3908 ὅπου
832 3870 897 3923 γε
918 3854 1014 3908 καὶ
1036 3853 1228 3907 ἐαυτὸν
1255 3850 1442 3906 δοῦλον
1473 3849 1730 3923 ὀνομάζει
1753 3850 1864 3904 τῶν
1893 3849 2121 3906 πιστῶν.

530 3946 972 4016 Κατενέγκωμεν
1023 3944 1225 4007 πάντες
1272 3941 1368 3997 τὸν
1415 3939 1609 4011 τῦφον,
1642 3942 2124 4013 καταπατὴσωμεν

528 4036 629 4109 τὴν
657 4035 1003 4101 ἀλαζονείαν.
1039 4034 1238 4089 Δοῦλον
1266 4034 1521 4104 ὀνομάζει
1573 4033 1768 4089 ἑαυτὸν
1795 4032 2033 4098 Παῦλος,
2096 4035 2125 4086 ὀ

526 4130 632 4201 τῆς
650 4128 980 4201 οἰκουμένης
1001 4127 1252 4195 ἀντάξιος
1278 4126 1374 4181 καὶ
1405 4125 1616 4198 μυρίων
1648 4125 1913 4199 οὐρανῶν,
1945 4126 2040 4180 καὶ
2059 4127 2124 4180 σύ

536 4223 680 4295 μέγα
718 4226 968 4295 φρονεῖς;
1006 4222 1036 4275 6
1062 4221 1242 4275 πάντα
1274 4219 1424 4290 ἄγων
1452 4220 1546 4272 καὶ
1597 4219 1776 4291 φέρων
1802 4218 1879 4283 ὡς
1908 4218 2122 4291 ἡθελεν,

526 4317 652 4372 ότά
678 4317 921 4385 πρωτεῖα
949 4313 1090 4387 ἔχων
1122 4314 1181 4367 ἐν
1227 4315 1294 4385 τῇ
1336 4311 1586 4384 βασιλείᾳ
1629 4311 1741 4365 τῶν
1776 4311 2048 4384 οὐρανῶν,
2098 4313 2128 4365 6

532 4407 1004 4478 ἐστεφανωμένος,
1032 4405 1159 4469 ὀείς
1181 4404 1364 4477 τρίτον
1404 4401 1647 4458 ἀνελθὼν
1689 4402 1939 4474 οὐρανὸν,
2000 4402 2128 4467 τοὺς

528 4501 753 4564 δούλους
782 4498 1047 4570 ἀδελφοὺς
1079 4497 1255 4565 καλεῖ,
1293 4497 1389 4551 καὶ
1435 4494 1777 4559 συνδούλους.
1809 4494 1922 4549 Ποῦ
1958 4496 1993 4566 ἡ
2021 4512 2125 4567 μαι

537 4597 660 4663 νίας
687 4593 792 4647 ποῦ
826 4593 860 4663 ἡ
885 4590 1207 4657 ἀλαζονεία;
1241 4589 1431 4652 Οὕτως
1479 4587 1796 4655 ἀξιόπιστος
1828 4587 2056 4656 γέγονεν
2102 4589 2131 4641 6

550 4689 880 4759 Ὀνήσιμος,
934 4683 1085 4738 ὥστε
1136 4682 1233 4736 καὶ
1287 4680 1519 4735 τοιαῦτα
1576 4677 1952 4734 πιστεύεσθαι.
2021 4680 2130 4735 Καὶ

538 4779 799 4850 Μάρκος,
819 4776 1004 4850 φησὶν,
1035 4779 1068 4831 ό
1094 4773 1349 4843 ἀνεψιὸς
1377 4770 1679 4841 Βαρνάϐα,
1734 4772 1867 4841 περὶ
1890 4767 1964 4828 οὗ
1992 4771 2130 4826 ἐλά-

539 4881 670 4933 ϐετε
691 4874 966 4941 ἐντολάς·
990 4871 1252 4938 δέξασθε
1278 4868 1489 4924 αὐτόν.
1512 4869 1672 4932 Ἴσως
1704 4865 1857 4940 παρὰ
1878 4866 2135 4940 Βαρνάϐα

541 4970 763 5034 ἐντολὰς
791 4966 1006 5022 ἐλαϐον.
1042 4967 1109 5019 Οἱ
1136 4963 1308 5029 ὄντες
1338 4961 1409 5016 ἐκ
1438 4957 1781 5031 περιτομῆς..
1817 4959 2134 5014 Καταστέλ-

542 5062 627 5117 λει
649 5061 760 5117 τῶν
799 5058 1071 5114 Ἰουδαίων
1115 5054 1178 5109 τὸ
1225 5054 1474 5125 φύσημα·
1507 5053 1733 5124 ἐπαίρει⁵
1770 5052 1978 5107 τούτων
2030 5051 2131 5117 τὰς

545 5153 745 5224 ψυχὰς,
763 5151 846 5204 ὅτι
865 5147 1035 5218 ὀλίγοι
1059 5146 1157 5217 μὲν
1186 5145 1251 5198 ἐκ
1291 5141 1621 5217 περιτομῆς,
1649 5143 1700 5197 οί
1729 5141 1790 5196 δὲ
1814 5141 2033 5206 πλείους
2072 5141 2139 5195 ἐκ

545 5247 654 5300 τῶν
689 5242 879 5299 ἐθνῶν.
912 5240 1141 5305 Οἵτινες
1189 5234 1571 5306 ἐγενήθησάν
1617 5251 1740 5304 μοι,
1787 5234 1942 5306 φησὶ,
1992 5246 2140 5302 παρ-

547 5337 778 5408 ηγορία.
798 5333 1081 5388 Δείκνυσιν
1097 5329 1289 5385 ἐαυτὸν
1303 5329 1362 5381 ἐν
1376 5328 1700 5401 πειρασμοῖς
1714 5324 1845 5380 ὅντα
1859 5324 2137 5396 μεγάλοις.

554 5429 718 5482 Ὥστε
749 5425 871 5480 οὐδέ
899 5423 1058 5477 τοῦτο
1104 5419 1328 5493 μικρόν·
1377 5419 1509 5473 ὅταν
1539 5419 1668 5481 τοὺς
1724 5415 1914 5486 ἁγίους
1957 5431 2139 5488 παρα-

553 5518 810 5587 καλῶμεν
827 5517 918 5570 καὶ
939 5513 1213 5587 παρουσίᾳ
1237 5511 1334 5566 καὶ
1361 5510 1505 5581 λόγῳ
1534 5509 1629 5563 καὶ
1650 5507 1998 5580 προσεδρείᾳ,
2013 5507 2142 5560 ὃταν

556 5607 1062 5679 συγκακουχώμεθα
1096 5606 1230 5676 (τοῖς
1262 5601 1504 5673 δεσμίοις
1530 5600 1663 5673 γὰρ,
1695 5601 1883 5672 φησὶν,
1911 5599 1987 5664 ὡς
2014 5615 2142 5654 συν-

554 5701 871 5773 δεδεμένοι)·
902 5702 1029 5754 ὅταν
1054 5700 1123 5754 τὰ
1150 5697 1372 5752 ἐκείνων
1407 5696 1653 5769 ἡμέτερα
1684 5692 1927 5764 ποιῶμεν
1971 5691 2140 5764 πάθη,

562 5793 656 5847 καὶ
685 5793 744 5844 ἐν
774 5792 889 5852 τοῖς
923 5791 1206 5860 στεφάνοις
1246 5790 1672 5860 κοινωνήσομεν.
1709 5786 1823 5857 Οὐχ
1852 5783 2142 5855 είλκύσθης

565 5885 643 5948 είς
674 5882 736 5937 τὸ
767 5881 975 5935 στάδιον
1003 5898 1018 5949 ;
1066 5883 1127 5935 οὐ
1180 5881 1427 5951 καθῆκας
1471 5881 1550 5944 εἰς
1582 5878 1672 5933 τὸν
1726 5877 1948 5947 ἀγῶνα;
1981 5874 2140 5940 ἄλλος

1227 393 1284 449 S.
1321 388 1608 450 10.“le
1645 388 2135 444 ClllﬂSOSTOMI
2177 385 2504 443 ARCHIEP.
2548 382 3108 443 CONSTANTINOP.

3686 379 3799 439 578

2205 503 2529 569 ἀπεδύσατο,
2556 502 2714 568 ἀλλος
2742 501 2986 558 παλαίει.
3031 498 3170 554 Ἀλλ’
3191 496 3286 554 ἐὰν
3312 494 3502 570 θέλῃς,
3534 499 3796 572 κοινωνὴο

2207 613 2319 661 σεις
2348 596 2444 650 καὶ
2473 597 2559 650 σύ·
2590 597 2811 668 ἄλειψον
2834 597 3063 661 ἐκεῖνον,
3108 592 3269 663 γενοῦ
3301 591 3470 646 αὐτοῦ
3518 589 3672 665 [409]
3705 610 3797 662 φι-

2204 682 2375 755 λητὴς
2432 684 2529 737 καὶ
2579 681 2926 753 σπουδαστὴς
2950 723 2966 749 ,
3044 678 3245 744 ἔξωθεν
3310 675 3511 730 ἐπιϐόα
3564 672 3797 748 μεγάλα,

2206 768 2442 838 διέγειρε
2493 766 2594 838 τὴν
2632 766 2887 831 δύναμιν,
2932 761 3158 818 ἀνακτῶ
3208 760 3309 834 τὴν
3355 759 3559 831 ψυχήν.
3610 758 3800 815 Ταῦτα

2206 852 2302 905 ἐπὶ
2327 850 2438 904 τῶν
2465 850 2642 906 ἄλλων
2669 850 2928 904 ἁπάντων
2983 846 3231 917 γίνεσθαι
3281 843 3594 898 ἀκόλουθον.
3651 842 3801 897 Παῦ-

2207 937 2300 1001 λος
2329 935 2439 1008 γάρ
2486 937 2586 991 οὐκ
2617 936 2812 999 ἐδεῖτο,
2870 932 2989 988 ἀλλ’
3046 932 3292 994 ἐκείνους
3335 929 3585 999 ἐπαίρων
3644 926 3800 997 ἐλεγε

2208 1019 2401 1075 ταῦτα.
2424 1019 2496 1073 Σὺ
2520 1018 2700 1073 τοίνυν
2725 1018 2820 1072 ἐπὶ
2850 1016 2959 1070 τῶν
2990 1015 3167 1071 ἄλλων
3221 1012 3478 1068 ἁπάντων
3502 1013 3629 1075 τοὺς
3674 1011 3800 1082 βου-

2209 1103 2475 1175 λομένους
2520 1099 2773 1167 κακίζειν
2817 1099 3163 1170 ἐπιστόμιζε,
3223 1093 3604 1159 κατασκεύαζε
3651 1094 3802 1165 αὐτῷ

2210 1187 2469 1260 ἐραστὰς,
2499 1186 2758 1250 ὑπόδεξαι
2809 1183 3023 1249 ἐξιόντα
3078 1181 3221 1255 μετά
3272 1179 3480 1250 πολλῆς
3510 1179 3612 1250 τῆς
3636 1179 3800 1250 θερα-

2211 1278 2394 1341 πείας·
2427 1275 2572 1330 οὕτω
2605 1273 2963 1345 κοινωνήσεις
3018 1270 3130 1324 τῶν
3165 1269 3470 1340 στεφάνων,
3527 1267 3671 1321 οὕτω
3700 1268 3802 1336 τῆς

2208 1359 2388 1431 δόξης·
2420 1357 2521 1414 κᾶν
2556 1356 2724 1429 μηδὲν
2752 1355 2939 1426 ἕτερον
2973 1354 3225 1426 ποιήσῃς,
3280 1353 3455 1423 ἡσθῇς
3478 1351 3537 1405 δέ
3566 1352 3659 1405 ἐπὶ
3688 1354 3802 1414 τοῖς

2211 1444 2548 1515 γενομένοις,
2598 1443 2692 1496 καὶ
2716 1438 2890 1503 οὕτως
2932 1435 3301 1508 ἐκοινώνησας
3350 1436 3448 1506 οὐχ
3479 1434 3555 1500 ὡς
3589 1433 3796 1505 ἔτυχεν·

2212 1532 2538 1601 είσήνεγκας
2560 1526 2671 1598 γὰρ
2696 1527 2942 1596 ἀγάπην,
2971 1524 3034 1578 τὸ
3084 1522 3304 1576 πάντων
3331 1520 3630 1591 κεφάλαιον
3692 1518 3802 1573 τῶν

2212 1612 2458 1683 ἀγαθῶν.
2508 1613 2573 1666 Et
2604 1612 2715 1682 γὰρ
2744 1611 2796 1663 οἱ
2841 1608 3124 1671 κλαίοντες
3169 1604 3389 1659 δοκοῦσι
3437 1602 3531 1658 τοῦ
3570 1602 3804 1666 πένθους

2213 1699 2516 1763 κοινωνεῖν,
2577 1695 2676 1750 καὶ
2731 1692 2946 1766 μεγάλα
3009 1691 3328 1763 χαρίζονται
3357 1689 3470 1752 τοῖς
3520 1686 3802 1749 πενθοῦσι,

2213 1782 2309 1836 καὶ
2340 1780 2403 1836 τὸ
2432 1779 2569 1835 πολὺ
2605 1778 2710 1849 τῆς
2764 1777 2960 1848 ὀδύνης
3010 1774 3330 1845 ἀφαιροῦσι,
3384 1770 3564 1842 πολλῷ
3604 1770 3805 1842 μᾶλλον

2214 1868 2311 1922 καὶ
2338 1867 2389 1922 οἱ
2425 1865 2711 1937 χαίροντες
2757 1860 2983 1933 μείζονα
3009 1857 3228 1915 ποιοῦσι
3268 1856 3367 1930 τὴν
3396 1855 3611 1928 ἡδονήν.
3640 1855 3806 1907 Ὅσον

2213 1954 2328 2025 γάρ
2359 1950 2530 2006 κακὸν
2563 1949 2625 2003 τὸ
2650 1949 2725 2021 μὴ
2740 1947 2885 2019 ἔχειν
2914 1946 3043 2010 τούς
3093 1940 3586 2013 συλλυπουμένους,
3639 1940 3806 2025 ἄκουε

2212 2023 2307 2091 τοῦ
2330 2034 2618 2107 Προφὴτου
2638 2032 2909 2102 λέγοντος·
2934 2029 3046 2084 Καὶ
3068 2027 3361 2098 ὑπέμεινα
3379 2023 3809 2093 συλλυπούμε-

2212 2136 2348 2185 νον,
2373 2117 2475 2173 καί
2505 2118 2620 2187 οὐχ
2646 2114 2905 2185 ὑπῆρξε.
2957 2111 3060 2167 Διά
3085 2111 3244 2166 τοῦτο
3272 2109 3366 2164 καὶ
3396 2108 3611 2173 Παῦλός
3643 2124 3802 2179 φησι·

2214 2204 2454 2272 Χαίρειν
2473 2200 2624 2272 μετὰ
2634 2200 2985 2270 χαιρόντων,
3006 2195 3107 2251 καὶ
3138 2194 3374 2251 κλαίειν
3389 2193 3541 2265 μετὰ
3567 2192 3810 2249 κλαιόν-

2213 2304 2354 2342 των.
2377 2283 2623 2357 Αὐξησον
2643 2284 2744 2356 τὴν
2774 2282 2991 2355 ἡδονήν·
3036 2280 3104 2336 ἂν
3127 2280 3245 2353 ίδῃς
3261 2278 3356 2332 τὸν
3394 2275 3623 2347 ἀδελφὸν
3660 2275 3810 2329 εὐδο-

2215 2370 2502 2443 κιμοῦντα,
2524 2370 2600 2444 μὴ
2625 2371 2807 2443 είπῃς,
2838 2367 3130 2439 Ἐκείνουὴ
3151 2364 3523 2436 εὐδοκίμησις,
3537 2360 3647 2432 ἐγὼ
3664 2361 3813 2444 τίνος

2215 2442 2400 2510 ἕνεκεν
2432 2442 2609 2525 χαίρω
2635 2472 2650 2523 ;
2686 2442 2791 2508 οὐκ
2818 2449 3051 2522 ἀδελφοῦ
3102 2448 3279 2505 ταῦτα
3305 2448 3374 2502 τὰ
3398 2447 3642 2519 ῥήματα,
3672 2442 3813 2500 ἀλλά

2216 2536 2501 2609 πολεμίου.
2539 2539 2636 2593 Ἂν
2674 2536 2860 2610 θέλῃς,
2889 2536 2994 2590 οὐκ
3045 2533 3258 2589 ἐκείνου
3294 2530 3465 2596 ἐστὶν,
3517 2527 3657 2583 ἀλλά
3689 2526 3808 2610 σοῦ·

2217 2622 2284 2676 σύ
2306 2607 2498 2693 κύριος
2527 2621 2752 2692 ποιῆσαι
2778 2607 2959 2691 αὐτὴν
2996 2616 3241 2690 μείζονα,
3256 2615 3324 2671 ἀν
3349 2613 3425 2686 μὴ
3447 2609 3697 2684 κατηφής
3718 2607 3811 2685 ᾖς,

2217 2705 2334 2760 ἀλλ’
2365 2704 2561 2778 ἡσθῇς,
2592 2704 2659 2760 ἂν
2690 2702 2917 2775 φαιδρὸς
2956 2701 3112 2773 γένῃ,
3142 2700 3209 2756 ἃν
3245 2697 3655 2770 γεγανωμένος.
3700 2694 3815 2778 ιςαι

2216 2790 2299 2845 ὃτι
2317 2777 2630 2860 οὕτωςέχει
2654 2787 2715 2842 τὸ
2745 2788 3001 2858 πρᾶγμα,
3030 2784 3240 2842 ἐκεῖθεν
3268 2782 3445 2856 δῆλον·
3470 2783 3533 2836 Ol
3555 2777 3817 2852 φθονοῦν-

2215 2891 2309 2939 τες
2344 2875 2445 2930 οὐκ
2475 2872 2706 2936 ἐκείνοις
2737 2869 2994 2941 φθονοῦσι
3031 2868 3217 2941 μόνοις
3265 2868 3379 2931 τοῖς
3408 2860 3815 2936 εὐδοκιμοῦσιν,

2219 2958 2358 3013 ἀλλά
2379 2959 2476 3013 καὶ
2500 2960 2613 3022 τοῖς
2642 2958 2767 3021 ταῖς
2800 2954 3030 3009 ἐκείνων
3078 2952 3466 3025 εὐδοκιμήσεσι
3503 2949 3813 3022 χαίρουσιν·

2219 3042 2393 3109 οῦτως
2422 3044 2605 3097 ἴσασιν
2637 3043 2723 3099 δτι
2749 3039 2847 3095 καὶ
2878 3030 3030 3092 οὗτοι
3068 3038 3128 3092 ἐν
3180 3039 3247 3109 τῇ
3278 3035 3631 3106 εὐδοκιμήσει
3678 3032 3815 3099 εἰσὶ,

2219 3129 2319 3185 καὶ
2354 3121 2500 3183 οὗτοι
2561 3126 2800 3198 μάλιστά
2840 3125 2981 3178 εἰσιν
3023 3124 3073 3185 oi
3120 3119 3534 3194 σεμνυνόμενοι.
3576 3118 3819 3198 Ἐκεῖνος

2223 3212 2324 3284 μὲν
2350 3211 2460 3283 γάρ
2481 3196 2577 3265 καί
2601 3209 2830 3283 ἐρυθριᾷ
2860 3207 3065 3280 σφόδρα
3116 3203 3625 3277 ἐγκωμιαζόμενος·
3659 3196 3820 3264 οὗτος

2218 3300 2279 3353 δέ
2335 3297 2476 3370 μετά
2524 3295 2727 3367 πολλῆς
2769 3295 2871 3366 τῆς
2912 3293 3110 3367 ἡδονῆς
3161 3287 3649 3362 ἐγκαλλωπίζεται.
3702 3286 3822 3359 Οὐχ

2221 3389 2386 3458 ὁρᾶτε
2414 3386 2507 3439 ἐπὶ
2538 3385 2650 3439 τῶν
2678 3382 2932 3456 ἀθλητῶν
2972 3380 3092 3445 πῶς
3117 3380 3148 3433 ό
3199 3380 3299 3453 μὲν
3351 3372 3734 3448 στεφανοῦται,
3789 3376 3823 3428 ὁ

2220 3475 2279 3529 δὲ
2306 3475 2367 3529 οὐ
2396 3471 2798 3545 στεφανοῦται;
2847 3472 2883 3544 ἡ
2928 3469 2988 3524 δὲ
3016 3468 3179 3540 ὀδύνη
3232 3468 3329 3523 καὶ
3361 3465 3508 3539 χαρά
3544 3465 3655 3518 τῶν
3683 3464 3822 3535 ἐρα-ι

2224 3566 2368 3619 στῶν
2418 3564 2536 3618 ἐστι
2588 3562 2684 3616 καὶ
2740 3560 2851 3616 τῶν
2907 3557 3230 3632 μισούντων·
3292 3556 3492 3610 ἐκεῖνοι
3549 3550 3819 3625 πηδῶσιν,

2224 3654 2427 3708 ἐκεῖνοι
2469 3651 2787 3723 σκιρτῶσιν.
2844 3648 2988 3720 Ὅρα
3034 3645 3201 3701 πόσον
3256 3644 3376 3698 ἐστὶ
3430 3641 3491 3696 τὸ
3542 3640 3615 3714 μὴ
3688 3638 3824 3709 φθοο

2224 3744 2358 3800 νεῖν·
2410 3741 2598 3813 ἐτέρου
2647 3741 2677 3794 6
2719 3738 2901 3803 πόνος,
2934 3736 3030 3791 καί¹
3061 3733 3218 3807 σοῦὴ
3265 3731 3453 3805 ἡδονή·
3514 3731 3702 3801 ἐτερος
3722 3728 3824 3782 τὸν

2228 3832 2493 3902 στέφανον
2524 3828 2854 3901 περίκειται,
2894 3826 2988 3880 καὶ
3029 3825 3094 3879 σὺ
3150 3823 3398 3894 σκιρτᾷς,
3435 3818 3502 3873 σὺ
3538 3815 3822 3902 ἐγκαλλω-

2226 3899 2383 3988 πίζῃ.
2419 3913 2557 3969 Εἰπὲ
2585 3899 2697 3985 γάρ
2728 3928 2842 3983 μοι,
2874 3910 3035 3973 ἀλλος
3082 3906 3357 3978 νενίκηκε,
3412 3903 3479 3958 σύ
3517 3901 3572 3956 τί
3603 3899 3822 3974 πηδᾷςς

2239 4004 2381 4059 Ἀλλ’
2417 4002 2564 4057 ίσασι
2592 4000 2839 4055 κάκεῖνοι
2865 3997 3067 4063 καλῶς,
3098 3997 3183 4050 ὅτι
3208 3993 3389 4049 κοινὸν
3415 3992 3478 4046 τδ
3502 3989 3825 4061 γενόμενον.

2228 4093 2330 4147 Διά
2349 4089 2508 4147 τοῦτο
2532 4088 2706 4160 τούτῳ
2734 4087 2835 4160 μὲν
2871 4085 2973 4141 οὐκ
3001 4081 3325 4154 ἐγκαλοῦσιν
3370 4081 3421 4134 et
3473 4077 3824 4150 φθονοῦντες,

2230 4178 2531 4253 πειρῶνται
2584 4176 2642 4232 δὲ
2680 4173 3043 4231 καταϐάλλειν
3064 4171 3162 4243 τὴν
3212 4169 3391 4238 νίκην·
3443 4167 3540 4222 καὶ
3598 4163 3825 4228 ἀκούεις

2232 4272 2454 4342 ῥήματα
2482 4263 2709 4320 τοιαῦτα
2736 4262 3004 4334 λεγόντων
3031 4258 3211 4314 αὐτῶν
3231 4274 3248 4288 ·
3266 4254 3560 4328 Ἐξήλειψά
3588 4271 3670 4318 σε,
3700 4254 3823 4316 καὶ,

2232 4341 2552 4413 Κατέϐαλόν
2579 4372 2658 4410 σε·
2686 4352 2866 4409 καίτοι
2916 4368 2983 4421 γε
3030 4349 3221 4420 ἐτέρου
3264 4348 3325 4400 τὸ
3351 4344 3534 4419 ἔργον,
3571 4341 3709 4398 ἀλλά
3760 4343 3828 4397 τδ

2233 4445 2508 4517 ἐγκώμιον
2558 4443 2671 4499 σόν.
2699 4443 2762 4496 Et
2796 4440 2855 4494 δὲ
2885 4441 2944 4495 ἐν
2969 4440 3083 4502 τοῖς
3106 4435 3306 4502 ἐξωθεν
3334 4432 3592 4488 τοσοῦτον
3617 4430 3829 4500 ἀγαθὸν

2232 4539 2296 4592 τὸ
2329 4536 2405 4609 μὴ
2430 4535 2669 4606 φθονεῖν,
2726 4532 2844 4587 ἀλλ’
2881 4527 3216 4586 οἰκειοῦσθαι
3257 4525 3325 4580 τὰ
3378 4525 3569 4596 ἐτέρου
3617 4522 3828 4594 ἀγαθὰ,

2234 4624 2416 4697 πολλῷ
2447 4623 2649 4695 μᾶλλον
2686 4621 2780 4675 ἐπὶ
2809 4622 2875 4693 τῇ
2900 4619 3027 4690 νίκῃ
3072 4616 3170 4672 τοῦ
3212 4614 3482 4670 διαϐόλου·
3538 4612 3659 4666 τότε
3712 4610 3833 4683 γὰρ

2237 4714 2360 4770 καθ’
2392 4713 2550 4786 ἡμῶν
2570 4710 2732 4765 πλέον
2759 4710 2905 4773 πνεῖ,
2930 4705 3176 4777 δηλονότι
3215 4703 3292 4768 ὡς
3333 4701 3495 4756 πλέον
3524 4699 3830 4772 ἡδομένων.

2235 4804 2433 4859 Καίτοι
2460 4818 2524 4872 γε
2555 4799 2751 4871 μιαρὸς
2789 4796 2868 4851 ῶν
2892 4790 3034 4850 οἶδεν
3054 4791 3299 4866 ἀκριϐῶς
3324 4792 3408 4847 ὅτι
3439 4789 3651 4862 μεγάλη
3682 4786 3837 4859 αὕτη

2234 4892 2269 4961 ἡ
2295 4887 2478 4959 ἡδονή.
2509 4884 2700 4948 Θέλεις
2722 4880 2887 4936 αὐτὸν
2909 4879 3189 4952 λυπῆσαι;
3238 4875 3439 4949 ἡσθητι
3467 4874 3563 4930 καὶ
3599 4873 3835 4946 χάρηθι.

2236 4975 2427 5039 Θέλεις
2456 4972 2620 5030 αὐτὸν
2645 4970 2944 5041 εὐφρᾶναι;
3002 4964 3329 5037 σκυθρωπὸς
3379 4961 3562 5034 γενοῦ·
3610 4962 3712 5032 τὴν
3764 4962 3843 5015 ἐκ

2237 5067 2336 5137 τῆς
2364 5063 2522 5134 νίκης
2580 5058 2675 5115 τοῦ
2709 5055 2942 5128 ἀδελφοῦ
2970 5053 3272 5126 γενομένην
3308 5050 3461 5123 αὐτῷ
3489 5049 3670 5122 λύπην
3706 5048 3847 5102 ἐπι-

2239 5152 2519 5224 κουφίζεις
2541 5150 2629 5204 διὰ
2660 5150 2761 5220 τῆς
2783 5147 2884 5219 σῆς
2903 5142 3164 5216 ἀθυμίας·
3218 5143 3337 5214 μετ’
3362 5140 3575 5195 ἐκείνου
3609 5138 3851 5193 ἵστασαι

2240 5240 2593 5315 ἀποσχισθεὶς
2618 5238 2713 5293 τοῦ
2742 5233 2994 5307 ἀδελφοῦ·
3020 5231 3262 5306 μείζονῆ
3290 5232 3497 5295 ἐκεῖνος
3526 5230 3704 5315 ποιεῖς
3732 5246 3852 5283 κα-

2242 5336 2356 5389 κόν.
2388 5314 2467 5386 Οὐ
2497 5330 2607 5401 γάρ
2640 5329 2788 5382 ἐστιν
2836 5325 2951 5379 ῐσον
2988 5321 3186 5395 ἐχθρὸν
3219 5319 3351 5375 ὄντα
3375 5317 3447 5373 τὰ
3470 5317 3580 5372 τῶν
3619 5314 3853 5388 ἐχθρῶν

2243 5424 2440 5489 ποιεῖν,
2472 5419 2569 5474 καὶ
2598 5414 2753 5490 [HO]
2788 5414 2945 5484 φίλον
2986 5411 3117 5466 ὄντα
3143 5407 3410 5481 μετὰτῶν
3437 5406 3651 5490 ἐχθρῶν
3679 5405 3856 5460 ἵστα-

2245 5509 2390 5562 σθαι·
2428 5488 2589 5568 οὐτος
2601 5488 2721 5556 τῶν
2751 5496 2963 5570 ἐχθρῶν
2988 5494 3349 5567 μιαρώτερος.
3386 5492 3451 5548 ΕΞ
3474 5488 3856 5562 εὐδοκίμησεν

2244 5592 2273 5643 6
2300 5589 2550 5660 ἀδελφὸς,
2580 5585 2615 5657 ἢ
2651 5584 2844 5653 λέγων,
2870 5581 2903 5652 ἢ
2927 5577 3369 5651 ἐπιδεικνύμενος
3387 5588 3437 5646 ι,
3469 5574 3504 5649 ἢ
3527 5571 3854 5648 κατορθῶν,

2314 5879 2341 5907 ³
2364 5875 2517 5936 Mars.
2539 5869 2686 5921 Savil.
2714 5865 3083 5927 ἐπαινούμενος..
