4140 6520
366 406 473 462 377

368 523 538 577 lestus
567 530 728 589 quam
765 514 937 586 juvat.
968 511 1333 582 Quamobrem
1375 516 1591 580 oportet
1620 507 1817 577 ubique
1848 519 1970 560 esse

367 614 612 669 modum.
645 610 758 667 Nec
781 610 861 666 sis
888 609 1059 664 tristis
1088 614 1144 662 et
1173 614 1330 660 torvo
1357 603 1541 668 vultu;
1586 609 1670 656 est
1712 600 1856 654 enim
1889 599 1972 652 iu-

364 707 700 779 jneundum:
729 717 908 772 neque
953 698 1185 756 ditl'usus
1235 712 1300 752 ac
1344 695 1672 759 dissolutus;
1714 702 1797 748 est
1828 693 1971 746 enim

365 800 650 873 despectui
681 798 1013 862 obnoxium;
1057 793 1152 850 sed
1194 793 1476 862 utriusque
1500 801 1720 859 accep'a
1754 789 1970 852 virtute,

367 897 494 968 fuge
517 895 727 958 vitium,
759 891 901 946 sicut
930 889 1046 960 apis
1089 886 1248 957 hujus
1274 885 1494 956 quidem
1525 882 1763 937 lartitiam
1788 890 1837 934 ct
1861 880 1976 933 ala-

363 993 638 1055 critatem,
665 987 810 1042 illius
833 1000 964 1040 vero
994 997 1225 1053 carpens
1249 980 1594 1051 gravitatem.
1627 974 1760 1030 Nam
1788 974 1831 1028 si
1859 988 1972 1030 iuc-

363 1088 521 1140 dictis
553 1099 662 1138 non
687 1081 941 1135 similiter
971 1075 1222 1132 omnibus
1251 1075 1420 1130 utitur
1435 1069 1775 1143 corporibus,
1802 1068 1972 1122 multo

367 1177 537 1247 magis
570 1172 866 1245 magister:
901 1183 1226 1242 quamquam
1259 1183 1366 1221 non
1395 1163 1771 1221 convenientia
1804 1159 1973 1214 Inedi-

363 1279 614 1324 camenta
646 1269 819 1336 magis
850 1263 1077 1319 tulerint
1091 1276 1346 1330 corpora,
1376 1274 1535 1330 quam
1567 1258 1744 1310 anima
1774 1269 1972 1309 Seruio-

369 1380 513 1417 nem.
545 1361 702 1417 Verbi
720 1358 915 1431 gratia,
935 1356 1145 1412 accedit
1174 1354 1418 1419 Graccus,
1447 1361 1502 1407 et
1529 1351 1624 1406 tibi
1653 1349 1711 1404 lit
1730 1346 1971 1404 amicus?

365 1458 433 1510 de
475 1457 564 1509 illa
613 1469 673 1509 re
717 1467 839 1506 cum
873 1451 990 1520 ipso
1033 1448 1170 1502 nihil
1225 1447 1569 1508 disserueris,
1627 1442 1803 1497 donec
1847 1455 1969 1494 cum

362 1567 429 1604 eo
463 1559 636 1604 tecum
672 1560 867 1615 magna
897 1543 1054 1598 fuerit
1079 1541 1346 1606 amicitia;
1376 1548 1430 1593 et
1460 1553 1584 1592 cum
1621 1536 1802 1600 fuerit,
1842 1548 1970 1603 pauc

365 1645 536 1699 latim.

438 1739 492 1794 5.
534 1735 674 1792 Vide
701 1732 919 1805 quando
968 1730 1167 1784 Paulus
1215 1727 1358 1783 venit
1404 1724 1667 1787 Athenas,
1699 1721 1972 1794 quomodo

368 1845 490 1885 eum
516 1829 596 1884 eis
618 1825 944 1882 disserebat.
973 1822 1090 1878 Non
1119 1821 1352 1883 dicebat,
1381 1818 1428 1873 Ο
1458 1816 1706 1873 scelerati
1737 1826 1792 1870 et
1813 1815 1976 1884 plane

367 1921 713 1979 exsecraudil
745 1919 839 1975 sed
869 1917 1030 1989 quid?
1061 1912 1171 1970 Viri
1194 1914 1545 1977 Athenienses,
1569 1929 1656 1967 vos
1685 1929 1774 1981 per
1801 1911 1974 1965 omnia

365 2016 514 2069 uideo
541 2031 646 2070 esse
674 2024 928 2084 tamquam
951 2009 1401 2082 superstitiosiores
1428 2007 1566 2079 (Act.
1597 2009 1682 2061 l7.
1704 2004 1818 2076 2'2).
1838 2006 1974 2060 Rur-

370 2123 465 2164 sus
495 2106 709 2178 quando
756 2105 970 2177 probris
997 2101 1281 2172 Oportebat
1322 2099 1558 2165 aflicere,
1606 2114 1713 2153 non
1751 2112 1972 2152 recusa-

367 2203 464 2266 vit,
517 2200 610 2254 sed
663 2213 784 2253 cum
834 2211 1026 2267 magna
1069 2195 1406 2251 vehementia
1457 2194 1672 2250 dicebat
1717 2193 1969 2265 Elymus:

365 2295 528 2352 Plcne
557 2294 697 2348 omni
738 2291 859 2347 dolo
889 2302 936 2346 et
964 2291 1104 2345 omni
1144 2289 1375 2360 fallacia,
1411 2290 1490 2358 [ili
1533 2288 1743 2357 diaboli,
1773 2289 1976 2341 inimice

361 2389 528 2442 omnis
555 2387 772 2459 jnstitiaz
805 2384 968 2457 (Ibid.
1005 2385 1092 2439 13.
1135 2382 1248 2453 10).
1281 2383 1414 2437 Nam
1445 2382 1584 2437 sicut
1623 2381 1748 2448 illo;
1773 2379 1974 2450 probro

364 2481 616 2536 affecisse
662 2479 983 2551 insipientia:
1019 2477 1244 2542 fuisset,
1295 2477 1367 2530 ita
1409 2474 1552 2529 hunc
1589 2490 1697 2528 non
1728 2473 1976 2528 affecisse

364 2575 554 2630 fuisset
579 2573 760 2645 pusilli
789 2585 844 2627 et
871 2571 1066 2642 abiecti
1101 2569 1286 2625 animi.
1318 2569 1558 2633 Rursus,
1591 2569 1656 2623 ad
1686 2568 1974 2640 magistra-

364 2679 477 2723 tum
521 2683 580 2723 es
625 2667 892 2721 adductus
939 2674 1160 2736 promer
1205 2663 1533 2735 negotium?
1592 2660 1791 2717 exhibe
1838 2677 1975 2732 quos

366 2777 464 2832 par
492 2769 576 2816 est
621 2760 878 2815 honores.
926 2757 1134 2826 Omnia,
1184 2758 1375 2828 inquit,
1413 2773 1528 2821 qua:
1570 2757 1652 2810 hic
1694 2764 1830 2823 sunt,
1883 2772 1973 2809 oo-

357 2853 440 2908 bis
486 2863 608 2908 nota
651 2853 860 2924 facient.
913 2850 1022 2906 Cur
1068 2866 1198 2916 non,
1252 2849 1455 2920 inquit,
1511 2849 1669 2903 simul
1709 2848 1980 2903 venerim?

360 2947 504 3014 Quid
547 2953 634 3002 est
669 2955 870 3009 autem,
917 2943 1104 2998 Omnia
1131 2942 1269 2999 vobis
1297 2952 1416 2996 nota
1459 2942 1686 3011 facient?
1729 2941 1840 2996 lloc
1867 2950 1972 3007 est,

365 3041 605 3108 vincula,
651 3048 708 3096 et
757 3039 859 3109 alia
907 3039 1087 3093 omnia
1135 3052 1257 3107 qua:
1287 3051 1372 3091 me
1415 3035 1668 3091 retinent.
1696 3033 1814 3088 Non
1844 3049 1975 3103 ergo

361 3136 457 3207 qui
495 3149 594 3190 vos
632 3144 764 3205 Opto
794 3132 997 3198 videre,
1028 3140 1084 3187 et
1123 3132 1278 3186 mitto
1321 3128 1476 3197 alios,
1510 3129 1622 3199 ipse
1652 3128 1972 3194 tardassem,

363 3232 413 3284 si
446 3243 552 3283 non
585 3243 671 3282 me
702 3241 892 3296 magna
924 3225 1184 3280 retineret
1214 3223 1527 3278 necessitas.
1550 3221 1710 3291 Atqui
1733 3237 1840 3276 non
1858 3231 1974 3275 erat

365 3323 472 3378 hoc
509 3321 954 3377 insimulantium.
985 3320 1098 3375 [mo
1148 3334 1275 3374 vero
1325 3317 1481 3373 valde
1524 3317 1971 3373 iusimulantium.

365 3415 587 3470 Discere
616 3415 763 3470 enim
792 3411 938 3484 quod
964 3422 1019 3467 et
1047 3409 1300 3467 inciderit
1329 3411 1382 3466 in
1415 3410 1763 3477 tentationes,
1801 3419 1856 3465 et
1880 3425 1975 3465 eas

365 3507 578 3562 fortiter
606 3514 660 3562 et
685 3520 951 3578 generose
981 3504 1183 3569 tulerit,
1211 3503 1328 3574 ejus
1351 3510 1473 3558 erat
1491 3502 1580 3574 qui
1603 3503 1682 3557 rei
1711 3501 1869 3557 fidem
1894 3503 1974 3555 fa-

364 3601 561 3667 ciebat,
593 3609 647 3655 et
668 3598 908 3670 erigebat
931 3614 1121 3655 eorum
1146 3597 1379 3653 animos.

440 3695 604 3749 Pauli
643 3695 914 3750 modestia.
942 3723 1016 3734 —
1036 3692 1090 3749 9.
1120 3691 1246 3749 Cum
1290 3692 1551 3758 Onesimo,
1585 3691 1776 3762 inquit,
1809 3691 1974 3744 caris-

363 3791 495 3846 sima
529 3799 577 3844 et
604 3789 745 3859 ﬁdeli
772 3789 955 3860 fratre.
985 3787 1212 3844 Servum
1260 3787 1458 3843 Paulus
1483 3786 1610 3842 dicit
1638 3785 1895 3842 fratrem:
1920 3795 1977 3841 et

365 3883 584 3950 merito,
607 3897 730 3939 eum
759 3891 815 3938 et
845 3881 961 3952 ipse
987 3897 1046 3937 se
1065 3896 1280 3938 servum
1308 3880 1548 3936 nominet
1577 3879 1833 3935 ﬁdelium.
1871 3880 1974 3935 De-

366 3980 665 4047 primamus
693 3990 882 4030 omnes
910 3973 1132 4042 fastum,
1155 3975 1536 4030 conculcemus
1559 3974 1922 4044 arrogantiam
1956 3989 1973 4029 :

364 4083 582 4124 servum
614 4083 674 4124 se
707 4068 949 4123 nominat
976 4068 1192 4133 Paulus,
1227 4068 1318 4138 qui
1365 4076 1448 4122 est
1495 4069 1664 4123 instar
1691 4067 1839 4122 orbis
1865 4078 1974 4122 ter-

364 4177 547 4217 rarum
579 4170 635 4217 et
661 4162 914 4217 caelorum
934 4161 1428 4227 innumerabilium,
1456 4169 1508 4215 et
1534 4170 1586 4214 tu
1615 4159 1782 4214 altum
1806 4161 1976 4230 sapis?

363 4255 470 4324 Qui
508 4255 692 4311 omnia
723 4265 781 4309 ut
811 4255 1045 4321 volebat,
1077 4254 1270 4324 agebat
1297 4262 1353 4308 et
1385 4253 1620 4318 ferebat;
1651 4254 1745 4323 qui
1787 4254 1839 4308 in
1886 4269 1975 4309 rc-

360 4363 472 4419 gno
496 4349 754 4404 caelorum
786 4348 988 4417 primas
1019 4345 1255 4413 tenebat,
1289 4345 1380 4415 qui
1412 4345 1510 4400 fuit
1535 4355 1849 4412 coronatus,
1883 4346 1975 4416 qui

362 4445 424 4500 in
466 4444 682 4500 tertium
727 4441 972 4498 ascendit
1009 4441 1201 4496 cwlum
1223 4482 1238 4506 ,
1276 4456 1466 4496 servos
1496 4439 1692 4496 fratres
1723 4450 1881 4496 vocat
1921 4450 1976 4497 et

361 4552 682 4594 conservos.
730 4537 834 4592 Ubi
875 4545 960 4592 est
1001 4535 1246 4592 insania?
1301 4535 1390 4590 ubi
1435 4536 1780 4606 arrogantia?
1823 4536 1976 4591 Adeo

361 4632 474 4687 {ide
505 4632 700 4701 dignus
731 4629 829 4686 fuit
869 4629 1194 4697 Onesimus,
1241 4638 1301 4683 ut
1346 4628 1463 4684 haec
1505 4630 1553 4684 ei
1596 4630 1970 4686 crederentur.

362 4727 458 4783 £0.
490 4725 557 4779 Et
589 4725 822 4794 Marcus,
868 4726 1062 4797 inquit,
1093 4724 1425 4780 consobrinus
1465 4723 1737 4779 Barnabic.
1769 4723 1848 4779 De
1875 4743 1973 4797 quo

357 4821 635 4890 accepistis
656 4821 900 4874 mandata
920 4835 941 4874 :
959 4821 1202 4890 suscipite
1220 4820 1389 4873 illum.
1420 4818 1674 4874 Fortasse
1707 4834 1738 4873 a
1769 4819 1970 4874 Barna-

358 4912 431 4968 ba
478 4911 730 4966 mandata
773 4919 1117 4982 acceperant.
1156 4911 1257 4978 Qui
1298 4919 1416 4964 sunt
1455 4927 1518 4964 ea:
1564 4911 1972 4966 circumcisione.

358 5003 685 5073 Comprimit
714 5012 979 5060 tumorem
999 5003 1332 5068 Judacorum,
1359 5003 1515 5074 erigit
1536 5017 1722 5057 eorum
1741 5005 1970 5074 animos,

359 5096 507 5167 quod
535 5098 688 5166 pauci
711 5106 894 5153 essent
924 5113 990 5153 ex
1013 5095 1446 5159 circumcisione,
1486 5095 1667 5164 plures
1703 5105 1879 5151 autem
1907 5113 1974 5152 cx

359 5191 636 5262 gentibus.
666 5193 754 5248 ll.
789 5191 891 5261 Qui
911 5197 1140 5264 fuerunt,
1166 5191 1356 5262 inquit,
1384 5189 1512 5243 milii
1533 5189 1737 5244 solatio.
1774 5188 1972 5246 Osten-

358 5285 445 5340 dit
470 5299 530 5340 se
557 5285 764 5341 essein
806 5285 1018 5358 magnis
1063 5283 1471 5340 tentationibus.
1523 5282 1708 5351 Itaque
1752 5297 1859 5338 non
1890 5292 1974 5339 est

362 5378 471 5434 hoc
503 5393 750 5448 parvum,
779 5378 994 5448 quando
1015 5388 1234 5434 sanctos
1254 5378 1599 5434 consolamur
1616 5385 1670 5432 et
1685 5377 1971 5448 praesentia

359 5481 418 5525 et
449 5486 700 5527 sermone
727 5480 785 5527 et
808 5471 1148 5540 assiduitate,
1173 5471 1388 5542 quando
1417 5469 1580 5526 simul
1620 5485 1743 5526 cum
1779 5471 1859 5527 eis
1888 5469 1971 5525 af-

359 5564 637 5635 ﬂigimur:
662 5565 798 5621 Cum
830 5565 1025 5621 vinctis
1069 5565 1235 5632 enim,
1276 5566 1472 5637 inquit,
1507 5575 1778 5636 tamquam
1809 5565 1970 5621 simul

357 5657 525 5711 vincti
575 5655 761 5730 (Hebr.
815 5657 904 5712 l5.
947 5657 1040 5728 5):
1073 5657 1290 5722 quando
1333 5658 1546 5714 illorum
1591 5657 1970 5729 perpessiones

358 5759 576 5806 nostras
601 5763 724 5808 esse
750 5748 1020 5816 ducimus,
1043 5753 1097 5804 in
1118 5750 1332 5808 coronis
1353 5767 1566 5823 quoque
1592 5753 1722 5808 socii
1744 5754 1963 5809 erimus.

359 5840 477 5896 Non
521 5855 581 5896 es
610 5849 814 5897 tractus
840 5841 899 5898 in
923 5841 1193 5899 stadium?
1233 5858 1340 5899 non
1370 5844 1697 5901 descendisti
1741 5845 1809 5902 ad
1850 5862 1968 5902 cere

359 5935 581 5991 tamen?
619 5933 760 5990 alius
800 5932 868 5991 ad
908 5934 1223 5993 luctandum
1254 5951 1314 5994 se
1341 5935 1512 6008 exuit,
1542 5938 1678 5995 alius
1705 5939 1956 5996 luctatur.

1275 394 1339 450 ΙΝ
1381 392 1596 451 EPlST.
1642 393 1742 448 Al)’
1772 390 2051 448 COLOSS.
2093 393 2250 449 CAP.
2295 393 2383 450 ιν.
2427 394 2644 454 ΠΟΜΙῙ,
2687 396 2774 451 ΧΙ.

3577 413 3706 471 578*

2079 505 2187 560 Sed
2217 505 2262 562 si
2290 508 2444 575 velis,
2490 519 2543 565 tu
2575 525 2788 582 quoque
2816 510 2925 565 eris
2956 513 3168 568 secius:
3201 521 3532 588 ungo-illum
3564 541 3702 584 cer--

2079 604 2344 666 laturum,
2369 601 2489 669 ejus
2527 601 2602 656 sis
2646 603 2852 658 amicus
2881 612 2935 659 et
2978 606 3271 676 studiosus,
3316 611 3448 668 foris
3477 632 3702 686 magna-

2079 703 2212 743 voce
2241 691 2503 756 exclama,
2535 694 2708 749 excita
2751 695 2912 763 vires,
2945 713 3130 754 recrea
3171 702 3433 758 animum.
3466 706 3702 767 llaec-ina

2079 781 2200 837 aliis
2228 784 2475 840 omnibus
2505 787 2617 842 lieri
2670 797 2753 844 cst
2801 803 3245 852 consentaneum.
3294 799 3496 858 Paulus
3534 807 3696 862 enim;

2080 888 2187 930 non
2236 890 2371 946 Opus
2413 877 2666 946 habebat,
2713 883 2809 938 sed
2854 884 2976 940 illos
3015 889 3254 944 excitans
3305 892 3526 951 dicebat
3566 899 3700 956 Iunce

2078 969 2280 1024 omnia.
2313 969 2392 1024 Tu
2441 986 2571 1041 ergo
2601 977 2656 1028 in
2685 975 2806 1032 aliis
2850 981 3118 1048 omnibus,
3151 999 3337 1041 eorum
3372 991 3459 1060 qui
3493 993 3681 1049 volunt

2077 1059 2408 1132 vituperare,
2456 1080 2552 1121 ora
2597 1067 2840 1137 obstruc,
2891 1086 3118 1142 procura
3169 1087 3226 1131 ut
3265 1059 3532 1154 siutiqui'
3561 1103 3682 1142 eum

2079 1163 2278 1222 ament,
2336 1168 2622 1215 exeuntem
2654 1161 2908 1220 ofliciose
2924 1175 2979 1221 et
3008 1167 3295 1238 diligenter
3342 1175 3532 1246 excipe
3562 1182 3686 1235 :-sic

2081 1249 2191 1302 eris
2254 1249 2524 1320 particeps
2570 1267 2635 1308 ac
2683 1255 2865 1312 socius
2938 1273 3300 1332 coronarum,
3354 1267 3431 1321 sic
3475 1270 3685 1338 glot‘iu'.

2079 1337 2300 1394 Etiamsi
2331 1341 2464 1398 nihil
2516 1343 2664 1400 aliud
2704 1349 2903 1419 egeris,
2948 1350 3158 1407 laetatus
3188 1369 3247 1409 es
3273 1365 3451 1412 autem
3485 1337 3570 1414 ob
3619 1378 3694 1416 ea.

2078 1447 2199 1501 quae
2235 1432 2374 1489 facta
2396 1445 2552 1504 sunt,
2573 1438 2651 1493 sic
2672 1456 2886 1512 quoque
2913 1459 3019 1499 non
3054 1462 3240 1516 parum
3271 1448 3415 1505 fuisti
3445 1453 3627 1508 socius
3671 1474 3682 1507 :

2076 1525 2304 1580 attulisti
2336 1529 2481 1584 enim
2521 1533 2824 1600 caritatem,
2873 1553 2994 1607 quae
3044 1553 3126 1595 cst
3167 1558 3377 1599 summa
3418 1545 3683 1603 bonorum

2078 1619 2340 1674 omnium.
2372 1619 2505 1676 Nam
2535 1625 2580 1678 si
2609 1626 2700 1696 qui
2731 1626 2883 1696 lleut,
2914 1630 3162 1687 videntur
3201 1651 3322 1691 esse
3363 1637 3539 1694 luetus
3562 1657 3686 1710 par-

2080 1712 2289 1783 ticipes,
2321 1724 2376 1770 et
2406 1715 2470 1770 iis
2495 1717 2586 1788 qui
2615 1719 2801 1790 lugent
2825 1724 3049 1779 multum
3080 1728 3469 1798 gratificantur,
3495 1747 3559 1788 ac
3590 1736 3686 1788 dn-

2078 1806 2210 1861 loris
2237 1808 2463 1865 multum
2490 1813 2762 1881 adimunt;
2794 1818 2963 1874 multo
2996 1823 3170 1892 magis
3211 1826 3371 1881 etiam
3389 1828 3479 1898 qui
3499 1829 3689 1886 lactan-

2081 1911 2168 1957 tur
2197 1904 2457 1974 majorem
2486 1906 2720 1964 aﬂ‘crunt
2751 1912 3098 1982 voluptatem.
3139 1919 3410 1985 Quantum
3439 1925 3584 1979 enim
3617 1928 3689 1981 sit

2079 1997 2279 2053 malum
2308 2015 2413 2056 non
2433 2001 2633 2058 habere
2660 2004 2746 2073 qui
2774 2005 2930 2060 simul
2954 2006 3192 2077 doleant,
3217 2013 3340 2067 audi
3363 2017 3686 2086 prephetam

2077 2091 2369 2161 dicentem,
2401 2094 2470 2148 Et
2500 2099 2789 2166 exspectavi
2821 2101 2866 2154 si
2902 2103 3014 2171 quis
3056 2105 3462 2178 contristantur,
3493 2121 3539 2166 et
3582 2130 3688 2169 non

2078 2185 2177 2254 fuit
2223 2184 2396 2257 (Psal.
2440 2189 2529 2244 68.
2572 2190 2686 2261 2-1).
2732 2192 3024 2263 Propterea
3058 2196 3260 2252 Paulus
3288 2216 3503 2272 quoque
3532 2204 3682 2272 dicit,

2081 2275 2319 2334 Gaudere
2344 2298 2458 2336 cum
2490 2283 2848 2354 gaudentibus,
2883 2297 2930 2340 et
2953 2289 3078 2357 flere
3102 2306 3214 2344 cum
3238 2293 3481 2362 flentibus
3508 2296 3684 2364 (Rom.

2080 2371 2168 2426 l2.
2217 2373 2330 2444 l5).
2380 2375 2531 2446 Auge
2575 2376 2814 2432 lzetitiam
2857 2397 2872 2434 :
2918 2380 2962 2433 si
3020 2381 3168 2437 vides
3215 2383 3432 2440 fratrem
3483 2403 3603 2444 ese
3637 2393 3686 2445 in

2079 2466 2500 2538 existimatione,
2528 2487 2596 2526 ne
2625 2472 2849 2542 dixeris,
2883 2474 2983 2531 Est
3007 2475 3148 2533 illius
3175 2478 3316 2534 bona
3339 2481 3685 2553 existimatio,

2078 2576 2176 2615 cur
2203 2576 2304 2633 ego
2338 2564 2637 2634 gaudeam?
2665 2567 2782 2622 haec
2810 2583 2917 2623 non
2948 2579 3077 2626 sunt
3126 2573 3292 2654 verba
3342 2575 3542 2644 fratris,
3591 2579 3685 2632 sed

2081 2654 2273 2713 hostis.
2313 2657 2370 2714 Si
2412 2659 2568 2729 velis,
2599 2675 2706 2717 non
2750 2672 2878 2718 sunt
2919 2665 3083 2733 illius,
3112 2668 3206 2724 sed
3239 2679 3364 2726 tua:
3397 2683 3481 2728 est
3510 2673 3562 2728 iu
3599 2685 3684 2729 tua

2081 2760 2347 2819 potestate
2377 2768 2495 2808 eam
2544 2755 2722 2812 facere
2770 2757 3050 2828 majorem,
3094 2763 3140 2817 si
3187 2778 3294 2818 non
3327 2765 3403 2821 sis
3433 2777 3684 2836 moestus,

2079 2845 2173 2899 sed
2220 2845 2443 2915 laeteris,
2487 2848 2533 2903 si
2561 2849 2726 2905 fueris
2756 2850 2972 2919 alacris,
3005 2855 3354 2928 cxsultesque
3383 2869 3436 2915 et
3463 2863 3681 2932 gestias.

2079 2937 2234 3005 Quod
2266 2939 2368 2994 hoc
2390 2951 2569 2996 autem
2602 2943 2672 2998 ita
2703 2959 2763 2999 se
2794 2945 3006 3015 haheat,
3036 2949 3183 3005 illinc
3210 2962 3294 3007 est
3316 2958 3680 3023 perspicuum;

2079 3032 2170 3100 qui
2196 3032 2435 3088 invident
2457 3050 2563 3089 non
2599 3035 2704 3091 illis
2729 3039 2861 3092 solis
2887 3039 3148 3105 invident,
3180 3043 3269 3112 qui
3298 3044 3350 3098 in
3393 3046 3530 3103 bona
3559 3060 3684 3103 sunt

2079 3124 2501 3199 existimatione,
2533 3128 2628 3184 sed
2661 3129 2724 3185 iis
2753 3133 2915 3186 etiam
2943 3134 3034 3204 qui
3077 3134 3218 3190 bona
3248 3137 3460 3194 illorum
3493 3139 3684 3195 existi-

2081 3218 2317 3274 matione
2346 3219 2628 3276 laetantur:
2659 3222 2731 3277 ita
2762 3224 2939 3280 sciunt
2964 3226 3107 3296 quod
3145 3227 3198 3282 hi
3240 3244 3456 3302 quoque
3495 3231 3604 3288 sint
3629 3234 3684 3289 iu

2081 3314 2220 3368 bona
2246 3316 2679 3384 existimatione;
2713 3319 2825 3376 etii
2845 3330 2972 3375 sunt
2995 3323 3086 3393 qui
3109 3324 3342 3380 maxime
3361 3325 3676 3396 gloriantur,

2079 3405 2213 3460 Nam
2244 3407 2333 3462 ille
2361 3409 2577 3478 quidem
2605 3412 2765 3465 etiam
2793 3413 3066 3469 erubescit
3088 3430 3209 3470 eum
3233 3417 3388 3473 valde
3409 3417 3681 3475 laudatur:

2082 3498 2183 3553 iste
2209 3501 2368 3555 etiam
2392 3517 2512 3557 cum
2539 3503 2706 3560 multa
2737 3506 3010 3576 voluptate
3038 3507 3317 3578 gloriatur.
3342 3511 3459 3568 Non
3490 3513 3684 3570 videtis

2079 3593 2352 3660 quomodo
2379 3593 2703 3650 athletarum
2751 3597 2888 3653 alter
2937 3600 3155 3669 quidem
3183 3618 3495 3676 coronatur,
3545 3610 3685 3664 alter

2079 3699 2210 3738 vero
2240 3701 2344 3740 nou
2368 3691 2698 3744 coronatur?
2726 3690 2881 3746 dolor
2902 3701 3083 3749 autem
3107 3708 3160 3751 et
3181 3694 3363 3752 laetitia
3391 3709 3682 3757 esteorum

2081 3778 2173 3847 qui
2202 3789 2388 3832 amant
2422 3789 2475 3835 et
2502 3797 2687 3837 eurum
2721 3785 2811 3854 qui
2838 3786 3105 3843 oderunt:
3133 3788 3209 3842 illi
3239 3792 3458 3858 saltant,
3483 3794 3556 3846 illi
3585 3794 3684 3845 tri-

2083 3870 2326 3940 pudiant.
2365 3873 2492 3928 Vide
2520 3884 2715 3944 quanta
2749 3892 2836 3932 res
2873 3879 2943 3931 sit
2984 3894 3088 3934 non
3136 3881 3382 3938 invidere
3416 3905 3430 3940 :
3463 3884 3686 3940 alterius

2081 3974 2164 4018 est
2197 3964 2372 4030 labor,
2406 3975 2462 4021 et
2503 3977 2592 4022 ttta
2623 3977 2706 4023 est
2733 3970 2985 4040 voluptas
3019 3989 3034 4026 :
3073 3973 3230 4029 alteri
3259 3975 3554 4046 imponitur
3590 3995 3686 4035 c0-

2081 4072 2236 4124 runa,
2261 4068 2316 4113 et
2347 4068 2402 4113 tu
2429 4061 2614 4128 saltas,
2643 4072 2695 4116 tu
2727 4064 2994 4133 gloriaris.
3027 4065 3278 4131 Nam,dic
3301 4069 3452 4137 mihi,
3478 4082 3689 4142 qumsot

2081 4151 2220 4206 alius
2265 4152 2412 4218 vicit,
2469 4164 2523 4208 tu
2570 4156 2700 4225 quid
2744 4157 2945 4212 saltas?
2988 4157 3094 4213 Sed
3149 4159 3226 4213 illi
3275 4177 3492 4231 quoque
3540 4176 3686 4220 recte

2081 4245 2261 4300 sciunt
2287 4247 2429 4314 quod
2454 4261 2744 4303 commune
2772 4249 2840 4303 sit
2869 4251 3010 4319 quod
3034 4249 3235 4306 factum
3262 4262 3366 4308 est.
3392 4254 3686 4325 Propterea

2081 4336 2225 4391 hunc
2273 4337 2489 4408 quidem
2541 4355 2648 4394 non
2694 4343 2998 4411 vituperant
3039 4345 3129 4414 qui
3162 4345 3432 4414 invident;
3478 4357 3689 4405 tentant

2081 4441 2262 4486 autem
2293 4431 2598 4502 deprimere
2645 4435 2948 4504 victoriam,
2982 4447 3038 4493 et
3062 4439 3218 4497 audis
3253 4457 3349 4497 eos
3377 4441 3493 4498 haec
3522 4446 3685 4499 verba

2080 4525 2358 4580 dicentes:
2385 4525 2459 4580 Te
2506 4527 2703 4595 delevi,
2755 4538 2806 4584 te
2850 4529 3022 4600 dejeci
3058 4549 3072 4585 :
3106 4535 3317 4590 etiamsi
3365 4537 3588 4593 alterius
3617 4540 3690 4594 sit

2081 4633 2238 4689 opus,
2271 4626 2359 4674 tua
2386 4628 2562 4675 tamen
2591 4630 2676 4676 est
2704 4621 2840 4677 laus.
2870 4622 2926 4678 Si
2956 4639 3088 4695 ergo
3119 4625 3172 4680 in
3200 4629 3446 4683 externis
3480 4641 3683 4685 tantum

2083 4713 2280 4767 bonum
2310 4720 2392 4768 est
2421 4728 2525 4768 nou
2561 4714 2821 4782 invidere,
2865 4717 2962 4773 sed
3013 4718 3238 4774 aliorum
3288 4721 3426 4776 bona
3460 4723 3559 4777 sibi
3592 4740 3686 4776 ac-

2081 4805 2427 4863 ctimmodare
2453 4816 2508 4862 et
2537 4823 2630 4862 sua
2661 4808 2881 4876 ducere,
2909 4811 3078 4866 multo
3108 4813 3278 4882 magis
3316 4815 3368 4868 in
3409 4824 3592 4869 nostra
3619 4817 3687 4871 de

2080 4898 2297 4955 diabolo
2327 4900 2582 4967 victoria;
2609 4909 2736 4956 tunc
2759 4901 2848 4956 ille
2875 4904 3046 4974 magis
3074 4916 3258 4959 centra
3291 4922 3390 4960 nos
3416 4911 3605 4976 spirat,
3631 4917 3687 4962 ut

2079 4993 2170 5062 qui
2193 4993 2364 5064 magis
2401 4993 2667 5048 lmtemur.
2701 4995 2815 5050 Etsi
2855 5006 2938 5050 est
2967 4999 3284 5066 sceleratus,
3314 5012 3505 5056 exacte
3537 5007 3686 5059 novit

2082 5086 2221 5141 hanc
2246 5101 2492 5157 magnam
2519 5101 2642 5142 esse
2661 5088 3015 5159 voluptatem.
3049 5090 3140 5146 Vis
3168 5108 3289 5146 eum
3319 5095 3568 5150 molestia
3599 5099 3684 5151 af.

2080 5183 2278 5237 licere?
2315 5181 2488 5252 gaude
2530 5191 2587 5238 et
2615 5182 2820 5239 lactare.
2876 5183 2968 5239 Vis
3010 5201 3134 5241 eum
3190 5185 3526 5246 exhilarare?
3567 5202 3686 5247 esto

2081 5281 2271 5337 tristis.
2304 5281 2554 5337 Dolorem
2583 5285 2671 5354 qui
2703 5299 2768 5338 ex
2796 5284 3020 5340 victoria
3052 5284 3235 5343 fratris
3271 5289 3321 5344 ei
3353 5287 3570 5356 accidit,
3605 5289 3683 5344 lc-

2079 5392 2174 5432 vas
2225 5391 2320 5448 per
2367 5385 2513 5432 tuam
2558 5378 2723 5432 animi
2770 5381 3330 5450 :rgritttdinem:cum
3380 5383 3470 5436 ill.)
3509 5393 3623 5438 stas
3652 5401 3681 5437 a

2081 5468 2248 5525 fratre
2277 5469 2582 5526 abscissus:
2609 5472 2783 5542 majus
2829 5488 2992 5543 quam
3035 5475 3127 5530 ille
3152 5476 3351 5529 tnalum
3381 5475 3532 5532 facis.
3563 5476 3681 5533 Non
3733 5513 3752 5548 ,_

2077 5575 2202 5618 sunt
2229 5565 2370 5620 enim
2397 5566 2568 5634 paria,
2599 5581 2721 5621 cum
2749 5567 2824 5622 sis
2854 5568 3124 5635 inimicus,
3168 5567 3346 5624 facere
3391 5586 3511 5640 qua:
3559 5579 3684 5625 sunt

2078 5657 2446 5728 inimicorum,
2477 5672 2530 5716 et
2560 5675 2681 5715 cum
2706 5661 2781 5717 sis
2809 5663 3034 5726 amicus,
3063 5673 3207 5718 stare
3249 5679 3371 5718 cum
3406 5664 3637 5720 inimicis
3667 5685 3680 5722 :

2076 5749 2182 5806 iste
2221 5759 2306 5806 est
2345 5749 2580 5808 inimicis
2621 5752 2772 5823 pejor
2799 5762 2852 5808 et
2899 5755 3236 5810 sceleratior.
3287 5756 3343 5811 Si
3376 5754 3543 5812 frater
3581 5757 3681 5811 sibi

2076 5843 2271 5900 bonam
2299 5845 2509 5915 paravit
2529 5847 3005 5912 exiStimationem,
3034 5848 3119 5904 vel
3151 5849 3277 5905 dum
3306 5850 3562 5920 loquitur,
3600 5852 3679 5906 vel

2079 5938 2205 5995 dum
2257 5947 2408 6008 0M,
2465 5943 2545 6001 vel
2595 5926 2793 6013 aliquid
2841 5949 2990 5999 recte
3034 5942 3198 6016 gerit,
3247 5952 3365 6001 esto
3415 5945 3676 6015 partim-pi
