4140 6486
451 403 556 458 579

452 517 624 573 laudis
668 526 722 571 et
768 515 920 569 bona:
971 504 1382 566 existimationis
1409 543 1426 567 ,
1475 495 1699 555 ostende
1745 510 1866 553 eum
1919 506 2040 548 esse

455 622 601 665 tuum
633 607 957 662 membrum.

528 702 582 754 Δ.
618 696 884 765 Quomodo
911 711 1024 747 cum
1055 689 1272 744 inimicis
1294 685 1643 758 agendum.—
1663 681 1731 736 Et
1751 675 2040 751 quomodo,

453 793 698 860 ait?ego
739 790 880 843 enim
927 801 1032 841 non
1063 799 1180 837 smn
1213 783 1407 836 bonam
1448 783 1770 846 assequutus
1823 770 2042 824 famam.

456 884 532 938 Ne
550 883 650 937 hoc
678 881 898 936 verbum
922 878 1144 942 dixeris,
1172 874 1309 928 labia
1337 869 1654 940 comprime.
1685 864 1740 918 Si
1771 876 1936 933 prope
1963 873 2047 913 me

457 990 606 1029 esses
640 985 692 1026 ιιι
725 973 813 1043 qui
873 972 987 1026 lucc
1020 967 1279 1039 loqueris,
1314 961 1690 1034 imposuissem
1721 969 1940 1011 manum
1965 951 2046 1004 la-

457 1066 570 1120 bris
598 1064 723 1128 tuis,
757 1079 823 1117 ne
865 1062 1075 1116 audiret
1105 1059 1376 1113 inimicus.
1404 1055 1561 1123 Saepe
1584 1051 1722 1106 inter
1753 1061 1848 1105 nos
1877 1045 2048 1098 inter-

459 1159 658 1214 cedunt
685 1156 996 1218 inimicitiae,
1027 1162 1081 1208 et
1104 1149 1332 1207 inimicis
1355 1162 1461 1202 non
1482 1141 1850 1199 ostendimus:
1883 1145 1937 1190 tu
1959 1149 2051 1185 ve-

461 1267 521 1305 ro
547 1249 783 1304 ostendis
809 1247 1044 1302 diabolo.
1071 1244 1151 1299 Ne
1175 1243 1276 1297 hoc
1297 1238 1520 1300 dixeris,
1544 1250 1612 1290 ne
1644 1234 1745 1287 hoc
1774 1228 2047 1299 cogitave-

462 1342 574 1405 ris;
628 1339 723 1394 sed
776 1352 992 1400 contra,
1020 1335 1116 1390 Est
1162 1347 1340 1388 meum
1375 1327 1713 1384 membrum:
1758 1321 1823 1376 ad
1855 1332 2050 1388 corpus

467 1431 657 1486 transit
685 1430 875 1501 gloria.
909 1427 1016 1483 Cur
1044 1439 1204 1496 ergo,
1252 1422 1442 1491 inquit,
1470 1434 1576 1473 non
1606 1417 1679 1471 ita
1711 1422 1834 1468 sunt
1872 1407 2052 1465 allecti

466 1526 556 1594 qui
586 1533 711 1578 sunt
736 1523 905 1577 foris?
929 1520 1190 1586 Quoniam
1221 1527 1274 1572 tu
1305 1530 1366 1570 es
1392 1528 1573 1568 causa.
1597 1510 1730 1565 Nam
1748 1523 1871 1564 cum
1899 1505 2047 1561 vide-

467 1617 575 1671 ιὶιιι
622 1625 674 1670 te
728 1614 845 1684 ejus
891 1613 1128 1667 laetitiam
1169 1611 1397 1664 alienam
1448 1620 1568 1661 esse
1613 1603 1902 1662 dicentem,
1953 1597 2057 1667 ipsi

469 1723 681 1779 quoque
729 1707 1034 1762 alienantur
1064 1723 1077 1759 :
1110 1702 1253 1774 quod
1295 1702 1340 1755 si
1368 1698 1600 1754 viderint
1630 1705 1682 1752 te
1711 1708 1831 1750 eam
1858 1692 2056 1748 ducen-

469 1815 577 1857 tem
623 1816 743 1857 esse
790 1801 1081 1872 propriam,
1114 1812 1218 1852 non
1262 1793 1489 1858 audent;
1533 1789 1628 1846 sed
1660 1798 1716 1844 ιιι
1759 1801 1972 1859 quoque
1999 1798 2058 1840 es

471 1895 719 1950 similiter
745 1894 942 1950 clarus.
973 1891 1090 1946 Non
1111 1904 1170 1946 es
1211 1887 1441 1943 dicendo
1468 1885 1680 1940 laudem
1707 1887 2056 1950 assequutus;

473 1988 566 2043 sed
599 1997 654 2041 tu
679 1986 804 2041 dum
842 1986 894 2040 ei
922 1983 1207 2054 gratularis
1233 2022 1248 2047 ,
1293 1981 1557 2049 majorem
1586 1991 1647 2030 es
1691 1973 1901 2029 laudem
1933 1969 2062 2024 ade-

472 2091 595 2151 ptus
612 2095 770 2151 quam
801 2080 906 2134 ille.
931 2078 984 2134 Si
1009 2078 1152 2133 enim
1176 2075 1374 2131 caritas
1401 2083 1484 2128 est
1506 2086 1594 2126 res
1615 2083 1803 2140 magna
1830 2075 1884 2122 et
1904 2073 2064 2135 caput

474 2171 737 2237 omnium,
765 2179 819 2224 tu
843 2185 982 2234 eam,
1003 2183 1122 2239 qua:
1144 2183 1208 2222 ex
1233 2168 1346 2237 ipsa
1379 2173 1617 2234 paratur,
1636 2158 1888 2232 accepisti
1909 2171 2066 2212 coro-

476 2279 602 2316 nam
624 2282 638 2321 :
657 2263 744 2317 ille
761 2277 880 2317 eam
908 2276 1026 2332 qua:
1055 2260 1346 2330 acquiritur
1363 2272 1430 2311 ex
1447 2265 1563 2310 arte
1580 2251 1814 2318 dicendi,
1846 2259 1904 2304 tu
1943 2263 2064 2304 eam

477 2369 596 2422 qua:
613 2369 676 2407 ex
698 2351 997 2408 vehementi
1019 2365 1231 2406 amore:
1250 2348 1339 2404 ille
1356 2345 1591 2403 ostendit
1610 2345 1718 2400 vim
1735 2341 2053 2406 verborum;

479 2456 537 2498 ιιι
558 2459 651 2514 per
673 2443 812 2500 facta
834 2444 1076 2514 dejeeisti
1093 2441 1365 2505 invidiam,
1391 2448 1446 2496 et
1469 2434 1794 2493 conculcasti
1817 2435 2063 2489 livorem.

479 2535 841 2602 Quamobrem
874 2536 996 2605 jure
1025 2535 1193 2604 magis
1214 2547 1372 2603 quam
1417 2530 1509 2584 ille
1539 2527 1704 2583 fueris
1729 2535 2020 2582 coronatus
2051 2540 2064 2576 :

481 2636 759 2683 certamen
789 2636 934 2680 tuum
967 2633 1051 2681 est
1082 2623 1422 2693 praeclarius:
1449 2636 1556 2675 non
1582 2618 1755 2674 solmn
1785 2615 2070 2672 conculca-

484 2720 555 2775 sti
583 2719 859 2784 iuvidiatn,
890 2719 985 2774 sed
1025 2718 1185 2772 etiam
1219 2713 1417 2786 aliquid
1446 2712 1636 2768 fecisti.
1665 2710 1760 2766 llle
1799 2725 1956 2764 unam
1985 2722 2074 2762 so-

479 2816 592 2871 lum
627 2814 786 2871 habet
815 2829 1096 2880 coronam,
1125 2821 1178 2866 tu
1210 2819 1387 2865 autem
1414 2808 1568 2876 duas,
1592 2813 1646 2862 et
1674 2805 1810 2861 duas
1831 2803 1950 2858 illas
1967 2816 2071 2856 una

481 2907 896 2980 splendidiores.
913 2906 1170 2975 Quaenam
1191 2911 1317 2959 sunt
1337 2902 1459 2958 bin?
1483 2901 1653 2957 Unam
1673 2896 1954 2968 suscepisti
1977 2895 2073 2950 ad-

488 3013 680 3053 versus
707 2997 996 3064 invidiam;
1026 2997 1193 3052 altera
1223 3003 1306 3050 est
1347 3009 1448 3064 qua
1510 2989 1655 3048 fuisti
1682 2989 1960 3046 redimitus
2003 3001 2068 3042 ex

487 3091 732 3144 caritate.
763 3088 877 3145 Non
905 3087 1045 3144 enim
1075 3086 1326 3143 collactari
1355 3086 1527 3140 solum
1545 3093 1629 3140 est
1653 3082 1906 3136 indicium
1931 3078 2073 3150 quod

489 3183 566 3242 sis
605 3181 839 3237 mundus
883 3180 952 3235 ab
979 3180 1199 3242 invidia,
1231 3179 1323 3232 sed
1347 3179 1508 3231 etiam
1536 3173 1676 3246 quod
1709 3172 1906 3228 habeas
1931 3171 2074 3225 cari-

492 3283 654 3328 tatem
687 3289 805 3343 qua:
838 3271 1048 3327 radices
1079 3271 1266 3341 egerit.
1297 3269 1374 3323 llli
1421 3282 1565 3336 saepe
1594 3265 1897 3319 molestiam
1925 3261 2077 3318 exhi-

489 3366 581 3421 bet
605 3366 833 3422 liumana
855 3363 1029 3434 aliqua
1049 3363 1210 3417 animi
1242 3359 1586 3432 perturbatio,
1622 3368 1677 3413 ut
1699 3359 1868 3412 inanis
1884 3356 2073 3427 gloria:

489 3469 548 3514 ιιι
590 3468 767 3511 autem
797 3470 856 3511 es
894 3455 1124 3510 mundus
1156 3453 1221 3508 ab
1268 3452 1411 3508 omni
1440 3451 1843 3522 perturbatione
1867 3448 2030 3503 animi
2062 3465 2076 3500 :

493 3549 636 3607 haud
666 3551 808 3604 enim
833 3547 974 3602 inani
1009 3545 1179 3618 gloria
1209 3545 1482 3611 laborans,
1512 3541 1708 3598 laetaris
1746 3548 1964 3611 propter
1987 3540 2082 3594 bo-

491 3659 561 3701 na
610 3642 852 3696 alterius.
884 3640 1064 3695 Erexit
1088 3643 1448 3708 ,die,qn:eso,
1507 3635 1805 3690 Ecclesiam
1832 3675 1847 3700 ,
1881 3641 2080 3688 emtum

493 3734 876 3806 ampliﬁcavit?
899 3750 1088 3789 rursus
1111 3733 1268 3787 lauda
1303 3750 1314 3784 :
1350 3731 1517 3786 habes
1543 3728 1784 3797 duplices
1811 3739 2040 3781 coronas
2066 3744 2080 3790 ;

496 3828 739 3896 dejecisti
767 3827 1058 3892 invidiam,
1088 3825 1311 3880 caritate
1334 3838 1394 3878 es
1415 3821 1712 3876 redimitus.
1753 3820 1924 3873 Etiam
1953 3832 2083 3886 rogo

497 3928 554 3980 et
575 3919 821 3972 obsecro.
846 3916 940 3972 Vis
966 3925 1021 3971 et
1039 3915 1246 3970 tertiam
1270 3912 1455 3968 audire
1473 3909 1761 3966 coronam?
1785 3909 1833 3964 ei
1863 3907 2087 3977 applau-

500 4015 635 4076 ιΙιιιιι
662 4013 750 4082 qui
775 4013 983 4067 inl'erne
1009 4018 1134 4065 sunt
1159 4007 1426 4071 homines,
1462 4005 1554 4059 tibi
1576 4013 1753 4058 autem
1782 4003 1870 4072 qui
1901 4015 2088 4070 super-

505 4121 573 4160 ne
627 4113 751 4160 sunt
793 4102 991 4173 angeli.
1023 4099 1139 4155 Non
1166 4099 1334 4153 enim
1364 4106 1485 4151 sunt
1523 4093 1692 4164 paria,
1724 4091 2005 4162 pulchram
2036 4099 2091 4145 et

502 4199 801 4268 elegantem
834 4194 1120 4254 ostendere
1147 4192 1432 4248 dictionem
1464 4231 1478 4256 ,
1511 4196 1565 4244 et
1594 4197 1768 4242 motus
1807 4185 1972 4241 animi
2002 4201 2088 4238 su-

507 4304 696 4361 perare
728 4307 742 4343 :
769 4288 886 4347 lucc
913 4288 1028 4342 laus
1075 4295 1158 4342 est
1187 4282 1498 4354 temporalis
1520 4322 1535 4347 ,
1565 4280 1652 4339 illa
1685 4294 1812 4361 vero
1843 4288 2041 4332 acterna
2074 4296 2086 4332 :

509 4381 596 4436 hic
625 4390 708 4436 est
736 4395 801 4435 ex
833 4377 1170 4441 hominibus,
1204 4376 1294 4430 ille
1322 4390 1387 4432 ex
1427 4374 1576 4428 Deo:
1609 4371 1696 4426 hic
1721 4355 1978 4441 aspicitur
2003 4383 2094 4424 co-

509 4483 728 4529 ronatus
754 4513 768 4537 ,
800 4481 852 4526 tu
886 4480 1061 4525 autem
1114 4469 1167 4524 in
1214 4469 1426 4523 occulto
1478 4464 1776 4530 coronaris,
1817 4462 1907 4517 ubi
1939 4463 2098 4516 Pater

510 4574 633 4622 tuus
673 4572 725 4619 te
751 4562 915 4619 videt.
947 4561 1002 4616 Si
1025 4560 1256 4615 dissecto
1284 4571 1508 4628 corpore
1536 4556 1720 4611 liceret
1763 4553 2097 4621 uniuscujus-

513 4672 618 4726 que
632 4655 815 4712 videre
835 4654 1088 4718 animam,
1113 4650 1467 4707 ostendissem
1497 4648 1589 4705 tibi
1617 4647 1760 4700 hunc
1777 4660 1895 4700 esse
1925 4644 2097 4698 hone-

511 4748 734 4804 aliorem
785 4756 839 4803 et
891 4744 1060 4814 magis
1104 4741 1557 4811 resplendentem.
1593 4736 1810 4792 Invidia:
1854 4734 2100 4790 stimulos

513 4851 853 4911 proteramus
883 4854 896 4892 :
929 4837 1082 4892 nobis
1113 4835 1244 4905 ipsis
1271 4833 1538 4904 prosimus
1563 4871 1578 4899 ,
1624 4845 1656 4884 ο
1706 4827 1922 4883 dilecti!
1974 4824 2104 4894 ipsis

515 4931 670 4986 nobis
699 4944 950 4986 coronam
973 4929 1332 4997 imponemus.

590 5023 797 5078 Invidia
843 5019 1289 5094 propulsanda.—
1305 5015 1406 5086 Qui
1437 5013 1660 5075 invidet,
1708 5025 1830 5066 cum
1861 5009 1974 5063 Deo
2005 5023 2106 5077 pu-

510 5127 668 5187 gnat,
700 5132 806 5171 non
829 5130 951 5170 cum
974 5113 1063 5167 illo
1090 5127 1104 5164 :
1131 5127 1254 5167 nam
1276 5123 1398 5164 cum
1427 5107 1574 5161 illum
1597 5105 1741 5159 videt
1767 5101 1964 5156 habere
1984 5114 2108 5168 gra-

523 5211 677 5275 tiam,
730 5216 786 5262 et
813 5205 960 5261 dolet
986 5213 1041 5259 et
1065 5203 1178 5257 vult
1204 5201 1488 5258 destruere
1520 5195 1840 5258 Ecclesium,
1873 5206 1979 5246 non
2008 5205 2108 5260 pu-

1162 395 1218 451 S.
1260 389 1534 449 JOANNIS
1569 377 2050 442 CllllYSOSTOMl
2088 373 2404 432 ARClllEP.
2444 370 2969 428 CONS’I‘ANTINOP.

3629 366 3732 424 583

2154 499 2280 561 gnat
2303 505 2422 543 cum
2455 487 2567 552 illo,
2598 487 2690 542 sed
2719 503 2838 542 eum
2871 488 2998 541 Deo.
3025 484 3515 558 Nam-,dic,quaeso,
3539 483 3582 539 si
3615 488 3736 554 quis

2153 595 2373 642 ornaret
2395 585 2626 655 pueHam
2657 585 2814 654 regis,
2848 591 2902 638 et
2931 583 2982 636 in
3009 582 3144 637 bona
3167 591 3311 637 esset
3337 583 3736 637 existimatione

2151 696 2268 736 eam
2321 693 2589 733 exornans
2641 678 2998 748 decoramqtte
3028 677 3294 744 reddens,
3346 677 3505 732 vellet
3557 687 3741 733 autem

2153 772 2344 842 aliquis
2388 787 2506 825 eam
2534 785 2592 825 se
2620 770 2851 839 turpiter
2886 779 2941 825 et
2965 770 3216 825 indecore
3244 785 3452 840 gerere,
3482 782 3536 827 et
3563 773 3742 842 ipsum

2154 879 2259 918 non
2298 878 2455 933 posse
2477 878 2594 918 eam
2629 877 2863 928 ornare;
2894 863 3107 918 cuinam
3136 864 3500 931 insidiaretur,
3546 865 3740 923 huicne

2155 972 2220 1011 an
2252 956 2325 1009 illi
2354 964 2407 1009 et
2425 955 2540 1024 ejus
2568 955 2742 1024 patri?
2767 955 2845 1010 Ita
2867 970 3008 1009 nunc
3036 969 3246 1025 quoque
3269 964 3322 1009 tu
3344 955 3610 1023 invidens,
3639 973 3741 1028 pu-

2155 1061 2287 1118 gnas
2315 1061 2434 1100 cum
2462 1045 2728 1111 Ecclesia,
2757 1061 2878 1100 cum
2910 1044 3024 1100 Deo
3054 1045 3250 1101 bellum
3268 1048 3427 1118 geris.
3463 1048 3594 1103 Nam
3617 1065 3744 1120 quo-

2157 1139 2297 1193 niam
2327 1153 2446 1192 cum
2475 1135 2652 1190 fratris
2680 1135 2838 1191 laude
2864 1150 3106 1190 connexa
3129 1145 3210 1191 est
3235 1137 3434 1193 utilitas
3463 1138 3746 1208 Ecclesiae,

2158 1234 2203 1288 si
2247 1227 2360 1286 lure
2403 1239 2652 1298 corruat,
2681 1239 2740 1284 ιιι
2781 1229 2872 1284 ille
2899 1245 3112 1300 quoque
3139 1239 3354 1286 corruat
3383 1246 3605 1288 necesse
3635 1245 3740 1288 est.

2159 1325 2520 1394 Quamobrem
2547 1324 2603 1378 in
2634 1323 2736 1378 hoc
2751 1336 2884 1392 opus
2914 1322 3043 1377 facis
3071 1322 3386 1390 satanicum,
3419 1333 3478 1378 ut
3506 1324 3593 1394 qui
3619 1339 3742 1379 cor-

2161 1421 2278 1492 pori
2303 1419 2502 1476 Christi
2543 1416 2834 1472 insidieris.
2864 1417 3137 1471 Adversus
3162 1432 3284 1472 eum
3315 1416 3507 1472 dolore
3549 1419 3747 1473 stimu-

2162 1517 2310 1582 laris,
2343 1514 2430 1584 qui
2487 1511 2586 1566 tibi
2613 1510 2810 1565 nullam
2843 1509 2967 1563 fecit
3015 1508 3290 1578 injuriam;
3347 1509 3519 1564 multo
3568 1520 3745 1564 autem

2163 1607 2332 1678 magis
2372 1605 2633 1660 adversus
2659 1603 2956 1657 Christum.
2983 1601 3152 1669 Quam
3183 1600 3278 1654 tibi
3303 1600 3427 1656 fecit
3458 1603 3707 1670 injnriam
3729 1644 3754 1666 ,

2165 1709 2224 1755 ut
2250 1714 2355 1754 non
2381 1697 2526 1751 sinas
2551 1695 2668 1765 ejus
2689 1707 2882 1763 corpus
2907 1691 3085 1746 ornari
3105 1690 3536 1761 pulchritudine?
3563 1700 3748 1745 utnon

2165 1791 2310 1846 sinas
2358 1801 2610 1858 sponsam
2677 1783 2976 1841 decorari?-
3035 1782 3330 1838 Considera
3385 1792 3565 1838 autem
3618 1784 3759 1838 mihi

2167 1892 2424 1954 quantum
2450 1881 2521 1935 sit
2549 1878 2903 1949 supplicium;
2933 1875 3180 1931 inimicos
3204 1882 3323 1930 tuos
3352 1875 3530 1929 laetitia
3559 1875 3749 1940 allicis;

2168 1985 2222 2030 et
2245 1975 2396 2028 illum
2424 1973 2595 2042 ipsum
2631 1969 2720 2041 qui
2751 1978 2833 2024 est
2853 1967 2907 2023 in
2938 1969 3075 2023 bona
3117 1966 3513 2023 existimatione
3533 2009 3548 2034 ,
3595 1983 3752 2036 quem

2168 2069 2250 2124 vis
2281 2066 2526 2122 molestia
2557 2063 2808 2132 allicere,
2840 2062 3009 2132 magis
3059 2061 3362 2128 exhilaras,
3411 2067 3469 2113 et
3512 2060 3763 2113 invidens.

2173 2163 2341 2232 magis
2385 2159 2626 2215 ostendis
2677 2172 2798 2212 eum
2832 2155 3034 2210 laudari
3086 2163 3142 2208 et
3191 2153 3329 2208 bene
3370 2152 3599 2208 audire:
3632 2167 3762 2206 nam.

2171 2253 2370 2323 alioqui
2400 2267 2504 2306 non
2529 2250 2850 2313 invidisses;
2878 2248 2959 2304 vel
2992 2246 3166 2317 potius
3205 2246 3442 2301 ostendis
3470 2244 3606 2316 quod
3634 2259 3752 2298 crn~

2173 2349 2352 2405 cieris.
2382 2347 2558 2416 Atque
2588 2360 2678 2400 me
2702 2345 2915 2415 quidem
2941 2340 3103 2412 pudet
3128 2354 3193 2394 ex
3222 2339 3305 2394 his
3333 2339 3635 2400 adhortari;
3660 2337 3761 2391 ςριι·

2175 2440 2425 2512 quoniam
2455 2447 2598 2492 tanta
2627 2445 2711 2491 est
2728 2435 2894 2490 nostri
2918 2433 3079 2488 animi
3100 2429 3456 2494 imbecillitas,
3479 2427 3564 2481 vel
3584 2442 3647 2481 ex
3671 2426 3762 2481 his

2175 2531 2456 2602 castigati,
2501 2529 2570 2584 ab
2599 2528 2702 2583 hoc
2751 2525 3056 2598 pernicioso
3083 2525 3215 2579 vitio
3243 2523 3552 2577 liberemur.
3601 2517 3764 2572 Doles

2177 2626 2320 2698 quod
2351 2623 2596 2679 laudetur
2624 2631 2678 2676 et
2704 2622 2754 2675 in
2787 2621 2924 2675 bona
2953 2619 3022 2673 sit
3049 2613 3489 2672 existimatione?
3514 2627 3611 2666 cur
3635 2624 3768 2679 ergo

2178 2715 2424 2774 invidens
2467 2728 2630 2785 auges
2656 2713 2772 2783 ejus
2801 2709 3055 2768 laudem?
3084 2709 3175 2764 Vis
3201 2722 3324 2762 eum
3362 2701 3642 2760 cruciare?
3671 2716 3766 2756 cur

2179 2825 2307 2882 ergo
2333 2807 2574 2864 ostendis
2596 2814 2652 2861 te
2680 2803 2906 2859 dolere?
2960 2818 3058 2857 cur
3084 2800 3156 2856 de
3193 2808 3245 2854 te
3275 2799 3392 2868 ipso
3418 2796 3568 2866 prius
3595 2793 3773 2864 exigis

2180 2917 2367 2973 poenas
2389 2941 2402 2963 ,
2443 2913 2601 2970 quam
2633 2895 2700 2951 de
2750 2911 2816 2950 eo
2845 2909 3002 2965 quem
3035 2907 3140 2947 non
3173 2891 3256 2947 vis
3286 2887 3610 2944 laudari?Ei
3639 2885 3764 2940 inde

2181 3002 2265 3048 est
2287 2991 2485 3062 duplex
2513 2990 2756 3058 voluptas
2794 2997 2849 3042 et
2870 2985 3084 3050 latitia,
3111 2991 3167 3038 et
3193 2983 3285 3037 tibi
3315 2981 3583 3037 cruciatus
3613 2994 3627 3032 :
3657 2993 3772 3032 non.

2182 3086 2356 3140 solum
2386 3081 2530 3153 quod
2571 3095 2819 3151 magnum
2847 3093 2967 3134 eum
2999 3074 3256 3152 ostendis,
3287 3072 3381 3129 sed
3423 3073 3582 3128 etiam
3625 3067 3775 3139 quod.

2182 3177 2405 3231 alteram
2430 3174 2480 3230 ei
2503 3187 2752 3244 procreas
2784 3171 3135 3240 voluptatem,
3159 3167 3285 3222 dum
3310 3166 3535 3234 teipsum
3566 3162 3778 3219 crueia-.

2184 3268 2298 3333 ris;
2327 3277 2381 3321 et
2403 3279 2590 3320 rursus
2615 3263 2682 3318 de
2708 3263 2772 3316 iis
2815 3261 2882 3316 de
2908 3260 3102 3330 quibus
3129 3257 3279 3316 doles
3300 3298 3316 3324 ,
3349 3257 3436 3311 ille
3465 3255 3676 3333 ltetatur
3721 3261 3781 3306 te

2186 3331 2480 3417 invidente.
2515 3357 2650 3414 Vide
2669 3370 2828 3428 quam
2856 3369 3045 3424 graves
3076 3350 3230 3408 nobis
3253 3351 3436 3420 plagas
3461 3331 3772 3415 inﬂigimus,

2187 3462 2371 3507 etnon
2415 3450 2699 3504 sentimus.
2732 3449 2822 3502 Est
2854 3445 3120 3500 inimicus.
3154 3441 3316 3511 Atqui
3344 3454 3442 3494 cur
3486 3437 3732 3493 inimicus
3751 3433 3780 3486 ἳ-

2189 3561 2348 3617 quam
2377 3545 2469 3600 tibi
2502 3544 2628 3599 fecit
2650 3540 2935 3611 injuriam?
2965 3538 3060 3593 sed
3089 3546 3268 3592 tamen
3294 3533 3566 3589 inimicum
3594 3527 3775 3587 reddi.-

2191 3655 2311 3696 mus
2341 3637 2682 3691 illustriorem
2711 3675 2725 3701 ,
2783 3642 2838 3687 et
2867 3646 2966 3686 nos
2991 3631 3137 3700 ipsos
3166 3628 3337 3698 magis
3365 3627 3634 3696 punimus.
3664 3622 3777 3677 Hoc

2192 3746 2380 3788 rursus
2403 3745 2504 3784 nos
2542 3730 2686 3796 ipsos
2711 3726 3014 3780 cruciamus
3037 3764 3051 3789 ,
3080 3721 3125 3776 si
3155 3719 3483 3776 senserimus
3508 3715 3650 3788 quod
3689 3714 3786 3770 ille

2193 3824 2522 3895 cognoverit.
2571 3821 2703 3876 Nam
2760 3816 3088 3888 illeqnidem
3135 3815 3361 3869 fortasse
3411 3827 3517 3867 non
3549 3810 3786 3873 laetatur,

2195 3931 2294 3971 nos
2321 3924 2498 3970 autem
2527 3921 2770 3982 putantes
2801 3925 2920 3966 eum
2953 3907 3142 3974 lactari,
3163 3920 3348 3961 rursus
3377 3911 3654 3974 propterea
3679 3900 3780 3955 do-

2197 4010 2387 4065 lemus.
2415 4007 2577 4061 Ccssa
2606 4019 2732 4073 ergo
2761 4000 3000 4056 invidere
3024 4018 3036 4053 :
3069 4015 3166 4054 cur
3191 3995 3392 4067 tibiipsi
3414 3993 3644 4064 imponis
3667 3992 3788 4048 vul-.

2198 4100 2370 4158 nera?
2401 4099 2526 4153 Haec
2556 4097 2873 4167 cogitemus,
2904 4109 2936 4147 o
2959 4092 3175 4158 dilecti,
3209 4103 3403 4158 nempe
3432 4086 3671 4156 duplices
3691 4099 3783 4139 co-

2199 4208 2360 4249 ronas
2401 4205 2585 4246 eorum
2632 4185 2722 4258 qui
2765 4201 2871 4240 non
2915 4183 3199 4239 invident:
3253 4179 3437 4234 laudes
3475 4176 3678 4232 scilicet
3718 4173 3786 4226 ab

2201 4283 2530 4346 hominibus,
2554 4278 2741 4334 laudes
2761 4293 2790 4330 a
2814 4277 2942 4340 Deo,
2973 4284 3028 4329 et
3053 4273 3192 4328 mala
3215 4286 3333 4342 quae
3354 4270 3598 4325 oriuntur
3617 4282 3683 4322 ex
3701 4265 3784 4318 in-

2201 4375 2383 4440 vidia;
2416 4383 2471 4428 et
2499 4372 2576 4426 sic
2603 4369 2768 4424 teram
2807 4366 3101 4437 poterimus
3128 4362 3490 4430 exstinguere,
3512 4367 3567 4415 et
3607 4369 3790 4412 coram

2203 4469 2315 4524 Deo
2363 4464 2586 4530 laudari,
2616 4471 2670 4518 et
2698 4463 2749 4516 in
2777 4460 2914 4516 bona
2944 4472 3064 4513 esse
3084 4453 3499 4518 existimatione,
3528 4447 3794 4508 eteadem

2203 4563 2413 4633 assequi
2445 4573 2564 4630 quae
2597 4557 2629 4611 ii
2660 4569 2883 4625 quorum
2903 4560 2982 4607 est
3005 4551 3144 4606 bona
3169 4545 3493 4605 existimatio
3524 4557 3539 4598 :
3569 4543 3794 4598 fortasse

2207 4655 2353 4712 enim
2410 4663 2798 4721 assequemur:
2829 4644 2971 4716 quod
3018 4643 3063 4699 si
3114 4656 3223 4698 non
3266 4651 3644 4709 assequamur,
3688 4647 3794 4686 non

2209 4760 2558 4817 assequemur
2586 4740 2727 4812 quod
2761 4753 2866 4794 non
2892 4735 3143 4807 expediat
3172 4749 3186 4785 :
3223 4731 3517 4803 poterimus
3543 4738 3718 4780 tamen
3742 4729 3797 4775 et

2212 4841 2311 4907 sic,
2343 4852 2464 4894 cum
2497 4836 2562 4891 ad
2593 4834 2683 4889 Dei
2713 4831 2935 4903 gloriam
2968 4827 3259 4882 vixerimus
3283 4866 3300 4890 ,
3343 4823 3483 4882 bona
3533 4815 3795 4886 promissa

2214 4905 2471 5000 consequi
2505 4929 2571 4982 iis
2599 4926 2690 4997 qui
2721 4927 2892 4994 ipsum
2923 4921 3169 4990 diligunt,
3201 4916 3368 4986 gratia
3399 4921 3452 4966 et
3473 4905 3798 4975 benignitate

2217 4995 2426 5081 Domini
2473 4995 2645 5075 nostri
2675 5017 2800 5072 Jesu
2829 5012 3047 5074 Christi,
3080 5009 3161 5062 cui
3189 5020 3308 5061 cum
3338 5003 3496 5056 Patre
3524 5006 3577 5052 et
3598 4995 3800 5065 Spiritu

2218 5123 2405 5171 sancto
2425 5111 2612 5183 gloria,
2636 5106 2941 5176 imperium,
2968 5101 3160 5164 honor,
3189 5108 3330 5150 nunc
3349 5101 3402 5148 ct
3421 5104 3658 5161 semper,
3677 5093 3732 5143 et
3747 5087 3810 5146 in

2221 5205 2413 5262 saecula
2445 5200 2786 5258 saeculorum.
2817 5195 3008 5248 Amen.

521 5291 3806 5362 ____________________________.___..____—_

1963 5393 2311 5460 HOMILIA
2350 5388 2496 5452 ΧΠ.

527 5543 656 5602 CAI'.
686 5546 740 5600 4.
763 5559 816 5597 v.
846 5542 935 5598 ιε.
961 5541 1168 5598 Salutat
1203 5553 1290 5592 vos
1324 5533 1596 5603 Epaphras
1619 5571 1632 5594 ,
1659 5529 1746 5600 qui
1771 5543 1834 5582 ex
1859 5525 1995 5580 vobis
2020 5533 2116 5592 est,

604 5650 777 5690 servus
811 5633 1000 5689 Christi
1023 5673 1038 5698 ,
1069 5645 1266 5699 semper
1291 5625 1537 5681 sollicitus
1563 5637 1654 5692 pro
1683 5619 1820 5673 vobis
1845 5619 1898 5671 in
1924 5615 2118 5670 oratio-

603 5726 750 5784 nibus
775 5770 789 5793 ,
831 5736 886 5779 ut
920 5726 1056 5781 stetis
1081 5722 1290 5793 perfecti
1315 5760 1330 5785 ,
1367 5727 1412 5772 et
1440 5716 1575 5787 pleni
1613 5715 1665 5768 in
1703 5711 1841 5767 omni
1867 5711 2122 5763 voluntate

615 5819 722 5872 Dei.
769 5821 850 5876 l3.
883 5814 1248 5874 Testimonium
1289 5811 1423 5866 enim
1452 5807 1530 5863 illi
1558 5803 1790 5880 perhibeo
1815 5801 1948 5876 quod
1978 5799 2123 5856 habet

2295 5517 2509 5574 multum
2536 5512 2699 5567 zelum
2730 5523 2822 5579 pro
2848 5504 3007 5572 vobis,
3039 5511 3085 5557 et
3113 5517 3204 5573 pro
3225 5500 3288 5554 iis
3307 5498 3392 5570 qui
3416 5507 3532 5553 sunt
3551 5494 3814 5548 Laodicea

2299 5620 2344 5665 et
2374 5607 2459 5678 qui
2491 5599 2780 5670 Hierapoli.

2304 5703 2354 5757 1.
2385 5675 2559 5756 Etiam
2589 5696 2642 5750 in
2672 5691 2825 5748 initio
2853 5688 3124 5759 cpistolze,
3157 5685 3330 5739 virum
3365 5675 3756 5736 commendavit
3789 5685 3816 5726 ιι

2234 5795 2488 5860 caritate;
2517 5788 2794 5847 caritatem
2820 5791 2998 5839 autem
3038 5777 3271 5835 ostendit
3296 5813 3313 5843 ,
3342 5780 3395 5829 et
3427 5769 3569 5843 quod
3593 5764 3774 5822 laudet
