4140 6490
395 343 536 408 εισ·
1240 355 1305 410 IN
1348 342 1564 411 ιηῖῡιεΐ.
1609 355 1697 409 Διι)
1731 338 1997 411 COLOSS

395 466 558 532 γενοῦ
605 469 858 534 κοινωνὸς
882 469 979 540 τῆς
1006 472 1436 544 εὐδοκιμήσεως,
1486 471 1658 536 δεῖξον
1694 472 1774 524 ὅτι
1830 471 1995 541 μέλος

395 558 420 605 ὲ
433 555 528 608 πὶ
549 555 660 612 σόν;

466 726 530 784 δ’.
561 729 673 784 Καὶ
707 729 845 792 πῶς,
882 731 1083 799 φησίν;
1123 728 1234 800 ἐγὼ
1282 731 1392 803 γὰρ
1424 732 1524 785 οὐκ
1559 729 1852 804 εὐδοκιμῶ.
1904 729 1994 800 Μὴ

397 818 611 890 φθέγξῃ
638 819 768 872 ποτὲ
797 819 858 872 τὸ
889 819 1043 891 ῥῆμα
1081 821 1260 875 τοῦτο·
1317 822 1506 876 σύνελε
1535 822 1606 876 τὰ
1637 823 1815 893 χείλη.
1846 821 1912 874 EE
1935 836 1998 888 γε

400 907 630 980 πλησίον
661 925 762 976 μου
791 903 858 979 ἧς
904 910 932 962 ὁ
962 907 1140 965 ταῦτα
1174 910 1373 979 λέγων,
1410 911 1659 981 ἐπέθηκα
1686 911 1751 965 ἂν
1783 910 1876 964 καὶ
1900 909 1999 980 τὴν

400 998 561 1068 χεῖρα
597 998 710 1058 τοῖς
751 996 974 1067 χείλεσι,
1029 999 1103 1069 μὴ
1159 1015 1290 1052 ποτε
1330 998 1537 1070 ἀκούσῃ
1569 999 1598 1052 ὁ
1626 997 1840 1071 ἐχθρός.
1867 995 2001 1050 [Ιολ-

401 1084 559 1148 λάκις
582 1083 718 1154 πρὸς
739 1085 1004 1156 ἀλλήλους
1029 1087 1230 1161 ἔχθρας
1264 1087 1480 1159 ἔχομεν,
1514 1087 1608 1141 καὶ
1634 1089 1747 1151 τοῖς
1785 1086 2001 1158 ἐχθροῖς

402 1172 502 1225 οὐκ
535 1171 982 1245 ἐπιδεικνύμεθα·
1011 1174 1090 1247 τῷ
1116 1175 1350 1248 διαϐὅλῳ
1378 1171 1470 1229 οῦν
1505 1175 1879 1229 ἑπιδείκνυσαι
1913 1175 1999 1232 σύ.

405 1259 497 1331 Μὴ
518 1260 678 1332 εἴπῃς
706 1261 886 1327 τοῦτο,
917 1261 992 1334 μὴ
1040 1264 1323 1336 ἐννοήσῃς·
1349 1264 1485 1318 ἀλλά
1514 1265 1610 1317 καὶ
1660 1264 1997 1319 τούναντίον·

404 1343 581 1412 Μέλος
611 1349 762 1402 ἐστίν
819 1349 970 1421 ἐμόν·
1005 1353 1085 1415 είς
1121 1351 1184 1405 τὸ
1220 1352 1379 1422 σῶμα
1413 1352 1676 1406 διαϐαίνει
1703 1354 1736 1424 ἡ
1761 1353 1906 1419 δόξα.
1937 1353 2002 1407 Τί

399 1431 517 1498 οὖν,
541 1435 727 1505 φησιν,
750 1434 833 1488 ὅτι
860 1437 909 1489 οἱ
939 1434 1139 1502 ἔξωθεν
1165 1436 1262 1508 οὐχ
1295 1437 1438 1490 οὕτω
1466 1436 1770 1490 διάκεινται
1799 1455 1814 1501 ;
1877 1439 2002 1492 ’Ὁτι

405 1519 471 1571 σῦ
495 1518 690 1584 αἴτιος·
728 1521 858 1574 ὅταν
896 1520 1051 1576 ἴδωσί
1085 1539 1146 1576 σε
1177 1523 1628 1595 ἀλλοτριούμενον
1678 1524 1848 1578 αὐτοῦ
1905 1525 2005 1597 τὴν

405 1606 620 1678 ἡδονὴν,
644 1609 740 1662 καῖ
765 1609 920 1662 αὐτοὶ
943 1609 1376 1683 ἀλλοτριοῦνται·
1413 1612 1490 1677 ὡς
1521 1611 1587 1666 ἂν
1644 1612 1798 1666 ἴδωσί
1842 1631 1900 1666 σε
1926 1615 2004 1666 οί-

406 1697 748 1768 κειούμενον,
768 1699 830 1752 οὐ
861 1699 1155 1772 τολμῶσιν·
1185 1701 1300 1756 ἀλλ’
1330 1701 1531 1774 ὁμοίως
1566 1696 1617 1756 εί
1643 1703 1738 1756 καὶ
1769 1703 1832 1756 σύ
1863 1702 2002 1774 λαμ-

407 1785 563 1851 πρός.
614 1786 730 1840 Οὐκ
786 1788 1156 1862 εὐδοκίμησας
1216 1790 1431 1860 λέγων,
1483 1791 1598 1846 ἀλλ’
1638 1792 2004 1863 εὐδοκίμησας

408 1867 768 1939 συνηδόμενος
803 1872 1090 1943 μειζόνως,
1153 1875 1186 1946 ἢ
1224 1877 1454 1940 ἐκεῖνος.
1507 1877 1570 1930 Εἰ
1601 1875 1770 1948 γάρὴ
1811 1877 2003 1946 ἀγάπη

409 1952 552 2020 μέγα
585 1953 680 2006 καὶ
706 1955 925 2010 πάντων
957 1957 1280 2027 κεφάλαιον,
1326 1961 1390 2014 σύ
1420 1959 1510 2014 τὸν
1541 1963 1606 2014 ἐκ
1663 1962 1866 2030 ταύτης
1885 1960 2006 2012 ἔλα·-

404 2041 500 2104 διες
535 2041 820 2113 στέφανον·
847 2046 1054 2112 ἐκεῖνος
1078 2047 1170 2102 τὸν
1195 2049 1259 2102 ἐκ
1279 2050 1378 2119 τῆς
1396 2048 1708 2122 ῥητορείας,
1736 2050 1799 2102 σύ
1822 2049 1914 2102 τὸν
1941 2051 2006 2102 ἐκ

403 2130 500 2184 τοῦ
521 2131 727 2203 σφόδρα
753 2134 950 2202 φιλεῖν·
970 2137 1179 2202 ἐκεῖνος
1196 2137 1512 2204 ἐπεδείξατο
1537 2139 1797 2209 ῥημάτων
1830 2138 2004 2208 ίσχύν,

409 2220 473 2273 σὺ
497 2219 584 2272 διά
605 2219 716 2273 τῶν
742 2221 920 2292 ἔργων
937 2224 1028 2288 τὸν
1044 2226 1237 2294 φθόνον
1263 2225 1580 2289 κατέϐαλες,
1601 2227 1882 2295 ἐπάτησας
1909 2226 2007 2297 τῆν

409 2306 733 2375 βασκανίαν.
765 2311 928 2364 Ὥστε
957 2311 1182 2377 εἰκότως
1207 2312 1272 2366 ἂν
1305 2313 1505 2384 μᾶλλον
1561 2313 1772 2366 ἐκείνου
1809 2331 2008 2383 στεφα-

407 2395 660 2467 νωθείης·
723 2397 1106 2472 λαμπρότερος
1153 2404 1182 2454 ὁ
1233 2401 1325 2465 σὸς
1370 2402 1539 2470 ἁγών·
1580 2402 1681 2455 οὐκ
1727 2402 2010 2470 ἐπάτησας

411 2483 572 2554 μόνον
593 2484 692 2556 τὴν
716 2485 1037 2557 βασκανίαν,
1072 2488 1208 2543 ἀλλά
1243 2491 1334 2544 καὶ
1373 2489 1562 2562 ἕτερόν
1595 2507 1648 2544 τι
1679 2489 2008 2560 πεποίηκας.

423 2573 658 2638 Ἐκεῖνος
686 2573 783 2630 ἕνα
804 2575 919 2647 ἔχει
949 2576 1215 2646 στέφανον
1248 2577 1430 2649 μόνον,
1457 2579 1521 2631 σὺ
1544 2578 1600 2632 δὲ
1624 2577 1737 2644 δύο,
1765 2578 1858 2630 καὶ
1884 2578 2011 2641 τοὺς

407 2660 504 2716 δΰο
532 2663 626 2717 τοῦ
658 2664 777 2730 ἐνὸς
821 2663 1263 2737 λαμπροτέρους.
1320 2667 1517 2730 Ποίους
1561 2665 1830 2732 τούτους;
1873 2665 2012 2720 Ἕνα

415 2751 513 2822 μὲν
541 2751 600 2806 ὃν
629 2752 838 2807 ἀνείλου
872 2753 1016 2808 κατὰ
1041 2753 1136 2808 τοῦ
1172 2753 1394 2824 φθόνου,
1424 2755 1677 2826 δεύτερον
1712 2755 1769 2808 δέ
1804 2754 1864 2808 ὃν
1914 2755 2013 2808 ἁν-

411 2840 593 2910 εδήσω
613 2841 679 2895 ἐκ
704 2840 806 2913 τῆς
837 2841 1080 2914 ἀγάπης.
1106 2843 1182 2896 Οὐ
1200 2843 1309 2915 γὰρ
1331 2843 1424 2897 τοῦ
1447 2843 1689 2916 καθαρόν
1716 2841 1855 2898 εἶναι
1881 2843 2012 2914 φθό-

412 2944 506 2983 νου
557 2930 859 3003 τεκμήριον
896 2931 1059 3001 μόνον
1106 2931 1170 2984 τὸ
1211 2932 1558 3004 συνήδεσθαι,
1596 2931 1733 2986 ἀλλά
1785 2933 1886 2987 καὶ
1918 2931 2012 2986 τοῦ

411 3017 634 3092 ἀγάπην
666 3018 812 3090 ἔχειν
840 3020 1242 3092 ἐρριζωμένην.
1322 3021 1544 3092 Ἐκείνῳ
1601 3021 1863 3085 πολλάκις
1919 3023 2014 3076 καὶ

413 3106 754 3178 ἀνθρώπινόν
783 3128 837 3165 τι
866 3109 1130 3182 διενοχλεῖ
1159 3110 1351 3175 πάθος,
1397 3104 1508 3164 οἷον
1539 3112 1572 3180 ἡ
1619 3110 1918 3178 κενοδοξία·
1950 3111 2014 3163 σὺ

411 3196 477 3251 δὲ’
507 3197 710 3262 παντὸς
740 3194 792 3252 εῐ
818 3197 1028 3263 πάθους
1055 3199 1319 3272 καθαρός·
1350 3199 1411 3252 οὐ
1452 3199 1562 3272 γὰρ
1589 3200 1654 3271 δὴ
1717 3198 2014 3264 κενοδοξῶν

414 3285 626 3357 χαίρεις
647 3285 740 3339 ἐπὶ
767 3287 884 3350 τοῖς
911 3285 1102 3358 ἐτέρου
1145 3288 1348 3351 καλοῖς.
1408 3288 1657 3360 Ὤρθωσε
1691 3289 1791 3360 τὴν
1813 3288 2012 3359 ἐκκλη-

418 3374 539 3426 σίαν
572 3375 799 3440 ἐκεῖνος,
835 3374 956 3428 είπέ
980 3391 1071 3444 μοι
1091 3392 1105 3442 ;
1127 3375 1336 3447 ηὐξησε
1361 3375 1451 3430 τὸν
1485 3376 1776 3445 σύλλογον;
1805 3377 2016 3428 ἐπαίνε-

417 3479 510 3515 σον
539 3461 724 3516 πάλιν·
748 3462 892 3534 ἔχεις
921 3463 1142 3528 διπλοῦς
1177 3465 1306 3527 τοὺς
1331 3464 1650 3532 στεφάνους·
1690 3464 1782 3517 τὸν
1824 3464 2017 3534 φθόνον

416 3549 734 3617 κατέϐαλες,
763 3551 862 3623 τὴν
885 3552 1107 3623 ἀγάπην
1127 3552 1388 3624 ἀνεδήσω.
1422 3552 1532 3606 Ναὶ
1560 3552 1772 3626 δέομαι,
1805 3553 1898 3606 καὶ
1927 3553 2018 3605 ἁν-

414 3638 635 3693 τιϐολῶ.
653 3639 847 3693 Βούλει
868 3640 963 3693 καὶ
983 3639 1168 3712 τρίτον
1201 3639 1436 3696 ἀκοῦσαι
1471 3640 1770 3710 στέφανον;
1827 3640 2016 3693 τοῦτον

414 3731 466 3784 οί
502 3731 655 3786 κάτω
677 3729 966 3803 κροτοῦσιν
990 3729 1292 3801 ἄνθρωποι,
1322 3729 1382 3786 σὲ
1429 3732 1479 3784 οί
1507 3731 1620 3785 ἀνω
1645 3730 1889 3799 ἄγγελοι.
1941 3731 2016 3782 Οὐ

418 3819 528 3890 γάρ
558 3819 708 3872 ἐστιν
741 3817 855 3872 ἴσον
906 3817 1162 3872 εὐέπειαν
1194 3817 1629 3885 ἐπιδείκνυσθαι,
1673 3819 1770 3872 καὶ
1829 3817 2018 3872 παθῶν

418 3909 666 3978 κρατεῖν.
698 3898 868 3970 Οὗτος
907 3907 935 3959 ὁ
983 3905 1206 3969 ἔπαινος
1238 3903 1598 3979 πρόσκαιρος,
1651 3906 1858 3968 ἐκεῖνος
1889 3903 2020 3957 αἰὼ-

419 4011 551 4059 νιος·
583 3988 737 4059 οὗτος
765 3993 826 4058 ἐξ
849 3995 943 4049 ἀνθ
955 3997 1175 4065 ρώπων,
1204 3995 1413 4059 ἐκεῖνος
1446 3996 1512 4049 ἐκ
1526 3993 1683 4049 Θεοῦ·
1716 3989 1868 4058 οὗτος
1902 3992 2022 4063 φαί-

419 4101 571 4137 νεται
598 4083 1068 4152 ἐστεφανωμένος,
1102 4085 1167 4137 σὺ
1193 4083 1251 4136 δὲ
1286 4086 1343 4136 ἐν
1365 4084 1443 4154 τῷ
1470 4083 1698 4154 κρυπτῷ
1723 4080 2021 4153 στεφανοῦ-

423 4185 534 4232 σαι,
561 4167 695 4220 ὅπου
725 4167 754 4219 ὁ
780 4166 972 4239 Πατήρ
1001 4183 1096 4218 σου
1125 4167 1250 4236 ὁρᾷ.
1280 4166 1342 4220 Et
1370 4167 1432 4219 τὸ
1456 4167 1615 4238 σῶμα
1642 4166 2021 4237 ἀποσχίσαντα

420 4251 522 4324 τὴν
547 4251 782 4304 ἑκάστου
820 4249 1002 4322 ψυχὴν
1031 4245 1099 4322 ἦν
1143 4250 1293 4314 ἰδεῖν,
1349 4249 1526 4315 ἔδειξα
1571 4250 1638 4305 ἄν
1691 4268 1775 4306 σοι
1828 4251 2020 4304 τοῦτον

421 4335 635 4390 ἐκείνου
663 4336 1011 4407 σεμνότερον,
1040 4333 1242 4406 μᾶλλον
1275 4334 1695 4390 ἀποστίλϐοντα.
1752 4337 2021 4403 Πατὴσω-

426 4435 528 4489 μεν
574 4419 647 4472 τὰ
702 4419 903 4492 κέντρα
954 4419 1056 4489 τῆς
1097 4417 1423 4490 βασκανίας,
1482 4421 1713 4483 ἑαυτοὺς
1770 4418 2022 4472 ἐντεῦθεν

422 4503 757 4576 ὼφελοῦμεν
776 4503 1075 4576 ἀγαπητοὶ,
1109 4504 1286 4557 αὐτοὶι
1313 4503 1698 4576 ἀναδησόμεθα
1749 4503 1840 4557 τὸν
1899 4505 2021 4556 στέ-

425 4604 615 4657 φανον.
629 4639 632 4641 .

511 4714 570 4767 '0
596 4713 924 4784 βασκαίνων,
953 4715 1031 4786 τῷ
1057 4715 1177 4786 Θεῷ
1230 4716 1486 4786 μάχεται,
1515 4715 1615 4769 οὐκ
1656 4715 1869 4784 ἐκείνῳ·
1895 4715 2024 4768 ὅταν

426 4797 538 4870 γὰρ
568 4797 652 4871 ίδῃ
669 4799 830 4869 χάριν
858 4799 1071 4869 ἔχοντα,
1104 4801 1198 4853 καὶ
1223 4799 1383 4872 ἀλγῇ,
1416 4800 1512 4854 καὶ
1543 4800 1800 4870 βούληται
1831 4799 2022 4851 καθαι-

431 4882 643 4953 ρεῖσθαι
669 4883 767 4954 τὴν
819 4883 1180 4955 Ἐκκλησίαν,
1229 4885 1330 4938 οὐκ
1359 4884 1554 4956 ἐκείνῳ
1587 4884 1669 4956 [Μ
1689 4883 1737 4956 ι]
1764 4884 2020 4954 μάχεται,

2004 396 2020 410 .
2056 354 2210 412 C.\P.
2251 352 2342 410 Ν.
2390 353 2624 409 IIOMIL.
2671 351 2785 406 Xll'.
3587 343 3694 401 580

2101 473 2238 526 ἀλλά
2257 471 2333 542 τῷ
2359 467 2499 541 Θεῷ.
2525 468 2660 522 Είπέ
2687 467 2794 538 γάρ
2819 485 2926 538 μοι,
2960 465 3010 518 εί
3038 482 3119 527 τις
3156 463 3323 534 κόρην
3359 460 3698 524 ἐκαλλώπιξε

2105 559 2413 631 βασιλέως,
2471 559 2571 612 καὶ
2620 555 2899 627 εὐδοκίμει
2964 553 3327 617 καλλωπίζων
3379 551 3552 621 αὐτὴν
3604 550 3701 603 καὶ

2105 645 2308 717 σεμνὴν
2338 644 2728 715 ἐργαζόμενος,
2778 642 2967 714 ἕτερος
2995 639 3052 694 δέ
3097 655 3182 702 τις
3215 635 3469 690 ἐϐούλετο
3492 635 3700 702 ταύτην

2103 730 2506 802 ἀσχημονῆσαι,
2533 729 2627 782 καὶ
2657 727 2731 799 μὴ
2763 726 3064 797 δυνηθῆναι
3093 723 3461 784 καλλωπίσαι,
3490 719 3598 774 τίνι
3634 719 3702 772 ἂν

2103 814 2492 878 ἐπεϐούλευσε,
2523 812 2701 880 τούτῳ
2720 813 2754 882 ἢ
2789 811 2977 882 ἐκείνῃ
3004 809 3099 863 καὶ
3128 807 3206 880 τῷ
3244 808 3452 876 ταύτης
3486 805 3657 876 πατρί
3685 820 3701 868 ;

2105 903 2263 954 Οὕτω
2287 898 2383 951 καὶ
2406 897 2502 951 νῦν
2543 898 2608 950 σὺ
2656 898 2684 949 ὁ
2718 894 3028 967 βασκαίνων
3085 894 3233 965 μάχῃ
3275 895 3341 964 τῇ
3380 889 3701 960 Ἐκκλησία,

2103 985 2183 1055 τῷ
2250 981 2372 1054 Θεῷ
2435 981 2717 1051 πολεμεῖς.
2789 978 3009 1049 Ἐπειδὴ
3052 979 3162 1048 γὰρ
3213 981 3280 1048 τῇ
3353 975 3705 1046 εὐδοκιμήσει

2103 1067 2199 1123 τοῦ
2250 1065 2484 1136 ἀδελφοῦ
2523 1062 2944 1136 συμπέπλεκται
2993 1063 3087 1115 καὶ
3136 1064 3169 1130 ἠ
3219 1062 3318 1129 τῆς
3378 1059 3708 1128 Ἐκκλησίας

2105 1151 2368 1222 ὠφέλεια,
2400 1148 2641 1220 ἀνάγκη,
2684 1146 2889 1218 ταύτης
2950 1146 3388 1214 καταλυομένης,
3445 1142 3708 1209 κάκείνην

2107 1235 2496 1292 καταλύεσθαι·
2549 1233 2692 1288 ὥστε
2746 1230 2893 1286 κατὰ
2937 1231 3139 1294 τοῦτο,
3207 1228 3368 1299 ἔργον
3419 1226 3710 1280 σατανικὸν

2107 1324 2301 1386 ποιεῖς,
2335 1318 2706 1374 ἐπιϐουλεύων
2745 1315 2823 1387 τῷ
2873 1314 3086 1386 σώματι
3128 1313 3230 1367 τοῦ
3257 1310 3515 1384 Χριστοῦ.
3566 1310 3715 1382 Πρὸς

2106 1407 2295 1462 τοῦτον
2381 1407 2566 1475 ἀλγεῖς
2601 1404 2692 1457 τὸν
2720 1402 2875 1456 οὐδὲν
2898 1399 3222 1472 ἠδικηκότα,
3277 1396 3544 1468 πολλῷ.δέ
3577 1395 3713 1466 μᾶλο

2107 1491 2197 1545 λον
2234 1490 2372 1563 πρὸς
2401 1490 2493 1542 τὸν
2519 1488 2796 1560 Χριστόν..
2824 1486 2890 1538 Τί
2917 1501 2983 1538 σε
3002 1484 3284 1556 ἠδίκησεν.
3317 1485 3399 1536 ὅτι
3420 1482 3520 1534 οὐκ
3543 1480 3718 1549 ἀφίης

2108 1576 2169 1629 τὸ
2193 1575 2353 1646 σῶμα
2384 1572 2550 1627 αὐτοῦ
2601 1569 3064 1640 καλλωπισθῆναιτ
3095 1567 3172 1639 τῷ
3204 1567 3430 1630 κάλλει;
3486 1566 3567 1618 ὅτι
3611 1563 3714 1617 οὐκ

2110 1660 2277 1730 ἀφίης
2302 1657 2403 1729 τὴν.
2427 1657 2646 1728 νύμφην
2671 1654 3018 1726 κοσμηθῆναι
3047 1671 3061 1719 ;
3093 1652 3203 1705 Θέα
3222 1650 3287 1703 δέ.
3310 1667 3397 1722 μοι
3419 1649 3514 1717 τὴν
3542 1664 3714 1718 τιμω-

2115 1745 2257 1816 ρίαν,
2300 1743 2422 1813 ὄση·
2454 1741 2594 1805 Τοὺς
2643 1739 2872 1811 ἐχθροὺς
2913 1735 3228 1809 εὐφραίνεις
3278 1735 3404 1797 τοὺς
3437 1731 3713 1816 σούς,-καὶ

2111 1814 2274 1882 αὐτὸν
2305 1829 2512 1880 ἐκεῖνον
2544 1825 2634 1879 τὸν
2679 1820 3097 1893 εὐδοκιμοῦντα,
3148 1819 3209 1873 ὃν
3235 1817 3416 1889 βούλει
3468 1814 3712 1883 λυπῆσαι

2113 1905 2346 1981 φθονῶν,
2379 1911 2579 1983 μᾶλλον
2615 1909 2778 1963 αὐτὸν
2821 1907 3158 1978 εὐφραίνεις,
3190 1904 3390 1976 μᾶλλον
3423 1900 3712 1966 δεικνύεις,

2112 2005 2196 2058 ὅτι
2243 1999 2584 2073 ηὐδοκίμησε
2617 1997 2952 2070 βασκαίνων·
2997 1995 3058 2049 οὐ
3105 1995 3213 2066 γὰρ
3263 1992 3329 2048 ἂν
3379 1991 3710 2073 ἐϐάσκηνας·

2118 2087 2317 2158 μᾶλλον
2363 2083 2630 2148 δεικνύεις
2682 2085 2764 2138 ὅτι
2815 2084 3054 2154 τιμωρῇ.
3102 2077 3439 2150 Αἰσχύνομαι
3498 2069 3716 2158 μὲνοῦν

2115 2157 2223 2225 ἀπὸ
2255 2169 2464 2224 τούτων
2530 2168 2878 2240 προτρέπων·
2936 2166 3079 2235 πλὴν
3130 2163 3246 2217 ἀλλ’
3302 2160 3490 2232 ἐπειδὴ
3542 2157 3715 2220 οὕτως

2118 2255 2363 2319 ἀσθενῶς
2414 2251 2781 2323 διακείμεθα,
2822 2251 2916 2304 καὶ
2949 2247 3276 2303 ἀπὸτούτων
3338 2243 3717 2303 παιδευθέντες

2116 2339 2211 2393 τοῦ
2244 2337 2491 2411 ὀλεθρίου
2552 2338 2744 2390 τούτου
2772 2333 2980 2397 πάθους
3032 2328 3463 2401 ἀπαλλαγῶμεν.
3506 2327 3718 2411 Ἀλγεῖς

2117 2424 2199 2477 ὅτι
2233 2410 2604 2496 ηὐδοκίμησε;
2636 2420 2688 2473 τί
2717 2415 2810 2473 οὖν
2833 2418 2931 2489 τὴν
2963 2416 3315 2487 εὐδοκίμησιν
3365 2411 3532 2466 αὐτοῦ
3561 2410 3720 2465 ἐπαί-

2121 2492 2522 2579 ρειςνφθονῶν;
2560 2503 2752 2557 Βούλει
2786 2503 2949 2556 αὐτὸν
3003 2501 3467 2572 τιμωρήσασθαι;
3506 2497 3570 2548 Τί
3627 2492 3727 2550 οὖν

2119 2590 2388 2654 δεικνύεις
2439 2590 2521 2643 ὅτι
2551 2589 2737 2657 ἀλγεῖς
2770 2605 2784 2653 ;
2853 2587 2904 2639 τί
2931 2583 3206 2655 τιμωρίαν
3242 2582 3442 2637 σαυτδν
3466 2582 3724 2642 ἀπαιτεῖς

2121 2675 2434 2746 ἔμπροσθεν
2459 2671 2676 2736 τούτου,
2709 2671 2769 2725 ὃν
2811 2670 2994 2740 βούλει
3039 2669 3114 2740 μὴ
3151 2667 3465 2736 εὐδοκιμεῖν
3495 2683 3508 2731 ;
3547 2664 3722 2730 Διπλῆ

2121 2761 2307 2814 λοιπὸν
2333 2759 2486 2813 ἔσται
2515 2760 2548 2830 ἡ
2605 2757 2768 2829 ἡδονὴ
2806 2755 2984 2826 τούτῳ
3014 2755 3110 2809 καὶ
3146 2752 3231 2806 σοὶ
3263 2754 3295 2823 ἡ
3334 2751 3602 2823 τιμωρία,
3658 2751 3724 2802 οὐ

2126 2845 2286 2916 μόνον
2336 2845 2418 2896 ὅτι
2462 2842 2636 2913 μέγαν
2674 2841 2943 2902 δεικνύεις
2969 2839 3153 2903 αὐτὸν,
3209 2837 3324 2889 ἀλλ’
3361 2838 3443 2890 ὅτι
3477 2835 3573 2889 καὶ
3607 2836 3724 2887 ἐτέ-

2126 2946 2226 3001 ραν
2282 2926 2433 2998 αὐτῷ
2478 2927 2754 2989 ἐντίκτεις
2797 2924 2991 2996 ἡδονὴν
3045 2921 3464 2994 τιμωρούμενος
3501 2919 3720 2973 σαυτόν·

2125 3013 2219 3066 καὶ
2250 3011 2413 3065 πάλιν
2438 3012 2578 3081 ὑπὲρ
2606 3005 2680 3062 ὧν
2714 3010 2921 3078 ἀλγεῖς,
2956 3011 3165 3072 ἐκεῖνος
3208 3007 3420 3078 ἥδεται,
3457 3005 3553 3058 σοῦ
3589 3003 3721 3072 φθο-

2120 3095 2512 3166 νοῦντος.”ορα
2550 3093 2665 3158 πῶς
2689 3092 2906 3164 πληγάς
2941 3091 3185 3162 χαλεπὰς
3205 3093 3418 3153 ἐαυτοῖς
3447 3088 3721 3157 διδόαμεν,

2120 3179 2216 3235 καὶ
2241 3180 2342 3234 οὐκ
2374 3178 2770 3249 αἰσθανόμεθα.
2827 3177 2966 3231 Ἀλλ’
2996 3177 3190 3249 ἐχθρός
3233 3178 3372 3231 ἐστι.
3412 3175 3607 3228 Καίτοι
3659 3189 3722 3241 γε

2119 3271 2207 3326 διὰ
2239 3273 2292 3326 τί
2323 3271 2549 3344 ἐχθρός;
2578 3271 2643 3324 Τί
2674 3271 2934 3342 ἠδίκησεν
2961 3289 2976 3338 ;
3045 3271 3186 3324 Ἀλλ’
3223 3271 3373 3340 ὅμως
3406 3267 3499 3321 τὸν
3526 3267 3726 3338 ἐχθρὸν

2119 3365 2502 3437 λαμπρότερον
2531 3365 2820 3436 ποιοῦμεν,
2845 3365 2941 3418 καὶ
2968 3367 3118 3436 ἡμᾶς
3140 3365 3339 3426 αὐτοὺς
3370 3361 3534 3415 πλέον
3565 3360 3726 3414 κολά-

2121 3449 2286 3520 ζομεν
2312 3450 2510 3522 τούτῳ.
2545 3450 2714 3504 Πάλιν
2745 3451 2973 3513 ἑαυτοὺς
2999 3448 3414 3522 τιμωρούμεθα,
3437 3446 3502 3500 ἂν
3525 3443 3727 3499 αἰσθώ-

2123 3533 2264 3604 μεθα
2295 3535 2377 3588 ὅτι
2433 3534 2576 3603 ἔγνω
2609 3536 2839 3602 ἐκεῖνος.
2894 3535 3055 3598 Ἴσως
3107 3535 3208 3606 μὲν
3240 3532 3350 3604 γὰρ
3385 3533 3594 3594 ἐκεῖνος
3627 3531 3726 3600 οὐχ

2120 3619 2332 3690 ἥδεται·
2367 3620 2526 3690 ἡμεῖς
2570 3618 2628 3672 δῖε
2656 3619 2973 3690 νομίζοντες
3001 3619 3086 3672 ὃτι
3136 3619 3348 3689 ἥδεται,
3412 3616 3578 3669 πάλιν
3638 3614 3727 3666 διὰ

2119 3702 2280 3756 τοῦτο
2315 3702 2612 3774 ἀλγοῦμεν.
2668 3703 2879 3757 Οὐκοῦν
2929 3703 3137 3757 παῦσαι
3171 3702 3402 3774 φθονῶν·
3470 3700 3523 3753 τί
3556 3700 3724 3769 τραύ-

2125 3805 2270 3859 ματα
2333 3787 2514 3859 ἐαυτῷ
2573 3789 2866 3858 παρέχεις;
2909 3787 3099 3842 Ταῦτα
3159 3790 3524 3857 ἐννοήσωμεν,
3585 3786 3726 3852 ἀγα--

2122 3873 2306 3943 πητοὶ,
2339 3874 2464 3937 τοὺς
2484 3874 2786 3943 στεφάνους
2805 3873 2933 3936 τοὺς
2962 3873 3186 3937 διπλοῦς
3215 3872 3324 3926 τῶν
3357 3871 3434 3941 μὴ
3465 3868 3725 3939 φθονούν-

2121 3976 2250 4023 των,
2279 3959 2407 4022 τοὺς
2445 3959 2704 4022 ἐπαίνους
2720 3960 2847 4022 τοὺς
2869 3955 3386 4030 παράιὰνθρώπων,
3417 3955 3544 4019 τούς
3576 3955 3729 4024 παρὰ

2122 4041 2381 4111 Θεοῦ,τά
2427 4042 2576 4097 κακά
2640 4043 2710 4097 τά
2770 4044 2880 4098 ἀπὸ
2918 4044 3017 4115 τῆς
3049 4041 3373 4112 βασκανίας·
3436 4039 3532 4092 καὶ
3586 4037 3730 4093 οὕτω

2121 4126 2465 4199 δυνησόμεθα
2489 4127 2685 4183 σϐέσαι
2735 4127 2796 4182 τὸ
2831 4127 3042 4200 θηρίον,
3071 4127 3169 4181 καὶ
3215 4125 3586 4196 εὐδοκιμῆσαι.
3627 4123 3730 4191 Eg»

2123 4211 2361 4284 προσθεν
2391 4211 2487 4264 τοῦ
2518 4210 2677 4278 Θεοῦ,
2711 4213 2804 4266 καὶ
2832 4212 2942 4266 τῶν
2971 4210 3148 4264 αὐτῶν
3177 4212 3364 4279 τυχεῖν
3410 4211 3522 4270 τοῖς
3577 4208 3729 4259 εὐδο-

2125 4296 2370 4365 κιμοῦσι.
2409 4297 2726 4368 Τευξόμεθα
2749 4297 2860 4368 γὰρ
2885 4298 3038 4359 ἴσως·
3095 4295 3198 4349 κᾶν
3234 4293 3308 4366 μὴ
3339 4292 3596 4363 τύχωμεν

2056 4416 2069 4425 ς
2125 4379 2216 4434 διὰ
2235 4382 2295 4432 τὸ
2319 4379 2598 4454 συμφέρον
2643 4381 2702 4433 οὐ
2733 4379 3052 4447 τευξόμεθα·
3082 4378 3228 4450 πλὴν,
3268 4378 3360 4431 καὶ
3397 4375 3540 4430 οὕτω
3569 4375 3728 4446 δυνηέ

2130 4463 2334 4533 σόμεθα
2358 4465 2437 4527 εἰς
2466 4462 2623 4528 δόξαν
2661 4463 2796 4516 Θεοῦ
2833 4463 3120 4534 ζήσαντες,
3159 4462 3268 4515 τῶν
3298 4460 3730 4532 ἐπηγγελμένων

2127 4547 2350 4617 ἀγαθῶν
2381 4550 2495 4610 τοῖς
2527 4548 2816 4616 ἀγαπῶσιν
2845 4547 3007 4602 αὐτὸν
3041 4549 3244 4617 τυχεῖν,
3275 4547 3460 4618 χάριτι
3483 4544 3576 4597 καὶ
3610 4544 3732 4611 φιλ-

2128 4632 2418 4703 ανθρωπίᾳ
2453 4633 2548 4686 τοῦ
2599 4632 2806 4702 Κυρίου
2835 4631 2991 4703 ἡμῶν
3046 4630 3224 4701 Ἰησοῦ
3270 4628 3510 4702 Χριστοῦ
3534 4670 3548 4692 ,
3578 4629 3730 4696 μεθ’

2129 4710 2190 4771 οῦ
2209 4715 2287 4787 τῷ
2318 4716 2492 4786 Πατρὶ
2515 4715 2632 4788 ἅμα
2678 4716 2755 4787 τῷ
2790 4715 2932 4786 ἁγίῳ
2982 4713 3266 4785 Πνεύματι
3299 4713 3427 4778 δόξα
3447 4755 3459 4779 ,
3504 4713 3726 4782 κράτος,

2129 4801 2287 4873 τιμὴ,
2319 4799 2415 4856 νῦν
2438 4801 2532 4856 καὶ
2580 4801 2688 4866 ἀεὶ,
2720 4802 2814 4855 καὶ
2851 4803 2932 4866 είς
2959 4801 3086 4863 τοὺς
3107 4799 3310 4862 αἰῶνας
3355 4796 3466 4852 τῶν
3491 4794 3728 4849 αἰώνων.

2148 4887 2359 4958 Ἀμήν.-

1874 5360 2028 5436 [ειν]
2070 5367 2321 5421 unum».
2363 5365 2466 5421 13f.

454 5542 800 5618 Ἀσπάζεται
841 5545 999 5618 ὑμᾶς
1047 5523 1354 5618 Ἐπαφρᾶς
1398 5552 1431 5603 ό
1482 5548 1552 5614 ἐξ
1592 5547 1760 5615 ὑμῶν
1807 5548 2027 5615 δοῦλος

509 5616 788 5690 Χριστοῦ,
831 5615 1090 5690 πάντοτε
1128 5615 1554 5690 ἀγωνιζόμενος
1578 5619 1739 5690 ,ὑπὲρ
1765 5620 1933 5690 ὑμῶν
1957 5621 2028 5673 ἐν

509 5686 642 5750 ταῖς
670 5687 1038 5758 προσευχαῖς
1079 5729 1092 5753 ,
1132 5686 1232 5745 ἵνα
1281 5688 1469 5758 στῆτε
1523 5686 1739 5744 τέλειοι
1787 5686 1884 5743 καὶ
1922 5705 2026 5744 πε-

510 5755 1023 5835 εεᾳηρωμένοιένς
1083 5760 1266 5835 ξταζτὶ
1293 5755 1613 5835 Δ’θελήματι
1683 5761 1790 5835 τοῦ
1851 5761 2020 5835 Θεοῦ.
2070 5805 2071 5808 η

513 5827 805 5899 Μαρτυρεῖ)
827 5827 1136 5899 γὰραὺτῷ,
1167 5831 1257 5886 ὅτι
1284 5831 1405 5902 ἔχει
1430 5831 1613 5902 ζῆλον
1646 5831 1845 5887 πολὺν
1871 5831 2022 5901 ὑπὲρ

2208 5553 2397 5677 ὺῦἓῦν,
2420 5553 2515 5607 καὶ
2542 5551 2659 5607 τῶν
2679 5553 2748 5608 ἐν
2776 5552 3119 5622 Λαοδικείᾳ,
3158 5555 3256 5609 καὶ
3292 5552 3407 5608 τῶν
3437 5552 3511 5608 ἐν
3542 5556 3726 5625 Ἱερα-

2208 5640 2248 5675 π
2331 5641 2404 5677 ει.

2205 5640 2404 5678 πολει.

2202 5749 2272 5797 α’.
2292 5743 2401 5798 Καὶ
2419 5743 2720 5815 ἀρχόμενος
2734 5745 2834 5816 τῆς
2849 5745 3191 5818 Ἐπιστολῆς,
3212 5746 3508 5819 συνέστησε
3526 5747 3618 5800 τὸν
3632 5747 3724 5802 ἂν·

2131 5830 2234 5904 δρα
2257 5831 2365 5886 ἀπὸ
2381 5831 2626 5903 ἀγάπης·
2657 5832 2882 5907 ἀγάπην
2897 5834 3220 5927 δέ-δείκνυσι
3243 5835 3336 5893 καὶ
3357 5835 3417 5892 τὸ
3441 5835 3720 5907 ἐγκωμια-
