4140 6502
356 382 373 405 ι,
450 347 550 406 38!

446 471 591 536 quod
633 460 847 535 quidem
889 461 1022 519 dixit
1060 462 1137 520 ab
1167 463 1318 518 initio
1342 504 1358 530 ,
1393 464 1491 529 Qui
1514 465 2035 545 etiam‘manifestavit

447 555 591 611 nobis
618 558 882 610 caritatem
904 565 1119 610 vestram
1140 556 1195 610 in
1217 555 1403 626 spiritu
1432 553 1564 625 (Col.
1600 556 1653 609 1.
1685 553 1761 627 8).
1785 555 2038 611 Dilectio—

447 664 569 703 nem
592 648 826 703 ostendit
856 657 909 704 et
938 647 1223 703 amabilem
1246 646 1445 711 reddit,
1467 646 1611 717 quod
1635 662 1732 717 pro
1758 647 1875 702 aliis
1896 656 2033 703 oret.

446 743 625 813 Ipsum
657 752 834 798 autem
875 742 1253 809 commendat,
1277 741 1524 809 aperiens
1563 741 1756 796 ostium
1786 755 2037 797 sermone

446 834 564 905 ejus
595 833 741 907 (nam
772 834 911 904 quod
943 833 1267 889 reverendus
1296 834 1365 887 sit
1394 834 1677 904 magister,
1708 833 1759 887 id
1789 842 1874 888 est
1905 834 2037 890 utile

444 926 755 996 discipulo),
786 935 838 980 et
860 942 1045 981 rursus
1064 923 1205 996 quod
1225 924 1443 991 dixerit,
1476 924 1561 978 Ea:
1586 924 1721 979 vobis
1739 964 1756 989 ,
1786 932 1845 977 ut
1872 924 2033 979 etiam

443 1019 513 1075 de
537 1020 651 1073 viro
685 1018 986 1092 glorientur
1005 1060 1020 1083 ,
1050 1025 1109 1072 ut
1136 1019 1225 1087 qui
1258 1018 1392 1071 tales
1410 1017 1558 1072 viros
1585 1015 1777 1071 ferant.
1812 1014 1876 1068 Et
1902 1030 2033 1068 sem-

445 1132 553 1187 per,
586 1112 798 1184 inquit,
829 1113 1076 1168 sollicitus
1123 1128 1216 1182 pro
1261 1110 1398 1165 vobis
1440 1110 1493 1163 in
1539 1108 1869 1164 orationibus.
1916 1107 2035 1162 Non

445 1209 617 1263 solum
651 1206 808 1273 dixit,
836 1206 1007 1261 Orans
1030 1245 1046 1270 ,
1089 1204 1183 1261 sed
1209 1246 1225 1270 ,
1268 1202 1535 1259 Sollicitus
1557 1243 1574 1268 ,
1606 1212 1841 1257 tremens
1879 1211 1933 1255 et
1964 1200 2032 1255 ti-

444 1314 619 1355 mens.
652 1296 1021 1353 Testimonium
1046 1313 1202 1364 enim,
1244 1295 1456 1366 inquit,
1498 1294 1575 1349 illi
1619 1293 1853 1363 perhibeo
1896 1291 2032 1363 quod

340 1450 353 1462 ,
443 1392 589 1446 habet
613 1390 831 1443 multum
863 1389 1029 1442 zelum
1056 1405 1147 1457 pro
1173 1386 1331 1441 vobis.
1377 1385 1472 1440 Est
1508 1385 1661 1439 testis
1689 1384 1791 1439 ﬁde
1816 1382 2029 1454 dignus.

444 1483 700 1551 Quoniam
730 1480 896 1545 habet,
930 1479 1136 1550 inquit,
1161 1477 1375 1533 multum
1403 1475 1569 1529 zelum
1594 1491 1691 1546 pro
1728 1474 1885 1528 vobis.
1920 1473 2033 1529 Hoc

440 1583 543 1642 est,
576 1573 685 1630 Vos
710 1572 864 1629 valde
893 1571 1064 1642 diligit
1090 1581 1146 1627 et
1186 1583 1379 1641 magno
1407 1569 1569 1623 vestri
1608 1567 1795 1637 ﬂagrat
1824 1580 2028 1622 amore.

443 1664 513 1720 Et
543 1682 637 1737 pro
665 1665 728 1719 iis
771 1664 856 1734 qui
896 1672 1014 1717 sunt
1048 1659 1351 1727 Laodiceae,
1397 1671 1443 1714 et
1473 1661 1558 1731 qui
1585 1658 1873 1728 Hierapoli.
1922 1658 2037 1714 Illis.

439 1774 655 1830 quoque
683 1772 807 1812 eum
834 1753 1196 1812 commendat.
1246 1752 1355 1808 Sed
1397 1752 1497 1807 hoc
1548 1752 1688 1807 unde
1726 1759 1878 1806 erant
1918 1750 2029 1805 sci-

439 1852 586 1908 turi?
617 1850 921 1907 Verisimile
965 1857 1047 1904 est
1088 1847 1210 1902 illos
1253 1847 1557 1912 audivisse;
1585 1845 1679 1901 sed
1711 1845 1873 1902 etiam
1900 1844 2028 1899 dum

435 1944 661 2018 epistola
689 1943 959 2014 legeretur
987 1940 1282 1996 discebant.
1334 1938 1511 1992 Facite
1546 1938 1687 1993 enim
1707 1980 1720 2005 ,
1753 1937 1944 2007 inquit,
1972 1946 2029 1991 ut

433 2048 480 2092 et
520 2038 574 2092 in
613 2035 1004 2090 Laodicensium
1047 2032 1277 2087 Ecclesia
1320 2033 1517 2102 legatur
1547 2030 1680 2104 (Col.
1724 2031 1777 2085 4.
1812 2028 1925 2104 16).
1959 2028 2028 2086 Ut

432 2131 592 2197 stetis,
622 2129 811 2198 inquit,
842 2128 1071 2199 perfecti.
1115 2125 1289 2181 Simul
1331 2134 1385 2180 et
1414 2140 1508 2180 eos
1538 2123 1924 2194 reprehendit,
1970 2132 2027 2180 et

432 2238 537 2278 non
569 2221 762 2277 acerbe
790 2236 883 2275 eos
909 2220 1162 2274 admonet
1183 2226 1239 2274 et
1264 2216 1551 2273 consilium
1567 2216 1679 2271 dat.
1710 2215 1851 2272 Fieri
1880 2217 2023 2271 enim

433 2324 608 2385 potest
635 2322 689 2367 ut
720 2322 773 2367 et
798 2311 1062 2382 quispiam
1098 2309 1167 2369 sit
1198 2307 1468 2379 perfectus
1497 2318 1553 2363 et
1582 2321 1687 2361 non
1718 2315 1824 2362 stet
1852 2322 1867 2373 ;
1899 2316 1953 2362 ut
1977 2306 2024 2361 si

424 2409 550 2479 quis
571 2407 748 2461 omnia
779 2405 1007 2469 noverit,
1037 2403 1210 2458 adhuc
1231 2410 1408 2457 autem
1445 2400 1692 2455 vacillet:
1713 2399 1826 2455 fieri
1849 2408 2023 2469 potest

430 2499 591 2553 etiam
622 2507 679 2551 ut
707 2512 812 2551 non
840 2496 909 2550 sit
947 2494 1215 2564 perfectus
1239 2534 1255 2560 ,
1288 2507 1389 2548 nec
1414 2492 1704 2557 consistat;
1746 2499 1803 2544 ut
1828 2490 1872 2545 si
1903 2490 2024 2561 quis

428 2591 565 2646 sciat
606 2588 822 2660 quidem
870 2595 1120 2658 partem,
1170 2599 1271 2640 nec
1323 2593 1428 2638 stet
1480 2583 1724 2637 firmiter.
1782 2582 1888 2637 Sed
1936 2581 2023 2638 hic

429 2691 711 2751 utrumque
738 2688 903 2749 optat,
941 2677 1008 2733 Ut
1039 2677 1197 2743 stetis,
1231 2675 1419 2746 inquit,
1450 2675 1677 2744 perfecti.
1721 2673 1856 2729 Vide
1884 2689 2020 2745 quo-

428 2772 589 2828 modo
616 2786 710 2827 eos
740 2784 925 2825 rursus
948 2768 1288 2823 admonuerit
1324 2767 1587 2821 sermonis
1613 2765 1681 2820 de
1710 2766 1934 2836 angelis,
1966 2774 2018 2822 et

427 2865 495 2921 de
515 2865 641 2919 vita.
687 2862 753 2917 Et
787 2862 955 2932 pleni,
985 2860 1155 2932 inquit
1181 2902 1195 2923 ,
1224 2860 1279 2913 in
1301 2859 1441 2913 omni
1465 2859 1722 2913 voluntate
1746 2856 1867 2914 Dei.
1901 2857 2019 2915 Non

427 2958 569 3011 enim
596 2956 769 3011 solum
801 2953 1000 3009 sufficit
1025 2953 1202 3008 facere
1230 2952 1323 3006 Dei
1360 2952 1711 3007 voluntatem.
1742 2950 1841 3006 Cui
1870 2951 2019 3006 enim

425 3057 507 3107 est
533 3050 689 3120 plene
734 3047 943 3118 aliquid
983 3061 1333 3117 persuasum,
1378 3061 1484 3100 non
1525 3044 1653 3100 sinit
1677 3044 1838 3099 aliam
1875 3044 1929 3099 in
1956 3059 2021 3102 se

425 3158 546 3200 esse
566 3143 901 3198 voluntatem
930 3159 943 3194 :
971 3140 1169 3211 alioqui
1210 3155 1318 3193 non
1365 3138 1521 3208 plene
1560 3153 1872 3208 persuasum
1918 3137 2018 3192 ha-

424 3238 597 3295 beret.
628 3235 1019 3298 Testimonium,
1054 3234 1265 3304 inquit,
1291 3232 1369 3286 illi
1394 3232 1633 3301 perhibeo
1654 3272 1668 3296 ,
1708 3231 1848 3302 quod
1870 3231 2021 3286 habet

422 3331 638 3385 multum
665 3329 849 3382 zelum.
877 3327 942 3381 Et
968 3325 1167 3390 zelum,
1197 3332 1252 3379 et
1295 3324 1520 3377 multum
1549 3340 1563 3388 ;
1593 3330 1879 3393 utrumque
1916 3337 2015 3378 au-

422 3432 515 3496 get
538 3433 593 3479 et
616 3421 907 3492 amplificat
939 3441 953 3475 :
983 3419 1121 3473 sicut
1146 3425 1199 3473 et
1220 3417 1337 3486 ipse
1364 3414 1515 3491 dicit,
1541 3414 1784 3470 scribens
1812 3415 1877 3469 ad
1906 3415 2015 3471 Co-

424 3516 652 3572 rinthios
680 3533 693 3568 :
728 3512 972 3567 ZEmulor
1000 3510 1133 3564 enim
1157 3524 1242 3563 vos
1269 3507 1365 3562 Dei
1385 3507 1495 3561 zelo
1527 3505 1603 3577 (2.
1645 3505 1765 3560 Cor.
1809 3508 1899 3561 11.
1928 3506 2011 3576 2).

425 3610 511 3664 14.
542 3607 746 3664 Salutat
772 3621 858 3658 vos
885 3603 1052 3657 Lucas
1082 3601 1308 3655 medicus
1342 3599 1657 3652 carissimus.
1692 3596 1789 3651 Hic
1811 3607 1895 3653 est
1925 3597 2015 3652 ille

422 3702 774 3773 evangelista.
805 3698 924 3755 Non
968 3712 1093 3752 eum
1132 3705 1315 3750 autem
1345 3694 1654 3764 deprimens
1696 3695 1846 3763 ponit
1890 3692 2013 3748 ulti-

424 3813 593 3862 mum,
620 3795 715 3851 sed
751 3792 898 3848 illum
941 3791 1191 3856 extollit,
1221 3787 1547 3859 Epaphram.
1588 3787 1892 3842 Verisimile
1931 3795 2015 3842 est

424 3890 587 3944 fuisse
613 3888 770 3943 etiam
799 3884 934 3939 alios
959 3884 1047 3952 qni
1078 3886 1397 3936 vocarentur
1429 3880 1531 3934 hoc
1560 3879 1795 3935 nomine.
1822 3878 1890 3932 Et
1910 3879 2014 3933 De-

421 3997 551 4034 mas.
581 3978 714 4034 Cum
734 3976 977 4041 dixisset,
995 3972 1201 4029 Salutat
1224 3988 1311 4027 vos
1327 3969 1496 4025 Lucas
1520 3970 1767 4036 medicus,
1794 3971 2010 4040 adjecit,

420 4071 745 4127 Carissimus.
778 4068 891 4122 Hoc
916 4080 1128 4135 quoque
1158 4078 1265 4117 non
1318 4077 1538 4131 parvum
1570 4071 1651 4116 est
1681 4063 2011 4129 encomium,

421 4164 516 4219 sed
545 4161 700 4216 valde
727 4173 998 4228 magnum,
1028 4170 1150 4210 esse
1174 4154 1341 4208 Paulo
1362 4152 1719 4207 carissimum.
1747 4153 1834 4207 15.
1857 4151 2017 4207 Salu-

422 4262 524 4307 tate
551 4257 733 4323 fratres
763 4249 847 4320 qui
874 4256 990 4301 sunt
1006 4245 1294 4311 Laodiceaz,
1324 4252 1370 4298 et
1400 4242 1720 4313 Nympham,
1752 4251 1799 4295 et
1823 4259 1935 4312 qua:
1958 4244 2014 4297 in

422 4348 572 4400 domo
588 4345 696 4416 ejus
708 4352 777 4397 est
791 4340 917 4395 Eccl
922 4342 1097 4395 esiam.
1115 4337 1249 4393 Vide
1262 4336 1530 4408 quomodo
1551 4349 1646 4390 eos
1661 4334 2012 4405 conglutinat,

421 4447 476 4494 et
497 4439 635 4491 inter
658 4451 716 4491 se
735 4433 1033 4503 coniungit,
1060 4448 1165 4488 non
1188 4430 1361 4486 solum
1386 4429 1529 4501 quod
1560 4428 1892 4495 salutaverit,
1918 4429 2013 4485 sed

422 4530 582 4584 etiam
609 4527 751 4598 quod
798 4526 1052 4596 epistolas
1080 4522 1309 4579 dederit.
1356 4521 1558 4576 Deinde
1588 4535 1777 4575 rursus
1806 4522 2014 4591 gratifi-

422 4628 608 4686 eatur,
649 4633 770 4673 eum
801 4631 1045 4672 seorsum
1075 4615 1370 4685 appellans.
1408 4613 1520 4668 lloc
1543 4620 1720 4667 autem
1750 4610 1875 4668 facit
1906 4627 2015 4669 non

423 4712 543 4767 sine
556 4725 736 4778 causa,
770 4709 862 4763 sed
893 4710 1027 4763 alios
1053 4709 1119 4763 ad
1147 4706 1389 4763 eamdem
1418 4705 1689 4761 adducens
1718 4705 2017 4761 aemulatio-

425 4820 568 4859 nem.
589 4803 771 4872 Ncque
794 4803 935 4857 enim
954 4811 1036 4856 est
1054 4814 1293 4869 parvum,
1314 4797 1453 4868 quod
1476 4812 1579 4851 non
1599 4806 2015 4852 connumeratur

423 4915 544 4954 cum
576 4898 807 4954 caeteris.
840 4896 975 4950 Vide
1004 4910 1134 4964 ergo
1161 4908 1319 4962 quam
1342 4906 1591 4961 magnum
1629 4906 1749 4945 eum
1781 4890 2017 4945 ostendit

426 5007 549 5047 esse
576 4991 771 5051 virum.
803 4990 846 5043 si
874 4986 1090 5059 quidem
1122 4984 1315 5039 domus
1350 4983 1465 5052 ejus
1493 4991 1610 5037 erat
1634 4982 1880 5037 ecclesia.
1926 4982 2014 5036 16.

427 5082 495 5137 Et
524 5098 641 5137 cum
671 5082 799 5137 lecta
827 5079 979 5151 fuerit
1011 5077 1151 5148 apud
1195 5091 1281 5129 vos
1330 5074 1566 5145 epistola,
1609 5073 1761 5144 facite
1802 5081 1856 5125 ut
1892 5081 1938 5125 et
1963 5072 2017 5125 in

428 5176 819 5231 Laodicensium
883 5174 1109 5228 Ecclesia
1156 5171 1371 5243 legatur.
1416 5169 1543 5224 Mihi
1601 5167 1854 5223 videntur
1898 5183 2020 5224 esse

428 5270 672 5337 quaedam
703 5283 767 5324 ex
801 5269 864 5323 iis
894 5284 1011 5337 quae
1041 5265 1148 5320 illic
1176 5264 1372 5335 scripta
1400 5270 1558 5327 sunt,
1587 5276 1705 5331 qua)
1732 5260 1829 5314 hos
1856 5261 2018 5315 etiam

425 5360 717 5435 oportebat
742 5359 950 5414 audire.
973 5358 1042 5413 Et
1064 5356 1147 5411 his
1172 5359 1345 5426 major
1370 5364 1485 5410 erat
1513 5353 1736 5419 utilitas,
1765 5368 1885 5408 eum
1913 5352 2021 5408 illis

431 5452 772 5521 rc-preliensis
800 5466 894 5505 sua
925 5459 1143 5520 peccata
1171 5454 1542 5518 agnoscerent.
1575 5443 1644 5498 Et
1669 5462 1726 5499 ea
1747 5460 1858 5515 quae
1886 5443 2023 5498 Lao-

431 5544 711 5597 dicensium
739 5550 811 5596 est
840 5583 855 5608 ,
883 5551 939 5595 ut
965 5551 1015 5595 et
1040 5556 1125 5594 vos
1170 5539 1368 5609 legatis.
1417 5536 1643 5607 Quidam
1684 5536 1866 5599 dicunt
1913 5552 2020 5591 non

435 5635 585 5690 Pauli
609 5634 676 5688 ad
702 5634 845 5704 ipsos
868 5634 1103 5698 missam,
1138 5631 1233 5686 sed
1265 5646 1384 5701 qua:
1411 5630 1478 5686 ab
1506 5629 1636 5698 ipsis
1662 5629 1727 5682 ad
1757 5627 1977 5682 Paulum
2004 5644 2019 5681 :

436 5743 544 5781 non
576 5727 718 5782 enim
745 5725 912 5789 dixit,
944 5724 1076 5779 Eam
1128 5739 1248 5793 quae
1275 5733 1359 5780 est
1394 5722 1461 5779 ad
1490 5721 1870 5788 Laodicenses,
1903 5721 2021 5789 sed,

441 5820 567 5888 Qua:
607 5821 800 5891 scripta
858 5830 928 5875 est
958 5804 987 5873 ἀ
1016 5816 1287 5873 Laodicea.
1318 5818 1407 5874 17.
1440 5816 1509 5873 Et
1548 5817 1699 5872 dicite
1738 5817 2018 5888 Archippo,

1300 346 1368 403 ῐΝ
1405 344 1622 404 EPIST.
1666 346 1757 403 AD
1793 347 2073 408 COLOSS.
2114 350 2269 409 CAP.
2312 352 2398 409 lV.
2442 355 2671 414 ΙΙΟΜΠ..
2716 358 2831 418 Xll.

3630 384 3743 443 332'

2160 466 2285 524 Vide
2312 472 2645 531 ministerium
2666 480 2804 549 quod
2830 484 3073 555 accepisti
3106 489 3159 543 in
3191 491 3410 550 Domino
3431 540 3445 563 ,
3511 514 3563 555 ut
3601 504 3740 561 illud

2147 560 2379 630 impleas.
2407 565 2515 621 Cur
2533 584 2638 625 non
2663 573 2849 629 scribit
2865 576 2932 631 ad
2956 578 3126 647 ipsum
3146 584 3170 637 ἱ)
3196 560 3448 645 Fortasse
3473 607 3575 647 non
3598 610 3742 665 opus

2147 657 2400 755 erattsed
2424 659 2538 714 sola
2566 662 2707 718 nuda
2733 666 3120 739 admonitione,
3143 686 3198 731 ut
3226 677 3379 735 fieret
3404 657 3731 755 diligenti-or.

2148 742 2235 797 18.
2270 744 2535 804 Salutatio‘
2548 768 2656 805 mea
2682 771 2837 810 manu
2872 758 3049 816 Pauli.
3086 765 3199 822 Hoc
3222 780 3306 824 est
3335 742 3590 831 indicium

2145 834 2383 891 ceritatis
2408 848 2461 892 et
2490 842 2759 913 amicitiae,
2789 851 2929 918 quod
2971 862 3024 907 et
3052 856 3294 915 viderent
3322 862 3532 931 literas,
3571 878 3625 923 et
3675 869 3739 925 itr

2146 938 2237 1018 eas
2266 940 2447 983 essent
2470 931 2664 988 aﬁ‘ccti.
2697 936 2947 997 Illemores
2973 956 3126 1002 estote
3146 950 3459 1010 vinculorum
3480 975 3727 1018 meorum.

2144 1015 2330 1088 Papae!
2355 1033 2550 1091 quanta
2571 1030 2897 1087 consolatio!
2918 1035 3032 1092 Hoc
3060 1042 3200 1096 enim
3230 1045 3427 1103 sufficit
3450 1050 3517 1106 ad
3544 1068 3637 1109 eos
3660 1056 3726 1109 ad

2142 1112 2320 1166 omnia
2365 1115 2764 1188 adhortandos,
2813 1132 2866 1179 et
2893 1126 2960 1181 ad
3007 1130 3311 1191 reddendos
3366 1138 3612 1200 fortiores
3658 1146 3730 1202 ad

2141 1205 2433 1260 certamina
2484 1222 2497 1258 :
2534 1224 2638 1263 non
2669 1213 2840 1269 solum
2884 1227 3065 1275 autem
3092 1222 3364 1293 fortiores,
3392 1231 3487 1285 sed
3534 1243 3588 1288 et
3631 1252 3733 1293 eos

2139 1294 2398 1353 reddebat
2428 1302 2597 1371 magis
2623 1304 2931 1366 familiares.
2969 1310 3147 1368 Gratia
3174 1318 3447 1377 vobiscum.
3472 1323 3653 1381 Amen.

2210 1385 2265 1440 2.
2292 1388 2536 1459 Magnum
2588 1398 2925 1467 encomium,
2969 1413 3023 1457 et
3051 1406 3220 1475 majus
3261 1410 3379 1466 aliis
3420 1416 3668 1471 omnibus
3693 1459 3710 1481 ,

2139 1475 2319 1533 dicere
2353 1480 2423 1537 de
2450 1483 2721 1555 Epaphra,
2750 1489 2852 1554 Qui
2878 1503 2950 1547 est
2980 1511 3044 1550 ea:
3068 1500 3207 1554 vobis
3233 1518 3406 1558 servus
3423 1504 3633 1566 Christi.
3659 1475 3731 1564 Et

2137 1569 2447 1628 ministrum
2499 1576 2673 1646 ipsum
2707 1597 2805 1652 pro
2841 1584 2973 1655 ipsis
3015 1590 3185 1660 dicit,
3219 1596 3360 1651 sicut
3387 1608 3440 1654 et
3484 1616 3542 1657 se
3595 1603 3737 1661 dicit

2138 1662 2442 1768 ministrum
2474 1668 2732 1768 Ecclesia:
2762 1692 2775 1728 :
2809 1686 2864 1731 ut
2885 1681 3098 1748 quando
3126 1684 3274 1755 dicit,
3308 1688 3469 1761 Cujus
3494 1695 3625 1749 enim
3649 1698 3734 1768 fui

2139 1751 2339 1853 Paulus
2368 1761 2595 1856 minister
2623 1765 2759 1834 (Col.
2796 1769 2849 1822 1.
2873 1770 2989 1842 25).
3019 1775 3104 1830 Ad
3132 1751 3727 1856 eamdem'dignitatem

2138 1844 2313 1900 virum
2344 1847 2518 1917 effert,
2552 1867 2873 1916 conservum
2896 1878 3018 1919 eum
3045 1870 3299 1938 superius
3340 1844 3520 1943 νοθεῖ,
3552 1887 3609 1934 et
3636 1879 3724 1936 hic

2134 1947 2370 2032 servum.
2392 1940 2492 2005 Qui
2513 1947 2727 2003 emvobis
2754 1960 2846 2017 est,
2870 1953 3077 2025 inquit;
3108 1968 3376 2032 tamquam
3403 1940 3523 2022 cum
3552 1979 3729 2028 matre

2133 2024 2426 2118 disserens,
2470 2045 2524 2089 et
2551 2036 2760 2110 dicens,
2788 2042 2889 2110 Qui
2916 2055 3000 2102 est
3029 2065 3093 2104 ex
3121 2060 3210 2108 tuo
3241 2066 3412 2111 utero.
3439 2056 3547 2115 Sed
3586 2061 3727 2118 invi-

2132 2117 2276 2216 diam
2301 2124 2568 2183 attulisset
2596 2130 2701 2188 hoc
2731 2139 3062 2195 encomium.
3090 2143 3383 2216 Propterea
3416 2166 3523 2207 non
3546 2169 3610 2209 ex
3640 2155 3728 2211 his

2131 2210 2261 2313 solis
2282 2229 2403 2270 eum
2425 2224 2805 2294 commendat,
2829 2229 2925 2284 sed
2943 2241 2997 2286 et
3016 2248 3082 2289 ex
3104 2210 3305 2308 iisquae
3333 2242 3399 2297 ad
3425 2243 3570 2313 ipsos
3595 2262 3719 2316 per-

2134 2310 2341 2403 tinent:
2373 2317 2428 2363 et
2454 2310 2561 2366 illic
2588 2315 2748 2371 solvit
2786 2319 3063 2392 invidiam,
3094 2334 3150 2381 et
3179 2327 3266 2385 hic
3307 2310 3541 2403 quoq—ue.
3572 2310 3721 2392 Sem—

2130 2411 2239 2464 per,
2265 2396 2457 2500 inquit,
2484 2421 2577 2474 pro
2594 2408 2731 2463 vobis
2751 2411 3021 2470 sollicitus.
3048 2416 3166 2473 Non
3207 2396 3351 2478 nunc
3379 2396 3552 2481 solum
3580 2430 3724 2500 apud

2128 2501 2229 2580 nos
2270 2497 2327 2543 ut
2370 2492 2525 2551 nobis
2553 2500 2839 2569 ostendat,
2883 2519 3058 2577 neque
3106 2511 3249 2580 apud
3295 2529 3393 2571 vos
3441 2492 3630 2573 soluta
3666 2531 3723 2576 nt

2127 2578 2282 2635 vobis
2311 2585 2587 2641 ostendat.
2616 2588 2867 2661 Magnum
2899 2578 3155 2653 exhibuit:
3190 2603 3355 2659 animi
3405 2607 3637 2665 studium
3669 2623 3723 2667 ct

2126 2671 2459 2731 alacritatem
2509 2678 2766 2749 dicendo,
2801 2685 3091 2744 Sollicitus.
3119 2692 3321 2751 Deinde
3351 2714 3419 2754 ne
3449 2702 3723 2760 videretur

2126 2764 2526 2868 eisoblandiri,‘
2576 2773 2900 2844 snbjunxit:
2939 2780 3106 2836 Habet
3154 2787 3371 2843 multum
3411 2793 3576 2848 zelum
3624 2813 3723 2868 pro

2124 2854 2282 2954 vobis,
2306 2866 2468 2954 et-pro
2490 2862 2552 2915 iis
2577 2865 2666 2933 qui
2694 2876 2810 2921 sunt
2835 2867 3112 2929 Laodicea:
3136 2886 3187 2931 et
3214 2880 3301 2949 qui
3331 2880 3384 2934 Η
3390 2854 3719 2954 ierapoli..Et

2125 2946 2288 3014 illud,
2328 2948 2396 3006 Ut
2424 2955 2565 3010 stetis
2594 2961 2848 3029 perfecti,
2879 2978 2984 3019 non
3029 2974 3116 3023 est
3168 2946 3547 3031 assentationis
3570 3018 3586 3044 ,
3620 2980 3719 3035 sed

2123 3043 2409 3139 reverendi
2433 3052 2801 3120 praeceptoris.
2828 3055 2897 3110 Et
2922 3059 3139 3130 repleti,
3170 3062 3361 3135 inquit,
3382 3078 3434 3122 et
3464 3069 3713 3139 perfecti.

2122 3130 2257 3187 Illud
2282 3136 2501 3205 quidem
2549 3139 2739 3209 dedit,
2789 3144 2892 3202 hoc
2920 3157 3103 3205 autem
3158 3130 3291 3209 dixit
3317 3130 3569 3215 deficere.
3604 3160 3719 3217 Nec

2124 3224 2277 3295 dixit,
2304 3227 2374 3284 Ut
2404 3248 2509 3286 non
2544 3233 2736 3290 labetis
2761 3278 2777 3305 ,
2803 3239 2897 3294 sed
2924 3283 2945 3311 ,
2974 3241 3043 3297 Ut
3070 3247 3229 3300 stetis.
3261 3246 3413 3314 Quod
3453 3262 3631 3308 autem
3683 3271 3715 3310 a

2122 3320 2305 3376 multis
2331 3323 2649 3392 salutentur,
2671 3328 2773 3383 hoc
2799 3345 2892 3387 eos
2919 3345 3148 3401 recreat,
3168 3340 3381 3409 quando
3408 3358 3516 3398 non
3539 3345 3714 3403 solum

2121 3410 2212 3479 qui
2242 3423 2367 3468 sunt
2398 3430 2465 3469 ex
2509 3416 2588 3471 eis
2638 3417 3005 3480 familiaritate
3034 3435 3089 3481 et
3142 3432 3542 3490 necessitudine
3581 3451 3715 3493 con-

2116 3500 2324 3569 juncti,
2356 3504 2449 3561 sed
2482 3508 2646 3563 etiam
2697 3512 2789 3566 alii
2824 3529 3011 3571 eorum
3038 3522 3424 3579 meminerunt.
3452 3526 3518 3580 Et
3564 3528 3719 3586 dicite

2118 3592 2380 3665 Archippo
2424 3614 2444 3652 :
2493 3598 2625 3653 Vide
2667 3604 3009 3663 ministerium
3052 3612 3188 3681 quod
3230 3618 3467 3687 accepisti
3507 3619 3562 3674 in
3605 3619 3716 3677 Do-

2120 3688 2280 3742 mino.
2314 3690 2422 3745 Eos
2449 3695 2682 3750 maxime
2714 3696 2814 3766 ipsi
2847 3700 3083 3771 subjicit.
3108 3704 3223 3760 Non
3275 3717 3526 3777 poterant
3564 3716 3716 3770 enim

2119 3780 2348 3849 amplius
2397 3783 2547 3838 illum
2579 3800 2804 3857 arguere
2854 3793 3001 3862 ipsos
3047 3796 3414 3869 increpantem
3443 3845 3457 3871 ,
3491 3806 3711 3874 quando

2121 3872 2222 3942 ipsi
2280 3874 2588 3931 universum
2636 3885 2999 3951 susceperint.
3028 3886 3146 3943 Non
3189 3900 3275 3946 est
3321 3895 3465 3948 enim
3509 3872 3719 3954 rationi

2120 3976 2544 4025 consentaneum
2569 4011 2583 4036 ,
2614 3980 2673 4027 ut
2702 3974 2954 4046 discipuli
3001 3979 3183 4036 dicant
3236 3984 3306 4040 de
3362 3998 3715 4059 praeceptore.

2119 4057 2222 4114 Sed
2254 4060 2333 4115 eis
2356 4075 2418 4115 os
2450 4062 2737 4120 obstruens
2781 4068 2883 4123 hoc
2933 4070 3065 4126 dicit
3096 4092 3109 4127 :
3143 4073 3344 4143 Dicite,
3368 4057 3567 4149 inquit,
3610 4082 3716 4135 Ar-

2121 4151 2307 4222 chippo
2334 4168 2354 4207 :
2395 4153 2537 4208 Vide.
2572 4156 2686 4213 [loc
2714 4160 2937 4215 verbum
2987 4179 3201 4233 semper
3226 4177 3307 4223 est
3333 4172 3582 4226 terrentis
3612 4191 3625 4227 :
3658 4183 3717 4229 ut

2119 4242 2333 4311 quando
2362 4244 2525 4311 dicit,
2558 4245 2735 4302 Videte
2760 4267 2913 4305 canes
2942 4251 3201 4326 (Philipp.
3226 4257 3279 4311 5.
3307 4257 3364 4330 2)
3388 4277 3401 4313 :
3440 4259 3614 4316 Videte
3652 4280 3720 4317 ne

2119 4333 2231 4403 quis
2258 4349 2343 4389 vos
2365 4337 2569 4391 seducat
2593 4354 2612 4393 :
2651 4338 2828 4396 Videte
2854 4361 2915 4397 ne
2936 4346 3106 4412 aliquo
3132 4348 3283 4403 modo
3306 4351 3406 4405 ista
3447 4363 3612 4407 vestra
3652 4356 3714 4408 li-

2119 4423 2284 4519 bertas
2311 4428 2373 4482 sit
2390 4426 2754 4495 offendiculum
2774 4434 2991 4503 infirmis
3015 4438 3148 4510 (Col.
3176 4441 3230 4495 2.
3250 4442 3306 4498 8.
3339 4443 3393 4499 1.
3413 4442 3531 4500 Cor.
3552 4446 3605 4502 8.
3633 4447 3714 4519 9).

2123 4517 2191 4571 Et
2220 4532 2435 4589 semper
2458 4520 2536 4577 sic
2562 4521 2694 4579 dicit
2725 4529 2943 4596 quando
2966 4539 3156 4587 terret.
3188 4532 3345 4603 Vide,
3376 4534 3585 4608 inquit,
3620 4517 3718 4593 mi-

2122 4611 2386 4667 nisterium
2416 4616 2554 4683 quod
2584 4619 2828 4689 accepisti
2857 4622 2914 4675 in
2943 4621 3199 4694 Domino,
3228 4637 3281 4682 ut
3322 4629 3455 4684 illud
3481 4631 3718 4701 impleas.

2121 4702 2306 4774 Neque
2326 4705 2455 4760 sinit
2481 4721 2607 4762 eum
2629 4723 2752 4766 esse
2778 4711 3059 4769 dominum
3086 4758 3101 4783 ,
3136 4718 3275 4773 sicut
3322 4719 3438 4790 ipse
3462 4721 3716 4777 dicebat:

2124 4799 2186 4853 Si
2212 4800 2344 4853 enim
2371 4800 2541 4856 volens
2582 4802 2678 4858 hoc
2704 4806 2840 4876 facio
2864 4847 2879 4871 ,
2933 4810 3211 4864 mercedem
3238 4811 3438 4878 habeo;
3477 4815 3523 4869 si
3548 4824 3717 4869 autem

2125 4889 2311 4945 invitus
2332 4934 2347 4959 ,
2381 4893 2700 4962 dispensatio
2726 4898 2851 4949 mihi
2898 4909 2971 4951 est
3014 4900 3212 4953 credita
3257 4902 3337 4972 (1.
3358 4903 3475 4959 Cor.
3508 4905 3565 4963 9.
3604 4906 3714 4978 17).

2130 4983 2197 5039 Ut
2219 4986 2385 5055 ipsum
2410 4987 2624 5056 impleas
2654 5003 2673 5042 .'
2702 5003 2917 5059 semper
2937 4992 3117 5046 studio
3142 5001 3299 5048 utens
3329 5012 3342 5048 :
3380 4995 3531 5061 Quod
3572 5014 3718 5051 acce-

2127 5079 2244 5149 pisti
2272 5080 2325 5132 in
2351 5078 2587 5133 Domino.
2621 5080 2827 5136 Rursus
2856 5082 3011 5149 illud,
3045 5085 3120 5149 in,
3148 5094 3250 5151 est,
3286 5102 3381 5157 per
3408 5087 3713 5143 Dominum.

2128 5169 2245 5240 lpse
2274 5171 2367 5225 tibi
2400 5170 2565 5235 dedit,
2599 5188 2704 5226 non
2733 5187 2854 5230 nos.
2890 5175 2953 5228 Et
2980 5175 3102 5231 illos
3131 5177 3179 5232 ei
3211 5177 3429 5247 subjicit
3454 5219 3470 5246 ,
3499 5179 3718 5249 quando

2128 5261 2363 5319 ostendit
2388 5262 2440 5317 id
2480 5263 2579 5331 ipsi
2631 5263 2794 5320 fuisse
2845 5266 3101 5321 traditum
3129 5282 3158 5321 a
3190 5268 3436 5324 Domino.
3468 5268 3720 5324 Memores

2128 5364 2281 5409 estote
2300 5354 2613 5411 vinculorum
2633 5372 2879 5414 meorum.
2901 5355 3079 5411 Gratia
3098 5357 3369 5414 vobiscum.
3396 5358 3575 5413 Amen.
3600 5359 3718 5414 Sol-

2131 5448 2210 5500 vit
2241 5455 2461 5501 metum.
2494 5446 2605 5501 Etsi
2633 5448 2775 5503 enim
2818 5448 3007 5504 doctor
3035 5458 3117 5505 est
3159 5448 3214 5504 in
3240 5449 3497 5515 vinculis,
3548 5451 3719 5521 gratia

2133 5547 2309 5593 tamen
2350 5554 2472 5594 eum
2500 5539 2677 5594 solvit.
2700 5539 2768 5596 Et
2815 5540 2917 5596 hoc
2944 5556 3161 5612 quoque
3199 5550 3284 5597 est
3334 5543 3520 5612 gratiae
3542 5585 3559 5611 ,
3585 5558 3716 5599 con-

2131 5629 2326 5685 cedere
2345 5638 2399 5685 ut
2422 5631 2535 5699 ipse
2558 5630 2767 5686 vinctus
2799 5648 2814 5685 :
2844 5631 2971 5687 audi
3000 5632 3145 5688 enim
3176 5631 3376 5687 Lucam
3408 5633 3678 5689 dicentem
3703 5650 3718 5688 :

2134 5722 2528 5778 Revertebantur
2545 5725 2767 5795 apostoli
2792 5742 2826 5781 a
2846 5726 2978 5796 facie
2999 5725 3206 5780 concilii
3241 5727 3523 5797 gaudentes
3540 5768 3555 5794 ,
3584 5740 3725 5798 quod

2135 5815 2276 5887 digni
2301 5825 2462 5872 essent
2492 5817 2649 5873 habiti
2679 5836 2773 5891 pro
2800 5818 3001 5875 nomine
3026 5819 3188 5887 ipsius
3216 5818 3579 5876 contumeliam
3606 5822 3726 5893 pati
