4140 6488
441 348 548 406 585

444 468 580 537 (Act.
612 468 665 522 5.
703 468 815 540 tl).
852 468 1065 524 Revera
1091 467 1233 523 enim
1253 467 1475 538 dignum
1502 480 1626 522 esse
1653 464 1891 520 habitum
1920 470 2023 528 est,

441 570 495 612 et
526 561 911 615 contumeliam
939 575 1059 616 esse
1083 575 1300 632 passum
1333 600 1348 624 ,
1373 569 1429 615 et
1458 559 1692 614 vinctum
1729 571 1873 613 esse.
1897 553 2030 611 Nam

443 651 490 703 si
517 651 607 720 qui
637 661 782 706 amat
809 653 1134 721 quempiam,
1167 652 1376 707 lucrum
1405 665 1526 707 esse
1552 659 1702 722 putat
1734 650 1778 704 si
1813 657 2032 719 propter

442 751 678 794 amatum
714 757 901 812 passus
930 743 1020 804 sit,
1073 743 1241 796 multo
1271 743 1438 812 magis
1469 752 1690 814 propter
1731 741 2026 796 Christum.

515 832 714 887 Paulus
754 834 1040 904 exemplum
1083 835 1326 888 virtutum
1372 834 1621 888 omnium.
1649 863 1720 872 —
1767 831 1845 887 Ne
1900 846 2030 901 ergo

441 939 583 993 wgre
611 923 843 980 feramus
881 923 1202 980 afﬂictiones
1230 935 1448 995 propter
1467 925 1765 988 Christum,
1797 922 1889 978 sed
1911 923 2029 975 vin-

443 1015 685 1070 culorum
717 1015 867 1071 Pauli
910 1032 1006 1071 nos
1057 1032 1272 1087 quoque
1298 1018 1466 1071 simus
1496 1029 1802 1080 memores;
1841 1023 1894 1068 et
1927 1015 2028 1067 hoc

447 1109 520 1162 sit
561 1107 715 1162 nobis
739 1108 1061 1164 adhortatio.
1094 1108 1254 1164 Verbi
1285 1109 1474 1179 gratia,
1519 1107 1712 1163 suades
1736 1105 2020 1176 aliquibus,

441 1208 501 1253 ut
551 1201 874 1269 pauperibus
901 1200 1028 1256 dent
1059 1211 1276 1271 propter
1315 1200 1625 1255 Christum?
1680 1197 2026 1253 reminiscere

439 1291 778 1345 vinculorum
812 1293 961 1347 Pauli
987 1333 1002 1359 ,
1031 1302 1084 1347 et
1113 1301 1165 1346 te
1193 1302 1246 1348 et
1276 1291 1396 1347 illos
1428 1290 1708 1360 pronuntia
1753 1290 1980 1343 miseros
2005 1328 2021 1354 ,

441 1381 488 1434 si
518 1381 604 1434 ille
631 1381 844 1452 quidem
869 1391 925 1437 et.
941 1397 1132 1452 corpus
1152 1381 1299 1437 dedit
1327 1381 1555 1435 vinculis
1582 1388 1796 1450 propter
1823 1380 2015 1448 ipsum,

447 1480 505 1526 tu
552 1481 730 1526 autem
761 1489 828 1527 ne
878 1473 1052 1527 cibum
1097 1472 1309 1542 quidem
1350 1472 1692 1542 impertiaris.
1721 1470 2013 1525 Extolleris

439 1572 657 1633 propter
686 1564 822 1617 bona
867 1564 1074 1633 opera?
1126 1563 1416 1618 recordare
1457 1563 1790 1618 vinculorum
1833 1562 2020 1628 Pauli,

435 1665 491 1709 ct
515 1653 657 1725 quod
688 1653 818 1708 nihil
849 1653 952 1709 tale
980 1655 1054 1708 sis
1103 1669 1289 1725 passus
1311 1695 1324 1719 ,
1353 1669 1452 1709 nec
1497 1655 1634 1708 ultra
1666 1663 1716 1708 te
1773 1651 2019 1707 extolles.

439 1749 581 1802 [toria
632 1747 859 1818 proximi
922 1745 1318 1817 concupivisti?
1366 1755 1636 1802 memento
1685 1745 2021 1800 vinculorum

435 1841 622 1906 Pauli,
655 1849 709 1894 et
759 1839 962 1895 videbis
999 1855 1158 1909 quam
1191 1840 1259 1893 sit
1288 1838 1578 1894 absurdum
1623 1839 1773 1892 illum
1806 1835 2021 1906 quidem

434 1947 554 1986 esse
583 1935 636 1985 in
666 1931 912 1998 vinculis,
946 1941 996 1985 te
1022 1942 1201 1985 autem
1234 1931 1287 1985 in
1315 1929 1544 1986 deliciis.
1571 1930 1777 1984 Rursus
1797 1927 2023 1983 delicia-

433 2039 550 2079 rum
580 2023 780 2079 teneris
805 2023 1120 2079 desiderio?
1154 2024 1246 2078 tibi
1277 2023 1457 2078 veniat
1489 2026 1540 2078 in
1567 2031 1804 2078 mentem
1835 2036 2024 2076 carcer

433 2116 582 2172 Pauli
616 2135 629 2171 :
667 2131 725 2172 es
757 2117 901 2172 illius
926 2116 1245 2187 discipulus,
1281 2131 1339 2170 es
1371 2115 1510 2171 illius
1533 2115 1850 2170 commilito.
1879 2114 2024 2181 Quo-

432 2209 595 2264 modo
611 2217 693 2263 est
718 2208 911 2263 rationi
935 2217 1380 2274 consentaneum,
1408 2217 1466 2264 ut.
1483 2208 1778 2263 commilito
1805 2207 2018 2277 quidem

431 2301 500 2354 sit
529 2299 580 2353 in
601 2299 845 2363 vinculis,
869 2301 933 2354 'tu
962 2311 1142 2354 autem
1173 2299 1226 2353 in
1258 2298 1498 2354 deliciis?
1520 2299 1594 2354 Es
1624 2299 1675 2352 in
1708 2299 2017 2365 alﬂictione,

428 2391 706 2446 existimas
753 2399 804 2446 te
847 2405 970 2446 esse
997 2391 1313 2446 derelictum
1339 2392 1366 2445 ?
1403 2390 1528 2446 audi
1553 2390 1715 2447 verba
1748 2391 1893 2445 Pauli
1920 2435 1934 2456 ,
1965 2401 2018 2446 et

430 2483 639 2539 videbis
664 2482 808 2554 quod
854 2497 976 2538 esse
1031 2484 1087 2537 in
1116 2482 1448 2548 afﬂictione,
1483 2499 1592 2567 npn
1640 2491 1723 2538 est
1764 2483 2018 2538 indicium

432 2575 820 2631 derelictionis.
851 2575 940 2631 Vis
969 2587 1145 2632 vestes
1174 2575 1314 2633 ferre
1336 2577 1572 2632 sericas?
1602 2577 1888 2634 recordare
1905 2579 2020 2633 vin-

426 2671 671 2723 culorum
705 2668 874 2736 Pauli,
908 2677 963 2724 et
991 2685 1052 2724 ea
1082 2669 1407 2724 videbuntur
1437 2670 1625 2724 viliora
1664 2671 1854 2739 pannis
1901 2685 2020 2726 sor-

430 2760 572 2816 didis
618 2769 672 2816 et
699 2761 954 2824 emnosis.
981 2760 1074 2816 Vis
1116 2761 1294 2815 aureis
1328 2761 1521 2815 indui?
1553 2761 1645 2815 tibi
1700 2763 1919 2818 veniant
1962 2763 2016 2818 in

431 2861 671 2907 mentem
702 2851 913 2907 vincula
946 2851 1118 2917 Pauli,
1153 2861 1208 2907 et
1236 2851 1404 2907 nihilo
1437 2851 1530 2906 tibi
1549 2852 1876 2909 videbuntur
1905 2870 2014 2910 me-

431 2943 566 2998 liora
597 2958 742 3008 esse,
768 2958 928 3013 quam
961 2952 1116 2998 vetus
1143 2943 1360 3014 juncus.
1402 2944 1490 2999 Vis
1529 2945 1753 3014 capillos
1779 2962 1976 3003 ornare
1998 2988 2014 3012 ,

424 3044 481 3090 et
500 3035 666 3089 videri
695 3034 948 3105 pulchra?
971 3035 1144 3106 cogita
1173 3036 1477 3106 squalorem
1507 3037 1654 3092 Pauli
1686 3040 1735 3093 in
1767 3055 2011 3108 carcere,

423 3139 478 3184 et
517 3128 584 3183 ad
616 3129 759 3183 illam
808 3129 1117 3184 accenderis
1159 3128 1608 3200 pulchritudinem
1631 3173 1645 3198 ,
1675 3141 1729 3187 et
1757 3131 1860 3187 hoc
1901 3135 2016 3188 exi-

426 3221 670 3278 stimabis
688 3236 806 3277 esse
829 3221 1246 3290 deformitatem,
1265 3232 1426 3293 atque
1448 3225 1643 3280 acriter
1669 3226 2010 3295 ingemisccs,

428 3316 519 3369 illa
553 3315 760 3370 vincula
789 3315 1032 3385 cupiens.
1053 3313 1146 3369 Vis
1174 3318 1328 3371 tritos
1361 3315 1512 3371 fucos
1537 3327 1592 3372 et
1619 3317 1885 3388 pigmenta
1918 3319 2010 3374 tibi

425 3409 643 3477 illinire,
669 3418 726 3464 et
745 3407 974 3462 similia?
1005 3409 1178 3478 cogita
1202 3407 1347 3464 illius
1379 3408 1644 3478 lacrymas
1671 3428 1684 3464 :
1720 3411 2010 3466 triennium

425 3511 588 3557 noctu
638 3511 693 3556 et
735 3500 827 3557 diu
873 3515 978 3556 non
1009 3500 1255 3556 cessabat
1286 3499 1433 3557 ﬂere.
1467 3501 1579 3558 lloc
1630 3505 1836 3559 mundo
1879 3519 2010 3560 orna

421 3605 541 3650 tuas
565 3610 729 3665 genas
762 3611 775 3649 :
812 3593 894 3649 ha:
925 3593 1179 3666 lacrymtc
1228 3593 1349 3649 illas
1391 3593 1623 3649 reddunt
1671 3595 2006 3666 splendidas.

421 3686 538 3742 Non
569 3686 692 3742 dico
743 3696 800 3741 ut
844 3701 941 3756 pro
971 3686 1090 3740 aliis
1119 3683 1284 3749 ﬂeas;
1314 3685 1436 3740 volo
1483 3686 1735 3755 quidem,
1765 3687 1858 3742 sed
1907 3687 2009 3742 hoc

419 3793 502 3836 εει
531 3788 584 3833 te
610 3779 803 3844 altius;
833 3793 1019 3832 verum
1042 3777 1242 3831 suadeo
1280 3788 1334 3831 ut
1366 3777 1468 3833 hoc
1498 3778 1658 3833 facias
1689 3796 1785 3848 pro
1818 3795 2009 3849 pecca-

419 3873 486 3925 tis
517 3869 865 3926 tuisJussisti
889 3870 1074 3923 vinciri
1105 3884 1350 3937 puerum,
1371 3880 1423 3924 et
1453 3870 1585 3925 irata
1607 3870 1708 3926 es?
1735 3881 2006 3927 memento

418 3963 754 4018 vinculorum
781 3962 950 4028 Pauli,
982 3970 1035 4017 et
1061 3963 1239 4018 statim
1270 3963 1426 4018 sistes
1456 3965 1624 4018 iram:
1656 3965 2006 4021 reminiscere

417 4069 517 4108 nos
556 4069 676 4109 esse
732 4069 799 4108 ex
845 4054 910 4107 iis
968 4054 1057 4124 qui
1117 4055 1279 4109 vincti
1333 4064 1497 4121 sunt,
1555 4071 1660 4110 non
1711 4071 1775 4111 ex
1819 4056 1884 4112 iis
1913 4059 2002 4127 qui

413 4145 700 4211 vinciunt;
760 4160 824 4199 ex
871 4145 937 4200 iis
992 4147 1082 4216 qui
1157 4156 1281 4201 sunt
1345 4147 1560 4200 contriti
1637 4148 1838 4213 corde,
1894 4165 2002 4205 non

411 4247 595 4292 autem
651 4253 716 4293 ex
767 4237 831 4292 iis
888 4237 977 4308 qui
1024 4247 1331 4294 conterunt.
1385 4237 1582 4294 Diffusa
1641 4256 1744 4308 es,
1783 4252 1837 4296 et
1889 4259 2003 4298 ma-

413 4343 574 4398 gnum
603 4327 816 4384 edidisti
849 4329 1211 4385 cachinnum?
1259 4330 1354 4386 tibi
1399 4331 1620 4387 veniant
1659 4333 1711 4388 in
1763 4345 1996 4391 mentem

412 4420 555 4474 illius
598 4419 794 4487 ﬂetus,
840 4430 895 4476 et
950 4422 1317 4492 ingemisces:
1360 4423 1526 4477 multo
1577 4424 1996 4493 splendidiorem

409 4520 462 4566 te
487 4511 718 4567 reddunt
746 4512 830 4568 ha:
875 4513 1147 4585 lacrymze.
1182 4513 1378 4568 Vidisti
1409 4529 1468 4570 se
1497 4515 1706 4573 deliciis
1734 4517 1998 4578 dedentes

405 4613 461 4658 et
485 4605 773 4662 saltantes?
801 4605 1086 4661 recordare
1109 4606 1225 4676 eius
1248 4606 1629 4678 lacrymarum.
1663 4610 1742 4664 Ex
1763 4626 1996 4682 quonam

405 4693 553 4751 fonte
584 4705 728 4750 tanta
773 4707 1093 4752 emanarunt
1138 4696 1336 4752 ﬂuenta
1367 4740 1382 4766 ,
1413 4708 1470 4753 ut
1513 4714 1580 4754 ex
1630 4701 1774 4756 illius
1824 4705 1998 4761 oculis

407 4787 694 4860 lacrymae?
719 4788 970 4844 Mentore:
997 4799 1172 4857 estote,
1189 4789 1380 4862 inquit,
1401 4793 1744 4864 lacrymarum
1770 4813 1997 4853 mearum

403 4879 752 4953 (Act.20.'5t),
785 4883 922 4938 sicut
949 4883 1034 4938 hic
1064 4884 1420 4940 vinculorum.
1450 4886 1517 4941 Et
1547 4890 1739 4944 merito
1758 4891 1864 4946 illis
1882 4891 1996 4949 haec

402 4971 637 5041 dicebat,
658 4990 779 5028 cum
803 4990 897 5030 eos
920 4975 1131 5047 Epheso
1155 4977 1392 5034 Miletum
1422 4982 1812 5040 accersivisset.
1842 4986 1996 5043 Dice-

399 5063 491 5119 bat
510 5066 652 5121 enim
682 5067 991 5124 doctoribus
1017 5087 1032 5136 ;
1061 5071 1128 5126 ab
1145 5072 1488 5143 illiquuidem
1508 5076 1728 5146 exigens
1748 5079 1909 5134 etiam
1937 5090 1994 5137 ut

397 5168 744 5228 congregem,
775 5160 844 5216 ab
875 5159 955 5216 his
986 5171 1165 5218 autem
1191 5163 1362 5219 solum
1395 5174 1454 5220 ut
1477 5168 1714 5237 pericula
1743 5171 1988 5229 subeant.

473 5251 529 5305 5.
554 5251 850 5318 Quemnam
882 5254 1082 5309 fontem
1111 5256 1192 5310 vis
1207 5271 1522 5326 comparare
1544 5275 1668 5314 cum
1706 5261 1788 5316 his
1815 5263 1989 5335 lacry-

397 5343 542 5397 mis?
571 5357 768 5399 eumne
794 5346 882 5415 qui
915 5356 1032 5401 erat
1070 5348 1124 5402 in
1175 5349 1440 5417 paradiso,
1467 5351 1558 5420 qui
1590 5351 1848 5422 irrigabat
1872 5355 1990 5409 urti-

398 5451 606 5492 versam
652 5438 892 5492 terram?
921 5438 1026 5494 Sed
1071 5438 1204 5493 nihil
1255 5440 1401 5496 dices
1427 5443 1635 5511 aequale
1668 5464 1682 5499 :
1715 5443 1800 5499 hic
1842 5445 1985 5500 enim

395 5527 515 5582 fons
562 5530 915 5601 lacrymarum
953 5531 1161 5585 animas
1214 5531 1492 5602 irrigabat,
1523 5549 1630 5589 non
1679 5545 1898 5591 terram.
1929 5538 1983 5593 Si

395 5621 662 5689 quispiam
690 5623 847 5680 nobis
896 5624 1196 5680 ostenderit
1236 5627 1461 5683 Paulum
1493 5628 1879 5702 lacrymantem
1931 5642 1986 5689 et

395 5721 736 5782 gementem,
764 5730 943 5770 annon
995 5717 1166 5773 multo
1209 5729 1351 5775 esset
1381 5721 1574 5778 melius
1601 5738 1724 5778 cum
1755 5725 1941 5782 videre
1965 5769 1980 5794 ,

393 5815 554 5870 quam
587 5804 1007 5866 innumerabiles
1033 5809 1228 5868 choros
1255 5813 1530 5885 eleganter
1555 5825 1608 5872 et
1645 5817 1793 5893 belle
1819 5834 1977 5878 coro-

1239 349 1295 410 S.
1336 348 1615 408 JOANNlS
1652 342 2120 402 CllllY‘SOS'l'Oill
2162 346 2476 407 ABCIIIEP.
2517 337 3048 418 CONSTANTlNOP.

3622 365 3726 423 58'1

2143 471 2296 520 natos
2323 467 2347 522 ?
2394 468 2470 525 De
2497 471 2650 530 vobis
2679 489 2786 532 non
2814 478 3008 550 loquor
3035 499 3048 536 :
3085 480 3202 537 sed‘
3233 483 3278 538 si
3306 485 3427 555 quis
3455 501 3484 540 a
3515 488 3724 543 theatro

2138 563 2248 648 et'a
2273 571 2435 614 scena
2469 561 2700 622 abducto
2729 567 3309 637 aliquo-iucontinente
3351 585 3407 632 et
3431 577 3722 648 impudicio,

2136 647 2225 716 qui
2251 662 2435 706 amore
2459 667 2748 725 corporum
2779 659 2971 732 ﬂagret
2995 671 3051 719 et
3073 664 3383 734 b’acchetur,
3417 647 3726 726 ostenderet

2136 738 2365 832 puellam
2396 743 2654 816 virginem
2681 750 2734 804 in
2763 751 2883 822 ipso
2901 753 3036 812 ﬂore
3063 759 3256 826 aetatis,
3291 769 3346 816 et
3373 777 3492 832 qua:
3523 779 3644 818 cum
3671 766 3722 820 in

2136 827 2256 884 aliis
2300 845 2519 903 superet
2543 841 2780 910 aequales
2804 884 2820 909 ,
2849 854 2904 901 et
2932 849 3080 903 vultu
3109 850 3229 919 plus
3258 827 3417 922 quam
3466 856 3726 912 membris

2134 922 2361 1013 creteris,
2405 934 2475 980 et'
2502 943 2621 996 qua:
2663 939 2876 990 teneros
2922 938 3217 1010 mollesque
3259 941 3452 1000 habeat
3497 947 3724 1013 oculos,

2134 1007 2327 1101 leniter
2369 1014 2666 1076 insidentes
2688 1063 2703 1089 ,
2754 1023 2947 1081 leniter
2973 1043 3033 1084 se
3064 1007 3338 1088 volventes
3364 1075 3380 1101 ,
3413 1034 3677 1093 ﬂexibiles

2133 1099 2313 1167 mites,
2345 1118 2594 1177 serenos,
2624 1111 2984 1186 subridentes,
3017 1120 3187 1175 multo
3219 1099 3424 1192 pudore
3453 1131 3724 1199 composi;

2134 1197 2218 1245 tos
2253 1201 2308 1248 et
2335 1197 2498 1252 multa
2540 1202 2749 1271 gratia;
2781 1206 2948 1278 nigris
2982 1211 3252 1281 palpebris
3290 1215 3498 1274 inferne
3524 1197 3593 1275 et
3628 1236 3721 1275 su-

2133 1296 2297 1379 perne
2312 1285 2684 1361 sit'eoronata,
2713 1305 2768 1351 et
2782 1299 3093 1370 animatam,
3119 1313 3178 1360 ut
3203 1306 3276 1361 ita
3301 1307 3500 1379 dicam,
3526 1311 3720 1368 habent

2131 1375 2384 1474 pupillam
2409 1420 2424 1444 ,
2455 1382 2677 1440 nitidam
2721 1387 2996 1451 frontem:
3035 1394 3244 1453 inferne
3289 1375 3493 1457 autem
3519 1420 3708 1474 genam

2130 1465 2197 1520 ad
2226 1472 2545 1528 concinnum
2579 1478 2829 1536 ruborem
2878 1485 3200 1556 venientem,
3234 1491 3404 1549 instar
3433 1501 3716 1553 marmoris

2131 1649 2351 1752 Paulum
2383 1656 2790 1733 lacrymantem,
2823 1683 2885 1722 ea
2917 1668 3136 1728 dimissa
3164 1675 3231 1730 ad
3255 1677 3432 1747 ipsum
3462 1691 3715 1752 spectan-

2129 1740 2254 1797 dum
2312 1747 2583 1805 exsilirem
2619 1754 2725 1810 :ab
2756 1758 2872 1828 ejus
2914 1762 3057 1817 enim
3109 1740 3297 1822 oculis.
3339 1740 3720 1841 resplendcbat

2129 1835 2476 1932 pulchritudo
2518 1845 2837 1912 spiritualis.
2869 1850 3002 1906 Nam
3065 1855 3150 1910 illa
3205 1835 3714 1932 quidem-juventam

2128 1928 2286 1999 erigit
2309 1933 2540 2002 animos,
2566 1940 2920 2013 accenditque
2943 1953 2995 1999 et
3024 1949 3158 2012 urit;
3181 1928 3294 2006 haec
3319 1928 3498 2009 autem
3528 1965 3717 2012 contra

2127 2022 2451 2090 comprimit.
2480 2025 2649 2097 llujus
2679 2032 2792 2102 qui‘
2825 2035 2969 2091 videt
3013 2039 3232 2110 oculos,
3264 2045 3477 2100 oculum
3524 2049 3717 2103 anima:

2127 2111 2294 2166 etlicit
2323 2115 2712 2188 pulchriorem,
2751 2133 2993 2182 ventrem
3025 2133 3348 2202 comprimit,
3377 2138 3549 2206 replet
3595 2141 3730 2208 plti-~

2127 2202 2369 2274 1050phia
2399 2219 2454 2264 et
2485 2213 2648 2268 multa
2697 2220 3189 2292 commiseratione,
3217 2235 3271 2281 et
3319 2227 3715 2287 adamantinam

2125 2298 2340 2354 mollire
2363 2309 2538 2370 potest
2557 2305 2810 2363 animam.
2828 2310 2919 2365 llis
2942 2313 3192 2386 lacrymis
3220 2319 3422 2389 rigatur
3451 2322 3711 2390 Ecclesia,

2127 2385 2210 2442 his
2243 2390 2555 2458 plantantur
2583 2397 2798 2454 animae.
2821 2402 3040 2459 Etiamsi
3060 2385 3140 2461 lsit
3165 2385 3322 2479 ignis,
3354 2411 3435 2466 ha:
3464 2413 3715 2486 la’crymr.

2125 2492 2349 2548 possunt
2378 2486 2752 2558 exstinguere,
2796 2503 2851 2547 et
2891 2497 3205 2553 sensibilem
3234 2511 3290 2556 et
3333 2507 3666 2573 corporalem
3697 2526 3709 2560 :

2126 2571 2209 2626 ba:
2234 2573 2485 2648 lacrymae
2510 2582 2731 2651 sagittas
2758 2585 3200 2658 maligni'ignitas
3222 2571 3586 2667 exstinguunt.
3609 2598 3717 2653 ille-

2123 2664 2440 2724 minerimus
2486 2685 2614 2743 ergo
2659 2674 2776 2745 ejus
2825 2676 3183 2750 lacrymarum
3210 2725 3225 2751 ,
3267 2693 3323 2740 et
3371 2664 3714 2744 irridchimus

2123 2759 2304 2814 omnia
2336 2765 2640 2830 prtesentia.
2673 2765 2781 2823 Has
2811 2768 3076 2843 lacrymas
3099 2773 3346 2832 Christus
3375 2778 3558 2835 beatas
3589 2797 3713 2850 pro-

2125 2853 2428 2922 nuntiabat,
2461 2856 2671 2923 dicens,
2703 2858 2851 2914 Beati
2871 2865 2958 2930 qui
2985 2865 3181 2935 lugent,
3213 2878 3259 2922 et
3279 2868 3412 2923 beati
3435 2873 3522 2939 qui
3545 2875 3668 2942 ﬂent
3693 2916 3707 2940 ,
3729 2922 3742 2929 -

2120 2945 2362 3010 quoniam
2415 2946 2518 3015 ipsi
2567 2949 2800 3005 ridebunt
2827 2951 2848 3026 (
2867 2952 3056 3008 Matth.
3083 2957 3136 3012 5.
3164 2959 3252 3028 5)..
3286 2959 3393 3016 Has
3446 2962 3710 3035 lacrymas

2122 3035 2442 3090 emittebant
2470 3046 2525 3092 et
2552 3037 2718 3096 Isaias
2741 3049 2794 3097 et
2826 3042 3109 3101 Jeremias.
3141 3050 3204 3103 Et
3237 3051 3325 3106 ille
3374 3054 3589 3123 quidem
3622 3058 3728 3110 di--

2121 3125 2281 3183 cebat
2305 3169 2320 3194 ,
2358 3129 2610 3187 Dimittite
2658 3152 2737 3189 me
2759 3178 2773 3202 ,
2802 3137 2933 3206 ﬂebo
2977 3157 3152 3196 mnare
3203 3143 3353 3215 (lsai.
3380 3146 3471 3202 22.
3494 3149 3549 3218 4)
3580 3168 3593 3205 :
3625 3151 3726 3207 hic.

2119 3230 2300 3274 autem
2328 3220 2574 3281 dicebat,
2605 3225 2733 3292 Quis
2762 3229 2901 3283 dabit
2922 3233 3079 3301 capiti
3105 3251 3215 3289 meo
3242 3253 3446 3307 aquam,
3479 3251 3524 3295 et
3545 3244 3707 3296 oculis

2118 3311 2243 3366 meis
2269 3313 2436 3381 fontes
2476 3315 2818 3387 lacrymarum
2848 3321 2981 3392 (Jer.
3005 3323 3059 3380 9.
3090 3325 3140 3398 1)
3163 3327 3188 3383 ?
3210 3343 3271 3384 ac
3324 3331 3368 3385 si
3417 3349 3524 3388 non
3554 3336 3729 3391 sufli-—
3777 3392 3787 3400 ,

2117 3400 2224 3457 ciat
2252 3403 2370 3458 fons
2397 3409 2674 3465 naturalis.
2703 3411 2845 3468 Nihil
2876 3424 2956 3470 est
2989 3415 3073 3471 his
3101 3418 3352 3492 lacrymis
3373 3423 3659 3494 jucundius
3692 3448 3705 3484 :

2117 3496 2309 3562 qhovis
2337 3498 2446 3552 risu
2470 3509 2593 3555 sunt
2622 3501 2705 3557 ha:
2741 3503 3114 3573 jucundiores.
3143 3511 3329 3568 Sciunt
3357 3517 3445 3586 qui
3477 3518 3661 3589 lugent
3685 3562 3722 3586 ,.

2118 3595 2374 3654 quantam
2403 3589 2518 3645 haec
2560 3607 2648 3647 res
2691 3592 2884 3651 habeat
2923 3602 3369 3659 consolationem.
3397 3605 3475 3662 Ne
3514 3610 3704 3665 existi-

2117 3692 2326 3733 memus
2357 3696 2472 3736 rem
2502 3697 2624 3739 esse
2652 3685 3068 3758 deprecandam,
3102 3691 3197 3748 scd
3224 3696 3384 3751 etiam
3417 3699 3572 3755 valde
3601 3717 3703 3772 op-

2119 3769 2354 3824 tandam.
2392 3771 2506 3827 Non
2535 3775 2695 3830 utalii
2725 3789 2969 3849 peccent,
2995 3783 3088 3838 sed
3118 3795 3173 3838 ut
3203 3785 3331 3856 ipsis
3357 3769 3702 3857 peccantibus

2115 3877 2214 3917 nos
2266 3872 2646 3935 conteramur,
2695 3869 2885 3927 harum
2932 3876 3280 3933 recordemur
3311 3882 3698 3955 lacrymarum,

2114 3954 2309 4011 horum
2339 3959 2697 4017 vinculorum.
2731 3964 2874 4036 Ergo
2897 3977 2949 4023 et
2975 3984 3136 4041 super
3163 3973 3369 4030 vincula
3401 3954 3697 4038 descende-

2114 4050 2241 4104 bant
2272 4051 2525 4124 lacrytnac
2559 4071 2572 4107 :
2607 4071 2726 4126 quae
2775 4068 2953 4116 autem
3005 4079 3072 4118 ex
3101 4066 3326 4124 vinculis
3355 4073 3646 4144 percipitur
3666 4118 3682 4143 ,

2111 4141 2440 4212 voluptatem
2482 4162 2587 4200 non
2643 4149 2856 4206 sinebat
2903 4156 3104 4212 sentire
3151 4174 3296 4215 mors
3349 4141 3575 4236 eorum,
3605 4141 3696 4240 qui

2109 4233 2377 4304 peribant,
2409 4237 2776 4296 vincientium.
2803 4242 2907 4299 Pro
2937 4246 3044 4302 illis
3065 4251 3262 4321 quippe
3289 4253 3506 4312 dolebat
3534 4233 3704 4317 :ﬁerat

2107 4324 2253 4379 enim
2278 4326 2570 4398 discipulus
2600 4329 2744 4386 illius
2789 4333 2878 4404 qui
2907 4334 3070 4392 ﬂebat
3122 4343 3430 4400 sacerdotes
3477 4346 3695 4406 Iudaeo-

2110 4433 2252 4486 rum,
2285 4434 2392 4473 non
2422 4421 2563 4490 quod
2594 4422 2770 4492 ipsum
2799 4437 2984 4483 essent
3014 4429 3066 4485 in
3115 4447 3329 4490 crucem
3357 4443 3563 4507 acturi,
3597 4443 3694 4498 sed

2106 4513 2250 4582 quod
2279 4513 2377 4585 ipsi
2398 4517 2656 4587 perirent.
2684 4519 2793 4577 Nec
2823 4522 2936 4593 ipse
2957 4527 3102 4582 solus
3131 4528 3232 4584 hoc
3254 4529 3402 4599 facit,
3420 4535 3514 4590 sed
3532 4537 3694 4593 etiam

2106 4607 2240 4663 alios
2260 4608 2340 4663 sic
2365 4609 2699 4680 exhortatur,
2723 4615 2929 4685 dicens,
2958 4617 3153 4688 Nolite,
3185 4623 3374 4694 inquit,
3393 4627 3518 4695 ﬂere
3540 4645 3694 4700 super

2104 4716 2185 4754 me
2208 4740 2223 4767 ,
2260 4700 2382 4770 filiw
2408 4703 2696 4760 Jerusalem
2721 4707 2873 4778 (Luc.
2902 4709 2992 4766 25.
3017 4711 3134 4783 28).
3161 4714 3427 4773 Viderunt
3470 4723 3691 4790 paradi-

2104 4807 2225 4850 sum
2254 4795 2342 4850 isti
2363 4797 2529 4866 oculi,
2561 4797 2816 4856 viderunt
2841 4803 3056 4860 tertium
3088 4807 3312 4876 caelum;
3343 4811 3436 4867 sed
3463 4829 3556 4869 eos
3581 4831 3692 4871 nou

2105 4897 2212 4944 tam
2242 4905 2442 4946 censeo
2484 4891 2672 4948 beatos
2702 4904 2922 4966 pr0pter
2950 4895 3054 4954 hoc
3092 4905 3458 4970 spectaculum
3480 4947 3499 4974 ,
3528 4924 3688 4979 quam

2103 4991 2320 5054 propter
2345 4982 2610 5054 lacrymas
2655 5001 2750 5056 per
2794 5003 2928 5058 quas
2956 4991 3207 5048 viderunt
3252 4996 3544 5054 Christum.
3577 5002 3691 5058 Hoc

2099 5077 2316 5148 quidem
2359 5092 2552 5133 revera
2578 5086 2662 5134 est
2711 5082 2929 5137 beatum
2960 5099 2974 5138 :
3005 5099 3126 5140 nam
3154 5087 3268 5156 ipse
3288 5104 3501 5162 quoque
3526 5092 3593 5150 de
3620 5110 3689 5150 eo

2098 5169 2377 5240 gloriatur,
2402 5171 2586 5226 dicens
2611 5189 2623 5225 :
2645 5169 2834 5226 Nonne
2845 5171 2876 5226 J
2883 5191 3022 5229 esum
3037 5175 3293 5233 Christum
3317 5179 3589 5239 Dominum
3603 5203 3692 5242 no-

2097 5260 2718 5332 strumvidi(l.Cor.9.l)
2744 5263 2767 5316 ?
2799 5265 2891 5319 sed
2920 5275 3002 5320 est
3022 5267 3230 5326 beatius
3259 5271 3331 5326 ita
3355 5272 3506 5331 ﬂere.
3540 5276 3686 5335 Illius

2097 5351 2386 5422 spectaculi
2434 5352 2587 5407 multi
2615 5353 2831 5408 fuerunt
2861 5357 3183 5427 participes;
3212 5370 3268 5416 et
3310 5377 3406 5419 eos
3453 5366 3545 5436 qui
3575 5383 3685 5424 non

2095 5444 2310 5500 fuerunt
2338 5446 2658 5515 participes,
2690 5461 2876 5502 rursus
2925 5449 3111 5506 beatos
3176 5458 3484 5524 pronuntiat
3531 5460 3685 5515 Clu-i-

2094 5546 2213 5594 stus
2237 5580 2250 5605 ,
2279 5538 2467 5594 dicens
2490 5579 2506 5606 ,
2533 5537 2681 5593 Beati
2723 5539 2812 5610 qui
2850 5557 2952 5596 non
3003 5544 3236 5599 viderunt
3285 5559 3331 5602 ct
3362 5552 3685 5609 crediderunt

2098 5634 2277 5706 (Joan.
2307 5632 2398 5689 20.
2426 5633 2522 5703 29)
2553 5651 2566 5687 :
2599 5632 2702 5689 hoc
2753 5643 2932 5691 autem
2986 5653 3101 5693 non.
3152 5641 3302 5696 multi
3354 5654 3493 5716 sunt,
3525 5632 3682 5702 assc-

2091 5727 2266 5797 quuti.
2291 5726 2348 5782 Si
2393 5727 2537 5782 enim
2583 5726 2673 5783 hic
2719 5743 2942 5787 manere
2973 5742 3195 5803 propter
3242 5734 3514 5792 Christum
3541 5781 3554 5805 ,
3597 5751 3698 5796 est.

2097 5817 2265 5890 magis
2294 5819 2656 5878 necessarium
2696 5836 2854 5893 quam
2881 5823 3104 5884 dissolvi
3155 5837 3209 5885 ut
3259 5829 3326 5889 sit
3365 5845 3487 5889 cum
3518 5833 3635 5907 ipso
3660 5869 3697 5905 ι,
