4140 6548
473 414 582 473 583

468 531 556 584 λιν
583 524 666 595 τδ,
703 523 828 596 Ἐν,
855 525 943 582 διὰ
963 525 1196 600 Κυρίου,
1227 529 1392 583 ἐστίν·
1415 529 1584 593 Αὐτός
1608 547 1690 582 σοι
1718 527 1940 592 ἔδωκεν,
1963 527 2062 595 οὐχ

466 620 652 690 ⁴ἡμεῖς.
712 617 1017 682 Κάκείνους
1074 617 1366 672 ὑποτάττει
1443 615 1612 687 αὐτῷ,
1662 614 1741 686 τῷ
1797 613 2064 668 δεικνύειν

467 707 621 780 παρά
661 706 800 761 Θεοῦ
839 706 1046 770 αὐτοὺς
1090 705 1590 780 ἐγκεχειρισμένων·
1642 699 2065 773 Μνημονεύετέ

463 817 582 868 μου
623 796 744 851 τῶν
797 794 1056 866 δεσμῶν.
1101 797 1176 851 'H
1222 795 1395 867 χάρις
1453 797 1582 866 μεθ’
1619 793 1809 865 ὑμῶν.
1851 790 2060 860 Ἀμήν.

466 887 573 940 Τόν
600 884 767 956 φόϐον
783 884 992 940 ἔλυσεν.
1017 885 1081 939 EE
1103 885 1212 956 γάρ
1232 885 1326 939 καὶ
1343 887 1370 938 6
1393 883 1711 946 διδάσκαλος
1731 884 1788 936 ὲν
1822 880 2059 952 δεσμοῖς,

467 975 582 1029 ἀλλ’
632 975 666 1046 ἡ
694 973 856 1045 χάρις
887 972 1052 1027 αὑτὸν
1100 973 1239 1026 λύει.
1272 973 1385 1026 Καὶ
1417 971 1574 1026 τοῦτο
1611 973 1710 1041 τῆς
1750 969 1971 1039 χάριτος
2000 966 2062 1019 τὸ

468 1064 776 1134 συγχωρεῖν
838 1061 1002 1115 αὐτὸν
1044 1061 1264 1132 δεθῆναι
1295 1078 1309 1093 ο
1359 1059 1522 1114 ἄκουε
1564 1057 1674 1128 γὰρ
1716 1055 1810 1110 τοῦ
1876 1055 2064 1109 Λουκᾶ

467 1151 738 1220 λέγοντος,
762 1149 844 1204 ὅτι
875 1148 1290 1220 Ὑπέστρεψαν
1312 1150 1367 1202 οί
1392 1147 1718 1202 ἀπόστολοι
1743 1142 1863 1198 ἀπὸ
1881 1155 2065 1211 προσ-

466 1237 634 1293 ώπου
700 1237 808 1293 τοῦ
849 1237 1176 1306 συνεδρίου
1204 1237 1521 1307 χαίροντες
1551 1233 1642 1287 ὅτι
1697 1227 2063 1298 κατηξιώθη-

473 1345 596 1383 σαν
619 1327 774 1395 ὑπὲρ
796 1324 904 1380 τοῦ
930 1326 1226 1396 ὀνόματος
1248 1323 1438 1381 αὐτοῦ
1465 1317 1886 1391 ἀτιμασθῆναι.
1916 1319 2064 1372 Κατ-

475 1415 778 1486 αξιωθῆναι
797 1413 907 1487 γὰρ
922 1415 1092 1478 ὅντως
1137 1414 1275 1480 ἐστὶ,
1297 1413 1391 1467 καὶ
1408 1413 1469 1465 τὸ
1493 1408 1863 1481 ἀτιμασθῆναι
1891 1406 2064 1461 καὶτὸ

476 1505 796 1577 δεθῆναι.Εί
813 1505 922 1576 γάρ
949 1503 1229 1576 ἐρώμενόν
1251 1521 1336 1568 τις
1363 1502 1524 1574 ἔχων,
1546 1500 1736 1572 κέρδος
1765 1498 1976 1570 ἡγεῖται
2001 1496 2063 1550 τὸ

467 1593 534 1647 δι’
553 1592 760 1647 ἐκεῖνόν
776 1609 827 1646 τι
850 1592 1065 1660 παθεῖν,
1093 1593 1271 1665 πολλῷ
1291 1591 1492 1663 μᾶλλον
1514 1590 1573 1643 τὺ
1587 1588 1677 1642 διὰ
1693 1587 1784 1642 τὸν
1804 1586 2060 1658 Χριστόν.

541 1681 635 1752 Μὴ
683 1681 864 1735 τοίνυν
928 1681 1294 1752 ἀσχάλλωμεν
1354 1683 1484 1751 περὶ
1539 1677 1638 1742 τὰς
1715 1675 1923 1746 θλίψεις
1974 1675 2064 1729 διὰ

467 1769 724 1842 Χριστὸν,
757 1770 896 1825 ἀλλά
949 1769 1384 1847 μνημονεύωμεν
1418 1769 1528 1822 τῶν
1556 1765 1773 1839 δεσμῶν
1840 1763 2060 1818 Παύλου

466 1861 561 1913 καὶ
593 1861 772 1931 ἡμεῖς,
802 1861 897 1914 καὶ
921 1858 1080 1913 τοῦτο
1109 1859 1249 1913 ἔστω
1268 1859 1426 1931 ἡμῶν
1455 1857 1765 1929 προτροπή·
1797 1849 1928 1922 οἷον,
1949 1871 2058 1908 πα-

468 1951 673 2019 ραινεῖς
693 1965 826 2012 τισι,
877 1949 1073 2020 πένησι
1104 1948 1404 2005 δοῦναιδιά
1436 1946 1672 2018 Χριστόν
1699 1961 1714 2012 ;
1752 1940 2074 2015 ἀνάμνησον

463 2035 664 2099 αὐτοὺς
695 2036 806 2090 τῶν
839 2036 1051 2091 Παύλου
1098 2036 1338 2108 δεσμῶν,
1371 2036 1471 2090 καὶ
1523 2033 1722 2088 σαυτὸν
1776 2031 2066 2094 κάκείνους

465 2122 779 2192 ταλάνισον,
808 2125 856 2178 εί
890 2125 1098 2187 ἐκεῖνος
1131 2124 1231 2196 μὲν
1258 2123 1442 2179 καὶτὸ
1495 2121 1655 2193 σῶμα
1687 2120 1920 2188 ἐξέδωκε
1976 2117 2066 2171 δε-

467 2214 627 2283 σμοῖς
657 2212 726 2266 δι⁹
751 2211 937 2277 αὑτὸν,
979 2213 1044 2266 σὺ
1073 2213 1131 2267 δὲ
1179 2211 1301 2266 οὐδὲ
1333 2213 1542 2283 τροφῆς
1585 2208 1902 2282 μεταδίδως.
1943 2207 2069 2260 Ἐπ-

464 2300 642 2373 ήρθης
686 2301 783 2354 ἐπὶ
822 2299 1252 2372 κατορθώμασι;
1295 2299 1668 2372 μνημόνευσον
1718 2295 1828 2351 τῶν
1853 2293 2065 2349 Παύλου

463 2389 703 2460 δεσμῶν,
732 2391 828 2443 καί
859 2389 1120 2444 ὃτιούδέν
1177 2389 1423 2443 τοιοῦτον
1472 2387 1692 2452 ἔπαθες,
1740 2385 1836 2439 καὶ
1880 2383 2066 2437 οὐκέτι

465 2477 780 2550 ἐπαρθήσῃ.
834 2477 1218 2549 Ἐπεθύμησας
1249 2476 1357 2530 τῶν
1388 2475 1484 2530 τοῦ
1528 2475 1790 2547 πλησίον;
1855 2471 2068 2546 μνημό-

463 2582 656 2620 νευσον
694 2565 804 2621 τῶν
838 2566 1056 2620 Παύλου
1088 2565 1328 2637 δεσμῶν,
1378 2566 1474 2619 καὶ
1500 2564 1620 2634 ὄψει
1682 2562 1799 2627 πῶς
1863 2562 2067 2615 ἄτοπον

464 2655 673 2710 ἐκεῖνον
740 2654 842 2726 μὲν
903 2657 963 2708 ἐν
1005 2653 1276 2717 κινδύνοις
1329 2650 1468 2708 εἶναι
1496 2693 1511 2719 ,
1568 2653 1629 2705 σὲ
1684 2651 1742 2705 δὲ
1829 2651 2064 2722 τρυφᾷν.

484 2743 877 2816 Ἐπεθύμησας
925 2742 1092 2797 πάλιν
1152 2741 1406 2814 τρυφῆς;
1460 2742 1519 2794 ἐν
1549 2739 1625 2811 νῷ
1679 2739 1814 2793 λάϐε
1845 2738 1906 2792 τὸ
1977 2739 2066 2791 δε-

471 2835 794 2906 σμωτήριον
844 2831 1060 2886 Παύλου
1089 2850 1104 2864 ·
1163 2830 1374 2885 ἐκείνου
1429 2829 1679 2901 μαθητὴς
1721 2825 1791 2895 εἴ,
1855 2826 2066 2881 ἐκείνου

474 2920 913 2993 συστρατιώτης.
957 2919 1083 2983 Πῶς
1140 2918 1253 2989 ἔχει
1320 2917 1499 2984 λόγον,
1566 2915 1658 2968 τὸν
1697 2933 1797 2986 μεν
1828 2930 2062 2985 συστρα·

481 3009 686 3083 τιώτην
738 3011 798 3063 ἐν
834 3011 1053 3081 δεσμοῖς
1107 3004 1282 3074 εἶναι,
1347 2998 1413 3060 σέ
1464 3005 1521 3059 δὲ
1583 3007 1641 3058 ἐν
1703 3006 1920 3076 τρυφῇ;
1978 3000 2067 3056 Ἐν

465 3099 644 3170 θλίψει
685 3099 945 3169 γέγονας,
1003 3097 1262 3169 ἐνόμισας
1307 3091 1836 3164 ἐγκαταλελεῖφθαι;
1900 3091 2067 3147 ἄκουε

461 3189 572 3242 τῶν
624 3187 842 3243 Παύλου
918 3187 1117 3255 λόγων,
1196 3185 1293 3239 καὶ
1350 3183 1472 3253 ὄψει
1536 3183 1618 3235 ὅτι
1662 3181 1724 3234 τὸ
1781 3182 1840 3233 ἐν
1888 3177 2066 3248 θλίψει

464 3275 609 3334 εἶναι
660 3279 761 3333 οὐκ
817 3273 1263 3347 ἐγκαταλείψεώς
1325 3275 1442 3327 ἐστι
1512 3271 1836 3342 τεκμήριον.
1881 3269 2067 3333 Θέλεις

465 3365 672 3438 σηρικά
705 3367 893 3437 φορεῖν
936 3365 1130 3434 ἱμάτια
1159 3379 1173 3429 ;
1232 3361 1544 3432 μνημόνευε
1574 3358 1684 3413 τῶν
1735 3355 1949 3410 Παύλου
1983 3356 2069 3410 δε-

466 3457 642 3529 σμῶν,
699 3456 796 3509 καὶ
824 3455 1000 3510 ταῦτά
1053 3470 1135 3506 σοι
1167 3453 1422 3524 φανεῖται
1474 3449 1584 3503 τῶν
1633 3447 1841 3520 ῥακίων
1913 3447 2052 3498 άτιη

466 3545 672 3616 μότερα
697 3544 808 3599 τῶν
841 3541 1365 3615 βεϐορϐορωμένων.
1389 3537 1580 3600 Θέλεις
1611 3535 1813 3607 χρυσία
1845 3533 2067 3605 περιθέ-

466 3634 626 3701 σθαι;
685 3635 743 3687 ἐν
777 3633 855 3704 νῷ
890 3631 1025 3686 λάϐε
1061 3633 1132 3685 τὰ
1182 3628 1398 3685 Παύλου
1461 3625 1656 3695 δεσμά,
1709 3623 1804 3677 καὶ
1853 3623 2066 3693 σχοίνου

465 3722 702 3787 παλαιᾶς
747 3723 902 3776 ούδέν
931 3720 1160 3793 ἄμεινόν
1220 3736 1303 3772 σοι
1331 3716 1474 3784 δόξει
1530 3713 1703 3769 ταῦτα
1738 3712 2062 3766 διακεῖσθαι.

463 3811 653 3876 Θέλεις
677 3810 942 3866 διαθεῖναι
985 3810 1088 3872 τὰς
1129 3808 1342 3880 τρίχας,
1373 3807 1470 3859 καὶ
1529 3802 1671 3874 καλὴ
1731 3801 2061 3873 φαίνεσθαι;

463 3897 718 3967 ἐννόησον
742 3895 833 3948 τὸν
865 3895 1080 3966 αὐχμὸν
1124 3893 1220 3947 τοῦ
1256 3891 1474 3947 Παύλου
1515 3889 1608 3942 τὸν
1639 3889 1696 3941 ἐν
1729 3886 1806 3958 τῷ
1854 3886 2066 3956 δεσμω-

463 3987 659 4058 τηρίῳ,
704 3983 798 4040 καὶ
850 3984 1100 4055 ἐκκαήσῃ
1159 3982 1297 4053 πρὸς
1359 3980 1537 4034 ἐκεῖνο
1583 3976 1646 4030 τὸ
1693 3975 1909 4039 κάλλος,
1968 3974 2067 4026 καὶ

463 4075 624 4128 τοῦτο
654 4074 891 4144 ἐσχάτην
919 4069 1072 4144 [415]
1101 4072 1286 4143 ἡγήσῃ
1309 4067 1632 4133 δυσείδειαν,
1664 4064 1762 4119 καὶ
1788 4062 2065 4130 στενάξεις

465 4164 684 4234 πικρῶς
710 4161 1058 4232 ἐπιθυμοῦσα
1086 4161 1311 4214 ἐκείνων
1332 4159 1441 4212 τῶν
1462 4155 1701 4227 δεσμῶν.
1731 4154 1918 4218 Θέλεις
1939 4155 2064 4207 ἐπι-

464 4253 754 4324 τρίμματα
792 4251 889 4304 καὶ
919 4247 1248 4321 ύπογραφὰς
1277 4249 1445 4318 ἐαυτῇ
1479 4243 1804 4312 περιθεῖναι,
1846 4243 1944 4296 καὶ
1963 4243 2064 4296 ὅσα

463 4339 733 4406 τοιαῦτα;
789 4340 1046 4409 ἐννόησον
1097 4335 1168 4390 τὰ
1226 4334 1437 4388 ἐκείνου
1490 4333 1744 4402 δάκρυα·
1795 4331 2060 4401 τριετίαν,

464 4427 637 4484 νύκτα
685 4428 781 4481 καὶ
808 4427 1028 4500 ἡμέραν
1055 4426 1156 4480 οὐκ
1185 4423 1422 4478 ἐπαύετο
1453 4419 1726 4493 δακρύων.
1773 4419 1962 4489 Τούτῳ
1984 4417 2063 4490 τῷ

463 4519 657 4591 κόσμῳ
710 4516 1027 4582 καλλώπιζε
1050 4516 1151 4589 τὴν
1202 4513 1482 4586 παρειάν’
1530 4510 1706 4564 ταῦτα
1733 4509 1803 4563 τὰ
1850 4509 2064 4581 δάκρυα

463 4607 727 4680 λαμπράν
768 4607 943 4679 αὐτὴν
984 4605 1300 4678 ἐργάζεται.
1339 4603 1414 4658 Ού
1438 4601 1582 4671 λέγω
1617 4601 1707 4655 ἵνα
1764 4598 1908 4670 ὑπὲρ
1952 4597 2062 4652 τῶν

462 4696 640 4751 ἄλλων
687 4694 932 4770 δακρύῃς
988 4694 1294 4768 (βούλομαι
1338 4692 1436 4764 μὲν
1476 4690 1586 4762 γὰρ
1619 4687 1915 4755 καὶτοῦτο,
1946 4686 2064 4741 ἀλλ’

462 4785 735 4856 ἀνώτερον
783 4782 877 4837 σού
915 4785 1030 4837 ἐστι
1062 4780 1267 4853 τοῦτο),
1292 4780 1406 4834 ἀλλ’
1435 4781 1574 4851 ὑπὲρ
1604 4778 1710 4832 τῶν
1742 4777 1851 4832 σῶν
1883 4777 2064 4848 ἀμαρ-

463 4872 730 4944 τημάτων
765 4871 928 4925 τοῦτο
957 4868 1209 4942 παραινῶ
1239 4870 1434 4922 ποιεῖν.
1473 4866 1800 4929 Ἐκέλευσας
1827 4865 2061 4936 δεσμευ-

464 4961 628 5032 θῆναι
663 4960 852 5025 παῖδα,
885 4959 981 5013 καὶ
1007 4957 1286 5030 ὡργίσθης
1315 4957 1409 5010 καὶ
1467 4953 1860 5028 παρωξύνθης;
1922 4971 2063 5026 μνη-

467 5053 664 5130 μόνευε
690 5051 802 5106 τῶν
856 5049 1068 5104 Παύλου
1109 5046 1347 5118 δεσμῶν,
1409 5045 1504 5100 καὶ
1563 5043 1768 5107 εὐθέως
1831 5043 2062 5108 παύσεις

463 5141 564 5212 τὴν
599 5141 772 5214 ὀργήν
797 5158 813 5174 ο
846 5137 1228 5210 ἀναμνήσθητι
1253 5137 1335 5189 ὅτι
1383 5133 1494 5188 τῶν
1531 5133 1830 5204 δεδεμένων
1874 5135 2058 5204 ἡμεῖς,

462 5225 653 5283 ἀλλὀὐ
679 5228 789 5282 τῶν
818 5227 1047 5282 δεόντων
1073 5235 1117 5291 ⁸,
1145 5225 1254 5279 τῶν
1278 5222 1754 5295 συντετριμμένων
1783 5222 1882 5293 τὴν
1909 5239 2061 5293 καρ-

463 5316 606 5383 δίαν,
644 5316 759 5371 ἀλλ’
793 5318 855 5372 ού
910 5316 1021 5370 τῶν
1075 5312 1491 5384 συντριϐόντων.
1526 5309 1791 5382 Διεχύθης
1831 5311 1924 5364 καὶ
1965 5311 2060 5364 ἀν-

465 5407 779 5478 εκάγχασας
841 5405 1022 5476 μέγα;
1071 5403 1281 5467 ἔννοιαν
1319 5400 1453 5454 λάϐε
1482 5399 1592 5453 τῶν
1641 5399 1852 5452 ἐκείνου
1901 5398 2059 5468 ὀδυρ-

469 5493 608 5564 μῶν,
678 5494 774 5547 καὶ
833 5491 1145 5560 στενάξεις’
1210 5489 1391 5560 πολλῷ
1446 5506 1506 5542 σε
1560 5487 1949 5560 λαμπροτέραν
1987 5485 2056 5538 τά

463 5583 679 5655 δάκρυα
706 5580 882 5635 ταῦτα
918 5580 1212 5635 δείκνυσιν.
1243 5577 1399 5642 Εἶδες
1428 5577 1753 5649 τρυφῶντας
1805 5577 1900 5628 καὶ
1956 5575 2056 5647 ὀρ-

466 5672 800 5742 χουμένους;
862 5670 1233 5742 μνημόνευσον
1275 5669 1438 5723 αὐτοῦ
1471 5669 1581 5722 τῶν
1611 5666 1881 5740 δακρύων.
1921 5665 2056 5719 Ποία

466 5759 620 5831 πηγὴ
642 5758 882 5814 τοσαῦτα
935 5757 1197 5812 ἀνέϐλυσε
1253 5757 1492 5828 νάματα,
1551 5756 1627 5820 ὡς
1682 5756 1732 5810 οἱ
1784 5755 2059 5826 ὀφθαλμοὶ

534 5899 551 5929 ⁸
583 5907 720 5966 Unus
735 5907 842 5958 cod.
865 5911 916 5958 et
941 5919 1094 5971 marg.
1121 5902 1274 5957 Savil.
1299 5904 1621 5969 δεσμούντων.

1369 413 1434 470 ΙΝ
1473 413 1692 472 EPIST.
1725 411 1814 469 AD
1852 405 2140 466 COLOSS.
2175 410 2327 471 CAP.
2369 413 2461 470 Ν.
2499 414 2735 472 HOMIL.
2778 415 2896 473 ΧΠ.

3646 420 3752 476 εει

2177 526 2372 583 ἐκεῖνοι
2405 530 2473 584 τά
2499 532 2710 601 δάκρυα
2737 552 2751 597 ;
2825 531 3241 602 Μαιητμονεύετέ
3261 549 3403 603 μου,
3433 534 3586 602 φησὶ,
3636 535 3756 587 τῶν*

2172 615 2467 686 δακρύων,
2529 619 2718 693 ῶσπερ
2745 622 2854 675 τῶν
2879 621 3095 693 δεσμῶν
3121 621 3375 677 ἐνταῦθα.
3427 621 3539 676 Καὶ
3609 624 3756 675 είκόσ

2171 719 2282 768 τως
2334 706 2558 771 ἐκείνοις
2585 709 2757 763 ταῦτα
2797 705 2971 776 εἶπεν,
3001 711 3164 782 ἡνίκα
3199 711 3308 764 ἀπὸ
3353 713 3452 783 τῆς
3527 709 3756 779 Ἐφέσου

2172 794 2369 857 αὐτοὺς
2407 797 2788 866 μετεστείλατο
2816 801 2895 862 είς
2927 798 3025 872 τὴν
3081 799 3344 870 Μίλητον.
3406 798 3758 861 Διδασκάλοις

2171 879 2282 951 γὰρ
2329 881 2533 952 ἐλεγενο
2595 884 2734 938 ὥστε
2787 886 3029 948 ἐκείνους
3075 887 3175 959 μὲν
3226 887 3322 941 καὶ
3374 886 3436 940 τὸ
3500 886 3758 956 συνάγειν

2171 971 2415 1038 ἀπαιτεῖ,
2455 971 2680 1038 τούτους
2711 973 2768 1026 δὲ
2805 975 2866 1027 τὸ
2905 975 3238 1030 κινδυνεύειν
3262 976 3422 1047 μόνον
3456 975 3506 1031 δ.

2241 1064 2312 1127 γ’.
2337 1058 2503 1114 Ποίαν
2521 1059 2702 1130 βούλει
2718 1061 3055 1133 παραϐαλεῖν
3071 1063 3256 1134 πηγὴν
3273 1066 3384 1126 τοῖς
3396 1062 3760 1134 δάκρυσιτού-

2168 1165 2318 1216 τοις;
2348 1147 2447 1220 τὴν
2480 1149 2539 1202 ἐν
2567 1150 2645 1221 τῷ
2683 1151 3019 1223 παραδείσῳ,
3049 1152 3149 1222 τὴν
3178 1151 3503 1216 ποτίζουσαν
3524 1153 3627 1225 τὴν
3654 1153 3763 1223 γῆν

2170 1234 2420 1303 ἂπασανς
2469 1235 2610 1290 Ἀλλ’
2643 1237 2799 1291 οὐδὲν
2825 1238 2938 1292 ίσον
2971 1240 3116 1311 ἐρεῖς
3136 1256 3150 1268 ’
3177 1238 3316 1310 αῦτη
3348 1240 3455 1312 γάρ
3481 1243 3514 1312 ή
3539 1241 3648 1293 τῶν
3673 1241 3762 1292 δα·

2171 1322 2354 1393 κρύων
2385 1323 2538 1395 πηγὴ
2584 1323 2766 1396 ψυχὰς
2814 1325 3096 1392 ἐπότιζεν,
3141 1326 3202 1379 ού
3246 1327 3368 1398 γῆν.
3420 1327 3486 1380 Εί
3513 1344 3596 1390 τις
3628 1329 3761 1398 ἡμῖν

2169 1411 2572 1484 δεδακρυμένον
2623 1414 2791 1480 ἔδειξε
2849 1414 3062 1470 Παῦλον
3119 1417 3215 1469 καὶ
3277 1414 3637 1480 στενάζοντα,
3697 1416 3762 1468 ού

2169 1500 2353 1572 πολλῷ
2399 1497 2469 1573 ῆν
2514 1502 2720 1573 βέλτιον
2749 1504 2906 1569 ἰδεῖν,
2938 1504 2970 1576 ἢ
3004 1506 3200 1578 χοροὺς
3249 1506 3478 1578 μυρίους
3522 1504 3762 1577 φαιδρῶς

2172 1590 2693 1662 ἐστεφανωμένουςς
2750 1593 2825 1646 Ού
2874 1593 3018 1663 λέγω
3064 1595 3191 1666 περὶ
3232 1594 3422 1665 ὑμῶν’
3457 1593 3571 1648 ἀλλ’
3607 1595 3764 1656 εἴτις

2170 1677 2280 1732 ἀπὸ
2303 1678 2400 1732 τοῦ
2422 1679 2653 1752 θεάτρου
2677 1681 2889 1753 καὶτῆς
2913 1681 3121 1752 σκηνῆς
3147 1681 3474 1744 ἀποσπάσας
3498 1679 3622 1734 τινὰ
3649 1679 3767 1732 τῶν

2171 1767 2489 1823 ἀκολάστων
2521 1771 2880 1840 ἐκκαιόμενον
2931 1772 3026 1824 καὶ
3075 1771 3478 1842 βακχευόμενον
3529 1769 3608 1840 τῷ
3652 1768 3762 1822 τῶν

2174 1857 2445 1926 σωμάτων
2469 1856 2654 1928 ἔρωτι,
2683 1857 2893 1912 ἐδείκνυ
2918 1860 3090 1931 κόρην
3116 1859 3382 1931 παρθένον
3407 1861 3465 1911 ἐν
3488 1858 3636 1928 αύτῷ
3661 1857 3766 1926 τῆς

2171 1943 2392 2014 ἡλικίας
2423 1945 2502 2017 τῷ
2535 1945 2684 1999 ἀνθει
2711 1945 2782 2000 τά
2811 1963 2870 2000 τε
2905 1947 3042 2001 ἄλλα
3068 1946 3308 2013 νικῶσαν
3343 1947 3442 2011 τὰς
3470 1946 3761 2017 ὁμήλικαςν

2173 2033 2269 2087 καὶ
2300 2037 2367 2106 τῇ
2401 2034 2521 2116 δψει
2557 2036 2699 2109 ὑπὲρ
2732 2035 2801 2090 τὰ
2829 2037 2993 2092 λοιπὰ
3035 2037 3194 2109 μέλη,
3234 2036 3511 2109 ὀφθαλμὸν
3535 2036 3763 2107 ἔχουσαν

2174 2121 2382 2176 ἁπαλὸν
2407 2123 2503 2176 καὶ
2548 2123 2792 2194 μαλακὸν
2827 2125 3204 2197 ἐγκαθήμενον
3234 2126 3438 2196 ἠρέμα,
3475 2141 3765 2196 περιστρε-

2174 2209 2410 2282 φόμενον
2447 2212 2658 2283 ἡρέμα,
2697 2213 2887 2284 ὑγρὸν,
2922 2215 3152 2286 ἥμερον,
3179 2214 3414 2286 γαληνὸν
3448 2214 3762 2285 μειδιῶντα,

2173 2299 2269 2353 καὶ
2322 2301 2490 2372 πολλῇ
2544 2302 2642 2372 μὲν
2681 2303 3144 2370 περιεσταλμένον
3188 2306 3256 2375 τῇ
3293 2303 3458 2369 αίδοῖ,
3506 2301 3674 2373 πολλῇ
3707 2302 3764 2354 δὲ

2173 2389 2240 2460 τῇ
2271 2387 2490 2460 χάριτι,
2542 2389 2829 2462 βλεφαρίσι
2873 2393 3102 2453 κυαναῖς
3137 2391 3382 2445 κάτωθεν
3419 2393 3513 2445 καὶ
3559 2391 3769 2444 ἄνωθεν

2175 2477 2653 2550 ἐστεφανωμένην,
2709 2479 2809 2549 τὴν
2870 2480 3040 2551 κόρην
3093 2478 3366 2550 ἔμψυχον,
3423 2479 3500 2544 ὡς
3552 2481 3764 2544 εἰπεῖν,

2174 2565 2409 2636 ἔχουσαν
2439 2610 2454 2634 ,
2503 2566 2725 2638 λάμπον
2763 2567 2825 2622 τὸ
2871 2569 3157 2638 μέτωπον,
3191 2567 3437 2622 κάτωθεν
3477 2567 3640 2621 πάλιν
3667 2568 3772 2640 τὴν

2176 2653 2411 2725 παρειάν
2441 2655 2520 2718 είς
2550 2655 2754 2725 ἀκριϐῆ
2791 2656 3133 2727 ἐρυθρότητα
3162 2656 3590 2728 ἀφικνουμένην,
3623 2674 3766 2727 μαρ-

2179 2742 2356 2814 μάρου
2385 2741 2542 2813 δίκην
2591 2741 2742 2798 λείαν
2783 2744 3152 2814 ὑποκειμένην
3175 2784 3189 2809 ,
3218 2746 3462 2817 ὸμαλήνο
3510 2741 3628 2798 εἶτά
3677 2763 3766 2816 μοι

2175 2827 2346 2894 ἔδειξε
2390 2829 2602 2884 Παῦλον
2640 2829 2967 2903 δακρύοντα,
3003 2831 3212 2904 ταύτην
3241 2833 3308 2887 ἂν
3355 2834 3515 2903 ἀφεὶς
3553 2836 3767 2904 ἐπεπή-

2175 2917 2315 2990 δησα
2360 2920 2427 2990 τῇ
2477 2917 2670 2973 τούτου
2721 2919 2852 2990 θέᾳ·
2901 2919 3096 2983 κάλλος
3141 2920 3252 2993 γάρ
3286 2921 3613 2992 ἀπέλαμπεν
3658 2921 3769 2976 ἀπὸ

2174 3007 2381 3064 τούτων
2401 3010 2511 3064 τῶν
2537 3008 2835 3080 ὀφθαλμῶν
2858 3011 3256 3080 πνευματικόν.
3296 3011 3503 3065 Ἐκεῖνο
3531 3011 3630 3083 μὲν
3657 3011 3769 3083 γὰρ

2177 3098 2324 3151 ποιεῖ
2367 3095 2681 3162 ἐξίστασθαι
2724 3095 2861 3150 νέων
2915 3096 3112 3168 ψυχὰς,
3155 3098 3370 3152 ἐκκαίει
3403 3099 3497 3152 καὶ
3541 3099 3764 3169 φλέγειο

2174 3185 2338 3241 τοῦτο
2365 3186 2424 3241 δέ
2451 3186 2762 3267 τούναντίον
2793 3186 3165 3242 καταστέλλει.
3193 3188 3396 3242 Τούτου
3421 3191 3549 3253 τοὺς
3569 3190 3768 3258 ὀφθαλ-

2179 3277 2315 3350 μοὺς
2341 3277 2369 3329 ὁ
2406 3275 2548 3347 ὁρῶν
2583 3275 2914 3348 ὠραιότερον
2956 3275 3049 3330 τὸν
3074 3276 3174 3348 τῆς
3216 3275 3396 3348 ψυχῆς
3433 3278 3765 3347 ἐργάζεται,

2176 3365 2439 3437 κατασπᾷ
2481 3363 2760 3435 γαστέρα,
2809 3363 3128 3435 φιλοσοφίας
3169 3365 3495 3438 ἐμπίπλησι,
3545 3384 3768 3438 συμπα-

2176 3452 2332 3516 θείας
2383 3452 2623 3524 πολλῆς,
2680 3454 2773 3508 καὶ
2829 3454 3199 3524 ἀδαμαντίνην
3257 3453 3493 3525 μαλάξαι
3545 3455 3767 3510 δύναται

2173 3540 2375 3614 ψυχήν.
2408 3541 2634 3605 Τούτοις
2661 3543 2884 3614 ἄρδεται
2919 3544 2953 3614 η
2997 3541 3330 3613 Ἐκκλησία,
3360 3542 3572 3608 τούτοις
3596 3544 3768 3615 ψυχαὶ

2176 3631 2498 3700 φυτεύονται
2534 3627 2683 3702 [416]
2706 3632 2818 3693 τοῖς
2852 3629 3085 3700 δάκρυσι
3104 3643 3116 3658 '
3147 3629 3252 3685 κᾶν
3281 3629 3393 3703 πῦρ
3416 3627 3471 3705 ᾖ,
3493 3632 3667 3686 ταῦτα
3697 3635 3768 3689 τὰ

2173 3719 2390 3792 δάκρυα
2435 3718 2628 3772 σϐέσαι
2657 3718 2902 3784 δύναται,
2936 3721 3030 3773 καὶ
3061 3719 3318 3790 αίσθητὸν
3344 3731 3366 3759 ε
3398 3723 3492 3774 καὶ
3524 3739 3767 3792 σωματι-

2174 3807 2289 3862 κόνο
2314 3807 2490 3863 ταῦτα
2513 3809 2582 3864 τά
2606 3807 2914 3878 δάκρυα-τά
2938 3806 3069 3878 βέλη
3100 3807 3193 3861 τοῦ
3219 3808 3465 3880 Πονηροῦ
3487 3809 3555 3862 τὰ
3584 3828 3764 3864 πεπυ-

2178 3897 2398 3968 ρωμένα
2422 3896 2693 3950 σϐέννυσι.
2715 3894 3164 3966 Μνημονεύωμεν
3186 3895 3364 3951 τοίνυν
3384 3897 3494 3950 τῶν
3510 3898 3766 3969 δακρύων

2173 3983 2364 4049 αὑτοῦ,
2397 3983 2492 4037 καὶ
2535 3984 2752 4038 πάντων
2787 3983 3278 4054 καταγελασόμεθα
3312 3984 3422 4038 τῶν
3454 3987 3762 4056 παρόντων.

2174 4072 2365 4127 Ταῦτα
2413 4070 2753 4143 ἐμακάριζεν
2806 4073 2834 4124 ό
2875 4071 3112 4142 Χριστὸς
3158 4070 3228 4124 τά
3266 4071 3499 4144 δάκρυα,
3554 4074 3761 4141 λέγων·

2171 4159 2466 4230 Μακάριοι
2499 4162 2555 4215 al
2582 4159 2968 4225 πενθοῦντες,
3001 4159 3100 4212 καί
3127 4158 3406 4229 μακάριοι
3437 4163 3490 4214 οἱ
3524 4161 3767 4215 κλαίον-

2171 4266 2293 4314 τες,
2312 4247 2402 4302 ὅτι
2427 4246 2600 4302 αὐτοὶ
2615 4246 3000 4318 γελάσονται.
3019 4245 3256 4300 Τοιαῦτα
3277 4247 3372 4300 καὶ
3398 4248 3648 4315 Ἡσαΐας,
3670 4251 3765 4302 καὶ

2184 4336 2456 4408 Ἱερεμίας
2488 4335 2639 4406 ὴφίει
2680 4335 2894 4406 δάκρυα
2914 4351 2927 4363 ·
2965 4334 3060 4388 καὶ
3098 4336 3126 4388 6
3160 4334 3259 4405 μὲν
3291 4333 3477 4403 ἔλεγεν
3497 4353 3512 4367 ο
3545 4336 3763 4406 Ἀφετέ

2167 4443 2244 4496 με
2261 4467 2276 4492 ν
2305 4425 2531 4493 πικρῶς
2563 4425 2908 4495 κλαύσομαι
2929 4441 2940 4452 ·
2985 4426 3014 4477 ὁ
3050 4423 3108 4477 δὲ
3138 4423 3311 4494 ἔλεγε*
3353 4426 3448 4491 Τίς
3480 4425 3656 4480 δώσει
3685 4426 3762 4497 τῇ

2170 4513 2409 4584 κεφαλῇ
2441 4531 2562 4584 μου
2603 4512 2791 4583 ὕδωρ,
2836 4513 2934 4567 καὶ
2973 4512 3098 4580 τοῖς
3131 4514 3465 4585 ὀφθαλμοῖς
3496 4534 3617 4585 μου
3646 4533 3762 4585 πη-

2171 4605 2278 4674 γὰς
2310 4603 2620 4672 δακρύων;
2657 4602 2734 4668 ὼς
2765 4603 2867 4656 οὐκ
2900 4600 3177 4675 ἀρκούσης
3217 4605 3317 4673 τῆς
3361 4607 3615 4677 φυσικῆς.
3655 4607 3762 4660 Οὐ-

2170 4692 2259 4746 δὲν
2314 4691 2422 4746 τῶν
2467 4689 2722 4763 δακρύων
2778 4691 2983 4746 τούτων
3034 4692 3220 4764 ἥδιον·
3272 4693 3477 4757 παντὸς
3525 4693 3762 4762 γέλωτος

2169 4781 2345 4837 ταῦτα
2374 4779 2636 4854 ἡδύτερα.
2671 4782 2883 4837 Ἴσασιν
2929 4783 2978 4835 οἱ
3024 4782 3385 4848 πενθοῦντες,
3426 4784 3600 4854 πόσην
3645 4784 3759 4856 ἔχει

2168 4870 2232 4925 τὸ
2277 4871 2511 4943 πρᾶγμα
2561 4869 2941 4942 παραμυθίαν.
2988 4870 3079 4943 Μὴ
3131 4871 3405 4926 ἀπευκτὸν
3447 4873 3580 4926 αὐτὸ
3619 4869 3760 4929 εἶναι

2170 4959 2518 5031 νομίζωμεν,
2572 4959 2710 5014 ἀλλὰ
2768 4961 2864 5013 καὶ
2920 4958 3124 5029 σφόδρα
3177 4958 3391 5013 εὐκτόν.
3449 4960 3560 5031 Ούχ
3616 4960 3762 5016 ὥστε

2170 5047 2394 5120 ἐτέρους
2428 5046 2787 5119 ἁμαρτάνειν,
2839 5046 2957 5100 ἀλλ’
2995 5045 3138 5100 ὥστε
3189 5047 3616 5119 ἁμαρτανόντων
3656 5050 3758 5104 αύ-

2167 5137 2276 5192 τῶν
2319 5137 2466 5208 ἡμᾶς
2496 5135 2870 5190 κατακλᾶσθαι
2889 5175 2904 5199 ,
2937 5137 3145 5190 τούτων
3193 5135 3624 5208 μνημονεύωμεν
3648 5137 3763 5190 τῶν

2167 5223 2443 5296 δακρύων,
2473 5223 2679 5279 τούτων
2711 5222 2820 5278 τῶν
2847 5225 3082 5296 δεσμῶν.
3116 5225 3260 5296 ’Ἄρα
3291 5225 3388 5278 καὶ
3421 5225 3514 5278 ἐπὶ
3542 5224 3652 5279 τῶν
3675 5225 3759 5279 δε-

2169 5310 2323 5380 σμῶν
2350 5311 2565 5384 δάκρυα
2587 5310 2910 5366 κατέϐαινεν
2929 5329 2942 5344 ο
2966 5311 3067 5365 οὐκ
3092 5312 3243 5382 ἠφίει
3266 5311 3322 5364 δὲ
3343 5311 3504 5365 αὑτὸν
3526 5312 3623 5383 τῆς
3647 5312 3763 5366 ἀπὸ

2167 5400 2275 5454 τῶν
2307 5399 2523 5471 δεσμῶν
2559 5399 2753 5472 ἡδονῆς
2783 5399 3140 5455 αἰσθάνεσθαι
3167 5401 3276 5454 τῶν
3306 5399 3698 5472 ἀπολλυμένων
3728 5402 3758 5454 6

2167 5488 2418 5556 θάνατος,
2468 5487 2580 5542 τῶν
2627 5487 2994 5559 δεσμούντων.
3039 5490 3150 5542 Καὶ
3197 5488 3307 5561 γὰρ
3349 5489 3492 5560 ὑπὲρ
3533 5489 3758 5543 ἐκείνων

2166 5579 2322 5652 ῆλγει
2343 5595 2356 5610 ·
2387 5579 2640 5653 μαθητὴς
2664 5579 2774 5651 γὰρ
2803 5576 2871 5652 ἦν
2897 5581 3109 5635 ἐκείνου
3140 5581 3236 5636 τοῦ
3267 5579 3599 5654 δακρύοντος
3630 5581 3758 5647 τοὺς

2226 5775 2256 5815 b
2280 5775 2333 5824 Si
2357 5773 2479 5850 θόρε
2499 5770 2726 5850 Ηοιεεὶο,
2770 5771 2842 5823 sic
2874 5771 3130 5836 scripserit
3151 5773 3320 5837 Chrys.
3330 5809 3347 5838 ,
3365 5773 3421 5824 τὸ
3447 5768 3736 5837 συναλγεῖν..

2163 5839 2220 5888 τὸ
2241 5839 2548 5897 μνημονεύειν
2569 5839 2728 5899 μόνον.

2229 5903 2252 5932 ο
2268 5899 2455 5950 Mavult
2478 5900 2699 5951 Duuzeus
2714 5898 3016 5959 ἀναίσθητον.
