4140 6506
352 353 468 412 383

355 469 538 538 ἱερέας
567 466 674 522 τῶν
733 460 1019 524 Ἰουδαίων,
1062 457 1160 526 οὐχ
1199 456 1280 507 ὅτι
1311 451 1474 507 αὑτὸν
1513 447 1742 520 ἔμελλον
1787 463 1945 500 σταυ-

356 535 505 628 ροῦν,
545 555 660 609 ἀλλ’
695 553 778 606 ὅτι
806 548 962 604 αὐτοὶ
993 543 1331 601 ἀπώλλυντο.
1365 540 1476 593 Καὶ
1515 538 1616 591 ούκ
1648 536 1813 598 αὐτὸς
1849 535 1948 606 μό-

354 623 444 709 νος
475 643 608 698 αὐτὸ
648 641 812 704 ποιεῖ,
851 634 988 688 ἀλλὰ
1022 632 1116 686 καὶ
1142 631 1269 693 τοὺς
1296 628 1490 691 ἄλλους
1519 623 1664 680 οὕτω
1693 638 1949 694 παρακα-

353 731 462 794 λεῖ,
481 729 655 798 λέγων
680 740 701 758 ε’
720 727 817 793 Μὴ
843 721 1080 777 κλαίετε
1104 719 1196 772 ἐπ’
1223 717 1348 798 ἐμὲ,
1380 713 1702 783 θυγατέρες
1737 711 1950 798 Ἰερου-

353 797 584 886 σαλήμ.
611 812 768 868 Εἶδον
785 813 876 865 τὸν
904 809 1230 880 παράδεισον
1251 797 1401 859 οὗτοι
1419 805 1467 857 οἱ
1489 801 1784 872 ὀφθαλμοὶ,
1809 797 1949 853 εἶδον

352 907 445 960 τὸν
489 903 676 977 τρίτον
708 898 939 972 οὐρανόν
961 911 981 927 ··
1009 896 1125 950 ἀλλ’
1171 895 1234 947 οὐ
1267 891 1573 965 μακαρίζω·
1597 890 1798 952 αὐτοὺς
1848 888 1950 958 τῆς

355 996 486 1059 θέας
511 992 714 1064 ταύτης
744 992 933 1045 ἐνεκεν
957 987 1152 1050 οὕτως,
1181 986 1258 1049 ὡς
1282 985 1390 1038 τῶν
1422 981 1678 1052 δακρύων
1700 978 1946 1040 ἐκείνων,

354 1085 424 1139 δι’
448 1077 523 1138 ὧν
549 1077 692 1136 εἶδον
711 1081 803 1134 τὸν
833 1077 1090 1146 Χριστόν.
1114 1074 1404 1146 Μακάρων
1430 1073 1530 1144 μέν
1558 1072 1730 1133 ὅντως
1749 1067 1909 1122 τοῦτο
1932 1081 1946 1096 °

356 1172 454 1226 καὶ
473 1171 584 1242 γὰρ
608 1170 703 1224 καὶ
725 1166 887 1232 αὐτὸς
919 1166 1006 1220 ἐπ’
1031 1163 1182 1235 αύτῷ
1214 1162 1539 1234 σεμνύνεται
1570 1159 1768 1228 λέγων’
1800 1155 1948 1225 Οὐχὶ

367 1259 614 1330 Ἰησοῦν
649 1258 909 1328 Χριστὸν
941 1259 1049 1312 τὸν
1074 1258 1296 1324 Κύριον
1322 1249 1493 1321 ἡμῶν
1517 1248 1784 1316 ἐώρακσ;
1812 1244 1951 1299 ἀλλὰ

360 1347 784 1421 μακαριώτερον
814 1346 876 1400 τὸ
919 1344 1195 1415 δακρῦσαι
1223 1340 1418 1402 οὕτως.
1475 1337 1727 1391 Ἐκείνου
1761 1332 1952 1388 πολλοὶ

357 1440 789 1508 κεκοινωνήκασι
825 1435 920 1489 τοῦ
953 1433 1245 1503 θεάματος,
1281 1430 1376 1483 καὶ⁵
1415 1428 1542 1490 τοὺς
1577 1424 1651 1496 μὴ
1684 1423 1949 1493 κοινωνή-

360 1544 562 1591 σαντας
597 1522 898 1594 μακαρίζει
942 1521 1106 1575 πάλιν
1135 1517 1391 1589 Χριστὸς,
1413 1515 1620 1584 λέγων’
1656 1510 1950 1580 Μακάριοι

357 1619 414 1670 οι
455 1614 542 1684 μὴ
576 1611 842 1678 ἰδόντες,
893 1607 995 1663 καί
1039 1607 1521 1669 πιστεύσαντες·
1551 1601 1746 1654 τούτου
1793 1599 1852 1652 δὲ
1887 1598 1947 1652 οὐ

359 1702 546 1758 πολλοὶ
585 1701 871 1770 ἐπέτυχον.
911 1696 970 1750 Εἰ
1004 1697 1112 1768 γάρ
1142 1694 1204 1750 τὸ
1245 1694 1424 1764 μένειν
1467 1691 1554 1745 διὰ
1585 1688 1823 1761 Χριστὸν
1866 1688 1953 1740 ἐν-

356 1792 532 1848 ταῦθα
561 1790 658 1844 τοῦ
700 1787 964 1845 ἀναλῦσαι
1014 1786 1149 1858 πρὸς
1189 1783 1360 1836 αὑτὸν
1390 1779 1818 1849 ἀναγκαιότερον
1863 1776 1961 1829 διὰ

357 1880 457 1952 τὴν
487 1878 764 1949 σωτηρίαν
797 1876 908 1930 τῶν
934 1873 1133 1937 ἄλλων,
1157 1872 1266 1944 ἄρα
1295 1871 1391 1924 καῖ
1419 1869 1514 1922 τοῦ
1545 1869 1672 1922 ἰδεῖν
1700 1865 1864 1920 αὐτὸν
1890 1864 1952 1918 τὸ

357 1969 427 2022 δι’
465 1967 666 2030 αὐτοὺς
711 1964 968 2030 στενάξαι
1000 1960 1452 2029 ἀναγκαιότερον.
1493 1957 1556 2010 Εἰ
1587 1955 1698 2026 γὰρ
1723 1953 1820 2008 τοῦ
1855 1953 1962 2006 σὺν

361 2055 510 2127 αύτῷ
538 2050 677 2108 εἶναι
703 2053 766 2106 τὸ
795 2052 862 2104 δι’
899 2049 1063 2104 αύτὺν
1104 2051 1185 2112 είς
1213 2048 1441 2116 γέενναν
1469 2042 1612 2098 εἷναι
1643 2041 1954 2096 ποθεινότε-

363 2161 477 2215 ρον,
508 2143 603 2195 καὶ
643 2140 738 2194 τοῦ
770 2140 1008 2192 συνεῖναι
1051 2135 1201 2206 αύτῷ
1225 2135 1287 2188 τὸ
1324 2131 1658 2205 χωρίζεσθαι
1687 2128 1855 2184 αὐτοῦ
1884 2127 1956 2181 δι’

361 2231 524 2284 αὑτὸν
563 2227 945 2298 ποθεινότερον
976 2223 1166 2294 (τοῦτο
1208 2224 1319 2294 γάρ
1370 2225 1520 2274 ἐστιν
1559 2221 1697 2289 ὅπερ
1733 2218 1961 2287 ἔλεγεν*

361 2319 655 2388 Ηὺχόμην
673 2314 940 2384 ἀνάθεμα
967 2309 1121 2367 εἶναι
1151 2310 1333 2376 αὐτὸς
1346 2309 1464 2380 ἐγὼ
1484 2309 1604 2364 ἀπὸ
1625 2307 1922 2377 Χριστοῦ)
1938 2323 1952 2337 ’

362 2405 544 2476 πολλῴ
576 2403 778 2476 μᾶλλον
806 2402 980 2456 καὶτὸ
1007 2400 1268 2472 δακρύειν
1297 2400 1366 2454 δι’
1409 2398 1596 2453 αὐτόν.
1624 2398 1748 2450 Οὐκ
1777 2395 1960 2449 ἐπαυ-

363 2495 597 2565 σάμην,
629 2493 792 2564 φησὶ,
823 2492 977 2562 μετὰ
1021 2489 1300 2560 δακρύων
1339 2487 1644 2543 νουθετῶν
1675 2485 1785 2539 ἕνα
1825 2485 1961 2538 ἔκα-

363 2598 535 2636 στον.
573 2582 674 2635 Διὰ
708 2579 798 2646 τί;
831 2579 968 2650 Ούχὶ
1008 2579 1136 2640 τοὺς
1183 2575 1467 2638 κινδύνους
1507 2572 1798 2637 δεδοικὼςο
1839 2571 1960 2626 ἀλλ’

364 2669 556 2741 ὥσπερ
605 2668 670 2722 άν
703 2683 790 2730 τις
831 2663 1148 2720 ἀσθενοῦντι
1191 2662 1682 2734 παρακαθήμενος,
1727 2662 1822 2715 καὶ
1882 2660 1961 2732 μὴ

365 2761 524 2824 εἰδὼς
539 2760 599 2814 τὸ
617 2760 788 2825 τέλος,
812 2755 1039 2830 δακρύοι
1056 2755 1143 2810 διὰ
1169 2754 1356 2818 πόθον,
1374 2751 1628 2816 δεδοικὼς
1652 2753 1725 2823 μὴ
1747 2751 1958 2821 ἐκπέσῃ

364 2850 465 2920 τῆς
495 2848 640 2918 ζωῆς
664 2864 678 2876 ·
711 2845 855 2900 οὕτω
890 2845 986 2899 καλ⁸
1016 2843 1203 2908 αὐτὸς,
1243 2844 1373 2896 ὅταν
1413 2838 1555 2894 εἶδεν
1592 2839 1958 2906 ἀσθενοῦντα,

367 2939 462 2990 καὶ
505 2935 806 3005 ἐπιπλῆξαι
837 2935 939 2987 οὐκ
981 2934 1236 3004 ἰσχυσεν,
1264 2929 1495 3000 ἐδάκρυε
1529 2928 1736 2982 λοιπόν.
1788 2925 1967 2980 Τοῦτο

368 3026 464 3078 καὶ
486 3025 513 3076 6
542 3023 778 3096 Χριστὸς
807 3021 1086 3092 ἐποίησεν,
1113 3021 1200 3072 ἵνα
1223 3017 1328 3072 κᾶν
1355 3016 1426 3070 τὰ
1455 3015 1667 3086 δάκρυα
1692 3013 1957 3067 αἰδεσθῶ-

371 3131 454 3166 σιν
483 3131 495 3142 ·
524 3106 656 3176 οἷον,
686 3110 971 3182 ῆμάρτανέ
1001 3125 1119 3174 τις;
1153 3107 1391 3179 ἐπετίμα
1414 3121 1428 3134 ·
1460 3104 1765 3159 κατέπτυεν
1792 3101 1960 3156 αὐτοῦ

368 3203 397 3254 6
429 3199 853 3271 ἐπιτιμώμενος,
893 3198 997 3267 ξκαὶ
1049 3195 1342 3266 ἀπεπήδα;
1396 3187 1680 3263 ἐδάκρυεν,
1726 3191 1812 3244 ἵνα
1855 3189 1961 3244 κᾶν

367 3289 542 3353 οὓτως
569 3288 963 3359 ἐπισπάσηται.

441 3407 593 3481 [M7]
615 3407 676 3462 δ’.
701 3407 922 3462 Τούτων
941 3402 1376 3477 μνημονεύωμεν
1404 3400 1513 3454 τῶν
1527 3397 1798 3470 δακρύων·
1817 3395 1967 3450 οὕτω

369 3497 470 3562 τὰς
501 3497 808 3568 θυγατέρας
838 3493 1237 3565 άνατρέφωμεν
1275 3490 1374 3554 τὰς
1400 3487 1630 3556 ἑαυτῶν,
1659 3487 1801 3542 οὓτω
1834 3486 1963 3549 τοὺς

370 3587 591 3650 παῖδας,
614 3584 940 3657 δακρύοντες
952 3584 1080 3637 ὅταν
1098 3581 1297 3651 ῐδωμεν
1317 3580 1375 3633 ἐν
1395 3580 1583 3641 κακοῖς
1599 3577 1778 3638 ὄντας.
1798 3576 1962 3628 Ὅσαι

370 3674 601 3743 ἐρᾶσθαι
645 3671 963 3743 βούλονται,
1013 3669 1505 3741 μνημονευέτωσαν
1549 3665 1660 3719 τῶν
1707 3663 1966 3736 δακρύων

374 3763 589 3816 Παύλου
610 3800 625 3825 ,
655 3761 748 3813 καὶ
778 3758 1186 3822 στεναζέτωσαν
1208 3773 1220 3786 ·
1250 3757 1373 3810 ὅσαι
1405 3752 1776 3826 μακαρίζεσθε
1796 3792 1809 3816 ,
1839 3754 1963 3806 ὅσαι

372 3852 434 3904 ἐν
448 3849 714 3918 θαλάμοις
739 3847 883 3912 ἐστὲ,
905 3847 1026 3899 ὅσαι
1045 3847 1103 3898 ἐν
1126 3845 1309 3916 ἡδονῇ,
1327 3843 1533 3896 τούτων
1556 3840 1925 3912 μνημονεύετε
1944 3856 1960 3872 ο

373 3937 489 3990 ὅσοι
523 3937 580 3988 ἐν
611 3936 821 3999 πένθει,
853 3932 1182 3987 ἀλλάττεσθε
1209 3931 1416 3999 δάκρυα
1444 3928 1717 4000 δακρύων.
1739 3929 1814 3981 υύ
1837 3930 1964 3993 τοὺς

374 4023 684 4087 τεθνεῶτας
718 4024 924 4085 ἐκεῖνος
956 4019 1193 4081 ἐπένθει,
1225 4016 1362 4072 ἀλλὰ
1392 4017 1520 4081 τοὺς
1558 4017 1966 4088 ἀπολλυμένους

378 4113 475 4166 καὶ
510 4111 742 4176 ζῶντας.
778 4109 932 4164 Εῖπω
977 4107 1072 4162 καὶ
1095 4107 1257 4178 ἕτερα
1290 4105 1530 4178 δάκρυα;
1565 4106 1676 4158 Καὶ⁹
1703 4105 1966 4176 Τιμόθεος

375 4197 598 4250 ἔκλαιεο
654 4192 899 4265 μαθητής
943 4193 1052 4264 γὰρ
1085 4187 1155 4264 ἦν
1206 4189 1430 4244 τούτου’
1477 4190 1558 4244 διὸ
1606 4191 1700 4244 καὶ
1737 4189 1967 4261 γράφων

375 4285 528 4356 αὐτῷ
575 4283 730 4352 ἔλεγε
753 4299 766 4312 ’
812 4281 1205 4351 Μεμνημένος
1230 4295 1347 4334 σου
1379 4279 1501 4333 τῶν
1531 4278 1829 4347 δακρύων,
1865 4279 1967 4332 ἵνα

377 4373 570 4444 χαρᾶς
601 4369 916 4438 πληρωθῶ.
973 4368 1165 4421 Πολλοὶ
1197 4369 1290 4421 καὶ
1334 4366 1392 4433 ἐξ
1429 4365 1626 4438 ἡδονῆς
1660 4366 1963 4438 ὀδύρονται.

378 4462 539 4515 Οὕτω
587 4461 684 4515 καὶ
716 4459 911 4530 ἡδονῆς
961 4459 1076 4511 ἐστι
1109 4457 1171 4510 τὺ
1217 4458 1470 4528 πρᾶγμα,
1506 4458 1602 4510 καὶ
1631 4454 1827 4527 ἡδονῆς
1867 4453 1968 4524 μά-

379 4551 540 4604 λιστα
562 4547 988 4617 ἐπιτεταμένης·
1021 4545 1194 4609 οὕτως
1214 4546 1274 4598 ού
1304 4544 1540 4615 φορτικὰ
1569 4543 1639 4596 τά
1659 4544 1871 4614 δάκρυα
1900 4545 1970 4599 τὰ

381 4638 443 4703 ἐξ
467 4638 660 4707 ὀδύνης
681 4633 962 4706 τοιαύτης,
995 4633 1130 4686 ἀλλὰ
1150 4634 1245 4687 καὶ
1272 4633 1496 4686 ἐκείνων
1521 4630 1698 4702 πολλῷ
1727 4629 1970 4701 βελτίονα

380 4727 490 4782 τῶν
524 4726 593 4778 δι’
646 4725 846 4796 ἡδονὴν
877 4723 1170 4795 κοσμικὴν.
1210 4723 1410 4776 ’Λκουε
1435 4721 1529 4774 τοῦ
1573 4722 1863 4793 Προφήτου
1892 4721 1973 4774 λέ-

380 4830 600 4885 γοντος·
659 4815 923 4869 Ἤκουσε
959 4815 1178 4882 Κύριος
1205 4812 1318 4880 τῆς
1345 4811 1555 4881 φωνῆς
1615 4810 1722 4864 τοῦ
1775 4815 1973 4865 κλαυ-

382 4904 536 4973 θμοῦ
582 4921 724 4974 μου.
775 4901 886 4956 Ποῦ
939 4903 1046 4973 γὰρ
1083 4901 1146 4955 οὐ
1195 4903 1467 4972 χρήσιμον
1513 4899 1574 4952 τὸ
1603 4898 1870 4970 δάκρυον;
1916 4901 1974 4952 ἐν

381 4988 593 5058 εὐχαῖς,
628 4988 687 5040 ἐν
725 4986 1148 5056 παραινέσεσιν;
1192 4985 1386 5055 Ἡμεῖς
1418 4983 1475 5036 δὲ
1515 4982 1654 5036 αὐτὰ
1692 4982 1976 5037 διαϐάλλο-

388 5092 513 5147 μεν,
559 5075 661 5128 οὑκ
704 5075 784 5140 είς
815 5073 852 5127 ἃ.
879 5074 1087 5127 δέδοται
1134 5072 1490 5143 κεχρημένοι.
1541 5071 1712 5126 Ὅταν
1749 5070 1977 5140 ἀδελφὸν

390 5161 803 5234 παρακαλῶμεν
851 5161 1256 5232 ἁμαρτάνοντα,
1286 5158 1494 5212 κλαίειν
1519 5159 1600 5212 δεῖ
1641 5159 1977 5230 κοπτόμενον

389 5251 486 5305 καὶ
504 5249 849 5315 στενάζοντα·
877 5249 1005 5302 ὅταν
1030 5246 1388 5318 παραινῶμέν
1414 5264 1542 5312 τινι,
1573 5250 1601 5301 6
1627 5247 1683 5301 δὲ
1713 5248 1789 5320 μή
1818 5265 1979 5318 προσο

393 5341 495 5410 έχῃ
524 5383 538 5405 ,
573 5339 692 5393 ἀλλ’
744 5337 1107 5409 ἀπολλύηται,
1161 5335 1370 5391 κλαίειν
1405 5336 1502 5392 δεῖ.
1540 5337 1724 5392 Ταῦτα
1772 5339 1981 5408 φιλοσο-

393 5429 521 5496 φίας
545 5430 614 5481 τὰ
636 5427 878 5500 δάκρυα·
907 5427 1036 5480 ὅταν
1061 5426 1242 5497 μέντοι
1277 5425 1447 5497 πένης
1466 5443 1551 5488 τις
1581 5425 1826 5497 γένηται,
1853 5427 1982 5479 ὅταν

393 5516 453 5568 ἐν
496 5515 638 5586 νόσῳ
743 5517 1052 5587 σωματικῇ,
1087 5516 1217 5569 ὅταν
1257 5515 1525 5586 ἀποθάνῃ,
1556 5514 1772 5568 οὐκέτι·
1806 5513 1981 5568 ταῦτα

396 5601 507 5672 γὰρ
558 5603 620 5656 ού
675 5603 925 5675 δακρύων
955 5602 1102 5668 ἄξια.
1139 5603 1350 5673 ’Ὠσπερ
1379 5597 1473 5656 οὖν
1511 5602 1608 5654 καὶ
1648 5603 1740 5656 τὸν
1770 5604 1984 5671 γέλωτα

394 5687 777 5755 διαϐάλλομεν,
819 5691 1063 5761 ἀκαίρως
1093 5690 1243 5762 αὐτῷ
1291 5691 1622 5761 κεχρημένοι
1648 5707 1661 5720 °
1699 5691 1843 5745 οὓτω
1889 5693 1984 5745 καὶ

399 5775 467 5829 τὰ
505 5775 736 5844 δάκρυα,
774 5779 1020 5848 ἀκαίρως
1060 5776 1202 5831 αὐτὰ
1246 5778 1732 5849 μεταχειρίζοντες.
1781 5779 1842 5832 ἸΙ
1872 5779 1980 5849 γὰρ

1077 343 1134 397 S.
1178 335 1472 395 IUANNIS
1509 327 1959 390 οιιῐιῖδοετο)

2062 329 2374 390 ιιιςηιΕΡ.
2415 331 2978 392 εοΝδΤΑΝτιΝΟΡι

3538 338 3662 396 ὃὸσῖ

2060 447 2295 501 ἐκάστου
2323 447 2492 519 ἀρετὴ
2513 449 2633 502 τότε
2659 451 2927 521 φαίνεται,
2955 451 3083 506 ὅταν
3106 448 3244 522 πρδς
3260 449 3322 504 τὸ
3348 449 3651 523 ἐπιτήδειον

2063 535 2224 606 ἔργον
2259 537 2460 604 ἄγηται
2484 551 2498 564 °
2553 539 2680 593 ὅταν
2708 539 2766 593 δὲ
2823 539 2955 610 πρὸς
2985 538 3046 593 τὸ
3093 538 3404 609 ἀλλότριον,
3438 539 3648 594 οὐκέτι.

2055 614 2200 685 Οἴον,
2234 619 2262 672 6
2290 617 2431 684 οἶνος
2459 621 2596 692 πρὸς
2619 623 2961 694 εὐφροσύνην
2986 621 3200 675 δέδοται
3224 661 3240 687 ,
3267 621 3381 675 ἀλλ’
3419 621 3480 675 οὐ
3513 621 3650 694 πρὸς

2058 706 2268 777 μέθηνο
2298 708 2328 760 6
2369 707 2533 778 ἄρτος
2575 709 2716 780 πρὸς
2758 709 2986 781 τροφὴν,
3015 712 3048 780 ἡ
3084 708 3232 780 μίξις
3274 708 3412 780 πρὸς
3462 709 3652 763 παιδοο

2054 795 2480 868 ποιίαν.’⁷Ωσπερ
2507 793 2602 851 οὖν
2624 795 2813 853 ταῦτα’
2832 798 3182 869 διαϐέϐληται
3213 796 3647 869 παραχρώμενα,

2053 884 2198 938 οὕτω
2248 885 2342 938 καὶ
2379 887 2447 940 τά
2481 886 2713 956 δάκρυα.
2759 886 3315 956 Ἐπικείσθωνόμος,
3367 887 3436 940 ἐν⁴
3461 887 3652 957 εὐχαῖς

2061 972 2253 1042 μόναις
2280 973 2374 1027 καὶ
2407 974 2766 1045 παραινέσεσι
2799 975 3104 1047 κεχρῆσθαι
3129 973 3342 1038 τούτοις
3368 991 3382 1005 °
3420 975 3518 1029 καὶ
3545 975 3648 1045 δρα

2053 1058 2171 1122 πῶς
2219 1060 2315 1114 καὶ
2362 1061 2610 1115 ποθεινὸν
2656 1061 2810 1115 ἔσται
2855 1062 2923 1114 τὸ(
2960 1063 3213 1132 πρᾶγμα.
3246 1062 3414 1116 υύδέν
3468 1062 3642 1126 οὕτως

2053 1147 2363 1218 ἀποσμήχει
2392 1148 2462 1200 τά
2484 1149 2863 1220 ἁμαρτήματα
2884 1188 2898 1211 ,
2927 1149 3004 1212 ὡς
3035 1149 3416 1220 δάκρυαλίαὶ
3443 1149 3650 1220 ταύτην

2049 1233 2152 1306 τὴν
2189 1235 2509 1306 σωματικὴν
2549 1236 2672 1306 ὄψιν
2709 1237 2919 1308 ὡραίαν
2975 1237 3219 1292 δείκνυσι
3273 1237 3344 1290 τά
3392 1236 3643 1308 δάκρυα·

2055 1321 2193 1393 πρὸς
2231 1322 2379 1376 ἔλεον
2408 1323 2518 1394 γάρ
2552 1325 2866 1378 ἐπισπᾶται
2883 1339 2975 1378 τον
2999 1324 3252 1395 ὁρῶντα.-
3269 1324 3475 1396 σεμνὴν
3505 1328 3649 1379 ποιεῖ

2053 1411 2188 1480 ἡμῖν
2217 1411 2410 1481 αὐτήν.
2459 1411 2628 1465 Οὐδὲν
2673 1412 2823 1483 ήδιον
2858 1411 3154 1482 ὀφθαλμῶν
3201 1412 3638 1483 δεδακρυμένων.

2052 1497 2126 1550 Τὸ
2157 1498 2267 1568 γὰρ
2315 1498 2701 1569 εὐγενέστερον
2732 1501 2789 1554 ἐν
2822 1501 2954 1570 ἡμῖν
2987 1499 3148 1570 μέλος
3185 1499 3281 1552 καὶ
3313 1498 3664 1570 ὡραιότερον-

2051 1586 2146 1640 καὶ
2188 1586 2290 1657 τῆς
2331 1587 2513 1658 ψυχῆς
2553 1587 2713 1642 τοῦτό
2749 1591 2919 1644 ἐστιν.
2951 1589 3082 1642 "At;
3115 1584 3208 1642 οὖν
3236 1587 3308 1650 ὡς
3335 1589 3507 1659 αὐτὴν
3548 1589 3672 1658 τὴν·

2051 1672 2232 1745 ψυχὴν
2281 1673 2518 1745 ὁρῶντες
2562 1675 3016 1748 ἁποδυρομένην,
3070 1675 3213 1730 οὕτω
3255 1675 3642 1747 καμπτόμεθα.

2051 1761 2242 1815 Ταῦτα
2283 1762 2411 1832 ὑμῖν
2447 1762 2547 1833 ούχ
2580 1762 2768 1827 ἁπλῶς
2798 1763 3039 1836 εἴρηται,
3068 1763 3188 1816 ἀλλ’
3222 1761 3364 1816 ὥστε
3392 1764 3538 1834 ὑμᾶς
3570 1764 3670 1834 μὴ,

2052 1849 2276 1921 γάμοις,
2306 1849 2381 1921 μὴ
2404 1851 2707 1922 ὀρχήμασι,
2739 1852 2814 1924 μὴ
2839 1854 3019 1923 χοροῖς
3046 1851 3448 1924 παραγίνεσθαι
3481 1868 3647 1905 σατα-

2056 1938 2247 2000 νικοῖς.
2290 1937 2433 2005 Ὅρα
2471 1936 2583 2008 γάρ
2627 1938 2683 1991 τί
2710 1933 2870 2009 εὗρεν
2917 1939 2947 1990 6
2974 1938 3260 2002 διάϐολοςο
3295 1938 3526 2010 Ἐπειδὴ·
3546 1939 3648 2006 τῆς

2057 2024 2264 2094 σκηνῆς
2288 2024 2383 2076 καὶ
2410 2023 2518 2078 τῶν
2552 2026 2808 2096 ἀσέμνων
2837 2025 2950 2078 τῶν
2972 2027 3089 2079 ἐκεῖ
3122 2029 3155 2097 ἡ
3189 2025 3353 2096 φύσις
3381 2027 3521 2099 αὐτὴ
3550 2027 3650 2086 τάς

2053 2114 2321 2181 γυναῖκας
2359 2114 2672 2184 ἀπήγαγεν,
2717 2116 2800 2179 είς
2835 2114 2932 2187 τῆν
2967 2118 3352 2184 γυναικωνῖτιν
3384 2117 3652 2188 εἰσήγαγε

2053 2201 2125 2252 τὰ
2151 2199 2245 2253 τοῦ
2269 2201 2523 2273 θεάτρου,
2561 2202 2842 2272 μαλακοὺς
2872 2202 3022 2272 λέγω
3046 2203 3140 2257 καὶ
3171 2204 3398 2274 πόρνας.
3427 2203 3666 2274 Ταύτην-

2054 2287 2153 2360 τὴν
2181 2287 2362 2360 λύμην
2387 2291 2416 2342 ὁ
2447 2289 2556 2342 τῶν
2593 2291 2789 2361 γάμων
2838 2293 3176 2362 ἐπεισήγαγε
3210 2293 3374 2363 νόμος
3398 2310 3409 2322 ο
3445 2293 3672 2364 μᾶλλονν

2055 2377 2112 2430 δέ
2141 2379 2241 2449 οὐχ
2264 2379 2293 2431 6
2332 2379 2428 2432 τοῦ
2456 2379 2662 2450 γάμου,
2704 2380 2779 2451 μὴ
2819 2381 3056 2448 γένοιτο,
3081 2382 3217 2435 ἀλλὰ
3245 2383 3345 2454 τῆς
3372 2383 3648 2454 ήμετέρας

2059 2464 2336 2535 βλακείας.
2384 2467 2450 2518 Τί
2489 2470 2683 2532 ποιεῖς,
2733 2467 3023 2539 ἄνθρωπες
3069 2470 3169 2523 ούκ
3198 2465 3348 2534 οἶδας
3381 2471 3433 2524 τί
3473 2471 3672 2542 πράτ-ι

2056 2569 2189 2616 τεις.
2223 2553 2462 2606 Γυναῖκα
2505 2552 2656 2628 [418]
2693 2553 2804 2626 ἄγῃ
2835 2555 2928 2608 ἐπὶ
2957 2555 3285 2626 σωφροσύνῃ
3323 2557 3420 2610 καὶ
3457 2557 3667 2612 παιδοσ-

2058 2640 2213 2712 ποιίᾳ
2233 2659 2245 2672 ·
2271 2640 2323 2694 τί
2347 2636 2440 2695 οὖν
2464 2644 2520 2695 αἱ
2548 2642 2746 2713 πόρναι
2773 2641 3056 2712 βούλονται
3077 2659 3096 2710 ;
3118 2644 3236 2698 Ἵνα
3259 2645 3292 2716 ή
3316 2643 3668 2716 εὐφροσύνην

2059 2729 2214 2799 φησὶ,
2267 2730 2494 2800 γένηται
2531 2730 2753 2801 μείζων.
2786 2731 2898 2784 Καὶ
2938 2732 3047 2802 μήν
3072 2732 3244 2786 ταῦτα
3283 2733 3386 2785 ούκ
3409 2734 3662 2804 ἀφροσύσ

2057 2836 2191 2889 νης;
2225 2818 2470 2890 ὑϐρίζεις
2491 2821 2592 2890 τὴν
2617 2819 2860 2892 νύμφην,
2886 2820 3131 2893 ὑδρίζεις
3159 2823 3258 2885 τὰς
3284 2822 3672 2893 κεκλημένας..

2058 2907 2122 2959 Εἰ
2155 2907 2265 2978 γάρ
2313 2907 2578 2972 τοιούτοις
2627 2908 2958 2980 τέρπονται,
2996 2909 3158 2980 ὕϐρις
3196 2910 3258 2963 τὸ
3297 2912 3552 2981 πρᾶγμα.
3589 2912 3674 2964 Et

2057 2985 2119 3037 τὸ
2159 2987 2425 3053 γυναῖκας
2467 2986 2677 3058 πόρνας
2705 2989 2840 3060 όρᾷν
2879 2987 3302 3059 ἀσχημονούσας
3337 2989 3493 3060 φέρει
3528 2990 3652 3044 τινὰ

2059 3072 2409 3142 φιλοτιμίαν,
2441 3074 2530 3128 διὰ
2557 3075 2611 3128 τί
2659 3075 2732 3146 μὴ
2764 3075 2861 3130 καὶ
2899 3076 2998 3147 τὴν
3041 3076 3262 3148 νύμφην
3312 3077 3528 3143 ῐλκεις,
3565 3077 3672 3132 ἵνα

2058 3160 2285 3232 κάκείνη
2318 3161 2537 3234 θεωρῇ;
2573 3163 2799 3228 Πάντως
2830 3164 3080 3234 ἄσχημον
3117 3164 3213 3217 καὶ
3255 3165 3504 3236 αἰσχρὸν,
3548 3183 3652 3236 μα-

2058 3247 2262 3312 λακοὺς
2314 3248 2516 3320 ἄνδρας
2572 3250 2668 3303 καὶ
2719 3249 3120 3322 ὀρχουμένους,
3169 3250 3264 3303 καὶ
3317 3252 3500 3304 πᾶσαν
3551 3251 3673 3323 τὴν·

2061 3336 2288 3408 πομπὴν
2317 3336 2417 3408 τὴν
2444 3339 2745 3408 σατανικῆν
2771 3338 3086 3407 ἐπεισάγειν
3112 3340 3180 3410 τῇ
3211 3337 3380 3410 οἰκίᾳ,
3413 3343 3654 3411 Μνημο-

2059 3425 2268 3479 νεύετέ
2310 3442 2433 3494 μου
2458 3466 2474 3491 ,
2524 3427 2688 3496 φησὶ,
2731 3426 2851 3480 τῶν
2893 3423 3156 3494 δεσμῶν.
3203 3427 3414 3496 Δεσμός
3443 3428 3593 3481 ἐστιν
3624 3431 3668 3483 ὁρ

2059 3515 2262 3585 γάμος,
2291 3515 2493 3587 δεσμὸς
2519 3515 2828 3588 ὡρισμένος
2863 3516 3014 3588 παρά
3043 3516 3182 3569 Θεοῦ
3204 3534 3217 3547 ·
3243 3516 3398 3582 λύσις
3421 3519 3454 3590 ή
3477 3519 3665 3591 πόρνη.

2061 3607 2156 3659 καὶ
2180 3605 2446 3668 διάλυσις.
2478 3606 2728 3673 Ἔξεστιν
2759 3607 2970 3677 ἐτέροις
2991 3606 3306 3680 φαιδρύνειν
3326 3607 3418 3662 τὸν
3447 3608 3652 3679 γάμον,

2062 3689 2176 3748 οἷον
2216 3694 2520 3766 τραπέζαις
2552 3694 2911 3764 πληθούσαις,
2949 3695 3045 3748 καὶ
3080 3695 3352 3766 ίματίοις’
3392 3696 3455 3750 ού
3498 3713 3656 3768 περι-

2065 3782 2256 3836 κόπτω
2304 3781 2514 3848 ταῦτα,
2564 3781 2651 3835 ἵνα
2709 3783 2782 3854 μὴ
2821 3781 2958 3848 δόξω
3003 3783 3214 3854 σφόδρα
3254 3777 3394 3837 εἶναι
3428 3784 3652 3854 άγριοςο

2064 3872 2244 3927 καίτοι
2289 3873 2495 3942 ἤρκεσε
2538 3874 2603 3944 τῇ
2664 3872 2936 3942 Ῥεϐέκκα
2983 3872 3269 3944 θέριστρον
3302 3874 3501 3944 μόνον·
3537 3874 3662 3928 ἀλλ’

2064 3959 2127 4012 οὐ
2193 3959 2536 4029 περικόπτω.
2613 3960 2863 4024 Ἔξεστιν
2926 3960 3164 4030 ἱματίοις
3228 3961 3616 4034 φαιδρύνεσθαι
3636 4002 3664 4027 ,.

2064 4044 2244 4109 ἔξεστι
2273 4046 2600 4118 παρουσίαις
2631 4046 2934 4116 αἰδεσίμων
2961 4047 3191 4118 ἀνδρῶν,
3225 4047 3524 4119 αίδεσίμων
3553 4065 3654 4117 γυ-

2063 4131 2288 4188 ναικῶν.
2317 4133 2462 4187 Τίτὰ
2479 4133 2834 4204 ἐπιχάρματα
2854 4135 3059 4201 ἐκεῖνα,
3083 4134 3135 4187 τί
3157 4134 3226 4188 τὰ
3247 4135 3448 4208 τέρατα
3470 4138 3658 4189 ἐπεισ-

2065 4221 2253 4289 άγεις;
2291 4221 2426 4275 Εἱπέ
2497 4223 2534 4275 ὃ.
2563 4221 2785 4286 ἀκούεις
2815 4223 2946 4293 παρ’
2977 4222 3179 4276 αὐτῶν.
3226 4223 3368 4277 Ἀλλ’
3398 4223 3656 4294 ἐρυθριᾷς

2065 4305 2270 4371 είπεῖν;
2313 4305 2386 4358 Σὺ
2421 4304 2714 4376 ἐρυθριᾷς,
2752 4306 3042 4368 κάκείνους
3081 4305 3417 4374 ἀναγκάζεις
3447 4309 3662 4372 ποιεῖν;

2070 4393 2134 4445 Εἰ
2168 4391 2354 4456 καλὸν,
2385 4391 2473 4444 διὰ
2503 4392 2554 4444 τί
2586 4391 2660 4462 μὴ
2689 4393 2783 4444 καὶ
2811 4391 2976 4455 αὐτὸς
3011 4395 3214 4458 ποιεῖς;
3249 4395 3298 4446 εἰ
3326 4393 3380 4445 δὲ
3408 4393 3652 4464 αἰσχρὸν,

2068 4479 2158 4532 διὰ
2195 4477 2247 4530 τί
2290 4479 2478 4547 ἕτερον
2517 4477 2888 4546 ἀναγκάζεις;
2932 4479 3118 4533 Πάντα
3161 4479 3518 4552 σωφροσύνης
3559 4482 3662 4552 ἐμο

2072 4565 2388 4636 πεπλῆσθαι
2423 4565 2538 4630 δεῖ,
2582 4565 2762 4619 πάντα
2803 4567 3164 4639 σεμνότητος,
3210 4568 3388 4621 πάντα
3430 4569 3662 4640 κοσμιό-

2070 4669 2267 4724 τητος·
2329 4652 2425 4706 νῦν
2476 4653 2534 4707 δὲ
2573 4654 2880 4708 τούναντίον
2936 4656 3080 4726 ὁρῶ,
3131 4655 3468 4726 σκιρτῶντας
3497 4657 3574 4719 ὡς
3603 4659 3672 4712 αί.

2074 4742 2332 4814 κάμηλοι,
2383 4741 2458 4806 ὡς
2490 4743 2547 4796 αἱ
2586 4743 2822 4814 ήμίονοι.
2855 4743 2934 4815 Τῇ
2977 4744 3231 4816 παρθένῳ
3263 4739 3504 4815 θάλαμος
3534 4747 3659 4798 ἐπι-

2075 4831 2287 4902 τήδειον
2329 4830 2510 4900 μόνον.
2556 4830 2721 4885 Ἀλλὰ
2763 4831 2998 4906 πενιχρά
3036 4834 3176 4897 ἐστι,
3213 4831 3398 4902 φησιν.
3442 4832 3662 4901 Ἐπειδὴ

2075 4917 2310 4988 πενιχρά
2339 4919 2476 4984 ἐστι,
2510 4920 2605 4973 καὶ
2635 4921 2862 4991 κόσμιος
2894 4920 3100 4990 ὀφείλει
3142 4915 3316 4974 εἶναι’
3354 4920 3527 4990 ἐχέτω
3573 4921 3664 4973 τὸν

2079 5006 2284 5078 τρόπον
2315 5006 2438 5060 ἀντὶ
2464 5006 2720 5062 πλούτου.
2747 5008 2862 5062 Οὐκ
2887 5007 3000 5079 ἔχει
3030 5010 3234 5078 προῖκα
3265 5006 3579 5073 ἐπιδοῦναι;
3613 5007 3668 5060 τί

2077 5093 2248 5165 αὐτὴν
2284 5094 2379 5148 καὶ
2429 5095 2633 5165 ἑτέρως
2671 5095 3151 5165 εὐκαταφρόνητον
3199 5093 3374 5156 ποιεῖς
3405 5093 3516 5145 ἀπὸ
3566 5095 3667 5164 τῆς

2079 5183 2462 5254 ἀναστροφῆς;
2528 5182 2768 5236 Ἐπαινῶ
2815 5183 2898 5235 ὅτι
2953 5180 3214 5252 παρθένοι
3269 5180 3675 5252 παραγίνονται

2078 5271 2178 5343 τὴν
2231 5271 2470 5344 ὁμήλικα
2517 5270 2792 5341 τιμῶσαι,
2842 5269 2924 5322 ὅτι
2973 5267 3370 5338 παραγίνονται
3409 5270 3668 5338 γυναῖκες

2079 5361 2180 5432 τὴν
2223 5360 2300 5424 είς
2331 5359 2502 5424 αύτάς
2531 5359 2896 5428 καταχθεῖσαν
2943 5357 3185 5428 τιμῶσαι
3211 5373 3226 5387 ο
3273 5355 3456 5422 καλῶς
3507 5356 3669 5413 τοῦτο

2083 5446 2335 5518 ὥρισται.
2369 5447 2473 5500 Δύο
2493 5447 2602 5518 γάρ
2627 5447 2764 5500 εἰσιν
2794 5439 2937 5499 οὗτοι
2965 5447 3137 5518 χοροὶ,
3167 5447 3196 5499 6
3223 5445 3332 5501 τῶν
3358 5446 3666 5517 παρθένων,

2085 5536 2182 5590 καὶ
2215 5537 2244 5589 6
2271 5535 2380 5589 τῶν
2417 5534 2823 5606 γεγαμημένων
2844 5549 2857 5564 ·
2889 5527 3049 5588 αὗται
3079 5533 3483 5606 παραδιδόασιν,
3521 5535 3669 5588 ἐκεῖ-

2085 5641 2174 5680 ναι
2211 5623 2478 5694 δέχονται.
2533 5623 2600 5676 Ἦ
2630 5623 2815 5693 νύμφη
2863 5622 3071 5693 μεταξὺ
3105 5621 3311 5678 τούτων
3340 5623 3512 5693 ἐστὶν,
3542 5617 3674 5676 οὔτε

2087 5712 2387 5781 παρθένος,
2415 5710 2542 5764 οὔτε
2593 5711 2729 5780 γυνή
2756 5727 2769 5741 ο
2826 5696 3038 5766 ἐκεῖθεν
3089 5713 3188 5782 μὲν
3217 5710 3326 5784 γὰρ
3365 5708 3678 5783 ἐξέρχεται,

2092 5799 2292 5868 ταύτης
2319 5799 2373 5852 δέ
2405 5799 2672 5854 ἐπιϐαίνει
2701 5799 2799 5870 τῆς
2827 5799 3160 5872 συμμορίας.
