4140 6480
418 355 539 412 ᾚ85

438 476 662 541 propter
686 468 914 525 aliorum
941 467 1205 535 salutem;
1237 481 1367 538 ergo
1397 474 1453 521 et
1499 472 1722 536 prepter
1749 463 1895 532 ipsos
1946 462 2024 513 in.

434 562 759 632 gemisecre,
783 570 868 615 est
908 560 1079 629 magis
1109 558 1479 614 necessarium
1528 570 1685 626 quam
1732 555 1905 623 ipsum
1953 552 2032 605 vi-

438 653 590 707 dere.
619 652 752 705 Nam
801 651 846 704 si
902 660 1124 721 propter
1175 651 1326 720 ipsos
1374 648 1575 705 essein
1628 646 1873 718 gebenna
1902 688 1916 712 ,
1949 654 2033 699 est

426 746 606 816 magis
632 744 1049 799 desiderandum
1071 759 1228 813 quam
1257 757 1376 798 esse
1405 758 1529 798 cum
1561 743 1677 812 ipso
1698 758 1711 806 ;
1735 752 1789 795 et
1814 748 2034 810 propter

439 839 587 908 ipsos
612 846 697 892 est
718 836 889 907 magis
915 820 1331 891 desiderandum
1354 836 1423 889 ab
1446 836 1562 905 ipso
1584 834 1843 903 separari,
1871 846 2030 901 quam

441 945 565 986 esse
589 946 710 984 cum
744 930 862 999 ipso
897 929 1025 1000 (hoc
1050 929 1193 983 enim
1226 937 1311 982 est
1336 927 1480 996 quod
1503 926 1737 991 dicebat,
1775 922 2031 993 Optabam

418 1027 543 1095 ipse
583 1042 674 1096 ego
704 1023 977 1077 anathema
1006 1038 1111 1077 esse
1138 1038 1170 1075 a
1210 1020 1410 1076 Christo
1441 1018 1617 1091 [Rom.
1637 1020 1689 1074 9.
1718 1016 1796 1089 3])
1824 1034 1835 1069 :
1864 1016 2032 1070 multo

436 1118 605 1187 magis
632 1116 765 1170 ﬂere
796 1124 1015 1186 propter
1047 1115 1243 1185 ipsum.
1279 1112 1404 1166 Non
1427 1111 1648 1175 cessavi,
1683 1109 1883 1180 inquit,
1916 1124 2031 1161 cum

438 1210 677 1281 lacrymis
702 1224 1106 1281 unumquemque
1121 1208 1396 1261 admonens
1419 1207 1557 1275 (Act.
1571 1204 1662 1259 20.
1681 1204 1793 1274 51).
1818 1202 2032 1268 Quare?

438 1302 553 1356 Non
590 1304 784 1356 timens
815 1299 1055 1370 pericula
1085 1316 1099 1364 ;
1132 1298 1249 1362 sed,
1280 1309 1337 1353 ut
1362 1299 1407 1352 si
1438 1296 1559 1368 quis
1584 1295 1863 1366 aegrotanti
1895 1294 2034 1348 assi-

354 1416 358 1418 ·
434 1395 570 1450 dens
597 1438 610 1461 ,
644 1403 696 1449 et
731 1394 981 1449 nesciens
1011 1391 1183 1445 morbi
1212 1390 1371 1446 linem
1399 1431 1415 1454 ,
1445 1390 1769 1461 lacrymetur
1817 1396 2035 1457 propter

436 1491 798 1556 desiderium,
858 1496 1104 1542 metuens
1160 1502 1226 1541 ne
1281 1501 1310 1540 e
1358 1486 1466 1539 vita
1510 1482 1723 1538 excidat
1756 1501 1769 1536 :
1804 1482 1874 1535 ita
1920 1481 2034 1550 ipse

438 1599 658 1654 quoque
686 1597 808 1636 cum
826 1580 1031 1635 videret
1062 1580 1357 1645 inﬁrmum,
1394 1594 1493 1633 nec
1523 1584 1704 1647 posset
1732 1576 2030 1644 increpare,

440 1679 508 1733 de
538 1688 736 1732 caetero
766 1673 1182 1746 lacrymabatur.
1219 1672 1332 1726 Hoc
1354 1686 1567 1742 quoque
1597 1668 1723 1724 fecit
1753 1666 2029 1735 Christus,

446 1780 503 1823 ut
536 1770 619 1825 vel
670 1779 1041 1822 revererentur
1096 1766 1359 1837 lacrymas
1387 1781 1400 1817 :
1435 1763 1581 1819 verbi
1612 1778 1770 1816 causa
1798 1803 1813 1827 ,
1847 1776 2037 1832 pecca-

436 1862 530 1916 bat
572 1860 803 1930 aliquis,
837 1858 1156 1928 increpabat
1203 1875 1215 1911 :
1248 1856 1582 1926 conspuebat
1624 1870 1753 1910 eum
1785 1863 1836 1909 et
1895 1854 2034 1907 resi-

428 1953 603 2008 liebat
630 1952 720 2022 qui
754 1951 1162 2020 increpabatur:
1198 1949 1594 2021 lacrymabatur
1617 1948 1729 2016 ille,
1766 1955 1822 2002 ut
1849 1947 1931 2001 vel
1958 1948 2036 2001 sic

434 2045 755 2099 attraheret.

484 2136 560 2194 ’4.
605 2138 1003 2193 Meminerimus
1030 2136 1220 2191 harum
1256 2138 1622 2208 lacrymarum
1652 2152 1666 2188 :
1711 2135 1790 2190 sic
1821 2142 2035 2189 nostras

426 2230 728 2285 reducemus
755 2230 924 2297 filias,
971 2230 1049 2285 sic
1077 2230 1213 2284 filios
1232 2272 1246 2293 ,
1278 2230 1641 2301 lacrymantes
1670 2243 1793 2282 cum
1834 2227 2036 2283 videri-

439 2340 559 2380 mus
587 2339 683 2379 eos
713 2339 834 2379 esse
865 2324 919 2378 in
964 2322 1140 2378 malis.
1195 2321 1562 2391 Quaecumque
1602 2321 1790 2376 volunt
1829 2322 2036 2386 amari,

430 2417 787 2472 meminerint
815 2416 1177 2487 lacrymarum
1207 2414 1378 2480 Pauli,
1402 2423 1457 2469 et
1484 2422 1738 2485 gemant:
1769 2428 2042 2483 quamam-

426 2526 545 2581 ~que
576 2509 747 2565 beata:
768 2510 1097 2574 censemini,
1131 2524 1490 2580 quaecumque
1520 2508 1653 2564 estis
1682 2509 1734 2563 in
1762 2508 2038 2574 thalamis,

438 2617 793 2672 quaecumque
824 2602 876 2655 in
906 2601 1201 2671 voluptate,
1252 2616 1437 2656 earum
1468 2600 1829 2656 recordemini
1863 2619 1875 2654 :
1902 2600 2041 2669 qui-

439 2708 669 2767 cumque
697 2693 826 2749 estis
851 2694 904 2747 in
926 2694 1095 2759 luctu,
1126 2693 1393 2763 lacrymas
1413 2694 1669 2764 lacrymis
1686 2701 2038 2749 commutate.

444 2785 537 2839 Ille
562 2801 669 2839 non
699 2786 916 2857 lugebat
946 2794 1211 2852 mortuos,
1241 2784 1339 2840 sed
1367 2800 1462 2839 eos
1489 2786 1580 2856 qui
1605 2786 1855 2855 peribant
1883 2796 1939 2841 et
1968 2786 2045 2839 vi-

436 2876 657 2931 vebant.
684 2877 868 2931 Dicam
911 2876 1073 2932 etiam
1100 2877 1235 2931 alias
1264 2877 1573 2948 laerymas?
1600 2876 1789 2932 Flebat
1829 2892 2042 2947 quoque

442 2966 758 3023 Timotheus
789 2985 803 3021 :
835 2977 952 3024 erat
993 2969 1139 3023 enim
1181 2968 1301 3037 ejus
1332 2968 1629 3039 discipulus
1662 2987 1675 3023 :
1723 2978 1777 3023 et
1808 2969 1930 3024 ideo
1979 2972 2045 3025 ad

434 3076 568 3115 cum
602 3061 849 3116 scribens
875 3062 1089 3117 dicebat
1120 3078 1133 3116 :
1181 3060 1381 3116 Memor
1422 3063 1766 3134 lacryutamm
1808 3075 2043 3132 tuarum,

434 3165 500 3208 =ut
525 3156 715 3227 gaudio
744 3156 1035 3226 adimplear
1071 3156 1146 3228 (2.
1184 3155 1316 3211 Tim.
1350 3158 1403 3212 1.
1442 3156 1521 3229 4).
1549 3157 1697 3212 ΜυΙιί
1726 3157 1887 3213 etiam
1919 3159 2047 3214 ilent

440 3261 508 3301 ex
536 3247 826 3317 voluptate.
856 3247 932 3302 Ita
963 3248 1125 3302 etiam
1146 3262 1235 3302 res
1262 3257 1345 3304 est
1366 3248 1686 3319 voluptatis,
1716 3259 1771 3304 et
1800 3251 2048 3320 volupta-

420 3340 513 3394 "tis
540 3340 772 3411 ingentis
805 3359 817 3395 :
852 3342 925 3396 ita
956 3357 1063 3395 non
1090 3350 1217 3397 sunt
1248 3357 1442 3413 graves
1482 3357 1546 3397 ac
1592 3343 1832 3398 molestae
1870 3345 2046 3413 lacry-

447 3449 549 3488 ma:
577 3450 698 3504 qua:
743 3435 1157 3505 proliciscuntur
1195 3450 1263 3489 ex
1297 3436 1401 3491 hoc
1430 3451 1701 3501 maerore;
1734 3437 1828 3492 sed
1877 3438 2047 3493 multo

438 3528 705 3584 meliores
732 3530 843 3584 illis
867 3544 986 3600 qua:
1019 3536 1148 3584 sunt
1191 3539 1415 3600 propter
1445 3529 1771 3585 mundanam
1799 3532 2046 3602 volupta—

447 3632 578 3677 tem.
609 3621 746 3677 Audi
774 3621 1097 3693 prophetam
1126 3622 1419 3689 dicentem,
1453 3624 1659 3679 Audiuit
1685 3624 1938 3681 Dominus
1960 3643 2048 3681 vo-

436 3730 551 3767 cem
572 3714 722 3783 ﬂetus
747 3715 847 3767 mei
877 3713 1048 3785 (Paul.
1080 3715 1133 3770 6.
1160 3714 1243 3785 9).
1273 3714 1377 3771 Ubi
1394 3731 1503 3771 non
1534 3725 1659 3771 sunt
1685 3717 1842 3772 utiles
1871 3718 2047 3791 lacry-

444 3807 593 3861 mae?
624 3808 675 3861 in
708 3808 979 3877 precibus,
1006 3810 1057 3864 in
1086 3809 1592 3867 admonitionibus?
1618 3811 1728 3868 Nos
1753 3822 1931 3868 autem
1955 3828 2047 3867 eas

446 3900 917 3970 reprehendimus,
968 3911 1031 3957 ut
1068 3905 1156 3973 qui
1190 3918 1297 3958 non
1344 3915 1559 3960 utamur
1603 3904 1671 3961 ad
1712 3921 1774 3961 ea
1811 3905 1878 3961 ad
1930 3923 2049 3977 qua:

448 3990 587 4047 datae
615 4001 760 4048 sunt.
798 3993 1025 4059 Quando
1067 3994 1284 4050 fratrem
1317 4005 1631 4065 peccantem
1679 3999 2046 4061 consolamur,

447 4084 578 4139 ﬂere
610 4094 661 4139 te
682 4093 896 4154 oportet
921 4086 1191 4155 lugentem
1227 4096 1284 4142 et
1313 4088 1754 4157 ingemiscentem
1789 4107 1802 4142 :
1835 4090 2051 4159 quando

448 4176 606 4230 alicui
635 4175 948 4241 suademus,
971 4177 1060 4231 ille
1086 4185 1268 4232 autem
1293 4188 1531 4233 mentem
1560 4194 1665 4234 non
1691 4180 1931 4245 adhibet,
1956 4180 2051 4235 sed

448 4266 610 4337 perit,
644 4265 879 4321 ﬂendum
924 4276 1027 4323 est.
1078 4267 1173 4324 Hae
1213 4278 1339 4323 sunt
1371 4269 1626 4341 lacrymaa
1670 4272 2049 4341 philosophizc.

452 4360 676 4428 Quando
723 4370 902 4417 autem
946 4363 1212 4433 quispiam
1254 4378 1457 4434 pauper
1502 4363 1690 4429 fuerit,
1740 4365 1957 4436 quando
2000 4367 2052 4421 in

454 4455 645 4511 morbo
691 4456 993 4525 corporali,
1046 4456 1264 4525 quando
1323 4466 1570 4512 mortuus
1610 4458 1800 4525 fuerit,
1853 4474 2056 4530 nequa-

453 4564 658 4618 quam:
707 4548 824 4605 haec
852 4550 997 4605 enim
1043 4566 1151 4605 non
1203 4561 1332 4606 sunt
1375 4551 1535 4623 digna
1577 4552 1850 4625 laerymis.
1906 4550 2057 4608 Sicut

458 4658 587 4711 ergo
616 4644 782 4697 risum
814 4645 1263 4712 reprehendimus
1289 4685 1306 4710 ,
1351 4660 1417 4700 eo
1462 4648 1768 4717 importune
1793 4655 2005 4703 utentes
2039 4665 2053 4702 :

456 4736 536 4789 sic
578 4735 741 4790 etiam
782 4735 1086 4807 lacrymas,
1138 4738 1518 4808 intempestive
1571 4754 1665 4795 eas
1710 4750 2052 4813 usurpantes.

458 4827 610 4882 Tunc
629 4826 774 4882 enim
798 4827 1038 4881 cernitur
1060 4828 1484 4900 uniuscujusque
1500 4832 1690 4895 virtus,
1719 4834 1934 4902 quando
1958 4833 2057 4888 du-

460 4921 601 4973 citur
619 4918 688 4974 ad
711 4927 1069 4988 opportunam
1097 4920 1178 4973 sui
1198 4922 1435 4975 muneris
1454 4921 1776 4979 iunctionem
1801 4942 1813 4977 :
1842 4926 2057 4994 quando

458 5021 637 5065 autem
661 5009 726 5063 ad
741 5010 995 5074 alienam,
1015 5026 1375 5093 nequaquam.
1400 5013 1647 5084 Exempli
1666 5030 1848 5083 causa,
1872 5018 2055 5072 vinum

458 5102 641 5157 datum
667 5113 749 5158 est
777 5102 845 5157 ad
877 5103 1137 5171 lmtitiam,
1169 5119 1278 5159 non
1328 5115 1510 5160 autem
1560 5106 1627 5160 ad
1672 5107 1991 5163 ebrietatem
2040 5126 2054 5163 :

462 5195 616 5264 panis
644 5194 711 5250 ad
744 5196 1126 5264 nutritionem,
1169 5196 1344 5251 coitus
1386 5196 1452 5251 ad
1482 5197 1773 5253 liberorum
1806 5213 2059 5269 procrea-

465 5290 687 5345 ticnem.
718 5291 871 5346 Sicut
897 5306 1027 5361 ergo
1055 5305 1118 5345 ea
1140 5291 1534 5360 vituperantur,
1567 5291 1612 5345 si
1634 5290 1835 5347 abusus
1856 5291 2019 5347 fuerit
2043 5311 2057 5347 :

462 5381 530 5435 ita
563 5383 723 5437 etiam
756 5383 1027 5454 Iacrymaz.
1082 5381 1189 5439 Lex
1222 5382 1425 5438 feratur
1453 5392 1512 5437 ut
1552 5384 1604 5437 in
1636 5383 1767 5438 solis
1812 5384 2061 5453 precibus

462 5486 516 5530 et
547 5476 1004 5532 admonitionibus
1031 5476 1096 5532 iis
1123 5477 1199 5531 uti
1226 5477 1387 5532 liceat
1411 5495 1424 5532 :
1450 5486 1505 5531 et
1533 5475 1656 5531 vide
1676 5476 1947 5546 quomodo
1976 5493 2061 5534 res

462 5569 567 5623 erit
590 5569 752 5623 etiam
777 5569 1031 5638 optanda.
1060 5568 1207 5624 Nibil
1234 5569 1305 5624 ita
1333 5580 1522 5641 purgat
1546 5580 1783 5640 peccata,
1801 5580 1861 5625 ut
1889 5570 2067 5643 laci-y—

464 5677 586 5715 nuc.
619 5662 689 5717 Et
727 5663 1003 5733 pulchram
1032 5664 1268 5719 ostendit
1310 5665 1498 5721 faciem
1530 5681 1845 5736 corpoream
1877 5684 1891 5721 :
1933 5683 2055 5724 eum

464 5754 609 5808 enim
657 5756 745 5825 qui
794 5754 939 5809 videt
986 5755 1262 5810 attrahunt
1314 5756 1380 5811 ad
1433 5757 1856 5813 misericordiam
1896 5776 1909 5814 :
1943 5775 2063 5814 eam

468 5846 619 5903 nobis
646 5848 843 5905 iaciunt
867 5863 1084 5920 gravem
1112 5858 1167 5905 et
1188 5848 1487 5907 honesmm.
1506 5851 1647 5907 Nihil
1674 5862 1757 5909 cst
1776 5852 2063 5924 jucundius

1294 348 1360 405 IN
1394 347 1619 405 EPIST.
1660 345 1753 402 AD
1790 340 2067 402 GOLOSS-
2099 339 2261 397 CAP.
2307 342 2395 398 IV.
2432 342 2667 401 BOMIL.
2712 346 2825 402 ΧΠ.

3632 361 3742 417 386

2125 457 2307 512 oculis
2334 459 2779 531 lacrymantibus.
2816 462 2930 517 Hoc
2970 464 3111 519 enim
3154 474 3239 521 est
3274 469 3576 527 membrum
3621 491 3737 528 om-

2140 552 2285 605 nium
2316 552 2366 605 in
2388 554 2544 607 nobis
2565 554 2962 610 nobilissimum
2992 568 3047 612 et
3077 561 3560 628 speciosissimum,
3581 577 3740 636 atque

2130 641 2275 696 adeo
2305 643 2470 711 ipsius
2501 645 2696 700 animae
2720 648 3047 702 membrum.
3077 650 3372 721 Tamquam
3412 669 3541 723 ergo
3568 656 3739 727 ipsam

2142 733 2386 789 videntes
2411 736 2697 792 deﬂeutem
2729 742 2984 806 animam,
3018 743 3088 797 ita
3119 744 3404 800 ﬂectimur.
3433 747 3557 803 llaLc
3586 766 3615 803 a
3644 766 3741 805 no-

2136 827 2224 882 bis
2256 844 2361 882 non
2411 840 2611 885 temere
2652 832 2791 886 dicta
2838 846 3002 901 sunt,
3032 837 3124 892 sed
3158 847 3213 893 ut
3241 855 3337 895 vos
3376 857 3477 897 nec
3506 845 3735 914 nuptiis,

2142 934 2242 974 nec
2269 921 2682 989 saltationibus,
2728 940 2825 979 nec
2852 926 3034 981 choris
3061 930 3246 986 adsitis
3280 935 3554 991 satanicis.
3608 936 3739 992 Vide

2132 1010 2281 1065 enim
2312 1012 2438 1082 quid
2461 1012 2725 1068 invenerit
2753 1015 3021 1072 diabolus.
3053 1019 3185 1075 Nam
3217 1026 3470 1093 quoniam
3498 1043 3527 1081 a
3549 1043 3733 1095 scena,

2141 1112 2196 1157 et
2236 1104 2300 1158 iis
2330 1120 2449 1173 qua:
2470 1105 2586 1160 illic
2612 1116 2740 1161 sunt
2785 1111 2957 1179 turpia
2989 1121 3043 1165 et
3073 1113 3355 1179 indecora,
3404 1119 3515 1187 ipsa
3550 1132 3737 1177 natura

2138 1195 2361 1251 abduxit
2384 1199 2658 1265 mulieres,
2688 1216 2807 1271 quzc
2834 1212 2959 1256 sunt
2995 1203 3187 1258 theatri
3219 1207 3442 1262 abduxit
3479 1212 3527 1264 in
3552 1228 3736 1282 gymn-

2140 1305 2317 1355 eemn,
2348 1292 2560 1357 molles,
2596 1294 2809 1363 inquam
2836 1337 2851 1361 ,
2886 1304 2946 1351 et
2974 1299 3306 1353 meretrices.
3356 1299 3503 1355 Hanc
3532 1314 3736 1372 pestem

2142 1383 2341 1438 invexit
2374 1385 2457 1439 lex
2506 1388 2791 1456 nuptialis,
2827 1388 2935 1443 imo
2983 1404 3112 1444 vero
3157 1406 3261 1445 non
3310 1392 3394 1446 lex
3443 1395 3735 1463 nuptialis,

2138 1477 2295 1541 absit,
2326 1479 2419 1533 sed
2450 1480 2533 1535 lex
2564 1494 2761 1535 nostra:
2794 1484 3061 1537 mollitiei.
3088 1484 3225 1552 Quid
3259 1486 3389 1540 iacis
3412 1527 3428 1552 ,
3471 1501 3504 1540 ο
3533 1490 3738 1543 homo?

2141 1570 2319 1625 nescis
2340 1572 2465 1641 quid
2494 1588 2641 1642 agas.
2674 1573 2948 1629 Mulierem
2974 1575 3126 1631 ducis
3153 1577 3220 1631 ad
3245 1580 3654 1648 temperantiam
3685 1590 3740 1637 et

2144 1662 2434 1717 liberorum
2467 1666 2894 1734 procreationem
2929 1685 2941 1718 ε
2973 1668 3100 1736 quid
3131 1684 3260 1739 ergo
3283 1669 3380 1724 sibi
3410 1671 3595 1726 volunt
3621 1688 3735 1727 me-

2139 1757 2404 1811 retrices?
2430 1757 2501 1812 Ut
2546 1759 2651 1823 sit,
2692 1760 2861 1829 inquit
2888 1802 2898 1822 ,
2930 1761 3102 1830 major
3134 1764 3334 1816 lwtitia.
3386 1765 3577 1818 Annon
3623 1765 3741 1820 lucc

2138 1859 2265 1904 sunt
2292 1851 2612 1921 insipientia:
2638 1852 2660 1905 ?
2689 1853 2898 1909 Prohro
2926 1854 3097 1908 aiticis
3126 1870 3402 1924 sponsam,
3430 1858 3633 1928 probro
3656 1860 3738 1913 af-

2138 1941 2256 1997 ﬁeis
2287 1944 2555 1997 invitatas.
2589 1944 2720 1999 Nam
2761 1946 2803 1999 si
2856 1947 2937 2001 his
2977 1947 3335 2011 delectantur,
3371 1965 3457 2004 res
3500 1959 3581 2005 est
3611 1967 3738 2021 pro-

2143 2036 2297 2089 brum
2344 2046 2397 2090 et
2436 2038 2785 2092 contumelia.
2832 2038 2964 2092 Nam
3008 2040 3049 2092 si
3090 2041 3270 2094 videre
3323 2044 3633 2098 meretrices
3679 2060 3741 2101 se

2140 2126 2369 2196 turpiter
2394 2134 2449 2182 et
2478 2127 2729 2183 indecore
2756 2140 3006 2198 gerentes
3035 2131 3265 2200 aliquam
3312 2133 3467 2188 ati'ert
3498 2138 3743 2206 magniﬁ-

2141 2220 2395 2283 centiam,
2445 2235 2541 2274 cur
2573 2236 2679 2275 non
2719 2221 2945 2276 attrabis
2993 2238 3248 2292 sponsam
3291 2234 3349 2279 ut
3399 2228 3483 2280 illa
3530 2243 3745 2299 quoque

2133 2316 2639 2385 ipeetet?0mnino
2672 2327 2825 2387 turpe
2861 2328 2944 2372 est
2984 2326 3038 2372 et
3065 2318 3396 2385 indecorum,
3434 2322 3579 2376 viros
3609 2324 3744 2378 mul-

2144 2408 2223 2463 les
2250 2418 2306 2463 et
2341 2408 2620 2475 saltantes,
2670 2418 2726 2466 et
2765 2424 2981 2465 omnem
3024 2426 3270 2482 pompam
3315 2415 3604 2471 satanieam
3644 2418 3745 2473 do-

2148 2519 2292 2557 mum
2320 2504 2686 2562 introducere.
2722 2506 2974 2562 Memores
3001 2520 3179 2577 estote,
3214 2511 3402 2581 inquit,
3431 2512 3747 2566 vinculorum

2146 2612 2391 2650 meorum.
2422 2597 2817 2653 Matrimonium
2852 2609 2934 2654 est
2958 2601 3253 2668 vinculum,
3287 2603 3553 2658 vinculum
3579 2620 3608 2657 a
3638 2605 3747 2659 Deo

2145 2687 2493 2741 constitutum
2520 2705 2535 2743 :
2566 2689 2761 2744 solutio
2785 2699 2867 2745 est
2895 2692 3149 2746 meretrix
3174 2702 3229 2748 et
3257 2693 3558 2751 dissolutio.
3597 2695 3749 2752 Licet

2146 2778 2266 2834 aliis
2289 2779 2592 2835 exhilarare
2618 2781 2856 2850 nuptias,
2887 2794 2942 2836 ut
2968 2782 3125 2837 lautis
3150 2785 3351 2840 mensis
3377 2793 3431 2841 et
3457 2788 3745 2843 vestimen-

2150 2872 2216 2925 tis
2242 2888 2254 2923 :
2292 2874 2405 2927 haec
2431 2888 2537 2927 non
2567 2884 2805 2942 amputa,
2842 2890 2908 2930 ne
2938 2875 3121 2931 videar
3148 2892 3269 2932 esse
3294 2878 3448 2934 valde
3473 2881 3696 2951 agrestis
3731 2897 3747 2937 :

2147 2979 2468 3034 quamquam
2495 2966 2752 3022 Rebecca:
2780 2969 2909 3022 satis
2937 2967 3040 3023 fuit
3066 2970 3241 3025 solum
3267 2971 3573 3029 theristrum
3609 2994 3623 3031 :
3653 2978 3748 3031 scd

2149 3070 2254 3111 non
2272 3067 2511 3127 amputo.
2534 3059 2680 3113 Licet
2703 3058 2990 3115 exbilarari
3012 3063 3273 3129 vestibus;
3299 3064 3424 3120 licet
3444 3066 3493 3121 in
3515 3083 3751 3138 prmsen-

2150 3150 2219 3205 tia
2263 3152 2689 3208 venerandorum
2721 3155 2955 3210 virorum
3002 3167 3056 3211 et
3096 3160 3515 3215 reverendarum
3562 3165 3752 3218 mulie-

2149 3258 2289 3299 rum.
2319 3245 2456 3312 Quid
2486 3245 2712 3300 ludibria
2757 3246 2843 3301 illa
2873 3289 2887 3314 ,
2919 3248 3047 3318 quid
3081 3261 3321 3305 monstra
3366 3251 3615 3308 inducis?
3657 3255 3753 3311 Dic

2150 3353 2271 3408 qua:
2300 3338 2454 3393 audis
2485 3339 2553 3393 ab
2583 3340 2734 3409 ipsis.
2763 3342 2833 3394 At
2860 3341 3142 3398 erubescis
3176 3343 3402 3400 dicere?
3429 3346 3507 3402 Tu
3552 3350 3752 3406 erube-

2150 3433 2257 3488 scis
2278 3476 2292 3497 ,
2328 3444 2383 3488 et
2411 3434 2531 3490 illos
2568 3436 2716 3505 cogis
2747 3436 2798 3490 id
2829 3435 3043 3492 facere?
3067 3437 3120 3492 Si
3152 3438 3435 3507 pulchrum
3465 3451 3544 3495 est
3571 3452 3624 3497 et
3652 3443 3749 3496 bo-

2149 3536 2382 3592 nestnm,
2436 3542 2533 3581 cur
2576 3543 2680 3582 non
2737 3529 2852 3598 ipse
2895 3545 3108 3599 quoque
3138 3529 3307 3585 facis?
3353 3533 3397 3586 si
3446 3542 3625 3589 autem
3671 3545 3756 3591 est

2150 3625 2322 3687 turpe,
2368 3633 2465 3671 cur
2505 3618 2668 3672 alium
2714 3620 2895 3690 cegis?
2932 3621 3122 3675 Omnia
3165 3633 3379 3692 oportet
3422 3640 3545 3681 esse
3594 3612 3754 3697 plena

2153 3711 2501 3780 temperantia
2545 3727 2609 3767 ac
2656 3712 2952 3779 modestia,
3004 3714 3267 3785 gravitate
3321 3726 3376 3771 et
3426 3718 3748 3776 honestate:

2151 3820 2292 3859 nunc
2328 3820 2454 3860 vero
2484 3806 2815 3859 contrarium
2852 3806 3030 3869 video,
3066 3807 3323 3862 saltantes
3368 3818 3635 3880 tamquam
3663 3827 3759 3867 ca-

2154 3897 2350 3963 melos,
2378 3905 2651 3967 tamquam
2672 3897 2870 3952 mulos.
2903 3898 3103 3969 Virgini
3127 3899 3274 3954 stilus
3301 3913 3385 3955 est
3404 3910 3559 3971 aptus
3583 3907 3752 3958 thala-

2153 4007 2292 4045 mus.
2326 3991 2397 4045 At
2444 3999 2547 4054 est,
2580 3990 2787 4062 inquit,
2822 4007 3043 4061 pauper.
3095 3993 3359 4059 Quoniam
3408 4006 3491 4051 est
3531 4012 3756 4068 pauper,

2154 4082 2316 4139 debet
2344 4084 2506 4139 etiam
2538 4098 2660 4138 esse
2687 4083 2929 4138 modesta
2961 4094 3015 4139 et
3038 4083 3265 4141 honesta
3294 4104 3307 4139 :
3352 4087 3547 4143 habeat
3584 4106 3761 4148 mores

2154 4192 2254 4245 pro
2284 4174 2508 4230 divitiis.
2540 4175 2659 4229 Non
2688 4184 2866 4246 potest
2898 4174 3028 4230 dare
3057 4176 3280 4230 dotem?
3309 4192 3406 4231 cur
3448 4193 3567 4234 eam
3599 4192 3762 4238 etiam

2156 4268 2289 4321 alias
2344 4267 2527 4322 reddis
2579 4267 3029 4322 contemnendam
3088 4282 3152 4321 ex
3219 4270 3321 4322 hac
3371 4272 3763 4339 perversione?

2157 4361 2343 4415 Laudo
2369 4360 2512 4431 quod
2543 4360 2723 4415 adsint
2753 4360 2990 4430 virgines
3018 4362 3279 4432 arqualem
3307 4377 3458 4418 suam
3487 4362 3759 4421 honoran-

2168 4463 2287 4510 tes:
2324 4453 2466 4523 quod
2501 4453 2678 4508 adsint
2706 4454 2963 4509 mulieres
2999 4468 3118 4508 eam
3165 4455 3525 4524 honorantes,
3558 4474 3678 4529 qua:
3710 4476 3761 4515 m

2160 4561 2314 4600 suum
2348 4562 2630 4601 numerum
2667 4555 2750 4602 est
2795 4546 2963 4601 relata
2998 4547 3143 4603 :hoe
3174 4559 3322 4604 recte
3368 4558 3451 4604 est
3498 4562 3761 4608 constitu-

2161 4649 2298 4694 tum.
2328 4638 2464 4695 Sunt
2502 4639 2645 4694 enim
2678 4639 2729 4694 hi
2759 4638 2868 4694 duo
2898 4640 3049 4695 chori
3085 4659 3097 4694 :
3128 4640 3329 4697 chorus
3370 4642 3637 4713 virginum
3660 4686 3674 4709 ,
3708 4656 3762 4699 et

2161 4732 2361 4787 chorus
2410 4748 2597 4788 earum
2645 4748 2765 4803 qua:
2824 4742 3169 4804 nupserunt:
3213 4734 3320 4789 illae
3370 4735 3627 4801 tradunt,
3681 4746 3765 4790 tia:

2161 4826 2480 4897 suscipiunt.
2508 4827 2717 4896 Sponsa
2746 4836 2832 4882 est
2857 4826 2998 4880 inter
3023 4841 3136 4891 eas,
3167 4841 3341 4897 neque
3392 4826 3561 4897 virgo,
3591 4844 3768 4899 neque

2162 4922 2358 4975 mulier
2389 4938 2402 4974 :
2439 4937 2561 4975 nam
2598 4920 2745 4975 illinc
2774 4919 2988 4989 quidem
3019 4920 3311 4991 egreditur,
3336 4920 3389 4976 in
3423 4920 3559 4977 hanc
3584 4934 3764 4979 autem

2163 5015 2407 5070 ascendit
2427 5015 2677 5070 classem.

2238 5107 2531 5161 Meretrices
2558 5108 2611 5160 in
2641 5107 2839 5177 nuptiis
2863 5107 3124 5161 admixtw.
3145 5138 3214 5147 —
3233 5106 3340 5163 Cur
3374 5118 3553 5163 autem
3584 5124 3763 5167 mere-

2165 5201 2371 5256 trices?
2416 5202 2549 5255 Cum
2598 5210 2874 5271 oporteret
2918 5215 3010 5258 eas
3038 5215 3149 5271 pra:
3192 5201 3399 5271 pudore
3434 5200 3581 5271 tegi,
3639 5202 3767 5257 dum

2166 5293 2367 5364 nuptiae
2389 5292 2752 5359 celebrantur,
2782 5309 2905 5349 cum
2928 5302 3206 5365 oporteret
3238 5310 3331 5350 eas
3358 5295 3520 5349 infodi
3555 5294 3769 5365 (matri-

2171 5388 2340 5444 monii
2371 5389 2516 5444 enim
2550 5390 2829 5458 corruptio
2868 5397 2951 5444 est
2998 5389 3300 5460 scortatio),
3332 5405 3428 5445 nos
3458 5401 3635 5447 autem
3681 5408 3775 5461 cas

2168 5482 2414 5537 ducimus
2443 5482 2509 5537 ad
2539 5482 2774 5552 nuptias.
2806 5482 2871 5537 Et
2900 5481 3120 5551 quando
3159 5481 3361 5551 aliquid
3388 5481 3604 5551 quidem
3642 5481 3768 5537 iaci-

2171 5577 2259 5641 tis,
2288 5576 2449 5630 etiam
2472 5576 2654 5629 verbis
2686 5584 2843 5630 tenus
2863 5575 3131 5630 contraria
3155 5576 3334 5630 omnia
3364 5574 3727 5646 deprecamini
3752 5594 3766 5632 :

2171 5677 2229 5723 ut
2254 5668 2469 5738 quando
2499 5668 2756 5734 seminas,
2780 5667 2997 5738 quando
3018 5668 3203 5723 vinum
3226 5667 3410 5724 hauris
3438 5683 3505 5724 ex
3533 5671 3769 5726 torcula-

2170 5762 2339 5828 ribus,
2370 5777 2439 5816 ue
2483 5760 2827 5832 responderis
2869 5760 3085 5832 quidem
3125 5776 3247 5833 qua:
3291 5777 3516 5833 vappam
3564 5762 3767 5833 signiﬁ—

2170 5864 2295 5911 cant
2329 5873 2341 5911 :
2378 5856 2461 5911 hic
2493 5867 2696 5923 autem,
2732 5854 2818 5910 ubi
2848 5855 3046 5913 decent
3071 5855 3370 5911 moderatio
3395 5864 3444 5908 et
3473 5864 3767 5925 temperan.
