4140 6492
434 350 538 414 537

439 472 544 537 tia,
588 481 813 539 vappam
858 462 1228 530 introducitis;
1282 460 1386 517 hoc
1409 459 1552 515 enim
1606 464 1688 512 est
1730 450 2014 509 meretrix.

437 563 662 632 Quando
686 567 1012 632 unguentum
1041 553 1368 625 componitis
1394 591 1410 616 ,
1442 549 1577 606 nihil
1601 547 1743 604 male
1768 545 1920 601 olens
1951 539 2025 596 si-

441 655 565 708 nitis
581 651 1024 723 appropinquare.
1045 644 1436 701 Matrimonium
1451 651 1533 697 est
1547 647 1875 710 unguentum
1895 648 2026 691 :cur

434 744 578 800 cmiri
627 744 866 798 fmtorem
918 739 1125 794 inducis
1154 738 1208 792 in
1231 735 1674 805 compositionem
1720 732 2019 802 unguenti?

441 837 576 904 Quid
597 834 759 889 dicis?
786 833 942 888 saltat
972 832 1142 900 virgo,
1166 838 1220 883 et
1245 844 1350 882 non
1379 842 1494 882 eam
1519 824 1684 895 pudet
1710 839 1820 878 sua:
1843 839 2022 893 requa-

437 930 545 984 lis?
572 928 794 998 Oportet
823 926 964 980 enim
993 925 1162 993 ipsam
1182 922 1283 978 hac
1299 936 1418 978 esse
1447 920 1804 974 honestiorem
1833 927 1886 972 et
1905 933 2024 988 gra-

440 1021 645 1074 viorem
667 1037 679 1072 :
703 1032 770 1072 ex
795 1018 917 1072 uina
952 1016 1152 1085 quippe
1179 1028 1391 1084 egressa
1420 1020 1523 1078 est,
1545 1026 1650 1066 non
1669 1027 1734 1066 ex
1757 1010 2018 1079 palaestra.

441 1111 556 1164 Non
605 1116 816 1179 oportet
867 1106 1011 1162 enim
1069 1105 1288 1160 omnino
1341 1102 1600 1173 virginem
1655 1114 1918 1172 apparere
1969 1099 2022 1154 in

445 1202 660 1271 nuptiis.

515 1293 568 1347 5.
608 1289 723 1345 Non
757 1289 905 1344 vides
927 1287 1070 1359 quod
1101 1287 1154 1341 in
1183 1286 1325 1356 regia
1352 1284 1439 1355 qui
1465 1291 1588 1339 sunt
1614 1281 1824 1353 quidem
1855 1282 2024 1337 bono.

449 1383 592 1448 rati,
627 1391 754 1436 sunt
782 1383 923 1434 intus
948 1381 1090 1433 circa
1136 1392 1356 1446 regem;
1397 1377 1432 1429 ii
1463 1384 1640 1430 autem
1689 1375 1778 1445 qui
1812 1390 1915 1428 non
1970 1375 2023 1431 in

443 1477 650 1530 honore
678 1482 820 1538 sunt,
846 1480 988 1527 stant
1016 1471 1186 1524 foris?
1215 1469 1300 1523 Sis
1328 1469 1506 1538 itaque
1533 1467 1673 1522 intus
1697 1468 1835 1522 circa
1864 1482 2024 1537 spon—

445 1581 580 1620 sam.
612 1564 716 1620 Sed
747 1572 892 1617 casta
925 1575 1082 1615 mane
1125 1560 1313 1614 domi:
1354 1574 1422 1614 ne
1470 1558 1522 1613 in
1567 1574 1813 1628 pompam
1861 1558 2022 1615 ducas

444 1659 826 1729 virginitatem.
881 1654 1072 1708 Adstat
1132 1661 1355 1722 uterque
1399 1651 1629 1718 chorus;
1675 1652 1762 1706 ille
1810 1649 2022 1722 quidem

441 1749 654 1820 qualem
683 1747 773 1801 det
797 1745 1108 1808 ostendens,
1142 1744 1228 1798 hic
1250 1753 1450 1808 autem,
1479 1751 1536 1796 ut
1556 1757 1670 1796 eam
1699 1750 1980 1796 conservet
2007 1757 2022 1794 :

445 1857 540 1895 cur
565 1838 826 1894 dedecore
849 1835 1019 1892 afﬁcis
1051 1834 1450 1905 virginitatem?
1480 1834 1610 1888 Nam
1641 1835 1683 1888 si
1717 1843 1769 1888 tu
1800 1849 1858 1888 es
1884 1833 2022 1898 talis,

445 1931 569 1985 talia
599 1945 828 1998 sponsus
854 1927 920 1982 de
957 1927 1042 1980 illa
1081 1925 1437 1996 suspicabitur
1469 1944 1480 1979 :
1511 1925 1556 1980 si
1588 1933 1640 1979 tu
1670 1925 1802 1980 velis
1835 1925 2023 1990 amari,

442 2037 506 2076 ea
533 2028 658 2074 sunt
682 2034 829 2089 copae
855 2060 868 2083 ,
902 2018 1109 2072 olerum
1151 2016 1458 2070 venditricis
1484 2025 1537 2071 et
1564 2017 1788 2085 upiticis.
1833 2018 2026 2070 Annon

445 2125 566 2170 sunt
603 2114 713 2167 hmc
741 2111 992 2181 probrum
1021 2119 1074 2164 et
1103 2107 1375 2163 dedecus?
1401 2108 1662 2163 Probrum
1690 2109 1832 2162 enim
1863 2118 1945 2162 est
1973 2115 2028 2162 et

443 2209 676 2262 dedecus
707 2220 763 2259 se
793 2203 1044 2258 indecore
1074 2216 1285 2271 gerere,
1319 2201 1482 2255 etiam
1522 2200 1567 2254 si
1609 2200 1677 2254 sit
1711 2185 1816 2254 ﬁlia
1864 2199 2023 2269 regis.

445 2299 579 2353 Num
607 2296 853 2366 prohibet
886 2293 1209 2364 paupertas?
1237 2307 1362 2347 num
1390 2293 1512 2346 vitae
1539 2291 1774 2346 studium
1797 2300 1850 2346 ct
1878 2291 2029 2344 insti-

446 2388 656 2446 tutum?
684 2386 898 2442 Etiamsi
927 2399 1081 2440 serva
1103 2385 1172 2438 sit
1203 2384 1373 2453 virgo,
1399 2393 1613 2438 maneat
1644 2383 1694 2436 in
1722 2380 1980 2452 pudicitia
2007 2398 2019 2434 :

447 2483 511 2537 1η
544 2483 740 2537 Clu-isto
769 2479 911 2535 enim
934 2477 969 2530 J
974 2494 1061 2532 esu
1086 2494 1186 2531 non
1213 2486 1284 2531 est
1305 2493 1496 2541 servus,
1538 2492 1626 2530 nec
1653 2477 1774 2534 liber
1801 2474 1942 2545 (Gal.
1970 2475 2024 2528 5.

443 2577 558 2642 :28).
588 2573 944 2626 'fheatrumue
974 2578 1054 2624 est
1090 2568 1531 2622 matrimonium?
1586 2568 1682 2621 Est
1708 2566 2023 2638 mysterium

443 2679 495 2719 et
521 2665 594 2720 rei
622 2677 824 2732 magnae
847 2671 1002 2732 typus
1030 2676 1042 2712 :
1071 2668 1124 2714 et
1145 2660 1189 2713 si
1208 2659 1380 2728 ipsum
1401 2674 1506 2713 non
1524 2659 1846 2724 reverearis,
1871 2672 2027 2712 reve-

448 2773 563 2810 rere
581 2755 629 2808 id
649 2754 798 2823 Cujus
826 2762 907 2806 est
938 2759 1114 2821 typus.
1147 2749 1551 2813 Sacrameutum,
1577 2749 1767 2819 inquit,
1794 2750 1890 2804 Iwc
1917 2765 2028 2803 ma-

444 2865 594 2918 gnum
613 2857 685 2902 est
711 2864 728 2898 :
751 2862 838 2916 ego
861 2853 1024 2897 autem
1045 2843 1158 2896 dico
1182 2843 1231 2896 in
1249 2842 1449 2897 Christo
1474 2851 1521 2896 et
1549 2841 1776 2896 Ecclesia
1802 2841 2020 2913 (Ep/tes.

445 2947 499 3001 5.
529 2942 640 3010 52).
662 2941 911 2996 Ecclesia)
937 2948 1016 2993 est
1044 2947 1200 3008 typus
1221 2947 1273 2993 et
1290 2938 1507 3004 Christi,
1537 2948 1590 2993 et
1617 2940 1930 2994 meretrices
1947 2941 2028 2993 iu-

448 3035 703 3091 troducis?
720 3033 772 3088 Si
792 3047 941 3102 ergo,
963 3031 1151 3100 inquit,
1175 3045 1346 3100 neque
1363 3031 1592 3100 virgines
1612 3031 1835 3097 saltant,
1851 3047 2027 3101 neque

445 3143 564 3197 quae
607 3133 939 3194 nupserunt,
985 3123 1105 3193 quis
1152 3123 1410 3177 saltabit?
1455 3122 1685 3177 Nullus:
1732 3124 2030 3179 saltationis

447 3221 586 3274 enim
615 3231 857 3287 quamam
887 3223 970 3270 est
997 3213 1325 3269 necessitas?
1347 3213 1403 3268 ln
1433 3213 1698 3287 mysteriis
1716 3214 2026 3269 Grzrcorum

448 3321 572 3364 sunt
597 3308 952 3370 saltationes;
1006 3305 1056 3358 in
1088 3305 1286 3358 nostris
1329 3313 1506 3360 autem
1543 3305 1815 3361 silentium
1843 3318 1898 3361 et
1933 3307 2030 3362 ho-

449 3411 596 3457 nesta
621 3400 870 3470 gravitas,
898 3396 1068 3467 pudor
1092 3404 1140 3449 et
1173 3395 1453 3450 modestia.
1481 3396 1725 3466 Magnum
1761 3399 2029 3468 peragitur

449 3493 785 3564 mysterium,
808 3489 951 3543 foras
979 3487 1308 3554 meretrices,
1339 3486 1482 3542 foras
1505 3487 1732 3557 proferri.
1751 3489 2029 3555 Quomodo

446 3597 528 3639 est
559 3581 913 3655 mysterium?
956 3580 1316 3645 Conveniunt,
1365 3587 1417 3634 et
1452 3578 1560 3634 duo
1587 3578 1789 3634 faciunt
1838 3597 2025 3636 unum.

448 3680 554 3734 Cur
611 3675 824 3748 quando
873 3673 1168 3742 ingreditur
1220 3673 1466 3742 quidem,
1519 3687 1624 3728 non
1666 3683 1744 3728 est
1793 3675 2022 3740 saltatio,

447 3787 552 3826 non
599 3780 723 3824 sunt
766 3766 1044 3837 cymbala,
1087 3763 1181 3818 sed
1227 3764 1449 3819 multum
1500 3765 1804 3830 silentium,
1862 3767 2025 3820 multa

445 3861 628 3930 quies;
661 3857 872 3930 quando
919 3864 1095 3909 autem
1151 3855 1492 3920 conveniunt,
1546 3871 1651 3910 non
1685 3856 2022 3910 inanimatam

447 3951 753 4020 imaginem,
784 3963 889 4006 non
923 3945 1152 4016 alicujus
1181 3961 1247 4000 ex
1281 3946 1344 4001 iis
1373 3961 1492 4017 quae
1521 3957 1644 4002 sunt
1668 3949 1718 4002 in
1744 3958 1902 4016 terra,
1929 3949 2024 4006 sed

447 4043 610 4112 ipsius
640 4041 732 4094 Dei
763 4037 1019 4092 facientes
1061 4036 1343 4107 imaginem
1367 4046 1419 4092 et.
1455 4037 1877 4107 similitudinem,
1907 4050 2022 4096 tan-

446 4146 554 4189 tum
582 4130 870 4187 introducis
890 4129 1193 4194 tumultum,
1214 4138 1266 4183 et
1285 4144 1378 4184 eos
1401 4130 1487 4199 qui
1511 4129 2022 4202 adsuntperturhas,

445 4236 498 4282 et
538 4225 800 4281 dedecore
827 4223 1063 4278 animam
1111 4220 1283 4276 afﬁcis
1333 4229 1387 4276 et
1427 4222 1750 4279 conturbas?
1794 4223 2025 4281 Veniunt

445 4317 606 4372 futuri
637 4329 798 4370 unum
826 4328 1024 4383 corpus
1054 4330 1066 4366 :
1095 4328 1221 4368 ecce
1249 4328 1435 4368 rursus
1478 4317 1788 4386 mysterium
1831 4321 2024 4374 carita-

447 4411 533 4464 tis.
557 4408 614 4464 Si
644 4407 751 4461 duo
776 4420 884 4459 non
915 4403 1039 4458 facti
1075 4402 1277 4459 fuerint
1303 4421 1492 4471 unum,
1518 4422 1623 4461 non
1654 4407 1852 4464 faciunt
1884 4412 2023 4465 mul-

445 4516 552 4568 tos,
584 4498 837 4571 quamdiu
855 4499 960 4553 duo
987 4499 1319 4564 manserint;
1348 4500 1560 4568 quando
1585 4511 1760 4558 autem
1784 4506 2026 4558 venerint

445 4593 512 4646 ad
541 4592 820 4654 unitatem,
875 4597 1001 4642 tunc
1051 4587 1269 4642 faciunt.
1303 4588 1437 4656 Quid
1475 4605 1542 4644 ex
1586 4591 1688 4647 hoc
1732 4593 2026 4649 discimus?

445 4682 598 4752 Quod
636 4680 848 4736 unionis
881 4693 1072 4748 magna
1123 4678 1192 4732 sit
1218 4679 1316 4734 vis.
1363 4680 1548 4736 Solers
1597 4681 1691 4736 Dei
1736 4684 2022 4740 artiﬁcium

447 4789 607 4829 unum
639 4773 692 4827 in
741 4770 846 4825 dno
872 4769 1055 4824 divisit
1092 4768 1162 4823 ab
1194 4770 1372 4835 initio;
1405 4781 1457 4826 et
1508 4772 1696 4827 volens
1740 4775 2026 4831 ostendere

449 4865 590 4936 quod
619 4863 776 4920 etiam
811 4870 1090 4932 postquam
1138 4862 1206 4916 sit
1229 4862 1436 4918 divisus
1469 4875 1648 4919 manet
1681 4881 1875 4934 unum,
1917 4883 2022 4924 non

446 4957 575 5011 sinit
602 4969 764 5008 unum
791 4951 1039 5008 sufﬁcere
1064 4951 1130 5006 ad
1176 4953 1596 5023 generationem.
1625 4955 1739 5011 Non
1767 4967 1850 5014 est
1877 4961 2019 5016 enim

449 5061 602 5113 unus,
632 5045 719 5114 qui
748 5042 981 5098 nondum
1010 5050 1091 5098 est
1127 5043 1362 5112 junctus,
1392 5044 1485 5100 sed
1511 5045 1788 5102 dimidium
1819 5051 1975 5106 unius
2000 5069 2014 5105 :

445 5148 502 5194 et
558 5138 681 5192 hinc
727 5135 903 5206 palam
962 5141 1045 5188 est
1099 5133 1240 5204 quod
1295 5135 1436 5189 ﬁlios
1477 5136 1710 5192 nondum
1752 5150 2018 5208 procreet.

451 5229 638 5284 Vidisti
662 5226 972 5298 mysterium
999 5225 1342 5295 nuptiarum?
1382 5226 1530 5282 Fecit
1571 5243 1635 5283 ex
1681 5245 1788 5285 uno
1815 5246 1977 5286 unum
2003 5273 2020 5298 ,

447 5331 504 5378 et
549 5335 738 5378 rursus
775 5334 898 5374 cum
942 5318 1043 5372 hos
1089 5316 1225 5372 duos
1276 5318 1488 5374 fecisset
1536 5336 1724 5389 unum,
1773 5324 1850 5379 sic
1898 5324 2026 5381 facit

448 5431 631 5469 unum.
661 5413 1018 5480 Quamobrem
1048 5425 1116 5464 ex
1151 5425 1256 5464 uno
1299 5427 1511 5482 quoque
1558 5415 1793 5470 nascitur
1838 5415 2020 5474 homo.

449 5506 637 5561 Mulier
663 5505 805 5559 enim
831 5513 886 5572 et
914 5503 994 5557 vir
1020 5519 1127 5559 non
1169 5515 1294 5560 sunt
1320 5505 1425 5561 duo
1451 5504 1715 5574 homines,
1741 5509 1834 5564 sed
1863 5508 2024 5565 homo

453 5612 589 5649 unus
615 5618 628 5652 :
662 5596 818 5664 idque
845 5605 1023 5666 potest
1049 5597 1259 5666 probari
1287 5613 1353 5652 ex
1381 5598 1593 5652 multis:
1624 5613 1690 5653 ex
1719 5598 1939 5669 Jacobo,
1969 5612 2024 5657 et

454 5700 520 5738 ex
547 5685 710 5738 Maria
742 5696 909 5740 matre
931 5687 1147 5756 Christi,
1177 5705 1240 5743 ex
1265 5704 1328 5744 c0
1355 5689 1495 5759 quod
1535 5691 1699 5754 dicat,
1737 5690 2021 5748 Masculum

450 5771 757 5842 ctfeminam
794 5781 912 5848 fecit
937 5795 1025 5833 eos
1051 5782 1201 5854 (Cen.
1237 5786 1428 5858 1.97).
1473 5783 1526 5838 Si
1567 5781 1656 5836 ille
1697 5785 1910 5854 quidem
1940 5798 2021 5842 est

1237 351 1294 406 S.
1346 342 1621 406 JOANNIS
1658 335 2130 397 CHRYSOSTOMI
2171 332 2486 390 AliClllEP.
2527 331 3058 391 CONSTANTINOP.

3602 341 3704 398 383

2128 456 2304 518 caput,
2363 446 2450 500 illa
2493 461 2622 502 vero
2662 461 2875 518 corpus,
2907 446 3175 519 quomodo
3220 444 3365 502 duo?
3414 447 3702 521 Propterea

2127 537 2242 594 haec
2266 537 2480 608 quidem
2503 537 2766 607 discipuli,
2796 539 2884 594 ille
2904 554 3031 594 vero
3054 538 3227 594 locum
3255 549 3399 596 tenet
3428 544 3667 613 magistri
3687 561 3705 600 t

2127 629 2219 684 ille
2242 629 2518 700 principis,
2547 628 2661 686 haec
2697 630 2814 699 ejus
2842 646 2960 700 quae
2987 640 3138 700 paret
3179 631 3426 702 principi.
3479 633 3559 689 Ex
3591 635 3704 705 ipsa

2125 738 2336 794 quoque
2358 724 2602 793 corporis
2626 723 2944 780 formatione
2970 723 3168 780 videris
3187 739 3306 780 esse
3332 741 3532 781 unum:
3567 728 3704 784 facta

2125 823 2208 868 est
2227 815 2368 868 enim
2400 830 2468 870 ex
2498 815 2664 870 latere
2683 855 2698 880 ,
2731 824 2786 869 et
2826 824 3096 885 tamquam
3117 815 3226 872 duo
3251 832 3322 872 ex
3347 817 3569 873 dimidio
3597 818 3708 874 dis-

2125 914 2269 959 secta
2287 912 2430 959 sunt.
2454 905 2742 976 Propterea
2764 920 2880 962 eam
2898 921 3107 976 quoque
3122 915 3276 963 vocat
3295 907 3632 978 adjutrieem,
3650 921 3708 966 ut

2125 995 2372 1051 ostendat
2397 1011 2490 1053 eos
2511 1013 2630 1053 esse
2654 1013 2835 1052 unum.
2865 996 2988 1053 ldeo
3008 1006 3063 1052 et
3083 999 3218 1068 patri
3244 1007 3300 1054 et
3321 1001 3477 1055 matri
3504 1001 3712 1070 profert

2125 1089 2556 1161 conjunctionem
2585 1100 2640 1146 et
2680 1089 3150 1156 cohabitationem,
3197 1100 3257 1146 ut
3287 1093 3538 1149 ostendat
3563 1095 3706 1166 quod

2126 1183 2234 1236 sint
2257 1198 2439 1236 unum.
2473 1182 2534 1237 Et
2580 1191 2732 1252 pater
2757 1182 3006 1238 similiter
3034 1182 3245 1238 laatatur
3279 1192 3333 1240 et
3362 1184 3470 1240 ﬁlia
3514 1197 3568 1242 et
3596 1188 3705 1244 ﬁlio

2122 1274 2320 1343 junctis
2347 1274 2703 1338 matrimonio,
2734 1274 2875 1344 quod
2904 1289 3099 1344 corpus
3143 1285 3397 1346 properet
3444 1278 3509 1333 ad
3549 1295 3704 1336 suum

2127 1365 2426 1421 membrum
2457 1385 2470 1420 :
2502 1367 2666 1437 ﬁtque
2693 1375 2872 1422 tantus
2901 1375 3144 1438 sumptus
3170 1377 3224 1424 et
3253 1370 3491 1440 pecunia:
3538 1373 3704 1428 detri-

2126 1466 2386 1522 mentum,
2417 1467 2472 1513 et
2502 1467 2680 1514 tamen
2726 1458 2780 1514 id
2813 1459 2953 1515 ferre
2984 1459 3186 1530 nequit,
3220 1469 3277 1515 ut
3319 1477 3425 1520 non
3451 1463 3703 1534 conjuge-

2127 1560 2238 1604 tum
2281 1550 2472 1606 videat.
2532 1551 2827 1621 Tamquam
2869 1552 3011 1607 enim
3065 1553 3178 1622 ipsa
3222 1553 3455 1609 abscissa
3502 1569 3702 1620 carne,

2126 1653 2348 1714 uterque
2370 1652 2451 1698 est
2477 1640 2824 1713 imperfectus
2849 1643 2915 1698 ad
2939 1645 3229 1701 liberorum
3259 1647 3703 1714 procreationem,

2128 1747 2350 1806 uterque
2375 1746 2459 1792 est
2491 1737 2836 1806 imperfectus
2863 1737 2928 1792 ad
2963 1739 3244 1808 praesentis
3277 1740 3401 1795 vitae
3447 1741 3709 1795 constitu-

2129 1829 2346 1884 tionem.
2399 1828 2688 1898 Propterea
2716 1829 2846 1898 dicit
2884 1830 3044 1884 etiam
3091 1829 3347 1900 propheta
3375 1871 3390 1899 ,
3438 1831 3709 1902 Reliquum

2127 1920 2336 1989 Spiritus
2373 1920 2446 1973 tui
2494 1920 2750 1993 (Malach.
2789 1921 2844 1974 2.
2889 1919 3000 1991 15).
3041 1922 3318 1990 Quomodo
3368 1933 3546 1979 autem
3585 1933 3711 1979 sunt

2128 2013 2285 2065 etiam
2321 2011 2374 2065 in
2421 2027 2584 2067 carne
2621 2012 2772 2066 una?
2812 2011 2882 2068 Ut
2905 2013 2951 2067 si
2995 2013 3110 2067 auri
3139 2013 3404 2069 ademeris
3444 2014 3586 2085 quod
3629 2025 3711 2070 est

2129 2105 2494 2175 purissimum,
2520 2115 2574 2160 et
2599 2106 2754 2161 alteri
2783 2121 2914 2161 auro
2942 2106 3294 2163 admiscueris
3325 2124 3350 2160 τ
3371 2108 3441 2162 ita
3468 2108 3554 2162 hic
3576 2124 3709 2178 quo-

2129 2211 2252 2265 que,
2281 2196 2334 2250 id
2379 2197 2519 2266 quod
2551 2206 2633 2251 est
2677 2198 3079 2266 pinguissimum
3101 2241 3114 2261 ,
3144 2209 3407 2268 tamquam
3451 2199 3709 2254 fundente

2128 2286 2416 2356 voluptate,
2446 2287 2740 2357 suscipiens
2769 2288 2962 2344 mulier
2985 2289 3079 2342 alit
3111 2298 3165 2343 et
3198 2289 3376 2354 fovet,
3405 2298 3460 2344 et
3496 2305 3617 2344 cum
3645 2305 3709 2345 ea

2127 2395 2244 2449 qua:
2271 2388 2395 2434 sunt
2420 2394 2513 2434 sua
2540 2381 2844 2447 contulerit,
2896 2382 3008 2436 viro
3042 2381 3236 2438 reddit.
3289 2382 3358 2437 Et
3397 2392 3480 2438 est
3534 2382 3709 2438 infans

2129 2472 2295 2528 instar
2319 2473 2512 2546 pontis.
2541 2472 2894 2540 Quamobrem
2919 2481 3026 2529 tres
3045 2473 3177 2528 ﬁunt
3201 2489 3301 2528 una
3332 2489 3480 2541 caro,
3511 2473 3710 2529 infante

2127 2567 2394 2638 utrimque
2434 2576 2686 2637 utrosque
2716 2569 3090 2638 conjungente.
3131 2567 3278 2624 Sicut
3321 2569 3461 2623 enim
3501 2570 3545 2624 si
3588 2585 3709 2624 cum

2127 2661 2247 2716 dure
2275 2661 2384 2714 sint
2405 2660 2664 2726 civitates,
2699 2669 2752 2715 et
2778 2658 2967 2714 ﬂuvius
2991 2675 3082 2715 eas
3111 2661 3328 2715 omnino
3356 2660 3576 2724 dividat,
3609 2677 3709 2716 una

2128 2754 2189 2809 ﬁt
2212 2754 2402 2809 civitas
2429 2763 2590 2824 ponte
2632 2753 2898 2823 utrimque
2940 2752 3294 2824 conjungente
3331 2771 3342 2808 :
3378 2754 3448 2807 ita
3499 2761 3581 2809 est
3624 2753 3710 2808 hic

2127 2861 2364 2917 quoque,
2393 2853 2448 2900 et
2476 2847 2662 2917 magis,
2699 2845 2909 2915 quando
2937 2846 3050 2915 ipse
3082 2860 3214 2916 pons
3239 2857 3319 2900 ρει
3345 2861 3409 2901 ex
3439 2847 3712 2918 utriusque

2127 2937 2394 3004 essentia,
2425 2952 2489 2992 ea
2527 2937 2732 2992 ratione
2776 2947 2833 2992 ut
2859 2951 3053 3007 corpus
3091 2947 3146 2992 et
3187 2946 3345 3007 caput
3389 2938 3496 2992 sint
3547 2955 3707 2994 unum

2127 3045 2323 3101 corpus
2353 3047 2366 3084 :
2397 3030 2537 3085 collo
2563 3030 2703 3084 enim
2751 3030 3038 3096 dividitur;
3086 3029 3180 3085 sed
3226 3044 3330 3085 non
3358 3031 3524 3101 magis
3568 3031 3706 3086 divi-

2129 3123 2331 3179 duntur
2353 3139 2510 3193 quam
2539 3124 2930 3194 cunjunguntur
2957 3123 2973 3154 ¹
3005 3145 3018 3180 :
3049 3138 3172 3176 nam
3191 3140 3309 3178 cum
3333 3125 3402 3178 sit
3430 3124 3660 3178 medium
3689 3165 3706 3190 ,

2129 3225 2415 3285 utrumque
2444 3214 2736 3284 coniungit.
2769 3215 2838 3269 Et
2864 3215 3084 3285 perinde
3114 3214 3171 3269 ﬁt
3199 3225 3253 3269 ut
3293 3216 3337 3270 si
3375 3215 3570 3271 chorus
3596 3217 3708 3271 dis-

2133 3315 2364 3371 tractus,
2410 3321 2512 3361 una
2561 3307 2775 3376 quidem
2814 3307 2928 3376 ejus
2961 3315 3114 3373 parte
3165 3307 3290 3362 hinc
3339 3317 3579 3378 accepta,
3627 3307 3708 3362 al-

2133 3407 2245 3455 tera
2294 3406 2471 3453 autem
2515 3411 2547 3451 a
2613 3397 2873 3464 dextera,
2929 3413 3092 3452 unum
3147 3398 3332 3454 fecerit
3378 3417 3390 3453 :
3436 3410 3526 3454 aut
3573 3402 3707 3455 sicut

2130 3491 2219 3561 qui
2265 3490 2459 3545 fuerint
2529 3491 2584 3544 in
2633 3506 2797 3544 unum
2849 3490 3145 3557 contracti,
3176 3491 3334 3546 etiam
3385 3506 3575 3548 manus
3616 3508 3706 3548 ett-

2133 3584 2410 3640 tendentes
2461 3592 2587 3638 sunt
2634 3599 2796 3637 unum
2840 3601 2855 3634 :
2893 3598 3084 3638 manus
3135 3583 3278 3638 enim
3319 3591 3554 3639 extensa:
3601 3599 3707 3638 non

2129 3677 2311 3732 sinunt
2339 3690 2460 3731 esse
2487 3675 2641 3730 duos.
2672 3674 2959 3746 Propterea
2991 3684 3177 3730 exacte
3205 3685 3259 3731 et
3281 3684 3528 3731 accurate
3552 3676 3705 3740 dixit,

2129 3785 2260 3836 non,
2290 3771 2457 3824 Erunt
2483 3782 2586 3822 una
2617 3782 2766 3834 caro,
2795 3767 2912 3836 sed,
2946 3766 3012 3821 1η
3049 3784 3202 3821 uuam
3238 3784 3480 3837 carnem,
3515 3784 3708 3838 nempe

2127 3865 2194 3919 ab
2221 3863 2420 3918 infante
2466 3861 2758 3930 conjuncti.
2796 3860 2932 3928 Quid
2960 3877 3118 3929 vero,
3145 3861 3356 3932 quando
3401 3878 3506 3917 non
3551 3862 3709 3918 fuerit

2129 3955 2325 4018 infans,
2349 3971 2451 4009 non
2476 3964 2633 4009 erunt
2657 3953 2800 4008 duo?
2825 3954 3026 4020 Erunt;
3057 3955 3157 4009 hoc
3175 3955 3315 4010 enim
3345 3955 3469 4010 facit
3489 3957 3663 4010 coitus
3690 3974 3706 4013 :

2127 4045 2405 4102 confundit
2440 4053 2496 4100 et
2520 4045 2830 4100 commiscet
2872 4046 3150 4100 amborum
3195 4060 3442 4115 corpora,
3473 4056 3528 4101 et
3571 4047 3709 4101 sicut

2127 4137 2216 4210 qui
2246 4139 2296 4193 in
2321 4137 2496 4194 oleum
2532 4137 2713 4209 injecit
2739 4145 3087 4207 unguentum,
3129 4146 3296 4193 totum
3339 4137 3466 4193 facit
3495 4153 3660 4193 unum
3687 4153 3703 4192 :

2128 4233 2199 4287 ita
2233 4232 2318 4288 hic
2345 4247 2573 4303 quoque.

2198 4325 2251 4381 6.
2293 4324 2417 4380 Scio
2467 4324 2663 4378 multos
2711 4322 2916 4392 pudore
2959 4322 3100 4377 afﬁci
3149 4323 3212 4377 iis
3241 4337 3361 4392 qua:
3400 4321 3696 4386 dicuntur;

2129 4431 2286 4473 causa
2313 4426 2494 4472 autem
2525 4431 2716 4471 eorum
2758 4431 2878 4486 quae
2908 4414 3018 4470 dixi
3043 4423 3124 4470 est
3153 4415 3318 4469 libido
3347 4424 3400 4470 et
3427 4413 3706 4484 impudici—

2129 4511 2222 4564 tia.
2267 4507 2417 4575 Quod
2465 4507 2542 4561 sic
2585 4506 2713 4560 ﬁant
2762 4507 2992 4576 nuptiaz,
3037 4507 3177 4576 quod
3217 4515 3628 4575 corrumpantur
3651 4513 3705 4560 et

2128 4602 2506 4670 depraventur.
2536 4597 2588 4651 id
2626 4613 2739 4653 rem
2769 4597 2943 4652 reddit
2977 4597 3216 4652 odiosam
3245 4612 3259 4649 :
3290 4596 3421 4651 Nam
3459 4595 3701 4650 Honora-

2129 4692 2250 4746 bilcs
2277 4699 2390 4746 sunt
2421 4691 2610 4761 nuptia:
2629 4730 2644 4756 ,
2675 4699 2722 4744 et
2760 4689 2926 4743 cubile
2954 4688 3344 4743 immaculatum
3392 4687 3582 4759 (Hebr.
3612 4688 3701 4742 l5.

2128 4783 2207 4854 4).
2236 4781 2372 4850 Quid
2416 4791 2468 4836 te
2517 4780 2678 4850 pudet
2715 4781 2830 4849 ejus
2874 4780 3016 4847 quod
3065 4790 3149 4835 est
3192 4780 3550 4835 honorabile?
3576 4781 3706 4850 quid

2129 4871 2402 4929 erubescis
2447 4871 2516 4926 ob
2560 4869 2612 4925 id
2645 4870 2787 4940 quod
2816 4877 2899 4924 est
2924 4869 3366 4924 immaculatum?
3415 4869 3541 4924 Haec
3582 4877 3709 4923 sunt

2129 4964 2536 5029 hrereticorum;
2568 4963 2682 5017 hmc
2711 4971 2836 5016 sunt
2864 4977 3052 5016 eorum
3090 4961 3180 5032 qui
3216 4960 3556 5016 introducunt
3596 4975 3709 5016 me-

2127 5057 2368 5114 retrices.
2421 5056 2713 5124 Propterea
2743 5054 2867 5108 volo
2897 5055 3072 5122 ipsum
3100 5067 3401 5122 expurgare
3431 5051 3706 5107 matrimo-

2128 5154 2297 5218 nium,
2333 5159 2388 5204 ut
2415 5149 2666 5204 reducam
2693 5151 2760 5203 ad
2781 5163 2930 5203 suam
2963 5147 3294 5204 nobilitatem
3314 5189 3330 5213 ,
3373 5158 3430 5203 ut
3457 5149 3706 5205 obturem

2129 5259 2222 5298 ora
2255 5242 2645 5297 hazreticorum.
2701 5240 2907 5295 Probro
2937 5239 3184 5294 allectum
3229 5249 3312 5294 est
3347 5240 3440 5295 Dei
3470 5239 3704 5307 donum,

2131 5336 2283 5390 radix
2332 5344 2529 5389 nostra:
2581 5333 2945 5403 generationis
2997 5350 3009 5384 :
3063 5348 3184 5387 nam
3231 5334 3457 5388 multum
3505 5335 3611 5388 limi
3653 5343 3709 5388 et

2129 5428 2270 5483 caeni
2302 5427 2551 5496 injectum
2577 5434 2660 5480 est
2683 5425 2866 5479 radici.
2909 5425 3023 5480 Hoc
3049 5441 3176 5496 ergo
3204 5427 3411 5482 ratione
3439 5442 3706 5496 expurge-

2131 5537 2247 5575 nms
2293 5538 2306 5574 :
2347 5521 2606 5574 sustinete
2647 5519 2802 5588 igitur
2827 5534 3054 5588 parum;
3100 5535 3220 5574 nam
3261 5531 3315 5576 ct
3359 5521 3449 5591 qui
3491 5537 3705 5576 coemun

2195 5635 2209 5662 ¹
2238 5631 2328 5680 llic
2356 5631 2489 5679 locus
2507 5630 2577 5678 sic
2599 5627 2803 5678 habetur
2827 5632 2874 5678 in
2890 5633 3109 5692 margine
3135 5630 3410 5685 Savil.......
3447 5647 3508 5685 ea
3526 5634 3708 5683 ratium

2131 5701 2180 5743 ut
2205 5692 2363 5742 omnia
2404 5695 2616 5759 "multra
2651 5707 2700 5759 ut
2721 5695 2892 5759 ordiare
2929 5696 2998 5746 ad
3021 5707 3161 5759 caput
3183 5705 3401 5759 cooptata
3436 5701 3708 5759 mutuum!

2133 5770 2307 5824 (unum
2329 5794 2340 5810 ,
2364 5757 2576 5815 quartwis
2597 5758 2719 5824 collo
2743 5757 3060 5807 dividantur:
3089 5757 3324 5818 suntidc'm
3349 5771 3440 5808 non
3467 5757 3620 5823 magis
3651 5761 3704 5811 lci

2137 5817 2417 5866 dividuntur
2439 5835 2470 5884 (ι
2491 5832 2582 5866 tam
2609 5817 2981 5884 conjimguntur,
3029 5827 3128 5870 etc.
