4140 6488
332 404 335 407 -
371 366 494 422 ~38?

453 480 522 532 Αἰ
568 478 627 531 δὲ
676 477 896 547 πόρναι,
923 472 1013 528 διὰ
1042 472 1128 540 τί;
1163 470 1292 526 Δέον
1322 472 1494 535 αὐτὰς
1543 470 1988 541 ἐγκολύπτεσθαι

378 572 511 624 ὅταν
535 568 716 639 γάμος
741 564 799 639 ᾖ,
835 564 955 618 δέον
980 564 1153 627 αὐτὰς
1182 562 1616 634 κατορύττεσθαι
1654 562 1859 632 (φθορὰ
1882 560 1994 633 γὰρ

382 660 567 729 γάμου
594 656 867 727 πορνεία),
893 655 1059 723 ἡμεῖς
1102 652 1156 705 δὲ
1204 652 1415 721 ἄγομεν
1444 650 1615 713 αὐτὰς
1648 651 1727 714 εἰς
1754 650 1989 720 γάμους.

385 748 498 803 Kal
538 748 671 800 ὅταν
710 745 809 815 μέν
842 762 896 797 τι
934 741 1149 811 ποιῆτε,
1182 741 1278 794 καὶ
1311 739 1475 809 μέχρι
1530 739 1779 808 ῥήματος
1815 737 1994 790 οἰωνί-

380 836 547 903 ,ζεσθε
568 834 639 888 τὰ
669 832 891 889 ἐναντία
909 848 921 861 ·
951 825 1084 895 οἷον,
1111 830 1241 883 ὅταν
1273 828 1528 901 σπείρης,
1553 828 1682 880 ὅταν
1712 825 1995 896 ἀπαντλῇς

366 926 495 979 ’τῶν
524 922 836 993 ὐποληνίων
866 920 960 973 τὸν
990 914 1165 985 οἶνον,
1197 916 1273 971 τὰ
1296 916 1483 988 ὀξίνην
1518 915 1856 987 σημαίνοντα
1882 913 1996 968 οὐδ’

382 1018 451 1070 ἂν
499 1013 849 1085 ἀποκρίνοιο·
881 1009 1119 1063 ἐνταῦθα
1165 1007 1222 1060 δὲ
1288 1004 1646 1077 σωφροσύνης
1678 1004 1993 1074 γινομένης,

386 1104 715 1172 ἐπεισάγετε
753 1100 853 1171 τὴν
897 1098 1117 1170 ὀξίνην;
1150 1098 1310 1151 τοῦτο
1343 1096 1452 1167 γὰρ
1507 1097 1541 1168 ή
1594 1094 1793 1166 πόρνη.
1824 1094 1995 1146 ’Ὅταν

390 1192 562 1263 μύρον
617 1186 1095 1256 κατασκευάζητε,
1140 1184 1294 1237 οὐδὲν
1340 1184 1577 1246 δυσῶδες
1618 1182 1811 1252 ἀφίετε
1856 1181 1996 1249 πλη-

391 1280 622 1344 σιάζειν.
669 1277 861 1348 Μύρον
920 1275 1069 1329 ἐστὶν
1120 1275 1148 1326 6
1184 1274 1393 1343 γάμος·
1423 1273 1477 1326 τί
1516 1271 1700 1326 τοίνυν
1745 1271 1844 1343 τήν
1899 1270 1995 1324 τοῦ

392 1370 659 1442 βορϐόρου
709 1366 978 1421 δυσωδίαν
1027 1363 1349 1433 ἐπεισάγεις
1389 1366 1456 1434 τῇ
1515 1362 1611 1416 τοῦ
1670 1361 1843 1433 μύρου
1897 1379 1997 1415 κα-

389 1462 671 1530 τασκευῇ;
709 1456 774 1509 Τί
821 1456 1039 1524 λέγεις;
1071 1455 1317 1525 ὀρχεῖται
1350 1455 1383 1524 ή
1432 1452 1723 1523 παρθένος,
1759 1452 1852 1504 καὶ
1897 1450 1999 1504 οὐκ

392 1546 717 1617 αἰσχύνεται
756 1542 856 1615 τήν
910 1542 1181 1613 ὁμήλικα;
1222 1541 1443 1613 Ταύτης
1496 1540 1608 1611 γὰρ
1663 1540 1999 1611 σεμνοτέραν

396 1637 568 1707 αὐτὴν
598 1630 742 1687 εἶναι
772 1634 882 1686 δεῖ·
912 1632 971 1696 ἐξ
1015 1631 1267 1701 ἀγκάλης
1312 1648 1398 1700 γε⁹
1425 1630 1525 1683 οὐκ
1560 1631 1623 1683 ἐκ
1659 1628 1999 1699 παλαίστρας

397 1724 612 1792 ἐξῆλθε.
645 1720 937 1776 Φαίνεσθαι
978 1719 1086 1793 γάρ
1112 1719 1252 1784 ὅλως
1278 1720 1337 1773 ἐν
1361 1719 1563 1789 γάμοις
1596 1716 1697 1789 τήν
1730 1716 2000 1789 παρθένον

397 1812 461 1865 οὐ
485 1812 585 1865 δεῖ.
1476 1844 1492 1851 -

475 1898 625 1974 [619]
649 1906 709 1953 ε’.
744 1899 854 1969 Οὐχ
869 1899 1001 1969 ὁρᾷς
1031 1899 1089 1950 ἐν
1124 1900 1236 1961 τοῖς
1258 1896 1574 1967 βασιλείοις,
1597 1896 1679 1949 δτι
1713 1896 1760 1948 οἰ
1783 1894 1880 1966 μὲν
1908 1912 1998 1947 τε·-

397 1990 691 2061 τιμημένοι
720 1987 866 2041 ἔνδον
896 1987 1027 2057 περὶ
1055 1987 1148 2040 τὸν
1181 1986 1409 2058 βασιλέα
1448 1986 1608 2049 εἰσὶν,
1641 1986 1691 2037 οἰ
1722 1984 1780 2037 δὲ
1812 1984 2000 2055 ἄτιμοι

388 2079 532 2144 ἑξως
555 2079 661 2131 Kal
690 2078 752 2130 σύ
784 2076 932 2129 ἔνδον
966 2076 1056 2129 έσο
1082 2077 1212 2147 περὶ
1237 2076 1337 2147 τὴν
1368 2073 1609 2145 νύμφην.
1643 2071 1805 2126 Ἀλλὰ
1840 2073 2002 2141 ἁγνὸς

382 2170 533 2239 ,μένε
564 2166 660 2221 ἐπὶ
687 2167 786 2238 τῆς
834 2166 1045 2230 οἰκίας·
1081 2165 1155 2238 μὴ
1186 2167 1509 2235 ὲκπόμπευε
1545 2164 1647 2234 τήν
1678 2162 1999 2233 παρθενίαν.

396 2256 761 2328 Παρέστηκεν
813 2254 1081 2327 ἑκάτερος
1122 2255 1150 2306 6
1196 2254 1379 2325 χορὸς,
1416 2256 1444 2307 6
1492 2252 1591 2323 μὲν
1634 2252 1753 2306 οἵαν
1799 2251 2005 2305 διδόασι

392 2346 632 2409 δεικνὺς,
663 2344 691 2396 6
718 2342 775 2396 δὲ
808 2341 896 2397 ἵνα
925 2342 1131 2412 ταύτην
1159 2342 1505 2411 φυλάττωσι·
1533 2342 1585 2395 τί
1620 2339 2007 2412 καταισχύνεις

395 2433 495 2504 τὴν
530 2431 870 2504 παρθενίαν;
897 2432 959 2484 Εἰ
987 2431 1097 2501 γὰρ
1133 2431 1197 2483 σύ
1226 2430 1475 2501 τοιαύτη,
1508 2429 1735 2483 τοιαῦτα
1760 2429 1855 2483 καί
1878 2430 2009 2501 περὶ

399 2522 619 2592 ἐκείνης
646 2524 673 2575 6
702 2520 935 2591 νυμφίος
968 2519 1333 2573 ὐποπτεύσει·
1364 2522 1412 2572 εἰ
1444 2519 1508 2572 σὺ
1544 2517 1775 2590 ἐρᾶσθαι
1807 2517 2005 2581 θέλεις,

402 2612 813 2675 παντοπώλιδος
864 2612 960 2665 καὶ
1017 2609 1454 2682 λαχανοπώλιδος
1520 2610 1616 2663 καὶ
1672 2608 2008 2680 δημιουργοῦ

400 2702 595 2757 ταῦτα.
636 2702 752 2757 Οὐκ
800 2700 917 2754 ἐστι
972 2698 1150 2753 ταῦτα
1198 2698 1467 2769 αἰσχύνης
1502 2696 1745 2769 Αἰσχύνη
1798 2699 1917 2750 ἐστί
1951 2697 2012 2751 16

404 2793 759 2862 ἀσχημονεῖν,
800 2790 906 2843 κᾶν
929 2787 1195 2859 βασιλέως
1219 2782 1539 2861 θυγάτηρ
1555 2788 1646 2857 Μὴ
1664 2787 1773 2859 γάρ
1793 2788 1828 2859 ή
1852 2786 2014 2840 πενία

406 2880 636 2947 κωλύει;
668 2880 743 2952 μὴ
768 2877 878 2950 γὰρ
904 2878 965 2931 τὸ
993 2876 1363 2949 ἐπιτήδευμα;
1389 2876 1512 2930 Κᾶν
1533 2876 1695 2949 δούλη
1720 2872 1855 2951 τιςῇ
1878 2892 2015 2947 παρ-

400 2971 583 3034 θένος,
604 2970 660 3022 ἐν
679 2966 1007 3039 σωφροσύνῃ
1028 2966 1266 3037 μενέτω·
1299 2966 1396 3018 Ἐν
1412 2964 1521 3037 γὰρ
1547 2964 1779 3035 Χριστῷ
1809 2965 2013 3034 Ἰησοῦ

396 3059 547 3113 οὔτε
574 3058 821 3124 δοῦλος,
844 3058 983 3112 οὔτε
1005 3057 1344 3125 ἐλεύθερος.
1365 3054 1457 3126 Μὴ
1488 3054 1595 3127 γὰρ
1619 3054 1845 3125 θέατρόν
1868 3055 2015 3107 ἐστιν

406 3152 436 3203 6
467 3150 673 3220 γάμος;
705 3148 1026 3220 Μυστήριόν
1072 3149 1211 3210 ἐστι,
1242 3146 1338 3200 καί
1377 3146 1547 3210 τύπος
1596 3146 1837 3217 μεγάλου
1870 3146 2015 3217 πρά-

408 3255 621 3309 γματος
641 3255 653 3268 ·
687 3236 792 3291 κᾶν
832 3235 965 3289 αὐτὸ
994 3235 1070 3307 μή
1098 3236 1243 3307 αἰδῇ,
1274 3234 1557 3304 αἰδέσθητι
1587 3229 1648 3290 οῦ
1669 3234 1839 3297 τύπος
1875 3235 2013 3289 ἐστί.

415 3328 489 3381 Τὸ
526 3325 869 3397 μυστήριον
912 3324 1112 3388 τοῦτο,
1150 3325 1305 3395 φησί,
1350 3324 1506 3394 μέγ-ιι
1549 3323 1757 3378 ἐστίν·
1788 3324 1904 3394 ἐγὼ
1949 3323 2019 3376 δὲ

408 3418 567 3486 λέγω
621 3417 709 3482 εὶς
766 3416 1051 3484 Χριστόν,
1078 3412 1175 3467 καί
1206 3416 1294 3479 εἰς
1329 3412 1446 3481 τὴν
1489 3412 1876 3481 Ἐκκλησίαν.
1906 3413 2018 3484 Τῆς

425 3505 755 3577 Ἐκκλησίας
786 3504 958 3567 τύπος
989 3503 1108 3556 ἐστί
1141 3503 1238 3557 καί
1265 3500 1359 3556 τοῦ
1394 3500 1657 3572 Χριστοῦ,
1687 3502 1782 3557 καὶ
1814 3502 2020 3573 πόρνας

414 3597 688 3665 εἰσάγεις;
710 3595 807 3647 “Av
832 3592 1041 3657 τοίνυν,
1071 3591 1229 3663 φησί,
1265 3592 1404 3663 μήτε
1435 3589 1695 3663 παρθένοι
1721 3590 2017 3662 ὀρχῶνται,

419 3689 556 3757 μήτε
582 3684 995 3756 γεγαμημέναι,
1021 3683 1105 3746 τίς
1131 3683 1434 3754 ὀρχήσεται
1456 3699 1469 3747 ;
1489 3680 1695 3751 Μηδείς
1717 3697 1731 3710 ·
1760 3680 1887 3734 ποία
1910 3680 2019 3752 γὰρ

414 3777 700 3848 ὀρχήσεως
727 3775 943 3843 ἀνάγκη
966 3789 981 3838 ;
1010 3773 1099 3826 Ἐν
1124 3774 1238 3835 τοῖς
1257 3770 1366 3825 τῶν
1392 3769 1663 3841 Ἑλλήνων
1698 3768 2021 3841 μυστηρίοις

416 3866 473 3919 αἰ
502 3864 781 3936 ὀρχήσεις,
803 3864 859 3916 ὲν
888 3862 945 3915 δὲ
967 3864 1082 3925 τοῖς
1107 3860 1403 3933 ἡμετέροις
1440 3859 1568 3930 σιγή
1600 3858 1697 3913 καὶ
1724 3858 2016 3929 εὐκοσμία,

418 3955 583 4019 αἰδὼς
614 3954 709 4007 καὶ
736 3951 1070 4021 καταστολὴ.
1099 3950 1418 4021 Μυστήριον
1447 3946 1681 4001 τελεῖται
1715 3946 1889 4018 μέγα·
1915 3946 2020 4011 ἔξω

419 4048 477 4101 αἰ
509 4040 854 4116 πόρναι,έξω
876 4041 924 4093 οἰ
955 4037 1197 4111 βέϐηλοι.
1232 4037 1359 4100 Πῶς
1388 4036 1691 4109 μυστήριόν
1709 4038 1855 4102 ἐστι;
1889 4037 2022 4089 Συν-

420 4134 711 4206 έρχονται,
769 4129 863 4181 καί
906 4125 1155 4181 ποιοῦσιν
1198 4125 1249 4178 οἰ
1282 4124 1375 4177 δύο
1404 4124 1520 4179 ἕνα.
1560 4124 1661 4177 Διά
1686 4124 1763 4187 τί,
1804 4125 1891 4177 ὅτε
1923 4124 2023 4193 μὲν

419 4222 616 4294 εἰσῄει,
654 4218 755 4271 οὐκ
790 4216 1043 4287 ὄρχησις,
1074 4214 1136 4267 οὐ
1168 4212 1453 4284 κύμϐαλα,
1487 4213 1625 4267 ἀλλὰ
1661 4211 1831 4283 πολλὴ
1871 4211 2020 4283 σιγὴ,

421 4311 595 4383 πολλὴ
624 4306 852 4380 ἡσυχία·
884 4306 1013 4359 ὅταν
1042 4303 1099 4357 δὲ
1134 4302 1412 4371 συνίωσιν,
1444 4303 1546 4356 οὐκ
1575 4302 1762 4356 εἰκόνα
1793 4299 2020 4371 ἄψυχον,

420 4402 543 4457 οὐδὲ
573 4398 760 4454 εἰκόνα
800 4395 948 4459 τινὸς
973 4393 1083 4449 τῶν
1114 4392 1209 4446 ἐπὶ
1240 4392 1366 4464 γῆς,
1396 4391 1512 4447 ἀλλ’
1551 4388 1716 4445 αὐτοῦ
1745 4389 2025 4453 ποιοῦντες

422 4490 518 4545 τοῦ
554 4488 714 4554 Θεοῦ,
740 4487 999 4541 τοσοῦτον
1045 4482 1368 4552 ἐπεισάγεις
1407 4480 1659 4553 θόρυϐον,
1692 4480 1787 4534 καὶ
1825 4478 2028 4549 ταράτ-

423 4599 539 4646 τεις
562 4581 691 4644 τοὺς
725 4579 886 4643 ὄντας
908 4590 957 4644 α,
986 4576 1083 4631 καί
1120 4573 1401 4646 αἰσχύνεις
1430 4572 1532 4645 τὴν
1577 4569 1779 4643 ψυχὴν,
1806 4569 1903 4625 καὶ
1935 4568 2026 4623 θο-

427 4670 640 4743 ρυϐεῖς;
671 4669 967 4739 Ἕρχονται
998 4664 1057 4719 ἒν
1081 4664 1241 4736 σῶμα
1273 4662 1655 4735 γενησόμενοι.
1694 4658 1826 4713 Ἰδοὺ
1863 4658 2027 4713 πάλιν

422 4760 649 4830 ἀγάπης
688 4759 1008 4829 μυστήριον.
1047 4756 1145 4830 “Ay
1172 4755 1222 4807 οἰ
1260 4752 1354 4806 δύο
1386 4752 1462 4824 μὴ
1508 4752 1776 4820 γένωνται
1817 4748 1896 4814 ἓν,
1924 4749 2027 4802 οὐκ

424 4848 755 4921 ἐργάζονται
787 4844 1039 4907 πολλοὺς,
1064 4841 1169 4905 ἕως
1200 4840 1267 4894 διν
1294 4839 1388 4893 δύο
1423 4839 1657 4909 μένωσιν
1674 4854 1688 4868 ·
1711 4838 1841 4891 ὅταν
1867 4837 1924 4891 δὲ
1947 4839 2026 4900 εἰς

425 4939 657 5009 ἑνότητα
688 4933 906 4994 ἔλθωσι,
930 4930 1055 4984 τότε
1087 4929 1434 5000 ἐργάζονται.
1452 4926 1519 4980 Τί
1544 4924 1892 4996 μανθάνομεν
1918 4925 2028 4979 ἀπὸ

424 5032 650 5095 τούτου;
685 5026 811 5079 Ὅτι
846 5020 1019 5092 πολλὴ
1048 5021 1147 5092 τῆς
1175 5018 1425 5080 ἐνὼσεως
1468 5018 1502 5088 ἡ
1536 5015 1708 5086 ἰσχύς.
1743 5015 1818 5069 Τὸ
1851 5015 2026 5086 εὐμή-

428 5134 592 5190 χανον
617 5113 711 5169 τοῦ
741 5110 878 5168 Θεοῦ
902 5111 992 5165 τὸν
1015 5108 1112 5162 ἕνα
1143 5109 1222 5172 εἰς
1244 5106 1339 5160 δύο
1353 5104 1514 5160 διεῖλε
1533 5105 1686 5176 παρὰ
1699 5105 1800 5190 τὴν
1826 5104 2022 5175 ἀρχὴν,

426 5188 522 5261 καὶ
548 5205 720 5261 θέλων
740 5202 912 5268 δεῖξαι
928 5200 1009 5254 ὅτι
1035 5198 1173 5271 μετά
1196 5198 1255 5251 τὸ
1269 5195 1617 5267 διαιρεθῆναι
1634 5196 1727 5249 καὶ
1744 5188 1825 5257 εἷς
1852 5194 2024 5264 μένει,

428 5296 528 5349 οὐκ
557 5295 771 5365 ἀφῆκεν
800 5291 900 5345 ἕνα
934 5290 1127 5361 ἀρκεῖν
1162 5286 1300 5359 πρὸς
1348 5284 1445 5356 τήν
1476 5285 1753 5355 γέννησιν.
1806 5282 1881 5335 Ού
1918 5281 2028 5352 γὰρ

430 5387 579 5437 ἐστιν
612 5377 690 5447 εἷς
723 5377 800 5452 [6]
824 5378 1057 5442 οὐδέπω,
1089 5375 1206 5430 ἀλλ’
1235 5375 1407 5446 ἣμισυ
1430 5371 1524 5427 τοῦ
1555 5372 1695 5436 ένός·
1722 5371 1816 5425 καὶ
1846 5370 2027 5443 δῆλον,

428 5474 511 5527 ὅτι
546 5470 607 5523 οὐ
638 5469 969 5532 παιδοποιεῖ,
997 5465 1254 5535 καθάπερ
1285 5464 1382 5518 καὶ
1412 5462 1703 5536 πρότερον.
1743 5453 1900 5523 Εἶδες
1931 5457 2028 5512 τοῦ

430 5564 613 5630 γάμου
636 5556 697 5610 16
727 5555 1053 5627 μυστήριον;
1083 5553 1370 5624 Ἐποίησεν
1394 5551 1454 5617 ἐξ
1474 5550 1592 5615 ἐνὸς
1616 5550 1730 5614 ἕνα,
1751 5549 1844 5602 καί
1866 5547 2030 5602 πάλιν

433 5650 561 5711 τοὺς
592 5645 687 5699 δύο
714 5642 938 5705 τούτους
969 5641 1066 5695 ἕνα
1099 5641 1339 5713 ποιήσας
1381 5638 1527 5695 οὓτω
1557 5640 1703 5692 ποιεῖ
1731 5637 1857 5691 ἕνα·
1888 5635 2031 5690 ὥστε

434 5737 529 5793 καὶ
572 5733 668 5789 νῦν
710 5732 772 5798 ἐξ
818 5730 937 5794 ἐνὸς
964 5730 1207 5784 τίκτεται
1240 5728 1546 5802 ἄνθρωπος.
1581 5727 1726 5798 Γυνὴ
1766 5726 1876 5799 γὰρ
1934 5724 2031 5779 καί

509 5882 526 5901 ³
552 5875 740 5927 1)υοωο
764 5871 1032 5937 legendum
1057 5868 1254 5920 videtur
1281 5868 1388 5924 τούς
1410 5868 1655 5923 συνόντας.

1272 350 1338 409 IN
1382 350 1603 413 EPIST.
1630 352 1722 407 AD
1762 352 2053 415 C’OLOSS.
2088 357 2243 415 CAP.
2288 354 2379 416 IV.
2410 356 2647 415 IIOMIL.
2691 356 2806 415 XII.

3596 354 3701 414 388

2101 474 2241 545 ἀνὴρ
2275 477 2377 529 οὐκ
2414 477 2554 530 εἰσὶν
2590 475 2871 548 ἄνθρωποι
2920 473 3033 537 δύο,
3087 468 3205 528 ἀλλ’
3257 471 3545 543 ἄνθρωπος
3582 466 3699 533 εἰς·

2101 563 2195 615 καὶ
2227 565 2403 635 παρὸν
2438 565 2533 617 καί
2584 564 2917 635 πολλαχόθεν
2967 564 3099 618 αὐτὸ
3150 560 3555 625 πιστώσασθαι,
3588 554 3701 613 οἷον

2098 652 2207 706 ἀπὸ
2257 654 2350 706 τοῦ
2396 653 2676 718 Ἰακώϐου,
2711 656 2820 709 ἀπὸ
2859 656 2956 725 τῆς
2986 653 3205 725 Μαρίας
3242 654 3339 721 τῆς
3370 649 3575 722 μητρὸς
3606 648 3701 702 τοῦ

2099 741 2359 811 Χριστοῦ,
2376 742 2483 794 ἀπὸ
2503 742 2597 795 τοῦ
2626 743 2827 812 λέγειν·
2851 745 3078 812 Ἀρσεν
3101 743 3197 795 καὶ
3218 740 3376 809 θῆλυ
3407 740 3705 806 ἐποίησεν

2099 831 2342 892 αὐτούς.
2368 832 2430 883 ΕΞ
2464 832 2491 883 6
2532 833 2629 899 μὲν
2662 832 2901 901 κεφαλὴ,
2923 836 2959 903 ή
2990 832 3048 885 δὲ
3080 832 3261 903 σῶμα,
3294 830 3415 893 πῶς
3446 829 3573 893 δύο;
3606 827 3705 880 Διά

2099 919 2259 973 τοῦτο
2288 922 2319 991 ἡ
2365 920 2464 990 μὲν
2500 920 2768 991 μαθητοῦ,
2798 924 2826 974 ὁ
2856 922 2911 975 δὲ
2941 921 3266 976 διδασκάλου
3299 920 3454 987 τάξιν
3481 919 3699 989 ἐπέχει·

2099 1012 2127 1063 6
2161 1010 2259 1081 μὲν
2308 1010 2590 1080 ἄρχοντος,
2620 1011 2654 1081 ή
2685 1010 2742 1063 δὲ
2774 1011 3109 1081 ἀρχομένης.
3142 1012 3253 1064 Kal
3285 1011 3379 1063 ἀπ’
3431 1009 3604 1079 αὐτῆς
3646 1005 3693 1058 δί

2099 1102 2199 1171 τῆς
2227 1099 2321 1154 τοῦ
2347 1100 2599 1171 σώματος
2628 1100 2972 1165 διαπλάσεως
2994 1102 3095 1154 ἴδοι
3118 1118 3199 1164 τις
3222 1100 3308 1164 ἂν,
3326 1100 3406 1171 ὅτι
3427 1099 3485 1152 ’έν
3526 1097 3689 1151 εἰσιν’

2100 1189 2211 1243 ἀπὸ
2236 1190 2345 1259 γὰρ
2373 1189 2472 1259 τῆς
2512 1187 2663 1261 [420]
2704 1189 2946 1261 πλευρᾶς
2978 1188 3190 1258 γέγονε,
3219 1188 3313 1241 καὶ
3346 1186 3532 1259 ὥσπερ
3566 1183 3683 1255 ὴμίσ

2103 1296 2247 1347 τομα
2284 1278 2377 1331 δύο
2408 1278 2535 1331 εἰσί.
2560 1279 2658 1331 Διὰ
2683 1277 2841 1331 τοῦτο
2873 1277 2967 1330 καὶ
2996 1276 3192 1348 βοηθὸν
3228 1276 3405 1340 καλεῖ,
3442 1275 3529 1327 ἵνα
3553 1273 3709 1344 δείξῃ

2102 1369 2184 1422 ὅτι
2210 1367 2269 1420 ’έν
2292 1368 2399 1420 εἰσι
2422 1383 2435 1396 ·
2469 1366 2559 1419 διὰ
2585 1366 2743 1421 τοῦτο
2764 1367 2858 1421 καὶ
2890 1366 3099 1438 πατρὸς
3122 1366 3217 1420 καὶ
3238 1364 3445 1436 μητρὸς
3461 1363 3709 1434 προτιμᾷ

2102 1462 2201 1529 τὴν
2237 1458 2574 1528 συνοίκησιν,
2607 1458 2695 1512 ἵνα
2726 1457 2877 1531 δείξῃ
2914 1458 2995 1511 ὅτι
3026 1457 3084 1509 ἓν
3119 1457 3248 1531 εἰσι.
3300 1454 3412 1509 Καὶ
3464 1453 3492 1506 6
3523 1452 3711 1522 πατὴρ

2102 1548 2306 1618 ὁμοίως
2336 1548 2519 1619 χαίρει
2550 1548 2644 1600 καί
2677 1546 2949 1618 θυγατρὸς
2991 1546 3086 1600 καὶ
3112 1544 3231 1598 υἱοῦ
3259 1542 3607 1615 γαμούντων,
3631 1540 3709 1605 ὡς

2105 1636 2244 1707 πρὸς
2290 1638 2488 1690 οἰκεῖον
2536 1635 2698 1707 μέλος
2743 1634 3107 1705 ἐπειγομένου
3146 1632 3242 1687 τοῦ
3295 1630 3583 1703 σώματος·
3612 1629 3709 1683 καὶ

2102 1724 2341 1795 τοσαύτη
2379 1725 2594 1797 δαπάνη
2630 1724 2838 1793 γίνεται
2884 1724 2980 1777 καὶ
3028 1723 3333 1796 χρημάτων
3382 1720 3708 1784 ἐλάττωσις,

2104 1814 2200 1869 καὶ
2248 1814 2400 1885 ὅμως
2447 1815 2549 1868 οὐκ
2600 1813 2857 1884 ἀνέχεται
2904 1812 3120 1883 ἄγαμον
3175 1812 3459 1882 περιορᾷν.
3495 1809 3716 1877 Ὥσπερ

2105 1907 2216 1974 γὰρ
2267 1903 2682 1974 ἀπεσχισμένης
2722 1903 2859 1973 αὐτῇ
2909 1902 3009 1972 τῆς
3060 1900 3286 1970 σαρκὸς,
3324 1897 3519 1969 ἀτελὴς
3573 1895 3715 1967 πρὸς

2108 1990 2458 2046 παιδοποιίαν
2488 1991 2771 2061 ἑκάτερος,
2802 1990 3003 2060 ἀτελής
3035 1990 3153 2041 ἐστι
3189 1988 3324 2059 πρὸς
3355 1986 3471 2057 βίου
3508 1984 3710 2039 σύστα-

2112 2098 2193 2134 σιν
2217 2080 2310 2133 τοῦ
2344 2082 2613 2150 παρόντος
2641 2078 2925 2149 ἑκάτερος.
2945 2076 3045 2131 Διά
3068 2075 3229 2129 τοῦτο
3254 2075 3347 2127 καί
3372 2075 3400 2127 6
3421 2072 3713 2143 προφήτης

2108 2170 2297 2241 φησίν·
2329 2170 2703 2238 ’Υπόλειμμα
2752 2166 3098 2237 πνεύματός
3149 2178 3287 2217 σου.
3324 2161 3449 2225 Πῶς
3510 2160 3567 2213 δὲ
3618 2159 3713 2213 καὶ

2108 2260 2353 2327 γίνονται
2399 2258 2478 2322 εἰς
2533 2256 2716 2327 σάρκα
2771 2254 2933 2325 μίαν;
2967 2253 3239 2321 Καθάπερ
3270 2248 3475 2322 χρυσοῦ
3515 2247 3576 2301 16
3613 2264 3711 2301 κα»-

2111 2347 2426 2419 θαρώτατον
2478 2344 2544 2399 ἂν
2579 2344 2788 2419 ἀφέλῃς
2819 2342 2913 2397 καί
2962 2342 3139 2413 ἑτέρῳ
3187 2338 3462 2411 ἀναμίξῃς
3502 2336 3715 2407 χρυσῷ,

2109 2437 2254 2491 οὕτω
2284 2437 2349 2508 δὴ
2392 2435 2485 2490 καί
2528 2432 2789 2498 ἐνταῦθα,
2820 2432 2883 2486 16
2934 2431 3193 2485 πιότατον
3243 2429 3339 2498 τῆς
3368 2428 3564 2499 ἡδονῆς
3604 2444 3717 2497 χω-

2111 2529 2375 2597 νευούσης
2494 2529 2633 2599 γυνὴ
2684 2523 2954 2595 δεχομένη
2991 2523 3182 2593 τρέφει
3234 2522 3329 2574 καὶ
3368 2518 3585 2582 θάλπει,
3622 2516 3717 2570 καὶ

2110 2618 2179 2671 τὰ
2214 2618 2345 2687 παρ’
2388 2616 2592 2685 ἐαυτῆς
2622 2612 3153 2682 συνεισενεγκαμένη
3194 2609 3365 2680 ἄνδρα
3398 2605 3719 2660 ἀποδίδωσι.

2114 2708 2225 2762 Kal
2254 2704 2471 2777 γέφυρα
2496 2703 2579 2768 τίς
2613 2705 2731 2756 ἐστι
2765 2703 2826 2755 τὸ
2856 2701 3090 2755 παιδίον.
3129 2699 3291 2753 Ὥστε
3321 2697 3372 2749 οἱ
3400 2698 3551 2767 τρεῖς
3580 2693 3719 2765 σὰρξ

2112 2801 2353 2871 γίνονται
2386 2799 2507 2871 μία,
2538 2796 2633 2851 τοῦ
2668 2794 2857 2858 παιδὸς
2897 2788 3241 2861 ἑκατέρωθεν
3267 2785 3564 2855 ἑκατέρους
3595 2800 3721 2836 συν-

2117 2870 2405 2953 άπτοντοςι
2441 2887 2657 2957 ’Ὠσπερ
2701 2884 2811 2955 γὰρ
2871 2882 2921 2935 εἰ
2972 2880 3067 2934 δύο
3112 2876 3323 2930 πόλεων
3373 2872 3571 2937 οὐσῶν,
3620 2870 3721 2925 καὶ

2117 2977 2365 3050 ποταμοῦ
2405 2976 2579 3031 διόλου
2612 2971 2976 3045 διαιροῦντος,
3026 2967 3124 3038 μία
3164 2965 3376 3034 γίνεται
3412 2962 3587 3029 πόλις,
3621 2977 3719 3029 γε·

2118 3071 2297 3143 φύρας
2328 3067 2672 3141 ἑκατέρωθεν
2704 3061 3019 3132 ἁπτομένης
3042 3076 3054 3087 ·
3078 3056 3254 3120 οὕτως
3286 3055 3436 3143 ἐστὶν
3460 3051 3716 3117 ἐνταῦθα,

2117 3140 2213 3215 καί
2266 3159 2461 3212 πλέον·
2501 3140 2649 3227 αὐτὴ·
2690 3152 2800 3223 γὰρ
2844 3151 2873 3221 ή
2908 3148 3126 3217 γέφυρα
3179 3145 3244 3197 ἐκ
3289 3142 3391 3211 τῆς
3441 3140 3720 3210 ἑκατέρων

2116 3250 2327 3313 οὐσίας.
2363 3247 2472 3301 Kal
2515 3244 2593 3316 τῷ
2641 3242 2788 3312 λόγῳ
2835 3239 3012 3306 τούτῳ
3046 3235 3105 3288 ’ἐν
3141 3234 3304 3295 εἰσιν,
3338 3231 3414 3292 ὡς
3459 3231 3517 3282 16
3558 3228 3721 3298 σῶμα

2118 3340 2212 3393 καὶ
2244 3334 2456 3407 κεφαλὴ
2492 3332 2550 3387 ἓν
2598 3331 2759 3400 σῶμα
2781 3346 2792 3359 ·
2823 3325 2901 3399 τῷ
2934 3326 3045 3398 γάρ
3093 3321 3349 3395 τραχήλῳ
3388 3319 3716 3391 διαιρεῖται·

2119 3430 2236 3485 ἀλλ’
2266 3428 2324 3481 οὐ
2370 3422 2707 3496 διαιροῦνται
2732 3419 2762 3459 δ
2795 3417 3017 3489 μᾶλλον,
3052 3414 3085 3485 ἢ
3121 3411 3518 3466 συνάπτονται·
3557 3407 3722 3478 μέσος

2119 3520 2229 3591 γὰρ
2247 3517 2322 3570 ῶν
2335 3514 2633 3586 ἑκατέρους
2656 3508 2881 3577 συνάγει
2902 3522 2915 3536 ·
2940 3505 3034 3559 καὶ
3060 3501 3257 3556 ταυτὸν
3277 3500 3511 3568 γίνεται,
3530 3496 3721 3568 ῶσπερ

2120 3587 2269 3663 ἀννεί
2323 3602 2484 3676 χορὸς
2526 3597 2931 3667 διεσπασμένος
2977 3593 3038 3646 16
3090 3591 3190 3664 μὲν
3220 3590 3278 3644 ἒν
3329 3587 3494 3642 αὐτοῦ
3557 3587 3722 3676 μέρος

2122 3675 2373 3751 ἐντεῦθεν
2430 3689 2633 3753 λαϐὼν,
2685 3685 2746 3739 τὸ
2793 3685 2849 3738 δὲ
2895 3684 3083 3754 ἓτερον
3135 3681 3199 3734 ἐκ
3248 3678 3349 3749 τῆς
3390 3676 3594 3741 δεξιᾶς,
3625 3675 3724 3727 ἕνα

2124 3788 2405 3859 ποιήσειεν
2425 3800 2437 3813 ·
2467 3784 2500 3855 ἢ
2530 3782 2723 3850 ὥσπερ
2750 3779 2798 3830 οἰ
2852 3771 3277 3843 συνεσταλμένοι
3312 3762 3461 3823 οῦτοι
3498 3766 3595 3820 καί
3624 3764 3725 3826 τὰς

2122 3856 2311 3950 χεῖρας
2346 3872 2684 3933 ἐκτείνοντες
2718 3867 2775 3921 ἓν
2830 3865 3103 3934 γίνονται·
3144 3861 3199 3915 αἱ
3223 3860 3372 3950 ,γάρῳ
3398 3860 3584 3950 χεῖρες
3633 3856 3726 3950 Ex:-

2122 3943 2396 4029 ταθεῖσαι,
2428 3962 2530 4016 οὐκ
2566 3958 2793 4027 ἀφιᾶσιν
2824 3950 2969 4007 εἶναι
2997 3950 3112 4004 δύο.
3147 3948 3247 4003 Διά
3280 3946 3440 4000 τοῦτο
3469 3943 3601 4015 γοῦν
3633 3943 3728 3997 καὶ

2124 4052 2372 4126 ἀκριϐῶς
2406 4045 2584 4112 εἶπεν,
2616 4046 2740 4111 οὐκ,
2791 4044 3048 4097 Ἔσονται
3105 4038 3207 4109 μία
3258 4034 3417 4107 σὰρξ,
3454 4032 3591 4097 ἀλλ’,
3625 4035 3728 4097 Είς

2126 4122 2329 4212 σάρκα
2356 4141 2526 4212 μίαν,
2556 4137 2658 4207 τὴν
2684 4132 2779 4188 τοῦ
2805 4130 2998 4193 παιδὸς
3030 4126 3431 4197 συναπτόμενοι
3459 4122 3727 4193 δηλονότι.

2126 4210 2368 4295 Τίήοῦν,
2399 4229 2528 4281 ὅταν
2586 4222 2802 4277 παιδίον
2838 4220 2913 4291 μὴ
2948 4214 3004 4291 ᾖ,
3039 4217 3142 4269 οὐκ
3188 4214 3406 4267 ἔσονται
3449 4211 3544 4264 δύο
3575 4221 3597 4250 ε
3634 4210 3731 4265 καὶ

2126 4322 2280 4385 τότε;
2313 4316 2552 4386 Εὐδηλον
2574 4331 2587 4345 ·
2622 4315 2655 4384 ή
2694 4311 2839 4382 μίξις
2884 4307 2995 4378 γὰρ
3038 4304 3199 4359 τοῦτο
3248 4302 3565 4374 ἐργάζεται,
3596 4301 3731 4355 ἀνα-

2128 4410 2300 4483 χέασα
2352 4406 2448 4459 καὶ
2482 4400 2800 4473 ἀναμίξασα
2843 4394 3173 4483 ἀμφοτέρων
3216 4392 3286 4446 τὰ
3334 4390 3581 4462 σώματα.
3618 4390 3732 4444 Kal

2128 4479 2317 4570 ῶσπερ
2366 4497 2445 4561 εἰς
2494 4482 2676 4546 ἔλαιον
2712 4488 2884 4561 μύρον
2915 4481 3194 4558 ἐμϐαλὼν,
3228 4480 3293 4535 16
3320 4482 3431 4535 πᾶν
3475 4479 3733 4552 ἐποίησεν

2128 4587 2209 4655 ἓν,
2233 4584 2380 4638 οὓτω
2406 4581 2472 4654 δὴ
2505 4579 2600 4634 καὶ
2627 4576 2883 4633 ἐνταῦθα.

2203 4680 2276 4740 ς’,
2293 4668 2424 4724 Οἶδα
2442 4673 2525 4725 ὅτι
2550 4667 2738 4723 πολλοὶ
2767 4665 3115 4738 αἰσχύνονται
3138 4663 3252 4726 τοῖς
3273 4660 3609 4732 λεγομένοις·
3640 4659 3735 4712 καὶ

2130 4764 2321 4820 τούτου
2354 4762 2526 4817 αἴτιον
2560 4761 2593 4831 ή
2632 4757 2895 4827 ἀσέλγεια
2940 4755 3033 4811 καὶ
3072 4757 3105 4825 ή
3159 4752 3449 4808 ἀκολασία.
3486 4751 3558 4804 T6
3591 4749 3736 4802 οὕτω

2130 4855 2257 4917 τοὺς
2300 4852 2515 4922 γάμους
2548 4847 2818 4919 γίνεσθαι,
2849 4846 2911 4900 τὸ
2962 4840 3460 4915 παραφθείρεσθαι,
3488 4839 3551 4892 16
3588 4839 3737 4910 πρᾶς

2131 4959 2253 5014 γμα
2281 4939 2564 4995 διέϐαλεν·
2612 4936 2736 4990 ἐπεὶ
2785 4936 2984 5006 Τίμιος
3028 4937 3061 4987 ό
3096 4930 3305 5001 γάμος,
3344 4928 3443 4983 καί
3473 4929 3512 4997 ἠ
3563 4928 3734 4998 κοίτη

2132 5031 2445 5102 ἀμίαντος.
2466 5028 2535 5081 Τί
2566 5027 2803 5099 αἰσχύνῃ
2825 5024 2906 5096 τῷ
2932 5022 3136 5094 τιμίῳ;
3165 5020 3219 5074 τί
3247 5018 3508 5093 ἐρυθριᾷς
3532 5019 3625 5071 ἐπὶ
3656 5017 3737 5087 τῷ

2131 5118 2422 5190 ἀμιάντῳ;
2468 5114 2657 5169 Ταῦτα
2706 5112 3005 5186 αἰρετικῶν
3057 5112 3197 5175 ἐστι,
3255 5107 3430 5162 ταῦτα
3475 5106 3588 5160 τῶν
3636 5106 3738 5168 τὰς

2132 5208 2339 5278 πόρνας
2360 5203 2790 5272 ἐπεισαγόντων.
2816 5201 2916 5255 Διά
2934 5199 3096 5255 τοῦτο
3121 5199 3286 5253 αὐτὸν
3308 5194 3737 5266 ἐκκαθαίρεσθαι

2136 5296 2423 5367 βούλομαι,
2444 5293 2584 5346 ὥστε
2610 5293 2703 5346 ἐπὶ
2733 5292 2833 5364 τὴν
2860 5291 3071 5345 οἰκείαν
3102 5288 3388 5359 εὐγένειαν
3414 5285 3737 5353 ἀναγαγεῖν,

2135 5382 2275 5438 ὥστε
2308 5383 2417 5437 τῶν
2448 5380 2739 5453 αἰρετικῶν
2758 5378 3125 5451 ἐμφράξαιτὰ
3148 5377 3416 5449 στόματα.
3444 5373 3740 5444 ’Ύϐρισται

2133 5472 2196 5528 16
2221 5471 2316 5527 τοῦ
2344 5471 2480 5526 Θεοῦ
2512 5470 2705 5541 δῶρον,
2749 5471 2783 5540 ἡ
2815 5466 2941 5539 ῥίζα
2974 5467 3076 5536 τῆς
3118 5467 3396 5539 ἡμετέρας
3434 5463 3736 5533 γενέσεως·

2202 5612 2230 5652 b
2264 5610 2402 5661 Unus
2424 5610 2602 5659 cod.ot
2634 5621 2789 5669 marg.
2818 5603 2993 5663 Savil.,
3033 5606 3082 5653 ἕν
3106 5605 3244 5669 εἰσιν,
3283 5607 3348 5660 ὡς
3386 5600 3473 5669 τοῦ
3515 5604 3741 5669 σώματος

2134 5674 2291 5722 πάντα
2308 5675 2368 5721 τὰ
2395 5674 2513 5734 μέλη
2543 5666 3024 5734 συναρμᾶλογούμενα
3042 5668 3159 5734 πρὸς
3180 5669 3266 5734 τήν
3290 5668 3521 5734 κεφαλήν,
3548 5668 3595 5734 ἓν
3615 5666 3740 5734 γίνεο

2134 5753 2215 5805 ται
2241 5728 2406 5797 σῶμα,
2428 5736 2468 5783 εἰ
2492 5734 2574 5782 καὶ
2594 5728 2677 5798 τῷ
2690 5728 2917 5797 τραχήλῳ
2939 5728 3187 5793 διαιρεῖται
3227 5728 3425 5777 ἐνταῦθα
3453 5729 3500 5775 δὲ
3530 5729 3585 5776 οὐ
3618 5729 3742 5776 διαι-

2166 5813 2349 5846 ουνται.

2136 5816 2349 5862 ρουνται.

2204 5862 2227 5891 ο
2252 5858 2544 5924 Legendum
2568 5857 2766 5909 videtur
2789 5858 2853 5915 εἰς
2877 5859 2921 5905 οἰ
2942 5856 3045 5905 δύο.
