4140 6526
443 378 554 437 389

442 491 617 565 πολλὴ
641 491 751 564 γὰρ
781 491 908 562 περὶ
933 491 1034 564 τὴν
1063 490 1221 564 ῥίζαν
1249 495 1281 565 ή
1323 494 1530 566 κόπρος
1563 495 1658 548 καὶ
1697 495 1726 547 6
1756 491 2040 563 βόρϐορος.

443 580 651 636 Τοῦτον
683 575 777 633 οῦν
804 579 1206 650 ἐκκαθάρωμεν
1239 580 1318 650 τῷ
1343 581 1509 652 λόγῳ.
1549 579 1836 650 ’Δνέχεσθε
1864 578 2044 631 τοίνυν

443 670 642 742 μικρὸν
671 668 794 721 ἐπεὶ
826 668 920 720 καὶ
957 669 986 720 6
1031 668 1291 740 βόρϐορον
1339 671 1590 740 κατέχων
1637 667 1902 730 δυσωδίας
1943 667 2042 719 ἀν-

443 759 650 828 έχεται.
679 755 954 826 Βούλομαι
983 755 1148 820 δείξαι
1172 757 1254 810 ὅτι
1283 758 1345 811 ού
1376 759 1482 828 χρὴ
1511 757 1606 811 ἐπὶ
1620 756 1831 822 τούτοις
1850 754 2044 825 αἰσχύ-

437 845 648 910 νεσθαι,
667 843 819 917 [421]
849 844 985 900 ἀλλὰ
1005 845 1217 910 τούτοις
1232 841 1314 910 οἷς
1338 850 1570 900 ποιεῖτε·
1597 848 1660 900 σὺ
1688 846 1745 899 δὲ
1791 847 1877 899 ἐπ’
1900 845 2045 898 ἐκεί-

437 951 550 997 νοις
587 933 940 1004 αἰσχύνεσθαι
991 934 1170 1003 ἀφεὶς,
1187 935 1398 1000 τούτοις
1427 935 1658 1007 αἰσχύνῃ
1679 951 1692 964 ⁸
1717 934 1914 988 οὐκοῦν
1945 933 2040 987 τοῦ

431 1020 572 1074 Θεοῦ
594 1021 1030 1090 καταγινώσκεις
1045 1022 1139 1074 τοῦ
1169 1021 1311 1076 οὕτω
1341 1022 1721 1085 θεσπίσαντος.
1743 1023 1898 1076 Είπω
1924 1021 2042 1086 πῶς

435 1111 530 1164 καὶ
563 1113 864 1182 μυστήριον
889 1113 989 1182 τῆς
1016 1110 1344 1181 Ἐκκλησίας
1366 1112 1537 1166 ἐστίν·
1575 1112 1632 1164 Ὀ
1651 1111 1882 1183 Χριστὸς
1908 1106 2039 1182 ἦλθε

432 1199 575 1267 πρὸς
603 1199 704 1269 τὴν
746 1198 1098 1270 Ἐκκλησίαν,
1121 1201 1214 1252 καὶ
1245 1199 1306 1263 ἐξ
1332 1199 1506 1268 αὐτῆς
1530 1199 1746 1267 γέγονε,
1776 1199 1870 1251 καὶ
1899 1199 2035 1270 αὐτῇ

438 1287 756 1356 συνεισῆλθε
781 1299 808 1327 ι
835 1287 1094 1358 συνουσίᾳ
1116 1289 1488 1358 πνευματικῇ.
1517 1285 1907 1356 Ἦρμοσάμην
1927 1288 2036 1356 γὰρ

431 1371 613 1440 ὑμᾶς,
633 1373 819 1444 φησὶν,
841 1373 931 1426 ἑνὶ
961 1374 1134 1441 ἀνδρὶ
1165 1374 1471 1442 παρθένον
1500 1372 1716 1442 ἁγνήν.
1743 1375 1870 1426 ’Ὀτι
1899 1373 1956 1426 δὲ
1977 1373 2035 1441 ἐξ

434 1459 601 1512 αὐτοῦ
627 1461 816 1530 ἐσμεν,
836 1461 1002 1514 ἄκουε
1020 1460 1138 1524 πῶς
1163 1478 1328 1530 φησιν
1344 1478 1358 1491 ·
1393 1462 1489 1516 Ἐκ
1516 1460 1626 1512 τῶν
1645 1461 1822 1531 μελῶν
1845 1462 2032 1525 αὐτοῦ,

432 1545 530 1599 καὶ
567 1548 632 1599 ἐκ
664 1547 766 1617 τῆς
812 1548 1018 1619 σαρκὸς
1070 1548 1240 1602 αὐτοῦ
1279 1548 1486 1612 πάντες
1515 1550 1702 1619 ἡμεῖς.
1745 1549 1931 1602 Ταῦτα
1967 1549 2033 1622 δὴ

432 1632 611 1687 πάντα
639 1633 970 1699 ἐννοοῦντες,
1009 1635 1083 1707 μὴ
1108 1637 1458 1708 αἰσχύνωμεν
1483 1637 1544 1690 :6
1573 1637 1894 1708 τηλικοῦτον
1930 1657 2033 1709 μυ-

433 1722 676 1793 στήριον.
712 1723 894 1787 Τύπος
938 1725 1041 1796 τῆς
1083 1726 1179 1778 τοῦ
1209 1725 1450 1797 Χριστοῦ
1482 1727 1791 1797 παρουσίας
1830 1728 1976 1780 ἐστὶν
2005 1730 2032 1780 6

429 1809 631 1880 γάμος,
659 1811 724 1864 σὺ
755 1811 810 1864 δὲ
838 1810 1098 1879 μεθύεις;
1131 1815 1268 1867 Εἰπέ
1302 1831 1415 1885 μοι,
1461 1817 1511 1867 εί
1541 1815 1727 1868 εἰκόνα
1764 1815 1904 1880 εἶδες
1936 1815 2029 1868 τοῦ

431 1897 720 1968 βασιλέως,
763 1894 873 1969 ἄρα
905 1899 972 1953 ἂν
1006 1900 1178 1972 αὐτὴν
1226 1901 1495 1972 ᾔσχυνες;
1528 1903 1818 1974 Οὐδαμῶς.
1875 1907 2033 1958 Δοκεῖ

446 1988 546 2056 μὲν
575 1983 669 2040 οῦν
695 1988 971 2060 ἀδιάφορα
999 1985 1142 2043 εῖναι
1175 1991 1243 2044 τά
1270 1993 1402 2062 περὶ
1428 1992 1519 2045 τὸν
1541 1993 1720 2063 γάμον
1747 1993 2027 2064 γινόμενα,

429 2074 548 2128 ἐστι
600 2074 657 2127 δὲ
697 2075 950 2144 μεγάλων
990 2077 1140 2131 αἴτια
1190 2078 1397 2132 κακῶν.
1446 2080 1634 2134 Πάντα
1682 2083 2029 2152 παρανομίας

427 2161 610 2233 γέμει.
651 2164 992 2232 Αίσχρότης
1031 2165 1130 2219 καί
1159 2168 1505 2237 μωρολογία
1530 2168 1628 2221 καὶ
1663 2170 2031 2238 εὐτραπελία

427 2250 512 2321 μὴ
554 2251 998 2320 ἐκπορωέσθω,
1031 2254 1218 2324 φησὶν,
1260 2255 1331 2309 ἐκ
1365 2255 1472 2310 τοῦ
1501 2256 1801 2326 στόματος
1837 2257 2025 2329 ὑμῶν.

429 2341 617 2395 Πάντα
647 2343 704 2396 δὲ
740 2344 946 2408 ἐκεῖνα,
975 2345 1274 2416 αἰσχρότης
1320 2345 1416 2399 καὶ
1449 2345 1764 2418 μωρολογία
1797 2349 1892 2402 καὶ
1936 2348 2029 2402 εύ-

427 2429 722 2502 τραπελία,
765 2433 867 2503 οὐχ
905 2432 1114 2499 ἁπλῶς,
1149 2433 1290 2488 ἀλλὰ
1321 2434 1461 2506 μετὰ
1496 2435 1834 2500 ἐπιτάσεως·
1865 2437 2026 2509 τέχνη

426 2518 539 2590 γὰρ
560 2519 623 2572 :6
652 2521 891 2594 πρᾶγμά
914 2523 1054 2586 ἐστι,
1071 2522 1165 2576 καὶ
1195 2521 1450 2595 ἐγκώμια
1477 2525 1693 2594 μεγάλα
1721 2527 1835 2588 τοῖς
1859 2525 2028 2594 αὐτὴν

432 2607 709 2677 μετιοῦσι·
735 2608 803 2662 τὰ
828 2611 1206 2683 ἁμαρτήματα
1235 2611 1399 2683 τέχνη
1427 2613 1673 2681 γέγονεν.
1699 2614 1814 2684 Ούχ
1841 2613 2028 2678 ἁπλῶς

428 2694 572 2748 αύτά
619 2697 1021 2768 μετερχόμεθα,
1054 2698 1194 2752 ἀλλὰ
1229 2699 1371 2770 μετὰ
1416 2700 1677 2772 σπουδῆς,
1719 2700 1858 2772 μετὰ
1901 2702 2027 2756 ἐπι-

429 2786 675 2856 στήμης·
707 2787 801 2839 καὶ
835 2789 1139 2860 στρατηγεῖ
1171 2788 1361 2844 λοιπὸν
1389 2790 1420 2843 6
1443 2789 1692 2855 διάϐολος
1720 2790 1831 2846 τῶν
1861 2792 2027 2847 αὑτοῦ

427 2873 746 2943 ταγμάτων.
775 2874 956 2930 Ὅπου
989 2875 1099 2946 γὰρ
1138 2876 1299 2948 μέθη,
1329 2877 1628 2932 ἀκολασία·
1651 2880 1784 2933 ὅπου
1807 2881 2029 2951 αἰσχροο

426 2956 608 3027 λογία,
642 2961 671 3014 ὁ
695 2960 943 3027 διάϐολος
983 2963 1216 3032 πάρεστι
1244 2964 1315 3018 τά
1350 2969 1480 3037 παρ’
1512 2967 1705 3020 ἑαυτοῦ
1734 2967 2024 3039 εἰσφέρων.

428 3046 655 3112 Τούτοις
698 3048 1052 3121 ἑστιώμενος,
1101 3053 1223 3105 εἰπέ
1269 3071 1380 3124 μοι,
1435 3055 1736 3127 μυστήριον
1787 3055 2025 3127 Χριστοῦ

425 3136 623 3201 τελεῖς,
652 3138 746 3190 καὶ
786 3139 878 3191 τὸν
919 3139 1165 3194 διάϐολον
1213 3141 1433 3208 καλεῖς;
1478 3143 1631 3213 Τάχα
1664 3160 1733 3214 με
1771 3143 2028 3214 φορτικὸν

426 3221 568 3278 εἷναι
597 3225 872 3296 νομίζετε.
895 3228 1127 3301 Καὶγάρ
1155 3230 1424 3284 καὶτοῦτο
1445 3230 1545 3300 τῆς
1567 3231 1901 3300 διαστροφῆς
1929 3231 2029 3302 τῆς

426 3312 654 3384 πολλῆς,
683 3313 764 3367 ὅτι
815 3315 912 3368 καὶ
956 3318 985 3370 6
1018 3319 1312 3388 ἐπιτιμῶν,
1345 3318 1558 3387 γέλωτα
1601 3319 1919 3390 ὀφλισκάνει
1952 3318 2029 3382 ὡς

432 3401 730 3472 αὐστηρός.
768 3403 898 3458 Ούγλ
915 3404 1148 3459 ἀκούετε
1189 3406 1405 3460 Παύλου
1445 3407 1717 3476 λέγοντος,
1745 3406 1876 3464 Πᾶν
1906 3407 1938 3460 ὅ
1975 3424 2030 3460 τι

429 3488 509 3544 ἂν
523 3488 754 3558 ποιῆτε,
773 3491 893 3545 εἴτε
908 3492 1164 3561 ἐσθίετε,
1181 3494 1303 3549 εἶτε
1331 3495 1558 3561 πίνετε,
1577 3497 1696 3550 εἴτε
1715 3513 1770 3549 τι
1785 3495 2027 3563 ποιεῖτε,

427 3577 627 3632 πάντα
647 3581 734 3646 είς
760 3580 950 3646 δόξαν
965 3582 1114 3636 Θεοῦ
1143 3587 1403 3650 ποιεῖτε;
1439 3585 1628 3656 Ὑμεῖς
1649 3585 1705 3639 δὲ
1729 3587 1808 3649 είς
1823 3585 2029 3658 δυσφη-

433 3667 565 3737 μίαν
597 3668 691 3721 καὶ
721 3668 960 3734 ἀδοξίαν.
988 3671 1104 3725 Οὐκ
1132 3673 1361 3726 ἀκούετε
1395 3673 1490 3726 τοῦ
1522 3674 1810 3744 Προφήτου
1841 3673 2026 3743 λέγον-

426 3772 544 3818 τος,
576 3759 958 3813 Δουλεύσατε
986 3757 1067 3826 τῷ
1120 3761 1320 3828 Κυρίῳ
1365 3761 1434 3814 ἐν
1478 3761 1660 3830 φόϐῳ,
1695 3761 1796 3814 καὶ
1843 3763 2030 3833 ἀγαλ-

428 3842 822 3912 λιᾶσθεαὺτῷ
844 3849 915 3902 ἐν
935 3849 1159 3919 τρόμφ;
1195 3850 1384 3919 Ὑμεῖς
1401 3849 1458 3902 δέ
1493 3849 1793 3918 διαχεῖσθε.
1814 3851 1905 3918 Μὴ
1923 3849 2028 3919 γάρ

430 3931 531 3986 οὐκ
565 3932 682 3986 ἐστι
713 3936 807 3988 καὶ
842 3935 1092 4004 ἥδεσθαι,
1139 3937 1235 3990 καὶ
1283 3937 1424 4007 μετά
1455 3936 1791 4006 ἀσφαλείας;
1841 3938 2029 3991 Βούλει

434 4020 617 4091 μελῶν
646 4022 880 4076 ἀκοῦσαι
908 4023 1120 4089 καλῶν;
1145 4023 1403 4077 Μάλιστα
1443 4025 1542 4094 μὲν
1578 4023 1700 4077 ούδέ
1727 4024 1864 4078 ἔδει·
1893 4025 2030 4098 πλὴν

434 4109 880 4179 συγκαταϐαίνω,
909 4111 958 4163 εί
991 4109 1205 4180 βούλει·
1239 4112 1315 4181 μὴ
1349 4110 1458 4164 τῶν
1505 4112 1814 4167 σατανικῶν
1859 4113 2030 4166 ἁκού-

433 4213 553 4269 σῃς,
575 4197 712 4251 άλλά
731 4198 840 4252 τῶν
869 4198 1284 4270 πνευματικῶν.
1305 4199 1498 4254 Βούλει
1519 4199 1847 4271 χορεύοντας
1868 4202 2024 4268 ίδεῖν;

431 4286 535 4358 δρα
557 4285 665 4340 τῶν
694 4286 944 4355 ἀγγέλων
974 4287 1065 4341 τὸν
1091 4287 1272 4357 χορόν.
1297 4289 1408 4341 Καὶ
1433 4286 1550 4351 πῶς
1572 4287 1818 4354 δυνατὸν,
1840 4290 2024 4360 φησὶν,

435 4376 592 4440 ίδεῖν;
627 4375 754 4428 Ἐάν
776 4376 950 4430 ταῦτα
976 4377 1280 4452 ἀπελάσῃς,
1299 4377 1579 4431 ἐλεύσεται
1614 4379 1708 4432 καὶ
1743 4380 1772 4432 6
1792 4380 2027 4451 Χριστὸς

433 4461 517 4523 είς
549 4461 773 4526 τούτους
801 4465 929 4527 τοὺς
964 4465 1206 4536 γάμους·
1235 4465 1332 4518 τοῦ
1360 4465 1417 4518 δὲ
1451 4466 1688 4538 Χριστοῦ
1733 4469 2024 4539 παρόντος,

434 4550 530 4602 καὶ
557 4551 586 4602 6
619 4550 728 4604 τῶν
771 4551 1020 4620 ἀγγέλων
1074 4553 1306 4625 πάρεστι
1350 4555 1533 4627 χορός.
1563 4557 1660 4608 Ἂν
1709 4556 1890 4630 θέλῃς,
1932 4557 2026 4611 καὶ

434 4636 531 4690 νῦν
564 4636 821 4711 θαύματα
850 4642 1168 4712 ἐργάσεται,
1197 4643 1450 4717 καθάπερ
1497 4644 1593 4697 καὶ
1625 4644 1779 4696 τότε·
1810 4646 2026 4715 ποιήσει

435 4732 531 4784 καὶ
557 4731 655 4787 νῦν
705 4733 768 4787 :6
800 4733 946 4806 ὕδωρ
976 4731 1119 4790 οἶνον
1141 4751 1154 4766 ·
1184 4737 1278 4790 καὶ
1329 4735 1511 4806 πολλῷ
1557 4735 2024 4807 θαυμασιώτερον,

434 4821 533 4894 τὴν
556 4822 804 4894 διάχυσιν
834 4827 1158 4898 ἐπιστρέψει
1183 4827 1282 4898 τὴν
1311 4827 1670 4898 διαρρέουσαν
1700 4827 1793 4880 καὶ
1812 4827 2026 4899 ψυχρὰν

435 4910 754 4982 ἐπιθυμίαν,
797 4914 894 4967 καὶ
941 4915 1036 4968 ἐπὶ
1087 4915 1188 4985 τὴν
1241 4915 1622 4985 πνευματικὴν
1673 4919 2024 4988 μεταστήσει.

436 4998 609 5052 Τοῦτό
643 5001 790 5054 ἐστιν
822 5001 881 5066 ἐξ
909 4999 1105 5066 ὓδατος
1136 4999 1280 5057 οἶνον
1303 5003 1552 5073 ποιῆσαι.
1573 5001 1746 5056 Ἔνθα
1773 5003 2024 5074 αὐληταὶ,

435 5087 675 5158 οὐδαμοῦ
714 5089 743 5140 ὁ
791 5091 1058 5161 Χριστός·
1093 5090 1231 5145 ἀλλὰ
1278 5092 1381 5146 κᾶν
1433 5090 1671 5163 εἰσέλθῃ,
1703 5090 1765 5143 τὸ
1809 5091 2026 5162 πρῶτον

437 5176 690 5230 ἐκϐάλλει
735 5177 981 5246 τούτους,
1032 5181 1128 5233 καὶ
1175 5179 1298 5232 τότε
1348 5177 1773 5250 θαυματουργεῖ.
1814 5179 1880 5232 Τί
1925 5179 2026 5248 τῆς

441 5265 738 5335 σατανικῆς
769 5267 993 5338 πομπῆς
1019 5267 1368 5340 ἀηδέστερον,
1394 5266 1522 5320 ἔνθα
1554 5266 1800 5339 ἄναρθρα
1825 5267 2024 5334 πάντα,

440 5351 590 5424 [422]
626 5352 755 5407 ἔνθα
800 5355 979 5409 πάντα
1028 5354 1250 5425 άσημα;
1289 5355 1352 5408 ἂν
1400 5355 1459 5408 δέ
1497 5373 1550 5408 τι
1601 5357 1698 5409 καὶ
1742 5354 2024 5426 ἔναρθρον,

437 5441 601 5495 πάλιν
629 5443 806 5496 πάντα
844 5443 1068 5517 αἰσχρά,
1100 5445 1281 5498 πάντα
1312 5443 1476 5515 ἀηδῆ.

510 5530 574 5594 ζ’.
599 5529 765 5583 Οὐδὲν
782 5531 880 5602 τῆς
909 5534 1110 5605 ἀρετῆς
1141 5534 1311 5604 ἥδιον,
1342 5533 1493 5585 οὐδὲν
1513 5531 1872 5602 κοσμιότητος
1897 5530 2026 5600 γλυ-

444 5616 692 5687 κύτερον,
727 5619 877 5672 οὐδὲν
899 5621 1228 5692 σεμνότητος
1255 5620 1655 5691 ποθεινότερον.
1688 5618 1919 5672 Ποιείτω
1940 5637 2025 5684 τις

442 5705 686 5775 γάμους,
728 5707 872 5772 οἵους
927 5711 1036 5778 ἐγὼ
1070 5711 1235 5781 λέγω,
1287 5713 1378 5766 καί
1422 5711 1614 5781 ὄψεται
1662 5711 1760 5781 τὴν
1797 5710 2021 5782 ἡδονήν·

504 5855 533 5883 ⁸
555 5854 703 5904 Savil.
729 5858 854 5918 conj.
879 5860 1092 5918 συνῆλθε.

1148 379 1212 438 S.
1251 375 1541 436 JOANNIS
1576 370 2080 434 CHRYSUSTOMl
2121 369 2443 427 ARCﬂIEP.
2485 369 3035 428 CONSTANTINOP.

3615 379 3723 434 εει»

2150 487 2336 556 ποίους
2363 485 2420 540 δέ
2454 487 2683 558 γάμους,
2713 487 3032 559 προσέχετε.
3066 486 3290 558 Πρῶτον
3315 487 3417 560 μὲν
3445 489 3618 564 ἄνδρα
3644 493 3742 566 ζή-

2145 592 2226 628 τει
2256 578 2322 646 τῇ
2353 576 2607 646 παρθένῳ
2635 575 2805 640 ὅντως
2834 575 3004 646 ἄνδρα
3041 576 3138 629 καὶ
3163 577 3502 649 προστάτην,
3535 579 3612 643 ὡς
3637 581 3742 635 σὼ-

2148 679 2280 732 ματι
2313 662 2521 732 μέλλων
2547 663 2828 734 ἐπιθήσειν
2849 663 3114 736 κεφαλὴν,
3147 663 3223 727 ὡς
3254 665 3353 717 ούκ
3379 666 3736 736 ἀνδράποδον,

2143 749 2281 804 άλλά
2324 751 2606 823 θυγατέρα
2653 751 2803 823 αὐτῷ
2841 751 3051 823 μέλλων
3081 752 3464 824 παραδώσειν·
3497 755 3574 827 μὴ
3600 759 3740 829 χρή-

2147 856 2294 909 ματα
2324 840 2497 912 ζήτει,
2539 840 2613 910 μὴ
2660 839 2852 908 γένους
2900 839 3287 914 λαμπρότητα,
3345 844 3421 913 μὴ
3481 846 3740 916 πατρίδος

2146 927 2399 999 μέγεθος,
2465 928 2645 982 πάντα
2671 926 2845 982 ταῦτα
2885 929 3140 999 περιττά,
3189 929 3324 984 ἀλλὰ
3361 930 3540 1001 ψυχῆς
3578 933 3740 987 εὐλά-

2140 1014 2319 1080 ϐειαν,
2355 1015 2678 1079 ἐπιείκειαν,
2720 1017 2819 1086 τὴν
2849 1015 3024 1086 ἀληθῆ
3073 1015 3317 1083 σύνεσιν,
3353 1019 3448 1071 τοῦ
3479 1019 3618 1074 Θεοῦ
3646 1023 3735 1074 τὸν

2142 1104 2329 1172 φόϐον,
2358 1107 2406 1157 εί
2431 1103 2610 1175 βούλει
2640 1103 2760 1175 μεθ’
2787 1103 2985 1175 ἡδονῆς
3013 1105 3075 1158 τὸ
3098 1106 3395 1176 θυγάτριον
3418 1107 3540 1178 ζῇν.
3570 1109 3736 1161 Πλου-

2144 1191 2402 1265 σιώτερον
2435 1193 2545 1264 γὰρ
2574 1192 2838 1264 ζητοῦσα,
2876 1193 2942 1246 ού
2994 1193 3156 1263 μόνον
3190 1195 3360 1265 αὐτὴν
3390 1196 3491 1249 οὐκ
3514 1197 3734 1269 ὠφελή-

2144 1298 2280 1346 σεις,
2312 1263 2450 1336 άλλά
2478 1263 2573 1335 καὶ
2602 1263 2844 1353 βλάψεις,
2875 1281 3069 1353 δούλην
3091 1285 3206 1337 ἀντ’
3236 1263 3528 1356 ἐλευθέρας
3549 1263 3733 1340 ποιόῦ-

2143 1387 2230 1423 σα.
2265 1371 2340 1424 Ού
2370 1371 2641 1441 τοσαύτην
2669 1373 2780 1444 γὰρ
2813 1373 2920 1426 άπὸ
2958 1372 3068 1426 τῶν
3098 1375 3342 1444 χρυσίων
3374 1375 3729 1447 καρπώσεται

2137 1458 2239 1529 τὴν
2289 1459 2504 1531 ἡδονὴν,
2566 1462 2698 1530 ὅσην
2748 1461 2857 1513 ἀπὸ
2903 1461 2999 1514 τοῦ
3041 1460 3316 1515 δουλεύειν
3362 1463 3484 1531 τὴν·
3511 1463 3723 1533 ἀηδίαν.

2151 1545 2311 1600 Ἀλλά
2349 1548 2424 1619 μὴ
2446 1549 2598 1619 ζήτει
2630 1548 2822 1616 ταῦτα,
2855 1549 2990 1603 ἀλλά
3027 1550 3262 1619 μάλιστα
3304 1552 3404 1623 μὲν
3425 1553 3724 1622 ὁμότιμον·

2135 1635 2264 1688 εἰδὲ
2295 1635 2368 1706 μὴ
2429 1635 2674 1701 δυνατὸν,
2715 1636 3036 1709 πενέστερον
3083 1638 3370 1711 μᾶλλον,ἢ
3422 1639 3728 1710 εὐπορώτε-

2138 1739 2252 1793 ρον,
2279 1725 2333 1776 εί
2352 1741 2414 1792 γε
2438 1724 2513 1796 μὴ
2538 1725 2833 1778 ἀποδόσθαι
2863 1725 3118 1797 δεσπότῃ,
3152 1727 3268 1779 ἀλλ’
3299 1726 3546 1782 ἐκδοῦναι
3575 1729 3729 1801 ἀνδρὶ

2139 1811 2318 1882 βούλει
2340 1812 2436 1884 τὴν
2463 1812 2759 1884 θυγατέρα.
2807 1815 2977 1867 Ὅταν
3021 1815 3266 1886 ἀκριϐῶς
3298 1815 3561 1889 ἐξετάσῃς
3598 1819 3730 1872 τάν-

2131 1899 2259 1970 δρδς
2283 1901 2381 1971 τὴν
2404 1902 2625 1972 ἀρετὴν,
2653 1902 2744 1955 καὶ
2780 1901 2980 1973 μέλλῃς
3023 1902 3312 1968 ἐκδιδόναι,
3345 1905 3728 1978 παρακάλεσον

2134 1987 2225 2040 τὸν
2244 1989 2478 2058 Χριστὸν
2506 1989 2944 2058 παραγενέσθαι·
2979 1990 3039 2042 ού
3062 1990 3170 2062 γὰρ
3197 1993 3723 2064 ἐπαισχυνθήσεται·

2138 2077 2438 2148 μυστήριόν
2469 2079 2584 2130 ἐστι
2630 2078 2731 2148 τῆς
2765 2077 2931 2131 αὐτοῦ
2961 2081 3284 2151 παρουσίας.
3328 2082 3578 2135 Μάλιστα
3627 2084 3726 2154 μὲν

2133 2161 2225 2221 οὖν
2269 2167 2362 2219 καὶ
2415 2166 2536 2219 τότε
2590 2167 2919 2238 παρακάλει,
2973 2167 3115 2221 ὥστε
3159 2169 3444 2239 μνηστῆρα
3483 2172 3723 2223 τοιοῦτον

2131 2254 2334 2307 δοῦναι.
2392 2255 2484 2325 Μὴ
2514 2255 2646 2327 γένῃ
2699 2255 2793 2308 τοῦ
2831 2255 3018 2318 παιδὸς
3051 2253 3145 2309 τοῦ
3203 2255 3455 2327 Ἀϐραὰμ
3497 2257 3714 2327 χείρων,

2133 2343 2192 2407 ὃς
2227 2346 2308 2408 εἰς
2333 2344 2606 2416 τοσαύτην
2655 2344 2966 2417 ἀποδημίαν
3019 2345 3392 2415 πεμπόμενος,
3443 2345 3558 2417 ᾔδει
3587 2345 3718 2399 ἔνθα

2130 2432 2235 2504 χρὴ
2270 2435 2648 2503 καταφυγεῖν·
2697 2434 2898 2488 διὸκαὶ
2949 2433 3162 2488 πάντων
3210 2432 3496 2504 ἐπέτυχεν.
3548 2433 3720 2486 Ὅταν

2130 2521 2471 2594 περιεργάζῃ
2523 2523 2618 2576 καὶ
2662 2522 2834 2594 ζητῇς
2872 2522 2964 2576 τὸν
2993 2521 3184 2593 ἄνδρα,
3238 2519 3401 2592 εὔχου
3427 2537 3442 2554 ·
3483 2521 3606 2575 είπέ
3639 2521 3722 2592 τῷ

2127 2609 2271 2680 Θεῷ·
2309 2613 2408 2664 Ὃν
2441 2611 2514 2665 ἂν
2532 2611 2697 2683 θέλῃς
2726 2611 2790 2664 σὺ
2821 2610 3212 2680 οίκονόμησον·
3241 2609 3544 2680 ἐγχείρισον
3574 2609 3724 2680 αὐτῷ

2129 2699 2189 2752 :6
2220 2701 2475 2770 πρᾶγμα,
2509 2700 2600 2752 καὶ
2631 2699 2890 2768 τιμηθεὶς
2938 2698 3112 2770 ταύτῃ
3169 2699 3322 2770 παρὰ
3353 2697 3447 2751 σοῦ
3493 2698 3559 2770 τῇ
3588 2700 3722 2770 τιμῇ

2131 2787 2425 2858 άμείψεταί
2450 2805 2531 2841 σε.
2577 2787 2681 2840 Δύο
2709 2788 2771 2858 δὴ
2809 2789 2982 2842 ποιεῖν
3022 2786 3151 2858 χρὴ,
3187 2786 3336 2858 αὐτῷ
3380 2805 3442 2841 τε
3489 2787 3717 2860 ἐγχειρί-

2133 2875 2267 2942 ζειν,
2303 2878 2400 2930 καὶ
2441 2876 2682 2930 τοιοῦτον
2734 2875 2940 2947 ζητεῖν,
2984 2871 3097 2929 οἷον
3137 2875 3204 2930 ἂν
3245 2877 3409 2940 αὐτὸς
3442 2876 3721 2947 βούληται,

2129 2969 2378 3039 κόσμιον,
2404 2966 2676 3037 σώφρονα.
2705 2967 2874 3018 Ὅταν
2897 2961 2991 3019 οῦν
3029 2966 3161 3029 τοὺς
3185 2966 3400 3036 γάμους
3431 2970 3608 3038 ποιῇς,
3650 2967 3723 3036 μὴ

2129 3055 2422 3129 περιέλθῃς
2449 3055 2649 3118 οἰκίας,
2689 3054 2974 3126 κάτοπτρα
3011 3054 3106 3106 καὶ
3142 3054 3337 3120 ίμάτια
3375 3054 3636 3124 χρωμένη
3669 3053 3721 3092 δ’

2124 3143 2190 3196 ού
2229 3143 2337 3214 γάρ
2376 3141 2514 3214 πρὸς
2565 3142 2826 3208 ἐπίδειξιν
2866 3142 2928 3196 :6
2970 3142 3206 3212 πρᾶγμά
3258 3143 3426 3206 ἐστιν,
3481 3142 3604 3195 οὐδὲ
3643 3143 3724 3205 είς

2130 3230 2354 3301 πομπὴν
2394 3231 2634 3298 εἰσάγεις
2684 3231 2746 3284 τὸ
2800 3230 3132 3301 θυγάτριον·
3169 3229 3308 3283 ἀλλά
3351 3229 3718 3298 φαιδρύνουσα

2129 3319 2227 3392 τὴν
2250 3320 2430 3374 οἰκίαν
2457 3323 2569 3383 τοῖς
2596 3320 2797 3385 ἐνοῦσι,
2823 3319 2979 3372 κάλει
3002 3319 3252 3389 γείτονας
3279 3318 3372 3371 καὶ
3402 3316 3591 3385 φίλους
3623 3317 3717 3370 καὶ

2133 3411 2436 3479 συγγενεῖς.
2487 3409 2686 3473 ’Ὀσους
2714 3408 2780 3462 ἂν
2799 3403 2944 3472 οἶδας
2967 3409 3248 3472 ἐπιεικεῖς,
3282 3405 3504 3468 τούτους
3536 3405 3714 3470 κάλει,

2131 3502 2228 3553 καὶ
2273 3500 2390 3562 τοῖς
2430 3492 2582 3552 οὖσιν
2625 3497 2990 3568 ἐπαρκεῖσθαι
3032 3495 3310 3567 παραίνει.
3357 3496 3563 3565 Μηδεὶς
3606 3495 3716 3546 τῶν

2131 3587 2242 3642 ἀπὸ
2284 3587 2386 3658 τῆς
2443 3587 2755 3657 ὀρχήστρας
2802 3585 3064 3657 παρέστω
3095 3599 3112 3614 ·
3173 3584 3290 3637 ἐκεῖ
3337 3583 3447 3653 γὰρ
3499 3582 3717 3653 δαπάνη

2131 3675 2365 3749 περιττὴ
2398 3675 2490 3728 καὶ
2522 3675 2770 3745 ἄσχημος
2788 3691 2804 3707 ·
2835 3672 3064 3726 κάλεσον
3092 3671 3184 3724 τὸν
3212 3671 3449 3742 Χριστὸν
3481 3671 3588 3742 πρὸ
3613 3670 3723 3724 τῶν

2132 3766 2309 3820 ἀλλων
2361 3763 2641 3818 ἁπάντων.
2696 3760 2858 3826 Οἶδας
2902 3760 2992 3814 διὰ
3033 3761 3178 3824 τίνος
3224 3760 3387 3814 αὑτὸν
3431 3759 3720 3827 καλέσεις;

2138 3856 2235 3917 Ὃς
2265 3854 2331 3907 ἂν
2357 3853 2583 3924 ποιήσῃ,
2651 3851 2837 3921 φησὶν,
2875 3851 2958 3904 ἐνὶ
3012 3848 3219 3902 τούτων
3262 3849 3372 3902 τῶν
3398 3849 3719 3918 ἐλαχίστων,

2132 3943 2257 4011 ἐμοὶ
2282 3941 2527 4012 ἐποίησε.
2598 3940 2691 4010 Μὴ
2741 3938 2974 4012 νομίσῃς
3021 3937 3082 3991 :6
3129 3939 3363 4008 πρᾶγμα
3389 3937 3722 4007 δυσάρεστον

2132 4027 2292 4094 εἶναι,
2315 4029 2378 4084 :6
2399 4030 2639 4099 πένητας
2661 4027 2847 4082 καλεῖν
2869 4027 2956 4080 διὰ
2976 4026 3067 4080 τὸν
3088 4026 3322 4098 Χριστόν
3351 4041 3365 4056 ·
3389 4024 3729 4096 δυσάρεστον

2131 4119 2190 4173 :6
2234 4119 2441 4190 πόρνας
2487 4117 2696 4172 καλεῖν.
2744 4116 2816 4170 Τὸ
2871 4115 2982 4188 γάρ
3016 4115 3254 4184 πένητας
3303 4112 3510 4178 καλεῖν,
3561 4111 3720 4166 τοῦτο

2131 4207 2356 4280 ἀφορμὴ
2399 4207 2656 4270 πλούτου,
2705 4207 2882 4259 ἐκεῖνο
2921 4205 2977 4257 δὲ
3014 4204 3350 4276 ἀνατροπῆς.
3382 4203 3594 4272 Κόσμει
3619 4202 3718 4274 τὴν

2129 4297 2349 4369 νύμφην
2375 4297 2448 4369 μὴ
2479 4295 2690 4359 τούτοις
2707 4297 2819 4358 τοῖς
2841 4295 3088 4364 κοσμίοις
3114 4295 3228 4356 τοῖς
3251 4291 3359 4345 ἀπὸ
3377 4291 3470 4346 τοῦ
3492 4291 3714 4362 χρυσοῦ,

2129 4387 2244 4440 ἀλλ’
2264 4385 2537 4456 ἐπιεικείᾳ
2566 4384 2660 4438 καὶ
2693 4385 2832 4436 αἰδοῖ
2857 4383 2952 4436 καὶ
2979 4385 3090 4444 τοῖς
3123 4381 3412 4452 συνήθεσιν
3460 4380 3713 4450 ἱματίοις,

2128 4474 2250 4528 ἀντὶ
2277 4474 2481 4536 παντὸς
2528 4471 2735 4541 κόσμου
2780 4468 2985 4542 χρυσοῦ
3017 4470 3112 4522 καὶ
3160 4467 3607 4540 ἐμπλεγμάτων,
3653 4467 3716 4520 :6

2129 4562 2413 4634 ἐρυθριᾷν,
2429 4561 2490 4613 :6
2507 4559 2860 4629 αἰσχύνεσθαι
2878 4557 3166 4630 περιθεῖσα
3187 4599 3200 4624 ,
3226 4557 3320 4611 καὶ
3343 4558 3404 4610 :6
3433 4557 3509 4628 μὴ
3532 4556 3715 4629 ζητεῖν

2129 4653 2334 4705 ἐκεῖνα.
2367 4648 2575 4719 Μηδεὶς
2603 4649 2744 4701 ἔστω
2773 4647 3019 4718 θόρυϐος,
3056 4646 3298 4718 μηδεμία
3327 4647 3544 4718 ταραχή
3569 4662 3584 4677 ·
3620 4663 3717 4699 κα-

2129 4739 2328 4792 λείσθω
2351 4740 2380 4792 6
2412 4737 2667 4808 νυμφίος,
2710 4735 2950 4806 δεχέσθω
2975 4737 3077 4806 τὴν
3098 4734 3390 4807 παρθένον.
3415 4733 3496 4787 Τὰ
3518 4734 3714 4805 ἄριστα

2128 4827 2222 4882 καὶ
2272 4827 2344 4880 τά
2392 4826 2582 4880 δεῖπνα
2632 4824 2707 4896 μὴ
2737 4823 2908 4896 μέθης
2955 4823 3096 4877 ἔστω
3128 4824 3334 4895 πλήρη,
3371 4821 3507 4876 ἀλλά
3550 4839 3716 4876 πνευ-

2133 4915 2370 4986 ματικῆς
2398 4914 2612 4985 ἡδονῆς.
2654 4913 2844 4984 Μυρία
2867 4912 2976 4983 γὰρ
3005 4914 3070 4966 ἐκ
3108 4910 3204 4964 τοῦ
3233 4908 3480 4963 τοιούτου
3533 4909 3716 4981 γάμου

2129 5005 2283 5060 ἔσται
2312 5004 2380 5058 τά
2409 5003 2571 5068 καλὰ,
2605 5005 2699 5057 καὶ
2743 5003 2812 5056 τὰ
2849 5001 2944 5055 τοῦ
2981 5001 3096 5072 βίου
3128 5001 3186 5062 ἐν
3220 4997 3528 5075 ἀσφαλεία·
3565 4999 3630 5052 ἐκ
3657 4997 3717 5054 δὲ

2126 5092 2238 5147 τῶν
2268 5092 2364 5146 νῦν
2404 5091 2706 5162 γινομένων
2754 5090 2950 5160 γάμων
2998 5089 3072 5159 (εἴ
3099 5105 3162 5157 γε
3190 5087 3424 5156 γάμους,
3459 5085 3595 5139 ἀλλά
3639 5087 3715 5157 μὴ

2129 5178 2355 5250 πομπὰς
2381 5180 2520 5233 αύτά
2551 5179 2631 5232 δεῖ
2663 5178 2891 5245 καλεῖν),
2928 5174 3078 5248 [425]
3109 5177 3211 5246 δρα
3242 5184 3264 5212 ο
3300 5175 3401 5228 ὅσα
3446 5173 3514 5228 τὰ
3546 5175 3710 5228 κακά.

2129 5267 2463 5338 Διελύθησαν
2519 5268 2576 5320 at
2617 5265 2910 5328 παστάδες,
2961 5264 3058 5317 καὶ
3116 5262 3321 5325 εὐθέως
3356 5263 3597 5334 μέριμνα
3623 5262 3716 5314 καί⁸

2129 5358 2314 5427 φόϐος,
2349 5357 2424 5428 μή
2455 5373 2508 5408 τι
2542 5352 2838 5425 παραπέσῃ
2871 5351 2980 5405 τῶν
3013 5351 3390 5422 κεχρημένων,
3426 5351 3521 5404 καὶ
3550 5350 3716 5403 διαδέ-

2127 5464 2283 5518 χεται
2315 5444 2416 5515 τὴν
2446 5443 2638 5513 ἡδονὴν
2667 5440 2874 5510 ἀθυμία
2916 5439 3215 5510 ἀφόρητος.
3279 5437 3420 5490 Ἀλλ’
3441 5436 3581 5506 αῦτη
3617 5437 3714 5507 μὲν

2126 5535 2227 5606 τῆς
2261 5531 2586 5603 κηδεστρίας
2615 5527 2871 5600 ήάγωνία
2889 5544 2902 5558 ·
2929 5527 3128 5599 μᾶλλον
3155 5526 3212 5579 δέ
3232 5525 3356 5580 οὐδὲ
3377 5526 3514 5597 αὑτὴ
3540 5523 3723 5596 ἀπήλ.

2188 5735 2670 5804 Ιξῃιιῑεῑιρεεηᾱυῐη
2697 5734 2912 5804 Βυηξειιε
2931 5737 3220 5804 κιχρωμξνη.
3272 5797 3286 5804 _
3338 5796 3368 5804 η

2135 5860 2171 5912 Ε
2194 5802 2215 5827 ο
2244 5797 2425 5846 Vocem
2455 5789 2568 5860 δρα,
2609 5812 2754 5860 quam
2810 5789 3039 5861 iguoraﬁ‘l
3077 5789 3212 5860 éddf,
3257 5796 3395 5848 dedit
3437 5807 3565 5846 unus
3605 5789 3712 5840 cod.

2153 5871 2267 5909 'm'r.
