4140 6490
444 374 551 431 589

447 506 618 562 tenet,
654 495 899 549 fmtorem
945 488 1194 544 sustinet.
1242 485 1378 541 Volo
1424 483 1711 538 ostendere
1767 478 1909 552 quod
1938 492 2047 532 non

446 598 670 660 propter
712 586 830 639 inec
859 589 1107 654 oporteat
1132 578 1337 649 pudore
1384 575 1651 641 suil'undi,
1688 573 1782 630 sed
1831 580 2050 642 propter

445 699 509 739 ea
548 696 668 751 quae
715 677 848 732 facis
879 692 892 727 :
929 684 984 728 ιιι
1018 687 1170 738 vero,
1197 671 1344 726 illum
1377 670 1599 724 mittens
1628 666 1911 738 pudorem,
1941 663 2044 717 hoc

452 769 796 827 sull‘undrris.
842 767 1007 821 Deum
1041 779 1169 835 ergo
1197 764 1530 818 condemnas
1555 761 1645 830 qui
1674 760 1751 814 sic
1781 758 2041 813 decrevit.

450 864 630 918 Dicam
661 859 934 929 quomodo
957 866 1038 911 est
1063 863 1458 911 sacramentum
1488 852 1780 908 Ecclesim?
1801 849 2046 904 Christus

451 957 600 1011 venit
629 953 700 1008 ad
735 952 1055 1016 Ecclesium,
1107 951 1193 1005 illa
1225 965 1290 1004 ex
1320 949 1437 1018 ipso
1465 957 1547 1002 est
1573 956 1711 1009 orta,
1738 955 1792 1000 et
1833 961 1951 998 cum
1981 960 2042 999 ea

446 1063 774 1119 Congressus
818 1055 902 1101 est
943 1058 1237 1115 congressu
1283 1042 1571 1112 spirituali.
1615 1039 1878 1110 Despondi
1910 1041 2043 1094 enim

447 1156 554 1203 vos,
585 1139 775 1208 inquit,
827 1137 916 1190 uni
941 1137 1048 1190 viro
1076 1136 1321 1203 virginem
1350 1143 1545 1188 castam
1593 1132 1667 1203 (9..
1696 1132 1811 1186 Cor.
1849 1133 1932 1185 ll.
1960 1131 2039 1203 2).

448 1231 600 1300 Quod
625 1240 803 1285 autem
832 1245 896 1283 ex
929 1229 1045 1298 ipso
1073 1229 1262 1291 simus,
1295 1235 1349 1282 et
1371 1244 1434 1282 cx
1472 1226 1723 1280 membris
1753 1225 1868 1295 ejus
1897 1235 1949 1278 et
1978 1242 2041 1280 cx

447 1339 610 1378 carne
667 1322 805 1391 ejus,
839 1320 962 1374 audi
1015 1319 1284 1389 quomodo
1331 1320 1490 1372 dicat.
1540 1319 1663 1373 lla-c
1707 1329 1884 1372 autem
1925 1335 2044 1370 om-

447 1417 533 1470 nia
557 1423 738 1469 mente
767 1423 1065 1476 versantes,
1116 1428 1184 1466 nc
1217 1421 1420 1464 tantum
1460 1411 1771 1481 mysterium
1834 1410 2040 1480 pudore

445 1509 762 1563 afficiamus.
814 1505 1014 1561 Christi
1068 1507 1368 1576 prmsentiae
1419 1514 1574 1574 typus
1625 1512 1709 1558 est
1761 1504 2043 1558 matrimo-

446 1603 616 1666 nium,
651 1610 705 1655 ttt
733 1613 863 1654 vero
893 1599 1219 1652 inebriaris?
1253 1599 1346 1652 Dic
1387 1598 1515 1651 mihi
1538 1639 1552 1663 ,
1587 1597 1631 1651 si
1664 1598 1806 1666 regis
1831 1596 2040 1651 videres

449 1693 765 1762 imaginem,
817 1707 944 1745 num
975 1705 1092 1745 eam
1127 1690 1326 1760 probro
1352 1689 1640 1744 afficcrcs?
1669 1689 2036 1759 Nequaquam.

452 1785 711 1839 Videntur
752 1783 967 1854 quidem
1015 1799 1103 1838 res
1160 1783 1694 1839 esse'iudill'ercntcs
1737 1799 1858 1854 qua:
1908 1783 2042 1838 fiunt

445 1877 588 1931 circa
639 1875 1069 1940 matrimonium;
1117 1885 1240 1930 sunt
1287 1885 1466 1930 autem
1511 1891 1829 1946 magnorum
1857 1892 2037 1931 causa:

446 1968 731 2022 malorum.
769 1967 957 2023 Omnia
992 1976 1120 2022 sunt
1149 1969 1303 2038 plena
1338 1969 1642 2037 iniquitate.
1677 1967 1961 2038 Turpitudo
1991 1980 2039 2022 et

443 2059 833 2128 stultiloquium,
864 2067 910 2112 et
931 2059 1149 2113 scurrile
1177 2060 1410 2124 verbum,
1449 2060 1641 2130 inquit,
1668 2077 1730 2114 ea:
1756 2079 1842 2115 ore
1868 2072 2036 2115 vestro

445 2165 544 2202 non
575 2159 714 2202 exeat
766 2149 985 2221 (Epiros.
1015 2151 1070 2206 5.
1103 2152 1179 2217 tl).
1214 2151 1404 2206 Omnia
1434 2161 1614 2208 autem
1649 2153 1737 2207 illa
1770 2163 1895 2208 sunt
1925 2163 2037 2208 lur-

440 2241 623 2308 pitndo
666 2244 1136 2314 ctstultiloqnium
1184 2254 1239 2301 et
1283 2247 1619 2314 scurrilitas,
1670 2262 1778 2302 non
1823 2249 2033 2312 leviter,

437 2333 528 2386 sed
558 2349 715 2403 supra
744 2336 985 2391 modum.
1015 2339 1116 2392 Ars
1155 2341 1297 2393 enim
1328 2348 1411 2394 est
1440 2339 1562 2405 hoc,
1595 2349 1648 2394 et
1681 2356 1925 2411 magnam
1957 2341 2036 2394 af-

439 2426 538 2480 fert
585 2427 794 2482 laudem
845 2431 908 2484 iis
955 2431 1045 2499 qui
1074 2446 1190 2485 eam
1237 2441 1496 2488 exercent
1539 2451 1552 2487 :
1596 2449 1684 2489 ars
1728 2433 1865 2490 facta
1909 2445 2036 2490 sunt

436 2530 673 2586 peccata.
703 2521 821 2576 Non
860 2524 1052 2578 leviter
1076 2540 1137 2579 ea
1177 2534 1494 2594 tractamus,
1524 2529 1618 2584 sed
1653 2529 1895 2584 adhibito
1922 2540 2033 2584 stu-

434 2613 526 2664 dio
571 2623 624 2667 et
666 2617 888 2670 scientia
910 2659 923 2678 ,
959 2627 1012 2670 et
1043 2617 1108 2672 de
1136 2629 1335 2674 caetero
1365 2620 1613 2677 diabolus
1645 2633 1724 2678 est
1757 2624 2032 2694 copiarum

436 2720 654 2757 suarum
683 2706 788 2760 dux
832 2717 883 2759 et
906 2709 1218 2778 imperator.
1251 2711 1348 2767 Ubi
1375 2723 1458 2767 est
1492 2714 1634 2768 cnim
1676 2716 1930 2784 ebrietas,
1952 2728 2034 2772 est

435 2806 489 2848 et
521 2797 732 2852 lascivia
761 2816 774 2862 ;
815 2799 903 2852 ubi
934 2816 1113 2854 sermo
1137 2801 1448 2870 obscmnns,
1480 2806 1634 2860 adest
1661 2807 1908 2863 diabolus
1937 2824 2029 2863 sua

430 2888 683 2964 efferens.
713 2891 842 2944 Cum
876 2893 958 2946 his
986 2896 1296 2962 coavivans,
1331 2898 1652 2968 tlic,qumso,
1683 2899 1879 2956 Christi
1912 2919 2028 2974 my-

433 2983 652 3036 sterimn
689 2987 898 3055 peragis
918 3027 932 3048 ,
966 2995 1020 3042 et
1049 2987 1319 3044 diabolum
1351 2992 1608 3046 invocas?
1640 2995 1724 3050 Me
1755 2995 1894 3051 forte
1917 2999 2031 3052 exi-

432 3075 663 3130 stimatis
689 3092 904 3146 gravem
933 3089 985 3134 ct
1011 3079 1392 3151 importunum.
1420 3083 1552 3138 Nam
1586 3084 1687 3140 hoc
1712 3104 1925 3159 quoque
1948 3098 2029 3145 est

433 3166 614 3221 multa:
660 3171 1042 3238 pervcrsitatis,
1091 3173 1231 3241 quod
1276 3176 1363 3245 qui
1398 3177 1638 3246 increpat
1670 3179 1900 3233 ludibrio
1931 3183 2028 3235 ba-

433 3257 621 3314 bcatur
650 3269 917 3332 tamquam
947 3273 1213 3320 austerus.
1239 3265 1354 3320 Non
1381 3268 1574 3323 auditis
1599 3270 1816 3326 Paulum
1847 3273 2031 3328 dicen-

435 3363 563 3418 tem,
595 3353 862 3424 Quidquid
892 3357 1131 3426 faciatis,
1163 3359 1282 3414 Sive
1323 3363 1595 3417 comedatis
1616 3406 1629 3428 ,
1663 3365 1767 3418 sive
1810 3367 2022 3434 bibatis,

430 3446 534 3500 sire
592 3449 791 3518 aliquid
835 3453 1060 3521 faciatis,
1119 3455 1289 3506 omnia
1333 3455 1401 3509 ad
1453 3458 1671 3526 gloriam
1719 3458 1818 3514 Dei
1870 3464 2025 3530 facile

432 3539 524 3606 (1.
559 3539 675 3594 Cor.
707 3541 792 3596 l0.
820 3541 964 3614 5l)?
1007 3543 1116 3597 Vos
1160 3555 1337 3600 autem
1383 3547 1449 3602 ad
1493 3548 1920 3606 maledicentiam
1975 3565 2024 3610 et

432 3631 799 3700 ignominiam.
833 3633 949 3688 Non
981 3636 1176 3689 auditis
1204 3638 1519 3708 prophetam
1551 3641 1850 3707 dicentem,
1901 3645 2025 3699 Ser-

432 3724 529 3776 rite
555 3722 781 3777 Domino
812 3726 862 3778 in
893 3727 1088 3792 timore,
1115 3738 1160 3782 et
1186 3731 1434 3784 exsultate
1461 3733 1506 3786 ei
1526 3733 1578 3786 in
1608 3744 1820 3789 tremore
1852 3735 2022 3810 (Psal.

427 3813 483 3868 2.
513 3815 640 3886 ll)?
669 3815 774 3870 Vos
802 3826 978 3872 autem
1009 3819 1363 3876 dill'nnditnini
1386 3832 1436 3876 ct
1467 3823 1592 3878 luxu
1625 3825 1884 3880 difﬂuitis.
1916 3829 2026 3883 An-

431 3922 537 3959 non
567 3923 696 3962 vero
723 3909 848 3964 licet
873 3911 1031 3965 etiam
1067 3920 1180 3967 tuto
1210 3914 1382 3969 lauari
1403 3917 1424 3968 ?
1449 3917 1536 3971 Vis
1563 3918 1749 3974 audire
1772 3919 2024 3989 pulchros

429 3997 663 4052 modos?
703 3999 862 4055 Certe
889 4018 955 4056 ne
983 4013 1254 4072 oporteret
1288 4005 1538 4076 quidem;
1571 4009 1664 4064 sed
1697 4027 1781 4066 me
1811 4012 1902 4066 tibi
1935 4030 2025 4068 ac-

428 4094 748 4160 commodo,
775 4096 820 4149 si
856 4096 936 4149 vis
977 4115 989 4150 :
1021 4113 1127 4152 non
1151 4099 1336 4154 audias
1366 4103 1638 4158 satanicos
1669 4105 1880 4172 modos,
1928 4109 2020 4161 sed

433 4183 760 4250 spirituales.
797 4186 885 4239 Vis
913 4187 1094 4242 videre
1121 4190 1420 4245 saltantes?
1453 4193 1575 4248 vide
1603 4195 1825 4250 chorum
1857 4214 2021 4268 ange-

430 4276 625 4330 lorum.
673 4277 740 4332 Et
786 4278 1058 4348 quomodo
1090 4281 1202 4335 licri
1237 4291 1413 4351 potest
1443 4292 1500 4338 ut
1529 4285 1781 4340 videam?
1827 4289 1880 4342 Si
1911 4290 2025 4344 haec

433 4369 697 4438 alleget-is,
728 4372 912 4426 veniet
955 4373 1198 4428 Christus
1222 4389 1438 4446 quoque
1465 4377 1530 4431 ad
1562 4378 1654 4433 has
1685 4380 1899 4450 nuptias
1933 4400 1946 4435 :
1978 4384 2022 4437 si

429 4463 567 4518 adsit
600 4473 776 4519 autem
803 4465 1066 4533 Christus,
1101 4467 1252 4522 adest
1277 4469 1436 4523 etiam
1464 4471 1662 4526 chorus
1685 4474 2019 4544 angelorum.

430 4555 485 4611 Si
521 4557 674 4624 velis,
709 4573 850 4612 nunc
888 4574 1098 4630 quoque
1137 4559 1296 4615 faciet
1321 4562 1576 4619 miracula
1605 4566 1742 4620 sicut
1765 4576 1820 4622 et
1846 4577 1970 4624 tunc
2003 4585 2018 4625 :

429 4649 586 4704 faciet
616 4665 755 4703 nunc
783 4666 1211 4722 quoqueaquam
1245 4655 1424 4710 vinum
1446 4699 1462 4724 ,
1495 4667 1546 4712 et
1576 4659 1745 4713 mttlto
1782 4661 2018 4715 admira-

429 4740 1008 4797 bilinrazdissolutam
1052 4755 1330 4802 convertet
1381 4748 1618 4803 ltetitiam
1666 4760 1721 4806 et
1774 4751 2019 4823 frigidam

429 4833 808 4902 cupiditatem,
839 4845 891 4889 ct
922 4836 1208 4892 transferet
1234 4838 1299 4893 ad
1329 4840 1686 4910 Spiritualem.
1716 4843 1828 4899 lloc
1855 4855 1934 4901 cst
1956 4864 2021 4902 ex

428 4939 563 4994 aqua
611 4925 789 4979 vinum
819 4924 1015 4982 facere.
1063 4927 1160 4983 Ubi
1204 4938 1327 4983 sunt
1381 4931 1649 5000 tibicines,
1677 4950 2014 5006 nequaquam

429 5028 510 5072 c~t
531 5019 812 5084 Christus;
855 5021 949 5076 sed
977 5030 1032 5076 ct
1066 5022 1108 5076 si
1135 5021 1291 5076 fuerit
1321 5024 1626 5094 ingressus,
1658 5043 1750 5082 eos
1790 5031 2015 5099 primum

429 5111 602 5178 ejieit,
646 5122 698 5166 et
739 5121 865 5168 tunc
899 5111 1025 5168 facit
1052 5115 1326 5169 miracula.
1374 5117 1510 5184 Quid
1549 5120 1786 5175 satanica
1827 5137 2017 5192 pompa

429 5211 511 5254 est
557 5203 916 5272 injucundius,
943 5204 1029 5259 ubi
1058 5214 1180 5260 sunt
1210 5207 1386 5260 omnia
1429 5209 1668 5264 articulis
1692 5226 1796 5264 non
1825 5212 2020 5266 distin-

429 5303 534 5354 cta,
565 5295 652 5347 ubi
680 5296 856 5350 omnia
888 5313 991 5350 non
1020 5297 1223 5368 signata
1247 5341 1260 5365 ,
1311 5315 1409 5355 nec
1451 5303 1674 5356 notata?
1721 5305 1762 5356 si
1792 5305 1916 5374 quid
1946 5307 2014 5360 sit

432 5395 609 5439 autem
643 5389 802 5442 etiam
835 5391 1073 5446 articulis
1103 5392 1434 5461 distinctum,
1471 5411 1658 5452 rursus
1696 5398 1871 5452 omnia
1905 5410 2014 5454 tur-

433 5478 537 5545 pia,
574 5477 750 5532 omnia
782 5480 1090 5549 injucunda.

501 5570 555 5623 7.
600 5570 779 5633 Qualis
829 5587 1042 5639 sponsus
1091 5578 1387 5644 quaerendus
1430 5579 1632 5650 virgini.
1664 5581 1892 5638 --Nihil
1935 5594 2016 5638 est

431 5661 626 5715 virtute
661 5661 974 5732 jucundius,
1026 5664 1156 5718 nihil
1205 5669 1572 5726 moderatione
1601 5675 1839 5738 suavius,
1887 5675 2017 5730 nihil

432 5753 708 5808 honestate
735 5752 1160 5810 desiderabilins.
1189 5759 1367 5814 Faciat
1385 5764 1646 5833 quispiam
1669 5768 1880 5838 nuptias
1899 5783 2022 5839 qua-

431 5846 505 5900 les
555 5860 654 5917 ego
697 5845 838 5905 dico,
884 5855 936 5898 et
986 5847 1184 5903 videbit
1227 5853 1551 5918 vnl'tplalem
1589 5875 1599 5912 :
1631 5860 1814 5926 quales
1843 5872 2020 5916 autem

739 5931 1010 5992 PATnOL.
1057 5932 1148 5992 Cn
1227 5933 1392 5994 LXII

1323 366 1388 421 IN
1432 366 1644 421 EPIST.
1691 365 1782 419 AD
1821 359 2101 418 COLOSS.
2135 359 2289 416 CAP.
2337 359 2423 413 IV.
2467 359 2696 417 llOMlL.
2745 363 2837 418 Xll

3645 385 3750 439 590

2158 475 2402 544 nuptias,
2454 478 2735 534 attendite.
2789 479 3025 537 Primum
3073 487 3289 557 quidem
3342 491 3511 546 virum
3569 505 3792 566 quwre‘

2155 566 2379 635 virgini,
2414 569 2501 638 qui
2552 586 2676 625 vere
2725 573 2794 625 sit
2840 574 2920 627 vir
2963 585 3210 647 tutorque
3248 580 3365 649 ejus
3391 592 3444 637 et
3471 585 3743 649 defensor,

2155 665 2421 729 tamquam
2471 664 2680 731 corpori
2723 677 2880 732 caput
2934 668 3321 739 impositurus,
3372 683 3430 729 ttt
3484 679 3573 748 qui
3637 697 3744 735 non

2154 753 2514 823 mancipium,
2546 757 2637 810 sed
2671 756 2834 811 tiliam
2867 762 2914 814 ei
2941 763 3015 817 sis
3047 765 3354 821 traditurus.
3407 769 3484 825 Ne
3535 788 3747 842 qna'ras
3788 783 3794 806 ‘

2153 846 2451 914 pecuniam,
2485 862 2589 901 non
2629 851 2842 917 generis
2873 855 3238 923 splendorem,
3286 878 3390 915 non
3418 865 3602 932 patria:
3631 884 3745 921 ma-
3773 891 3780 931 ,-

2150 938 2518 1007 gnitudinem;
2569 953 2693 994 sunt
2754 943 2868 996 lucc
2929 950 3104 1002 omnia
3159 966 3592 1024 superv.canea;
3651 961 3744 1015 sed

2149 1032 2312 1085 animi
2343 1033 2616 1102 pietatem,
2651 1038 3134 1100 mansuetudinem,
3167 1059 3344 1097 veram
3379 1049 3740 1115 prudentimn.

2152 1121 2243 1176 Dei
2292 1123 2561 1189 timorem,
2608 1126 2650 1179 si
2696 1128 2775 1180 vis
2815 1128 2974 1181 filiam
3007 1131 3187 1185 vivere
3228 1148 3346 1187 cum
3379 1135 3648 1206 voliptatc
3693 1155 3746 1195 et

2151 1217 2352 1272 lmtitia.
2381 1219 2639 1286 Qumrens
2663 1221 2803 1275 enim
2833 1222 3107 1290 ditiorem,
3140 1242 3244 1280 non
3275 1229 3452 1282 soluat
3487 1246 3604 1285 cam
3639 1250 3742 1289 non

2143 1311 2386 1380 jnvabis,
2421 1313 2514 1367 sed
2544 1315 2702 1368 etiam
2737 1315 2936 1382 lwdcs;
2971 1334 3181 1373 servam
3216 1319 3382 1377 facies
3425 1339 3522 1392 pro
3556 1326 3739 1380 libera.

2145 1406 2262 1460 Non
2295 1415 2435 1461 tanta
2467 1410 2606 1461 enim
2647 1424 2711 1463 ex
2753 1410 2930 1465 aureis
2970 1410 3176 1466 fruetur
3221 1413 3511 1485 voluptate,
3547 1430 3743 1486 quanta

2147 1502 2390 1555 molestia
2421 1519 2483 1556 ex
2513 1505 2791 1558 servitute.
2820 1505 2924 1559 Sed
2955 1507 3068 1562 hate
3098 1524 3163 1563 ne
3194 1525 3429 1578 qumras,
3464 1511 3558 1566 scd
3590 1513 3742 1568 illum

2145 1592 2233 1661 qui
2263 1593 2330 1646 sit
2375 1595 2517 1662 paris
2546 1594 2870 1650 conditionis
2903 1617 2915 1652 :
2950 1598 2991 1651 si
3025 1598 3137 1653 ﬁeri
3170 1611 3349 1656 autem
3394 1619 3498 1656 non
3534 1606 3737 1674 possit,

2146 1687 2516 1756 pauperiorem
2569 1691 2738 1760 magis
2783 1707 2943 1761 quam
2986 1693 3230 1750 ditiorem
3256 1740 3269 1760 ,
3301 1698 3342 1750 si
3380 1715 3485 1752 non
3517 1699 3741 1754 domino

2148 1778 2384 1834 vendere
2405 1822 2419 1844 ,
2451 1780 2542 1834 sed
2572 1783 2766 1834 marito
2798 1783 2876 1836 vis
2908 1785 3118 1838 tradere
3152 1786 3337 1841 filiam.
3387 1789 3611 1858 Quando
3642 1795 3739 1848 viri

2145 1869 2395 1924 virtutem
2431 1882 2616 1926 exacte
2645 1873 3062 1942 exatninaveris,
3101 1887 3154 1931 et
3183 1894 3300 1932 eam
3330 1896 3387 1934 cs
3421 1882 3737 1947 traditurus,

2144 1979 2268 2033 roga
2315 1963 2586 2020 Christum
2635 1977 2691 2021 ut
2731 1968 2903 2048 adsit;
2959 1986 3064 2024 non
3111 1972 3256 2026 enim
3310 1973 3456 2028 illum
3488 1975 3736 2044 pudebit;

2144 2058 2455 2127 mysterium
2487 2060 2683 2129 quippe
2712 2071 2795 2115 est
2840 2078 2950 2116 sua:
2999 2065 3320 2132 praesentitc.
3380 2069 3556 2136 Atque
3610 2079 3739 2124 tunc

2142 2165 2267 2219 roga
2316 2161 2373 2204 ut
2417 2153 2577 2206 talem
2626 2154 2716 2209 det
2761 2171 3041 2224 sponsum.
3088 2158 3166 2214 Ne
3209 2160 3284 2214 sis
3322 2175 3481 2216 servo
3509 2163 3738 2222 Abrahae

2141 2241 2399 2311 deterior,
2448 2246 2536 2316 qui
2593 2246 2658 2302 ad
2712 2257 2910 2302 tantam
2965 2250 3162 2305 missus
3207 2255 3737 2324 peregrinationem,

2143 2337 2294 2390 novit
2340 2354 2448 2408 quo
2494 2347 2638 2393 esset
2679 2339 3120 2410 confugiendum,
3173 2351 3228 2398 et
3277 2344 3398 2400 ideo
3437 2347 3614 2401 omnia
3656 2359 3740 2404 Csl

2138 2441 2521 2500 consequutus.
2555 2431 2781 2499 Quando
2814 2444 2866 2487 tu
2896 2448 2958 2489 es
2985 2435 3268 2503 sollicitus,
3300 2446 3352 2492 et
3387 2437 3568 2493 virum
3597 2455 3740 2511 qum-

2139 2521 2232 2585 ris,
2271 2537 2523 2591 precare,
2553 2523 2640 2578 dic
2685 2525 3026 2593 Deo,-Quem
3059 2537 3111 2580 tu
3146 2528 3278 2582 velis
3310 2530 3574 2599 provide;
3622 2548 3734 2588 rem

2140 2620 2302 2666 totam
2334 2613 2382 2667 ei
2413 2614 2562 2669 trade
2591 2624 2645 2670 et
2674 2619 2950 2673 committe
2984 2637 2995 2670 :
3035 2619 3138 2674 hoc
3164 2631 3342 2675 autem
3377 2638 3406 2676 a
3438 2632 3487 2677 te
3515 2636 3738 2678 ornatus

2140 2702 2366 2770 honore,
2393 2713 2446 2758 te
2477 2709 2931 2762 rcmuncrabitur.
2964 2710 3076 2763 Duo
3110 2720 3257 2765 certe
3290 2722 3506 2781 Oportet
3534 2714 3732 2781 facere,

2137 2816 2331 2870 nempe
2357 2819 2468 2858 rem
2505 2803 2576 2858 illi
2603 2807 2963 2873 committere,
2985 2817 3037 2863 et
3064 2809 3220 2865 talem
3246 2828 3488 2882 qutcrere
3519 2818 3731 2886 qualem

2135 2894 2247 2964 ipse
2295 2895 2426 2962 vult,
2459 2913 2650 2968 nempe
2701 2900 2922 2968 probum
2971 2912 3021 2957 et
3055 2901 3359 2959 honestum.
3407 2907 3632 2974 Quaado
3673 2927 3732 2965 es

2134 2989 2374 3046 facturus
2404 2993 2614 3062 nuptias
2635 3034 2650 3059 ,
2684 3010 2747 3048 ne
2780 2994 2968 3050 domos
2995 2997 3196 3067 obeas,
3227 3001 3444 3070 specula
3474 3012 3527 3057 et
3557 3015 3732 3062 vestes

2132 3085 2474 3140 commodata
2501 3088 2772 3156 accipiens
2808 3106 2820 3142 :
2855 3105 2940 3142 res
2966 3091 3105 3144 enim
3137 3108 3241 3146 non
3287 3092 3342 3147 fit
3387 3095 3452 3150 ad
3494 3105 3732 3152 ostenta-

2135 3179 2356 3246 tionem,
2393 3196 2565 3251 neque
2617 3182 2778 3235 filiam
2809 3183 3031 3238 adducis
3080 3186 3144 3240 ad
3193 3202 3478 3257 pompam;
3526 3191 3619 3244 scd
3668 3192 3731 3246 iis

2132 3286 2250 3340 quae
2281 3271 2333 3324 in
2364 3285 2424 3325 ea
2454 3283 2575 3325 sunt
2605 3273 2821 3326 domum
2854 3275 3160 3331 exhilarans
3187 3320 3202 3345 ,
3247 3295 3380 3333 voca
3431 3282 3635 3338 vicinos
3677 3293 3732 3338 et

2085 3434 2095 3442 _
2131 3362 2334 3415 amicos
2361 3371 2413 3416 et
2439 3373 2695 3434 cognatos
2723 3381 2737 3431 ;
2771 3381 2906 3436 quos
2936 3368 3074 3421 nosti
3097 3368 3311 3439 quidem
3336 3371 3507 3428 bonos
3528 3383 3581 3429 et
3608 3391 3728 3445 pro-

2130 3455 2260 3520 bos,
2309 3471 2404 3510 crs
2445 3473 2573 3509 voca
2599 3499 2612 3522 ,
2655 3467 2708 3512 et
2754 3469 2810 3513 ut
2853 3460 2916 3514 iis
2959 3477 3077 3531 qua}
3120 3463 3316 3519 adsunt
3345 3469 3579 3523 contenti
3622 3469 3730 3525 sint

2130 3549 2379 3604 admone.
2432 3550 2510 3604 Ex
2558 3551 2622 3605 iis
2652 3553 2741 3622 qui
2783 3563 2905 3607 sunt
2932 3570 2996 3609 ex
3032 3555 3309 3612 orchestra
3337 3560 3478 3616 adsit
3508 3565 3724 3633 nullus;

2130 3639 2236 3695 illic
2282 3641 2424 3696 enim
2465 3651 2548 3697 est
2593 3655 2837 3714 sumptus
2879 3662 3307 3716 supervacaneus
3337 3662 3388 3706 et
3417 3653 3724 3714 indecorus.

2129 3735 2268 3789 Ante
2292 3736 2425 3789 alios
2448 3752 2635 3791 omnes
2659 3753 2787 3791 voca
2815 3738 3086 3794 Christum
3118 3759 3130 3794 :
3163 3744 3267 3798 scis
3299 3760 3394 3814 per
3417 3763 3573 3817 quem
3601 3767 3724 3806 cum

2129 3826 2365 3880 vocabis.
2403 3826 2501 3894 Qui
2537 3827 2748 3897 fecerit,
2778 3829 2968 3900 inquit,
3017 3831 3106 3885 ttni
3166 3849 3229 3887 ex
3281 3836 3541 3901 minimis.
3594 3843 3724 3897 mihi

2130 3920 2253 3975 fecit
2289 3920 2501 3992 (.llartlt.
2527 3921 2615 3976 9.5.
2649 3923 2762 3994 45).
2795 3923 2872 3978 Ne
2909 3933 3064 3993 putes
3109 3941 3220 3980 rem
3253 3943 3373 3985 esse
3411 3947 3626 4002 gravem
3671 3946 3727 3990 et

2128 4015 2436 4079 molestam,
2485 4030 2749 4083 pauperes
2797 4031 2995 4072 vocare
3039 4027 3258 4087 propter
3284 4021 3556 4078 Christum
3591 4043 3603 4078 :
3639 4043 3728 4084 res

2130 4118 2211 4163 est.
2251 4109 2428 4177 gravis
2479 4117 2534 4163 et
2572 4110 2796 4164 molesta
2845 4125 3036 4165 vocare
3080 4113 3410 4169 meretrices.
3458 4116 3725 4189 Paazperes

2128 4201 2272 4255 enim
2306 4215 2522 4262 vocare,
2551 4216 2612 4255 ea
2643 4216 2729 4254 res
2758 4210 2839 4255 est
2870 4203 3084 4257 occasio
3111 4203 3439 4273 divitiarum,
3477 4209 3604 4264 illud
3632 4226 3725 4265 au-

2131 4301 2235 4345 tem
2278 4292 2574 4346 cversiniiis
2625 4302 2677 4346 et
2717 4293 2888 4347 exitii.
2936 4294 3076 4348 Orna
3111 4311 3362 4364 Sponsam
3411 4315 3515 4354 non
3546 4304 3722 4358 aureis

2137 4382 2496 4448 ornamentis,
2529 4383 2623 4436 sed
2655 4384 3066 4440 mansuetudine
3093 4395 3147 4440 et
3178 4386 3380 4456 pudore
3409 4401 3463 4444 et
3494 4407 3724 4447 consue-
3812 4452 3813 4455 η

2130 4471 2196 4526 tis
2225 4471 2494 4538 vestibus;
2525 4489 2622 4544 pro
2648 4475 2838 4543 quovis
2870 4476 3068 4531 mundo
3097 4495 3262 4534 aureo
3288 4488 3342 4534 ct
3374 4481 3723 4553 implicaturis

2127 4574 2180 4619 ct
2230 4563 2513 4620 intcxturis
2564 4565 2793 4621 induens
2845 4568 3105 4638 pudorem
3147 4579 3202 4624 et
3230 4575 3635 4642 verecundiam,
3670 4587 3724 4632 et

2126 4656 2214 4711 illa
2249 4665 2297 4710 Ill
2331 4672 2399 4712 nc
2434 4669 2659 4729 quaerat.
2690 4657 2878 4713 Nullus
2906 4659 2970 4713 sit
3005 4661 3289 4728 tumultus,
3332 4664 3475 4718 nulla
3506 4676 3721 4736 pertur-

2127 4748 2271 4802 batio
2302 4765 2315 4801 :
2352 4759 2577 4805 vocetur
2601 4765 2866 4819 sponsus,
2899 4752 3128 4820 accipiat
3171 4753 3455 4823 virginem.
3489 4756 3721 4813 Prandia
3755 4745 3759 4754 ’

2126 4849 2180 4894 et
2209 4854 2378 4896 cmnre
2403 4856 2508 4895 non
2537 4841 2642 4896 sint
2669 4842 2822 4911 plena
2853 4843 3130 4908 ebrietate,
3156 4844 3249 4899 sed
3281 4847 3539 4914 spirituali
3573 4851 3726 4906 volu-
3761 4911 3765 4918 ,

2133 4939 2298 5001 ptate.
2333 4931 2614 4986 lnnumera
2648 4933 2788 4985 enim
2823 4933 2959 4986 bona
2992 4949 3055 4986 ex
3088 4934 3282 4990 talibus
3320 4938 3516 5009 nuptiis
3547 4956 3724 4996 emer-
3763 4931 3772 5016 ἰ

2128 5034 2275 5094 gent,
2305 5032 2359 5079 et
2384 5039 2503 5095 qum
2535 5025 2598 5076 ad
2634 5024 2792 5077 vitam
2824 5026 3092 5094 pertinent
3126 5027 3176 5081 in
3206 5036 3316 5083 tuto
3343 5041 3521 5086 erunt.
3555 5033 3631 5089 Ex
3661 5037 3722 5090 iis

2127 5128 2303 5171 autem
2323 5133 2442 5188 qua:
2475 5132 2615 5171 nunc
2640 5117 2770 5170 fiunt
2793 5119 2992 5187 nuptiis
3023 5119 3086 5187 (si
3116 5121 3312 5189 nuptite
3339 5131 3520 5178 etnon
3547 5128 3724 5197 potius

2129 5225 2338 5280 pompa:
2366 5217 2488 5261 sunt
2521 5205 2807 5276 dicendrr),
2846 5208 2967 5262 vide
2998 5221 3127 5279 quot
3157 5211 3316 5266 mala.
3365 5214 3550 5272 Soluta
3598 5229 3723 5273 sunt

2127 5300 2423 5361 emnacnli,
2467 5309 2519 5354 et
2562 5298 2742 5353 statim
2773 5299 2994 5354 incessit
3016 5316 3143 5355 cura
3178 5311 3232 5357 et
3262 5317 3472 5371 metus,
3494 5323 3562 5363 ne
3593 5311 3720 5379 quid

2127 5393 2463 5449 interciderit
2499 5409 2562 5446 ex
2593 5393 2655 5446 iis
2681 5409 2799 5461 qua!
2827 5395 3166 5450 eammndato
3195 5408 3414 5467 accepta
3447 5411 3599 5456 erant
3626 5444 3640 5471 ,
3671 5415 3724 5460 et

2127 5488 2455 5557 voluptatem
2486 5488 2685 5556 excipit
2727 5487 3084 5542 intolerabilis
3113 5488 3276 5542 animi
3318 5491 3599 5560 aagritndo.
3653 5501 3724 5555 At

2128 5579 2215 5634 hic
2262 5595 2431 5649 angor
2476 5587 2527 5633 et
2578 5579 2695 5632 hzrc
2747 5578 2993 5633 molestia
3037 5590 3118 5633 cst
3150 5583 3565 5651 procuratricis;
3614 5587 3726 5644 imo

2126 5688 2257 5728 vero
2295 5689 2359 5727 ne
2409 5673 2518 5742 ipsa
2571 5671 2782 5741 quidem
2833 5687 3031 5740 sponsa
3079 5680 3162 5726 est
3189 5673 3256 5726 ab
3287 5675 3368 5728 his
3409 5675 3574 5732 libera
3610 5695 3622 5732 :
3655 5695 3724 5735 co

2126 5765 2343 5836 quidem
2395 5773 2543 5817 certe
2587 5779 2708 5822 eum
2755 5763 3050 5818 succedunt
3100 5773 3283 5834 postea
3337 5780 3550 5836 sponsa:
3599 5779 3725 5826 sunt

2128 5857 2330 5911 «iunia.
2363 5855 2558 5910 Videre
2610 5855 2750 5910 enim
2799 5855 3019 5912 dissolvi
3058 5858 3261 5925 omnia,
3310 5867 3392 5914 cst
3439 5875 3725 5932 argumen-

3275 5943 3357 6004 25
