4140 6492
402 360 510 416 595

405 468 824 541 conjunxit,ctsi
847 466 926 520 eis
950 473 1094 520 esset
1122 471 1278 516 notus
1308 469 1358 516 et
1387 460 1677 516 haberetur
1696 459 1748 513 in
1775 454 2009 512 admira-

408 569 555 620 tione
595 566 612 633 (
644 560 1067 631 Experimentum
1107 556 1250 611 enim
1279 556 1389 626 tjus
1425 552 1760 625 cognoscitis,
1796 549 1966 620 inquit
1994 589 2008 616 ,

408 659 544 730 quod
568 661 696 711 sicut
721 654 858 723 patri
886 653 1025 721 ﬁlius
1057 666 1250 702 mecum
1283 647 1484 702 servivit
1511 662 1531 711 ;
1570 655 1625 702 et
1663 658 1872 709 rursus,
1903 640 2010 696 Ne—

413 756 595 806 minem
661 749 820 802 habeo
887 755 991 798 tam
1054 743 1381 805 unanimem,
1462 738 1547 809 qui
1607 739 1802 791 sitirera
1867 734 2012 803 a/fe—

409 841 574 893 ctione
629 852 722 906 pro
761 831 900 887 vobis
939 830 1002 883 sit
1054 827 1304 882 sollicitus
1343 823 1604 898 [Philipp
1632 822 1688 878 2.
1715 823 1806 876 22.
1839 819 2009 893 20]);

413 934 500 987 hic
581 942 760 984 autem
836 939 960 982 eum
1037 922 1137 976 sibi
1202 917 1526 988 conjungit?
1601 917 1725 972 Mihi
1804 916 2014 970 videtur

411 1025 556 1096 quod
602 1023 782 1078 statim
842 1034 964 1074 eum
1016 1024 1161 1073 esset
1225 1013 1524 1078 missurus,
1589 1022 1643 1067 et
1697 1025 2016 1080 supervaca-

415 1132 575 1171 neum
617 1123 762 1168 esset
803 1121 861 1165 ut
928 1111 973 1164 is
1048 1106 1312 1162 scriberet
1358 1105 1446 1175 qui
1499 1121 1622 1158 mox
1664 1103 1847 1158 literas
1901 1111 2018 1157 erat

417 1218 780 1276 excepturus:
839 1204 971 1259 dicit
1023 1203 1166 1257 enim
1194 1245 1208 1269 ,
1244 1200 1395 1254 Hunc
1433 1217 1581 1269 spero
1619 1200 1814 1252 mittere
1843 1198 1910 1250 ad
1933 1214 2017 1252 vos

423 1302 653 1371 proxime
697 1296 803 1369 (Ib.
832 1313 881 1350 v.
909 1295 981 1348 ‘25
1020 1296 1054 1364 ).
1119 1293 1214 1348 llic
1258 1303 1437 1347 autem
1469 1307 1575 1345 non
1611 1292 1713 1354 ita;
1763 1291 1856 1345 sed
1903 1300 2017 1345 erat

422 1407 714 1459 reversus,
757 1387 1111 1460 quamobrem
1139 1388 1332 1441 merito
1373 1384 1678 1440 scribebat:
1723 1398 1846 1437 nam
1890 1383 2017 1438 Cant

420 1501 582 1552 nuper
612 1521 627 1548 ,
689 1482 905 1550 inquit,
947 1480 1016 1531 ad
1054 1494 1144 1531 nos
1183 1478 1396 1532 venisset
1465 1475 1757 1529 Timotheus
1803 1492 1834 1528 a
1882 1476 2019 1530 vobis

422 1580 502 1646 (Ι.
533 1575 713 1629 Thess.
743 1574 794 1628 5.
832 1572 912 1642 6).
945 1571 1054 1625 Cur
1096 1581 1274 1624 autem
1313 1570 1360 1623 ei
1404 1567 1669 1638 pramonit
1705 1568 1979 1623 Silianam
2003 1609 2017 1634 ,

424 1667 633 1722 etiamsi
657 1681 752 1720 suo
771 1663 1079 1719 testimonio
1099 1661 1507 1716 innumerabilia
1528 1661 1626 1730 ipsi
1644 1661 1780 1716 bona
1801 1661 2016 1726 tribuat,

426 1772 479 1814 et
507 1758 756 1812 onmibus
785 1771 906 1810 eum
937 1755 1250 1825 praiponat?
1298 1753 1460 1808 Forte
1486 1754 1699 1824 quidem
1734 1753 1875 1822 quod
1905 1755 2022 1823 ipse

427 1851 499 1904 ob
526 1865 772 1920 magnam
803 1847 1157 1901 humilitatem
1183 1847 1288 1901 hoc
1315 1847 1478 1900 vellet
1507 1855 1561 1901 et
1599 1857 1828 1916 rogaret.
1885 1846 2019 1901 Nam

429 1960 552 1998 cum
585 1943 793 1998 videret
823 1941 1135 2011 magistrum
1168 1941 1303 1995 adeo
1327 1956 1387 1996 se
1415 1940 1693 1994 humiliter
1714 1956 1919 2010 gerere,
1965 1951 2022 1995 ut

431 2051 614 2089 secum
644 2033 992 2102 conjungeret
1013 2031 1332 2101 discipulum
1359 2047 1373 2097 ;
1405 2031 1577 2085 multo
1597 2033 1764 2100 magis
1785 2029 1886 2085 hoc
1910 2033 2023 2100 ipse

431 2125 777 2194 qmesieritet
797 2124 1156 2178 contenderit.
1191 2122 1390 2176 Paulus
1420 2122 1588 2189 enim,
1624 2121 1814 2192 inquit,
1845 2122 2021 2176 etSil-

430 2235 607 2282 mnus,
636 2228 681 2270 et
707 2216 1000 2271 Timotheus
1031 2215 1272 2271 Ecclesia
1292 2215 1836 2269 Thessalonicensium.
1867 2215 1939 2269 De
1965 2230 2026 2270 se

431 2311 516 2363 hic
549 2309 678 2364 nihil
707 2310 878 2379 ponit,
910 2325 1016 2364 non
1048 2308 1324 2380 apostolus
1347 2350 1362 2374 ,
1406 2321 1511 2362 non
1545 2322 1754 2362 servus.
1801 2307 1928 2361 Mihi
1948 2306 2026 2360 vi-

428 2402 586 2456 detur
611 2417 715 2456 non
745 2417 943 2471 ponere
983 2401 1326 2471 dignitatem,
1374 2411 1652 2470 prepterca
1693 2399 1834 2471 quod
1883 2399 1918 2456 ii
1943 2414 2020 2456 es-

429 2503 552 2548 sent
601 2493 871 2548 catechesi
912 2508 1105 2548 recens
1149 2492 1338 2547 imbuti
1363 2532 1379 2558 ,
1429 2503 1482 2548 et
1513 2491 1748 2547 nondum
1789 2493 2026 2562 accepis-

432 2594 554 2641 sent
586 2586 755 2655 ipsius
785 2586 1176 2655 experientiam
1204 2603 1217 2638 :
1262 2585 1500 2655 alioquin
1524 2586 1684 2640 etiam
1716 2586 1893 2640 adhuc
1922 2587 2025 2640 ini-

433 2678 564 2732 tium
597 2677 994 2748 praedicationis
1022 2677 1162 2747 apud
1189 2677 1334 2747 ipsos
1359 2686 1494 2732 erat.
1532 2678 1792 2744 lt'cclesite,
1828 2678 2023 2748 inquit,

437 2769 979 2824 Thessalonicensium.
1000 2769 1246 2824 Pulchre.
1264 2769 1397 2837 Quia
1418 2770 1560 2824 enim
1585 2771 1882 2825 verisimile
1911 2781 2028 2825 erat

435 2866 557 2920 ilfos
578 2881 699 2920 esse
727 2880 924 2935 paucos
949 2906 965 2933 ,
1020 2875 1076 2920 et
1129 2867 1366 2920 nondum
1394 2865 1714 2933 consistere,
1747 2876 2027 2937 propterea

436 2973 531 3012 eos
555 2958 865 3012 consolatur
883 2974 978 3028 per
999 2973 1194 3014 nomen
1221 2957 1478 3013 Ecclesiae
1503 2973 1518 3012 :
1545 2973 1668 3012 nam
1695 2958 1778 3013 ubi
1805 2959 2030 3013 multum

443 3061 651 3121 tempus
683 3051 1036 3120 praeterierat,
1079 3059 1134 3104 et
1163 3065 1386 3120 magnus
1411 3058 1526 3104 erat
1556 3058 1729 3106 coetus
1752 3050 2028 3116 Ecclesiae,

442 3144 543 3198 hoc
593 3159 698 3197 non
728 3144 897 3212 ponit.
921 3143 1182 3211 Quoniam
1217 3151 1394 3199 autem
1436 3159 1636 3200 nomen.
1673 3145 2032 3200 multitudinis

438 3246 495 3290 ut
521 3236 808 3308 plurimum
838 3251 1031 3290 nomen
1063 3236 1338 3303 Ecclesiae,
1379 3245 1435 3291 et
1473 3246 1646 3292 ccetus
1686 3237 1797 3305 jam
1818 3238 2031 3293 collecti

440 3339 494 3383 et
533 3329 901 3392 consistentis,
953 3327 1074 3382 ideo
1103 3342 1196 3381 eos
1218 3328 1296 3380 sic
1323 3338 1500 3381 vocat.
1531 3327 1598 3380 In
1629 3326 1738 3380 Deo
1764 3369 1776 3391 ,
1821 3329 1990 3396 inquit
2013 3370 2028 3394 ,

442 3419 597 3472 Patre
617 3428 663 3471 et
686 3416 907 3471 Domino
931 3416 966 3470 .I
971 3434 1058 3470 esu
1080 3417 1303 3471 Christo.
1326 3417 1605 3484 Ecclesiae,
1639 3419 1827 3487 inquit,
1857 3419 2030 3474 'l‘heso

439 3509 856 3564 salonicensium
907 3524 1026 3579 qua:
1056 3515 1139 3563 est
1165 3508 1216 3561 in
1242 3509 1370 3562 Deo.
1403 3509 1540 3564 Ecce
1567 3523 1753 3564 rursus
1784 3509 1932 3575 illud,
1965 3509 2036 3565 In

441 3601 578 3667 Deo,
619 3598 817 3654 dictum
846 3608 930 3655 est
959 3600 1011 3654 in
1041 3600 1200 3654 Patre
1229 3609 1283 3655 et
1316 3601 1366 3654 in
1395 3600 1553 3655 Filio.
1580 3601 1712 3655 Illud
1739 3611 1941 3669 autem,
1966 3602 2033 3656 In

443 3691 550 3744 Deo
571 3732 584 3755 ,
614 3689 780 3756 dicit,
821 3691 942 3760 quia
971 3691 1155 3744 multae
1187 3701 1342 3745 erant
1369 3693 1614 3746 ecclesia:
1637 3701 1690 3747 et
1713 3692 1951 3749 Judaicaa
1977 3702 2032 3749 et

440 3783 662 3838 Gtzecat.
718 3783 902 3854 Magna
933 3793 1013 3838 est
1043 3783 1297 3852 dignitas,
1331 3791 1387 3838 ct
1414 3785 1497 3838 cui
1530 3785 1662 3839 nihil
1693 3795 1774 3840 est
1799 3788 2029 3856 :equale,

439 3877 484 3933 si
508 3885 590 3932 est
621 3877 671 3931 in
698 3877 826 3931 Deo.
859 3877 1014 3932 Faxit
1033 3892 1160 3947 ergo
1183 3877 1324 3931 Deus
1349 3887 1402 3931 ut
1426 3877 1540 3932 haec
1563 3893 1776 3948 quoque
1792 3878 2032 3934 Ecclesia

439 3972 517 4024 sic
547 3980 769 4024 vocetur
794 3987 805 4022 :
836 3984 1029 4024 vereor
1058 3979 1236 4024 autem
1265 3985 1332 4025 ne
1353 3969 1512 4040 longe
1538 3969 1606 4024 sit
1631 3970 1698 4025 ab
1727 3971 1826 4026 hac
1847 3975 2034 4041 appel-

440 4066 658 4120 latione.
686 4063 818 4118 Nam
851 4064 897 4117 si
924 4064 1042 4133 quis
1080 4074 1164 4118 cst
1201 4078 1387 4118 servus
1418 4064 1618 4132 peccati
1651 4103 1667 4129 ,
1721 4079 1826 4118 non
1857 4073 2035 4134 potest

441 4160 542 4215 dici
573 4161 625 4214 in
653 4159 782 4213 Deo.
819 4155 998 4211 Gratia
1050 4157 1188 4211 vobis
1227 4166 1274 4210 et
1317 4173 1438 4226 pax.
1500 4155 1686 4210 Vidisti
1715 4159 2031 4226 prooemium

445 4251 700 4322 Epistolas
729 4250 908 4305 statim
940 4263 1061 4304 esse
1091 4265 1121 4303 a
1152 4248 1433 4304 laudibus?
1461 4247 1666 4303 Gratias
1695 4251 1894 4320 agimus
1926 4249 2034 4304 Deo

445 4361 642 4415 semper
688 4359 781 4413 pro
820 4342 1057 4396 omnibus
1086 4340 1245 4407 vobis,
1296 4342 1591 4394 memoriam
1618 4343 1767 4395 vestri
1793 4344 2034 4414 facientes

443 4443 494 4492 in
524 4437 838 4493 orationibus
886 4436 1090 4490 nostris.
1119 4434 1252 4489 Nam
1283 4451 1379 4504 pro
1415 4435 1543 4504 ipsis
1587 4435 1694 4490 Deo
1733 4450 1890 4504 agere
1917 4452 2036 4505 gra-

445 4533 565 4597 tias,
608 4539 690 4586 est
720 4530 835 4601 eius
857 4530 944 4600 qui
973 4545 1071 4584 suo
1103 4528 1413 4584 testimonio
1444 4528 1574 4598 ipsis
1601 4528 1828 4582 multum
1856 4528 2037 4583 tribuit

447 4625 740 4694 profectum
769 4667 782 4690 ,
831 4622 1051 4693 quando
1080 4638 1184 4676 non
1214 4623 1386 4678 solum
1430 4621 1530 4690 ipsi
1565 4622 1884 4688 laudantur,
1941 4623 2036 4678 sed

449 4719 556 4770 Deo
579 4730 792 4786 quoque
824 4722 1052 4783 aguntur
1078 4713 1286 4783 gratia},
1343 4721 1400 4766 ut
1426 4713 1514 4782 qui
1549 4713 1662 4783 ipse
1689 4715 1868 4769 omnia
1908 4729 2037 4784 ope-

446 4819 612 4864 retur.
647 4809 814 4862 Docet
842 4821 937 4861 eos
963 4821 1176 4875 quoque
1221 4821 1279 4860 se
1311 4803 1556 4859 modeste
1594 4821 1804 4874 gerere,
1846 4820 2040 4876 propc-

445 4899 662 4954 modum
711 4898 896 4953 dicens
938 4897 1249 4952 universum
1294 4911 1416 4951 esse
1456 4897 1547 4951 Dei
1581 4897 1810 4952 virtutis.
1864 4899 2040 4968 Atque

448 4991 650 5060 gratias
687 4989 904 5060 quidem
945 5003 1104 5058 agere
1130 5029 1142 5052 ,
1176 4997 1257 5042 est
1294 4996 1510 5059 propter
1546 4998 1692 5044 recte
1720 4989 1890 5054 facta;
1924 5005 2039 5045 me-

448 5084 669 5138 minisse
695 5093 876 5137 autem
903 5082 953 5137 in
977 5080 1335 5147 orationibus,
1364 5089 1447 5135 est
1474 5097 1584 5136 suae
1628 5081 1678 5136 in
1723 5083 1867 5152 ipsos
1908 5083 2042 5138 dile-

447 5177 664 5232 ctionis.
696 5176 917 5240 Deinde,
947 5175 1090 5246 quod
1121 5175 1302 5230 multis
1326 5175 1376 5229 in
1407 5175 1538 5229 locis
1560 5176 1705 5242 facit,
1737 5186 1794 5230 ut
1823 5193 1928 5232 non
1951 5192 2041 5231 so-

447 5273 553 5326 lum
607 5272 915 5328 meminerit
971 5271 1021 5324 in
1070 5270 1443 5335 orationibus,
1494 5269 1592 5323 sed
1641 5270 1799 5323 etiam
1841 5269 2044 5339 absque

444 5368 778 5421 orationibus
804 5383 819 5432 ;
854 5366 980 5421 Sine
1009 5366 1402 5431 intermissione,
1429 5364 1622 5434 inquit,
1649 5381 1892 5419 memores
1923 5381 2044 5430 ope-

448 5458 517 5510 ris
546 5457 663 5522 ﬁdei
695 5467 891 5520 vestrae,
944 5466 990 5510 et
1021 5456 1210 5510 laboris
1239 5455 1489 5521 caritatis,
1533 5464 1579 5509 et
1600 5456 1912 5509 sustinentia?
1935 5455 2044 5524 spei

449 5548 660 5602 Domini
686 5548 844 5601 nostri
865 5545 993 5600 .Iestt
1015 5545 1220 5610 Christi,
1253 5555 1369 5600 ante
1406 5545 1571 5600 Deum
1612 5556 1657 5599 et
1704 5545 1908 5600 I’alrent
1948 5563 2044 5600 no-

452 5651 632 5695 strum.
655 5639 796 5706 Quid
819 5648 901 5693 est
930 5637 1079 5701 illud,
1106 5639 1230 5692 Sine
1249 5639 1616 5693 intermissione
1637 5655 1879 5693 memores
1904 5638 2046 5694 ?Vcl

451 5748 719 5790 memores
747 5741 872 5786 ante
899 5731 1064 5786 Deum
1090 5740 1146 5786 et
1175 5731 1386 5785 Patrem
1413 5749 1427 5798 ;
1461 5733 1541 5786 vel
1581 5733 1777 5787 laboris
1806 5732 2045 5787 caritatis

455 5843 721 5884 memores
770 5835 892 5881 ante
925 5827 1086 5880 Deum
1112 5833 1164 5880 ct
1192 5825 1402 5880 Patrem
1435 5837 1697 5882 nostrum.
1730 5827 1844 5883 Non
1873 5829 2046 5884 solum

1275 345 1340 401 IN
1384 343 1601 401 EPIST.
1645 343 1664 398 Ι
1733 342 1825 397 AD
1866 334 2198 395 TllESS.-\L.
2241 334 2396 392 CAP.
2439 335 2480 390 ι.
2523 332 2753 389 HOMIL.
2797 329 2836 386 l.

3611 333 3712 389 391

2117 460 2296 505 autem
2327 449 2479 515 dixit,
2515 448 2640 504 Sine
2670 447 3042 502 intermissione
3067 462 3330 514 memores,
3364 447 3456 501 sed
3486 447 3713 516 addidit,

2130 543 2312 596 Vestri.
2350 542 2584 605 Deinde,
2629 557 2696 596 nc
2743 549 2899 611 putes
2948 539 3097 605 illud,
3135 538 3341 605 Vestri,
3393 541 3510 595 sine
3553 557 3714 597 causa

2120 635 2247 700 dici,
2280 635 2575 704 subiunxit,
2609 635 2738 687 Ante
2763 633 2928 688 Deum
2962 642 3006 687 el
3039 633 3248 687 Patrem
3288 644 3536 689 nostrum.
3585 635 3718 702 Quia

2123 729 2266 785 enim
2301 730 2478 783 nullus
2507 729 2784 781 hominum
2829 727 3076 781 laudabat
3105 743 3223 797 qum
3265 727 3462 782 Iicbant
3490 770 3504 791 ,
3559 745 3720 784 nemo

2123 821 2384 876 reddebat
2416 820 2743 886 mercedem,
2776 820 2875 873 hoc
2905 821 3064 874 etiam
3094 819 3242 875 addit
3274 838 3284 872 :
3318 836 3382 875 ac
3414 823 3458 875 si
3490 821 3717 885 diceret,

2123 913 2424 969 Conlidite:
2468 928 2650 968 coram
2677 913 2785 967 Deo
2815 911 3092 967 laboratis.
3127 913 3265 979 Quid
3293 925 3396 979 est,
3441 913 3623 985 Operis
3651 918 3720 983 [i-

2123 1009 2250 1064 dd?
2305 1008 2606 1062 lnstitutum
2636 1018 2872 1060 vestrum
2905 1014 2959 1060 et
2986 1006 3291 1060 instantiam
3335 1023 3493 1063 nemo
3520 1009 3672 1063 ﬂexit
3708 1028 3718 1061 ε

2127 1101 2226 1156 hoc
2254 1112 2336 1156 est
2362 1100 2503 1156 enim
2534 1115 2670 1169 opus
2702 1099 2844 1154 lidei.
2887 1099 2942 1154 Si
2970 1099 3167 1164 credis,
3210 1102 3388 1156 omnia
3419 1111 3601 1171 patere
3635 1123 3647 1158 :
3679 1105 3721 1156 si

2125 1203 2302 1249 autem
2352 1209 2456 1250 non
2507 1195 2742 1264 pateris,
2804 1210 2908 1248 non
2958 1194 3153 1249 credis.
3212 1196 3402 1248 Annon
3425 1197 3568 1250 enim
3599 1209 3724 1251 sunt

2125 1286 2390 1357 ejusmodi
2440 1303 2559 1356 qua:
2607 1295 2733 1341 sunt
2774 1286 3058 1356 promissa,
3114 1295 3171 1339 ut
3223 1287 3303 1340 vel
3347 1287 3489 1342 mille
3524 1298 3724 1342 mortes

2129 1381 2236 1448 pati
2267 1381 2537 1435 electurus
2562 1381 2631 1434 sit
2660 1381 2750 1450 qui
2774 1380 2984 1436 credit?
3013 1381 3342 1450 Proponitur
3371 1397 3592 1452 regnum
3617 1399 3724 1436 ca:-

2127 1471 2301 1526 lorttm
2344 1481 2400 1526 et
2449 1473 2822 1526 immortalitas
2848 1481 2902 1527 et
2934 1475 3040 1526 vita
3066 1483 3285 1526 :rterna.
3322 1473 3420 1541 Qui
3453 1489 3581 1544 ergo
3602 1491 3724 1529 creo

2128 1564 2224 1629 dit,
2254 1565 2434 1618 omnia
2464 1566 2716 1633 patietur.
2745 1564 2885 1633 Ergo
2918 1563 3048 1618 lides
3083 1579 3177 1634 per
3205 1580 3368 1634 opera
3401 1567 3721 1621 ostenditur.

2128 1657 2314 1711 Merito
2343 1657 2502 1726 igitur
2525 1656 2681 1723 dixit,
2719 1657 2849 1711 Eam
2880 1673 2983 1710 non
3017 1667 3326 1726 utcumque.
3363 1658 3455 1712 sed
3482 1676 3576 1729 per
3596 1675 3724 1730 0pc-

2130 1766 2185 1803 ra
2211 1749 2500 1815 ostendite,
2554 1764 2650 1818 per
2690 1749 3019 1813 instantiam,
3055 1765 3149 1818 per
3176 1749 3340 1802 animi
3369 1750 3719 1806 alacritatem.

2132 1841 2196 1895 Et
2221 1842 2408 1896 laboris
2437 1842 2684 1895 caritatis.
2716 1841 2972 1909 Quisnam
3001 1851 3084 1896 est
3113 1842 3263 1897 labor
3285 1853 3573 1915 utcumque
3601 1846 3726 1900 dili-

2128 1935 2293 2004 gere?
2333 1933 2522 1988 Nullus
2562 1934 2714 1989 labor
2746 1949 2760 1985 :
2803 1949 3056 2004 germane
3085 1943 3261 1989 autem
3291 1947 3345 1991 et
3366 1937 3572 1992 sincere
3600 1939 3692 1993 dili
3713 1972 3726 1981 ς

2130 2044 2292 2098 gere,
2340 2028 2541 2083 multus
2583 2038 2666 2084 est
2724 2029 2895 2084 labor.
2937 2030 3163 2096 Quando
3188 2031 3353 2096 enim,
3388 2031 3724 2102 dic.qu.'l:so,

2133 2129 2418 2177 moventur
2447 2121 2858 2176 innumerabilia
2902 2136 3024 2192 quae
3065 2137 3162 2176 nos
3199 2123 3376 2177 volunt
3408 2123 3672 2179 abducere
3697 2141 3726 2178 a

2132 2217 2356 2272 caritate
2379 2257 2394 2284 ,
2430 2230 2528 2270 nos
2557 2224 2735 2270 autem
2764 2215 3013 2270 omnibus
3062 2216 3381 2282 resistimus,
3439 2233 3615 2272 annon
3646 2230 3729 2273 est

2135 2310 2331 2364 labor?
2359 2309 2496 2378 Quid
2529 2311 2674 2364 enim
2717 2325 2822 2364 non
2850 2311 2992 2380 passi
3019 2320 3143 2364 sunt
3171 2311 3291 2377 isti,
3347 2319 3404 2366 ut
3440 2327 3470 2365 a
3510 2314 3731 2368 carita'e

2135 2419 2240 2458 non
2267 2403 2610 2459 discederent
2633 2405 2656 2457 ?
2683 2419 2865 2459 nonne
2893 2404 2957 2458 ad
2989 2405 3136 2459 Pauli
3181 2404 3445 2475 Ιιοενίιθιιι
3464 2419 3730 2463 venerunt

2135 2498 2274 2569 (Art.
2299 2500 2386 2553 17.
2421 2500 2501 2568 5),
2532 2499 2620 2568 qui
2643 2499 2846 2554 bellum
2877 2500 3135 2568 gerebant
3164 2516 3283 2555 cum
3310 2502 3688 2571 praediCatione
3714 2524 3727 2569 ;

2134 2601 2187 2646 ct
2217 2608 2336 2645 cum
2371 2608 2491 2645 eum
2521 2607 2626 2646 non
2662 2592 3027 2658 invenissent,
3079 2593 3253 2662 ipsum
3288 2593 3530 2649 Iasonem
3555 2595 3730 2649 trahe-

2139 2685 2266 2739 bant
2291 2684 2357 2740 ad
2387 2687 2731 2756 magistratus
2761 2685 3032 2742 civitatis?
3086 2687 3252 2742 llicne
3274 2689 3504 2760 est,die,
3526 2706 3728 2758 quaso.

2137 2793 2334 2847 parvus
2364 2777 2538 2843 labor,
2592 2794 2712 2832 cum
2759 2779 2966 2833 semina
3000 2779 3238 2833 nondum
3285 2781 3687 2835 concrcvissenl
3715 2825 3727 2840 .

2140 2881 2340 2925 tantam
2392 2872 2531 2927 ferre
2566 2881 2982 2941 tempestatem,
3034 2882 3208 2927 tantas
3259 2874 3584 2930 tentationes
3611 2875 3634 2928 ?
3666 2874 3732 2929 Et

2137 2963 2420 3016 cantionem
2447 2964 2508 3016 ab
2534 2980 2592 3017 eo
2614 2973 2883 3032 exegerunt
2913 2961 3073 3034 (Ibid.
3107 2981 3152 3018 v.
3189 2965 3270 3033 9).
3325 2965 3437 3033 Qua
3472 2965 3616 3034 data,
3649 2967 3731 3021 in-

2137 3057 2271 3125 quit,
2303 3055 2485 3110 emisit
2507 3055 2752 3109 Puulutn.
2789 3056 2954 3109 Estne
2987 3055 3087 3110 hoc
3115 3071 3362 3124 parvum,
3391 3057 3734 3127 dic,qua:so?

2140 3163 2319 3204 nonne
2341 3149 2574 3218 seipsum
2599 3163 2695 3217 pro
2723 3147 2816 3202 illo
2845 3147 3068 3217 subjecit
3097 3147 3377 3216 periculo?
3407 3149 3558 3203 lltmc
3582 3149 3732 3204 labo-

2140 3257 2253 3295 rem
2284 3239 2419 3294 dicit.
2439 3240 2701 3304 caritatis,
2732 3240 2988 3309 quoniam
3014 3239 3092 3292 sic
3122 3239 3342 3292 fuerunt
3373 3241 3597 3310 alligati.

2209 3331 2264 3384 2.
2302 3331 2430 3385 Vide
2457 3341 2638 3386 autem
2663 3348 2674 3384 :
2703 3330 2934 3398 primum
2963 3330 3092 3384 dicit
3115 3345 3234 3399 qua:
3264 3329 3339 3383 illi
3374 3340 3520 3385 recte
3546 3347 3732 3401 gesse-

2139 3431 2287 3486 runt,
2311 3421 2505 3476 deinde
2527 3437 2646 3491 quae
2688 3423 2826 3492 ipse,
2863 3437 2929 3475 ne
2957 3423 3233 3476 videretur
3262 3422 3329 3476 de
3361 3436 3417 3475 se
3447 3424 3590 3492 loqui
3626 3440 3735 3479 ma-

2137 3515 2351 3584 gniﬁce,
2382 3531 2553 3583 neque
2567 3530 2660 3569 eos
2677 3516 3019 3584 auticipando
3042 3515 3284 3584 diligere.
3313 3515 3376 3568 Et
3398 3517 3731 3585 sustinentiw,

2141 3607 2348 3674 inquit,
2404 3606 2452 3660 id
2483 3615 2586 3671 est,
2622 3607 2943 3660 tolerantiae.
2975 3606 3157 3676 Neque
3180 3608 3320 3662 enim
3357 3624 3462 3662 uno
3493 3618 3735 3679 tempore

2142 3698 2239 3750 luit
2289 3697 2376 3750 illa
2427 3698 2792 3766 persequutio,
2849 3697 2943 3752 sed
3000 3707 3308 3768 perpetuo:
3361 3716 3534 3770 neque
3564 3701 3734 3756 solum

2143 3791 2341 3843 bellum
2373 3791 2636 3860 gerebant
2659 3807 2776 3844 cum
2809 3791 2974 3853 Paulo
3003 3793 3278 3860 magistro,
3309 3795 3403 3848 sed
3432 3795 3592 3849 etiam
3614 3811 3734 3850 cum

2141 3884 2441 3951 discipulis.
2474 3883 2529 3936 Si
2557 3883 2701 3937 enim
2727 3884 2798 3936 ita
2823 3893 2976 3937 erant
3007 3884 3180 3939 allecti
3210 3885 3262 3938 in
3291 3901 3386 3939 eos
3441 3889 3530 3956 qui
3573 3889 3733 3943 iacie-

2143 3977 2270 4031 bant
2315 3977 2567 4030 miracula
2595 4017 2608 4039 ,
2664 3976 2806 4028 viros
2848 3975 3006 4044 plane
3046 3977 3411 4031 reveremlos:
3470 3980 3736 4047 quomodo

2141 4071 2417 4125 existimas
2449 4069 2614 4123 fuisse
2646 4067 2867 4121 allectos
2891 4069 2940 4121 in
2969 4085 3062 4122 eos
3090 4069 3180 4138 qui
3209 4085 3330 4123 cum
3363 4071 3491 4140 ipsis
3524 4071 3733 4127 habita-

2143 4164 2288 4225 bant,
2313 4176 2612 4231 eorumque
2641 4162 2788 4215 cives
2805 4171 2979 4225 erant,
3009 4170 3062 4214 et
3087 4172 3307 4230 repente
3335 4162 3738 4220 abscedebant?

2143 4255 2294 4324 Quod
2323 4253 2540 4324 quidem
2568 4254 2635 4307 de
2664 4253 2793 4322 ipsis
2838 4267 3050 4322 quoque
3083 4260 3326 4315 testatur,
3357 4253 3563 4320 dicens,
3597 4255 3730 4310 Imi-

2143 4357 2325 4398 tutores
2355 4345 2522 4415 fuistis
2579 4343 2921 4397 Ecclesiarum
2973 4342 3104 4410 Dei,
3162 4359 3275 4411 qua:
3317 4355 3436 4398 sunt
3461 4347 3512 4399 in
3549 4345 3737 4402 Judte'a

2146 4440 2226 4507 (Ι.
2263 4438 2440 4492 Thess.
2480 4437 2536 4490 ‘2.
2575 4435 2684 4506 14).
2710 4435 2871 4507 Spei,
2928 4437 3133 4506 inquit,
3170 4437 3373 4493 Domini
3417 4443 3583 4495 nostri
3614 4441 3739 4498 Jesn

2145 4532 2357 4598 Christi,
2385 4541 2501 4585 ante
2521 4528 2690 4584 Deum
2714 4540 2760 4584 et
2777 4529 2984 4585 Putrem
3010 4543 3259 4586 nostrum.
3281 4533 3450 4591 Recte
3479 4537 3557 4591 sic
3583 4537 3736 4593 dixit:

2147 4625 2260 4678 ham
2289 4625 2432 4678 enim
2459 4623 2638 4677 omnia
2671 4632 2797 4678 sunt
2821 4639 2850 4677 a
2885 4623 2989 4679 ﬁde
3009 4635 3062 4680 et
3091 4641 3206 4694 spe.
3235 4625 3598 4694 Quamobrem
3631 4646 3737 4685 neu

2146 4718 2318 4771 solum
2346 4715 2498 4769 fortis
2515 4725 2565 4770 et
2587 4716 2764 4786 magni
2787 4716 2948 4769 animi
2973 4716 3224 4770 virtutem
3249 4718 3740 4789 ostendebantqum

2148 4808 2366 4872 ﬁebant,
2397 4809 2490 4863 sed
2520 4808 2681 4864 etiam
2713 4808 2853 4877 quod
2876 4824 2996 4862 cum
3015 4818 3158 4862 certa
3180 4809 3524 4878 persuasione
3547 4812 3742 4868 crede-

2154 4902 2284 4958 bant
2311 4901 2546 4971 praemiis
2579 4899 2850 4968 repositis.
2880 4900 3171 4968 Pmpterea
3225 4902 3572 4971 permittebat
3604 4905 3744 4961 Deus

2150 5005 2206 5049 ut
2236 4995 2416 5048 Statim
2446 4994 2636 5047 tierent
2663 4993 3131 5061 persequutiones.
3159 5009 3226 5046 ne
3255 4995 3376 5062 quis
3389 4994 3739 5053 diceretcasu

2149 5097 2204 5142 ct
2233 5086 2538 5140 adulatione
2566 5095 2819 5140 constare
2845 5083 3308 5154 prardicatiouem,
3334 5095 3469 5140 etut
3489 5089 3742 5145 ostende-

2151 5191 2302 5235 retur
2329 5194 2512 5233 eorum
2545 5177 2756 5242 fervor;
2782 5185 2837 5231 et
2862 5175 3005 5245 quod
3035 5192 3142 5232 non
3170 5185 3316 5232 esset
3345 5178 3578 5232 humana
3610 5196 3740 5249 per-

2152 5272 2332 5327 suasio
2352 5312 2365 5335 ,
2415 5269 2508 5324 sed
2543 5270 2634 5324 Dei
2666 5269 2836 5323 virtus
2863 5285 2982 5338 qua:
3010 5269 3347 5324 credentium
3390 5273 3748 5341 persuabebat

2153 5364 2366 5426 animis,
2409 5371 2466 5416 ut
2495 5362 2580 5417 vel
2626 5360 2692 5416 ad
2741 5361 2886 5415 mille
2915 5371 3118 5415 mortes
3139 5371 3323 5416 essent
3350 5363 3541 5431 parati.
3593 5364 3747 5431 Quod

2154 5457 2368 5527 quide
2415 5471 2519 5510 non
2551 5453 2758 5520 fuisset,
2803 5453 2904 5507 nisi
2928 5454 3106 5508 statim
3135 5455 3188 5508 in
3221 5454 3487 5524 profundo
3509 5460 3745 5513 coaluis-

2156 5559 2258 5613 set,
2315 5558 2367 5600 et
2423 5546 2738 5601 conﬁrmata
2795 5543 2979 5600 luisset
3031 5547 3357 5614 praedmatio,
3413 5559 3472 5605 et
3514 5552 3756 5608 stetisset

2161 5642 2471 5695 immobilis.
2520 5641 2574 5694 4.
2625 5639 2871 5702 Scientes,
2905 5643 3090 5710 fratres
3129 5641 3322 5706 dilecti,
3351 5658 3383 5694 a
3413 5644 3520 5696 Dro
3547 5644 3751 5701 electio-

2160 5750 2270 5786 nem
2319 5745 2554 5797 vestrant,
2579 5733 2631 5787 5.
2664 5732 2800 5802 quod
2827 5731 3141 5802 evangelium
3167 5744 3395 5787 nostrum
3424 5752 3526 5790 non
3565 5739 3664 5804 fuit
3690 5740 3757 5791 ad

2163 5842 2252 5880 vos.
2298 5826 2346 5878 in
2376 5841 2602 5880 sermone
2643 5834 2858 5893 tantum,
2913 5824 2999 5879 sed
3029 5834 3074 5879 et
3101 5825 3153 5878 in
3178 5825 3380 5895 virtute,
3407 5838 3452 5882 et
3479 5828 3531 5882 in
3558 5829 3761 5898 Spiritu
