4140 6502
411 311 519 369 395

408 433 604 489 sancto,
644 432 690 477 et
717 421 770 477 in
799 421 1109 494 plenitudine
1137 421 1340 477 multa:
1370 421 1496 478 sicut
1516 421 1653 476 scitis
1676 420 1850 492 quales
1879 421 1996 492 [ue-

409 519 570 572 rimus
599 516 652 572 in
677 515 814 572 vobis
831 527 1040 586 prapter
1067 530 1172 568 vos.
1205 512 1344 582 Quid
1373 514 1621 585 estquod
1644 514 1797 582 dicit,
1839 515 1997 570 Scitis

404 609 585 681 quales
629 609 878 682 fuerimus
921 609 974 662 in
1001 607 1182 664 vobis?
1225 607 1324 664 Hic
1347 609 1510 663 etiam
1537 609 1705 680 tangit
1729 625 1848 680 qua:
1877 625 1906 663 a
1936 627 1996 667 se

408 712 553 757 recte
579 712 755 771 gesta,
797 699 892 755 sed
919 708 1056 755 tecte
1085 708 1141 755 et
1165 698 1482 755 adumbrate
1511 716 1524 753 :
1554 701 1668 756 vult
1696 704 1837 756 enim
1879 703 1992 773 pri-

406 809 549 848 mum
579 807 764 850 eorum
796 791 984 848 laudes
1010 793 1280 865 persequi.
1315 791 1470 859 Quod
1499 805 1678 848 autem
1710 793 1861 859 dicit,
1912 802 1996 850 est

407 886 715 958 hujusmodi
743 903 756 940 :
797 885 1063 942 Scivimus
1092 887 1236 957 quod
1267 887 1385 942 sitis
1409 901 1475 942 ex
1519 886 1747 944 fortibus
1775 899 1831 943 et
1874 903 1988 944 ma-

403 980 526 1047 gnis
555 979 708 1040 viris.
739 986 793 1034 et
820 978 962 1048 quod
993 994 1060 1033 ex
1093 979 1280 1034 electis
1305 995 1317 1032 :
1342 989 1626 1049 prepterea
1657 996 1756 1036 nos
1781 995 1993 1056 quoqge

407 1083 626 1143 propter
651 1087 746 1128 vos
774 1073 954 1127 omnia
1000 1073 1348 1128 susdnemus.
1406 1072 1538 1128 Illud
1569 1074 1712 1129 enim
1739 1115 1755 1141 ,
1804 1073 1993 1142 Quales

402 1165 651 1229 fuerimus
697 1165 750 1218 in
800 1165 972 1231 vobis,
1015 1163 1118 1219 hoc
1162 1165 1447 1236 significat,
1473 1165 1615 1236 quod
1645 1180 1766 1222 cum
1798 1182 1990 1238 magna

397 1258 564 1312 animi
591 1258 871 1314 alacritate
901 1267 955 1313 et
983 1257 1150 1314 multa
1178 1258 1516 1314 vehementia
1546 1259 1716 1328 parati
1744 1273 1990 1315 essemus

396 1349 604 1404 animas
634 1358 845 1404 nostras
873 1348 1006 1405 dare
1044 1358 1260 1420 prepter
1289 1365 1417 1416 vos;
1471 1350 1735 1422 hujusque
1773 1366 1878 1407 non
1907 1363 1991 1409 est

399 1443 555 1497 nobis
583 1441 826 1497 habenda
871 1442 1042 1512 gratia
1067 1481 1082 1506 ,
1134 1441 1230 1496 sed
1255 1441 1426 1508 vobis,
1477 1441 1624 1512 quod
1652 1443 1772 1498 sitis
1803 1445 1984 1499 electi.

397 1535 687 1605 Propterea
731 1533 854 1588 alibi
893 1547 1108 1604 quoque
1133 1532 1304 1589 dicit:
1354 1532 1424 1588 Et
1461 1535 1568 1590 htsc
1593 1537 1759 1605 patior
1781 1549 1990 1609 propter

393 1629 575 1682 clcctos
602 1626 684 1694 (2.
709 1624 840 1680 Tim.
864 1624 920 1680 2.
945 1626 1057 1694 10).
1077 1625 1208 1680 Nam
1233 1641 1329 1696 pro
1359 1626 1471 1683 Deo
1491 1627 1707 1683 dilectis
1729 1629 1854 1699 quid
1878 1646 1984 1686 non

395 1718 658 1787 patiaris?
698 1719 764 1773 Et
799 1734 920 1774 cum
948 1717 1174 1774 dixisset
1198 1719 1340 1790 quod
1364 1735 1518 1775 suum
1548 1729 1682 1788 erat,
1707 1721 1839 1778 dicit
1863 1737 1988 1793 pro-

394 1812 678 1883 pemodum
709 1829 722 1866 :
782 1812 839 1868 Si
879 1813 1021 1868 enim
1043 1814 1174 1868 estis
1200 1822 1255 1868 ct
1283 1813 1464 1870 dilecti
1491 1825 1545 1872 ct
1573 1816 1764 1883 electi,
1805 1819 1986 1873 omnia

391 1905 583 1961 merito
628 1905 976 1962 sustinemus.
1027 1906 1143 1962 Non
1187 1908 1329 1964 enim
1374 1908 1640 1968 laudando
1677 1925 1769 1967 eos
1809 1911 1982 1968 solum

389 1999 740 2055 confirmabat
761 2001 944 2072 eisque
969 2001 1210 2056 animum
1239 2002 1492 2068 addebat,
1523 2004 1616 2060 sed
1643 2006 1803 2062 etiam
1830 2022 1983 2063 revo-

388 2090 561 2146 cando
589 2092 648 2146 in.
672 2092 1007 2156 memoriam,
1033 2093 1176 2164 quod
1204 2092 1305 2164 ipsi
1334 2095 1699 2152 ostendissent
1724 2099 1978 2155 virtutem

389 2194 443 2238 et
470 2183 837 2238 fortitudinem
863 2199 1048 2239 eorum
1067 2185 1230 2240 animi
1251 2186 1513 2242 alacritati
1541 2190 1978 2260 respondentem.

392 2273 530 2330 Dicit
567 2276 767 2346 itaque,
809 2274 864 2330 6.
900 2274 967 2330 Et
1010 2292 1097 2331 vos
1126 2277 1405 2334 imitatores
1450 2282 1608 2334 nostri
1635 2283 1761 2353 facti
1787 2283 1906 2339 estis
1932 2293 1980 2339 et

397 2365 618 2430 Domini,
647 2365 952 2436 excipientes
970 2367 1174 2421 verbum
1202 2369 1255 2423 in
1285 2370 1607 2426 tribulatione
1637 2374 1795 2428 multa
1813 2415 1832 2437 ,
1860 2391 1976 2429 cum

393 2458 584 2528 gaudio
616 2457 848 2530 Spiritus
876 2461 1058 2514 sancti.
1101 2460 1258 2530 Papa:
1284 2461 1297 2516 !
1327 2473 1590 2532 quantum
1639 2467 1974 2523 coeuntium!

391 2549 644 2620 discipuli
693 2559 918 2621 repente
977 2551 1101 2606 facti
1149 2560 1276 2608 sunt
1320 2555 1603 2625 magistri:
1646 2572 1752 2611 non
1803 2558 1974 2613 solum

386 2644 671 2699 audit-runt
697 2643 958 2710 verbum,
1006 2645 1102 2700 sed
1127 2645 1290 2702 etiam
1319 2645 1387 2701 ad
1433 2646 1578 2703 idem
1615 2662 1979 2718 pervenerunt

387 2737 654 2806 fastigium
684 2735 750 2789 ad
782 2735 923 2806 quod
959 2735 1174 2792 Paulus.
1225 2735 1334 2792 Sed
1365 2737 1467 2793 hoc
1508 2739 1640 2794 nihil
1667 2750 1750 2796 est
1783 2764 1796 2798 :
1851 2743 1973 2800 vide

384 2829 528 2884 enim
559 2827 830 2898 quomodo
857 2837 1042 2899 postea
1081 2843 1176 2884 eos
1213 2830 1476 2886 extollat:
1523 2830 1815 2890 Imitatorcs
1850 2835 1976 2901 [acti

385 2924 505 2977 cstis
529 2922 758 2976 Domini.
789 2921 1112 2990 Quomodo?
1144 2921 1468 2994 Excipientes
1494 2925 1696 2979 verbum
1727 2927 1780 2981 in
1807 2929 1970 2982 tribu-

381 3019 571 3074 latione
593 3019 774 3084 multa,
802 3033 915 3071 cum
940 3018 1127 3087 gaudio
1169 3018 1392 3089 Spiritus
1413 3019 1596 3074 sancti.
1652 3020 1768 3075 Non
1797 3021 1970 3076 solum

382 3128 504 3168 cum
544 3111 890 3167 tribulatione
922 3119 978 3166 et
1000 3111 1288 3168 afﬂictione
1313 3155 1328 3180 ,
1357 3112 1452 3170 sed
1473 3127 1600 3168 cum
1619 3114 1808 3169 multa.
1860 3114 1972 3170 Hoc

383 3215 561 3261 autem
589 3205 715 3260 licet
735 3203 946 3261 discere
973 3219 1042 3260 ex
1074 3205 1224 3261 Actis
1267 3207 1639 3274 apostolorum
1665 3206 1802 3278 (Act.
1829 3209 1918 3274 l7)
1954 3249 1968 3273 ,

380 3295 652 3368 quomodo
681 3296 995 3352 excitarunt
1038 3297 1092 3351 iu
1118 3311 1214 3352 eos
1240 3300 1714 3368 persequutieaem
1752 3317 1765 3354 :
1822 3300 1969 3356 Cou-

382 3388 752 3456 turbaverunt,
803 3388 996 3458 inquit,
1031 3388 1377 3458 magistratus
1405 3403 1596 3444 omnes
1616 3389 1870 3458 civitatis,
1916 3403 1972 3448 et

380 3480 651 3535 civitatem
685 3480 1091 3535 concitaverunt
1115 3479 1167 3533 in
1197 3479 1361 3550 ipsos.
1395 3478 1583 3551 Neque
1607 3479 1711 3538 dici
1753 3491 1967 3552 potest,

378 3572 568 3628 afﬂicti
596 3572 812 3645 quidem
844 3573 973 3629 estis
996 3582 1050 3626 et
1069 3571 1397 3637 credidistis,
1425 3573 1522 3628 sed
1546 3573 1826 3642 dolentes;
1860 3575 1971 3632 imo

381 3683 510 3723 vero
537 3666 846 3737 gaudentes.
899 3664 1052 3732 Quod
1091 3665 1308 3737 quidem
1356 3665 1622 3722 faciebant
1643 3670 1804 3724 etiam
1836 3686 1967 3741 apo-

379 3760 500 3814 stoli
533 3777 546 3813 :
577 3757 866 3814 Caudentes
885 3798 906 3825 ,
939 3757 1110 3826 inquit
1133 3799 1149 3823 ,
1177 3757 1313 3827 quod
1341 3759 1481 3828 digni
1509 3768 1673 3814 essent
1693 3761 1852 3816 habiti
1876 3779 1969 3834 pro

377 3851 584 3906 nomine
610 3849 795 3904 Christi
813 3849 1116 3904 contumelia
1141 3849 1270 3918 αρ’εοὶ
1289 3847 1452 3920 (Ibid.
1482 3851 1537 3907 5.
1565 3850 1801 3920 44)."00
1823 3853 1965 3909 enim

380 3954 464 3999 est
485 3943 804 3999 admirabile
829 3961 843 3997 :
889 3941 991 3996 etsi
1016 3939 1232 3996 neillud
1252 3941 1466 4012 quidem
1492 3951 1575 3998 est
1597 3957 1809 4014 parum,
1834 3961 1967 4016 quo.

378 4034 774 4105 modocumque
815 4033 954 4088 ferre
999 4031 1350 4097 afflictiones;
1401 4041 1456 4088 at
1493 4031 1597 4090 hoc
1620 4035 1730 4104 jam
1757 4047 1840 4092 est
1867 4053 1964 4094 eo-

379 4143 498 4182 rum
524 4127 611 4197 qui
642 4126 928 4180 humanam
961 4131 1204 4178 naturam
1232 4131 1512 4193 superant,
1537 4134 1592 4180 et
1618 4125 1818 4182 habent
1841 4143 1964 4183 cor-

377 4237 474 4292 pus
521 4230 798 4289 tamquam
839 4216 1152 4286 impatibile.
1205 4216 1486 4284 Quomodo
1527 4227 1706 4274 autem
1751 4219 1966 4276 fuerunt

375 4316 676 4371 imitatores
701 4311 942 4368 Christi?
964 4312 1227 4380 Quoniam
1253 4311 1370 4382 ipse
1388 4327 1601 4383 quoque
1625 4314 1819 4369 multas
1841 4330 1961 4370 sus-

377 4409 534 4462 tinuit
559 4405 953 4476 perpessiones,
1006 4417 1104 4457 nee
1147 4402 1382 4469 dolebat,
1412 4403 1508 4460 sed
1533 4404 1843 4476 gaudebat:
1878 4406 1962 4461 lu-

373 4497 672 4558 bcnsenius
691 4505 747 4552 et
769 4503 960 4564 sponte
983 4509 1048 4550 eo
1073 4494 1337 4550 veniebat.
1366 4495 1591 4568 Propter
1609 4513 1708 4552 nos
1725 4499 1960 4568 seipsum

371 4589 674 4656 exinaniit,
709 4599 864 4657 sputa
909 4597 964 4643 et
1010 4585 1268 4658 colaphos
1312 4602 1603 4657 passurus,
1657 4590 1709 4644 in
1742 4605 1958 4645 crucem

369 4681 647 4752 agendus;
669 4690 724 4735 et
742 4679 877 4735 adeo
898 4677 1172 4750 gaudebat
1197 4678 1311 4734 hinc
1338 4681 1567 4749 patiens,
1613 4689 1669 4734 ut
1711 4681 1858 4736 Patri
1879 4682 1960 4736 di-

367 4782 534 4838 ceret,
569 4770 912 4839 Gloriticome
949 4769 1126 4842 (Joau.
1158 4771 1244 4826 1-7.
1271 4770 1346 4839 1).
1380 4768 1507 4826 Cum
1527 4771 1738 4842 gaudio,
1759 4773 1956 4844 inquit,

369 4866 602 4938 Spiritus
641 4864 823 4920 sancti.
875 4862 952 4920 Ne
999 4864 1125 4933 quis.
1147 4862 1389 4929 diceret,
1442 4862 1724 4931 Quomodo
1743 4865 1882 4922 dicis
1903 4869 1954 4922 in

368 4957 759 5013 tribulatione?
813 4955 1086 5026 quomodo
1113 4955 1166 5008 in
1219 4953 1455 5025 gaudio?
1494 4957 1768 5026 quomodo
1825 4974 1952 5028 pos-

367 5059 492 5104 sunt
547 5056 773 5118 utraque
831 5047 1164 5103 convenire?
1235 5045 1530 5116 subiunxit,
1582 5047 1710 5102 Cum
1763 5052 1952 5120 gaudio

367 5141 596 5213 Spiritus
637 5139 821 5194 sancti.
855 5137 1091 5194 Afﬂictio
1118 5147 1200 5192 est
1242 5135 1295 5192 in
1323 5139 1719 5208 corporalibus,
1750 5150 1803 5195 et
1823 5157 1952 5212 gau-

365 5233 511 5287 dium
550 5234 610 5288 in.
645 5230 1033 5302 spiritualium.
1077 5229 1396 5298 Quomodo?
1454 5231 1531 5285 Ea
1579 5232 1800 5302 quidem
1833 5251 1952 5303 quo

368 5328 501 5379 tiuut
524 5335 652 5380 sunt
675 5323 932 5387 molesta;
965 5338 1082 5393 qua:
1104 5333 1280 5377 autem
1305 5338 1374 5377 ex-
1403 5323 1482 5377 eis
1507 5325 1753 5379 oriuntur
1776 5367 1792 5384 .
1852 5341 1950 5380 ne-

365 5433 626 5487 quaquam
661 5434 676 5470 :
711 5432 815 5469 non
865 5415 995 5470 sinit
1020 5415 1162 5470 enim
1194 5412 1245 5468 id
1287 5414 1542 5484 Spiritus.
1589 5413 1956 5480 Quamobrem.

368 5509 479 5563 fieri
511 5519 686 5578 potest
715 5517 774 5562 ut
800 5518 855 5563 et
881 5510 1090 5578 patiens
1114 5523 1220 5562 non
1254 5493 1488 5572 Iartctur,
1515 5509 1731 5579 quando
1757 5512 1952 5580 patitur

365 5614 462 5667 pro
483 5601 751 5669 peccatis;
781 5609 834 5654 et
861 5599 1036 5669 ﬂagris
1067 5599 1482 5666 cmSUSitBlCllll,
1511 5599 1726 5670 quando
1753 5600 1952 5670 patitur

366 5707 382 5758 ι
403 5700 581 5760 roptcr
624 5690 915 5745 Christum.

435 5785 486 5841 Ii.
527 5782 634 5842 Hoc.
685 5794 763 5837 est
804 5781 952 5837 enim
994 5782 1250 5852 gaudium.
1283 5783 1515 5854 Spiritus
1551 5801 1564 5840 :
1599 5799 1694 5855 pro
1733 5785 1796 5841 iis
1824 5801 1940 5857 qua:

1118 305 1176 363 S.
1216 307 1494 365 JOANNIS
1531 305 2006 364 CIIRYSOSTOMI
2048 307 2368 366 ARClllEP.
2408 311 2946 374 CONSTANTl-NUP.

3597 330 3702 388 396

2107 424 2358 482 videntur
2383 443 2506 484 esse
2537 429 2719 501 gravia
2747 439 2803 486 et
2833 433 3078 500 molesta,
3107 432 3290 492 educit
3313 437 3576 496 lat-titiam.
3608 447 3700 500 Af-

2104 516 2356 574 ﬂixerunt
2388 534 2503 587 vos,
2529 520 2720 592 inquit,
2761 525 3070 596 persequuti
3097 536 3261 592 sunt;
3293 530 3387 585 sed
3419 546 3516 588 vos
3545 551 3612 590 ne
3644 539 3696 592 in

2105 609 2209 664 illis
2229 609 2444 679 quidem
2472 611 2674 666 dimisit
2697 614 2950 684 Spiritus.
2975 615 3122 672 Sicut
3145 619 3198 672 in
3222 619 3345 688 igne
3371 637 3494 677 rore
3516 641 3698 695 μερίτ-

2101 701 2368 770 gobantur
2399 711 2510 758 tres
2551 705 2699 773 pueri
2731 705 2910 777 (Dan.
2937 707 3032 779 5),
3063 709 3132 762 ita
3161 725 3256 765 vos
3283 727 3500 783 quoque
3527 717 3579 770 in
3611 718 3695 772 af-

2103 794 2444 850 flictionibus.
2479 796 2582 852 Sed
2606 798 2746 852 sicut
2775 799 2884 853 illic
2913 816 3021 855 non
3047 811 3133 857 est
3170 813 3377 860 natura:
3404 807 3542 877 ignis
3574 826 3696 866 rore

2101 902 2421 958 aspergere,
2465 888 2560 945 sed
2603 889 2869 946 sibilantis
2907 891 3188 962 Spiritus:
3223 895 3296 950 ita
3337 897 3441 953 hoc
3481 916 3694 971 quoque

2101 995 2207 1036 non
2243 991 2326 1035 est
2353 990 2560 1036 natura:
2595 981 2903 1040 albictionis
2942 985 3198 1056 gaudium
3229 1003 3555 1059 procreare,
3597 994 3691 1049 sed

2101 1073 2363 1142 passionis
2415 1083 2632 1145 propter
2681 1077 2978 1147 Christum,
3027 1089 3080 1136 et
3135 1096 3263 1138 rore
3313 1085 3687 1154 perfundentis

2097 1164 2362 1234 Spiritus,
2409 1168 2894 1239 constituentisque
2941 1171 2997 1226 in
3044 1173 3225 1242 quiete
3268 1184 3324 1230 et
3355 1179 3689 1236 recreatione

2099 1272 2196 1326 per
2224 1256 2498 1313 fornacem
2531 1260 2911 1316 tentationum.
2945 1262 3072 1317 Cum
3099 1266 3313 1336 gaudio,
3344 1268 3550 1339 inquit;
3581 1289 3687 1328 non

2095 1349 2350 1420 simplici,
2383 1351 2478 1405 sed
2524 1352 2692 1407 multo
2733 1369 2748 1406 :
2788 1352 2892 1409 hoc
2920 1355 3064 1410 enim
3105 1366 3192 1411 est
3233 1357 3462 1429 Spiritus
3501 1367 3686 1421 sancti.

2097 1443 2149 1496 7.
2181 1441 2264 1495 lla
2291 1453 2346 1496 ut
2369 1445 2496 1515 facti
2517 1446 2628 1500 sitis
2661 1447 2830 1516 [orata
2866 1449 3099 1503 onmibus
3127 1451 3446 1510 credentibus
3482 1459 3536 1510 in
3565 1457 3685 1512 blu-

2093 1534 2307 1588 cedonia
2331 1545 2378 1589 ct
2408 1536 2622 1591 Achaia.
2654 1540 2815 1608 Atqui
2845 1547 3118 1608 postremo
3144 1543 3291 1598 venit
3311 1545 3380 1600 ad
3407 1561 3504 1602 eos
3535 1565 3548 1602 :
3579 1548 3686 1605 Sed

2095 1626 2189 1692 ita,
2220 1626 2412 1696 inquit,
2446 1629 2873 1698 resplenduistis,
2905 1639 2967 1686 ut
2991 1632 3190 1688 ﬁeretis
3219 1635 3468 1692 doctores
3495 1653 3685 1697 eorum

2091 1720 2180 1790 qui
2213 1723 2696 1792 przecesserant.Et
2727 1722 2830 1781 hoc
2854 1734 2936 1779 est
2963 1726 3342 1796 aposmlicum.
3380 1729 3496 1786 Non
3539 1735 3682 1790 enim

2093 1813 2248 1880 dicit,
2291 1812 2361 1870 Ut
2395 1815 2519 1870 facti
2547 1815 2668 1870 sitis
2695 1814 2869 1870 forma
2907 1817 2974 1872 ad
3001 1819 3352 1887 credendum,
3382 1823 3478 1879 sed
3501 1825 3565 1879 iis
3591 1828 3683 1896 qui

2087 1907 2196 1976 jam
2229 1908 2520 1963 credebant
2556 1908 2678 1964 facti
2727 1911 2858 1966 estis
2896 1911 3064 1967 forma
3109 1931 3125 1966 :
3157 1913 3209 1968 id
3253 1929 3329 1970 est
3351 1959 3371 1984 ,
3403 1919 3685 1984 Quomodo

2089 2010 2334 2069 oporteat
2356 2002 2409 2056 in
2439 2001 2604 2056 Deum
2636 2003 2874 2069 credere,
2900 2019 2997 2058 vos
3021 2004 3298 2073 dmuiatis,
3323 2010 3414 2079 qui
3433 2012 3501 2066 ab
3526 2028 3686 2068 exor-

2089 2093 2178 2147 dio
2207 2093 2273 2147 ad
2303 2096 2599 2150 certamina
2627 2096 3001 2151 descendistis.
3036 2096 3103 2151 Et
3130 2100 3182 2152 in
3208 2098 3404 2154 Achaia
3423 2143 3438 2167 ,
3469 2103 3638 2173 inquit
3662 2122 3676 2171 ;

2091 2184 2191 2240 hoc
2217 2194 2297 2240 est
2321 2226 2337 2252 ,
2368 2185 2419 2240 in
2453 2185 2690 2241 Hellade.
2728 2186 2889 2242 Vides
2922 2199 3118 2258 quanta
3149 2205 3237 2244 res
3265 2192 3336 2245 sit
3363 2194 3524 2248 animi
3559 2196 3676 2248 ala-

2085 2277 2248 2331 critas
2277 2275 2435 2331 ?Non
2468 2289 2590 2346 eget
2619 2285 2879 2347 tempore,
2907 2295 3080 2349 neque
3109 2283 3466 2348 cunctatione,
3499 2299 3673 2353 neque

2086 2367 2342 2424 dilatione
2371 2385 2386 2433 ;
2411 2368 2506 2423 sed
2534 2368 2730 2425 sufficit
2760 2385 2819 2425 se
2839 2370 3013 2426 soiutn
3045 2373 3320 2441 exhibere,
3350 2383 3403 2428 et
3430 2376 3672 2431 confecta

2084 2469 2209 2514 sunt
2233 2461 2434 2515 omnia.
2457 2461 2547 2516 Sic
2572 2476 2702 2531 ergo
2724 2463 2808 2517 isti
2829 2476 2952 2517 eum
2975 2464 3304 2532 posteriores
3323 2467 3676 2521 accessissent

2082 2553 2147 2605 ad
2181 2552 2612 2621 prmdieationem
2633 2595 2649 2620 ,
2684 2553 2899 2608 fuerunt
2930 2555 3166 2624 priorum
3197 2556 3454 2612 doctores
3476 2568 3530 2612 et
3558 2574 3676 2612 ma-

2081 2644 2251 2714 gistri.
2273 2643 2444 2699 Nemo
2465 2645 2624 2715 igitur
2643 2647 2878 2700 animum
2896 2646 3256 2716 despondeat:
3273 2648 3482 2703 etiamsi
3510 2651 3678 2706 multo

2087 2746 2412 2806 consumpto
2445 2746 2686 2806 tempore
2713 2737 2848 2791 nilril
2879 2736 3137 2803 effecerit,
3174 2737 3299 2792 licet
3324 2738 3372 2793 ei
3405 2740 3488 2794 vel
3512 2756 3682 2810 parvo

2086 2837 2329 2898 tempore
2359 2839 2562 2883 tantum
2605 2829 2821 2884 efticere
2840 2872 2854 2895 ,
2885 2839 3142 2899 quantum
3175 2845 3242 2885 ne
3271 2832 3429 2900 priori
3456 2835 3674 2902 quidem

2085 2932 2348 2990 tempore.
2378 2921 2512 2976 Nam
2556 2923 2599 2975 si
2637 2923 2726 2992 qui
2773 2922 3007 2977 nondum
3037 2922 3346 2978 crediderat.
3373 2934 3576 2980 tantum
3621 2928 3674 2982 in

2080 3014 2230 3068 initio
2255 3013 2606 3083 respici-duit,
2625 3013 2793 3068 multo
2811 3014 2977 3083 magis
3004 3015 3036 3068 ii
3063 3014 3152 3083 qui
3173 3014 3284 3084 jam
3311 3015 3672 3073 crediderunt.
3721 3079 3724 3082 ,

2162 3105 2436 3176 Vigilantia
2476 3123 2627 3173 quam
2671 3107 2976 3161 necessaria.
3007 3137 3077 3146 -
3101 3106 3290 3162 Nullus
3338 3125 3534 3164 rursus
3571 3111 3673 3166 hoc

2078 3198 2318 3268 cogitans
2344 3197 2414 3252 sit
2444 3199 2593 3269 piger
2617 3207 2673 3254 et
2702 3203 2912 3269 segnis,
2941 3209 3000 3254 ut
3030 3202 3120 3270 qui
3147 3200 3396 3257 didicerit
3425 3203 3571 3273 quod
3600 3204 3670 3259 li-

2077 3305 2193 3346 ccat
2233 3291 2382 3346 brevi
2423 3301 2662 3362 tempore
2687 3302 2853 3347 totum
2880 3308 3070 3362 parare
3104 3309 3118 3348 :
3147 3293 3390 3349 futurum
3413 3297 3556 3351 enim
3589 3309 3672 3352 est

2079 3386 2384 3451 incertum;
2412 3397 2467 3440 et
2512 3386 2598 3440 fur
2639 3397 2722 3442 est
2751 3386 2871 3440 dies
2909 3385 3117 3440 Domini
3145 3389 3160 3457 (
3184 3389 3236 3442 l.
3274 3387 3450 3443 Thess.
3481 3391 3534 3445 5.
3564 3390 3665 3463 4),

2078 3490 2299 3550 repente
2327 3479 2586 3535 invadens
2606 3495 2705 3534 nos
2725 3479 3054 3535 dormientes
3083 3496 3098 3545 ;
3123 3480 3222 3536 sed
3240 3481 3287 3535 si
3308 3497 3416 3536 non
3437 3482 3669 3537 dormia-

2077 3587 2214 3635 mus,
2248 3587 2352 3626 non
2387 3581 2659 3644 tamquam
2694 3571 2782 3626 fur
2811 3587 2911 3626 nos
2952 3573 3188 3638 invadet,
3237 3589 3413 3644 neque
3439 3576 3668 3631 abducet

2077 3665 2388 3734 imparatos.
2436 3664 2568 3719 Nam
2615 3665 2659 3718 si
2702 3665 3014 3734 vigilemus,
3045 3674 3100 3720 et
3130 3666 3292 3720 sobrii
3323 3666 3497 3721 simus
3517 3707 3531 3729 ,
3557 3682 3663 3721 non

2074 3759 2302 3829 amplius
2334 3767 2608 3829 tamquam
2631 3758 2714 3812 fur
2743 3773 2842 3812 nos
2874 3758 3103 3824 invadet,
3135 3759 3231 3814 sed
3263 3771 3533 3829 tamquam
3553 3761 3664 3815 Re—

2072 3852 2154 3921 gis
2199 3849 2418 3904 nuntius
2459 3865 2556 3904 nos
2584 3864 2786 3903 vocans
2823 3849 2892 3904 ad
2931 3849 3069 3904 bona
3114 3851 3272 3906 nobis
3318 3861 3498 3920 parata
3532 3871 3546 3905 :
3579 3854 3662 3908 sin

2073 3941 2424 4005 dormiamus,
2456 3951 2729 4011 tamquam
2762 3940 2844 3995 Eur
2887 3942 3117 3997 accedit.
3150 3942 3339 3996 Nullus
3368 3958 3498 4014 ergo
3530 3945 3661 3999 dor-

2074 4033 2224 4099 miat,
2251 4033 2428 4087 nouus
2457 4034 2524 4087 sit
2554 4033 2700 4104 piger
2725 4033 2791 4087 ad
2823 4033 3070 4090 virtutem
3104 4050 3118 4088 :
3149 4035 3250 4088 hoc
3277 4035 3420 4090 enim
3460 4045 3540 4091 est
3570 4051 3660 4091 so-

2071 4143 2252 4183 nutans.
2283 4125 2530 4192 Nescitis,
2551 4126 2768 4198 quando
2794 4127 3116 4194 dormimus,
3147 4144 3310 4198 quam
3339 4139 3520 4183 nostra
3553 4143 3658 4182 non

2070 4222 2181 4275 sint
2196 4223 2245 4276 in
2277 4231 2410 4286 tuto,
2439 4238 2605 4290 quam
2624 4221 2785 4276 facile
2798 4222 2880 4276 eis
2901 4231 3160 4292 parentur
3182 4223 3390 4277 ἱιιείἀὶ;υ
3406 4224 3430 4276 ’ἓ
3446 4225 3660 4294 quando

2069 4322 2247 4367 autem
2274 4313 2586 4382 vigilamus,
2623 4327 2730 4368 non
2761 4327 2898 4383 opus
2925 4324 3010 4368 est
3036 4313 3193 4369 nobis
3223 4323 3366 4369 tanta
3393 4315 3654 4371 custodia.

2069 4405 2292 4473 Quando
2319 4405 2618 4459 dormimus
2644 4446 2660 4472 ,
2693 4403 2855 4460 etiam
2885 4419 3015 4460 cum
3036 4404 3209 4459 multa
3245 4407 3492 4461 custodia
3515 4423 3660 4477 smpe

2072 4499 2306 4569 perimus
2345 4516 2357 4552 :
2388 4508 2512 4553 sunt
2545 4507 2595 4551 et
2628 4497 2764 4550 ostia
2790 4505 2844 4550 et
2871 4505 3050 4552 vectes
3078 4505 3133 4551 et
3161 4497 3414 4552 custodes
3437 4507 3494 4553 et
3523 4500 3653 4568 vigi-

2067 4593 2179 4658 les;
2202 4603 2253 4647 et
2278 4603 2452 4646 tamen
2476 4590 2559 4645 fur
2585 4588 2920 4660 ingreditur‘.
2938 4589 3047 4643 Cur
3068 4588 3182 4643 huc
3207 4587 3370 4644 dico?
3395 4589 3656 4658 Quoniam

2066 4685 2109 4741 si
2142 4685 2422 4756 vigilemus
2446 4724 2460 4750 ,
2497 4698 2601 4737 non
2630 4682 2905 4754 egebimus
2934 4682 3160 4736 aliorum
3188 4681 3389 4736 auxilio
3415 4700 3428 4736 :
3453 4683 3536 4737 sin
3562 4697 3657 4735 au-

2067 4789 2180 4832 tem.
2213 4775 2584 4842 domsiamus,
2622 4773 2754 4830 nihii
2794 4773 2950 4828 nobis
2991 4773 3216 4843 prodest
3241 4773 3472 4827 alierum
3504 4774 3657 4828 ausi-

2065 4869 2194 4923 liuut
2222 4910 2238 4934 ,
2268 4868 2367 4923 sed
2409 4867 2573 4923 etiam
2601 4882 2724 4922 cum
2766 4865 2859 4921 ille
2893 4865 3148 4936 perimus.
3183 4865 3389 4919 Bonum
3430 4875 3514 4918 est
3554 4865 3652 4918 frui

2061 4972 2370 5018 sanctorum
2401 4960 2652 5031 precibus
2673 5001 2688 5025 ,
2717 4959 2811 5015 sed
2851 4974 2972 5014 cum
3003 4959 3106 5028 ipsi
3147 4973 3360 5029 quoque
3391 4957 3654 5014 fuerimus

2061 5057 2250 5112 intenti
2283 5055 2456 5126 operi.
2491 5055 2558 5110 Et
2586 5053 2714 5124 quid
2744 5052 2897 5119 mihi,
2929 5051 3122 5122 inquit,
3153 5066 3289 5121 opus
3315 5060 3401 5107 est
3423 5052 3651 5107 aliorum

2061 5149 2334 5218 precibus,
2367 5163 2488 5203 eum
2523 5147 2680 5201 fuero
2707 5146 2944 5200 intentus
2977 5144 3149 5214 operi,
3183 5159 3280 5199 nec
3310 5159 3394 5198 me
3421 5160 3485 5199 eo
3511 5145 3649 5199 redi-

2059 5256 2200 5308 gam,
2233 5251 2292 5293 ut
2323 5254 2457 5308 opus
2498 5237 2722 5292 habeam
2755 5236 2779 5290 ἲ
2805 5235 2912 5290 Nec
2940 5251 3040 5305 ego
3084 5234 3298 5304 quidem
3347 5235 3450 5289 hoe
3480 5235 3603 5289 volo
3633 5253 3648 5300 ;

2057 5331 2159 5386 sed
2180 5346 2318 5400 opus
2347 5344 2566 5400 semper
2591 5327 2873 5394 habemus,
2902 5326 2946 5380 si
2979 5325 3272 5396 sapiamus.
3319 5324 3516 5380 Paulus
3543 5342 3654 5380 non

2121 5489 2136 5515 ι
2176 5483 2231 5532 In
2255 5482 2391 5534 Coto.
2418 5482 2703 5550 legitur..."
2751 5494 2854 5550 non
2866 5493 2989 5550 opus
3005 5486 3076 5532 est
3097 5480 3233 5532 nobis
3249 5487 3382 5550 tanta
3405 5481 3628 5550 custodia

2055 5553 2171 5607 ()uOl
2194 5553 2239 5594 et
2263 5542 2671 5607 quantqtiuidant,
2685 5542 2921 5594 custodia:
2943 5555 3107 5607 causa,
3121 5543 3464 5607 excogitorunt
3477 5542 3504 5592 .9
3532 5552 3644 5594 Ver-

2055 5605 2103 5656 bi
2133 5605 2294 5670 gratia
2317 5645 2330 5665 ,
2350 5605 2492 5670 ostia,
2522 5613 2692 5670 vectes,
2715 5607 2942 5670 custodes
2958 5612 3005 5657 et
3031 5605 3198 5670 vigiles
3222 5605 3320 5656 {cr
3331 5613 3523 5670 ttintcn,
3537 5617 3647 5654 cum

2053 5667 2188 5732 tanta
2208 5668 2428 5732 custodia
2448 5704 2462 5729 ,
2489 5669 2570 5730 fur
2594 5667 2888 5732 ingreditur.
2921 5677 3036 5728 (ante
3061 5667 3217 5719 lectio
3231 5668 3434 5731 quadrat
3468 5669 3525 5716 ad
3563 5682 3642 5715 so-

2051 5728 2208 5789 ricm;
2234 5731 2322 5780 sed
2348 5728 2510 5794 nostra
2538 5742 2614 5781 est
2639 5728 2881 5783 editorum
2921 5732 3137 5782 omnium
3158 5765 3171 5790 ,
3199 5728 3408 5794 eantque
3447 5737 3652 5779 secutus

2057 5801 2134 5844 est
2155 5794 2423 5846 tientianus
2442 5792 2704 5844 Henetus.
