4140 6498
411 367 521 425 395

407 498 542 548 νον,
575 478 736 534 ἀλλὰ
767 479 865 532 καὶ
893 477 959 532 ἐν
983 476 1254 548 δυνάμει,
1287 477 1388 532 καὶ
1420 478 1492 532 ἐν
1519 479 1820 548 Πνεύματι
1845 475 2012 545 ἁγίῳ,

410 570 511 624 καὶ
555 570 627 624 ἐν
665 567 1048 636 πληροφορίᾳ
1093 566 1335 635 πολλῆ·
1389 565 1586 632 καθὼς
1649 565 1850 621 οἴδατε
1900 558 2013 617 οἷοι

407 657 784 729 ἐγενήθημεν
804 655 877 708 ἐν
900 654 1046 724 ἡμῖν
1074 653 1250 725 ὑμᾶς.
1279 655 1344 708 Τί
1377 655 1527 708 ἐστιν
1553 654 1582 707 ὅ
1611 654 1776 723 λέγει’
1807 653 2018 707 Οἴδατε

411 743 528 802 οἶοι
558 742 935 815 ἐγενήθημεν
971 743 1044 796 ἐν
1066 743 1209 813 ὑμῖν
1225 758 1245 807 ;
1289 741 1561 796 Ἐνταῦθα
1589 741 1688 796 καὶ
1715 739 1824 794 τῶν
1852 738 2017 793 αὐτοῦ

413 834 862 906 κατορθωμάτων
900 831 1156 897 ἅπτεται,
1183 831 1296 885 ἀλλ’
1337 830 1828 901 ἐπεσκιασμένως·
1894 827 2021 899 βού-

412 925 567 977 λεται
595 922 704 994 γὰρ
735 921 1004 993 πρότερον
1025 923 1137 984 τοῖς
1171 920 1399 974 ἐκείνων
1429 918 1733 990 ἐγκωμίοις
1795 916 2020 984 ἐπεξελ-

411 1014 547 1068 θεῖν.
585 1013 650 1065 Ὃ
678 1011 734 1065 δὲ
765 1010 936 1078 λέγει,
983 1008 1228 1063 τοιοῦτόν
1283 1010 1453 1062 ἐστιν·
1491 1007 1750 1079 ᾜδειμεν
1785 1006 1868 1060 ὃτι
1908 1005 2018 1059 τῶν

411 1100 676 1169 γενναίων
707 1094 806 1170 ἦτε
835 1099 930 1152 καὶ
976 1097 1230 1169 μεγάλων
1273 1096 1508 1169 ἀνδρῶν,
1569 1099 1651 1152 ὅτι
1703 1097 1810 1150 τῶν
1863 1094 2017 1150 ἐκλε-

411 1190 558 1244 κτῶν
589 1210 598 1218 ι
633 1186 723 1240 διὰ
767 1185 920 1259 [428]
959 1185 1120 1238 τοῦτο
1164 1185 1266 1239 καὶ
1319 1186 1480 1256 ἡμεῖς
1526 1186 1705 1240 πάντα
1750 1184 2020 1254 ὑπομένο-

413 1294 516 1348 μεν
544 1276 613 1330 δι’
644 1276 811 1346 ὑμᾶς.
845 1275 920 1328 Τὸ
965 1273 1096 1344 7&9,
1153 1268 1277 1328 Οἶοι
1311 1273 1685 1345 ἐγενήθημεν
1740 1274 1811 1327 ἐν
1844 1271 2011 1342 ὑμῖν,

409 1367 573 1420 τοῦτό
601 1367 720 1420 ἐστι
748 1362 1060 1436 δηλοῦντος,
1101 1363 1185 1418 ὅτι
1247 1363 1386 1435 μετά
1440 1363 1644 1434 πολλῆς
1703 1361 2015 1434 προθυμίας

411 1457 510 1509 καὶ
546 1454 750 1524 πολλῆς
786 1451 1151 1524 σφοδρότητος
1183 1451 1394 1522 ἕτοιμοί
1447 1453 1618 1523 ἐσμεν
1671 1452 1770 1515 τὰς
1837 1448 2016 1520 ψυχὰς

411 1542 572 1613 ἡμῶν
618 1542 870 1598 ἐκδοῦναι
911 1541 979 1594 δι’
1011 1541 1158 1611 ὑμᾶς
1189 1557 1204 1571 ⁵
1253 1540 1349 1594 καὶ
1394 1539 1590 1594 τούτου
1666 1540 1723 1593 δὲ
1760 1540 1860 1610 οὐχ
1885 1539 2016 1610 ἡμῖν

412 1633 593 1704 χάρις,
640 1629 756 1684 ἀλλ’
790 1630 940 1702 ὑμῖν,
975 1629 1060 1683 ὅτι
1090 1629 1339 1683 ἐκλεκτοὶ
1378 1625 1498 1702 ἦτε.
1539 1629 1639 1682 Διά
1703 1627 1862 1681 τοῦτο
1923 1626 2016 1680 καὶ

411 1717 648 1789 ἀλλαχοῦ
679 1734 813 1790 φησι
836 1735 849 1748 ·
882 1717 996 1770 Καὶ
1035 1717 1224 1772 ταῦτα
1257 1716 1476 1786 πάσχω
1507 1715 1608 1771 διὰ
1651 1716 1795 1782 τοὺς
1842 1716 2016 1770 ἐκλε-

415 1809 617 1875 κτούς.
655 1807 827 1880 ’Υπὲρ
854 1806 965 1879 7&9
993 1807 1102 1861 τῶν
1122 1806 1218 1860 τοῦ
1251 1805 1389 1861 Θεοῦ
1417 1807 1719 1879 ἀγαπητῶν
1748 1806 1801 1862 τί
1822 1807 1922 1860 οὐκ
1953 1806 2017 1860 ἄν

414 1913 498 1960 τις
530 1895 694 1951 πάθοι
719 1912 734 1962 ;
765 1896 876 1950 Καὶ
900 1897 1072 1950 εἰπὼν
1113 1896 1173 1949 τὸ
1202 1895 1392 1960 αὐτοῦ,
1426 1894 1709 1968 μονονουχὶ
1740 1911 1920 1967 φησιν’
1957 1895 2018 1947 Εἰ

416 1986 527 2056 γὰρ
562 1985 658 2039 καὶ
691 1984 966 2056 ἀγαπητοὶ
992 1985 1086 2038 καὶ
1115 1984 1380 2051 ἐκλεκτοὶ,
1414 1985 1594 2038 πάντα
1624 1983 1850 2047 εἰκότως
1883 1983 2016 2036 ὐπο-

419 2073 680 2146 μένομεν.
737 2073 812 2127 οὐ
861 2072 968 2143 γὰρ
1001 2073 1068 2144 δὴ
1115 2072 1177 2127 τὸ
1230 2075 1475 2128 ἐπαινεῖν
1543 2073 1748 2137 αὐτοὺς
1807 2070 2014 2144 €99va-

417 2181 507 2216 νυε
552 2162 734 2234 μόνον,
767 2161 904 2216 ἀλλά
930 2163 1026 2216 καὶ
1056 2162 1118 2216 τὸ
1163 2162 1633 2236 ὑπομιμνήσκειν,
1667 2163 1750 2216 ὅτι
1779 2163 1874 2216 καὶ
1922 2162 2019 2215 αὐ-

412 2251 496 2304 τοὶ
529 2251 630 2319 τῆς
669 2250 896 2304 ἐκείνων
925 2251 1238 2323 προθυμίας
1289 2251 1616 2324 ἀντίρροπον
1645 2251 1895 2322 ἀνδρείαν
1922 2253 2021 2303 ἐπ-

411 2337 700 2404 εδείξαντο.
740 2336 880 2408 Φησὶ
921 2338 1054 2408 γοῦν
1081 2355 1095 2369 ⁶
1160 2339 1273 2395 Kal
1337 2340 1509 2410 ὑμεῖς
1544 2340 1792 2412 μιμηταὶ
1850 2338 2021 2410 ἡμῶν

409 2427 736 2496 ἐγενήθητε
764 2427 865 2481 καὶ
896 2427 1004 2482 τοῦ
1043 2429 1292 2497 Κυρίου,
1324 2428 1644 2500 δεξάμενοι
1675 2429 1784 2482 τὸν
1830 2432 2019 2498 λόγον

409 2512 481 2565 εν
526 2512 733 2581 θλίψει
774 2509 1003 2581 πολλῇ,
1035 2512 1193 2582 μετά
1227 2513 1417 2582 χαρᾶς
1448 2515 1797 2586 Ιινεύματιις
1819 2508 2015 2584 ἁγίου.

412 2603 618 2658 Βασαίί
657 2604 824 2658 πόσον
869 2605 932 2658 τὸ
987 2605 1306 2676 ἐγκώμιονί
1362 2607 1410 2658 of.
1462 2607 1704 2677 μαθηταὶ
1758 2606 2019 2678 ἐξαίφνης

411 2690 662 2758 ἐγένοντο
691 2691 1005 2746 διδάσκαλοι
1033 2707 1046 2722 ⁶
1085 2694 1188 2747 οὐκ
1214 2694 1457 2765 ἤκουσαν
1489 2694 1651 2764 μόνον
1681 2695 1790 2748 τῶν
1819 2694 2016 2762 λόγων,

409 2780 546 2836 ἀλλά
590 2781 689 2836 καὶ
716 2783 854 2855 πρὸς
899 2781 998 2854 τὴν
1028 2782 1199 2855 αὐτὴν
1250 2785 1496 2855 κορυφὴν
1530 2782 1609 2855 τῷ
1631 2784 1831 2856 Παύλῳ
1855 2784 2019 2853 ἑφθα-

413 2889 534 2926 σαν.
582 2872 724 2926 Ἀλλ’
772 2874 929 2927 οὐδὲν
983 2873 1147 2928 τοῦτο
1175 2873 1310 2946 πρὸς
1342 2873 1403 2927 τὸ
1433 2873 1581 2942 ἑξῆς
1619 2873 1723 2945 ὅρα
1773 2875 1884 2945 7&9
1914 2873 2017 2929 ποῦ

409 2961 609 3024 αὐτοὺς
635 2962 826 3032 ἁνάγει
853 2961 1028 3031 λέγων
1059 2977 1074 2992 ·
1111 2961 1374 3032 Μιμηταὶ
1410 2961 1697 3032 ἐγένεσθε
1745 2962 1854 3017 τοῦ
1903 2966 2020 3016 Κυ-

400 3052 562 3120 ρίου.
597 3051 726 3116 Πῶς
751 3069 766 3119 ;
796 3050 1118 3120 Δεξάμενοι
1144 3051 1253 3106 τὸν
1279 3051 1472 3122 λόγον
1495 3051 1568 3105 ἐν
1604 3051 1811 3120 θλίψει
1869 3055 2019 3108 πολ-

407 3141 513 3210 .ιῇ,
539 3144 689 3210 μετὰ
721 3139 914 3210 χαρᾶς
942 3141 1297 3210 Πνεύματος
1323 3139 1521 3213 ἁγίου.
1554 3141 1667 3211 Οὐχ
1703 3139 1893 3204 ἁπλῶς
1926 3157 2019 3212 με-

408 3231 481 3284 τά
537 3230 794 3301 θλίψεως,
829 3229 967 3284 ἀλλά
1002 3229 1145 3299 μετά
1197 3229 1422 3302 πολλῆς.
1482 3229 1594 3282 Kal
1639 3229 1816 3284 ἔνεστι
1863 3230 2021 3285 τοῦτο

412 3321 521 3374 ἀπὸ
550 3319 661 3372 τῶν
709 3319 972 3392 Πράξεων
1017 3321 1127 3373 τῶν
1189 3320 1570 3376 ἁποσΐολικῶν
1628 3321 1844 3392 μαθεῖν,
1901 3323 2019 3387 πῶς

413 3411 721 3480 ἐπήγειραν
747 3408 838 3461 τὸν
879 3407 1120 3479 διωγμὸν
1158 3408 1246 3462 ἐπ’
1274 3408 1474 3472 αὐτούς
1502 3424 1517 3439 ο
1551 3440 1624 3450 —-—
1650 3409 1760 3462 Kal
1790 3410 2016 3475 πάντας,

416 3499 575 3568 φησὶ,
603 3498 731 3560 τοὺς
767 3495 1102 3568 πολιτάρχας
1133 3494 1428 3568 ἐτάραξαν,
1462 3497 1556 3550 καὶ
1583 3495 1683 3568 τὴν
1732 3497 1888 3552 πόλιν
1923 3499 2022 3551 ἀν-

412 3585 738 3656 επτέρωσαν
772 3588 894 3640 κατ’
921 3585 1123 3640 αὐτῶν.
1166 3587 1278 3640 Kal
1319 3585 1420 3640 οὐκ
1473 3585 1622 3639 ἔστιν
1685 3587 1882 3653 εἰπεῖν,
1939 3588 2020 3640 ὅτι

425 3675 705 3745 Ἐθλίὸητε
754 3674 853 3746 μὲν
891 3674 986 3729 καὶ
1020 3673 1401 3740 ἐπιστεύσατε,
1439 3675 1735 3739 ἀλγοῦντες
1778 3675 1859 3740 δὲ,
1886 3675 2024 3730 ἀλλά

414 3767 508 3822 καὶ
558 3767 840 3838 χαίροντες
865 3765 1092 3838 σφόδρα.
1121 3765 1301 3836 Ὅπερ
1345 3766 1440 3818 καὶ
1481 3768 1530 3818 οἱ
1558 3765 1847 3820 ἀπόστολοι
1880 3767 2024 3820 ἐποί-

411 3872 523 3911 ουν·
559 3857 904 3924 Χαιζροντες,
958 3853 1147 3926 φησὶν,
1201 3854 1290 3907 ὅτι
1345 3853 1810 3922 κατηξιώθησαν
1865 3856 2019 3927 ὑπὲρ

414 3945 521 4000 τοῦ
555 3945 850 4012 ὀνόματος
903 3943 1011 3996 τοῦ
1047 3942 1310 4010 Χριστοῦ
1345 3941 1769 4012 ἀτιμασθῆναι.
1817 3943 1892 3996 Τὸ
1913 3946 2022 4015 γὰρ

413 4033 754 4104 θαυμαστὸν,
780 4031 940 4085 τοῦτό
969 4032 1119 4083 ἐστιν
1150 4047 1165 4060 ·
1218 4031 1268 4083 εί
1299 4031 1395 4084 καὶ
1447 4030 1572 4084 οὐδὲ
1599 4032 1778 4085 ἐκεῖνο
1805 4032 2020 4105 μικρὸν,

411 4124 473 4176 τὸ
526 4121 714 4194 φέρειν
751 4121 1108 4190 ὁπωσδήποτε
1161 4118 1372 4189 θλίψεις
1405 4136 1419 4149 ο
1469 4119 1707 4174 τοῦτοδὲ
1759 4121 1858 4194 ἤδη
1916 4122 2026 4176 τῶν

412 4218 512 4288 τὴν
553 4215 906 4286 ἀνθρωπίνην
945 4213 1110 4283 φύσιν
1153 4213 1596 4285 ὑπερϐαινόντων
1643 4211 1734 4286 ἦν,
1777 4217 1874 4270 καὶ
1909 4216 2023 4272 ὥσ-

414 4317 520 4376 περ
536 4303 744 4366 ἀπαθὲς
770 4303 928 4373 σῶμα
949 4301 1200 4372 ἐχόντων.
1221 4301 1344 4366 Πῶς
1355 4301 1411 4355 δὲ
1442 4304 1679 4374 μιμηταὶ
1703 4304 1796 4358 τοῦ
1817 4305 2023 4376 Κυρίου

414 4393 699 4462 ἐγένοντο;
737 4391 860 4446 Ὅτι
908 4394 1002 4446 καὶ
1031 4391 1192 4455 αὐτὸς
1212 4391 1381 4446 πολλά
1402 4391 1705 4463 παθήματα
1741 4393 2022 4468 ὑπέμεινε,

415 4481 509 4536 καὶ
539 4481 639 4535 οὐκ
667 4479 844 4552 ήλγει,
879 4479 995 4533 ἀλλ’
1021 4478 1238 4551 ἔχαιρεν
1265 4496 1277 4510 ·
1321 4478 1461 4533 ἑκὼν
1487 4479 1597 4552 γὰρ
1627 4480 1718 4534 ἐπὶ
1749 4481 1907 4536 τοῦτο
1929 4483 2027 4555 ἧρ-

414 4587 558 4642 χετο.
589 4569 666 4623 Δι’
705 4570 853 4641 ἡμᾶς
899 4568 1092 4622 ἑαυτὸν
1154 4569 1448 4636 ἐκένωσεν,
1493 4567 1727 4639 ἔμελλεν
1784 4571 2028 4644 ἐμπτύει.

415 4659 541 4714 σθαι
594 4658 688 4712 καὶ
731 4657 1078 4728 ῥαπίζεσθαι,
1113 4657 1479 4730 σταυροῦσθαι
1500 4676 1513 4689 ·
1548 4658 1645 4714 καὶ
1668 4658 1842 4725 οὕτως
1873 4659 2026 4733 ἔχαι-

417 4765 477 4820 ρε
533 4746 708 4801 ταῦτα
764 4746 1013 4816 πάσχων,
1062 4745 1138 4810 ὡς
1168 4746 1246 4818 τῷ
1285 4746 1460 4820 Πατρὶ
1513 4747 1717 4817 λέγειν’
1748 4749 2026 4815 Δόξασόν

408 4834 671 4907 palliata
684 4831 1422 4907 χαρᾶς,φησὶ,11νεύματος
1449 4833 1642 4906 ἁγίου.
1676 4837 1796 4892 Ἵνα
1833 4839 1908 4912 μή
1942 4843 2027 4904 τις

416 4927 565 5000 εἴπῃ·
597 4924 722 4988 Πῶς
753 4922 987 4993 θλίψεως
1011 4921 1233 4993 λέγεις;
1275 4923 1393 4988 πῶς
1423 4923 1643 4996 χαρᾶςς
1674 4924 1792 4990 πῶς
1844 4925 2026 4998 ἀμφό-

414 5033 552 5087 τερα
598 5013 678 5068 ἔνι
722 5012 1034 5079 συνελθείνς
1079 5014 1327 5084 ἐπήγαγε
1353 5029 1368 5044 ·
1402 5009 1567 5068 Μετά
1607 5014 1800 5085 χαρᾶς
1832 5013 2024 5072 Πνεύά

411 5115 600 5174 ματος
639 5104 833 5174 ἁγίου.
880 5101 945 5156 Ἦ
973 5101 1155 5173 θλῖίίις
1187 5102 1246 5156 ἑν
1288 5103 1402 5165 τοῖς
1449 5106 1802 5174 σωματικοῖς,
1839 5104 1935 5160 καὶ
1987 5108 2021 5178 ὴ

417 5194 561 5265 χαρά
592 5197 649 5249 ὲν
676 5196 788 5258 τοῖς
815 5193 1229 5262 πνευματικοῖς.
1261 5185 1422 5258 Πῶς;
1449 5189 1534 5245 Τά
1585 5191 1686 5264 μὲν
1735 5195 2018 5265 γινόμενα,

416 5283 668 5354 λυπηρά⁶
712 5282 785 5336 cit
808 5281 865 5335 δὲ
892 5283 950 5349 ἐξ
983 5279 1164 5334 αὐτῶν
1192 5279 1512 5345 τικτόμενα,
1538 5278 1763 5335 οὐκέτι·
1794 5282 1855 5336 οὐ
1909 5282 2018 5356 γὰρ

417 5371 611 5441 ἀφίησι
639 5371 700 5424 τδ
726 5370 974 5441 Πνεῦμα.
1009 5369 1174 5422 Ὥστε
1220 5368 1398 5422 ἔνεστι
1445 5367 1542 5423 καὶ
1603 5369 1884 5441 πάσχοντα
1942 5371 2022 5445 μὴ’

417 5458 651 5532 χαίρειν,
681 5459 809 5512 ὅταν
841 5459 982 5528 ὑπὲρ
1039 5456 1464 5530 ἁμαρτημάτων
1512 5475 1600 5522 τις
1657 5459 1843 5533 πάσχῃ
1870 5476 1885 5491 ·
1923 5465 2021 5517 καὶ

421 5547 824 5621 μαστιξόμενον
902 5546 1150 5618 ἥδεσθαι,
1196 5547 1325 5601 ὅταν
1378 5546 1467 5602 διὰ
1518 5547 1611 5602 τὸν
1659 5546 1894 5623 Χριστόν
1935 5568 2020 5616 τις

422 5657 626 5710 πασχῃ.

489 5733 558 5794 γ’.
588 5725 826 5797 Τοιαύτη
851 5724 963 5797 7&9
992 5726 1026 5796 ή
1054 5724 1151 5779 τοῦ
1190 5725 1506 5794 Πνεύματος
1539 5726 1688 5800 χαρά
1708 5744 1723 5758 ⁸
1755 5729 1878 5784 ἀντὶ
1908 5731 2017 5787 τῶν

417 5816 717 5872 δοκούντων
748 5809 890 5868 εἶναι
939 5812 1180 5884 ἀνιαρῶν
1201 5854 1215 5880 ,
1250 5813 1444 5885 ἐκφύει
1468 5815 1568 5886 τὴν
1596 5817 1814 5887 ἡδονὴν.
1832 5818 2014 5874 Ἔθλι-

417 5908 524 5978 ψαν
550 5907 719 5978 ὑμᾶς,
765 5905 919 5976 φησὶ,
951 5907 1044 5960 καὶ
1076 5903 1324 5974 ἐδίωξαν,
1354 5903 1469 5959 ἀλλ’
1500 5906 1599 5963 οὐκ
1626 5907 1838 5981 ἀφῆκεν
1871 5912 2016 5984 ὑμᾶς

1304 359 1370 414 ΙΝ
1407 359 1629 416 ΕΡΙδΤ.
1668 359 1686 414 1
1725 358 1817 414 AD
1854 353 2194 411 THESSAL.
2235 355 2387 413 CAP.
2430 358 2470 414 Ι.
2516 358 2752 418 IIOMIL.
2793 364 2834 421 1.

3614 362 3718 417 50h

2126 474 2186 526 τὸ
2217 473 2369 548 [429]
2399 476 2624 549 Πνεῦμα
2649 481 2770 534 οὐδὲ
2798 483 2856 536 ἐν
2881 482 3111 546 ἐκείνοις
3135 499 3145 511 ·
3169 482 3280 536 ἀλλ’
3303 480 3490 550 ῶσπερ
3513 482 3571 533 ὲν
3587 480 3720 548 πυρὶ

2126 564 2464 635 ἐδρθπίξοντο
2494 569 2540 619 οἱ
2563 569 2752 634 παῖδες
2777 571 2828 624 οί
2862 574 3032 642 τρεῖς,
3060 571 3203 625 οὕτω
3225 569 3316 624 καὶ
3339 570 3496 640 ὑμεῖς
3519 570 3576 622 ἐν
3597 571 3720 630 ταῖς

2126 652 2392 724 θλίψεσιν.
2420 656 2632 729 ’Ὠσπερ
2659 657 2714 712 δὲ
2750 661 2868 714 ἐκεῖ
2885 661 2948 714 οὐ
2973 661 3072 732 τῆς
3093 661 3188 715 τοῦ
3217 661 3386 732 πυρὸς
3415 658 3630 730 φύσεως
3658 657 3721 711 τὺ

2124 741 2424 812 δροσίζειν,
2459 744 2598 800 ἀλλά
2645 747 2740 800 τοῦ
2789 748 3110 821 Πνεύματος
3155 750 3248 804 τοῦ
3289 746 3717 820 διασυρὶζοντος·

2123 828 2267 891 οὕτω
2301 830 2394 884 καὶ
2425 832 2682 897 ἐνταῦθα,
2719 835 2781 887 οὐ
2815 835 2915 906 τῆς
2950 838 3170 906 φύσεως
3210 839 3309 910 τῆς
3367 837 3602 907 θλίψεως
3661 835 3722 888 το

2122 919 2223 993 τὴν
2245 921 2423 992 χαρὰν
2449 922 2676 989 τίκτειν,
2694 925 2831 979 ἀλλά
2855 927 2948 980 τοῦ
2977 928 3065 983 διὰ
3089 929 3179 985 τὸν
3205 928 3441 1001 Χριστὸν
3469 929 3716 998 πάσχειν,

2123 1011 2216 1063 καὶ
2242 1010 2339 1064 τοῦ
2390 1010 2708 1083 Πνεύματος
2740 1016 2835 1068 τοῦ
2867 1014 3230 1086 δροσίζοντος.
3262 1018 3357 1072 καὶ
3383 1007 3474 1070 δι’ὁι
3500 1016 3600 1085 τῆς
3623 1033 3718 1068 κα-

2125 1099 2284 1169 μίνου
2309 1099 2418 1153 τῶν
2445 1101 2770 1172 πειρασμῶν
2800 1104 2859 1157 ἐν
2889 1104 3072 1159 ἀνέσει
3101 1105 3397 1170 ποιοῦντος.
3433 1105 3594 1160 Μετὰ
3623 1122 3719 1172 χυ-

2114 1187 2251 1256 ρᾶς,
2297 1188 2484 1259 φησὶν,
2514 1189 2613 1261 οὐχ
2655 1189 2868 1259 ἁπλῶς,
2922 1191 3063 1246 ἀλλά
3113 1192 3318 1263 πολλῆς
3345 1210 3358 1222 ·
3403 1193 3563 1246 τοῦτο
3611 1193 3718 1262 γάρ

2121 1276 2240 1330 ἐστι
2289 1278 2638 1347 Πνεύματος
2687 1279 2883 1349 ἁγίου.
2909 1280 3094 1334 ’Ὥστε
3127 1281 3409 1351 γενέσθαι
3435 1280 3592 1348 ὑμᾶς
3618 1280 3717 1332 τύ-

2121 1381 2277 1431 πους
2304 1364 2457 1421 πᾶσι
2508 1367 2636 1434 τοῖς
2679 1369 3084 1424 πιστεύουσιν
3246 1368 3321 1438 τῇ
3378 1367 3714 1430 Μακεδονίᾳ

2120 1453 2222 1505 καὶ
2264 1453 2480 1523 Ἀχαΐᾳ.
2522 1455 2634 1508 Kal
2685 1457 2793 1527 μὴν
2813 1457 2872 1512 ἐν
2901 1457 3117 1530 ὑστέρῳ
3150 1454 3284 1530 ἦλθε
3309 1456 3447 1528 πρὸς
3498 1455 3713 1517 αὐτούς’

2121 1541 2238 1594 ἀλλ’
2271 1541 2446 1606 οὕτως
2482 1542 2783 1613 ὲλάμψατε,
2845 1545 3032 1616 φησὶν,
3065 1545 3140 1610 ῶς
3173 1544 3283 1600 τῶν
3331 1543 3716 1616 προλαϐόντων

2121 1631 2373 1698 γενέσθαι
2430 1632 2764 1688 διδάσκαλοι.
2815 1635 2927 1688 Kal
2984 1633 3146 1689 τοῦτο
3197 1633 3576 1690 ἀποστολικόν.
3643 1635 3718 1686 Οὐ

2121 1719 2230 1791 γὰρ
2263 1715 2438 1776 εἶπεν
2477 1722 2640 1776 Ὥστε
2674 1723 2880 1788 τύπους
2915 1724 3169 1794 γενέσθαι
3202 1724 3339 1796 πρὸς
3384 1723 3447 1778 τὸ
3492 1722 3716 1778 πιστεῦ-

2124 1825 2234 1870 σαι,
2283 1808 2418 1863 ἀλλὰ
2447 1813 2556 1873 τοῖς
2587 1811 2689 1883 ἤδη
2719 1811 3035 1865 πιστεύουσι
3064 1812 3234 1874 τύπος
3264 1811 3516 1880 ἐγένεσθε
3539 1826 3550 1838 ·
3593 1829 3717 1865 του-

2121 1899 2296 1952 τέστι’
2331 1900 2454 1965 Πῶς
2483 1901 2567 1954 δεῖ
2618 1901 2897 1956 πιστεύειν
2924 1905 3004 1968 εἱς
3049 1903 3183 1957 Θεὸν
3219 1903 3377 1974 ὑμεῖς
3418 1900 3717 1967 ἐδιδάξατε,

2120 1991 2168 2041 οἱ
2213 1989 2321 2041 ἀπὸ
2347 1989 2650 2062 προοιμίων
2686 1993 2768 2056 εἰς
2790 1992 2918 2056 τοὺς
2945 1992 3164 2062 ἀγῶνας
3199 1991 3492 2061 ἐμϐάντες.
3524 1989 3634 2045 Kal
3651 1990 3720 2043 ἐν

2121 2075 2197 2146 τῇ
2239 2079 2468 2148 Ἀχαίᾳ,
2493 2079 2628 2150 φησί
2655 2096 2668 2109 ο
2698 2080 2969 2143 τουτέστι,
3002 2084 3068 2153 τῇ
3113 2080 3346 2138 Ἑλλάδι.
3393 2080 3558 2152 Ὁρᾷς
3596 2079 3720 2132 ὅσον

2121 2169 2239 2221 ἐστὶ
2273 2169 2554 2240 προθυμία
2581 2187 2594 2236 ;
2627 2170 2748 2224 ’Ὀτι
2786 2171 2981 2241 χρόνου
3010 2172 3072 2225 οὐ
3101 2171 3296 2236 δεῖται,
3354 2170 3476 2226 οὐδὲ
3519 2169 3718 2241 μελλή-

2124 2270 2286 2324 σεως,
2327 2256 2450 2310 οὐδὲ
2483 2256 2755 2326 ἀναϐολῆς
2777 2275 2790 2290 ⁸
2823 2257 2940 2312 ἀλλ’
2987 2260 3149 2330 ἀρκεῖ
3181 2259 3531 2332 παραστῆσαι
3562 2258 3720 2328 μόνον

2122 2344 2340 2410 ἑαυτὸν,
2381 2347 2474 2399 καὶ
2508 2345 2690 2401 πάντα
2715 2347 2965 2418 ῆνυσται,
3037 2347 3197 2400 Οὕτω
3245 2347 3378 2417 γοῦν
3421 2349 3518 2401 καὶ
3573 2344 3719 2399 οὗτοι

2123 2430 2352 2505 ὕστερον
2387 2435 2785 2507 προσελθόντες
2828 2436 2906 2507 τῷ
2951 2435 3296 2508 κηρύγματι,
3343 2435 3453 2490 τῶν
3485 2433 3718 2508 πρώτων

2122 2519 2372 2587 ἐγένοντο
2449 2521 2780 2577 διδάσκαλοι.
2841 2524 3053 2594 Μηδεὶς
3108 2518 3204 2578 οὖν
3257 2523 3715 2593 ἀπογινωσκέτω·

2120 2609 2224 2660 κᾶν
2271 2608 2445 2663 πολὺν
2487 2609 2773 2675 ἀναλώσας
2800 2609 2995 2683 χρόνον
3043 2612 3214 2684 μηδὲν
3249 2613 3630 2684 ἐργασάμενος
3659 2607 3714 2686 ᾗ,

2119 2695 2329 2750 ἔνεστιν
2363 2697 2513 2768 αὐτῷ
2543 2702 2640 2754 καὶ
2665 2699 2754 2753 διά
2787 2698 2988 2772 μικροῦ
3041 2699 3296 2754 τοσοῦτον
3355 2699 3715 2772 ἐργάσασθαι,

2120 2784 2244 2840 ὅσον
2270 2785 2392 2840 οὐδὲ
2419 2788 2476 2840 ἐν
2508 2787 2588 2858 τῷ
2618 2788 2931 2861 ἔμπροσθεν
2963 2789 3166 2862 χρόνῳ.
3196 2789 3257 2842 Εί
3285 2789 3394 2862 γάρ
3428 2792 3457 2843 ὁ
3492 2789 3717 2860 μηδέπω

2121 2874 2444 2940 πιστεύσας,
2496 2873 2752 2932 τοσοῦτον
2784 2876 3032 2948 ἔλαμψεν
3065 2879 3124 2932 ὲν
3149 2877 3314 2950 ἀρχῇ,
3351 2877 3530 2949 πολλῷ
3580 2879 3714 2949 μᾶλ-

2119 2963 2210 3016 λον
2236 2965 2286 3016 οί
2319 2963 2421 3034 ’ήδη
2464 2964 2876 3030 πιστεύσαντες.

2190 3050 2402 3122 Μηδεὶς
2455 3052 2622 3106 πάλιν
2667 3053 2827 3107 τοῦτο
2870 3053 3070 3109 ἐννοῶν
3124 3053 3462 3126 ρᾳθυμείτω,
3519 3053 3710 3125 μαθων

2123 3142 2203 3196 ὅτι
2233 3141 2354 3206 ἐξὸν
2384 3144 2443 3197 ἐν
2477 3139 2672 3215 βραχεῖ
2704 3146 2882 3216 χρόνῳ
2925 3144 2990 3198 τὸ
3025 3147 3133 3201 πᾶν
3174 3144 3624 3215 ἀνακτήσασθαι·
3657 3146 3716 3198 τὸ

2127 3231 2239 3301 γὰρ
2278 3229 2472 3302 μέλλον
2497 3228 2714 3303 ἄδηλον,
2746 3231 2841 3286 καὶ
2872 3231 3114 3305 κλέπτης
3151 3233 3301 3287 ἐστὶν
3335 3234 3370 3302 ή
3403 3233 3589 3305 ἡμέρα
3616 3233 3714 3285 τοῦ

2130 3319 2364 3389 Κυρίου,
2388 3319 2584 3390 ἁθρόον
2612 3321 2746 3391 ἡμῖν
2771 3319 3126 3376 καθεύδουσιν
3171 3320 3526 3392 ἐπιτιθεμένη
3552 3338 3565 3351 ο
3599 3320 3714 3374 ἀλλ’

2122 3405 2219 3460 ἐὰν
2245 3406 2322 3478 μὴ
2353 3406 2726 3480 καθεύδωμεν,
2743 3409 2842 3480 οὐχ
2856 3409 2933 3474 ὼς
2949 3408 3190 3480 κλέπτης
3212 3412 3345 3481 ἡμῖν
3367 3409 3712 3481 ἐπιθήσεται,

2122 3494 2244 3548 οὐδὲ
2262 3496 2788 3566 ἀπαρασκευάστους
2811 3497 3036 3563 ἀπάξει.
3072 3498 3200 3552 Ἐὰν
3220 3500 3329 3570 γὰρ
3351 3496 3718 3570 γρηγορῶμεν

2124 3585 2222 3637 καὶ
2257 3584 2540 3654 νήφωμεν,
2576 3584 2764 3640 οὐκέτι
2798 3587 2930 3657 ἡμῖν
2962 3586 3038 3650 ὡς
3081 3586 3323 3657 κλέπτης
3373 3586 3713 3659 ἐπιθήσεται,

2126 3670 2246 3725 ἀλλ’
2277 3671 2354 3735 ὡς
2383 3671 2618 3741 ἄγγελος
2661 3671 2940 3743 βασιλικὸς
2971 3672 3152 3728 καλῶν
3175 3676 3322 3745 ἡμᾶς
3352 3676 3446 3729 ἐπὶ
3474 3676 3544 3728 τὰ
3572 3677 3712 3746 ἡτοι-

2127 3760 2394 3832 μασμένα
2423 3759 2556 3831 ἡμῖν
2583 3759 2766 3830 ἀγαθά
2787 3778 2803 3793 ·
2852 3760 2918 3815 ἂν
2947 3762 3004 3816 δὲ
3051 3761 3428 3835 καθεύδωμεν,
3466 3763 3544 3828 ὡς
3594 3765 3714 3817 κλέ-

2127 3859 2271 3919 πτης
2319 3847 2628 3918 ἐφίσταται.
2666 3848 2873 3918 Μηδεὶς
2918 3849 3098 3903 τοίνυν
3148 3848 3480 3914 καθευδέτω,
3528 3850 3716 3920 μηδεὶς

2125 3937 2296 4007 ἀργὸς
2341 3935 2482 3990 ἔστω
2522 3937 2658 4008 πρὸς
2708 3938 2944 4008 ἀρετήν·
2998 3937 3156 3991 τοῦτο
3184 3937 3294 4009 γάρ
3334 3938 3483 3991 ἐστιν
3529 3937 3714 4003 ὐπνος.

2127 4021 2241 4073 Οὐκ
2277 4022 2416 4088 ἴστε,
2450 4019 2580 4074 ὅταν
2609 4019 2983 4090 καθεύδωμεν,
3018 4021 3135 4087 πῶς
3167 4022 3267 4075 οὐκ
3295 4021 3442 4076 ἔστιν
3465 4023 3522 4075 ἐν
3543 4023 3718 4093 ἀσφα-

2125 4107 2210 4162 λεῖ
2235 4109 2305 4162 τά
2334 4108 2604 4180 ἡμέτερα,
2626 4108 2745 4172 πῶς
2779 4108 3236 4174 εὐεπιϐούλευτα;
3269 4111 3399 4163 ὅταν
3426 4109 3484 4164 δὲ
3507 4127 3715 4181 γρηγο-

2129 4198 2339 4272 ρῶμεν,
2367 4199 2429 4253 οὐ
2457 4199 2540 4252 δεῖ
2567 4197 2843 4270 τοσαύτης
2866 4193 3000 4269 ἡμῖν
3022 4199 3291 4270 φυλακῆς.
3329 4200 3500 4253 Ὅταν
3521 4199 3718 4253 καθεύ-

2125 4287 2329 4359 δωμεν,
2365 4287 2457 4340 καὶ
2490 4285 2629 4356 μετά
2670 4286 2874 4357 πολλῆς
2902 4285 3154 4356 φυλακῆς
3197 4285 3554 4359 ἀπολλύμεθα
3588 4288 3718 4342 πολ-

2126 4375 2315 4440 λάκις·
2340 4377 2440 4431 καὶ
2473 4374 2641 4444 θύραι·
2673 4375 2767 4430 καὶ
2798 4375 2990 4445 μοχλοὶ
3023 4375 3120 4428 καὶ
3166 4375 3408 4444 φύλακες
3445 4377 3539 4430 καὶ
3581 4395 3715 4447 προ-

2128 4464 2391 4535 φύλακες,
2425 4462 2522 4517 καὶ
2567 4463 2719 4535 ὅμως
2753 4463 3078 4536 ἐπεισῆλθεν
3106 4466 3140 4518 ἀ
3180 4465 3422 4536 κλέπτης
3466 4468 3516 4521 ⁸.
3553 4466 3619 4519 Τί
3652 4465 3715 4535 δὴ

2127 4556 2298 4612 ταῦτα
2324 4555 2503 4626 λέγω;
2533 4556 2654 4611 Ὅτι
2677 4555 2746 4611 ἂν
2775 4555 3170 4629 γρηγορῶμεν,
3193 4558 3256 4613 οὐ
3291 4557 3598 4629 δεησόμεθα
3619 4559 3716 4628 τῆς

2128 4644 2332 4715 ἐτέρων
2365 4643 2620 4716 βοηθείας
2644 4659 2658 4676 ’
2697 4644 2764 4700 ἀν
2802 4644 2860 4698 δὲ
2895 4643 3270 4717 καθεύδωμεν,
3309 4646 3462 4700 οὐδὲν
3501 4647 3650 4716 ἡμᾶς
3683 4647 3714 4714 ἡ

2128 4733 2333 4805 ἐτέρων
2362 4734 2549 4805 ὀνήσει
2580 4733 2828 4806 βοήθεια,
2857 4733 2996 4788 ἀλλά
3035 4733 3131 4788 καὶ
3164 4734 3280 4806 μετ’
3307 4733 3525 4804 ἐκείνης
3552 4733 3717 4785 ἀπολ-

2126 4822 2362 4894 λύμεθα.
2411 4821 2594 4877 Καλὸν
2646 4823 2812 4894 εὐχῆς
2868 4821 3165 4877 ἀπολαύειν
3211 4824 3311 4892 τῆς
3358 4819 3471 4874 τῶν
3520 4821 3712 4888 ἁγίων,

2126 4911 2265 4976 ἀλλ’,
2293 4912 2424 4965 ὅταν
2455 4911 2551 4965 καὶ
2581 4911 2735 4965 αὐτοὶ
2775 4911 2989 4983 ἐνεργοὶ
3027 4905 3199 4981 ὦμεν.
3233 4909 3344 4964 Καὶ
3393 4908 3444 4961 τί
3473 4927 3563 4979 μοι
3613 4909 3714 4970 δεῖ.

2127 5000 2316 5070 φησὶν,
2341 4999 2508 5070 εὐχῆς
2536 4999 2638 5069 τῆς
2679 5001 2812 5071 παρ’
2855 4999 3080 5071 ἐτέρων,
3125 4998 3254 5052 ὅταν
3279 4997 3500 5068 ἐνεργὸς
3525 4990 3593 5063 ὦ,
3622 4999 3714 5051 καὶ

2129 5089 2204 5160 μὴ
2235 5088 2574 5160 καταστήσω
2617 5087 2856 5158 ἐμαυτὸν
2897 5087 2957 5140 ἐν
3007 5087 3204 5158 χρείᾳ;
3251 5082 3401 5157 [450]
3437 5084 3570 5138 Οὐδὲ
3607 5084 3716 5154 ἐγὼ

2125 5175 2423 5247 βούλομαι*
2452 5175 2570 5228 ἀλλ’
2594 5176 2682 5228 ἀεὶ
2704 5176 2762 5227 ἐν
2788 5175 2949 5247 χρείᾳ
2969 5174 3160 5245 ἐσμὲν,
3189 5173 3288 5229 ἐὰν
3315 5169 3376 5228 εὖ
3401 5172 3713 5244 φρονῶμεν.

2122 5267 2336 5332 Παῦλος
2369 5267 2470 5322 οὐκ
2504 5262 2649 5324 εἷπε·
2683 5267 2751 5320 Τί
2791 5284 2880 5337 μοι
2922 5266 3005 5320 δεῖ
3033 5267 3234 5336 εὐχῆς;
3263 5265 3442 5320 καίτοι
3489 5281 3552 5333 γε
3606 5266 3716 5318 τῶν

2121 5355 2438 5428 εὐχομένων
2472 5357 2575 5410 οὐκ
2615 5356 2786 5410 ὄντων
2816 5355 2986 5422 ἀξίων
3014 5354 3208 5418 αὐτοῦ,
3250 5355 3456 5426 μᾶλλον
3494 5354 3551 5407 δὲ
3595 5354 3714 5408 οὐδὲ

2121 5445 2257 5499 ι’σων
2280 5447 2300 5475 ’λ
2330 5445 2426 5498 καὶ
2456 5444 2521 5498 σύ
2567 5443 2766 5513 λέγεις·
2801 5443 2866 5496 Τί
2893 5461 2984 5514 μοι
3023 5443 3106 5496 δεῖ
3127 5442 3326 5515 εὐχῆς;
3370 5438 3578 5513 Πέτρος
3614 5445 3715 5496 οὐκ

2120 5530 2265 5588 εἷπε·
2301 5533 2367 5588 Τί
2404 5547 2494 5604 μοι
2519 5533 2600 5587 δεῖ
2630 5533 2798 5606 εὐχῆς
2819 5551 2834 5596 ;
2859 5532 3030 5602 Εὐχή
3059 5532 3168 5603 7&9
3199 5527 3290 5602 ἦν,
3336 5531 3524 5601 φησιν,
3553 5530 3715 5586 ἐκτε-

2118 5619 2236 5689 riu-
2262 5620 2546 5691 γινομένη
2581 5621 2701 5675 ὑπὸ
2731 5618 2842 5688 τῆς
2875 5619 3240 5688 Ἑκκλησίας
3266 5617 3418 5687 πρὸς
3443 5618 3550 5673 τὸν
3569 5619 3716 5674 Θεὸν

2187 5799 2212 5826 ⁸
2238 5795 2551 5852 Colbctliuus
2574 5795 2724 5856 idem,
2771 5797 3006 5854 τοσαύτης
3029 5797 3255 5855 φυλακῆς.
3289 5797 3426 5845 ΙΙόσα
3472 5796 3596 5844 τισὶν
3637 5796 3713 5844 ἐπ-

2121 5861 2288 5923 ινήθη
2312 5860 2429 5923 πρρς
2452 5860 2694 5923 φυλακήν;
2723 5859 2824 5907 οἷον
2847 5859 2998 5923 θύραι,
3023 5860 3211 5920 μοχλοί,
3254 5859 3455 5923 φύλακες
3499 5859 3579 5923 καὶ
3601 5873 3710 5918 προ-

2121 5921 2360 5980 φύλακες.
2377 5921 2505 5971 Ἀλλ’
2529 5922 2658 5984 ὅμως
2693 5924 2771 5970 καὶ
2799 5921 2918 5984 μετὰ
2939 5924 3174 5980 τοσαύτης
3199 5922 3279 5982 φυ)
3289 5927 3409 5980 ακῆς
3426 5921 3500 5970 ἐπ.
3530 5921 3558 5970 ὁ
3579 5925 3654 5971 κ).
