4140 6510
2037 224 2055 230 "
2112 226 2161 237 ορ

495 353 598 411 597

495 472 646 540 ὑπὲρ
680 470 867 525 αὐτοῦ
893 487 906 500 ⁸
941 470 1037 523 καλ⁵
1068 470 1132 523 σὺ
1162 469 1360 538 λέγεις’
1391 468 1456 521 Τί
1498 484 1588 538 μοι
1615 465 1695 519 δεῖ
1733 462 1933 534 εὐχῆς;
1962 461 2061 514 Διά

491 562 651 615 ⁸τοῦτό
675 577 756 614 σοι
783 560 883 626 δεῖ,
908 560 1094 630 ἐπειδὴ
1120 559 1361 629 νομίζεις
1391 558 1557 629 μηδὲν
1586 555 1817 610 δεῖσθαι.
1847 554 1965 609 Κᾶν
1992 553 2067 618 ῶς

494 647 704 711 Παῦλος
727 647 879 717 γένῃ,
907 647 1094 717 χρείαν
1128 646 1273 717 ἔχεις
1311 644 1499 715 εὐχῆς.
1543 644 1635 715 Μὴ
1671 642 1808 713 ὕψου
1849 642 2065 706 σαυτὸν,

493 734 580 787 ἵνα
615 733 688 805 μὴ
718 733 1081 805 ταπεινωθῇς.
1126 732 1266 786 Ἀλλ’
1304 734 1440 808 ὅπερ
1472 732 1629 802 ἔφην,
1675 731 1742 785 ἂν
1774 730 1872 802 μὲν
1919 732 2067 800 ἐνερ-

490 823 576 887 γοὶ
605 815 755 891 ὦμεν
776 822 870 874 καὶ
895 822 1071 884 αὐτοὶ,
1101 820 1326 875 ἀνύουσι
1349 821 1443 874 καὶ
1461 823 1517 875 αί
1544 820 1684 889 ὑπὲρ
1712 818 1865 890 ὑμῶν
1887 818 2062 887 εύχαί.

492 911 689 961 νΑκουε
745 908 962 962 Παύλου
1013 909 1300 978 λέγοντος·
1346 905 1492 963 Οἶδα
1543 908 1677 978 γὰρ,
1731 907 1933 977 φησὶν,
1976 906 2064 958 ὅτι

486 996 665 1049 τοῦτό
678 1014 781 1065 μοι
809 996 1179 1066 ἀποϐήσεται
1201 999 1291 1063 εἰς
1323 997 1625 1066 σωτηρίαν
1645 994 1743 1049 διὰ
1770 993 1881 1060 τῆς
1904 991 2064 1062 ὑμῶν

485 1083 752 1151 δεήσεως
788 1085 887 1139 καὶ
928 1086 1317 1155 ἐπιχορηγίας
1346 1085 1452 1139 τοῦ
1487 1084 1831 1153 Πνεύματος
1869 1081 2062 1147 Ἰησοῦ

484 1170 773 1239 Χριστοῦ⁸
808 1172 904 1225 καὶ
932 1172 1119 1226 πάλιν⁸
1168 1173 1303 1227 Ἵνα
1341 1172 1410 1224 ἐκ
1451 1169 1698 1225 πολλῶν
1726 1167 2064 1236 προσώπων

484 1260 670 1326 τὸείς
714 1258 873 1329 ἡμᾶς
914 1259 1180 1329 χάρισμα
1214 1258 1313 1312 διὰ
1361 1255 1610 1311 πολλῶν
1654 1254 2063 1324 εὐχαριστηθῇ

484 1344 638 1413 ὑπὲρ
665 1345 856 1415 ἡμῶν.
889 1348 1000 1399 Καὶ
1034 1349 1098 1400 σὺ
1137 1346 1335 1413 λέγεις·
1378 1344 1441 1395 Τί
1479 1359 1569 1413 μοι
1608 1342 1689 1395 δεῖ
1724 1341 1926 1411 εὐχῆς;
1960 1342 2059 1394 Ἀν

481 1432 540 1485 δὲ
569 1433 850 1503 ἀργῶμεν,
884 1433 1058 1497 οὐδεὶς
1096 1434 1243 1502 ἡμᾶς
1267 1431 1561 1501 εὐχόμενος
1589 1429 1784 1498 ὀνῆσαι
1829 1429 2056 1500 δυνήσε-

479 1535 589 1573 ται.
624 1519 689 1571 Τί
737 1519 1020 1588 ὠφέλησεν
1077 1518 1354 1590 Ἱερεμίας
1406 1518 1533 1581 τοῦς
1587 1516 1906 1584 Ἰουδαίουςς
1939 1517 2059 1586 οὐχὶ

478 1606 662 1676 τρίτον
695 1606 971 1677 προσῆλθε
1018 1605 1097 1677 τῷ
1134 1606 1275 1677 Θεῷ,
1321 1605 1417 1659 καὶ
1467 1604 1649 1675 τρίτον
1685 1606 1904 1675 ἤκουσε·
1956 1604 2055 1671 Μὴ

479 1693 820 1761 προσεύχου
866 1692 1023 1763 μηδὲ
1063 1693 1238 1757 ἀξίου
1286 1692 1438 1761 ὑπὲρ
1484 1692 1590 1746 τοῦ
1614 1692 1767 1745 λαοῦ
1816 1691 2053 1757 τούτου,

478 1780 568 1834 ὅτι
594 1783 704 1834 οὐκ
738 1782 1175 1851 είσακούσομαί
1210 1798 1361 1846 σου;
1393 1781 1456 1833 Τί
1484 1780 1735 1851 ὠφέλησε
1763 1779 1852 1833 τὸν
1883 1779 2054 1832 Σαοὺλ

477 1868 506 1920 6
547 1868 837 1939 Σαμουήλ;
882 1870 1001 1939 οὐχὶ
1051 1869 1244 1940 μέχρις
1285 1869 1523 1939 ἐσχάτης
1574 1868 1791 1939 ἡμέρας
1836 1866 2053 1921 ἐπένθει

476 1955 606 2025 περὶ
646 1956 832 2021 αὐτοῦ,
868 1957 967 2026 οὐχ
992 1957 1179 2019 ἁπλῶς
1219 1954 1415 2026 ηὔχετο
1461 1956 1652 2027 μόνον;
1698 1955 1763 2007 Τί
1802 1954 2051 2025 ὠφέλησε

473 2040 599 2105 τοῦς
662 2041 1030 2115 Ἰσραηλίτας;
1078 2044 1213 2112 Οὐχὶ
1261 2043 1468 2110 ἐλεγεν⁸
1520 2042 1680 2111 Ἐμοί
1728 2041 1795 2094 δὲ
1838 2041 1926 2111 μὴ
1961 2042 2052 2112 γέ-

471 2146 637 2183 νοιτο
649 2130 933 2199 ἁμαρτεῖν
952 2131 1311 2186 διαλιπόντα
1330 2131 1509 2198 εὐχά..
1522 2145 1666 2183 ενον
1680 2129 1831 2197 ὑπὲρ
1852 2129 2017 2199 ὑμῶν
2029 2146 2049 2194 ;

471 2216 593 2285 οὐχὶ
624 2218 822 2281 πάντες
853 2217 1173 2283 ἀπώλοντο;
1204 2218 1370 2270 Ούδέν
1399 2214 1491 2271 οὖν
1532 2215 1828 2285 ὠφελοῦσι,
1862 2219 2047 2286 φησὶν,

471 2304 528 2357 αἱ
552 2304 743 2373 εὐχαίς
785 2304 1066 2373 Ὠφελοῦσι
1094 2306 1185 2358 καὶ
1209 2304 1440 2374 μεγάλα,
1463 2302 1577 2357 ἀλλ’
1608 2304 1734 2356 ὅταν
1763 2304 1858 2356 καὶ⁵
1889 2305 2049 2374 ἡμεῖς

471 2391 803 2463 πράττωμέν
838 2409 892 2446 τι
925 2409 938 2423 ⁸
978 2394 1394 2465 συμπράττουσι
1429 2393 1527 2463 μὲν
1555 2391 1661 2462 γὰρ
1686 2392 1741 2444 αἱ
1766 2392 1925 2462 εὐχαὶ
1954 2394 2049 2446 καὶ

471 2474 759 2548 βοηθοῦσι⁸
799 2480 1146 2550 συμπράττει
1191 2480 1248 2532 δέ
1302 2496 1385 2543 τις
1440 2480 1534 2533 καὶ
1586 2479 1771 2549 βοηθεῖ
1824 2478 1904 2549 τῷ
1956 2480 2047 2533 καὶ

470 2565 620 2636 αὐτῷ
646 2567 1033 2638 ἐργαζομένην
1066 2569 1130 2623 ἂν
1163 2568 1219 2621 δὲ
1259 2567 1429 2639 ἀργὸς
1471 2566 1660 2637 μένῃς,
1703 2566 1856 2619 οὐδὲν
1903 2568 2047 2639 μέγα

466 2653 823 2730 ὠφεληθήσῃ.

533 2742 595 2795 δ’.
615 2743 765 2797 Ἐπεὶ
788 2746 837 2797 εί
867 2744 1049 2815 ίσχυον
1074 2745 1129 2800 αί
1147 2745 1303 2815 εὐχαὶ
1320 2747 1621 2818 ἀργοῦντας
1651 2747 1796 2819 ἡμᾶς
1819 2749 2042 2817 εἰσαγα-

465 2831 582 2897 γεῖν
612 2832 695 2894 είς
723 2832 823 2901 τὴν
870 2833 1171 2903 βασιλείαν,
1204 2835 1292 2887 διὰ
1336 2834 1414 2887 τί’
1438 2834 1513 2906 μὴ
1556 2838 1754 2899 πάντες
1784 2835 2044 2905 ’Έλληνες

465 2918 707 2985 γίνονται
743 2921 1100 2990 Χριστιανοί;
1149 2924 1270 2993 οὐχὶ
1297 2924 1439 2995 ὑπὲρ
1467 2924 1670 2988 παντὸς
1706 2924 1799 2978 τοῦ
1834 2925 2040 2994 κόσμου

465 3005 773 3075 εὐχόμεθα;
816 3007 936 3078 οὐχὶ
958 3010 1052 3062 καὶ
1079 3009 1289 3073 Παῦλος
1316 3011 1478 3064 τοῦτο
1510 3012 1712 3077 ἐποίει;
1746 3012 1869 3083 οὐχὶ
1906 3015 2043 3065 πάν-

463 3108 561 3155 τας
590 3092 848 3164 ἀξιοῦμεν
875 3097 1307 3167 ἐπιστραφῆναη
1339 3097 1476 3150 Εἰπὲ
1505 3098 1634 3169 γάρ,
1662 3098 1749 3152 διά
1770 3099 1823 3151 τί
1855 3101 1903 3152 οί
1935 3116 2036 3151 πο-

463 3180 616 3250 νηροὶ
651 3182 725 3252 μὴ
753 3181 991 3250 γίνονται
1025 3183 1286 3254 χρηστοί;
1325 3181 1433 3255 ἆρα
1474 3185 1594 3255 οὐχὶ
1622 3185 1799 3256 δῆλον,
1835 3188 1914 3239 ὅτι
1952 3187 2041 3240 διὰ

463 3269 522 3322 τὸ
551 3270 626 3341 μὴ
656 3270 916 3325 δύνασθαι
945 3285 970 3313 ι
1012 3273 1140 3343 παρ’
1175 3273 1382 3326 ἑαυτῶν
1423 3291 1475 3326 τι
1517 3277 1877 3341 είσενεγκεὶν;
1921 3278 2036 3330 Με-

461 3357 602 3425 γάλα
628 3358 808 3412 τοίνυν
848 3359 1150 3427 ὠφελοῦσιν
1191 3362 1246 3413 αί
1277 3360 1453 3430 εὐχαὶ,
1485 3362 1613 3414 ὅταν
1646 3362 1740 3415 καὶ
1786 3364 1941 3433 ἡμεῖς
1969 3363 2039 3417 τά

462 3444 591 3515 παρ’
630 3445 838 3499 έαυτῶν
876 3449 1236 3517 είσφέρωμεν.
1293 3447 1481 3500 Βούλει
1530 3450 1718 3518 μαθεῖν
1764 3449 1863 3502 ὅσα
1890 3451 2035 3519 ὠφέ-

460 3531 631 3602 λησαν
663 3532 816 3603 εὐχαί
838 3550 852 3599 ;
876 3534 1047 3586 ἐννόει
1080 3551 1169 3603 μοι
1186 3534 1273 3587 τὸν
1298 3535 1623 3605 Κορνήλιον,
1642 3537 1739 3604 τὴν
1763 3536 2001 3592 Ταϐιθάν
2020 3554 2031 3566 ·

459 3624 623 3676 ἄκουε
655 3623 711 3676 δὲ
748 3624 842 3677 καὶ
882 3622 977 3677 τοῦ
1021 3622 1214 3677 Ἰακὼό
1244 3623 1490 3694 λέγοντος
1519 3624 1654 3695 πρὸς
1687 3625 1777 3679 τὸν
1809 3624 1993 3681 Λάόαν
2016 3642 2030 3657 ⁸

455 3712 523 3765 Et
542 3710 630 3781 μὴ
656 3715 690 3767 ό
710 3712 894 3781 φόϐος
922 3712 1028 3766 τοῦ
1051 3717 1273 3781 πατρός
1298 3733 1412 3783 μου
1444 3709 1524 3784 ἦν
1547 3733 1670 3783 μοι,
1705 3713 1822 3770 νῦν
1859 3715 1937 3770 ἄν
1957 3734 2035 3786 με

460 3798 645 3852 κενὸν
690 3799 1127 3866 ἐξαπέστειλας
1150 3817 1165 3831 ⁸
1195 3803 1357 3856 ἄκουε
1388 3803 1443 3855 δὲ
1470 3805 1563 3856 καὶ
1586 3803 1676 3857 τοῦ
1708 3804 1843 3857 Θεοῦ
1872 3805 2033 3858 πάλιν

459 3883 707 3953 λέγοντος
725 3902 739 3917 ⁸
784 3886 1149 3954 Ὑπερασπιῶ
1170 3887 1277 3958 τῆς
1312 3892 1543 3955 πόλεως
1571 3892 1790 3958 ταύτης
1809 3893 1882 3944 δι’
1904 3892 2029 3958 ἐμὲ,

460 3971 558 4025 καί
588 3970 686 4025 διὰ
716 3973 897 4029 Δαυῒδ
926 3975 1032 4029 τὸν
1059 3976 1240 4029 παῖδὰ
1272 3996 1411 4046 μου.
1467 3978 1628 4032 Ἀλλά
1681 3979 1840 4045 πότε;
1903 3980 2026 4033 Ἐπὶ

472 4059 714 4124 Ἐζεκίου
744 4061 954 4115 δικαίου
987 4062 1157 4127 ὄντος.
1203 4065 1357 4117 Ἐπεὶ
1389 4063 1443 4117 εί
1464 4080 1526 4132 γε
1551 4065 1735 4135 ἴσχυον
1756 4066 1913 4136 εὐχαὶ
1939 4069 2031 4122 καὶ

458 4149 683 4204 ἐπὶτῶν
709 4151 916 4223 σφόδρα
947 4150 1219 4223 πονηρῶν,
1251 4140 1338 4206 διὰ
1373 4152 1427 4205 τί
1458 4153 1532 4223 μὴ
1566 4153 1678 4219 καὶ,
1728 4154 1816 4208 ὅτε
1860 4157 1889 4209 6
1915 4157 2031 4210 N0-

457 4235 838 4309 ϐουχοδονόσορ
865 4234 1050 4311 ἦλθεν,
1085 4236 1206 4295 εἷπε
1241 4239 1400 4294 τοῦτο
1419 4242 1446 4294 6
1478 4241 1628 4307 Θεὸς,
1653 4242 1767 4297 ἄλλ’
1799 4244 2028 4310 ἐξέδωκε

453 4323 552 4395 τὴν
583 4324 774 4392 πόλιν;
812 4327 1030 4399 Ἐπειδὴ
1068 4327 1253 4398 μεῖζον
1303 4329 1521 4399 ἴσχυσεν
1565 4332 1882 4402 ήπονηρία.
1916 4334 2028 4387 Πά-

454 4410 537 4465 λιν
560 4414 721 4477 αύτδς
748 4407 900 4479 οὗτος
924 4417 952 4469 6
990 4416 1243 4487 Σαμουὴλ
1275 4414 1478 4486 ηὔξατο
1511 4419 1653 4491 ὑπὲρ
1671 4419 1780 4473 τῶν
1814 4420 2026 4494 Ἰσραη-

452 4499 633 4568 λιτῶν,
663 4502 756 4555 καὶ
786 4502 983 4574 ἧνυσεν
1006 4518 1021 4532 ⁸
1056 4503 1193 4557 ἀλλά
1230 4504 1361 4557 πότε
1383 4522 1397 4571 ;
1423 4506 1549 4559 Ὀτε
1580 4509 1673 4561 καὶ
1710 4508 1866 4563 αὐτοὶ
1894 4510 2025 4580 εὐη-

454 4589 701 4659 ρέστουν,
758 4591 881 4645 τότε
927 4590 1273 4661 ἐτροπώσατο
1318 4595 1444 4658 τοὺς
1492 4594 1739 4667 ἐχθρούς.
1776 4598 1885 4651 Καὶ
1938 4599 2022 4662 τίς

452 4676 627 4747 χρεία,
658 4679 809 4749 φησὶ,
850 4677 999 4751 [451]
1022 4679 1120 4750 τῆς
1154 4682 1284 4752 παρ’
1313 4682 1499 4753 ἐτέρου
1532 4684 1721 4754 εύχῆς,
1756 4686 1885 4739 ὅταν
1910 4686 2023 4755 ἐγὼ

451 4764 762 4835 εὐαρεστῶ;
797 4766 1082 4837 Μηδέποτε
1111 4766 1267 4822 τοῦτο
1289 4768 1470 4841 εἴπῃς,
1512 4770 1785 4843 ἄνθρωπε.
1824 4775 2017 4844 Χρεία,

450 4854 543 4906 καὶ
573 4854 769 4925 πολλῆς
803 4854 963 4925 χρεία
998 4856 1164 4927 εὐχῆς
1181 4873 1196 4889 ⁸
1229 4856 1390 4911 ἄκουε
1418 4858 1527 4930 γάρ
1546 4860 1642 4913 τοῦ
1668 4860 1803 4914 Θεοῦ
1831 4863 2019 4931 λέγον-

447 4956 538 5002 τος
576 4941 704 5009 περὶ
736 4941 844 4994 τῶν
893 4942 1062 5011 φίλων
1097 4942 1191 4996 τοῦ
1256 4943 1404 4997 Ἰώσ·
1456 4946 1567 5000 Καὶ
1596 4948 2015 5015 προσεύξεται,

446 5028 600 5095 φησὶ,
621 5029 755 5095 περὶ
778 5028 967 5099 ὑμῶν,
990 5030 1089 5084 καί
1116 5031 1482 5102 ἀφεθήσεται
1510 5034 1653 5104 ὑμῖν
1673 5036 1712 5102 ή
1739 5036 2013 5104 ἁμαρτία·

446 5114 631 5186 ἐπειδὴ
684 5116 934 5188 ἥμαρτον
984 5118 1103 5189 μὲν,
1154 5121 1252 5192 οὐχ
1309 5122 1585 5193 ἁμαρτίαν
1638 5122 1695 5176 δὲ
1749 5124 2011 5193 μεγάλην.

468 5202 594 5254 Ἀλλ’
645 5205 808 5267 αὐτὸς
857 5201 1012 5268 οὗτος
1049 5208 1078 5259 6
1115 5207 1321 5271 δίκαιος
1366 5211 1394 5262 6
1438 5207 1616 5271 σώσας
1652 5210 1780 5274 τοῦς
1826 5210 2014 5280 φίλους

442 5289 604 5343 αὑτοῦ
653 5292 775 5345 τότε
823 5293 930 5347 ἀπὸ
958 5294 1141 5364 εὐχῆς,
1191 5298 1250 5351 ἐν
1280 5295 1357 5366 τῷ
1408 5298 1585 5369 καιρῷ
1629 5297 1707 5367 τῷ
1735 5298 2013 5371 Ἰουδαῖκῷ

440 5376 539 5429 οὐκ
567 5378 804 5448 ἠδυνήθη
852 5378 1023 5435 σῶσαι
1071 5383 1199 5446 τοὺς
1253 5382 1537 5447 Ἰουδαίους
1579 5385 2007 5456 ἀπολλυμένους.

1225 352 1281 406 S.
1322 345 1602 406 JOANMS
1640 336 2121 402 (ΖΙΙΙὶΥξΟΒΊύΜΙ
2159 341 2478 399 ARCIIIEP.
2515 345 3062 407 CONS'I‘ANTINOP.

3629 358 3735 415 398

2169 460 2343 528 tépac;
2362 480 2375 493 ⁸
2401 463 2609 532 ἐπειδὴ
2637 468 3051 538 ὑπερίσχυσεν
3098 472 3134 539 ἡ
3179 471 3359 523 κακία
3386 488 3398 501 ⁸
3432 473 3525 525 καὶ
3554 474 3743 539 πάλιν,

2184 551 2324 604 Ἐὰν
2360 552 2482 621 στῇ
2521 555 2806 625 Μωυσῆς,
2837 561 2935 613 καί
2980 560 3285 629 Σαμουὴλ.
3322 560 3433 614 Καὶ
3475 561 3576 633 ὅρα
3624 564 3745 630 πῶς

2169 638 2303 708 πρὸς
2325 641 2450 705 τοὺς
2476 641 2569 696 δύο
2595 647 2879 716 προφήτας
2902 648 3063 702 τοῦτο
3087 648 3325 717 λέγεται,
3348 649 3535 722 ἐπειδὴ
3563 651 3745 721 ἀμφό-

2165 742 2312 796 τεροι
2346 728 2586 796 ἠξίωσαν
2616 732 2756 803 ὑπὲρ
2796 735 2995 801 αὐτῶν,
3032 736 3125 790 καὶ
3156 737 3255 790 οὐκ
3298 736 3583 807 ἐπέτυχον.
3630 738 3745 791 Καὶ

2164 811 2271 882 γάρ
2298 816 2326 867 6
2365 816 2624 888 Ἰεζεκιὴλ
2652 820 2839 892 ἐπειδὴ
2870 821 3074 882 ἔλεγεν·
3126 824 3317 891 Οἵμοι,
3356 826 3534 892 Κύριε
3553 825 3575 878 .'
3598 824 3739 889 ἐξα-

2160 900 2392 967 λείφεις
2420 902 2502 956 σὺ
2518 904 2584 957 τὸ
2612 906 2985 962 κατάλοιπον
3014 908 3123 962 τοῦ
3165 908 3489 977 Ἰσραήλιν
3525 914 3554 964 ὁ
3582 911 3740 977 Θεὸς.

2159 983 2333 1054 δηλῶν
2353 988 2434 1041 ὅτι
2458 978 2678 1055 δικαίως
2702 993 2862 1047 τοῦτο
2891 998 3052 1063 ποιεῖ,
3089 996 3185 1050 καὶ
3216 998 3317 1051 οὐκ
3361 996 3528 1051 αὐτοῦ
3568 1015 3741 1052 κατα-

2161 1072 2375 1142 φρονῶν
2406 1076 2466 1128 οὐ
2496 1076 2712 1147 δέχεται
2745 1080 2841 1150 τὴν
2870 1082 3009 1153 ὑπὲρ
3038 1082 3219 1137 αὐτῶν
3258 1085 3489 1148 ίκεσίαν,
3519 1086 3738 1139 δείκνυε

2162 1176 2245 1213 σιν
2267 1161 2415 1233 αὐτῷ
2442 1162 2510 1216 τὰ
2543 1165 2917 1239 ἁμαρτήματα
2953 1169 3155 1235 αὐτῶν,
3190 1173 3477 1243 μονονουχὶ
3521 1173 3695 1242 λέγων
3720 1191 3736 1207 ⁸

2171 1248 2354 1302 Ἱκανὰ
2376 1249 2475 1319 μὲν
2502 1248 2596 1306 οὖν
2622 1254 2714 1307 καὶ
2743 1254 2917 1310 ταῦτά
2949 1273 3007 1310 σε
3028 1260 3213 1312 πεῖσαι
3244 1260 3327 1313 ὅτι
3359 1260 3421 1312 06
3457 1275 3738 1332 καταφρο-

2157 1333 2263 1388 νῶν
2292 1352 2405 1399 σου,
2443 1337 2580 1391 ἀλλά
2624 1340 2713 1393 διά
2743 1342 2841 1405 τὰς
2882 1343 3153 1415 ἁμαρτίας
3192 1346 3371 1400 αὐτῶν
3396 1347 3495 1412 τὰς
3534 1348 3736 1413 πολλάς

2156 1422 2218 1474 06
2263 1421 2492 1493 δέχομαι
2540 1426 2640 1496 τῆν
2690 1429 3004 1500 ἱκετηρίαν
3039 1431 3153 1485 ἀλλ’
3204 1434 3352 1504 ὅμως
3394 1433 3593 1504 ἐπάγει
3638 1440 3734 1491 καὶ

2156 1508 2333 1574 τοῦτο,
2380 1512 2522 1567 Ἐὰν
2552 1512 2672 1582 στῇ
2726 1514 2875 1582 Νῶε,
2899 1519 2996 1572 καὶ
3034 1518 3179 1586 Ἰὼϐ,
3208 1520 3306 1574 καὶ
3343 1522 3587 1589 Δανιὴλ.
3623 1526 3734 1579 Καὶ

2155 1598 2382 1662 εἰκότως
2412 1600 2607 1671 ἐκείνῳ
2638 1602 2840 1673 μᾶλλον
2868 1604 3041 1659 ταῦτα
3070 1606 3237 1676 λέγει,
3278 1608 3467 1681 ἐπειδὴ
3503 1613 3531 1663 ὁ
3562 1612 3733 1667 πολλά

2155 1685 2343 1740 παθὼν
2371 1688 2534 1751 αὐτός
2567 1691 2716 1744 ἐστιν
2742 1731 2755 1743 .
2785 1687 2952 1756 Είπές
2980 1710 3094 1764 μοι,
3123 1694 3310 1765 φησὶν,
3336 1697 3429 1749 ἐπὶ
3469 1697 3730 1768 βολϐίτων

2153 1775 2370 1841 φαγεῖν,
2398 1776 2493 1829 καὶ
2519 1775 2721 1846 ἔφαγον
2742 1796 2753 1807 ⁸
2785 1776 2936 1843 εἶπές
2961 1797 3075 1850 μοι,
3114 1783 3207 1835 καὶ
3237 1782 3549 1856 ἐξυράμην·
3578 1784 3728 1850 εἶπές

2155 1877 2268 1929 μοι,
2310 1863 2406 1916 καὶ
2452 1864 2544 1917 ἐπὶ
2580 1864 2672 1917 τοῦ
2730 1865 2847 1929 ἑνὸς
2903 1866 3141 1938 πλευροῦ
3194 1870 3531 1942 ἐκοιμήθην·
3577 1868 3729 1937 εἶπές

2155 1963 2244 2016 μοι
2291 1948 2356 2001 δι’
2394 1950 2531 2022 ὀπῆς
2562 1952 2797 2018 ἐξελθεῖν
2838 1953 3263 2026 βασταζόμενον,
3319 1958 3412 2011 καὶ
3461 1960 3683 2030 ἐξῆλθον
3708 1977 3722 1992 ⁸

2151 2032 2339 2097 ἔλαϐές
2372 2054 2473 2105 μου
2505 2039 2603 2107 τὴν
2632 2042 2887 2107 γυναῖκα,
2918 2043 3010 2094 καὶ
3036 2038 3192 2105 εἶπές
3223 2060 3313 2114 μοι
3339 2045 3413 2117 μὴ
3437 2047 3724 2117 πενθῆσαι,

2150 2124 2244 2175 καὶ
2297 2124 2397 2178 οῦκ
2425 2126 2737 2197 ἐπένθησα,
2798 2130 2915 2182 ἀλλ’
2957 2131 3164 2201 ἤνεγκα
3204 2132 3502 2200 γενναίως⁸
3555 2138 3722 2206 μυρία

2148 2208 2310 2281 ἕτερα
2334 2214 2678 2286 εἰργασάμην
2702 2217 2770 2270 δι’
2800 2217 2998 2281 αὐτούς
3021 2234 3036 2248 ⁸
3074 2219 3166 2272 καὶ
3194 2219 3304 2287 ἐγώ
3333 2237 3390 2273 σε
3418 2221 3551 2285 ἀξιῶ
3577 2223 3718 2294 ὑπὲρ

2147 2297 2344 2365 αἰετῶν,
2379 2302 2475 2354 καὶ
2506 2302 2565 2355 06
2598 2303 2757 2374 πείθῃ
2783 2322 2797 2371 ;
2836 2306 3060 2368 Δεικνὺς
3086 2306 3269 2360 τοίνυν
3297 2308 3326 2359 6
3362 2307 3511 2373 Θεὸς,
3534 2308 3613 2361 ὅτι
3650 2311 3713 2363 ού

2147 2388 2505 2457 καταφρονῶν
2561 2390 2725 2444 αὑτοῦ
2760 2391 2921 2444 τοῦτο
2972 2393 3136 2457 ποιεῖ,
3191 2392 3335 2461 λέγει
3361 2409 3373 2422 ⁸
3410 2394 3535 2449 Κᾶν
3564 2394 3714 2462 Νῶε,

2142 2471 2260 2525 κᾶν
2292 2473 2429 2539 Ἰὼϐ,
2464 2474 2581 2529 κᾶν
2615 2476 2840 2545 Δανιὴλ
2860 2472 2921 2548 ᾖ,
2956 2478 3054 2531 καὶ
3076 2478 3228 2547 ὑπὲρ
3250 2481 3397 2535 υἱῶν
3416 2480 3718 2546 ἀξιώσωσι

2143 2560 2243 2613 καί
2296 2562 2656 2632 θυγατέρων,
2718 2566 2790 2618 οὐ
2837 2565 3133 2634 πείθομαι.
3181 2567 3291 2620 Καὶ
3338 2566 3416 2637 τῷ
3483 2568 3725 2641 Ἱερεμίᾳ.

2143 2649 2306 2704 πάλιν
2358 2652 2620 2707 ἐλάττονα
2681 2655 2779 2724 μὲν
2833 2656 3098 2725 πάσχοντι
3161 2657 3272 2710 ἀπὸ
3308 2658 3418 2709 τῶν
3454 2657 3549 2710 τοῦ
3583 2660 3717 2712 Θεοῦ

2142 2741 2604 2812 προσταγμάτων,
2639 2741 2861 2797 πλείονα
2886 2744 2943 2797 δὲ
2971 2743 3078 2797 ἀπὸ
3099 2742 3198 2814 τῆς
3226 2744 3407 2797 αὐτῶν
3434 2747 3716 2816 πονηρίας,

2139 2829 2192 2882 τί
2227 2847 2434 2901 φησιν;
2491 2833 2561 2889 Ἢ
2599 2834 2712 2902 οὐχ
2754 2831 2900 2901 ὁρᾷς
2940 2834 2997 2887 τι
3039 2829 3207 2890 οὗτοι
3262 2834 3542 2901 ποιοῦσι;
3583 2836 3714 2901 Ναὶ,

2140 2920 2292 2987 φησὶ,
2323 2918 2568 2973 ποιοῦσιν
2589 2937 2604 2950 ⁸
2639 2920 2775 2973 άλλά
2796 2921 2862 2973 δι’
2886 2922 2985 2991 ἐμὲ
3010 2922 3247 2992 ποίησον.
3282 2923 3383 2977 Διά
3401 2922 3558 2976 τοῦτό
3582 2941 3719 2995 φησι

2139 3006 2276 3075 πρὸς
2310 3007 2474 3060 αὐτόν
2501 3023 2516 3038 ⁸
2590 3006 2732 3061 Ἐὰν
2775 3007 2898 3076 στῇ
2944 3008 3208 3075 Μωῠσῆς
3259 3008 3355 3062 καί
3394 3010 3711 3079 Σαμουήλ·

2136 3094 2379 3165 Μωυσῆς
2406 3094 2435 3145 6
2470 3094 2684 3164 πρῶτος
2715 3096 3034 3167 νομοθέτης,
3068 3098 3094 3149 ὁ
3123 3095 3383 3161 πολλάκις
3401 3099 3597 3161 αὐτοὺς
3626 3099 3713 3165 ἐξ·

2136 3181 2388 3253 ελόμενος
2433 3183 2720 3250 κινδύνων,
2752 3185 2781 3237 6
2817 3183 3006 3239 εἰπών’
3038 3187 3108 3238 El
3150 3184 3268 3254 μὲν
3302 3183 3466 3253 ἀφῇς
3507 3186 3713 3253 αὐτοῖς

2134 3269 2250 3338 τὴν
2280 3270 2592 3340 ἁμαρτίαν,
2624 3271 2803 3341 ἄφες·
2844 3275 2897 3326 εὶ
2928 3271 2997 3324 δὲ
3021 3271 3133 3341 μὴ,
3172 3272 3325 3341 κάμὲ
3360 3273 3716 3343 ἐξάλειψον.

2134 3357 2197 3409 Εἰ
2231 3358 2410 3411 τοίνυν
2454 3353 2609 3421 οὗτος
2644 3355 2712 3431 ῆν
2761 3359 2875 3424 νῦν,
2927 3361 3021 3414 καλ⁸
3055 3360 3227 3413 ταῦτα
3260 3360 3466 3428 ἔλεγεν,
3500 3361 3600 3414 οὐκ
3645 3362 3712 3415 ἂν

2132 3444 2367 3517 ἐπέτυχε
2388 3463 2401 3476 ⁸
2433 3448 2527 3500 καὶ
2558 3449 2608 3500 εί
2645 3447 2896 3520 Σαμουὴλ
2924 3447 3104 3514 πάλιν,
3138 3450 3166 3501 6
3199 3448 3292 3502 καὶ
3334 3449 3495 3513 αὐτὸς
3527 3450 3707 3514 ἐξελόο

2136 3550 2295 3603 μενος
2312 3535 2528 3602 αὐτοὺς,
2558 3537 2585 3589 6
2609 3537 2671 3589 ἐκ
2697 3534 2918 3607 πρώτης
2941 3536 3155 3607 ήλικίας
3181 3536 3533 3607 θαυμασθείς.
3566 3538 3709 3609 Πρὸς

2136 3624 2233 3692 μὲν
2263 3623 2374 3695 γὰρ
2403 3625 2607 3679 ἐκεῖνον
2635 3622 2808 3690 εἷπον,
2840 3627 2922 3678 ὅτι
2950 3626 3152 3681 ὡσανεὶ
3178 3627 3329 3695 φίλος
3364 3628 3498 3699 πρὸς
3529 3629 3705 3697 φίλον,

2136 3711 2279 3764 οὕτω
2316 3711 2636 3784 διειλέχθην,
2662 3713 2755 3766 καὶ
2776 3714 2833 3767 o6
2860 3714 2925 3767 δι’
2953 3715 3288 3785 αἰνιγμάτων
3307 3732 3321 3747 ⁸
3354 3715 3484 3783 πρὸς
3513 3717 3568 3769 δὲ
3584 3716 3708 3769 τοῦ·

2132 3817 2222 3854 τον
2248 3794 2423 3868 εἷπον,
2452 3803 2536 3854 ὅτι
2564 3804 2620 3854 ἐν
2652 3804 2846 3873 πρώτῃ
2868 3802 3058 3873 ἡλικίᾳ
3084 3802 3271 3874 ὤφθην
3302 3803 3467 3874 αὐτῷ,
3495 3806 3588 3857 καὶ
3617 3805 3707 3858 διὰ

2131 3888 2320 3942 τοῦτον
2365 3889 2707 3961 δυσωπηθεὶς
2747 3889 3194 3943 ἀποκλεισθεῖσαν
3223 3890 3321 3961 τὴν
3368 3895 3703 3962 προφητείαν

2131 3976 2362 4047 ἀνέῳξα.
2384 3978 2496 4031 Καὶ
2512 3978 2621 4048 γὰρ
2641 3973 2739 4048 ἦν,
2763 3979 2915 4048 φησὶ,
2938 3976 3106 4047 ῥῆμα
3125 3977 3339 4047 τίμιον,
3365 3979 3460 4032 καί
3485 3981 3597 4033 οὐκ
3626 3976 3703 4050 ἦν

2132 4064 2342 4132 ὅρασις
2368 4067 2837 4121 διαστέλλουσα.
2895 4066 3018 4120 Ἐάν
3063 4062 3208 4120 οῦτοι
3244 4067 3422 4119 τοίνυν
3480 4068 3699 4134 στῶσὶν,

2128 4154 2282 4208 οὐδὲν
2312 4155 2591 4225 ὀνήσουσι.
2619 4156 2730 4209 Καὶ
2749 4155 2877 4224 περὶ
2896 4153 2990 4207 τοῦ
3021 4155 3142 4207 Νῶε
3169 4154 3223 4207 δὲ
3244 4153 3412 4224 λέγει,
3441 4156 3700 4220 Δίκαιος,

2128 4244 2356 4309 τέλειος
2387 4245 2456 4297 ἐν
2498 4243 2569 4311 τῇ
2600 4241 2776 4312 γενεᾷ
2806 4243 2992 4297 αὑτοῦ
3037 4237 3115 4313 ἦν
3136 4240 3291 4295 Νῶε·
3334 4244 3425 4296 καὶ
3454 4243 3579 4314 περὶ
3606 4243 3699 4295 τοῦ

2139 4331 2280 4392 Ἰὼὸ,
2308 4334 2658 4402 Ἅμεμπτος,
2695 4331 2846 4404 [452]
2868 4332 3117 4397 δίκαιος,
3150 4330 3459 4397 ἀληθινὸς,
3486 4334 3697 4385 Θεοσε-

2130 4419 2263 4485 ὅής.
2296 4419 2532 4482 Τούτους
2560 4414 2653 4472 οὖν
2685 4419 2939 4483 στάντας,
2973 4418 3064 4471 καὶ
3098 4416 3319 4488 Δανιὴλ,
3355 4417 3413 4471 δν
3444 4419 3539 4471 καὶ
3564 4418 3696 4471 Θεὸν

2126 4507 2387 4578 ἐνόμισαν
2418 4507 2467 4559 οί
2520 4504 2798 4569 Χαλδαῖοι,
2858 4505 2957 4558 οῦκ
3019 4503 3220 4568 ἐξελεῖν
3273 4504 3486 4574 ίσχῦσαί
3532 4523 3697 4577 φησιν

2124 4594 2273 4658 υἱοὺς
2313 4593 2493 4648 αὐτῶν
2525 4594 2620 4647 καὶ
2666 4593 2990 4664 θυγατέρας.
3025 4592 3207 4645 Ταῦτα
3253 4592 3429 4645 τοίνυν
3474 4592 3693 4658 εἰδότες,

2126 4683 2261 4753 μήτε
2319 4682 2750 4753 καταφρονῶμεν
2805 4682 2915 4736 τῶν
2968 4681 3143 4752 εὐχῶν
3180 4681 3287 4735 τῶν
3322 4681 3512 4749 ἀγίων.
3555 4686 3694 4752 μήτε

2120 4770 2183 4824 τὸ
2232 4773 2341 4825 πᾶν
2397 4772 2588 4835 αὐταῖς
2647 4769 3083 4841 ἑπιρῤίπτωμεν,
3136 4768 3294 4821 τοῦτο
3331 4771 3450 4838 μὲν,
3503 4769 3590 4823 ἵνα
3620 4768 3693 4838 μὴ

2123 4856 2461 4928 ρᾳθυμῶμεν
2495 4857 2588 4912 καὶ⁵
2618 4858 2740 4928 εἰκῇ
2769 4857 2973 4927 ζῶμεν,
3007 4857 3182 4909 ἐκεῖνο
3214 4855 3291 4920 δέ,
3332 4855 3418 4908 ἵνα
3459 4855 3534 4927 μὴ
3564 4854 3693 4909 πολι

2119 4942 2213 4996 λοῦ
2266 4944 2490 5016 κέρδους
2547 4944 2904 5014 ἐκπέσωμεν
2955 4941 3092 4997 ἀλλά
3147 4942 3241 4994 καὶ
3290 4941 3693 5012 παρακαλῶμεν

2118 5030 2378 5102 εὔχεσθαι
2414 5035 2554 5105 ὑπὲρ
2575 5033 2734 5105 ήμῶν
2774 5031 2869 5085 καὶ
2906 5034 3093 5102 χεῖρας
3130 5030 3367 5100 ὀρέγειν,
3410 5030 3505 5082 καὶ
3536 5030 3694 5083 αὐτοὶ

2118 5120 2372 5190 ἐχώμεθα
2406 5123 2504 5193 τῆς
2525 5122 2727 5192 ἀρετῆς
2748 5135 2761 5149 ·
2798 5121 2885 5174 ἴνα
2919 5119 3234 5189 δυνηθῶμεν
3276 5119 3549 5187 ἐπιτυχεῖν
3582 5117 3693 5171 τῶν

2125 5208 2559 5279 ἐπηγγελμένων
2589 5207 2811 5279 ἀγαθῶν
2845 5210 2957 5271 τοῖς
2985 5205 3270 5276 ἀγαπῶσιν
3302 5205 3486 5270 αὑτὸν,
3508 5206 3692 5276 χάριτι

2116 5297 2210 5348 καὶ
2243 5295 2623 5369 φιλανθρωπίᾳ
2664 5297 2759 5350 τοῦ
2792 5294 2995 5366 Κυρίου
3026 5292 3181 5366 ήμῶν
3227 5292 3400 5364 Ἰησοῦ
3424 5291 3688 5363 Χριστοῦ,

2120 5386 2239 5455 μεθ’
2265 5380 2326 5440 οῦ
2356 5384 2431 5458 τῷ
2465 5386 2639 5453 Πατρὶ
2660 5384 2774 5455 ἅμα
2797 5383 2873 5453 τῷ
2901 5383 3040 5453 ἀγίῳ
3067 5381 3345 5452 Πνεύματι
3378 5382 3524 5449 δόξα,
3556 5381 3690 5451 κρά-

442 5462 551 5519 Καὶ
582 5464 670 5519 ἵνα
717 5467 916 5539 μάθῃς,
946 5469 1109 5523 ἄκουε
1153 5471 1247 5523 τοῦ
1296 5470 1429 5524 Θεοῦ
1475 5471 1722 5539 λέγοντος
1779 5471 1865 5526 διά
1913 5474 2007 5527 τοῦ
2110 5490 2225 5537 τος,
2262 5473 2418 5544 τιμὴ.
2456 5472 2552 5528 νῦν
2592 5473 2684 5527 καὶ
2748 5473 2858 5538 ἀεὶ,
2903 5473 2995 5526 καὶ
3039 5473 3117 5536 είς
3171 5472 3295 5535 τοὺς
3340 5472 3540 5536 αἰῶνας
3579 5469 3687 5525 τῶν

442 5552 720 5621 προφήτου
750 5570 762 5583 ⁸
802 5554 901 5607 Ἂν
932 5553 1053 5621 στῇ
1098 5555 1251 5619 Νῶε,
1292 5557 1392 5611 καί
1449 5559 1596 5623 Ἰὼϐ,
1629 5561 1727 5614 καί
1762 5560 2005 5629 Δανιὴλ,

441 5637 549 5689 οὐκ
583 5638 934 5701 ἐξελοῦνται
964 5642 1103 5709 τοὺς
1136 5644 1304 5710 υἱοὺς
1338 5644 1538 5701 αὐτῶν
1570 5647 1667 5700 καὶ
1698 5647 1794 5714 τὰς
1832 5651 2008 5717 θυγα-

499 5814 517 5841 ⁸
539 5816 825 5889 ιοεειιιέυω
848 5825 1054 5887 videtur,
1090 5843 1152 5878 ex
1191 5843 1287 5879 uno
1322 5830 1434 5882 toll:
1462 5868 1475 5893 ,
1502 5834 1746 5893 βεύλεοθαι
1791 5832 1921 5883 Eun.

2117 5558 2347 5613 αἰώνων.
2398 5561 2590 5631 Ἀμήν.

2171 5768 2199 5808 1»
2225 5771 2313 5820 llic
2335 5773 2432 5834 alio
2454 5772 2596 5834 modo
2617 5772 2797 5832 legisse
2822 5770 3014 5821 videtur
3048 5774 3295 5834 interpres
3334 5770 3530 5823 Latinus
3554 5771 3679 5823 Her-

2114 5842 2274 5894 ιριυε,
2297 5835 2382 5895 qui
2408 5833 2509 5882 hu‘c
2533 5833 2729 5885 dixcrsc
2756 5834 3058 5884 euuuu'ubal.
