4140 6504
377 361 479 418 3J1

377 474 609 537 dicebat,
641 461 781 535 Quid
811 459 940 516 mihi
985 470 1119 528 opus
1163 464 1240 509 est
1283 451 1580 522 precibus?
1622 449 1831 506 etiamsi
1880 447 1968 517 qui

381 562 740 636 precabantur
767 568 873 609 non
903 557 1086 606 essent
1114 547 1208 602 illo
1236 543 1402 614 digni,
1432 544 1538 596 imo
1570 557 1694 596 vero
1728 556 1793 594 ne
1817 554 1973 609 pares

378 632 594 728 quidem
627 668 640 705 :
671 657 727 704 et
755 656 812 701 ιιι
851 643 1010 707 dicis,
1041 639 1178 709 Quid
1211 637 1340 692 mihi
1382 651 1515 706 opus
1560 642 1644 690 est
1671 632 1922 704 precibus
1954 632 1976 684 ?

383 726 572 805 Petrus
593 756 702 797 non
719 739 873 804 dixit,
900 734 1041 804 Quid
1064 733 1192 788 mihi
1218 746 1353 801 opus
1372 739 1452 784 est
1476 727 1757 800 precibus?
1783 726 1968 780 Oratio

383 842 547 902 enim,
581 830 966 904 inquit,-ﬁebat
1010 828 1118 881 sine
1144 825 1512 880 intermissione
1543 821 1604 875 ab
1638 819 1868 874 Ecclesia
1910 821 1977 872 ιιιί

387 935 549 988 Deum
584 945 675 1000 pro
705 943 767 981 eo
800 924 956 994 (Act.
992 921 1080 976 19..
1113 921 1148 975 5
1175 919 1194 991 )
1227 936 1240 973 :
1283 928 1338 974 et
1379 925 1437 971 tu
1475 916 1608 972 dicis
1632 959 1649 984 ,
1681 914 1818 982 Quid
1850 912 1978 967 mihi

385 1039 522 1095 opus
552 1031 634 1077 est
667 1017 916 1090 precibus
946 1015 967 1068 ?
996 1014 1281 1082 Propterea
1316 1009 1408 1064 tibi
1435 1022 1569 1076 opus
1597 1016 1699 1072 est,
1727 1006 1980 1076 quoniam

387 1114 666 1171 existimas
696 1121 746 1164 te
777 1123 883 1163 non
932 1121 1067 1176 opus
1105 1103 1324 1158 habere.
1377 1101 1594 1154 Etiamsi
1640 1098 1804 1153 fueris
1844 1099 1983 1152 sicut

389 1207 608 1269 Paulus,
640 1215 776 1272 opus
804 1199 970 1253 babes
1004 1196 1267 1266 precibus.
1295 1192 1372 1249 Ne
1404 1201 1454 1247 te
1475 1191 1724 1255 extollas,
1759 1204 1826 1245 ne
1854 1189 1980 1244 redn

391 1299 536 1354 duris
563 1293 804 1350 humilis.
840 1289 949 1346 Sed
969 1333 981 1354 ,
1020 1298 1076 1343 ut
1106 1288 1236 1353 dixi,
1271 1287 1316 1340 si
1349 1286 1516 1340 simus
1545 1283 1762 1354 quidem
1791 1283 1981 1338 intenti

390 1391 559 1462 operi,
586 1402 778 1459 preces
807 1399 902 1455 pro
935 1382 1089 1436 nobis
1118 1381 1330 1436 emissm
1357 1379 1564 1448 juvant.
1591 1376 1727 1431 Audi
1761 1375 1982 1430 Paulum

392 1484 654 1538 dior-litem
691 1497 704 1532 :
735 1477 856 1534 Scio
879 1477 1010 1528 enim
1037 1474 1172 1545 quod
1193 1473 1288 1526 hoc
1309 1471 1433 1524 mihi
1464 1469 1717 1540 proveniet
1747 1469 1816 1522 ad
1842 1468 1980 1522 salu-

394 1583 491 1628 tem
513 1589 602 1643 per
621 1580 835 1624 vestram
855 1566 1136 1621 orationem
1158 1574 1200 1618 et
1218 1561 1734 1617 subministrationem
1759 1559 1986 1630 Spiritus

395 1667 517 1721 .lesu
546 1664 732 1720 Christi
766 1664 782 1730 (
813 1660 1046 1728 Philipp.
1091 1658 1143 1712 1.
1183 1656 1250 1712 19
1287 1658 1344 1724 );
1393 1663 1447 1710 et
1484 1670 1692 1720 rursus,
1721 1653 1986 1725 Adjitvan-

399 1761 528 1814 tibus
581 1768 624 1812 et
674 1756 810 1811 vobis
865 1754 919 1807 in
971 1751 1200 1806 oratione
1251 1767 1343 1820 pro
1397 1749 1560 1802 nobis.
1595 1746 1663 1803 Ut
1709 1763 1772 1801 ea:
1817 1747 1987 1800 multis

404 1850 630 1916 personis
671 1849 781 1919 ejus
823 1861 935 1916 qua:
977 1844 1028 1896 in
1062 1843 1204 1896 nobis
1248 1850 1319 1896 est
1348 1841 1636 1894 donationis
1674 1855 1762 1908 per
1804 1837 1989 1891 multos

401 1943 579 2013 gratia:
606 1949 820 2010 agantur
847 1953 936 2006 pro
968 1934 1109 1988 nobis
1138 1937 1153 2000 (
1184 1933 1237 1986 2.
1273 1933 1391 1986 Cor.
1420 1933 1469 1987 1.
1502 1931 1560 1986 11
1654 1931 1719 1985 Ει
1745 1939 1797 1984 ιιι
1829 1930 1987 1993 dicis,

405 2033 540 2100 Quid
576 2033 704 2086 mihi
736 2044 868 2099 opus
892 2037 970 2082 est
996 2025 1278 2080 oratione?
1307 2025 1398 2078 Sin
1429 2030 1605 2078 autem
1633 2022 1801 2075 simus
1832 2020 1987 2090 pigri,

405 2140 562 2179 nemo
606 2123 757 2177 nobis
786 2114 1038 2191 prodesse
1087 2117 1303 2189 poterit.
1335 2115 1470 2183 Quid
1500 2114 1695 2184 proluit
1732 2114 1991 2169 Jereniias

401 2216 642 2273 Juda-is?
673 2229 850 2268 nonne
879 2224 958 2267 ter
989 2211 1054 2266 ad
1087 2212 1253 2266 Deum
1280 2208 1528 2274 accessit,
1561 2219 1615 2261 et
1639 2215 1719 2262 ter
1744 2206 1946 2261 audivit
1977 2223 1990 2260 :

405 2309 484 2363 Ne
515 2306 730 2379 preceris
757 2322 847 2359 nec
872 2320 1016 2374 roges
1046 2319 1137 2374 pro
1164 2303 1350 2372 papula
1376 2302 1471 2356 isto
1496 2341 1512 2368 ,
1545 2301 1782 2370 quoniam
1814 2315 1916 2351 non
1951 2308 1996 2350 te

401 2400 670 2455 exaudiam
698 2397 850 2467 (Jer.
883 2397 935 2450 7.
970 2396 1035 2450 16
1060 2393 1080 2467 )
1103 2396 1125 2447 ?
1155 2393 1292 2460 Quid
1318 2393 1466 2448 Sat'tli
1499 2392 1698 2460 profuit
1722 2388 1939 2444 Samuel
1969 2389 1990 2440 ’ὲ

405 2508 580 2547 nonne
609 2506 732 2546 cum
757 2488 890 2544 luxit
914 2502 1081 2557 usque
1099 2486 1166 2540 ad
1188 2495 1484 2540 extremum
1509 2481 1674 2545 diem,
1705 2497 1802 2535 nec
1823 2481 1993 2534 solum

404 2602 502 2656 pro
539 2601 603 2641 eo
635 2583 806 2639 oravit
835 2583 859 2636 ?
888 2581 1025 2648 Quid
1071 2579 1267 2650 proluit
1298 2576 1554 2631 lsraelitis
1584 2577 1607 2628 ?
1639 2590 1818 2629 nonne
1847 2574 1994 2628 dice-

407 2680 535 2742 bat,
597 2675 738 2730 Absit
782 2683 834 2728 ut
888 2689 1086 2744 peccem
1133 2669 1470 2723 intermittens
1520 2683 1668 2720 orare
1719 2681 1809 2735 pro
1860 2665 1998 2717 vobis

407 2773 482 2840 (l.
518 2768 644 2838 Reg.
672 2768 759 2822 12.
786 2767 920 2835 $23)?
947 2780 1124 2818 nonne
1147 2778 1335 2816 omnes
1365 2758 1677 2830 perierunt?
1704 2757 1845 2812 Nihil
1869 2773 1998 2827 ergo

407 2868 652 2933 prosunt,
701 2858 928 2928 inquies,
972 2855 1206 2926 preces?
1239 2853 1349 2907 lino
1380 2866 1507 2906 vero
1547 2849 1703 2906 valde
1735 2857 1994 2920 prosunt;

407 2957 498 3012 sed
539 2953 754 3025 quando
798 2965 897 3006 nos
939 2964 1150 3020 quoque
1179 2945 1382 3016 aliquid
1411 2945 1658 3016 agimus:
1691 2959 1812 2997 nam
1840 2943 1998 2997 simul

407 3059 571 3119 agunt
597 3062 784 3118 preces
806 3054 860 3099 et
883 3059 1040 3113 opem
1072 3043 1250 3097 ferunt
1283 3059 1296 3094 :
1322 3040 1481 3094 simul
1511 3048 1688 3092 autem
1713 3037 1822 3107 agit
1853 3036 2001 3106 quis-

412 3143 551 3214 piam
595 3151 648 3195 et
674 3155 831 3209 epem
863 3138 968 3192 lcrt
998 3137 1047 3190 ei
1079 3135 1166 3206 qui
1211 3135 1324 3204 ipse
1365 3141 1621 3203 operatur
1649 3148 1664 3196 ;
1707 3132 1788 3184 sin
1819 3139 1997 3184 autem

411 3251 628 3290 maneas
661 3234 808 3303 piger
837 3243 890 3286 et
915 3230 1141 3294 otiosus,
1165 3244 1228 3282 ex
1250 3227 1328 3282 eis
1358 3242 1463 3280 non
1491 3240 1737 3295 magnam
1769 3224 2002 3294 accipies

412 3326 714 3380 utilitatem.

482 3418 536 3471 4.
580 3415 708 3468 Nam
753 3415 796 3466 si
832 3411 1070 3466 valerent
1102 3424 1287 3479 preces
1320 3423 1419 3462 nos
1447 3407 1649 3462 otiosos
1679 3407 1731 3461 in
1775 3422 1998 3477 regnum

415 3509 772 3570 introducere,
816 3522 911 3561 cur
948 3520 1052 3559 non
1079 3519 1267 3558 omnes
1295 3501 1466 3558 (ἓνωεὶ
1499 3501 1631 3555 ﬁunt
1658 3500 1950 3556 Christiani
1980 3499 2003 3550 ?

415 3619 590 3656 nonne
618 3613 836 3655 oramus
880 3613 976 3668 pro
1007 3605 1115 3651 toto
1145 3595 1347 3650 mundo
1377 3596 1399 3648 ?
1441 3610 1619 3650 nonne
1648 3593 1752 3647 hoc
1789 3607 2004 3662 quoque

415 3692 637 3747 faciebat
667 3691 899 3744 Paulus?
928 3704 1102 3742 nonne
1123 3703 1370 3758 rogamus
1395 3697 1450 3741 ut
1473 3700 1660 3740 omnes
1686 3695 2004 3739 convertan-

416 3797 500 3838 tur
527 3783 550 3836 ?
578 3783 671 3837 Dic
700 3783 864 3847 enim,
895 3796 991 3835 cur
1020 3780 1142 3832 mali
1191 3796 1296 3832 non
1345 3779 1477 3832 ﬁunt
1519 3779 1641 3833 boni
1664 3779 1687 3831 ‘l
1715 3793 1915 3841 annon,
1951 3788 2006 3830 ut

419 3877 590 3945 palam
623 3884 703 3929 est
727 3915 742 3939 ,
793 3873 915 3943 quia
948 3872 1081 3926 nihil
1123 3880 1345 3942 possunt
1376 3889 1438 3926 cx
1473 3887 1531 3925 se
1560 3870 1753 3924 aﬁ‘erre
1783 3872 1806 3922 ι
1840 3867 2006 3923 Valde

417 3983 544 4038 ergo
586 3975 810 4037 prosunt
844 3979 1064 4034 preces,
1110 3979 1232 4017 cum
1267 3979 1363 4018 nos
1404 3978 1618 4034 quoque
1645 3977 1673 4016 ιι
1703 3962 1859 4018 nobis
1888 3976 2008 4031 qua:

417 4068 540 4116 sunt
583 4069 764 4114 nostra
805 4055 1162 4113 attulerimus.
1200 4054 1291 4110 Vis
1327 4057 1464 4111 seire
1503 4065 1757 4125 quantum
1802 4054 2009 4124 prosint

421 4151 650 4220 preces?
693 4151 866 4219 cogita
897 4147 1237 4211 Cornelium,
1269 4147 1554 4202 Tabitham
1584 4148 1734 4215 (Act.
1767 4147 1852 4203 10.
1881 4149 1934 4202 5.
1963 4156 2009 4201 ct

418 4248 468 4302 9.
504 4245 629 4314 3'6);
663 4242 783 4298 audi
814 4242 973 4297 etiam
1005 4239 1262 4295 Jacohum
1297 4239 1563 4294 dicentem
1591 4239 1808 4294 Labano
1842 4257 1855 4294 :
1890 4239 2010 4293 Nisi

420 4344 570 4395 timor
611 4340 767 4410 patris
808 4338 903 4392 mei
945 4346 1068 4392 esset
1105 4337 1262 4402 milii,
1313 4351 1526 4389 vacuum
1570 4351 1648 4388 me
1687 4334 1960 4388 dimisisses
1994 4349 2012 4387 :

421 4434 546 4488 audi
581 4434 744 4486 Deum
786 4445 996 4500 quoque
1027 4446 1210 4484 rursus
1241 4428 1532 4490 dicentem,
1577 4427 1854 4497 Protegam
1881 4426 2013 4481 hanc

423 4529 671 4582 civitatem
711 4533 915 4596 prepter
945 4540 1044 4591 me,
1078 4532 1123 4578 et
1175 4533 1378 4593 propter
1409 4522 1581 4575 David
1607 4538 1805 4576 servum
1844 4539 2007 4575 meum

424 4618 577 4687 (Gen.
606 4618 693 4672 ⁸51.
717 4616 809 4670 42.
853 4617 905 4670 1.
931 4615 1056 4685 Reg.
1087 4615 1174 4670 19.
1201 4615 1312 4686 54).
1334 4614 1438 4669 Sed
1467 4613 1720 4683 quando?
1751 4613 2016 4682 Tempore

427 4711 671 4766 Ezecliizc
690 4709 778 4777 qui
806 4719 920 4763 erat
945 4707 1142 4777 justus.
1168 4707 1297 4761 Nam
1323 4709 1366 4761 si
1387 4707 1627 4762 valerent
1649 4721 1836 4777 preces
1855 4707 2012 4761 etiam

431 4813 672 4872 tempore
700 4798 853 4853 valde
885 4799 1272 4854 sceleratorum
1299 4839 1312 4860 ,
1344 4814 1440 4853 cur
1471 4815 1576 4852 non
1609 4799 1769 4853 etiam
1801 4799 2017 4869 quando

428 4895 574 4950 venit
604 4891 1096 4947 Nabuchodonosor
1118 4933 1132 4955 ,
1167 4890 1269 4946 hoc
1299 4890 1431 4944 dixit
1463 4891 1601 4946 Deus
1626 4931 1640 4956 ,
1675 4891 1770 4945 sed
1800 4891 2014 4946 tradidit

429 4985 750 5040 civitatem?
797 4983 1060 5050 Quoniam
1113 4983 1230 5052 plus
1279 4981 1442 5035 valuit
1487 4984 1662 5036 scelus
1707 4992 1761 5036 et
1788 4983 2016 5036 witium.

433 5079 636 5133 Rursus
667 5077 781 5147 ipse
809 5076 1024 5132 Samuel
1058 5075 1231 5130 oravit
1257 5089 1351 5144 pro
1385 5075 1659 5140 lsraclitis,
1684 5083 1734 5129 et
1763 5076 2019 5143 impetra-

432 5170 542 5234 vit;
568 5169 660 5225 sed
689 5169 944 5240 quando?
969 5167 1192 5237 Quando
1225 5166 1323 5236 ipsi
1345 5181 1556 5236 quoque
1579 5167 1688 5222 Deo
1717 5168 1849 5236 grati
1871 5176 2024 5222 erant

433 5278 484 5320 el.
516 5267 744 5334 accepti,
780 5275 904 5319 tunc
933 5265 1131 5333 fugavit
1161 5265 1428 5317 inimicos.
1471 5262 1540 5316 Et
1578 5261 1704 5331 quid
1736 5276 1893 5330 opus,
1929 5262 2008 5316 in-

435 5360 569 5428 quit,
601 5359 823 5414 alterius
848 5358 1121 5429 prccibus,
1146 5351 1362 5428 quando
1392 5374 1491 5427 ego
1519 5357 1627 5412 Deo
1659 5371 1775 5410 sum
1803 5358 2024 5427 gratus?

438 5451 514 5505 Ne
547 5451 650 5506 hoc
679 5467 930 5518 umquam
961 5451 1161 5505 dixeris
1182 5493 1196 5515 ,
1229 5465 1261 5504 ο
1293 5449 1475 5504 1ιοιιιο.
1509 5450 1653 5519 Opus
1681 5457 1841 5503 estet
1872 5448 2026 5501 valde

439 5557 580 5611 opus
603 5548 687 5596 est
713 5540 894 5595 multis
923 5541 1172 5610 [M'ccibus
1199 5559 1211 5595 :
1241 5541 1363 5596 audi
1390 5541 1534 5596 enim
1565 5541 1737 5596 Deum
1761 5540 2027 5596 dicentum

440 5636 507 5689 de
537 5634 724 5689 amicis
753 5631 872 5688 Jobi
908 5649 921 5686 :
953 5632 1016 5686 Et
1039 5633 1220 5698 orabit,
1252 5633 1442 5703 inquit,
1478 5652 1568 5704 pro
1600 5634 1756 5696 vobis,
1785 5643 1828 5687 et
1856 5633 2034 5686 (limit,-

443 5737 571 5782 tetur
597 5727 732 5782 vobis
763 5737 1018 5795 peccatum
1052 5727 1070 5794 (
1099 5724 1196 5780 Job
1224 5727 1310 5780 Ω.
1339 5726 1392 5796 8)
1419 5745 1432 5793 ;
1465 5728 1715 5796 quoniam
1743 5737 2029 5797 pcecarant

444 5822 684 5893 quidem,
714 5820 807 5878 scd
831 5836 934 5876 non
964 5835 1211 5891 magnum
1237 5819 1564 5876 admiserant
1593 5830 1887 5892 peccatum.
1924 5820 2029 5876 Sed

1235 339 1297 395 IN
1337 337 1552 394 EPIST.
1596 335 1611 389 l
1679 335 1769 389 AD
1808 331 2140 388 Tl'lESSAL.
2182 332 2332 387 CAP.
2377 332 2413 385 l.
2459 332 2688 388 ll0.\llL.
2735 333 2772 387 t.

3562 331 3667 386 353

2084 446 2171 502 hic
2205 448 2314 515 ipse
2333 449 2534 520 justus,
2560 450 2647 518 qui
2678 464 2768 518 per
2798 464 2984 519 preces
3012 460 3137 504 tunc
3169 448 3370 505 amicos
3399 465 3526 504 suos
3554 467 3668 503 ser-

2084 542 2243 600 vavit,
2279 542 2330 594 in
2364 553 2602 612 tempore
2627 542 2850 598 Judaico
2879 559 2982 598 non
3020 545 3189 613 potuit
3214 559 3432 598 servare
3457 543 3672 598 Judazus

2083 643 2392 704 pereuntes.
2424 637 2487 690 Et
2516 647 2572 690 ut
2599 636 2650 689 id
2691 637 2831 692 scias
2852 680 2865 703 ,
2901 637 3024 692 audi
3067 637 3236 692 Deum
3267 637 3536 693 dicentem
3580 653 3670 706 per

2086 726 2397 795 prolzhelam
2436 746 2448 782 :
2490 729 2550 784 Si
2579 732 2766 784 steterit
2801 730 2947 796 Noe,
2991 742 3034 786 et
3077 730 3176 786 Job
3197 775 3211 799 ,
3245 743 3288 787 et
3318 731 3535 794 Daniel,
3566 747 3667 783 non

2084 817 2294 886 eripient
2337 819 2472 887 filios
2512 837 2632 875 suos
2656 831 2701 874 et
2727 823 2882 890 ﬁlias,
2913 825 3150 892 quoniam
3195 825 3458 895 prcevaluit
3500 825 3672 876 vitium

2087 909 2298 982 (Ezeelt.
2335 913 2420 966 14.
2457 913 2544 979 lli)
2571 929 2584 977 ;
2615 924 2665 966 et
2698 931 2904 981 i'tirsus,
2941 917 2999 970 Si
3029 918 3216 970 steterit
3249 918 3469 988 Moyses.
3497 929 3541 971 et
3568 918 3671 970 Sa-

2085 1002 2221 1054 muel
2246 1001 2376 1071 (Jcr.
2405 1003 2492 1059 15.
2519 1001 2592 1074 1).
2619 1004 2686 1059 Ει
2705 1005 2823 1060 vide
2845 1009 3111 1074 quomodo
3131 1008 3230 1063 hoc
3250 1009 3445 1062 dicitur
3465 1009 3676 1064 duobus

2087 1094 2362 1163 prophetis
2398 1113 2410 1148 :
2441 1097 2694 1166 quoniam
2755 1097 2912 1152 ambo
2969 1115 3066 1167 pro
3110 1099 3241 1167 ipsis
3292 1111 3580 1170 rogarant,
3625 1113 3674 1152 rt

2088 1201 2193 1240 non
2225 1197 2378 1242 erant
2408 1191 2700 1259 assequuzi.
2745 1191 2881 1245 Dicit
2911 1192 3054 1245 enim
3087 1192 3362 1255 Ezechiel,
3400 1193 3498 1246 Hei
3527 1195 3673 1256 milii,

2088 1279 2353 1335 Domine!
2391 1283 2527 1337 deles
2581 1293 2634 1337 tu
2672 1284 2914 1353 reliquias
2965 1283 3175 1339 lsraelis
3215 1285 3444 1356 (Ezerh.
3492 1285 3546 1340 9.
3579 1285 3676 1356 8).

2092 1371 2291 1428 Deinde
2317 1375 2608 1431 ostendens
2641 1378 2779 1433 Deus
2805 1378 2948 1448 quod
2978 1377 3079 1432 hoc
3099 1378 3241 1448 iuste
3263 1379 3438 1444 faciat,
3470 1393 3570 1433 nec
3597 1379 3680 1450 ip-

2089 1478 2208 1519 sum
2239 1465 2499 1537 deSpiciat
2525 1509 2539 1532 ,
2574 1483 2695 1523 cum
2735 1470 3098 1539 precationem
3141 1470 3258 1540 ejus
3301 1486 3406 1525 non
3444 1471 3677 1541 excipit,

2092 1559 2326 1629 ipsorum
2355 1573 2570 1631 peccata
2601 1564 2701 1634 ipsi
2725 1564 2982 1630 declarat,
3008 1579 3069 1618 ac
3092 1565 3134 1618 si
3163 1565 3367 1619 diceret
3397 1583 3410 1618 :
3443 1564 3567 1620 ll:ec
3589 1581 3684 1633 per

2093 1666 2152 1706 se
2181 1653 2310 1708 satis
2339 1663 2461 1709 sunt
2492 1665 2546 1708 ut
2577 1655 2667 1709 tibi
2693 1656 3050 1726 persuadeant
3074 1672 3178 1723 inc,
3206 1673 3312 1711 ntrn
3342 1657 3480 1727 quod
3512 1667 3561 1711 te
3587 1658 3683 1712 de-

2093 1745 2312 1813 Spiciam
2336 1789 2350 1810 ,
2380 1746 2474 1801 sed
2505 1747 2574 1802 ob
2602 1758 2818 1818 peccata
2851 1748 3112 1819 ipsorum,
3148 1764 3252 1803 non
3280 1760 3552 1819 acceptam
3583 1749 3682 1803 ha-

2093 1837 2221 1892 bere
2253 1841 2697 1910 supplicationem
2747 1861 2760 1896 :
2805 1842 2898 1897 sed
2931 1852 3109 1898 tamen
3139 1843 3412 1914 subjuugit
3441 1853 3495 1899 et
3518 1845 3648 1900 dicit
3669 1887 3682 1907 ,

2097 1931 2156 1986 Si
2187 1934 2373 1985 steterit
2400 1931 2532 2000 Noe,
2566 1943 2612 1986 et
2637 1931 2758 2000 Job,
2783 1943 2832 1987 et
2854 1932 3045 1988 Daniel
3074 1945 3168 1990 :et
3196 1937 3388 1992 merito
3415 1937 3485 1990 illi
3516 1939 3688 2008 magis

2102 2025 2214 2078 lia-c
2260 2025 2424 2088 dicit,
2460 2027 2710 2095 quoniam
2743 2027 2857 2097 ipse
2900 2037 2982 2082 est
3024 2027 3116 2098 qui
3146 2036 3228 2083 cst
3259 2030 3422 2082 multa
3473 2045 3683 2099 passus.

2099 2117 2305 2180 Dixisti,
2341 2117 2530 2186 inquit,
2561 2118 2694 2172 mihi
2725 2127 2780 2172 ut
2801 2134 2962 2187 super
2983 2129 3220 2174 stercora
3249 2120 3609 2185 comederem,
3635 2132 3690 2175 et

2097 2208 2305 2262 cinaedi
2331 2224 2344 2273 ;
2373 2208 2554 2263 dixisti
2587 2218 2641 2263 ut
2671 2224 2756 2264 ine
2799 2209 3043 2265 raderem
3074 2253 3088 2277 ,
3119 2220 3171 2266 et
3199 2227 3317 2264 sum
3350 2227 3506 2266 rasus
3532 2229 3546 2278 ;
3575 2213 3688 2282 jus-

2099 2299 2245 2362 sisti,
2275 2307 2328 2354 et
2353 2299 2581 2354 dormivi
2613 2315 2775 2370 super
2809 2315 2971 2354 unum
3001 2301 3138 2354 latus
3167 2301 3411 2371 ;jussisti
3440 2314 3688 2357 onustum

2101 2393 2249 2447 exire
2271 2409 2364 2462 per
2387 2391 2651 2458 foramen,
2670 2401 2724 2448 et
2745 2393 2847 2447 exii
2867 2411 2880 2458 ;
2900 2394 3149 2463 accepisti
3171 2410 3397 2450 uxorem
3423 2411 3616 2460 meam,
3639 2407 3693 2450 et

2103 2484 2406 2554 princepisti
2435 2485 2563 2538 mihi
2589 2501 2655 2539 ne
2676 2485 2938 2556 lugerem,
2967 2495 3020 2540 et
3049 2501 3152 2540 non
3178 2485 3308 2553 luxi,
3333 2487 3427 2542 sed
3459 2487 3552 2541 tuli
3583 2490 3694 2541 tor-

2103 2575 2226 2629 titer
2253 2595 2264 2630 :
2287 2577 2690 2631 innumerabilia
2711 2576 2814 2631 alia
2833 2576 2930 2632 feci
2957 2586 3172 2646 prepter
3195 2577 3369 2648 ipsos;
3399 2588 3452 2634 el
3476 2594 3576 2649 ego
3598 2595 3695 2648 pro

2104 2667 2231 2736 ipsis
2255 2675 2306 2722 te
2329 2683 2478 2737 rogo,
2506 2683 2603 2722 nec
2629 2667 2896 2722 exaudis?
2923 2666 2992 2722 Ut
3017 2668 3268 2722 ostendat
3295 2685 3422 2738 ergo
3449 2671 3590 2725 Deus
3611 2686 3690 2735 se,

2105 2774 2211 2812 non
2242 2759 2382 2829 quod
2417 2760 2590 2828 ipsum
2619 2767 2930 2813 contemnat
2962 2759 3014 2813 id
3041 2759 3216 2816 facere
3243 2802 3256 2825 ,
3288 2760 3419 2816 dicit
3449 2779 3462 2815 :
3488 2760 3550 2816 Si
3577 2759 3694 2815 Noe

2103 2862 2148 2905 et
2169 2850 2270 2906 Job
2297 2862 2342 2906 et
2364 2851 2549 2906 Daniel
2570 2868 2663 2923 pro
2685 2852 2806 2922 ﬁliis
2833 2862 2877 2905 et
2905 2853 3109 2921 ﬁliabus
3137 2855 3410 2920 oraverint,
3443 2872 3544 2909 non
3574 2873 3693 2925 per-

2103 2947 2338 3001 suadeor.
2369 2946 2616 3002 Jeremia:
2643 2962 2856 3018 quoque
2880 2947 2968 3016 qui
3002 2948 3249 3016 pauciora
3281 2949 3495 3020 quidem
3529 2951 3695 3018 patie-

2107 3039 2261 3094 batur
2293 3056 2321 3094 a
2369 3040 2461 3094 Dei
2507 3040 2703 3110 jussis,
2751 3041 2903 3110 plura
2949 3050 3129 3095 autem
3173 3042 3240 3097 ah
3272 3059 3459 3098 eorum
3488 3044 3616 3098 vitio
3642 3055 3696 3100 et

2105 3133 2327 3199 scelere,
2357 3132 2482 3202 quid
2512 3132 2684 3187 dicit?
2708 3131 2889 3186 Annon
2917 3133 3052 3187 vides
3077 3133 3200 3204 quid
3227 3135 3306 3188 isti
3329 3136 3524 3205 faciunt
3555 3136 3690 3205 (Jer.

2108 3227 2157 3280 7.
2191 3227 2254 3280 17
2283 3228 2300 3297 )
2327 3227 2350 3279 ?
2376 3227 2563 3288 Certe,
2596 3226 2800 3297 inquit,
2845 3226 3042 3281 faciunt
3064 3270 3077 3294 ,
3107 3228 3199 3282 sed
3223 3226 3304 3283 fac
3336 3241 3556 3299 propter
3587 3248 3693 3284 me.

2109 3319 2398 3388 Propterea
2443 3318 2573 3372 dicit
2618 3319 2669 3374 ei
2705 3336 2717 3372 :
2753 3318 2814 3373 Si
2860 3319 3051 3372 steterit
3098 3318 3303 3390 Moyses
3344 3330 3389 3374 et
3437 3321 3650 3375 Samuel
3679 3338 3698 3375 :

2107 3409 2318 3480 Moyses
2339 3450 2352 3475 ,
2396 3410 2603 3480 primus
2648 3410 2939 3480 legislator,
2984 3411 3071 3480 qui
3101 3425 3244 3480 saepe
3276 3413 3420 3481 ipsos
3448 3413 3641 3482 eripuit
3668 3431 3696 3467 τι

2109 3501 2377 3570 periculis,
2407 3503 2495 3570 qui
2526 3501 2677 3566 dixit,
2709 3502 2771 3557 Si
2801 3503 3022 3555 dimittas
3052 3503 3254 3572 quidem
3307 3515 3588 3574 peccatum,
3620 3506 3700 3559 tli-

2110 3597 2249 3649 mitte
2275 3612 2293 3660 ;
2335 3595 2414 3648 sin
2445 3595 2638 3661 minus,
2668 3611 2747 3648 me
2777 3611 2973 3664 quoque
3001 3594 3112 3648 dele
3139 3594 3333 3665 (Exod.
3378 3599 3464 3652 51.
3499 3597 3612 3668 '52).
3645 3599 3700 3654 Si

2113 3687 2198 3740 llic
2227 3702 2354 3756 ergo
2384 3701 2522 3740 nunc
2549 3695 2712 3751 esset,
2746 3696 2798 3741 et
2831 3687 2944 3740 huic
2967 3687 3186 3751 diceret,
3222 3703 3327 3742 non
3354 3689 3698 3759 impetraret:

2110 3791 2166 3836 et
2195 3781 2237 3834 si
2274 3795 2459 3836 rursus
2484 3781 2722 3844 Samuel,
2749 3780 2837 3850 qui
2869 3781 2983 3850 ipse
3009 3797 3222 3851 quoque
3249 3797 3342 3836 eos
3364 3783 3581 3852 eripuit,
3611 3785 3702 3854 qui

2112 3872 2180 3925 ab
2209 3871 2428 3926 ineunte
2458 3879 2616 3925 a-tale
2649 3871 2862 3926 habitus
2890 3873 2986 3926 l'uit
3019 3872 3068 3925 in
3099 3871 3476 3929 admiratione.
3510 3875 3584 3930 De
3616 3876 3707 3930 illo

2112 3963 2255 4018 enim
2305 3963 2430 4029 dixi,
2464 3963 2604 4033 quod
2651 3972 2920 4034 tamquam
2967 3965 3172 4020 amicus
3215 3981 3335 4020 cum
3386 3967 3560 4020 amico
3605 3969 3703 4021 Sllll

2115 4058 2395 4129 loquutus,
2427 4067 2479 4112 et
2507 4074 2610 4112 non
2640 4073 2734 4126 per
2760 4060 3044 4127 :L-nigmata
3080 4078 3093 4113 :
3137 4059 3204 4114 de
3237 4060 3338 4116 hoc
3368 4071 3543 4116 autem
3573 4063 3705 4129 dixi,

2117 4168 2201 4206 me
2222 4153 2271 4206 in
2297 4151 2464 4222 prima
2489 4160 2643 4204 relate
2669 4151 2714 4205 ei
2743 4151 2914 4204 visum
2942 4165 3080 4214 esse,
3109 4159 3164 4205 ct
3190 4151 3256 4204 ab
3283 4152 3397 4220 ipso
3421 4153 3707 4221 placatum,

2118 4244 2388 4298 exclusam
2432 4242 2712 4311 aperuisse
2755 4242 3110 4310 prophetiam.
3148 4241 3348 4296 Etenim
3374 4244 3595 4310 verbum,
3632 4247 3711 4300 in-

2117 4336 2252 4405 quit,
2278 4343 2388 4388 erat
2419 4334 2691 4404 pretiosum
2713 4348 2732 4397 ,'
2756 4343 2800 4386 et
2823 4349 2924 4386 non
2952 4343 3059 4386 erat
3083 4334 3204 4389 visio
3221 4335 3460 4390 distincta
3482 4339 3554 4407 (1.
3576 4337 3706 4409 Reg.

2119 4427 2172 4481 '5.
2211 4427 2233 4481 1
2262 4425 2304 4496 ).
2351 4426 2407 4480 Si
2441 4426 2525 4480 isti
2554 4441 2684 4495 ergo
2730 4427 3018 4493 steterint,
3053 4426 3186 4482 nihil
3221 4430 3518 4497 prolicicnl.
3549 4432 3613 4487 Et
3645 4433 3713 4488 de

2122 4521 2232 4576 Noe
2260 4521 2409 4586 dicit,
2438 4521 2620 4574 Justus
2648 4523 2902 4592 perfectus
2927 4521 2977 4574 in
3005 4523 3330 4592 generatione
3354 4541 3447 4577 sua
3469 4536 3575 4580 erat
3599 4526 3716 4581 Noe

2123 4615 2280 4685 (Gen.
2306 4617 2359 4670 ϐ.
2389 4617 2442 4682 9)
2477 4633 2489 4669 :
2519 4625 2572 4669 ct
2601 4614 2668 4670 de
2694 4615 2853 4680 Joho,
2902 4615 3385 4686 lrrepreliensibilis,
3409 4621 3604 4688 justas,
3635 4639 3716 4676 re-

2123 4723 2230 4773 rus,
2260 4706 2374 4777 pius
2403 4704 2526 4774 (Job
2559 4707 2606 4760 1.
2640 4705 2718 4777 1).
2751 4706 2858 4761 llos
2891 4707 3070 4778 itaque
3100 4718 3303 4763 stantes
3334 4721 3387 4765 et
3418 4711 3712 4777 Danielem,

2126 4817 2286 4871 quem
2309 4801 2469 4856 etiam
2492 4801 2650 4855 deum
2679 4799 2911 4856 Chalda-i
2937 4801 3330 4868 existimarunt,
3357 4819 3460 4857 non
3483 4805 3720 4874 potuisse

2127 4895 2358 4950 liberare
2389 4893 2560 4964 inquit
2590 4895 2730 4948 ﬁlios
2760 4894 2997 4964 ipsorum
3023 4903 3077 4949 et
3104 4893 3260 4951 ﬁlias.
3289 4895 3418 4950 Cum
3452 4896 3566 4950 hinc
3592 4913 3720 4964 ergo

2129 4987 2382 5051 sciamus,
2416 5001 2588 5055 neque
2617 5001 2805 5054 preces
2831 4995 3137 5040 sanctorum
3166 4996 3594 5054 contemnamus,
3627 5006 3720 5044 ne—

2129 5095 2235 5147 que
2267 5087 2433 5132 totum
2466 5080 2515 5131 in
2548 5093 2640 5130 eas
2667 5077 3040 5146 conjiciamus,
3073 5087 3180 5131 tum
3215 5089 3271 5132 ut
3302 5095 3370 5133 ne
3395 5080 3527 5148 pigri
3555 5082 3724 5135 simus

2129 5180 2186 5226 et
2215 5169 2491 5234 socordes,
2524 5178 2579 5224 et
2611 5185 2679 5222 ne
2709 5178 2910 5224 temere
2934 5171 3094 5223 vitam
3114 5169 3374 5225 ducamus
3400 5188 3413 5237 ;
3437 5180 3544 5224 tum
3578 5181 3628 5226 ιιι
3657 5190 3728 5228 ne

2132 5279 2160 5316 a
2195 5277 2386 5333 magno
2417 5262 2565 5316 lucro
2587 5261 2900 5316 excidamus
2922 5278 2934 5324 ;
2959 5261 3054 5316 scd
3083 5271 3136 5316 ct
3165 5263 3440 5317 hortemur
3467 5263 3530 5316 ad
3561 5278 3693 5318 oran
3714 5297 3726 5306 ο

2134 5355 2260 5410 dum
2287 5370 2382 5423 pro
2407 5355 2559 5407 nobis
2583 5363 2635 5409 ct
2658 5353 2724 5407 ad
2750 5369 2938 5408 manus
2960 5354 3112 5408 nobis
3138 5354 3485 5425 porrigendas
3512 5371 3526 5420 ;
3553 5365 3605 5410 et
3629 5357 3726 5425 ipsi

2137 5448 2388 5503 virtutem
2436 5457 2741 5515 sectemur,
2788 5457 2842 5501 ut
2874 5448 3007 5500 bona
3040 5464 3158 5517 quin
3202 5460 3323 5503 sunt
3361 5451 3618 5518 prmnissa
3665 5468 3729 5506 iis

2138 5543 2226 5612 qui
2259 5542 2434 5612 ipsum
2476 5541 2701 5611 diligunt
2731 5540 2987 5610 consequi
3025 5541 3322 5609 possimus,
3353 5542 3522 5612 gratia
3555 5551 3606 5596 et
3635 5545 3729 5597 lie-

2141 5635 2398 5706 niguitate
2445 5632 2650 5688 Domini
2685 5632 2852 5687 nostri
2882 5633 3006 5687 .lesu
3036 5632 3232 5685 Christi
3260 5673 3275 5697 ,
3304 5647 3422 5686 cum
3455 5648 3561 5704 quo
3590 5633 3732 5687 Patri

2143 5738 2196 5784 ct
2223 5726 2446 5797 Spiritui
2481 5735 2673 5782 sancto
2705 5725 2905 5796 gloria,
2940 5724 3246 5794 imperium,
3278 5724 3477 5791 honor,
3515 5741 3652 5781 nunc
3684 5736 3737 5780 ct

2144 5835 2378 5890 semper,
2408 5827 2461 5876 et
2488 5821 2538 5874 in
2572 5818 2764 5875 saecula
2797 5817 3136 5873 surculorum.
3167 5817 3359 5872 Amen.
