4140 6554
401 429 506 490 599

1217 413 1274 470 S.
1313 406 1589 468 JOANNIS
1611 394 2084 461 CllRYSOSTOMI
2123 391 2436 450 AllClllEP.
2477 388 3008 447 CONSTANTINOP.

3580 391 3685 447 ωτι

401 551 1255 572 “wh
1772 584 2118 651 HOMILIA
2160 582 2242 647 ιι.

406 758 533 815 Car.
579 760 631 815 i.
670 771 725 812 ν.
771 754 826 811 8.
869 751 915 807 Α
948 750 1083 805 vobis
1106 745 1240 801 enim
1265 740 1563 811 diffamatus
1587 745 1658 791 est
1685 748 1849 790 sermo
1879 729 1985 784 Do-

479 848 623 912 mini,
653 863 755 902 non
776 843 942 901 soluat
962 842 1014 895 in
1040 836 1342 894 Macedonia
1365 842 1411 888 et
1435 833 1486 886 in
1511 829 1729 892 Achaia,
1750 824 1839 879 sed
1867 831 1915 877 et
1936 821 1988 875 in

479 940 617 995 omni
638 940 750 994 loco
784 936 911 1008 ﬁdes
932 942 1095 990 vestra
1117 946 1231 1001 qua:
1252 939 1326 984 est
1350 927 1420 982 ad
1448 924 1612 979 Deum
1637 923 1864 991 profecta
1889 925 1986 1008 est,

476 1034 550 1088 ita
586 1042 641 1086 ut
677 1006 871 1086 nonvsit
899 1027 1041 1082 nobis
1069 1038 1267 1079 necesse
1292 1019 1566 1090 quidquam
1592 1014 1749 1083 loqui.
1782 1011 1833 1067 9.
1878 1006 1990 1077 Ipsi

480 1124 616 1179 enim
640 1121 705 1176 de
729 1118 873 1175 nobis
897 1114 1205 1172 annuntiaut
1231 1112 1430 1182 qualem
1459 1107 1720 1162 introitum
1749 1099 1988 1156 habueri-

477 1231 592 1268 mus
632 1211 702 1267 ad
737 1227 865 1277 vos;
895 1218 943 1264 et
978 1205 1229 1278 quomodo
1266 1206 1491 1256 conversi
1517 1197 1633 1253 estis
1658 1196 1727 1248 ad
1760 1192 1926 1247 Deum
1959 1205 1990 1241 a

373 1283 376 1286 i
476 1305 762 1362 simulacris
785 1345 801 1370 ,
846 1303 1034 1358 servire
1069 1298 1179 1353 Deo
1208 1297 1315 1351 vivo
1351 1303 1398 1351 et
1436 1307 1552 1348 vero
1574 1331 1589 1356 ,
1618 1288 1706 1344 10.
1733 1297 1782 1340 et
1806 1301 1986 1353 exspe-

477 1408 617 1453 ctare
644 1395 845 1451 Filium
878 1395 987 1465 ejus
1014 1391 1076 1446 de
1101 1390 1261 1455 caelis,
1287 1403 1431 1458 quem
1468 1380 1726 1439 suscitavit
1764 1394 1829 1434 ex
1855 1393 1990 1431 mor—

482 1491 602 1559 tuis,
622 1487 823 1557 Iesum,
851 1486 939 1557 qui
962 1484 1147 1555 eripuit
1173 1496 1265 1535 nos
1288 1480 1351 1534 ab
1377 1479 1457 1532 ira
1477 1484 1707 1531 uentura.

482 1665 534 1719 i.
577 1658 1039 1732 Quemadmodum
1078 1656 1217 1712 bene
1246 1655 1400 1711 olens
1435 1661 1762 1726 unguentum
1792 1666 1899 1706 non
1936 1650 1989 1704 in

406 1773 466 1812 se
496 1747 810 1812 conclusum
836 1753 1034 1808 bonum
1062 1749 1223 1805 habet
1248 1748 1489 1809 odorem,
1516 1745 1609 1801 sed
1633 1743 1816 1815 procul
1837 1743 1993 1799 emit-

408 1848 490 1910 tit,
519 1857 574 1902 et
596 1860 776 1903 aerem
802 1843 970 1900 odore
989 1840 1289 1911 complens,
1314 1839 1393 1895 sic
1421 1838 1583 1894 etiam
1612 1835 1848 1890 immittit
1868 1849 1989 1889 eum

409 1938 463 1993 in
494 1951 685 1993 sensus
721 1934 1141 2007 pr0pinquorum
1173 1948 1187 1986 :
1226 1931 1307 1986 sic
1344 1930 1505 1986 etiam
1542 1928 1638 1983 viri
1671 1927 1910 1998 praeclari
1939 1935 1994 1980 et

408 2020 711 2083 admirandi
739 2041 846 2081 nou
879 2024 934 2080 in
963 2039 1025 2080 se
1049 2023 1356 2080 conclusam
1385 2030 1572 2076 tenent
1600 2020 1867 2085 virtutem,
1898 2018 1991 2073 sed

408 2120 671 2191 plurimos
689 2135 784 2191 per
801 2120 993 2173 tamam
1018 2131 1169 2173 suam
1187 2114 1376 2185 juvant
1393 2125 1449 2169 et
1470 2114 1723 2168 meliores
1739 2111 1990 2167 reddunt.

408 2213 560 2280 Quod
591 2222 645 2269 et
671 2221 799 2267 tunc
828 2209 1026 2267 factum
1056 2217 1159 2264 est.
1186 2207 1446 2274 Quocirca
1475 2207 1689 2262 dicebat
1718 2218 1732 2260 :
1770 2205 1837 2262 Ut
1868 2206 1995 2276 {acti

409 2307 518 2361 sitis
542 2308 712 2376 [artua
751 2302 983 2357 omnibus
1013 2300 1330 2355 credentibus
1357 2301 1411 2354 in
1436 2300 1633 2354 Achaia
1670 2309 1717 2355 et
1746 2298 1992 2354 Maccdo—

411 2400 520 2453 nia.
551 2397 594 2451 A
616 2397 753 2452 vobis
772 2395 926 2461 enim,
951 2390 1141 2464 inquit,
1162 2391 1457 2459 di/famatus
1479 2402 1552 2447 est
1573 2409 1738 2447 sermo
1763 2391 1991 2460 Domini,

411 2506 516 2544 non
541 2487 704 2545 solum
732 2487 784 2541 in
824 2485 1125 2541 Macedonia
1148 2494 1197 2539 et
1223 2484 1437 2549 Achaia,
1463 2485 1552 2538 sed
1576 2495 1621 2538 et
1645 2484 1701 2540 in
1724 2486 1861 2538 onmi
1883 2486 1992 2539 loco

413 2580 541 2650 ﬁdes
565 2588 728 2635 vestra
760 2593 875 2648 qua:
899 2587 970 2633 est
999 2575 1068 2631 ad
1097 2575 1263 2631 Deum
1293 2579 1521 2648 profecta
1549 2585 1644 2631 est.
1678 2575 1995 2633 Eruditioue

411 2687 539 2743 ergo
559 2671 874 2742 implevistis
898 2684 1086 2725 omnes
1105 2668 1400 2740 proximos,
1424 2667 1683 2724 miraculo
1703 2678 1879 2732 autem
1906 2686 1994 2725 or-

412 2768 531 2821 bem
563 2777 720 2821 terra:
749 2782 763 2819 :
795 2764 896 2819 hoc
921 2764 1065 2820 enitn
1107 2762 1208 2819 sibi
1244 2763 1357 2817 vult
1401 2762 1525 2818 i'lud
1547 2803 1561 2826 ,
1604 2761 1669 2816 In
1695 2763 1833 2818 omni
1861 2763 1991 2817 loco.

419 2858 602 2928 Neque
629 2856 801 2922 dixit,
839 2854 1047 2911 Jactata
1074 2863 1158 2909 est
1188 2854 1318 2909 ﬁdes
1342 2866 1539 2918 vestra,
1568 2853 1683 2917 sed.
1713 2852 1995 2920 Di/I’amata

411 2958 507 3003 est.
537 2947 739 3016 Nempe
768 2946 907 3001 sicut
934 2944 1060 3000 tuba
1086 2943 1232 3000 clare
1264 2953 1553 3000 resonante
1581 2945 1824 3015 repletur
1848 2954 1994 3000 totus

416 3041 566 3095 locus
590 3038 801 3094 vieiuire
830 3044 847 3091 ἑ
877 3037 948 3092 ita
973 3045 1165 3092 vestra:
1193 3032 1408 3091 vit-tutis
1437 3035 1597 3102 fama,
1629 3036 1766 3091 sicut
1792 3036 1880 3090 illa
1910 3051 1995 3092 rc-

412 3147 644 3198 sonans,
687 3122 883 3187 snl‘ﬁcit
907 3127 975 3184 ad
1018 3128 1345 3199 implendum
1386 3127 1570 3183 urbem
1603 3138 1760 3183 terra:
1788 3135 1845 3183 et
1883 3128 1994 3197 pari

412 3241 548 3282 sono
590 3222 1008 3297 perveniendum
1034 3222 1101 3277 ad
1129 3237 1320 3278 omnes
1346 3221 1562 3291 ubique.
1607 3220 1740 3277 Nam
1770 3236 1856 3275 res
1882 3236 1998 3275 ma-

412 3332 532 3388 gna:
553 3356 570 3384 ,
613 3315 704 3371 ubi
732 3314 950 3386 quidem
991 3325 1157 3385 gesta:
1194 3312 1397 3368 iuerint
1419 3354 1433 3378 ,
1464 3322 1731 3368 canuntur
1753 3312 1948 3369 clarius
1977 3329 1992 3381 ;

413 3408 596 3481 procul
621 3417 799 3463 autem
826 3415 1096 3463 canuntur
1120 3405 1359 3477 quidem,
1390 3403 1484 3460 sed
1509 3420 1613 3457 non
1636 3403 1773 3460 adeo
1797 3421 1810 3457 :
1841 3419 1871 3458 a
1898 3418 1992 3457 vo-

414 3501 497 3555 bis
522 3513 649 3554 vero
676 3514 783 3553 non
812 3498 924 3565 sic,
954 3495 1050 3553 sed
1090 3495 1313 3567 insignis
1338 3509 1509 3550 sonus
1530 3495 1661 3549 exiit
1702 3509 1796 3564 per
1830 3501 1995 3549 totam

417 3600 636 3645 terram.
665 3588 743 3644 Ne
767 3588 887 3659 quis
915 3602 1044 3643 vero
1072 3596 1220 3657 putet
1248 3602 1369 3642 esse
1398 3586 1511 3642 haec
1533 3587 1695 3641 verba
1729 3587 1997 3657 hyperbo-

418 3681 551 3734 liea:
581 3678 695 3734 haec
718 3679 861 3735 enim
890 3692 1023 3750 gens
1050 3677 1396 3733 Macedonum
1422 3687 1549 3733 ante
1575 3676 1776 3733 Christi
1800 3676 2001 3732 adven-

420 3782 532 3824 tum
561 3779 679 3825 erat
712 3766 954 3841 insignis,
985 3778 1041 3825 et
1066 3769 1262 3838 ubique
1298 3768 1591 3824 cauebatur
1630 3771 1800 3838 magis
1837 3784 2003 3840 quam

419 3863 782 3917 Romanorum
812 3877 830 3929 ;
858 3869 912 3917 et
937 3854 1165 3917 Romani
1193 3859 1314 3918 ideo
1341 3869 1467 3916 sunt
1505 3858 1826 3930 admirandi,
1856 3860 2003 3934 quod

418 3967 516 4008 eos
544 3952 900 4025 subjugarint.
1292 4028 1293 4031 η

499 4044 574 4100 De
606 4046 899 4102 Alexandro
931 4046 1122 4120 Magno
1155 4047 1410 4118 qua'dam.
1438 4075 1511 4088 -—
1536 4045 1664 4101 Nam
1690 4062 1808 4117 qua:
1840 4046 2006 4117 gessit

418 4154 435 4192 ι
450 4149 512 4192 ως
528 4135 870 4193 Macedonum
886 4148 1207 4210 superarunt
1221 4153 1434 4195 omnem
1449 4136 1658 4193 dicendi
1675 4136 2003 4203 facultatem,

418 4243 476 4289 ut
513 4232 600 4306 qui
641 4250 671 4290 a
708 4248 866 4304 parva
909 4232 1176 4303 prolectus
1224 4232 1460 4295 civitate,
1506 4230 1788 4300 occupavit
1830 4238 2005 4286 totum

418 4329 603 4385 orbem
646 4336 822 4383 terrm.
862 4326 1155 4397 Propterea
1199 4332 1255 4379 et
1291 4314 1519 4378 Pardqu
1560 4322 1833 4378 volucrem
1877 4336 2007 4378 eum

421 4422 568 4478 videt
594 4419 875 4492 propheta,
916 4419 1222 4491 signiﬁcans
1255 4415 1590 4473 velocitatem
1628 4424 1683 4471 et
1709 4414 2003 4472 vehemen-

421 4514 549 4570 tiam
573 4519 628 4568 et
650 4511 917 4576 ardorem,
943 4519 999 4566 et
1023 4494 1169 4580 quod
1188 4517 1413 4579 repente
1438 4516 1606 4562 totum
1633 4507 1821 4563 orbem
1848 4515 2006 4562 terrae

423 4602 712 4675 pervolavit
737 4618 857 4659 cum
890 4601 1105 4673 tropaeis
1131 4607 1185 4655 et
1210 4599 1450 4654 victoria.
1480 4599 1643 4654 Aiunt
1671 4609 1849 4653 autem
1865 4596 2007 4667 quod

420 4698 582 4754 etiam
612 4712 732 4753 cum
757 4695 1039 4767 quemdam
1066 4691 1444 4765 philosopluun
1475 4691 2006 4747 audiissetdicentem

425 4791 662 4846 inﬁnitos
686 4804 806 4845 esse
838 4786 1086 4853 mundos,
1107 4778 1456 4842 vehementer
1495 4783 1836 4855 ingemuerit,
1865 4782 2007 4854 quod

424 4897 545 4938 cum
588 4878 780 4936 inﬁniti
811 4886 1013 4946 essent,
1058 4892 1127 4933 ne
1158 4892 1321 4933 unum
1350 4875 1571 4946 quidem
1607 4886 1962 4947 expugnasset
1991 4890 2006 4929 :

421 4974 557 5030 adeo
574 4973 748 5044 magni
779 4983 830 5028 et
855 4971 1051 5028 excelsi
1082 4979 1195 5027 erat
1221 4968 1407 5037 animi,
1436 4979 1490 5024 et
1516 4968 1712 5040 ubique
1743 4980 2008 5023 terrarum

425 5066 733 5123 cauebatur.
761 5064 931 5121 Simul
958 5072 1136 5120 autem
1167 5080 1287 5119 cum
1318 5061 1458 5117 fama
1482 5061 1622 5132 regis
1648 5061 1822 5131 gentis
1847 5059 2011 5114 etiam

429 5159 755 5217 ascendebat
792 5159 960 5230 gloria
1011 5176 1025 5214 :
1067 5157 1347 5214 dicebatur
1388 5154 1532 5210 enim
1574 5152 1878 5209 Alexander
1921 5152 2013 5209 ille

424 5252 665 5311 Macedo.
691 5252 1050 5322 Quamobrem
1090 5251 1207 5321 ejus
1235 5250 1449 5305 volante
1475 5248 1636 5315 fama,
1669 5248 1864 5303 merito
1889 5262 2009 5316 qua:

425 5346 537 5402 illic
579 5355 730 5416 gesta
779 5343 990 5401 fuerant
1041 5344 1236 5415 ubique
1282 5341 1616 5397 canebantur
1648 5358 1661 5395 :
1694 5339 1822 5395 nihil
1865 5339 2007 5395 enim

423 5437 633 5510 insigne
663 5447 840 5507 petest
868 5436 1055 5491 latere.
1090 5435 1205 5492 Neu
1234 5435 1408 5490 tniuns
1439 5449 1566 5504 ergo
1591 5443 1745 5487 erant
1776 5432 2011 5501 insignes

422 5543 515 5584 res
541 5528 891 5584 Macedonum
920 5544 1078 5598 quam
1112 5520 1496 5582 Romanorum.
1530 5523 1688 5578 Fides
1712 5534 1894 5591 vestra,
1925 5524 2010 5577 in-

427 5618 562 5686 quit,
599 5634 712 5689 qua:
748 5628 821 5673 est
863 5618 931 5671 ad
972 5616 1136 5671 Deum
1177 5621 1407 5688 profecta
1445 5626 1537 5670 est.
1581 5614 1714 5670 Vide
1742 5614 2013 5685 quomodo

430 5702 579 5776 quasi
604 5708 674 5764 de
704 5725 760 5764 rc
784 5711 1015 5765 animata
1043 5711 1285 5780 loquens,
1317 5708 1468 5776 illud,
1508 5705 1752 5778 Profecto
1791 5717 1884 5775 est,
1918 5722 2014 5780 po-

429 5799 598 5854 suerit
645 5818 659 5855 :
705 5800 807 5855 hoc
848 5810 1025 5856 autctu
1068 5817 1134 5858 ex
1184 5816 1373 5856 eorum
1426 5799 1765 5856 vehementia
1817 5800 2010 5857 oritur.

433 5887 630 5946 Deinde
657 5889 931 5946 declarans
973 5891 1114 5960 ipsos
1162 5890 1318 5947 ﬁdem
1359 5905 1510 5949 suam
1551 5890 1922 5949 vehementem
1955 5902 2009 5951 ct

2097 728 2368 785 efﬁcacem
2400 730 2722 797 ostendisse,
2766 732 3039 804 sultjnugit
3072 734 3194 789 :lta
3224 746 3277 789 ut
3316 753 3417 790 non
3447 739 3512 792 sit
3541 741 3685 796 nobis

2092 837 2291 876 necesse
2316 822 2589 892 quidquam
2614 824 2771 893 loqui.
2798 823 2911 894 Ipsi
2929 827 3062 880 enim
3088 826 3152 881 dc
3176 828 3318 882 nobis
3346 831 3677 897 annuutiant,

2094 915 2292 984 qualem
2321 915 2584 969 introitum
2622 916 2945 973 habuerimus
2988 920 3056 973 ad
3080 933 3188 975 vos.
3218 920 3332 975 Non
3361 933 3682 991 exspectant.

2095 1016 2152 1060 ut
2177 1005 2245 1061 de
2289 1006 2439 1061 vobis
2478 1008 2720 1075 audiant,
2767 1010 2863 1065 sed
2905 1026 3002 1066 eos
3027 1013 3117 1083 qui
3157 1013 3382 1068 aderant
3427 1025 3482 1070 et
3528 1031 3617 1071 res
3648 1032 3678 1070 a

2096 1097 2251 1152 vobis
2278 1098 2535 1167 pra-clare
2582 1109 2764 1171 gestas
2795 1102 3061 1166 viderant,
3111 1104 3145 1158 ii
3184 1106 3274 1173 qtti
3320 1118 3426 1161 non
3458 1107 3681 1164 adurant

2094 1206 2196 1245 nec
2216 1191 2476 1255 viderant,
2506 1206 2879 1264 przeoccupant
2904 1213 2919 1250 :
2942 1197 3078 1252 adeo
3101 1199 3296 1268 ubique
3319 1201 3564 1271 evulgata
3588 1218 3677 1256 nes

2094 1293 2227 1339 erat.
2256 1285 2375 1351 Quo
2407 1285 2464 1341 ﬁt
2495 1296 2551 1341 ut
2579 1303 2686 1343 non
2723 1289 2794 1344 sit
2836 1290 2989 1345 nobis
3029 1306 3166 1362 opus
3195 1304 3369 1348 vestra
3414 1297 3682 1351 narrando

2094 1390 2188 1431 eos
2213 1375 2279 1431 ad
2308 1388 2489 1447 parem
2516 1377 2781 1437 deducere
2808 1382 2979 1436 zelum
3005 1391 3059 1437 et
3089 1384 3481 1440 aemulationem
3518 1404 3532 1441 :
3557 1404 3677 1441 nam

2093 1482 2213 1538 qua:
2249 1469 2395 1540 ipsos
2419 1473 2704 1541 oportebat
2746 1488 2775 1527 a
2813 1475 2967 1530 nobis
3009 1477 3215 1541 audire,
3248 1492 3312 1533 ea
3345 1479 3447 1549 ipsi
3476 1480 3680 1550 priores

2094 1562 2297 1618 dicunt.
2329 1564 2661 1634 Quamquam
2695 1567 2749 1622 in
2795 1566 2861 1623 iis
2893 1582 3013 1639 quae
3041 1579 3165 1625 sunt
3195 1569 3501 1638 hujustnodi
3534 1581 3677 1642 sa‘p'e

2098 1653 2292 1709 invidia
2336 1655 2623 1712 intervenit
2656 1672 2671 1712 :
2702 1659 2796 1713 sed
2829 1658 2967 1714 hanc
2992 1674 3205 1729 quoque
3233 1662 3361 1716 vicit
3401 1663 3677 1718 excellen-

2096 1745 2187 1811 tia,
2229 1754 2285 1801 et
2332 1747 2430 1816 ipsi
2474 1756 2598 1801 sunt
2643 1763 2919 1818 pra'eones
2959 1759 3261 1805 vestrorum
3301 1753 3678 1808 certaminum.

2096 1837 2349 1903 Quamvis
2386 1839 2487 1909 ipsi
2530 1840 2637 1894 siut
2668 1841 2971 1907 inferiores,
3020 1850 3088 1898 ne
3129 1844 3210 1898 sic
3233 1845 3448 1915 quidem
3480 1854 3678 1911 tacent.

2095 1930 2190 1985 sed
2220 1931 2569 1999 praeveniunt.
2613 1932 2779 1988 Nobis
2820 1943 3019 2000 autem,
3069 1944 3191 1991 eum
3229 1937 3364 1992 tales
3402 1939 3530 2006 sint,
3574 1956 3679 1995 non

2096 2020 2221 2075 licet
2248 2020 2406 2076 ﬁdem
2447 2034 2663 2093 negare.
2696 2024 2835 2092 Quid
2873 2034 2957 2080 est
2995 2026 3143 2091 illud,
3178 2028 3394 2096 Qualem
3419 2030 3680 2086 introitum

2097 2110 2416 2168 habuerimus
2436 2114 2504 2167 ad
2528 2130 2614 2169 sos
2629 2115 2656 2169 ξ’
2675 2115 2825 2183 Quod
2846 2117 3033 2186 plenus
3059 2117 3219 2173 fuerit
3245 2119 3514 2188 periculis,
3539 2124 3678 2193 quod

2097 2203 2370 2259 miraculis
2420 2205 2918 2276 imtumerabilihus,
2964 2210 3105 2280 quod
3151 2210 3284 2265 nihil
3339 2222 3404 2268 ex
3450 2213 3533 2266 his
3579 2230 3674 2267 vos

2097 2296 2537 2364 eonturbaverit;
2584 2299 2678 2354 sed
2707 2315 2771 2354 ac
2818 2300 2863 2354 si
2897 2301 3027 2355 nihil
3071 2302 3373 2370 accidisset,
3404 2305 3472 2359 ita
3520 2306 3674 2360 nobis

2097 2387 2488 2455 adluerehatis;
2523 2399 2789 2461 tamquam
2814 2393 2936 2447 mali
2966 2392 3097 2448 nihil
3129 2397 3387 2465 perpessi,
3419 2397 3511 2452 sed
3537 2398 3674 2452 bona

2097 2479 2367 2549 assequuti
2410 2479 2840 2550 innumerabilia,
2892 2484 2963 2539 ita
3009 2498 3107 2539 nos
3143 2488 3430 2557 emepistis
3474 2501 3676 2558 postea.

2097 2569 2375 2626 Secundus
2418 2571 2561 2627 enim
2613 2572 2698 2627 hic
2744 2574 2842 2629 fuit
2889 2574 3182 2645 ingressus.
3239 2579 3495 2636 Abierant
3544 2580 3676 2635 Ber-

2098 2659 2339 2727 rhteam;
2370 2662 2512 2733 passi
2559 2671 2683 2718 sunt
2711 2668 3180 2736 persequutiouem
3206 2682 3221 2722 :
3265 2674 3320 2726 ει
3345 2681 3527 2740 postea
3556 2688 3679 2727 cum

2098 2754 2394 2818 venissent,
2420 2766 2517 2809 eos
2546 2755 2617 2809 ita
2646 2767 2993 2826 exceperunt,
3023 2762 3171 2815 utab
3195 2761 3327 2833 ipsis
3349 2763 3682 2821 honoraren—

2100 2851 2207 2911 tttr,
2248 2854 2302 2899 et
2330 2846 2539 2901 animas
2579 2861 2704 2902 suas
2736 2863 2833 2918 pro
2867 2849 2997 2919 ipsis
3027 2862 3311 2919 ponerent.
3345 2853 3481 2909 illud
3522 2872 3676 2927 ergo,

2101 2934 2315 3000 Qualem
2359 2937 2618 2991 introitum
2648 2938 2967 2995 habuerimus
2995 2944 3064 2995 ad
3091 2954 3195 3010 vos,
3228 2950 3310 2999 est
3336 2947 3681 3015 conjttnetunt

2096 3042 2148 3084 et
2170 3028 2364 3085 lterum
2393 3039 2451 3085 et
2473 3030 2706 3100 ipsorum
2734 3034 3036 3088 encomium
3070 3052 3084 3088 :
3116 3035 3210 3091 sed
3240 3037 3352 3106 ipse
3383 3039 3433 3093 id
3462 3055 3687 3096 conver-

2101 3121 2163 3175 tit
2191 3121 2243 3175 in
2289 3122 2495 3177 laudem
2534 3122 2792 3193 ipSoruut.
2825 3124 2892 3179 Et
2917 3127 3171 3196 quomodo
3209 3130 3456 3196 conversi,
3488 3131 3680 3201 inquit,

2098 3217 2218 3271 estis
2257 3218 2327 3271 ad
2354 3216 2521 3272 Deum
2564 3235 2597 3273 a
2634 3220 2941 3283 simulacris.
2992 3234 3045 3277 ut
3081 3226 3307 3281 serviatis
3350 3225 3458 3281 Deo
3496 3229 3605 3282 vivo
3638 3237 3685 3282 et

2100 3322 2234 3361 vero.
2262 3308 2373 3365 lloc
2400 3319 2504 3377 est,
2540 3310 2717 3376 facile,
2750 3322 2804 3368 et
2833 3331 3023 3386 magna
3045 3333 3165 3374 cum
3196 3319 3552 3385 vehementia,
3582 3335 3683 3376 ne-

2099 3414 2204 3470 que
2231 3401 2401 3457 multo
2438 3408 2575 3473 opus
2616 3400 2877 3461 habuistis
2921 3409 3134 3478 negotio
3175 3419 3232 3466 ut
3271 3412 3546 3468 seri-iretis
3576 3412 3685 3471 Deo

2101 3493 2226 3549 vivo
2251 3501 2307 3549 et
2333 3502 2484 3551 vero.
2514 3495 2613 3552 llic
2651 3497 2812 3553 etiam
2842 3498 3019 3554 intulit
3042 3501 3469 3560 adhortationem
3500 3523 3514 3561 :
3543 3506 3687 3576 quod

2101 3592 2190 3640 est
2220 3586 2400 3642 minus
2421 3602 2646 3659 gravem
2670 3591 2970 3647 orationem
2998 3592 3291 3650 reddentis.
3327 3595 3393 3651 Et
3421 3606 3477 3651 ut
3504 3614 3688 3669 exspe-

2100 3678 2303 3733 ctantis
2341 3676 2535 3734 Filium
2561 3681 2669 3751 ejus
2694 3683 2757 3736 de
2782 3684 2941 3750 cadis,
2972 3701 3118 3754 quem
3144 3688 3403 3743 suscitavit
3441 3706 3505 3745 ea:
3546 3704 3690 3745 tuo»

2105 3768 2225 3832 tuis,
2252 3767 2452 3836 Iesum,
2485 3773 2571 3841 qui
2613 3771 2793 3826 liberat
2824 3791 2915 3830 nos
2940 3777 3004 3830 ab
3040 3778 3121 3831 ira
3159 3784 3386 3834 ventura.
3425 3780 3489 3835 Et
3525 3792 3578 3836 ut
3603 3794 3692 3838 ea:—

2103 3862 2418 3928 spectaretis.
2450 3863 2639 3931 inquit,
2669 3863 2863 3919 Filium
2888 3868 3000 3939 ejus
3019 3869 3082 3922 de.
3102 3869 3259 3938 cretis,
3289 3871 3381 3942 qui
3404 3873 3456 3926 itt
3478 3884 3689 3929 crucem

2107 3949 2202 4005 fuit
2224 3962 2396 4020 actus,
2428 3954 2516 4023 qui
2548 3955 2789 4024 sepultus
2816 3974 2828 4009 :
2864 3958 3097 4029 ideoque
3120 3959 3235 4015 huic
3260 3962 3542 4017 declarans
3569 3966 3694 4020 sub-

2102 4046 2294 4117 jtmgit,
2319 4048 2478 4115 Quem
2500 4049 2761 4103 suscitavit
2780 4067 2810 4106 e
2834 4053 3064 4107 mortuis.
3094 4052 3281 4110 Vidisii
3300 4056 3459 4112 simul
3481 4059 3689 4123 omnia,

2108 4142 2579 4206 resutrcciiottem,
2611 4143 3003 4212 ascensionem,
3049 4147 3339 4201 secundum
3381 4144 3690 4212 adventum.

2104 4230 2387 4301 judicium,
2412 4233 2679 4301 justorum
2706 4237 3211 4304 ren'tuneratiottetu,
3256 4238 3519 4293 malorum
3563 4255 3691 4309 sup-

2109 4325 2365 4396 plicium?
2391 4326 2591 4392 Iesum,
2622 4328 2813 4398 inquit,
2836 4330 2920 4398 qui
2949 4344 3040 4384 nos
3065 4330 3252 4398 eripuit
3275 4331 3438 4386 abire
3463 4343 3690 4388 ventura.

2111 4416 2177 4473 Et
2210 4417 2312 4473 hoc
2340 4427 2425 4473 est
2465 4417 2575 4473 illis
2611 4419 2884 4486 solatium,
2927 4420 3225 4475 consolatio
3268 4432 3323 4476 et
3367 4422 3689 4477 adhortatio.

2109 4510 2242 4567 Nam
2286 4510 2331 4567 si
2362 4512 2615 4567 excitavit
2655 4528 2686 4568 e
2717 4514 2961 4577 mortuis,
2991 4509 3047 4568 et
3088 4522 3171 4569 est
3202 4515 3253 4568 iu
3282 4516 3433 4580 cmlo,
3469 4524 3521 4571 et
3549 4514 3696 4569 illinc

2111 4614 2369 4659 venturus
2394 4611 2478 4659 est
2504 4604 2954 4675 (eteredidistis;
2988 4603 3088 4661 nisi
3117 4606 3267 4661 enim
3306 4621 3404 4661 vos
3445 4608 3533 4662 illa
3578 4622 3698 4663 cre-

2112 4696 2383 4753 didissetis
2410 4737 2425 4763 ,
2472 4708 2578 4751 non
2617 4698 2812 4752 essetis
2840 4707 2949 4752 tam
2993 4698 3157 4752 multa
3206 4697 3468 4770 perpessi)
3512 4717 3525 4754 :
3572 4709 3699 4755 sunt

2113 4788 2229 4845 inec
2271 4804 2483 4859 quoque
2527 4789 2799 4845 Sufﬁciens
2839 4790 3155 4846 consolatio.
3191 4788 3317 4857 isti,
3352 4792 3561 4864 inquit,
3604 4794 3702 4848 da-

2114 4880 2247 4937 bunt
2286 4897 2472 4951 pmnas
2506 4882 2524 4951 (
2551 4881 2693 4952 quod
2724 4873 2937 4953 quidem
2965 4884 3020 4938 in
3049 4884 3280 4939 secunda
3326 4900 3538 4957 quoque
3569 4886 3698 4942 dicit

2114 4973 2333 5045 epistola
2363 4972 2514 5047 [Cap.
2540 4976 2589 5029 1.
2607 4973 2771 5047 a.9]).
2813 4974 2873 5029 Et
2899 4975 3121 5029 alienam
3144 4992 3228 5031 vos
3258 4977 3498 5032 habebitis
3522 4994 3699 5032 conso-

2115 5067 2357 5121 lationem
2373 5076 2472 5120 non
2502 5083 2731 5136 part-am.
2764 5064 2826 5120 Et
2854 5068 2915 5120 ut
2936 5068 3246 5138 exspectetis,
3277 5068 3463 5139 inquit,
3488 5068 3652 5139 [ilium
3675 5087 3701 5124 e

2114 5159 2292 5222 catis,-
2329 5159 2617 5213 ostendens
2642 5174 2704 5213 ea
2744 5175 2861 5228 qua:
2886 5170 3007 5213 sunt
3035 5159 3211 5231 gravia
3241 5172 3293 5215 et
3333 5167 3541 5230 aspera,
3582 5176 3702 5217 esse

2120 5248 2173 5304 in
2224 5250 2489 5316 manibus,
2522 5249 2656 5303 bona
2702 5260 2880 5304 autem
2926 5248 2978 5303 in
3024 5252 3440 5319 exspectatione,
3488 5250 3701 5321 quando

2115 5341 2361 5415 Christus
2405 5341 2585 5396 veniet
2623 5356 2656 5396 e
2699 5341 2869 5395 cadis.
2903 5340 3037 5395 Vide
3083 5351 3280 5410 quamn
3306 5358 3400 5413 spe
3429 5343 3498 5396 sit
3524 5356 3691 5413 Opus,

2116 5433 2257 5505 quod
2307 5434 2550 5489 Christus
2608 5432 2659 5485 in
2696 5446 2910 5485 erucem
2970 5441 3157 5497 actus,
3188 5433 3257 5486 sit
3308 5435 3597 5488 suscitatus
3648 5446 3705 5491 et

2118 5536 2427 5597 assumptus
2484 5525 2539 5578 in
2589 5525 2957 5594 Ctl'itiS;-tffm'd
3016 5536 3269 5580 venturus
3314 5527 3384 5581 sit
3441 5518 3512 5581 ad
3554 5525 3702 5595 judi-

2118 5617 2317 5673 candos
2366 5617 2516 5670 vivos
2562 5624 2616 5669 et
2668 5618 2929 5669 mortuos.
2960 5613 3136 5686 (Cap.
3167 5615 3251 5687 εὶς)
3280 5617 3330 5671 1.
3368 5614 3503 5669 Nam
3533 5628 3581 5672 et
3607 5612 3705 5687 ipsi

2118 5709 2256 5764 scitis
2276 5750 2289 5772 ,
2318 5705 2833 5779 fratres,-introitum
2878 5718 3107 5760 nostrum
3157 5706 3229 5761 ad
3270 5716 3393 5773 res,
3425 5707 3562 5777 quod
3605 5714 3706 5762 non

2119 5801 2286 5858 in‘ani‘s
2327 5800 2458 5869 fuit;
2500 5799 2555 5853 2.
2587 5799 2674 5853 sed
2722 5809 2840 5852 ante
2880 5799 3017 5868 passi
3057 5799 3234 5863 multa,
3289 5804 3336 5852 e't
3391 5799 3711 5853 conmmcliis

2122 5892 2308 5960 allecti,
2347 5890 2471 5946 sicut
2500 5890 2656 5960 scitis,
2685 5890 2735 5945 iu
2772 5887 3048 5962 Philippis,
3077 5890 3318 5961 ﬁduciam
3350 5889 3614 5944 habuimus
3649 5894 3701 5948 in
