4140 6504
416 370 509 424 ΜΗ

414 491 520 543 [Iro
550 498 725 541 nostra
749 485 882 555 loqui
911 485 979 539 ad
1012 500 1096 540 vos
1137 486 1452 557 evangelium
1485 484 1577 540 Dei
1608 487 1660 540 in
1685 487 1841 540 multa
1868 487 2010 540 solli-

408 582 651 637 cttudine.

478 674 534 727 2.
580 675 768 744 Magna
811 672 1028 743 quidem
1060 682 1112 726 et
1145 674 1397 743 praulara
1432 684 1557 729 sunt
1583 691 1699 745 qua:
1730 675 1969 745 gessistis
1997 693 2009 741 ;

407 767 500 821 sed
530 782 629 821 nec
656 782 752 821 nos
779 766 1015 819 humano
1040 781 1288 820 sermone
1315 768 1391 821 usi
1422 782 1626 822 sumus.
1658 767 1761 824 Sed
1792 769 1841 823 id
1869 768 2009 840 quod

405 862 673 930 superius,
708 860 793 912 hic
820 875 1032 930 quoque
1058 860 1206 924 dicit,
1237 861 1377 931 quod
1407 862 1671 932 utrimque
1698 863 2012 918 ostendatur

406 952 577 1020 qualis
618 952 683 1005 sit
734 950 1042 1020 priedicatio
1068 992 1081 1014 ,
1115 964 1167 1004 et
1198 968 1260 1005 ex
1293 953 1456 1021 Signis
1483 994 1497 1018 ,
1526 962 1582 1008 et
1612 970 1674 1008 cx
1706 970 1891 1009 eorum
1920 956 2008 1025 qui

408 1044 700 1110 praulieant
732 1045 996 1107 instituto,
1021 1053 1072 1097 et
1099 1060 1160 1097 ex
1193 1043 1404 1099 fervore
1431 1055 1483 1100 et
1510 1046 1686 1101 studio
1711 1062 1896 1102 eorum
1920 1049 2008 1118 qui

404 1136 725 1205 suscipiunt.
758 1134 871 1203 Ipsi
900 1136 1063 1199 cuitu,
1101 1136 1290 1205 inquit,
1324 1136 1463 1189 scitis
1494 1147 1538 1190 et
1571 1147 1796 1191 nostrum
1827 1139 1893 1191 ad
1924 1156 2008 1194 vos

405 1230 665 1283 introitum
690 1271 702 1289 .
731 1229 868 1299 quod
898 1246 997 1282 non
1030 1229 1125 1295 (uit
1155 1232 1321 1283 inanis
1352 1248 1369 1285 :
1397 1231 1497 1286 hoc
1528 1242 1609 1287 est
1632 1275 1646 1296 ,
1682 1249 1787 1288 non
1820 1234 2009 1291 Imma-

406 1339 505 1375 nus
532 1367 546 1385 ,
596 1337 768 1391 neque
815 1323 945 1375 levis
976 1338 1037 1375 ac
1063 1325 1313 1391 vulgaris.
1354 1324 1395 1378 Α
1431 1326 1637 1393 magnis
1664 1328 1805 1381 enim
1836 1330 2004 1399 erepti

405 1418 655 1485 periculis
683 1428 736 1472 et
764 1419 1024 1472 mortibus
1052 1430 1106 1474 et
1135 1421 1302 1491 plagis
1325 1463 1337 1487 ,
1373 1423 1654 1477 incidimus
1684 1440 1868 1479 rursus
1891 1433 2004 1479 sta-

404 1514 495 1563 tim
532 1513 581 1564 in
612 1512 868 1579 pericula.
909 1512 1016 1566 Sed
1045 1524 1181 1580 ante,
1215 1516 1416 1583 inquit.
1453 1518 1589 1586 passi
1618 1519 1797 1582 multa,
1828 1529 2005 1572 contu-

402 1606 566 1657 meliis
596 1603 783 1670 affecti,
815 1606 944 1657 sicut
974 1606 1128 1667 scitis,
1162 1607 1212 1660 in
1247 1606 1522 1676 Philippis,
1553 1610 1795 1678 ﬁduciam
1824 1611 2003 1665 habui-

407 1710 515 1746 mus
542 1696 591 1746 in
628 1693 731 1747 Deo
763 1706 956 1749 nostro.
992 1695 1152 1749 Vides
1182 1698 1449 1767 quomodo
1478 1715 1661 1753 rursus
1695 1710 1861 1755 totum
1895 1703 2001 1757 Deo

404 1788 685 1841 attribuit?
736 1789 815 1841 Ad
854 1790 1158 1860 loquendum
1186 1833 1199 1853 ,
1238 1792 1405 1861 inquit
1433 1835 1446 1857 ,
1479 1794 1548 1847 ad
1575 1810 1660 1847 vos
1686 1796 2001 1866 evangelium

404 1880 500 1934 Dei
528 1881 579 1934 in
612 1882 766 1935 multa
791 1881 1152 1936 sollicitudine.
1189 1884 1298 1938 Dici
1327 1901 1431 1939 non
1465 1895 1639 1955 potest
1665 1898 1864 1957 quanto
1895 1887 2000 1942 illic

407 1978 456 2028 in
494 1977 728 2045 periculo
756 1976 948 2032 fuimus
970 2021 983 2045 ,
1022 1979 1105 2031 hic
1136 1994 1263 2033 vero
1296 1995 1398 2033 non
1431 1999 1441 2033 :
1474 1982 1621 2035 scitis
1650 1982 1792 2036 enim
1824 1991 1871 2035 et
1904 1998 1999 2037 vos

403 2079 657 2136 quantum
694 2071 847 2125 fuerit
883 2072 1171 2141 periculum
1200 2117 1213 2139 ,
1247 2090 1367 2128 cum
1401 2084 1594 2145 quanta
1639 2075 1999 2132 sollicitudine

403 2165 661 2217 lnerimus
692 2164 828 2235 apud
861 2181 975 2218 vos;
1007 2166 1157 2232 Quod
1191 2168 1253 2221 ad
1284 2166 1591 2221 Corinthios
1619 2183 1830 2237 quoque
1860 2169 1997 2223 scri-

399 2257 530 2309 hens
558 2257 686 2311 dicit
715 2298 727 2320 ,
766 2256 827 2311 In
860 2259 1156 2327 inﬁrmitate
1184 2270 1227 2314 et
1256 2260 1425 2314 labore
1456 2270 1498 2313 et
1530 2262 1580 2313 in
1611 2261 1788 2315 timore
1813 2271 1860 2313 et
1893 2271 1995 2315 tre-

398 2366 534 2403 more
577 2351 733 2404 multo
763 2353 839 2422 fui
865 2352 1005 2420 apud
1036 2369 1118 2407 vos
1145 2354 1161 2424 (
1188 2354 1236 2407 1.
1267 2353 1445 2409 Cor.9..
1483 2354 1575 2426 5
1612 2355 1662 2409 5.
1698 2353 1997 2408 Exhortatio

397 2445 528 2496 ciiim
559 2454 728 2498 nostra
760 2463 859 2499 non
887 2447 949 2499 de
973 2464 1159 2505 errore.
1192 2464 1351 2515 neque
1380 2448 1443 2501 de
1470 2448 1811 2514 immunditia,
1842 2464 1998 2512 neque

396 2539 446 2589 in
478 2538 629 2603 dolo;
658 2540 708 2592 lt.
740 2539 827 2593 sed
853 2539 981 2592 sicut
1014 2540 1209 2607 probati
1241 2556 1413 2591 sumus
1441 2557 1469 2591 a
1496 2539 1600 2592 Deo
1630 2548 1682 2591 ut
1711 2538 1996 2592 crederetur

397 2632 538 2685 nobis
570 2635 880 2704 evangelium
908 2675 919 2693 ,
963 2634 1033 2685 ita
1077 2635 1331 2702 loquimur
1357 2675 1369 2694 ,
1405 2651 1503 2685 non
1535 2635 1679 2705 quasi
1709 2634 1995 2688 hominibus

398 2731 673 2797 placentes,
700 2729 786 2781 sed
815 2728 918 2781 Deo
941 2729 1024 2797 qui
1050 2730 1227 2799 probat
1250 2730 1405 2782 corda
1428 2740 1619 2781 nostra.
1647 2729 1806 2783 Vides
1827 2731 1990 2800 quod,

396 2821 533 2873 sicut
580 2820 686 2873 dixi
716 2862 730 2885 ,
772 2837 833 2873 cx
880 2837 1066 2874 eorum
1103 2822 1349 2875 instantia
1382 2823 1544 2875 sumit
1574 2833 1947 2893 argumentum
1975 2866 1990 2892 ,

395 2913 534 2981 quod
565 2912 740 2966 divina
770 2914 837 2966 sit
866 2913 1192 2982 prmdicatio.
1225 2914 1352 2967 Nam
1382 2916 1425 2969 si
1458 2915 1559 2969 hoc
1585 2932 1688 2969 non
1714 2916 1783 2969 ita
1808 2927 1989 2981 esset,

396 3008 437 3059 si
472 3016 612 3061 esset
644 3006 910 3075 deceptio,
936 3021 1037 3060 non
1073 3017 1178 3060 tam
1213 3009 1375 3061 multa
1412 3008 1549 3077 passi
1583 3024 1826 3064 essemus
1854 3010 1996 3079 peri-

395 3100 510 3151 cula
540 3141 551 3162 ,
586 3115 703 3167 quae
736 3115 801 3152 ne
838 3099 1205 3153 concedebant
1249 3100 1464 3170 quidem
1497 3110 1552 3155 ut
1581 3103 1987 3171 rcspiraremus.

395 3194 657 3261 Quiduam
690 3203 770 3247 est
798 3194 963 3262 ergo?
989 3194 1042 3248 Si
1073 3209 1176 3247 non
1210 3193 1532 3259 futurorum,
1568 3197 1757 3266 inquit,
1791 3194 1990 3267 aliquid

398 3303 495 3341 nos
538 3286 836 3349 excitaret,
872 3286 914 3338 si
963 3301 1067 3339 non
1115 3292 1429 3355 persuasum
1474 3289 1629 3343 nobis
1666 3297 1811 3345 esset
1849 3290 1991 3359 quod

400 3380 535 3431 bona
578 3378 646 3430 sit
686 3392 849 3446 spes,
883 3393 987 3431 non
1031 3379 1099 3431 ita
1142 3378 1392 3434 alacriter
1435 3381 1485 3434 in
1533 3384 1786 3437 serumnis
1817 3384 1989 3439 allecti

399 3470 704 3523 fuissemus.
749 3469 878 3535 Quis
922 3470 1062 3522 enim
1105 3470 1327 3539 eligeret
1376 3486 1472 3540 pro
1504 3472 1568 3525 iis
1599 3489 1717 3543 qua:
1754 3474 1840 3528 hic
1870 3484 1993 3529 sunt

399 3574 503 3615 tam
534 3563 696 3615 multa
721 3563 1008 3627 sustinere,
1033 3572 1086 3617 et
1112 3564 1211 3616 vita
1238 3566 1417 3618 vivere
1439 3564 1665 3618 sollicita
1690 3574 1743 3619 et
1764 3566 1994 3621 laborio-

396 3672 451 3709 sa
480 3666 529 3709 ct
561 3655 714 3724 plena
737 3654 1024 3724 periculis?
1050 3656 1258 3708 cuinam
1284 3655 1423 3708 enim
1451 3657 1991 3725 pchIIascrint?nam

398 3748 510 3801 lucc
538 3748 648 3816 ipsa
674 3763 851 3801 annon
880 3745 1149 3800 sufficiunt
1172 3747 1235 3800 ad
1262 3748 1653 3817 perun-baiulus
1676 3747 1988 3819 discipulos,

394 3860 514 3896 (nm
551 3851 906 3912 pra‘ceptorcs
934 3842 1147 3896 videant
1179 3843 1228 3896 in
1260 3842 1510 3912 periculis
1528 3843 1549 3894 ἱ)
1581 3844 1685 3898 Sed
1719 3845 1819 3899 hoc
1841 3847 1992 3901 vobis

396 3952 501 3989 non
532 3935 723 3989 accidit
751 3956 762 3990 :
794 3933 1094 3988 Exhortatio
1117 3936 1250 3988 enim
1275 3945 1467 4003 nostra,
1497 3936 1597 3990 hoc
1618 3948 1699 3989 est
1722 3937 1988 4006 doctrina,

395 4046 496 4081 non
527 4038 599 4081 est
638 4028 701 4081 dt:
743 4045 932 4082 errore.
968 4025 1081 4080 Non
1117 4035 1197 4081 cst
1223 4068 1236 4093 ,
1275 4026 1481 4097 inquit,
1513 4044 1599 4083 res
1630 4029 1784 4084 dolus
1819 4046 1992 4101 neque

394 4121 661 4190 deccptio,
697 4132 749 4173 ut
777 4123 1033 4175 cedamus
1066 4136 1077 4172 :
1115 4134 1218 4172 non
1248 4128 1357 4185 est,
1394 4134 1490 4188 pro
1524 4121 1681 4175 rebus
1708 4122 1910 4177 odiosis
1939 4132 1993 4179 et

393 4213 761 4278 exsecrandis,
796 4228 900 4267 non
933 4228 1027 4281 pro
1057 4212 1554 4282 prmstigiamribus,
1579 4224 1630 4267 et
1660 4216 1860 4284 magis;
1892 4217 1992 4272 hoc

393 4311 534 4364 enim
575 4310 673 4363 sibi
706 4308 811 4363 \ult
844 4307 969 4362 illud
998 4350 1011 4371 ,
1048 4307 1122 4360 De
1152 4308 1510 4371 innnunditia;
1542 4323 1713 4378 neque
1745 4310 1794 4363 in
1825 4311 1948 4364 dolo
1973 4355 1987 4376 ,

393 4419 567 4471 neque
593 4401 904 4456 allectantes
933 4401 1235 4469 impcrimn,
1264 4400 1403 4469 quod
1433 4398 1555 4453 fecit
1580 4400 1857 4468 'l'heudas;
1886 4402 1992 4457 Sed

392 4499 520 4551 sicut
554 4497 751 4563 probati
777 4512 952 4550 sumus
982 4512 1011 4547 a
1040 4493 1178 4561 Deo,
1210 4504 1265 4547 ut
1296 4496 1580 4547 crederetur
1608 4497 1749 4549 nobis
1780 4513 1991 4567 evange-

392 4593 537 4655 lium,
572 4591 641 4644 ita
673 4591 943 4658 loquimur,
978 4605 1077 4642 non
1108 4590 1250 4658 quasi
1279 4589 1564 4643 hominibus
1595 4590 1869 4659 placentes,
1902 4592 1991 4645 sed

394 4685 522 4740 Deo.
562 4684 721 4739 Vides
748 4682 887 4754 quod
922 4699 1026 4736 non
1060 4683 1131 4736 sit
1166 4683 1339 4735 inanis
1368 4681 1576 4751 gloria?
1606 4681 1711 4737 Sed
1740 4682 1868 4746 Deo,
1904 4684 1987 4737 in-

391 4779 526 4847 quit,
557 4777 643 4847 qui
670 4776 846 4845 probat
873 4777 1029 4827 corda
1057 4783 1247 4826 nostra.
1281 4772 1442 4837 Nihil,
1478 4773 1665 4842 inquit,
1697 4775 1904 4843 agimus
1935 4783 1991 4829 ut.

392 4868 701 4923 hominibus
748 4867 1053 4934 placeamus
1080 4884 1091 4918 :
1118 4880 1349 4934 quanam
1395 4865 1535 4919 enim
1574 4865 1640 4920 (lc
1681 4881 1839 4921 causa
1886 4868 1988 4923 hoc

393 4961 745 5017 fecissemus?
784 4957 1017 5019 Deinde,
1058 4972 1178 5011 cum
1225 4972 1368 5025 ιιιεοε
1408 4955 1678 5011 laudasset
1717 4958 1947 5013 dicendo
1974 5002 1986 5026 ,

394 5058 507 5111 Non
558 5066 829 5124 tamquam
876 5052 1117 5106 volentes
1170 5050 1476 5104 hominibus
1531 5051 1781 5120 placere.
1815 5068 1989 5120 neque

394 5154 629 5204 honores
674 5154 979 5218 ([lltIll‘L‘lllCS
1024 5144 1090 5197 ab
1142 5142 1480 5207 hominibus;
1534 5143 1847 5213 subiungit:
1884 5144 1990 5199 Sed

392 5247 521 5298 sicut
552 5242 748 5311 probati
775 5255 949 5295 sumus
977 5255 1007 5291 a
1042 5237 1144 5291 Deo
1168 5280 1180 5297 ,
1217 5247 1267 5288 ut
1294 5236 1579 5290 crederetur
1605 5238 1745 5291 nobis
1774 5255 1987 5309 evange-

392 5338 519 5390 lium
548 5334 667 5388 Dei.
701 5335 777 5387 Ac
806 5334 851 5385 si
880 5331 1115 5391 diceret,
1148 5329 1255 5383 Nisi
1305 5344 1401 5383 nos
1432 5329 1665 5383 novisset
1698 5330 1891 5384 liberos
1923 5330 1990 5384 ab

393 5428 537 5484 onmi
571 5443 625 5481 re
653 5443 772 5496 qua:
804 5425 868 5478 ad
899 5424 1036 5478 hanc
1065 5424 1224 5475 vitam
1258 5422 1508 5491 pertinet,
1541 5437 1646 5475 non
1672 5437 1766 5475 nos
1792 5423 1987 5490 elegis-

394 5530 477 5575 set
508 5539 519 5572 :
551 5520 736 5590 quales
779 5532 909 5587 ergo
950 5516 1232 5585 probavit,
1278 5515 1409 5569 tales
1454 5530 1753 5568 manemus.
1796 5516 1839 5567 Α
1884 5514 1990 5568 Deo

397 5611 593 5674 probati
620 5625 808 5670 sumus,
838 5608 1044 5676 inquit;
1073 5606 1122 5661 id
1150 5615 1252 5671 est,
1279 5620 1375 5659 nos
1406 5606 1668 5675 probavit,
1695 5616 1743 5660 cl
1766 5608 1993 5662 credidit

397 5703 551 5758 nobis
576 5700 916 5771 evangelium
942 5717 953 5751 ε
977 5709 1027 5751 ιιι
1057 5714 1187 5768 ergo
1219 5698 1325 5751 lico
1354 5714 1450 5751 nos
1484 5698 1633 5769 probi
1659 5698 1753 5752 visi
1783 5714 1988 5767 sumus,

395 5802 474 5855 sic
501 5812 800 5853 manemus.
828 5794 1036 5849 Nostra:
1057 5792 1268 5847 virtutis
1290 5792 1497 5861 signum
1527 5801 1608 5845 est
1632 5800 1683 5845 et
1704 5807 1992 5863 argumen—

398 5904 507 5947 tum
536 5932 550 5956 ,
586 5888 725 5960 quod
772 5888 923 5942 nobis
966 5886 1035 5939 sit
1077 5884 1338 5940 creditum
1371 5884 1706 5953 evangelium
1749 5902 1762 5940 :
1792 5888 1836 5941 si
1868 5888 1994 5958 quid

1284 366 1350 422 lN
1390 365 1608 424 El‘lST.
1652 368 1670 422 1
1732 368 1822 423 AD
1865 364 2198 429 TllESSAL.
2242 377 2393 435 CAP.
2440 382 2502 439 ll.
2547 384 2781 445 llOMll..
2826 389 2890 446 ll.

3616 400 3722 455 4οΞ

2120 491 2317 548 malum
2364 497 2549 555 fuisset
2592 501 2642 554 in
2690 504 2844 557 nobis
2870 548 2883 571 ,
2920 506 3059 561 Deus
3090 524 3188 564 nos
3217 524 3321 565 non
3366 511 3717 581 probavisset.

2120 582 2253 639 Illud
2282 600 2493 657 autem,
2526 593 2806 663 Prohavit,
2840 596 2927 652 hic
2956 601 3251 669 signiﬁcat,
3284 602 3489 659 Invenit
3523 608 3720 676 probos

2118 684 2171 729 et
2193 679 2452 746 credidit;
2478 699 2605 750 non,
2628 685 2907 744 Scrutatus
2929 701 3007 746 est
3030 712 3042 747 :
3062 708 3158 748 nos
3176 696 3317 749 enim
3342 697 3418 752 sic
3442 699 3719 767 probando

2117 771 2343 839 agimus,
2378 775 2465 829 ille
2496 779 2612 831 sine
2646 781 2734 833 tali
2770 784 3103 849 probatione.
3139 788 3228 843 Sic
3262 804 3390 860 ergo
3422 792 3712 862 loquimur,

2118 872 2173 915 ut
2209 880 2300 931 par
2328 876 2409 919 est
2436 883 2529 923 eos
2556 872 2643 940 qui
2677 888 2703 924 a
2743 874 2850 929 Deo
2882 888 3002 931 sunt
3036 881 3264 948 probati,
3294 892 3347 937 et
3373 885 3562 939 crediti
3591 896 3716 941 sunt

2116 970 2234 1011 esse
2266 957 2409 1029 digni
2441 964 2722 1032 evangelio
2755 986 2767 1021 :
2798 978 2846 1022 et
2872 1010 2885 1034 ,
2920 969 3222 1042 Loquimur,
3254 993 3353 1030 non
3378 980 3523 1048 quasi
3549 979 3715 1032 homi-

2114 1048 2260 1102 nibus
2286 1052 2579 1121 placentes;
2609 1055 2708 1111 hoc
2736 1067 2816 1112 est
2836 1101 2848 1124 ,
2887 1076 2990 1114 non
3022 1074 3241 1133 propter
3268 1082 3363 1121 vos
3392 1069 3506 1123 ha‘c
3533 1072 3710 1125 omnia

2112 1138 2355 1197 fecimus.
2389 1144 2651 1212 Quoniam
2682 1150 2829 1218 prius
2860 1152 3002 1221 ipsos
3033 1154 3288 1222 laudavit,
3321 1174 3388 1215 ne
3415 1161 3553 1229 quod
3584 1162 3714 1215 dicit

2112 1248 2328 1289 Vocaret
2358 1236 2408 1290 in
2437 1241 2820 1310 suspicionem,
2854 1246 2925 1298 ait
2952 1264 2963 1298 :
2994 1246 3042 1301 5.
3080 1246 3256 1318 Neque
3280 1252 3410 1302 enim
3437 1254 3711 1322 aliquando

2112 1329 2303 1397 fuimus
2341 1334 2393 1385 in
2436 1349 2667 1388 sermone
2705 1339 3016 1394 adulationis
3039 1383 3052 1406 ,
3084 1342 3214 1395 sicut
3254 1345 3447 1407 nostis;
3475 1362 3631 1415 neque
3659 1348 3710 1399 in

2106 1620 2219 1659 cum
2250 1624 2510 1678 possemus
2539 1627 2644 1667 esse
2665 1616 2807 1667 oneri
2832 1624 3087 1685 tamquam
3117 1617 3304 1672 Christi
3329 1621 3564 1689 apostoli.
3602 1620 3684 1673 Ne
3702 1654 3713 1661 ο

2104 1715 2202 1768 que
2225 1701 2357 1754 enim
2386 1703 2662 1774 aliquando
2690 1708 2877 1777 fuimus
2908 1711 2959 1762 in
2986 1727 3217 1783 sermone
3244 1712 3584 1777 adulationis,
3622 1714 3707 1766 iu-

2105 1792 2219 1861 quit
2245 1810 2256 1847 :
2285 1793 2385 1849 hoc
2415 1804 2498 1850 est
2520 1839 2533 1861 ,
2564 1797 2681 1852 Non
2712 1800 2911 1854 adulati
2944 1817 3129 1857 sumus
3154 1844 3166 1863 ,
3201 1803 3341 1873 quod
3374 1804 3588 1873 quidem
3623 1814 3708 1858 est

2104 1898 2289 1940 eorum
2321 1888 2409 1957 qui
2449 1888 2763 1960 decipiunt,
2799 1894 2887 1963 qui
2918 1894 3103 1949 volunt
3150 1897 3427 1964 possidere
3453 1906 3507 1952 et
3533 1897 3706 1950 domi-

2104 1987 2287 2034 natum
2330 1980 2594 2037 obtinere.
2638 1984 2751 2039 Non
2796 1996 2972 2055 potest
2998 1988 3100 2043 dici
3130 1990 3268 2059 quod
3302 1991 3500 2045 adulati
3534 1991 3704 2045 simus

2103 2082 2160 2127 ut
2188 2073 2522 2131 dominatum
2549 2077 2904 2142 obtineamus,
2930 2097 3104 2152 neque
3125 2082 3266 2152 quod
3297 2094 3515 2154 propter
3541 2101 3701 2156 pceu'

2101 2168 2243 2221 niam
2277 2183 2343 2223 co
2373 2170 2699 2226 venerimus.
2734 2172 2902 2242 Hujus
2930 2176 3029 2240 rei,
3059 2190 3189 2229 sane
3220 2177 3503 2240 evidentis,
3538 2187 3702 2232 testes

2102 2264 2247 2333 ipsos
2274 2266 2559 2335 compellat
2584 2284 2596 2319 :
2623 2267 2703 2320 An
2734 2267 2933 2321 adulati
2962 2268 3150 2332 simus,
3180 2284 3271 2324 vos
3300 2270 3468 2336 scitis,
3496 2271 3698 2339 inquit:

2100 2358 2241 2427 quod
2276 2369 2455 2412 autem
2488 2375 2593 2413 non
2623 2368 2737 2414 erat
2769 2360 2989 2415 evidens
3014 2402 3028 2424 ,
3060 2376 3125 2414 an
3162 2376 3255 2431 per
3280 2362 3498 2421 modum
3529 2364 3704 2416 avari-

2100 2450 2208 2514 tirc,
2237 2452 2400 2505 Deum
2428 2451 2553 2505 citat
2583 2462 2793 2507 testem.
2822 2451 3001 2520 Neque
3024 2464 3304 2523 quwrentes
3331 2455 3390 2507 ab
3418 2456 3701 2509 hominibus

2097 2542 2350 2612 gloriam,
2382 2559 2537 2611 neque
2563 2560 2594 2595 a
2630 2544 2796 2607 vobis,
2829 2561 2988 2613 neque
3018 2546 3079 2598 ab
3106 2546 3263 2609 aliis;
3294 2563 3407 2599 cum
3440 2564 3701 2616 possemus

2098 2650 2205 2687 esse
2233 2635 2375 2687 oneri
2398 2675 2412 2699 ,
2444 2644 2700 2703 tamquam
2730 2635 2916 2689 Christi
2943 2637 3181 2707 apostoli.
3235 2638 3345 2692 lloc
3371 2648 3453 2691 est
3476 2680 3489 2701 ,
3526 2654 3698 2707 neque

2098 2725 2332 2782 honores
2355 2736 2678 2798 qumrentes,
2705 2742 2881 2797 neque
2902 2729 3191 2798 gloriantes
3213 2737 3266 2783 ct
3288 2744 3386 2782 nos
3407 2729 3692 2798 jactautesr

2098 2835 2197 2875 nec
2222 2820 2401 2889 stipati
2430 2820 2767 2875 satellitibus.
2797 2822 3130 2891 Quamquam
3157 2820 3201 2875 si
3228 2821 3329 2876 hoc
3355 2820 3695 2886 fecissemus,

2097 2913 2228 2968 nihil
2278 2912 2593 2968 fecissemus
2638 2913 2871 2967 alicnmn
2909 2933 2922 2968 :
2954 2929 3074 2968 nam
3126 2914 3170 2968 si
3209 2914 3428 2984 quidam
3475 2916 3619 2969 missi
3667 2932 3695 2969 a

2096 3006 2350 3073 regibus,
2383 3014 2507 3059 sunt
2553 2992 2728 3059 tamen
2774 3006 2824 3059 in
2871 3005 3111 3071 honore,
3150 3007 3318 3061 multo
3360 3008 3529 3077 magis
3575 3023 3692 3063 nos.

2094 3099 2283 3169 Neque
2314 3099 2479 3163 dixit,
2515 3098 2849 3154 Contumelia
2883 3099 3059 3154 allecti
3087 3115 3306 3164 sumus,
3340 3117 3513 3171 neque
3536 3143 3548 3166 ,
3583 3101 3695 3156 llo-

2096 3210 2282 3249 norem
2326 3210 2429 3247 non
2471 3208 2658 3248 sumus
2696 3193 3051 3263 consequuti,
3085 3193 3227 3263 quod
3258 3194 3471 3264 quidem
3503 3210 3696 3263 expro-

2096 3286 2301 3341 brantis
2342 3284 2562 3350 luisset;
2593 3285 2684 3339 sed
2710 3328 2723 3351 ,
2758 3285 2869 3338 Non
2903 3286 3267 3355 quzcsivtmus.
3299 3286 3401 3352 Qui
3429 3301 3556 3355 ergo
3588 3302 3693 3339 non

2096 3380 2463 3449 qumsivimus,
2494 3394 2612 3431 cum
2648 3378 2833 3433 liceret
2859 3393 3124 3447 qumrere,
3160 3377 3261 3432 hoc
3286 3378 3446 3433 etiam
3478 3378 3698 3448 exigen-

2098 3482 2149 3528 te
2177 3472 2576 3542 prcedicationc,
2605 3471 2875 3541 quomodo
2907 3472 3219 3527 fecissemus
3245 3470 3444 3541 aliquid
3478 3479 3695 3539 prepter

2095 3567 2358 3636 gloriam?
2402 3566 2735 3635 Quamquam
2779 3566 2987 3621 etiamsi
3019 3565 3452 3636 qttmsivisscmus
3479 3607 3491 3626 ,
3526 3583 3591 3621 ne
3617 3567 3693 3620 sic

2096 3658 2310 3728 quidem
2342 3672 2584 3711 essemus
2611 3656 2895 3711 accusandi
2919 3676 2930 3711 :
2954 3672 3163 3727 aequum
3193 3666 3335 3711 esset
3358 3657 3499 3711 enim
3526 3658 3691 3726 utqui

2095 3766 2124 3803 a
2157 3750 2264 3805 Deo
2293 3750 2441 3805 miSsi
2472 3760 2594 3803 sunt
2622 3749 2686 3802 ad
2720 3749 2971 3803 homines
2991 3791 3005 3815 ,
3036 3759 3304 3819 tamquam
3333 3765 3361 3803 a
3390 3748 3523 3804 cado
3553 3765 3694 3803 nunc

2097 3843 2373 3899 venientes
2416 3843 2571 3913 legati
2600 3885 2614 3910 ,
2646 3858 2837 3921 magno
2870 3842 3174 3897 fruerentur
3212 3841 3439 3897 honore.
3472 3842 3576 3897 Sed
3611 3843 3694 3897 his

2098 3938 2354 4008 neglecds
2400 3951 2498 3991 nos
2545 3938 2734 3989 hormn
2777 3935 2909 3991 nihil
2957 3934 3219 4005 fecimus,
3252 3945 3311 3991 ut
3350 3936 3694 3991 obstruamus

2096 4046 2189 4085 ora
2218 4030 2668 4085 adversariorum.

2169 4126 2222 4180 ’5.
2265 4124 2448 4194 Neque
2492 4122 2596 4177 dici
2642 4130 2819 4191 potest
2859 4121 2999 4192 quod
3039 4137 3163 4193 erga
3196 4138 3291 4177 vos
3327 4122 3541 4193 quidem
3575 4124 3652 4177 sic
3676 4164 3690 4185 ,

2096 4232 2221 4285 erga
2263 4218 2396 4271 alios
2429 4225 2607 4270 autem
2647 4230 2750 4268 non
2788 4217 2865 4269 sic
2895 4230 2993 4269 nos
3021 4230 3272 4285 geramus
3302 4234 3314 4268 :
3346 4216 3418 4268 ita
3450 4219 3592 4269 enim
3625 4215 3691 4269 ad

2096 4309 2400 4364 Corinthios
2428 4323 2639 4378 quoque
2667 4307 2909 4361 scribens
2935 4308 3147 4361 diccbat
3173 4324 3185 4360 :
3212 4308 3486 4361 Sustmctis
3516 4308 3646 4361 enim
3674 4349 3688 4373 ,

2094 4402 2139 4456 si
2164 4402 2275 4471 quis
2303 4418 2388 4455 vos
2415 4402 2467 4454 in
2495 4401 2780 4454 servitutem
2807 4401 2989 4472 redigit
3006 4442 3019 4461 ,
3042 4401 3087 4453 si
3114 4401 3225 4470 quis
3252 4401 3485 4463 devorat,
3511 4402 3553 4455 si
3580 4402 3693 4471 quis

2094 4496 2315 4564 accipit,
2355 4496 2399 4547 si
2437 4496 2548 4565 quis
2578 4495 2836 4549 extollitur
2859 4536 2874 4559 ,
2917 4495 2962 4548 si
2988 4495 3099 4560 quis
3128 4495 3179 4548 in
3211 4496 3392 4565 faciem
3429 4510 3515 4549 vos
3544 4495 3693 4548 ca'dit

2097 4588 2115 4661 (
2140 4588 2193 4641 2.
2224 4586 2342 4641 Cor.
2376 4587 2461 4641 11.
2489 4587 2559 4640 20
2582 4586 2635 4657 );
2670 4596 2724 4641 et
2753 4601 2939 4640 rursus
2963 4627 2978 4653 ,
3014 4585 3295 4641 Pra‘sentia
3323 4603 3438 4640 vero
3468 4588 3693 4654 corporis

2096 4682 2332 4750 inﬁrma,
2365 4696 2527 4734 sermo
2558 4679 2987 4749 contemptibilis:
3013 4688 3067 4734 et
3093 4695 3275 4734 rursus
3295 4721 3310 4745 ,
3345 4679 3541 4733 Donate
3570 4681 3693 4732 mihi

2096 4776 2228 4829 hanc
2254 4774 2493 4844 injuriam
2521 4773 2537 4843 (
2566 4772 2701 4827 Ibid.
2734 4773 2822 4829 10.
2860 4774 2945 4827 10.
2975 4783 3021 4826 et
3055 4772 3140 4827 12.
3178 4772 3307 4841 15).
3339 4772 3447 4826 lllic
3480 4788 3690 4842 quoque

2097 4866 2330 4921 ostendit
2357 4880 2416 4921 se
2441 4865 2595 4920 valde
2618 4880 2737 4919 esse
2764 4864 3042 4924 lmmilem,
3072 4880 3135 4917 ex
3163 4879 3227 4917 co
3250 4863 3389 4933 quod
3419 4874 3521 4917 tam
3551 4866 3688 4917 muls

2099 4968 2147 5014 ta
2189 4959 2550 5014 (cnculcaret.
2600 4957 2694 5011 llic
2735 4968 2911 5011 autem
2955 4956 3086 5009 dicit
3116 4957 3275 5010 etiam
3305 4956 3371 5010 de
3405 4958 3643 5026 pecuniis
3676 4974 3690 5012 :

2097 5053 2225 5107 Cum
2275 5069 2532 5123 possemus
2579 5051 2713 5105 vobis
2752 5066 2860 5104 esse
2890 5051 3029 5103 oneri
3069 5060 3120 5102 ut
3150 5050 3338 5104 Christi
3370 5051 3602 5121 apostoli.
3636 5052 3689 5105 7.

2099 5148 2205 5201 Sed
2230 5147 2353 5217 [acti
2383 5161 2557 5197 sumus
2587 5142 2786 5213 parvuli
2814 5144 2864 5196 in
2896 5141 3058 5195 medio
3087 5152 3300 5195 vestrum
3325 5159 3343 5196 :
3366 5155 3619 5213 tamquam
3651 5144 3694 5196 si

2098 5240 2274 5293 nutrix
2304 5242 2467 5309 foveat
2497 5238 2631 5302 ﬁlios
2658 5253 2798 5301 suos,
2828 5235 2881 5291 8.
2912 5236 2981 5287 ita
3011 5236 3352 5289 desiderantes
3380 5253 3484 5297 vos,
3510 5239 3695 5304 cupide

2099 5332 2385 5387 volebamus
2414 5330 2613 5384 tradere
2639 5328 2794 5391 vobis,
2822 5346 2919 5381 non
2940 5330 3105 5381 solum
3130 5327 3443 5398 evangelium
3472 5328 3582 5390 Dei,
3607 5329 3695 5383 sed

2101 5428 2249 5479 etiam
2294 5425 2491 5476 animas
2536 5431 2736 5474 nostras
2779 5420 3061 5490 :quoniam
3102 5420 3350 5473 carissimi
3390 5419 3533 5474 nobis
3573 5420 3698 5489 [acti

2099 5519 2235 5570 estis.
2274 5515 2378 5570 Sed
2411 5514 2532 5583 [acri
2569 5529 2742 5566 smnus
2767 5553 2780 5575 ,
2816 5511 3021 5580 inquit,
3052 5512 3252 5580 parvuli
3280 5526 3299 5565 :
3326 5510 3375 5565 id
3404 5519 3483 5565 est
3508 5553 3522 5575 ,
3553 5511 3694 5565 Nihil

2100 5608 2464 5677 importunum
2492 5647 2506 5670 ,
2541 5603 2671 5657 nihil
2705 5603 2986 5657 llltthSlllm
3022 5617 3121 5657 nec
3156 5619 3316 5672 grave
3344 5619 3519 5673 neque
3549 5603 3689 5672 quod

2104 5701 2295 5755 fastum
2323 5699 2514 5752 habeat
2538 5697 2890 5752 ostendimus.
2926 5696 3058 5749 llhul
3084 5706 3263 5750 autem
3287 5738 3301 5763 ,
3330 5696 3397 5750 1η
3424 5696 3587 5749 medio
3616 5713 3695 5749 ve-

2100 5803 2281 5854 strum,
2313 5793 2413 5845 tale
2440 5801 2554 5856 est,
2590 5800 2645 5844 ut
2674 5789 2716 5844 si
2748 5789 2864 5860 quis
2893 5790 3068 5856 dicat,
3098 5788 3213 5843 Non
3240 5804 3303 5843 ev
3337 5788 3487 5843 vobis
3519 5788 3692 5841 lnt‘mn

2102 5896 2156 5942 et
2187 5894 2384 5942 sortem
2418 5883 2750 5954 superiorem
2782 5892 2830 5937 et
2863 5882 3275 5939 eminentiorem
3310 5883 3655 5953 accipientes.
