4140 6498
467 352 570 407 405

537 467 770 522 Doctoris
795 465 1029 536 oﬁcium.
1061 493 1129 505 —
1157 462 1435 534 Tamquam
1463 463 1506 516 si
1531 461 1708 516 nutrias
1733 460 1894 530 foveat
1916 500 1930 522 ,
1965 457 2047 511 in-

464 560 609 627 quit,
637 559 770 626 ﬁlios
799 573 938 612 suos.
969 555 1042 610 Ita
1073 562 1288 625 oportet
1314 567 1435 609 esse
1458 553 1754 608 doctorem.
1783 549 1919 606 Num
1951 565 2050 603 nu-

467 651 568 704 trix
596 649 841 704 adulatur
867 657 920 703 ut
944 648 1170 717 gloriam
1196 644 1592 717 consequatur?
1615 659 1740 698 num
1767 641 2046 712 pecuniam

468 740 596 808 petit
621 754 651 792 a
677 740 854 809 parvis
882 738 1097 808 pueris?
1124 753 1250 793 num
1278 745 1360 792 est
1387 737 1491 792 illis
1511 735 1685 806 gravis
1705 741 1760 788 et
1785 731 2048 788 molesta?

464 847 640 886 annon
668 831 768 885 illm
790 843 912 886 sunt
935 831 1274 902 benigniores
1295 839 1352 885 et
1372 830 1611 884 mitiores
1630 844 1786 899 quam
1812 825 2049 881 matres?

468 925 563 978 llic
610 924 843 979 ostendit
886 939 1123 979 amorem
1163 932 1217 978 et
1258 921 1703 976 benevolentiam.
1735 917 1820 971 Ita
1849 918 2047 972 deside-

465 1028 631 1073 rantes
658 1034 780 1085 vos,
812 1017 985 1090 inquit
1017 1037 1032 1074 :
1060 1019 1130 1073 ita
1161 1017 1310 1072 vobis
1339 1015 1572 1070 devincti
1603 1029 1787 1068 smnus
1809 1052 1824 1076 ,
1857 1022 1911 1066 et
1940 1025 2046 1064 non

463 1113 638 1167 solum
677 1113 810 1169 nihil
851 1113 1139 1180 accipimus
1164 1154 1177 1176 ,
1211 1111 1305 1167 sed
1347 1111 1390 1165 si
1431 1117 1676 1180 oporteat
1714 1106 1874 1162 etiam
1906 1105 2047 1174 ipsas

467 1203 726 1272 impertiri
752 1205 978 1270 animas,
1007 1220 1111 1258 non
1147 1201 1530 1258 rccusabimus.
1561 1197 1794 1254 Hoccine
1817 1203 1896 1250 est
1916 1192 2050 1261 ,dic.

463 1311 646 1363 qnu'so
672 1336 686 1359 ,
716 1295 962 1350 humana:
990 1294 1221 1349 mentis?
1252 1302 1304 1348 et
1334 1293 1450 1362 quis
1479 1291 1613 1345 adeo
1639 1287 1834 1358 desipit
1864 1295 1922 1340 ut
1947 1285 2048 1340 hoc

463 1387 648 1440 dicat?
701 1386 894 1458 Cupide
938 1387 1223 1441 volebamus
1271 1384 1470 1437 tradere
1515 1382 1692 1446 vobis,
1738 1397 1839 1432 non
1882 1377 2047 1432 solum

463 1478 772 1545 evangelium
795 1477 911 1542 Dei,
938 1478 1030 1532 sed
1049 1479 1198 1531 etiam
1221 1476 1418 1530 animas
1443 1486 1660 1528 nostras.
1687 1469 2046 1540 Quamobrem

465 1569 566 1622 hoc
614 1578 695 1622 est
749 1568 841 1622 illo
883 1569 1073 1636 majus.
1126 1569 1191 1623 Et
1238 1566 1504 1638 quodnam
1547 1573 1627 1620 est
1672 1560 1924 1618 lucrum?
1970 1561 2048 1615 Ex

460 1660 735 1728 cvangelio
759 1660 972 1730 quidem
1000 1661 1236 1725 lucrum;
1267 1659 1392 1714 dare
1416 1667 1594 1712 autem
1621 1656 1877 1721 animam,
1904 1651 2044 1724 quod

459 1751 526 1805 ad
554 1750 917 1806 difficultatem
944 1752 1152 1816 attinet,
1178 1761 1260 1806 est
1280 1749 1373 1805 illo
1399 1749 1588 1819 majus.
1613 1747 1728 1803 Non
1756 1757 1877 1801 sunt
1903 1745 2046 1800 enim

462 1843 607 1910 paria
654 1841 945 1910 praedicare
974 1851 1027 1897 et
1055 1842 1182 1896 dare
1211 1841 1442 1896 animam
1475 1858 1488 1895 :
1518 1857 1640 1897 nam
1673 1839 1798 1894 illud
1832 1839 2048 1910 quidem

457 1943 544 1989 est
570 1934 972 2002 bonorabilius,
1003 1933 1104 1991 hoc
1131 1943 1308 1990 autem
1339 1943 1422 1990 est
1452 1933 1669 2004 majoris
1694 1932 2045 1988 difficultatis.

464 2028 730 2084 Vellemus
754 2069 769 2094 ,
803 2029 1011 2100 inquit,
1040 2030 1085 2086 si
1112 2031 1338 2094 liceret,
1367 2029 1530 2085 etiam
1556 2029 1761 2082 animas
1789 2027 1938 2083 vobis
1961 2026 2047 2081 ef-

460 2120 707 2177 fundere.
735 2121 998 2189 Quoniam
1026 2138 1155 2192 ergo
1183 2122 1414 2177 laudavit
1442 2131 1495 2177 et
1526 2120 1730 2184 laudat,
1762 2130 2045 2190 propterea

460 2214 650 2283 inquit,
678 2213 792 2268 Non
819 2215 1073 2286 pecunias
1095 2226 1416 2284 qnmrentes,
1442 2229 1546 2268 non
1570 2213 1721 2267 vobis
1742 2213 2041 2277 adulantes,

462 2322 566 2360 non
597 2306 822 2377 gloriam
855 2315 1164 2378 appetentes
1205 2306 1308 2362 hoc
1345 2305 1588 2361 facimus.
1616 2304 1750 2360 Vide
1779 2305 1922 2359 enim
1954 2321 1968 2357 :
2001 2303 2045 2357 si

463 2399 626 2453 multa
669 2398 1015 2454 confecerant
1050 2398 1342 2455 certamina
1367 2438 1382 2463 ,
1411 2407 1465 2452 et
1504 2397 1742 2466 impense
1767 2396 2048 2465 Oportebat

459 2503 556 2544 eos
599 2487 805 2544 laudari
845 2498 901 2544 et
943 2489 1128 2544 haberi
1173 2489 1223 2542 in
1268 2487 1656 2552 admiratione,
1699 2494 1758 2540 ut
1794 2485 2047 2541 fortiores

463 2581 773 2648 evaderent,
799 2581 1028 2637 habebat
1053 2583 1168 2637 laus
1191 2582 1569 2651 suspicionem.
1597 2581 1904 2650 Propterea,
1929 2580 2047 2637 hmo

458 2673 638 2728 omnia
674 2673 824 2740 dicit,
857 2689 1113 2728 amovens
1143 2673 1521 2744 suspicionem,
1544 2673 1672 2728 dicit
1705 2673 1959 2743 pericula.
1982 2673 2046 2727 Et

460 2780 668 2832 rursus,
690 2781 756 2820 ne
781 2775 995 2835 putetur
1023 2766 1252 2836 pericula
1279 2766 1478 2831 dicere,
1506 2776 1772 2836 tamquam
1793 2781 1890 2836 pro
1917 2765 2045 2835 ipsis

461 2855 734 2919 laborans,
765 2865 822 2912 et
848 2867 1116 2927 tamquam
1141 2857 1208 2912 ab
1233 2857 1362 2926 ipsis
1385 2857 1589 2912 debetis
1616 2857 1896 2923 honorari;
1927 2857 2047 2912 ideo

460 2957 741 3017 postquam
775 2949 1007 3018 pericula
1048 2948 1362 3004 memoravit
1384 2989 1399 3014 ,
1423 2948 1697 3018 subjunin
1734 2963 1751 3004 :
1793 2946 2046 3013 Quoniam

460 3038 707 3092 carissimi
751 3040 892 3095 nobis
916 3042 1039 3112 {acti
1058 3042 1211 3106 estis;
1239 3049 1400 3111 atque
1426 3040 1546 3096 ideo
1587 3041 1792 3096 animas
1836 3049 2045 3095 nostras

460 3129 708 3185 lubenter
730 3131 878 3186 vobis
904 3132 1256 3198 dedissemus,
1281 3149 1349 3188 eo
1369 3131 1510 3202 quod
1531 3131 1682 3187 vobis
1703 3130 1856 3186 valde
1877 3131 2044 3186 simus

460 3222 715 3278 devincti.
759 3225 934 3295 Atque
966 3225 1298 3295 evangelium
1329 3223 1544 3294 quidem
1570 3264 1585 3289 ,
1617 3222 1870 3294 quoniam
1903 3221 2044 3278 Deus

455 3315 637 3386 jussit,
663 3316 1077 3383 annuntiamus;
1112 3325 1314 3371 tantum
1342 3324 1519 3370 autem
1545 3331 1640 3370 vos
1665 3315 1956 3386 diligimus,
1987 3325 2045 3368 ut

460 3411 504 3464 si
537 3411 738 3473 liceret,
770 3410 930 3465 etiam
957 3410 1164 3464 animas
1191 3408 1543 3465 dedissemus.
1572 3407 1660 3464 Sic
1685 3417 1898 3478 oportet
1923 3407 2045 3462 dili-

457 3512 672 3572 gentem
701 3501 922 3572 diligere
944 3542 960 3568 ,
997 3510 1052 3555 ttt
1084 3501 1126 3555 si
1159 3499 1228 3554 ab
1255 3514 1323 3554 eo
1351 3507 1560 3569 petatur
1588 3498 1764 3553 anima
1788 3541 1802 3566 ,
1837 3506 1892 3554 et
1928 3498 2040 3552 fieri

461 3597 664 3666 possit,
700 3611 805 3650 non
837 3603 996 3652 vetet.
1029 3595 1143 3649 Non
1173 3593 1294 3649 dico
1320 3636 1334 3660 ,
1376 3594 1418 3648 si
1465 3603 1675 3663 petatur
1715 3591 1888 3647 solum
1937 3592 2042 3646 imo

461 3703 591 3742 vero
614 3695 672 3742 ut
693 3687 807 3757 ipse
829 3686 894 3741 ad
923 3687 1024 3742 hoc
1039 3685 1236 3741 donum
1262 3695 1526 3740 accurrat.
1551 3683 1690 3739 Nihil
1717 3685 1881 3749 enim,
1912 3683 2039 3737 nihil

461 3779 762 3849 lmjusmodi
808 3793 992 3834 amore
1031 3778 1188 3834 fuerit
1225 3777 1543 3849 jucundius,
1577 3777 1704 3832 nihil
1739 3776 1845 3830 illic
1873 3777 2043 3832 conti-

458 3871 596 3941 gerit
633 3870 936 3925 molestum.
974 3869 1170 3926 Fidelis
1208 3871 1410 3924 amicus
1439 3883 1622 3924 revera
1654 3877 1736 3922 est
1773 3867 1894 3922 vita:
1931 3883 2044 3922 me-

456 3964 818 4019 dicamentum
853 3980 866 4016 :
899 3961 1070 4018 fidelis
1111 3962 1313 4018 amicus
1357 3969 1441 4017 est
1485 3960 1714 4016 validum
1767 3968 2044 4030 tegumen-

461 4067 570 4110 tum
579 4094 594 4110 ο

533 4148 661 4216 Quis
679 4150 742 4203 sit
763 4165 908 4204 verus
925 4149 1138 4202 anticus.
1159 4145 1461 4200 Christiana:
1479 4144 1715 4198 amicitur
1731 4144 2038 4216 exentpfum.

458 4271 529 4282 —-
553 4240 690 4309 Quid
717 4241 860 4296 enim
888 4255 994 4296 non
1025 4237 1211 4295 fecerit
1235 4251 1393 4293 verus
1419 4246 1472 4292 et
1495 4251 1780 4307 germanus
1804 4237 2042 4292 amicus?

457 4348 616 4403 quam
643 4347 747 4386 non
770 4331 1006 4387 attulerit
1027 4331 1350 4399 voluptatem
1368 4329 1390 4383 τ
1411 4345 1567 4400 quam
1593 4344 1698 4384 non
1723 4330 2042 4385 utilitatem?

457 4439 619 4494 quam
669 4439 773 4478 non
822 4421 1203 4479 securitatem?
1252 4419 1472 4476 Etiamsi
1521 4420 1800 4476 thesauros
1842 4419 2043 4476 dixeris

461 4513 878 4569 innumerabiles
901 4553 916 4577 ,
950 4510 1078 4567 nihil
1122 4525 1252 4565 vero
1289 4520 1343 4564 et
1383 4525 1638 4580 germano
1667 4512 1838 4565 amico
1872 4521 2044 4580 potest

457 4607 800 4680 arquiparari.
848 4606 1084 4663 Primum
1128 4614 1303 4660 autem
1336 4605 1578 4659 dicamus
1605 4615 1856 4673 quantam
1887 4605 2035 4660 volu-

461 4711 660 4772 ptatem
702 4698 864 4754 habet
891 4696 1122 4752 amicitia
1153 4715 1167 4752 :
1194 4697 1356 4766 gestit
1379 4695 1574 4766 gaudio
1603 4696 1832 4750 amiemn
1856 4695 2043 4752 videns

460 4803 517 4848 et
555 4791 870 4847 diffunditur
900 4807 914 4843 :
942 4803 1063 4844 eum
1095 4803 1161 4844 eo
1187 4787 1528 4857 conjungitur
1554 4785 1781 4858 quadam
1813 4788 2039 4859 conjun-

459 4887 639 4940 ctione
665 4936 678 4950 ,
705 4901 823 4956 qua:
851 4882 1171 4939 ineffabilem
1200 4881 1379 4935 animo
1405 4879 1564 4936 habet
1590 4881 1916 4952 voluptatem
1948 4900 1960 4936 :
1989 4891 2046 4938 et

459 4977 504 5031 si
533 4977 704 5030 solum
732 4976 847 5046 ejus
874 4973 1197 5038 meminerit,
1228 4982 1404 5028 mente
1427 4972 1660 5044 assurgit
1683 4983 1737 5029 et
1759 4975 2039 5031 attollitur.

464 5071 539 5124 De
566 5068 835 5140 germanis
866 5067 1058 5136 loquor
1080 5064 1304 5131 amicis,
1334 5065 1423 5136 qui
1449 5073 1575 5119 sunt
1603 5065 1880 5121 unanimes
1905 5108 1920 5132 ,
1953 5067 2041 5137 qui

463 5179 560 5232 pro
598 5162 783 5217 amicis
827 5161 960 5215 mori
1005 5159 1299 5229 elegerint,
1330 5159 1419 5228 qui
1454 5159 1704 5214 ardenter
1732 5170 1935 5216 amant.
1966 5160 2043 5216 Ne

463 5255 614 5320 mihi,
635 5255 931 5323 cogitantes
952 5267 1045 5305 cos
1069 5251 1157 5322 qui
1186 5251 1372 5307 leviter
1391 5260 1589 5316 amant,
1616 5259 1672 5306 et
1694 5261 1818 5306 sunt
1844 5268 2044 5308 mensa:

461 5348 592 5402 socii
618 5389 633 5410 ,
663 5356 718 5402 et
747 5346 900 5400 amici
932 5344 1148 5398 nomine
1170 5386 1185 5409 ,
1219 5342 1536 5398 existimetis
1565 5359 1788 5413 arguere
1818 5345 1868 5398 id
1901 5344 2041 5415 quod

461 5441 673 5495 dicitur.
717 5439 775 5495 Si
818 5439 938 5510 quis
982 5436 1143 5492 habet
1181 5435 1408 5490 amicum
1448 5435 1658 5505 qualem
1689 5436 1810 5491 dico
1835 5478 1849 5501 ,
1882 5437 2042 5492 verba

462 5541 716 5602 agnoscet
745 5550 757 5586 :
788 5541 842 5587 et
878 5532 923 5586 si
952 5546 1075 5584 eum
1109 5528 1343 5600 quotidie
1378 5527 1606 5594 viderit,
1639 5545 1742 5583 non
1774 5530 1998 5583 satiatur
2028 5548 2040 5583 :

463 5622 647 5677 eadem
693 5623 790 5693 ipsi
821 5639 939 5694 qua:
977 5621 1182 5691 sibiipsi
1213 5628 1360 5691 optat
1393 5629 1446 5676 et
1481 5629 1749 5690 precatur.
1782 5619 1913 5674 Novi
1945 5635 2044 5690 ego

464 5715 745 5784 quemdam
772 5716 860 5784 qui
893 5727 990 5784 pro
1014 5715 1188 5769 amico
1213 5713 1356 5770 viros
1379 5713 1596 5770 sanctos
1621 5715 1842 5784 rogabat
1868 5721 1923 5769 ut
1947 5729 2044 5784 pro

467 5805 584 5877 ipso
622 5807 851 5876 primum
891 5813 1146 5872 orarent,
1181 5805 1373 5864 deinde
1414 5821 1510 5877 pro
1538 5820 1620 5864 se.
1653 5805 1818 5862 Tanta
1852 5821 1939 5863 res
1963 5816 2046 5864 est

1143 346 1202 404 8.
1243 345 1518 405 JOANNIS
1550 340 2018 402 CHRYSOSTOMI
2058 340 2372 396 ARCIIIEP.
2413 341 2947 404 CONSTANTINOP.

3638 358 3738 412 ιω

2156 441 2342 510 bonus.
2365 456 2569 514 amicus
2592 498 2607 524 ,
2637 467 2695 514 ut
2729 469 2784 516 et
2828 461 2946 516 loca
2989 468 3044 517 et
3076 471 3315 533 tempora
3343 477 3562 538 propter
3591 470 3741 540 ipsos

2155 556 2421 604 amentur.
2472 550 2621 607 Sicut
2666 553 2808 608 enim
2855 570 2886 608 a
2933 555 3230 626 splendidis
3273 563 3592 632 corporibus
3641 565 3741 620 flos

2154 649 2369 696 emanat
2408 641 2458 696 in
2491 643 2604 698 loca
2633 645 2802 700 vicina
2833 663 2847 699 :
2877 656 2946 702 tta
2986 646 3146 702 etiam
3185 651 3341 706 amici
3379 653 3446 707 ad
3483 654 3597 709 loca
3625 697 3640 721 ,
3671 658 3737 711 ad

2154 748 2274 803 quae
2312 736 2674 800 accesserint,
2717 753 2868 793 suam
2911 741 3161 797 emittunt
3203 745 3428 814 gratiam
3458 764 3471 800 :
3496 756 3554 802 et
3597 763 3742 819 saepe

2153 838 2274 878 cum
2304 825 2503 896 absque
2532 828 2720 883 amicis
2748 830 2798 882 in
2829 831 2934 886 illis
2958 832 3092 889 locis
3121 835 3394 903 fuerimus,
3419 837 3632 908 flemus,
3656 858 3742 897 re-

2153 917 2438 990 cordantes
2465 919 2672 975 dierum
2705 921 2755 976 in
2786 923 2978 994 quibus
3003 940 3126 980 cum
3158 928 3263 982 illis
3289 932 3483 984 versati
3511 947 3696 986 sumus
3720 975 3736 999 ,

2153 1021 2205 1064 et
2231 1011 2514 1081 gemimus.
2545 1013 2735 1070 Verbis
2759 1017 3012 1086 explicari
3041 1035 3146 1074 non
3177 1031 3354 1091 potest
3379 1034 3632 1093 quantum
3660 1027 3739 1080 af-

2154 1099 2254 1154 fert
2277 1101 2603 1170 voluptatem
2631 1115 2684 1159 et
2710 1105 2947 1162 lmtitiam
2973 1112 3254 1178 praesentia
3282 1114 3576 1170 amicorum
3601 1133 3615 1169 :
3637 1118 3738 1173 soli

2151 1203 2332 1246 autem
2359 1193 2534 1248 sciunt
2560 1195 2653 1266 qui
2677 1198 3043 1266 experiuntur.
3080 1201 3147 1256 Et
3175 1205 3401 1272 gratiam
3435 1217 3616 1275 petere
3639 1251 3655 1274 ,
3685 1219 3739 1264 et

2151 1285 2377 1352 gratiam
2419 1287 2664 1356 accipere
2702 1287 2770 1342 ab
2813 1291 2991 1347 amico
3032 1291 3157 1348 licet
3187 1295 3322 1349 citra
3353 1298 3736 1368 suspicionem.

2153 1375 2375 1442 Quando
2407 1379 2559 1434 nobis
2590 1381 2884 1450 imperant,
2917 1392 3044 1440 tunc
3071 1386 3150 1441 eis
3180 1387 3438 1445 habemus
3464 1394 3689 1462 gratiam
3722 1413 3736 1450 :

2153 1467 2366 1536 quando
2395 1468 2638 1526 dubitant
2665 1481 2719 1528 et
2745 1485 2996 1530 verentur
3015 1517 3031 1542 ,
3059 1484 3188 1533 tunc
3216 1480 3426 1536 tristitia
3453 1483 3738 1542 aﬂicimur.

2153 1557 2292 1613 Nihil
2324 1560 2580 1617 habemus
2608 1563 2750 1634 quod
2783 1581 2887 1621 non
2919 1568 2989 1622 sit
3019 1569 3248 1625 illorum.
3285 1571 3473 1629 Omnia
3504 1593 3623 1645 qua:
3653 1578 3740 1634 hic

2151 1660 2274 1704 sunt
2317 1667 2462 1723 saepe
2502 1653 2859 1724 despicientes
2885 1700 2900 1722 ,
2935 1670 3154 1730 propter
3183 1661 3302 1717 illos
3339 1665 3589 1722 nolumus
3616 1668 3739 1726 hinc

2151 1743 2414 1812 emigrare
2444 1761 2458 1799 :
2487 1754 2542 1800 et
2569 1747 2685 1801 luce
2716 1747 2829 1818 ipsa
2858 1748 2930 1802 illi
2958 1760 3083 1804 sunt
3110 1754 3277 1823 magis
3302 1754 3709 1816 desiderabiles.

2221 1833 2276 1888 4.
2321 1833 2523 1890 lict-era
2575 1839 2717 1893 enim
2749 1840 2862 1910 ipsa
2890 1842 3049 1896 etiam
3079 1842 3198 1899 lhcc
3226 1856 3308 1901 est
3346 1850 3553 1904 amicus
3589 1852 3736 1908 desi-

2150 1925 2442 1984 derabilior
2471 1947 2484 1982 :
2535 1930 2727 2002 loquor
2751 1933 2819 1988 de
2844 1935 3058 1991 sincero
3086 1947 3139 1992 et
3165 1953 3445 2009 germano.
3492 1942 3604 1999 Nec
3632 1946 3734 2000 mi-

2152 2019 2288 2075 reris
2328 2040 2342 2075 :
2376 2023 2566 2078 melius
2595 2025 2738 2080 enim
2769 2035 2853 2082 est
2898 2036 2956 2082 ut
2984 2029 3061 2084 sol
3111 2031 3268 2086 nobis
3309 2034 3685 2105 exstingttatttr
3713 2079 3730 2106 ,

2149 2127 2304 2182 quam
2336 2125 2394 2168 ut
2434 2116 2705 2185 privemur
2745 2120 2962 2186 amicis;
3014 2123 3205 2178 melius
3233 2135 3314 2180 est
3344 2126 3536 2198 degere
3567 2131 3617 2183 in
3649 2140 3733 2186 te-

2151 2204 2332 2259 nebris
2359 2247 2373 2271 ,
2426 2222 2585 2276 quam
2636 2210 2824 2266 amicis
2878 2214 3117 2282 privari:
3161 2225 3216 2270 et
3271 2220 3538 2288 quomodo
3565 2260 3580 2287 ,
3627 2236 3728 2292 ego

2149 2294 2344 2351 dicam.
2373 2299 2520 2354 Multi
2549 2301 2718 2358 solem
2747 2304 2990 2362 videntes
3019 2318 3145 2364 sunt
3173 2310 3224 2364 in
3254 2311 3515 2379 tenebris;
3539 2315 3726 2369 amicis

2147 2397 2324 2445 autem
2357 2393 2598 2448 instructi
2631 2435 2647 2459 ,
2693 2411 2980 2469 numquam
3024 2401 3076 2454 in
3109 2403 3362 2458 terumnis
3405 2414 3680 2460 versantur
3709 2423 3728 2462 :

2147 2479 2218 2534 de
2262 2483 2450 2538 amicis
2479 2483 2670 2555 loquor
2712 2489 3112 2559 spiritualibus,
3143 2495 3231 2564 qui
3263 2495 3392 2550 nihil
3442 2495 3733 2566 praferunt

2148 2575 2417 2630 amicitite.
2465 2576 2609 2633 Talis
2639 2589 2755 2634 erat
2801 2580 2999 2638 Paulus
3023 2626 3037 2650 ,
3069 2585 3156 2655 qui
3205 2586 3438 2640 animam
3480 2602 3631 2642 suam
3663 2589 3731 2642 li-

2150 2661 2338 2719 benter
2389 2665 2663 2734 dedisset,
2712 2685 2813 2726 nec
2864 2684 3081 2742 rogatus
3120 2676 3282 2731 etiam
3331 2677 3382 2731 in
3429 2677 3730 2748 gehennam

2149 2756 2374 2813 libenter
2402 2761 2581 2816 ivisset
2609 2779 2621 2815 :
2650 2762 2720 2817 ita
2749 2765 2956 2818 ardenti
2975 2765 3299 2837 diligendum
3323 2777 3404 2824 est
3425 2769 3728 2826 affectione.

2150 2849 2281 2904 Volo
2310 2852 2612 2922 exemplum
2641 2855 2888 2910 amicitia:
2916 2857 3077 2912 dare:
3107 2870 3286 2930 patres
3323 2869 3378 2916 et
3405 2862 3541 2916 filios
3571 2877 3732 2933 snpea

2148 2953 2268 3000 rant
2313 2947 2511 3015 amici,
2559 2949 2757 3014 amici,
2809 2951 3058 3022 inquam,
3089 2953 3381 3008 secundum
3433 2954 3726 3010 Christum.

2145 3036 2223 3090 Ne
2263 3037 2394 3092 tnihi
2442 3039 2581 3092 cnim
2615 3039 2905 3096 hodiernos
2953 3044 3155 3098 amiCos
3204 3045 3391 3110 dicas;
3437 3063 3559 3102 nam
3607 3063 3726 3102 cum

2145 3130 2268 3185 aliis
2314 3130 2415 3186 hoc
2461 3147 2676 3202 quoque
2726 3133 2923 3188 bonum
2957 3137 3208 3203 recessit;
3256 3138 3350 3193 sed
3382 3141 3555 3210 cogita
3586 3141 3725 3210 quod

2146 3232 2387 3293 tempore
2431 3224 2794 3292 apostolorum
2821 3266 2837 3287 ,
2883 3242 2987 3280 non
3018 3227 3206 3297 loquor
3227 3227 3295 3283 de
3345 3231 3646 3300 coryphazis
3673 3242 3730 3286 et

2145 3317 2475 3387 principibus
2497 3359 2510 3380 ,
2558 3319 2649 3374 sed
2702 3318 2768 3373 de
2812 3320 2876 3374 iis
2905 3320 2994 3391 qui
3034 3321 3410 3390 crediderunt;
3444 3323 3725 3392 Omnium,

2144 3408 2334 3478 inquit,
2362 3420 2468 3464 erat
2493 3412 2663 3463 anima
2691 3429 2794 3465 una
2819 3423 2866 3466 et
2894 3429 2982 3466 cor
3009 3431 3185 3476 unum,
3208 3426 3257 3469 ct
3283 3433 3428 3470 nemo
3453 3420 3726 3488 quidquam

2143 3519 2206 3557 ea:
2232 3505 2293 3558 iis
2322 3519 2435 3572 qua:
2464 3504 2672 3559 habebat
2703 3505 2895 3560 dicebat
2921 3522 3028 3560 esse
3055 3510 3358 3578 praprium;
3387 3520 3435 3564 et
3456 3511 3725 3566 distribue-

2141 3597 2292 3650 batur
2328 3597 2542 3668 singulis
2585 3606 2731 3669 prout
2761 3615 2890 3669 Opus
2935 3599 3182 3658 habebant
3214 3601 3348 3668 (Act.
3381 3603 3436 3658 4.
3470 3603 3558 3659 52.
3608 3604 3722 3676 55).

2141 3688 2256 3743 Νοη
2284 3699 2401 3744 erat
2427 3699 2552 3744 tunc
2576 3704 2750 3743 meum
2778 3699 2832 3745 et
2864 3701 3030 3744 tuum.
3072 3691 3182 3747 Hoc
3221 3702 3338 3748 erat
3363 3694 3592 3749 amicitia
3612 3736 3628 3761 ,
3656 3711 3726 3750 ne

2142 3785 2264 3854 quis
2289 3799 2407 3853 qua:
2452 3798 2547 3838 sua
2577 3793 2729 3837 erant
2756 3799 2848 3839 sua
2880 3783 3212 3840 existimaret
3233 3826 3248 3848 ,
3280 3785 3376 3841 sed
3421 3803 3541 3857 qum
3571 3796 3726 3842 erant

2144 3873 2369 3944 proximi
2396 3891 2409 3930 :
2439 3889 2556 3943 quae
2586 3885 2763 3930 autem
2791 3889 2884 3929 sua
2907 3914 2924 3940 ,
2959 3875 3128 3931 aliena
3157 3895 3170 3941 ;
3214 3887 3382 3947 utque
3427 3879 3568 3934 illius
3609 3883 3726 3935 ani-

2143 3981 2244 4020 ma:
2269 3979 2420 4035 teque
2443 3975 2684 4035 parceret
2719 3975 2878 4036 atque
2906 3981 3052 4033 sum;
3096 3978 3152 4022 et
3181 3968 3271 4024 ille
3299 3969 3546 4026 similiter
3569 3988 3724 4027 emn-

2142 4055 2267 4112 detn
2289 4059 2457 4114 animi
2485 4060 2740 4117 affectum
2771 4061 3040 4120 ostendat.
3059 4060 3122 4116 Et
3152 4059 3375 4126 alicubi,
3401 4060 3720 4128 inquit,tieri

2142 4157 2323 4220 potest
2346 4158 2402 4204 ut
2432 4149 2551 4204 talis
2583 4149 2921 4204 inveniatur?
2955 4151 3156 4216 Etiam;
3182 4151 3273 4205 sed
3301 4153 3422 4221 quia
3453 4155 3720 4218 nolumus,

2144 4240 2258 4295 fieri
2287 4256 2392 4295 non
2422 4248 2637 4310 potest:
2667 4251 2844 4311 potest
2869 4241 3010 4296 enim
3036 4240 3190 4298 facile
3221 4242 3331 4297 fieri
3351 4285 3368 4309 ,
3398 4244 3442 4297 si
3471 4245 3720 4300 velimus.

2143 4334 2275 4390 Nam
2317 4335 2362 4388 si
2393 4334 2505 4388 fieri
2533 4350 2640 4388 non
2671 4345 2886 4404 posset,
2918 4351 2986 4390 ne
3025 4335 3277 4403 jussisset
3321 4337 3534 4406 quidem
3563 4338 3724 4393 Chri-

2145 4437 2259 4482 stus
2280 4468 2294 4489 ,
2324 4441 2424 4481 nec
2451 4435 2558 4479 tam
2587 4426 2749 4480 multa
2781 4426 3004 4481 dixisset
3035 4426 3103 4480 de
3131 4429 3377 4482 caritate.
3409 4429 3589 4500 Magna
3633 4443 3723 4484 res

2143 4525 2224 4573 est
2264 4516 2532 4582 amicitia,
2560 4524 2615 4571 et
2639 4532 2798 4586 quam
2842 4517 2911 4571 sit
2938 4533 3125 4588 magna
3148 4559 3163 4583 ,
3197 4534 3296 4574 nec
3325 4520 3532 4576 discere
3575 4521 3724 4592 quis-

2143 4625 2302 4680 quam
2324 4649 2341 4677 ,
2371 4623 2470 4663 nec
2492 4609 2663 4663 oratio
2690 4610 2794 4663 ulla
2823 4609 3090 4679 explicare
3120 4621 3316 4681 potest,
3341 4622 3534 4682 praeter
3555 4615 3724 4683 ipsam

2145 4703 2554 4774 experientiam.
2582 4701 2695 4757 lIoc
2728 4701 2854 4758 fecit
2885 4702 3118 4758 luereses
3139 4745 3154 4770 ,
3181 4703 3284 4760 hoc
3310 4703 3528 4762 Graecos
3550 4706 3724 4763 adhuc

2147 4797 2268 4851 facit
2298 4810 2421 4851 esse
2449 4793 2686 4851 Grarcos.
2734 4794 2835 4862 Qui
2867 4796 3074 4865 diligit,
3120 4793 3225 4850 non
3272 4798 3385 4852 vult
3414 4797 3678 4868 imperare
3707 4839 3724 4865 ,

2147 4905 2246 4946 nec
2275 4891 2644 4959 magistratum
2668 4904 2878 4960 gerere,
2899 4889 2994 4944 sed
3021 4891 3279 4959 majorem
3309 4889 3470 4947 habet
3499 4891 3724 4961 gratiam

2145 4983 2190 5037 si
2222 4981 2437 5036 obediat
2460 4989 2513 5034 et
2537 4981 2682 5050 jussa
2711 4990 3033 5052 exsequatur
3061 4997 3078 5038 :
3108 4981 3221 5036 vult
3245 4983 3412 5053 magis
3437 4983 3724 5053 gratificari

2145 5090 2305 5145 quam
2351 5074 2574 5145 gratiam
2625 5075 2908 5144 accipere:
2953 5073 3126 5145 diligit
3167 5075 3309 5129 enim
3337 5085 3392 5129 et
3417 5076 3568 5145 quasi
3618 5089 3726 5129 non

2145 5167 2406 5222 exsatiata
2437 5181 2533 5220 suo
2562 5165 2832 5221 desiderio
2855 5207 2870 5232 ,
2901 5167 2980 5221 sic
3009 5165 3260 5221 afficitur.
3290 5165 3404 5221 Non
3439 5175 3544 5220 tam
3578 5166 3728 5220 heta-

2147 5267 2233 5312 tnr
2254 5256 2568 5314 beneficium
2599 5257 2888 5327 accipiens,
2909 5273 3068 5328 quam
3093 5256 3438 5314 benefacicus
3472 5273 3486 5311 :
3521 5257 3730 5312 mavult

2147 5349 2289 5403 enim
2321 5364 2440 5402 eum
2475 5348 2671 5402 habere
2702 5348 2801 5403 sibi
2829 5348 3138 5414 obnoxium,
3171 5363 3330 5420 quam
3363 5349 3462 5419 ipsi
3493 5348 3722 5413 debere;

2148 5441 2256 5494 imo
2286 5439 2486 5494 mavult
2514 5449 2565 5494 et
2597 5438 2693 5508 ipsi
2724 5438 2955 5505 debere,
2993 5449 3049 5496 et
3076 5440 3248 5510 ipsum
3289 5441 3487 5495 habere
3513 5439 3722 5494 debito-

2147 5548 2298 5596 rem;
2331 5542 2385 5587 ct
2409 5531 2516 5585 vult
2545 5531 2832 5603 gratificari
2858 5541 2912 5587 et
2938 5548 3042 5587 non
3075 5533 3186 5587 vult
3213 5533 3381 5588 videri
3410 5531 3724 5604 gratiﬁcari,

2148 5624 2243 5678 sed
2273 5638 2392 5679 esse
2439 5625 2618 5694 potius
2663 5622 2893 5679 debitor.
2923 5623 3116 5680 Multos
3161 5641 3224 5680 cx
3276 5625 3428 5680 vobis
3473 5623 3724 5679 existimo

2148 5713 2286 5771 forte
2314 5715 2564 5786 ignorare
2607 5714 2748 5786 quod
2797 5714 2998 5770 dictum
3027 5725 3148 5782 est;
3199 5731 3419 5771 necesse
3451 5715 3614 5787 igitur
3643 5721 3730 5768 est

2149 5817 2207 5863 ut
2236 5817 2494 5881 repetam.
2524 5807 2649 5864 Vult
2679 5808 2825 5882 prior
2853 5810 3113 5868 beneficio
3143 5810 3357 5868 afficere
3380 5851 3398 5878 ,
3424 5819 3479 5871 et
3515 5823 3623 5866 non
3652 5806 3729 5862 vi-
