4140 6488
407 334 514 388 ι’ιὸ

408 448 668 520 φορτικὸν
715 447 838 502 οὐδὲ
877 447 1118 520 ἐπαχθὲς
1159 448 1280 502 ούδέ
1316 449 1457 521 βαρὺ
1487 450 1611 506 ούδέ
1642 451 1856 522 κόμπον
1881 451 2005 522 ἔχον

1280 333 1347 388 IN
1389 334 1660 394 EPISTJ
1699 336 1792 391 AD
1831 333 2170 395 THESSAL.
2214 341 2368 399 CAP.
2385 344 2450 404 11.
2476 343 2710 404 HOMIL.
2755 346 2818 405 11.

2114 453 2386 522 γνώσεται
2428 459 2496 516 τὰ
2542 463 2795 534 ῥήματα·
2849 462 2952 518 κᾶν
2983 463 3067 540 ἴδῃ
3108 464 3300 523 τοῦτον
3322 467 3446 524 καθ’
3472 469 3716 544 ἑκάστην

407 536 836 634 ἀπεδειξάμεθα.
889 537 1010 594 .Kal
1062 536 1144 602 τὸ,
1194 537 1495 634 ’ξν-μέσῳ
1763 539 2010 634 τκοιοῦᾳτόν
2119 547 2357 618 ἡμέραν,
2408 551 2510 604 οὐκ
2562 553 2943 622 ἐμπίπλαται⁹
2987 536 3163 612 ταῦτα
3201 559 3354 634 αὐτῷ
3395 536 3711 632 ἐπεύχεται.

405 633 578 690 ἐστιν,
635 625 712 688 ὡς
757 623 826 679 ἂν
865 625 1013 678 εἴποι
1058 642 1164 689 τις,
1198 625 1257 689 ἐξ
1287 624 1465 696 ὑμῶν,
1489 625 1612 697 οὐχ)¹
1646 625 1744 698 τὴν
1777 626 1890 681 ἀνω
1910 626 2010 680 λαο

405 719 599 779 εόντες
633 714 810 786 λῆξιν.

488 809 584 872 Ὠς
633 805 744 858 ἐὰν
813 805 1054 874 τροφὸς,
1112 805 1267 877 φησὶ,
1315 807 1518 877 θάλπῃ
1549 806 1622 862 τὰ
1648 806 1876 878 ἑαυτῆς
1903 808 1996 862 τέ-

408 911 546 948 κνα.
621 896 780 947 υῦτω
831 893 911 948 δεῖ
958 892 1049 947 τὸν
1073 883 1397 950 διδάσκαλον
1423 891 1584 950 εἶναι.
1621 897 1769 967 Μὴή
1803 895 2007 967 τροφὸς

403 982 715 1048 κολακεύει,
745 982 832 1034 ’ίνα
861 980 1023 1052 δόξης
1049 981 1222 1054 τύχῃ;
1258 985 1332 1054 μὴ
1367 985 1630 1056 χρήματα
1673 987 1817 1038 αἰτεῖ
1849 985 2005 1056 παρά

403 1073 512 1125 τῶν
539 1071 752 1133 παίδων
789 1069 901 1124 τῶν
935 1071 1152 1143 μικρῶν
1177 1089 1192 1140 ;
1219 1072 1293 1143 μὴ
1320 1073 1512 1145 βαρεῖα
1546 1075 1732 1137 αὐτοῖς
1760 1073 1877 1127 ἐστι
1909 1074 2005 1128 καὶ

402 1163 675 1234 φορτικήξ
707 1162 829 1234 οὐχὶ
865 1161 1066 1234 μᾶλλον
1088 1161 1197 1226 τῶν
1231 1164 1488 1236 μητέρων
1521 1164 1634 1218 είσὶ
1664 1168 1998 1237 προσηνεῖς;

417 1251 685 1306 Ἐνταῦθα
712 1253 813 1323 τὴν
837 1251 1232 1326 φιλοστοργίαν
1265 1251 1562 1308 δείκνυσιν.
1591 1255 1776 1320 Οὕτω,
1809 1256 1997 1326 φησὶν,

399 1338 756 1409 ίμειρόμενὸι
791 1339 980 1409 ὑμῶν,
1009 1342 1310 1403 τουτέστιν,
1338 1343 1735 1414 ἐπιθυμοῦντες
1759 1361 1773 1375 ·
1826 1344 2002 1409 οὕτως

398 1429 530 1498 ὑμῖν
583 1427 1012 1499 προσδεδέμεθα,
1049 1431 1232 1500 φησιν,
1255 1431 1337 1484 ὅτι
1365 1432 1428 1485 οὐ
1460 1432 1622 1503 μόνον
1653 1432 1809 1486 ούδέν
1842 1432 1988 1504 λαμ-

401 1516 657 1587 βάνωμεν
683 1559 697 1582 ,
727 1516 844 1569 ἀλλ’
891 1517 940 1570 εί
975 1516 1058 1572 δεῖ
1083 1518 1293 1582 καὶτὰς
1317 1518 1499 1591 ψυχὰς
1520 1519 1868 1592 μεταδοῦναι,
1893 1521 1996 1575 οὐκ

395 1604 466 1657 ἂν
515 1604 986 1676 παρῃτησάμεθα.
1029 1605 1204 1662 Τοῦτο
1245 1602 1360 1673 οῦν,
1412 1609 1536 1662 εἰπέ
1577 1626 1689 1680 μοι,
1718 1608 1996 1680 ἀνθρωπί-

399 1707 495 1761 νης
552 1692 835 1762 διανοίας;
882 1693 978 1747 καὶ
1018 1694 1102 1760 τίς
1141 1693 1317 1760 οὕτως
1349 1697 1602 1769 ἀνόητος,
1626 1697 1703 1762 ὡς
1732 1696 1893 1752 τοῦτο
1916 1698 1994 1752 εἱ-

400 1783 558 1848 πεῖν;
587 1782 994 1852 Εὐδοκοῦμεν,
1024 1784 1180 1856 φησὶ.
1195 1786 1562 1855 μεταδοῦναι
1591 1789 1751 1857 ὑμῖν,
1785 1789 1856 1841 οὐ
1879 1789 1992 1856 μό-

396 1887 509 1923 νον
538 1869 604 1924 τὸ
631 1871 1133 1942 Ει’)αγγνέ.ιιον”τοῦ
1163 1874 1348 1940 Θεοῦ,
1377 1876 1542 1932 ἀλλὰ
1575 1877 1671 1930 καὶ
1703 1875 1857 1949 μδη
1885 1876 1992 1943 τὰς

403 1957 638 2012 ἑαυτῶν
675 1959 902 2028 ψυχάς.
933 1961 1098 2018 Ὥστε
1137 1961 1298 2016 τοῦτο
1320 1963 1504 2034 μεῖζον
1535 1964 1768 2017 ἐκείνου.
1803 1964 1910 2017 Kal
1939 1963 1992 2017 τί

398 2045 458 2098 τὸ
479 2047 671 2116 κέρδος
692 2065 706 2112 ;
743 2047 878 2101 Ἀπὸ
899 2049 996 2120 μέν
1017 2049 1126 2122 γάρ
1139 2049 1232 2104 τοῦ
1252 2051 1604 2120 Εὐαγγελίου,
1627 2050 1839 2121 κέρδος·
1856 2050 1916 2104 τὸ
1934 2051 1990 2104 δὲ

397 2135 493 2203 τὴν
521 2135 700 2206 ψυχὴν
733 2135 941 2203 δοῦναι,
975 2137 1117 2192 κατά
1161 2139 1261 2209 τὴν
1283 2139 1574 2193 δυσκολίαν
1617 2138 1804 2211 μεῖζον
1834 2139 1985 2193 ἐκεί-

393 2239 506 2276 νου.
555 2223 630 2275 υύ
660 2224 768 2297 γάρ
801 2225 953 2278 ἐστιν
1000 2225 1116 2280 ἴσον
1157 2227 1347 2292 ἁπλῶς
1385 2227 1646 2301 κηρῦξαι,
1684 2228 1778 2282 καὶ
1806 2228 1986 2301 ψυχὴν
2038 2226 2046 2231 ’

390 2309 572 2364 δοῦναι
601 2327 615 2341 ·
651 2312 829 2367 ἐκεῖνο
854 2313 953 2381 μὲν
971 2313 1081 2387 γὰρ
1097 2315 1448 2389 τιμιώτερον,
1476 2317 1637 2370 τοῦτο
1658 2317 1714 2370 δὲ
1740 2317 1987 2382 πλείονος

389 2398 676 2464 δυσκολίας
727 2396 816 2471 ἦν.
883 2402 1272 2472 Ἑϐουλόμεθα,
1317 2405 1504 2476 φησὶν,
1534 2406 1675 2476 εἴγε
1706 2407 1855 2478 ἐνῆν,
1887 2408 1984 2460 καὶ

388 2487 487 2550 τάς
516 2487 699 2558 ψυχὰς
723 2489 805 2553 εἰς
838 2490 984 2562 ὑμᾶς
1010 2491 1270 2550 κενῶσαι.
1318 2494 1471 2548 Ἐπεὶ
1498 2492 1592 2549 οὖν
1622 2494 1856 2567 ἐπῄνεσε
1889 2495 1985 2550 καὶ

389 2575 624 2641 ἐπαινεῖ,
659 2577 746 2632 διὰ
769 2579 928 2631 τοῦτο
957 2579 1128 2650 λέγει,
1160 2582 1242 2634 ὅτι
1274 2582 1350 2635 Οὐ
1376 2585 1638 2654 χρήματα
1666 2583 1980 2654 ζητοῦντες,

387 2663 450 2715 ού
501 2664 889 2730 κολακεύοντες
927 2668 1094 2739 ὑμᾶς,
1137 2671 1200 2724 ού
1257 2670 1417 2742 δόξης
1463 2673 1766 2744 ἐφιέμενοι,
1824 2675 1983 2728 τοῦτο

391 2751 678 2825 ποιοῦμεν.
705 2755 849 2827 Ὅρα
871 2757 978 2828 γάρ
1000 2774 1015 2790 ·
1034 2759 1082 2811 εἰ
1119 2758 1288 2814 πολλά
1313 2755 1456 2831 ἦσαν
1498 2760 1856 2832 ἀθλήσαντες,
1887 2763 1981 2817 καὶ

388 2841 716 2913 παραδόξως
736 2843 846 2898 ἔδει
865 2846 1066 2909 αὐτοὺς
1089 2848 1443 2920 ἐπαινεθῆναι
1460 2849 1554 2904 καὶ
1573 2850 1977 2923 θαυμασθῆναι,

387 2928 531 2984 ὥστε
592 2934 988 3006 στερροτέρους
1033 2936 1313 3004 γενέσθαι,
1360 2935 1509 3010 εἶχεν
1538 2942 1566 2993 ὀ
1592 2940 1814 3006 ἔπαινος
1846 2941 1980 2995 ὑπο-

384 3019 538 3089 ψίαν.
568 3021 668 3077 Διά
710 3021 892 3089 τοῦτο,
939 3025 1384 3098 ἀποκρουόμενος
1413 3030 1514 3101 τὴν
1545 3031 1804 3101 ὑποψίαν,
1851 3032 1980 3097 τοὺς

385 3109 666 3174 κινδύνους
711 3110 884 3182 λέγει.
953 3114 1064 3168 Kal
1102 3115 1288 3182 πάλιν,
1337 3117 1426 3172 ἵνα.
1484 3119 1559 3191 μὴ
1607 3120 1842 3191 νομισθῇ
1886 3120 1975 3175 διὰ

385 3197 544 3253 τοῦτο
571 3201 700 3265 τοὺς
745 3201 1032 3267 κινδύνους
1067 3204 1270 3273 λέγειν,
1317 3206 1395 3270 ὡς
1439 3208 1666 3278 κάμνων
1708 3209 1850 3280 ὑπὲρ
1878 3210 1975 3263 αύ-

383 3287 512 3350 τῶν,
539 3290 635 3342 καὶ
662 3289 899 3358 ὀφείλων
945 3292 1248 3363 τιμηθῆναι
1290 3296 1421 3367 παρ’
1455 3295 1658 3360 αὐτῶν,
1691 3298 1834 3368 ὑπὲρ
1856 3297 1976 3351 τού-

384 3394 500 3438 του,
535 3377 674 3447 μετά
698 3378 757 3429 τὸ
787 3380 962 3431 εἰπεῖν
986 3380 1114 3442 τοὺς
1152 3381 1462 3449 κινδύνους,
1492 3385 1740 3454 ἐπήγαγε
1767 3400 1780 3410 ‘
1817 3389 1974 3442 Διότι

384 3464 679 3534 ἀγαπητοὶ
699 3465 845 3535 ἡμῖν
871 3467 1216 3535 γεγένησθε·
1249 3469 1427 3540 δηλῶν
1461 3470 1544 3524 ότι
1574 3473 1663 3526 διὰ
1689 3472 1850 3528 τοῦτο
1879 3476 1976 3529 καὶ

383 3555 482 3615 τὰς
542 3553 720 3624 ψυχὰς
755 3555 928 3626 ἡδέως
962 3556 1029 3610 ἂν
1073 3559 1202 3630 ὑμῖν
1248 3558 1462 3630 ἔδομεν,
1485 3563 1567 3615 ὅτι
1593 3562 1807 3634 Σφόδρα
1845 3565 1974 3635 ὑμῖν

384 3641 812 3714 προσεδέθημεν.
838 3644 910 3697 Τὸ
935 3645 1034 3715 μὲν
1079 3642 1173 3701 οὖν
1191 3648 1544 3719 Εὖαγγέλιον,
1579 3653 1768 3724 ἐπειδὴ
1789 3655 1817 3707 ό
1841 3653 1974 3720 Θεὸς

381 3728 659 3792 ἐκέλευσε,
696 3732 1174 3805 καταγγέλλομεν·
1211 3736 1466 3790 τοσοῦτον
1502 3738 1559 3792 δὲ
1606 3739 1748 3810 ὑμᾶς
1783 3740 1973 3811 φιλοῦ-

382 3833 505 3884 μεν,
531 3817 613 3871 δτι
643 3820 690 3871 εί
721 3819 869 3890 ἐνῆν,
916 3820 1008 3874 καὶ
1040 3822 1137 3885 τὰς
1161 3822 1341 3895 ψυχὰς
1374 3823 1440 3879 ἀν
1476 3825 1788 3898 ἐδώκαμεν.
1815 3829 1974 3885 Οὕτω

378 3907 457 3958 δεῖ
483 3905 657 3976 φιλεῖν
679 3906 770 3960 τὸν
796 3908 1080 3978 φιλοῦντα,
1104 3912 1201 3977 ὡς,
1225 3914 1274 3966 εί
1305 3914 1399 3968 καὶ
1418 3915 1518 3986 τὴν
1543 3915 1722 3987 ψυχὴν
1745 3908 1968 3990 αἱτηθῇ,

380 3994 474 4045 καὶ
513 3994 741 4050 δυνατὸν
767 3991 824 4070 ᾖ,
859 3997 934 4068 μὴ
979 3998 1244 4056 κωλῦσαι.
1276 4002 1342 4055 Τί
1366 4002 1535 4073 λέγω,
1571 4006 1769 4079 αἰτηθῇ
1803 4025 1818 4074 ;
1853 4008 1971 4062 ἀλλ’

377 4081 519 4135 ῶττε
553 4083 720 4138 αὐτὸν
751 4086 1067 4157 ἐπιτρέχειν
1094 4090 1161 4160 τῇ
1189 4089 1418 4163 τοιαύτῃ
1447 4091 1612 4147 δόσει.
1645 4092 1815 4148 Οὐδὲν
1838 4097 1966 4168 γὰρ,

379 4169 530 4224 οὐδὲν
584 4172 686 4242 τῆς
731 4174 992 4245 τοιαύτης
1015 4176 1240 4247 ἀγάπης
1268 4177 1606 4251 γλυκύτερον
1629 4182 1830 4249 γένοιτ’
1862 4186 1928 4238 ἀν
1949 4199 1966 4216 ⁸

379 4257 530 4312 οὐδὲν
583 4259 698 4313 ἐκεῖ
735 4259 980 4333 λυπηρὸν
1014 4267 1398 4334 συμπεσεῖται.
1434 4268 1646 4331 Ὄντως
1683 4270 1838 4339 φίλος
1864 4289 1956 4324 πι-

381 4347 500 4411 ςτὸς
548 4348 843 4422 φάρμακον
891 4349 1074 4423 ζωῆς·
1135 4353 1307 4419 ὅντως
1347 4353 1501 4426 φίλος
1551 4358 1747 4423 πιστὸς
1789 4360 1967 4432 σκέπη

380 4438 633 4508 κραταιά.

447 4525 513 4579 Τί
549 4529 656 4596 γάρ
698 4528 799 4582 οὐκ
844 4529 910 4584 ἂν
965 4531 1264 4603 ἐργάσαιτο
1292 4533 1448 4603 φίλος
1499 4536 1724 4605 γνήσιος
1749 4555 1762 4598 ;
1791 4538 1967 4611 πόσην

377 4614 478 4682 μὲν
506 4615 606 4666 οὐκ
635 4615 699 4670 ἀν
729 4617 1084 4691 ἐμποιήσειεν
1109 4620 1305 4692 ἡδονήν
1335 4638 1350 4689 ;
1373 4623 1548 4694 πόσην
1572 4625 1628 4678 δὲ
1652 4625 1924 4696 ὠφέλειαν
1949 4645 1963 4696 ;

378 4700 551 4771 πόσην
575 4703 632 4756 δέ
661 4705 998 4774 ἀσφάλειανς
1029 4706 1148 4761 Κᾶν
1179 4708 1407 4782 μυρίους
1445 4708 1757 4784 θησαυροὺς
1779 4713 1964 4788 εἴπῃς,

373 4790 530 4843 οὐδὲν
566 4792 818 4859 ἀντάξιον
852 4794 1075 4868 γνησίου
1102 4797 1279 4866 φίλου.
1320 4798 1429 4852 Kal
1454 4800 1522 4853 τὰ
1543 4802 1716 4873 αὐτῆς
1747 4804 1966 4876 πρῶτον

374 4879 622 4951 εἴπωμεν
677 4881 778 4952 τῆς
821 4883 1007 4951 φιλίας
1052 4885 1226 4956 πόσην
1269 4885 1383 4957 ἔχει
1427 4887 1525 4959 τὴν
1571 4890 1788 4962 ἡδονήν.
1823 4893 1962 4947 Γάν-

376 4985 533 5022 νυται
554 4969 698 5040 ὀρῶν
738 4971 904 5025 αὑτὸν
926 4984 952 5012 ι
983 4973 1079 5026 καὶ
1096 4973 1388 5045 διαχεῖται,
1423 4975 1804 5047 συμπλέκεται
1826 4997 1965 5053 συμ-

375 5056 582 5128 πλοκὴν
616 5058 768 5131 αὐτῷ
804 5077 928 5113 τινα
960 5061 1102 5115 κατά
1129 5063 1229 5134 τὴν
1254 5063 1434 5136 ψυχὴν
1459 5065 1702 5137 ἄρρητον
1732 5067 1964 5139 ἔχουσαν

373 5145 471 5216 τὴν
501 5146 693 5218 ἡδονήν
719 5163 732 5175 ·
781 5148 887 5202 κᾶν
924 5149 1248 5224 ἀναμνησθῇ
1288 5152 1449 5222 μόνον
1477 5155 1664 5222 αὐτοῦ,
1709 5155 1962 5231 διανέστη

374 5235 438 5302 τῇ
487 5231 694 5305 διανοίᾳ
735 5237 832 5290 καὶ
879 5238 1261 5310 ἀνεπτερώθη.
1306 5242 1441 5314 Περὶ
1470 5243 1578 5297 τῶν
1612 5244 1784 5314 φίλων
1818 5246 1964 5317 λέγω

373 5320 485 5374 τῶν
539 5325 802 5394 γνησίων,
838 5326 946 5381 τῶν
984 5328 1303 5401 ὀμοῷύχων,
1345 5331 1455 5386 τῶν
1493 5333 1837 5407 αἱρουμένων
1867 5339 1965 5392 καὶ

375 5411 834 5481 ύπεραποθανεῖν,
856 5414 964 5470 τῶν
987 5415 1209 5490 θερμῶς
1243 5419 1568 5488 φιλούντων.
1593 5425 1683 5494 Μή
1719 5441 1810 5494 μοι
1839 5427 1965 5491 τοὺς

371 5499 563 5564 ἀπλῶς
585 5501 875 5571 φιλοῦντας
897 5505 1228 5572 ἐννοοῦντες,
1258 5509 1352 5562 καὶ
1368 5511 1660 5575 κοινωνοὺς
1694 5511 1804 5566 τῶν
1824 5530 1855 5566 1
1863 5532 1965 5586 pa-

375 5587 581 5654 πεζῶν,
630 5592 725 5644 καὶ
785 5591 895 5647 ἀπὸ
943 5597 1320 5669 προσηγορίας
1349 5598 1558 5668 φίλους,
1593 5599 1846 5671 νομίζετε
1872 5603 1966 5656 τὸν

373 5676 529 5746 λόγον
556 5678 898 5750 ἐλέγχεσθαι.
947 5681 1017 5736 Εἴ
1053 5701 1136 5750 τις
1181 5685 1296 5756 ἔχει
1326 5687 1481 5756 φίλον
1508 5683 1621 5743 οἷον
1643 5689 1810 5760 λέγω,
1838 5691 1970 5746 ἐπι-

434 5845 460 5870 “
497 5843 580 5894 Sic
618 5844 938 5920 galba-[inps
985 5862 1114 5920 υιιιις
1156 5854 1336 5920 rect_e._
1361 5851 1494 5906 Editi
1549 5868 1668 5906 vero
1712 5857 1836 5920 ὁρῶν
1881 5859 1970 5908 αύ-

370 5906 474 5966 τὴν,
499 5909 630 5970 quod
652 5921 764 5959 cum
788 5916 920 5961 recta
940 5912 1072 5962 serie
1094 5912 1364 5976 pugnabat.

2115 635 2262 707 άπερ
2311 640 2404 693 καὶ
2440 640 2644 712 ἐαυτῷ.
2681 639 2809 698 Οἶδα
2832 645 2944 714 ἐγώ
2967 662 3108 708 τινα.
3136 646 3195 712 ὃς
3232 648 3374 721 ὑπὲρ
3397 650 3552 720 φίλου
3583 653 3714 716 τοὺς

2115 722 2309 791 ἁγίους
2334 728 2537 801 ἄνδρας
2567 734 2926 803 παρακαλῶν,
2953 737 3258 808 παρεκάλει
3291 738 3558 810 εὔχεσθαι
3577 742 3718 812 πρόο

2113 829 2271 889 τερον
2328 816 2468 888 ὑπὲρ
2507 819 2696 883 αὐτοῦ,
2728 823 2823 876 καὶ
2861 823 2985 876 τότε
3016 825 3155 898 ὑπὲρ
3185 825 3404 880 ἑαυτοῦ.
3439 826 3698 882 Τοσοῦτόι

2112 900 2229 954 ἐστι
2287 903 2440 972 φίλος
2504 907 2731 974 ἀγαθὸς,
2785 910 2861 972 ὡς
2891 911 2986 963 καὶ
3021 911 3220 976 τόπους
3242 913 3337 966 καὶ
3367 914 3598 984 χρόνους
3621 933 3700 985 φι-

2109 987 2320 1045 λεῖσθαι
2355 993 2422 1046 δι’
2448 994 2633 1048 αὐτόν.
2666 997 2936 1069 Καθάπερ
2968 1000 3076 1070 γάρ
3097 1001 3166 1054 τὰ
3190 1000 3422 1073 λαμπρά
3466 1002 3577 1056 τῶν
3609 1021 3704 1056 σω·

2114 1081 2302 1152 μάτων
2328 1082 2492 1148 ἄνθος
2516 1087 2751 1159 άπορῤετ
2784 1091 2865 1153 είς
2894 1091 3021 1152 τοὺς
3052 1092 3283 1162 πλησίον
3307 1094 3530 1158 τόπους,
3553 1094 3704 1149 οὕτω

2106 1170 2201 1223 καὶ
2233 1173 2282 1224 οί
2336 1171 2503 1242 φίλοι,
2546 1168 2627 1238 οἷς
2666 1173 2733 1228 ἂν
2758 1177 3182 1247 παραγένωνται
3215 1179 3422 1245 τόποις,
3447 1181 3546 1252 τὴν
3574 1182 3703 1235 ἑαυ-

2104 1257 2216 1312 τῶν
2261 1260 2424 1333 χάριν
2460 1261 2674 1332 ἀφιᾶσι.
2728 1264 2841 1318 Kal
2879 1264 3144 1330 πολλάκις
3173 1267 3344 1338 χωρὶς
3373 1266 3544 1336 φίλων
3574 1270 3701 1324 ἐπι-

2106 1349 2333 1414 στάντες
2365 1352 2477 1414 τοῖς
2513 1353 2701 1417 τόποις
2734 1353 2986 1419 ἐκείνοις,
3015 1355 3398 1428 ἐδακρύσαμεν
3426 1357 3537 1410 τῶν
3557 1360 3700 1429 ἡμε-

2105 1437 2214 1508 ρῶν
2232 1438 2699 1511 ἀναμνησθέντες,
2721 1443 2778 1495 ἐν
2804 1436 2893 1507 αἷς
2919 1443 3345 1516 συνεγενόμεθα,
3373 1443 3466 1500 καὶ
3489 1446 3702 1500 ἐστενάο

2103 1525 2296 1598 ξαμεν.
2321 1525 2473 1601 [458]
2508 1529 2622 1584 Ούκ
2647 1530 2724 1584 ἔνι
2742 1531 2820 1603 τῷ
2844 1531 2986 1603 λόγῳ
3005 1532 3356 1605 παραστῆσαι
3385 1533 3484 1606 τὴν
3500 1535 3698 1606 ἡδονὴν

2099 1615 2235 1687 ὅσην
2291 1616 2532 1688 ἐντίθησι
2577 1621 2855 1690 παρουσία
2895 1622 3066 1691 φίλων
3093 1639 3108 1653 ο
3145 1622 3298 1694 μόνοι
3324 1622 3381 1676 δὲ
3405 1625 3455 1678 οί
3500 1627 3697 1695 πεῖραν

2099 1701 2318 1774 ἔχοντες
2354 1705 2523 1762 ῐσασι.
2557 1708 2672 1762 Kal
2708 1707 2872 1780 χάριν
2889 1711 3138 1780 αἰτῆσαι,
3171 1712 3268 1764 καὶ
3308 1711 3469 1783 χάριν
3506 1711 3695 1766 λαϐεῖν

2097 1795 2427 1861 ἀνυπόπτως
2454 1797 2608 1868 παρά
2637 1798 2793 1868 φίλου
2822 1798 2923 1852 ἔνι.
2960 1799 3130 1852 Ὅταν
3163 1801 3295 1870 ἡμῖν
3329 1800 3689 1862 ἐπιτάττωσι,

2093 1882 2217 1938 τότε
2297 1883 2485 1948 αὐτοῖς
2563 1885 2728 1956 χάριν
2784 1885 3130 1958 ἴσμεν·ὄταν
3183 1887 3241 1940 δὲ
3290 1887 3513 1950 ὀκνῶσι,
3563 1887 3690 1943 τότε

2092 1971 2352 2043 ἀλύομεν.
2373 1974 2540 2028 Ούδέν
2565 1973 2763 2046 ἔχομεν
2784 1976 2920 2049 ὅπερ
2942 1975 3018 2048 μὴ
3047 1977 3274 2030 ἐκείνων
3302 1976 3438 2031 ἐστί.
3461 1977 3690 2032 Πάντων

2092 2061 2356 2126 πολλάκις
2381 2061 2489 2116 τῶν
2531 2063 2770 2119 ἐνταῦθα
2800 2065 3297 2138 καταφρονοῦντες,
3329 2065 3398 2119 δι’
3437 2066 3688 2129 ἐκείνους

2090 2151 2153 2205 ού
2229 2150 2534 2222 βουλόμεθα
2599 2152 2857 2207 ἀπελθεῖν
2884 2143 3172 2208 ἐντεῦθεν·
3242 2155 3338 2208 καὶ
3380 2153 3478 2207 τοῦ
3506 2153 3688 2224 φωτὸς

2091 2241 2291 2295 ἐκεῖνοι
2325 2240 2719 2314 ποθεινότεροι.

2161 2349 2274 2404 Kal
2307 2348 2416 2422 γὰρ
2445 2348 2617 2412 ὅντως
2653 2348 2747 2404 καὶ
2777 2348 2871 2404 τοῦ
2914 2350 3092 2419 φωτὸς
3117 2349 3281 2406 αὐτοῦ
3311 2350 3685 2425 ποθεινότερος

2088 2439 2243 2509 φίλος
2266 2456 2281 2471 ο
2312 2440 2405 2493 τὸν
2429 2442 2648 2512 γνήσιον
2674 2439 2841 2510 λέγω.
2864 2442 2974 2496 Kal
3001 2440 3077 2514 μὴ
3114 2440 3406 2512 θαυμάσῃς
3423 2458 3438 2474 ·
3475 2441 3685 2512 βέλτιον

2086 2527 2194 2600 γὰρ
2218 2531 2350 2600 ἡμῖν
2380 2529 2672 2600 σϐεσθῆναι
2701 2531 2793 2584 τὸν
2822 2531 2994 2602 ἥλιον,
3039 2530 3071 2602 ἢ
3103 2529 3274 2601 φίλων
3307 2529 3687 2603 ἀποστερηθῆ-

2085 2637 2206 2674 ναι·
2236 2620 2444 2691 βέλτιον
2489 2621 2548 2674 ἐν
2573 2621 2752 2693 σκότῳ
2781 2621 3010 2690 διάγειν,
3035 2620 3067 2692 ἢ
3107 2620 3278 2691 φίλων
3307 2616 3447 2674 εῐναι
3470 2619 3640 2691 χωρίς
3664 2637 3679 2651 ο

2085 2709 2180 2762 καὶ
2213 2709 2352 2772 πῶς,
2389 2707 2500 2778 ἐγὼ
2536 2708 2702 2778 λέγω.
2749 2709 2870 2762 Ὅτι
2920 2708 3109 2762 πολλοὶ
3137 2709 3232 2763 τὸν
3255 2709 3407 2781 ἥλιον
3440 2708 3681 2780 ὁρῶντες

2084 2799 2142 2853 ἐν
2169 2799 2346 2871 σκότῳ
2387 2799 2520 2864 είσὶ,
2553 2800 2726 2870 φίλων
2756 2800 2814 2854 δὲ
2835 2799 3218 2871 εὐποροῦντες,
3256 2799 3366 2853 οὐδ’
3389 2797 3454 2853 ἀν
3477 2800 3536 2852 ἐν
3567 2798 3678 2852 θλίο

2082 2889 2172 2961 ψει
2194 2889 2464 2960 γένοιντο·
2492 2891 2618 2963 περὶ
2649 2891 2819 2961 φίλων
2833 2889 2977 2958 λέγω
3001 2890 3107 2944 τῶν
3133 2889 3544 2960 πνευματικῶν,
3568 2889 3680 2942 τῶν

2082 2978 2236 3032 οὐδὲν
2263 2978 2660 3051 προτιμώντων
2695 2978 2898 3048 φιλίας.
2921 2978 3177 3043 Τοιοῦτος
3226 2978 3440 3041 Παῦλος
3469 2975 3558 3050 ἦν,
3581 2977 3680 3031 καὶ

2081 3066 2181 3138 τὴν
2212 3068 2392 3138 ψυχὴν
2439 3068 2614 3140 ἡδέως
2649 3068 2826 3133 διδοὺς
2859 3070 2959 3139 τὴν
3013 3066 3230 3132 ἐαυτοῦ,
3275 3067 3372 3122 καὶ
3402 3066 3476 3138 μὴ
3518 3068 3680 3136 αἰτη-

2083 3156 2217 3225 θεὶς,
2246 3158 2341 3212 καὶ
2373 3161 2453 3223 εἰς
2488 3160 2714 3229 γέενναν
2741 3159 2915 3230 ἡδέως
2945 3157 3011 3212 ἂν
3046 3159 3364 3214 ἐνέπιπτεν.
3391 3156 3550 3212 Οὕτω
3570 3156 3678 3230 χρὴ

2081 3245 2257 3316 φιλεῖν
2302 3246 2544 3301 διαθέσει
2607 3247 3004 3320 πεπυρωμένῃ.
3061 3245 3336 3316 Βούλομαι
3372 3244 3679 3315 ὑπόδειγμα

2077 3336 2261 3390 δοῦναι
2295 3337 2499 3407 φιλίας·
2529 3337 2778 3410 πατέρας
2806 3337 2900 3392 καὶ
2921 3336 3074 3401 υἱοὺς
3091 3335 3479 3408 ὑπερϐαίνουσι
3505 3333 3673 3404 φίλοι,

2080 3422 2224 3492 φίλοι
2259 3426 2307 3478 οί
2356 3423 2498 3480 κατά
2521 3424 2780 3496 Χριστόν.
2808 3423 2899 3496 Μὴ
2923 3423 3033 3496 γάρ
3078 3441 3166 3495 μοι
3212 3425 3339 3488 τοὺς
3363 3421 3458 3476 νῦν
3487 3422 3672 3496 εἴπῃς,

2077 3513 2159 3566 ὅτι
2206 3513 2344 3585 μετά
2402 3515 2513 3568 τῶν
2572 3514 2751 3569 ἀλλων
2803 3518 2898 3570 καὶ
2944 3515 3103 3570 τοῦτο
3129 3514 3338 3587 ἀπέστη
3381 3513 3442 3568 τὺ
3474 3514 3670 3569 καλόν·

2077 3601 2192 3656 ἀλλ’
2227 3603 2482 3674 ἐννόησον
2518 3604 2600 3658 ὅτι
2639 3604 2732 3658 ἐπὶ
2755 3604 2865 3658 τῶν
2898 3603 3239 3668 ἀποστόλων,
3277 3604 3338 3658 οὐ
3372 3602 3516 3670 λέγω
3544 3603 3673 3666 τοὺς

2077 3691 2434 3763 κορυφαίους,
2471 3692 2586 3745 ἀλλ’
2623 3692 2825 3758 αὐτοὺς
2870 3693 2999 3758 τοὺς
3030 3693 3481 3756 πεπιστευκότας·
3515 3695 3671 3747 Πάν-

2075 3797 2197 3834 των
2212 3776 2312 3852 ἦν,
2346 3783 2533 3854 φησὶν,
2560 3783 2598 3851 ἡ
2621 3781 2793 3853 ψυχὴ
2818 3784 2915 3838 καί
2939 3783 2976 3850 ἠ
3013 3783 3223 3852 καρδία
3247 3783 3380 3853 μία,
3411 3783 3506 3836 καί
3527 3781 3674 3836 οὐδὲ

2073 3869 2163 3937 εἷς
2206 3889 2260 3925 τι
2305 3869 2426 3924 τῶν·
2465 3873 2868 3941 ὑπαρχόντων
2897 3871 3111 3942 ἔλεγεν
3148 3871 3304 3926 ἴδιον
3341 3867 3529 3926 εἶναι·
3570 3871 3670 3924 καὶ

2074 3958 2365 4012 διεδίδοτο
2381 3958 2637 4026 ἑκάστῳ,
2667 3960 2867 4013 καθότι
2902 3959 2981 4014 ἄν
2999 3978 3088 4027 τις
3108 3961 3318 4029 χρείαν
3338 3956 3522 4030 εἶχεν.
3557 3960 3672 4014 Οὐκ

2071 4043 2138 4118 ἦν
2173 4049 2292 4102 τότε
2319 4048 2379 4101 τὸ
2430 4049 2564 4119 ἐμόν
2613 4047 2707 4103 καὶ
2742 4047 2802 4102 τὸ
2845 4048 2964 4101 σόν.
3013 4047 3185 4101 Τοῦτό
3221 4050 3342 4102 ἐστι
3376 4048 3550 4118 φιλία,
3582 4049 3670 4102 ἵνα

2075 4135 2150 4208 μὴ
2179 4138 2247 4191 τά
2266 4137 2432 4192 αὐτοῦ
2462 4137 2659 4191 ἑαυτοῦ
2687 4154 2770 4201 τις
2798 4135 3020 4206 νομίζῃ,
3049 4134 3184 4188 ἀλλά
3204 4136 3272 4189 τά
3291 4137 3386 4190 τοῦ
3416 4139 3670 4206 πλησίον,

2071 4223 2141 4277 τὰ
2172 4225 2227 4278 δὲ
2256 4225 2422 4280 αὐτοῦ
2449 4224 2709 4295 ἀλλότρια
2737 4239 2750 4255 ·
2782 4223 2869 4276 ῖνα
2899 4221 3044 4276 οὕτω
3091 4222 3245 4292 φείδη
3260 4239 3337 4276 ται
3395 4223 3496 4291 τῆς
3518 4226 3667 4278 ἐκεί-

2071 4330 2162 4365 νου
2187 4312 2388 4384 ψυχῆς,
2414 4313 2489 4376 ὡς
2512 4313 2610 4382 τῆς
2629 4311 2847 4376 ἑαυτοῦ,
2873 4311 3124 4374 κάκεῖνος
3145 4311 3349 4380 ὁμοίως
3370 4312 3469 4383 τὴν
3493 4313 3666 4385 αὐτὴν

2070 4399 2313 4454 διάθεσιν
2365 4399 2797 4470 ἐπιδεικνύηται.
2869 4399 2979 4453 Kal
3025 4398 3128 4452 ποῦ
3185 4399 3444 4466 δυνατὸν,
3507 4403 3664 4473 φησὶ,

2073 4489 2311 4543 τοιοῦτον
2358 4488 2691 4558 εὑρεθῆναις
2755 4488 2884 4553 Nal,
2941 4488 3002 4542 ού
3041 4486 3300 4552 δυνατὸν,
3361 4488 3550 4562 ἐπειδὴ
3590 4491 3666 4561 μὴ

2072 4577 2396 4649 βουλόμεθα·
2421 4575 2497 4639 ὡς
2518 4576 2656 4645 εἴγε
2681 4575 3038 4648 ἐϐουλόμεθα,
3059 4577 3153 4630 καὶ
3184 4577 3390 4649 σφόδρα
3415 4577 3662 4634 δυνατόν.

2069 4670 2132 4723 Εἰ
2177 4670 2286 4741 γὰρ
2339 4667 2413 4741 μὴ
2456 4667 2680 4721 δυνατὸν
2707 4662 2797 4739 ἦν,
2831 4667 2940 4722 οὐδ’
2967 4667 3034 4721 ἂν
3055 4667 3316 4733 ἐπέταξεν
3348 4671 3376 4723 ό
3405 4668 3660 4740 Χριστὸς,

2069 4758 2170 4812 ούκ
2185 4757 2249 4811 ἂν
2262 4755 2499 4811 τοσαῦτα
2517 4773 2586 4809 πε
2597 4756 2647 4828 pl
2665 4756 2884 4828 ἀγάπης
2897 4755 3166 4828 διελέχθη.
3196 4755 3356 4824 Μέγα
3379 4755 3548 4825 φιλία,
3567 4756 3664 4810 καὶ

2071 4847 2238 4900 πόσον
2266 4845 2430 4918 μέγα,
2457 4844 2634 4908 οὐδεὶς
2654 4843 2722 4897 ἂν
2750 4843 2966 4898 δύναιτο
2993 4843 3208 4914 μαθεῖν,
3234 4843 3359 4896 οὔτε
3378 4861 3463 4907 τις
3479 4845 3661 4915 παρα-

2070 4937 2266 5007 στῆσαι
2311 4935 2491 5004 λόγος.
2543 4935 2683 5006 πλὴν
2727 4936 2827 5006 τῆς
2869 4935 3064 5007 πείρας
3108 4935 3299 5004 αὐτῆς.
3345 4936 3518 4989 Τοῦτο
3561 4935 3662 5000 τὰς

2067 5025 2312 5097 αἱρέσεις
2345 5024 2660 5094 εἰργάσατο,
2697 5023 2856 5078 τοῦτο
2895 5025 3023 5088 τοὺς
3081 5023 3350 5095 Ἕλληνας
3394 5024 3474 5078 ἔτι
3517 5028 3663 5080 ποιεῖ

2070 5111 2334 5182 Ἕλληνας
2372 5105 2532 5164 εἶναι.
2598 5108 2656 5163 '0
2689 5111 2860 5179 φιλῶν
2907 5112 3006 5165 οὐκ
3061 5113 3371 5166 ἐπιτάττειν
3408 5110 3659 5183 βούλεται

2067 5200 2188 5254 οὐδὲ
2222 5199 2433 5270 ἄρχειν,
2475 5198 2610 5254 ἀλλά
2643 5199 2806 5272 χάριν
2833 5199 2945 5272 ἔχει
2978 5199 3181 5271 μᾶλλον
3218 5200 3522 5271 ἀρχόμενος
3564 5203 3660 5256 καὶ

2068 5288 2496 5359 ἐπιτασσόμενος
2519 5303 2534 5319 ·
2564 5287 2886 5359 χαρίζεσθαι
2914 5288 3163 5359 βούλεται
3190 5288 3411 5360 μᾶλλον,
3434 5289 3466 5360 ἢ
3495 5289 3659 5359 χάριν

2065 5376 2366 5448 λαμϐάνειν
2390 5392 2404 5406 ⁸
2446 5374 2593 5447 φιλεῖ
2639 5377 2769 5448 γὰρ,
2799 5377 2894 5430 καὶ
2921 5375 2998 5440 ὡς
3037 5377 3138 5430 ούκ
3168 5375 3457 5449 ἐμπλήσας
3487 5378 3657 5432 αὐτοῦ

2067 5467 2164 5538 τὴν
2198 5465 2520 5536 ἐπιθυμίαν,
2552 5463 2694 5518 οὕτω
2715 5465 3002 5520 διάκειται.
3021 5466 3134 5536 Οὐχ
3148 5463 3326 5528 οὕτως
3346 5461 3406 5520 εὖ
3434 5467 3658 5537 πάσχων

2071 5555 2350 5626 τέρπεται,
2373 5553 2448 5618 ὡς
2474 5548 2532 5607 εὖ
2560 5551 2728 5606 ποιῶν
2756 5569 2769 5584 ·
2797 5552 3046 5624 βούλεται
3075 5553 3181 5626 γὰρ
3211 5553 3465 5626 κατέχειν
3493 5555 3658 5609 αὐτὸν

2070 5642 2293 5713 μᾶλλον,
2353 5643 2386 5713 ἢ
2440 5640 2676 5710 ὀφείλειν
2736 5641 2918 5711 αὐτῷ·
2977 5639 3177 5713 μᾶλλον
3218 5641 3392 5696 δὲκαὶ
3419 5642 3660 5713 ὀφείλειν

2066 5730 2216 5801 αὐτῷ
2247 5729 2517 5801 βούλεται,
2552 5729 2648 5782 καὶ
2680 5729 2970 5801 ὀφειλέτην
3002 5730 3166 5786 αύτδν
3197 5730 3374 5802 ἔχειν·
3407 5733 3504 5786 καὶ
3533 5731 3660 5803 βού-

2066 5820 2217 5873 λεται
2243 5817 2588 5889 χαρίζεσθαι,
2617 5818 2712 5872 καὶ
2737 5819 2799 5870 ού
2825 5817 3075 5888 βούλεται
3104 5819 3280 5874 δοκεῖν
3312 5821 3654 5893 χαρίζεσθαι,

2069 5908 2182 5964 ἀλλ’
2195 5906 2478 5978 ὀφειλέτην
2493 5905 2654 5960 αὐτὸν
2672 5903 2989 5977 εἶναι.Τάχα
3004 5907 3262 5974 πολλλοὺς
3278 5910 3346 5983 ύρ
3355 5909 3431 5964 ῶν
3442 5911 3656 5980 ἀγνοεῖν
