4140 6488
309 399 414 456 ιυῑι

303 523 420 577 deri
449 520 600 591 prior
625 506 891 576 beneﬁcio
913 515 1130 570 allicere
1155 555 1170 578 ,
1201 514 1296 568 sed
1320 513 1548 591 reddere
1576 531 1590 571 :
1625 511 1766 582 quod
1795 513 1912 581 qui-

303 614 428 668 dem
453 587 604 666 iDeus
648 624 866 679 quoque
896 607 1022 662 fecit
1065 606 1118 660 in
1173 605 1498 660 hominibus.
1522 587 1680 658 ‘Erat
1710 603 1906 657 Filium

304 721 459 761 suum
494 720 591 774 pro
621 703 778 756 nobis
821 699 1118 755 donaturus
1142 741 1156 767 ,
1201 698 1294 753 sed
1329 713 1396 754 ne
1425 697 1704 752 videretur
1753 696 1910 750 nobis

305 799 512 851 donare
537 837 551 860 ,
583 796 677 850 sed
713 795 868 848 nobis
894 793 1093 848 debere
1114 835 1129 858 ,
1175 791 1338 861 jussit
1368 792 1641 846 Abraham
1669 790 1799 845 dare
1846 790 1910 844 ﬁ-

308 892 434 944 lium
459 905 614 942 suum
642 929 657 954 ,
686 898 746 942 ut
787 903 900 941 rem
933 901 1180 955 magnam
1209 886 1412 940 faciens
1433 926 1446 948 ,
1479 885 1608 938 nihil
1653 898 1905 953 magnum

305 984 581 1037 videretur
609 979 806 1034 facere.
836 979 970 1032 Nam
995 979 1039 1032 si
1073 993 1179 1032 non
1204 978 1366 1032 fuerit
1395 976 1612 1048 quidem
1640 976 1898 1038 amicitia,

306 1085 361 1130 et
400 1075 795 1144 exprobramns
845 1069 1110 1126 beneﬁcia
1141 1113 1153 1135 ,
1181 1083 1236 1126 et
1277 1086 1438 1141 parva
1467 1070 1809 1133 extollimus,
1861 1067 1907 1122 si

307 1180 486 1224 autem
541 1169 702 1222 fuerit
729 1167 964 1221 amicitia
986 1208 1001 1231 ,
1050 1175 1107 1221 et
1131 1181 1193 1219 ea
1247 1165 1484 1220 celamus
1505 1206 1520 1228 ,
1549 1173 1604 1217 et
1631 1177 1752 1232 quae
1782 1168 1908 1216 sunt

308 1277 500 1331 magna
529 1275 692 1332 parva
722 1261 972 1322 volumus
1003 1258 1290 1314 ostendere
1311 1300 1326 1325 ,
1359 1274 1428 1314 ne
1455 1257 1733 1312 videamur
1772 1256 1906 1310 ami-

307 1369 430 1407 cnm
462 1352 660 1406 habere
694 1351 1012 1415 debitorem,
1046 1349 1140 1404 sed
1172 1350 1270 1418 ipsi
1297 1365 1416 1404 esse
1445 1349 1718 1404 debitores
1749 1348 1802 1401 in
1839 1361 1906 1402 eo

305 1446 450 1514 quod
497 1460 620 1500 eum
665 1443 960 1498 habeamus
1006 1442 1335 1496 debitorem.
1383 1441 1504 1495 Scio
1550 1441 1750 1494 multos
1797 1455 1904 1493 non

309 1539 609 1604 intelligere
638 1534 781 1606 quod
823 1533 1024 1589 dicitur
1055 1551 1067 1587 :
1101 1549 1261 1589 causa
1290 1542 1468 1587 autem
1511 1541 1597 1586 est
1635 1530 1775 1600 quod
1818 1531 1902 1583 lo-

308 1647 444 1698 quar
470 1631 536 1684 de
575 1646 636 1684 re
659 1671 672 1690 ,
705 1643 824 1698 qua:
856 1641 999 1680 nunc
1044 1627 1234 1680 cadum
1269 1625 1490 1679 habitat.
1537 1622 1903 1691 Quemadmo-

311 1724 439 1776 dum
473 1737 600 1792 ergo
626 1722 670 1775 si
705 1721 956 1791 loquerer
983 1718 1050 1772 de
1075 1719 1254 1788 aliqua
1288 1719 1466 1786 planta
1510 1732 1628 1786 quae
1656 1725 1906 1770 nascatur

312 1819 367 1872 in
397 1817 544 1872 ludia
570 1859 585 1882 ,
615 1816 766 1885 cujus
799 1829 958 1868 nemo
982 1813 1378 1882 experientiam
1411 1811 1654 1876 haberet,
1685 1825 1752 1864 ne
1782 1825 1906 1879 pos-

313 1921 400 1967 set
445 1910 662 1981 quidem
708 1925 822 1964 rem
867 1908 1138 1976 explicare
1185 1908 1398 1970 oratio,
1433 1905 1644 1960 etiamsi
1699 1903 1903 1958 inﬁnita

313 2004 551 2058 dicerem
577 2019 590 2054 :
617 2003 684 2055 ita
714 2001 871 2055 etiam
903 2013 1253 2068 quaecumque
1283 2012 1425 2052 nunc
1449 1996 1640 2051 dixero
1662 2036 1676 2060 ,
1707 1995 1904 2049 frustra

315 2095 491 2148 dicam
519 2111 532 2146 :
568 2108 728 2148 nemo
761 2091 954 2161 poterit
989 2091 1147 2144 scire.
1173 2088 1229 2142 lu
1262 2089 1395 2144 cmlo
1424 2089 1660 2158 plantata
1684 2098 1765 2142 est
1789 2086 1905 2142 hinc

315 2187 492 2254 planta
517 2227 531 2248 ,
569 2199 744 2238 ramos
774 2182 978 2238 habens
1007 2197 1116 2236 non
1147 2190 1372 2235 onustos
1413 2180 1718 2249 margaritis
1747 2221 1759 2241 ,
1809 2179 1905 2234 sed

313 2279 423 2331 vita
468 2278 666 2331 virtute
706 2286 932 2342 ornata,
962 2291 1083 2345 qua:
1131 2282 1215 2330 est
1267 2273 1353 2328 his
1380 2275 1550 2328 nmlto
1593 2272 1899 2342 jucundior.

311 2370 610 2434 Quamnam
636 2367 716 2422 vis
741 2367 921 2422 dicere
943 2367 1306 2434 voluptatem?
1329 2382 1394 2419 an
1427 2375 1634 2436 turpem
1657 2407 1671 2430 ,
1710 2380 1777 2419 an
1809 2365 1907 2419 ho-

311 2461 562 2514 nestam?
605 2459 698 2514 sed
746 2475 937 2514 omnes
969 2469 1258 2528 exsuperat
1313 2460 1560 2527 voluptas
1603 2460 1853 2512 amicitia:
1886 2499 1901 2524 ,

311 2553 521 2607 etiamsi
575 2553 752 2606 mellis
781 2552 1112 2619 voluntatem
1144 2550 1367 2604 dixeris.
1397 2549 1528 2604 Natn
1583 2549 1635 2603 id
1688 2549 1903 2619 quidem

307 2645 468 2700 alfert
520 2647 870 2710 satietatem,
919 2647 1125 2699 amicus
1173 2653 1354 2698 autem
1403 2658 1730 2714 numquam,
1777 2641 1905 2697 dum

311 2739 472 2791 fuerit
512 2739 752 2802 amicus;
808 2736 900 2791 sed
951 2746 1178 2806 augetur
1229 2737 1406 2806 potius
1434 2735 1804 2800 desiderium,
1851 2743 1908 2789 et

311 2832 614 2885 satietatem
663 2846 952 2900 numquam
999 2829 1157 2884 affert
1197 2830 1465 2898 voluptas.
1529 2829 1647 2884 Vita
1692 2843 1906 2898 quoque

312 2933 580 2991 prmscnte
624 2923 829 2978 amicus
877 2932 960 2977 cst
995 2921 1285 2991 jucundior
1326 2940 1338 2975 :
1390 2921 1540 2976 multi
1592 2929 1741 2976 certe
1790 2929 1908 2989 post

1158 397 1224 453 lN
1265 396 1482 453 EPlST.
1526 397 1544 450 ι
1609 397 1701 450 an
1751 383 2070 452 TIIESSAL.
2117 398 2267 454 CAP.
2311 399 2372 453 ll.
2418 397 2647 456 ttoiiiL.
2692 402 2779 457 ιιι.

3505 421 3614 476 i06-

2020 522 2248 570 mortem
2277 519 2573 573 amicorum
2605 535 2675 574 ne
2723 530 2980 591 optarunt
3018 523 3234 594 quidem
3275 526 3506 599 amplius
3534 531 3612 584 vis

2017 622 2164 660 Vere.
2218 608 2347 662 Cum
2403 613 2576 668 amico
2623 615 2784 668 etiam
2843 617 3094 672 exsilium
3149 619 3379 675 libenter
3427 620 3612 676 tulerit

2016 699 2284 768 quispiam
2317 718 2328 753 :
2363 701 2568 773 absque
2594 707 2770 759 amico
2799 717 2977 763 autem
3002 725 3070 764 ne
3092 725 3243 765 suam
3272 713 3488 782 quidem
3519 728 3613 784 pa-

2017 791 2172 845 triam
2220 791 2420 848 habere
2457 797 2707 850 voluerit.
2751 797 2885 852 Cum
2917 801 3092 856 amico
3131 802 3291 858 etiam
3325 815 3610 874 paupertas

2014 893 2097 936 est
2139 883 2467 942 tolerabilis:
2504 887 2705 956 absque
2732 890 2824 943 illo
2853 901 3031 946 autem
3065 902 3120 947 et
3147 895 3352 949 sanitas
3380 905 3433 949 et
3462 895 3608 950 divis

2015 975 2103 1028 the
2129 985 2254 1030 sunt
2286 977 2673 1034 intolerabiles.
2724 981 2966 1036 Alterum
2998 983 3160 1039 habet
3189 987 3448 1056 seipsum.
3489 989 3606 1041 Au-

2013 1081 2110 1135 gor
2128 1069 2272 1138 quod
2297 1084 2402 1124 non
2432 1072 2632 1139 possim
2650 1074 2900 1143 exemplo
2927 1091 3042 1129 rem
3069 1078 3390 1133 ostendere:
3418 1095 3606 1134 revera

2012 1161 2155 1215 enim
2210 1163 2425 1232 planum
2480 1164 2764 1232 fecissem,
2797 1184 2917 1236 qua:
2964 1167 3104 1224 dicta
3137 1180 3261 1224 sunt
3291 1187 3414 1227 esse
3438 1175 3609 1227 multo

2012 1252 2220 1309 tuinora
2263 1271 2422 1326 quam
2465 1269 2732 1328 oporteat.
2769 1260 2837 1314 Et
2867 1261 2984 1316 hinc
3025 1262 3242 1331 quidem
3271 1263 3358 1317 hic
3390 1264 3464 1318 ita
3509 1264 3608 1317 ha-

2013 1347 2176 1403 bent:
2207 1365 2234 1402 a
2257 1350 2376 1405 'Deo
2405 1362 2586 1408 autem
2612 1363 2756 1408 tanta
2787 1365 2868 1410 est
2897 1371 3106 1411 merces
3135 1357 3409 1422 amicitiai,
3436 1373 3610 1427 quau-

2013 1448 2065 1494 ta
2107 1457 2174 1496 ne
2215 1441 2320 1496 dici
2363 1443 2578 1512 quidem
2628 1455 2825 1516 potest.
2876 1447 3043 1504 Nobis
3073 1449 3165 1502 dat
3194 1449 3498 1504 mercedem
3552 1458 3611 1503 ut

2011 1531 2148 1586 alter
2175 1533 2403 1588 alterum
2437 1535 2723 1606 diligamus
2754 1556 2767 1592 :
2799 1538 2934 1592 Ama
2975 1541 3153 1604 enim,
3185 1541 3399 1610 inquit,
3430 1549 3486 1595 et
3513 1557 3606 1594 ac-

2011 1626 2129 1692 cipe
2177 1628 2515 1693 mercedem,
2567 1644 2664 1698 pro
2705 1645 2808 1700 qua
2854 1646 2912 1685 re
2956 1631 3218 1686 debemus
3249 1632 3553 1687 mercedem
3595 1650 3609 1685 :

2010 1714 2113 1769 Ora
2135 1756 2150 1781 ,
2183 1717 2387 1787 inquit,
2425 1729 2480 1774 et
2508 1720 2693 1790 accipe
2739 1722 3044 1777 mercedem
3073 1764 3088 1787 ,
3117 1738 3214 1792 pro
3244 1740 3350 1793 quo
3392 1739 3608 1780 merce-

2011 1806 2134 1861 dem
2181 1809 2474 1877 debemus,
2508 1813 2631 1880 quia
2679 1812 2819 1867 bona
2871 1815 3145 1882 petimus:
3192 1815 3296 1870 Pro
3345 1831 3411 1872 eo
3461 1813 3606 1884 quod

2011 1901 2180 1968 petis,
2214 1901 2416 1970 inquit,
2449 1905 2634 1971 accipe
2682 1907 2992 1962 mercedem
3020 1923 3034 1961 :
3061 1906 3245 1978 jejuna
3270 1949 3284 1973 ,
3313 1919 3368 1962 et
3417 1909 3605 1977 accipe

2009 1993 2314 2047 mercedem
2347 2013 2358 2048 :
2405 1996 2483 2050 sis
2514 1995 2708 2051 virtute
2761 1997 3017 2067 pra'ditus
3039 2039 3055 2064 ,
3101 2010 3155 2053 et
3181 2003 3366 2071 accipe
3398 2017 3610 2057 merce-

2011 2085 2131 2140 dem
2153 2127 2167 2151 ,
2198 2087 2358 2140 etiam
2388 2089 2432 2141 si
2463 2090 2771 2144 mercedem
2803 2091 3042 2146 debeas:
3068 2093 3161 2147 sed
3186 2095 3324 2149 sicut
3355 2105 3610 2164 parentes

2009 2179 2225 2248 quando
2253 2179 2474 2234 fecerint
2513 2192 2568 2234 ut
2592 2181 2685 2235 lilii
2717 2183 2900 2236 vivant
2929 2183 2980 2236 in
3022 2185 3221 2238 virtute
3241 2225 3256 2251 ,
3289 2195 3415 2241 tunc
3443 2189 3608 2242 etiam

2011 2271 2089 2323 eis
2116 2270 2243 2323 dant
2272 2272 2577 2326 mercedem
2630 2291 2644 2327 :
2697 2283 2822 2326 sunt
2849 2275 2990 2327 enim
3025 2275 3298 2331 debitores
3323 2319 3338 2343 ,
3376 2277 3518 2347 quod
3549 2288 3612 2331 se

2012 2363 2395 2418 constituerint
2425 2363 2478 2418 in
2511 2363 2826 2434 voluptate:
2863 2366 2934 2419 ita
2979 2366 3141 2420 etiam
3195 2366 3355 2422 Deus.
3403 2369 3610 2422 Merce-

2011 2457 2132 2511 dem
2159 2498 2174 2524 ,
2209 2458 2418 2527 inquit.
2457 2459 2640 2528 accipe
2670 2499 2684 2524 ,
2715 2459 2758 2513 si
2805 2461 2879 2513 sis
2914 2460 3111 2515 virtute
3152 2462 3452 2530 prieditns;
3485 2477 3610 2516 nam

2013 2562 2218 2618 patrem
2250 2550 2432 2603 hetitia
2461 2549 2664 2615 alﬁeis,
2697 2561 2752 2605 et
2779 2551 2937 2620 hujus
2965 2553 3041 2607 rei
3073 2555 3164 2607 tibi
3192 2554 3494 2609 mercedem
3517 2555 3613 2609 de-

2012 2639 2158 2695 beo:
2205 2641 2288 2694 sin
2335 2650 2512 2695 autem
2545 2641 2750 2708 malus,
2803 2658 3181 2712 nequaquam;
3241 2645 3420 2700 irritas
3466 2647 3612 2701 enim

2012 2749 2134 2788 eum
2161 2775 2175 2798 ,
2209 2735 2298 2805 qui
2333 2743 2384 2789 te
2413 2734 2620 2803 genuit.
2650 2734 2728 2788 Nc
2751 2735 2933 2804 itaque
2966 2736 3133 2790 Deum
3168 2737 3480 2801 irritemus,
3513 2740 3610 2793 sed

2014 2827 2199 2881 hetitia
2232 2828 2530 2881 afﬁciamus
2551 2868 2564 2889 ,
2596 2837 2654 2880 ut
2684 2843 2908 2897 regnum
2941 2829 3197 2883 caelorum
3222 2844 3611 2900 assequamur,

2015 2918 2067 2972 in
2117 2918 2335 2973 Christo
2364 2918 2491 2973 Jesu
2525 2919 2754 2972 Domino
2783 2928 2968 2973 nostro
2989 2963 3002 2987 ,
3037 2930 3140 2974 etc.

2329 3063 2562 3070 ____—_—_.——

1689 3130 1866 3191 HOM
1876 3131 2036 3192 lLIA
2082 3132 2190 3191 ΠΙ.

310 3275 442 3338 Car.
473 3284 524 3336 Ξ.
564 3299 618 3336 v.
647 3283 700 3338 9.
733 3282 983 3335 Mentorea
1013 3283 1146 3335 enim
1192 3268 1329 3346 estis,
1365 3280 1570 3350 fratres,
1602 3279 1788 3334 laboris
1813 3296 1900 3333 nov

387 3378 480 3428 stri
508 3387 551 3428 et
584 3376 898 3445 fatigationis
930 3392 947 3427 :
971 3385 1114 3428 nocte
1156 3385 1202 3426 et
1244 3376 1324 3426 die
1353 3383 1640 3442 operantes,
1673 3391 1735 3426 ne
1763 3391 1909 3442 quem

388 3478 603 3523 vestrum
631 3480 974 3536 gravat-emus,
1008 3467 1393 3536 pra’dicavimus
1440 3467 1493 3518 in
1534 3467 1670 3518 vobis
1699 3482 1911 3535 evange-

389 3561 512 3610 lium
542 3558 650 3610 Dei.
683 3557 765 3610 10.
829 3557 930 3611 Vos
961 3567 1108 3611 testes
1136 3559 1252 3610 estis
1291 3566 1336 3610 et
1365 3555 1522 3620 Deus,
1551 3573 1702 3626 quam
1741 3567 1912 3610 sancte

388 3661 436 3704 et
454 3652 594 3718 juste
643 3661 687 3702 et
715 3651 822 3705 sine
843 3652 1046 3721 querela
1076 3653 1211 3705 vobis
1239 3652 1327 3722 qui
1370 3653 1654 3706 credidistis
1683 3653 1911 3721 fuimus;

388 3746 478 3798 Η.
507 3744 634 3796 sicut
655 3745 814 3810 scitis,
843 3745 1058 3814 qualiter
1079 3761 1480 3814 unumquemque
1510 3756 1750 3809 vestrum,
1783 3747 1910 3800 sicut

388 3846 534 3906 pater
566 3837 698 3903 ﬁlios
733 3853 872 3904 suos,
902 3836 1228 3908 deprecantes
1259 3854 1346 3890 vos
1372 3848 1419 3890 et
1449 3839 1784 3900 consolantes,
1823 3839 1910 3892 12.

388 3929 642 3998 testiﬁcati
670 3945 850 3984 sumus
878 3939 930 3982 ut
955 3930 1278 3982 ambularetis
1308 3931 1461 4001 digne
1498 3929 1622 3996 Deo,
1646 3932 1730 4000 qui
1760 3948 1911 3985 voca-

390 4026 456 4076 vit
487 4040 570 4077 vos
590 4024 640 4078 in
668 4039 876 4093 regnum
899 4033 1117 4077 suamet
1140 4022 1381 4094 gloriam.

394 4199 444 4260 ἱ.
477 4205 757 4260 Doctorem
790 4193 922 4258 nihil
949 4212 1162 4274 oportet
1187 4216 1474 4258 onerosum
1505 4198 1695 4270 putare
1725 4215 1910 4254 eorum

322 4315 439 4368 qua:
468 4299 690 4353 tendunt
718 4297 782 4351 ad
807 4298 1029 4351 salutem
1059 4295 1463 4364 discipulorum.
1497 4293 1628 4347 Natu
1656 4297 1699 4346 si
1725 4293 1914 4347 beatus

321 4390 484 4445 Jacob
505 4401 659 4446 nocte
682 4394 735 4444 et
759 4389 845 4444 die
871 4389 1149 4444 laborabat
1166 4389 1214 4441 in
1239 4389 1416 4440 ovium
1439 4383 1680 4440 custodia
1711 4403 1722 4437 :
1746 4384 1913 4438 multo

319 4484 489 4553 magis
536 4497 657 4538 eum
689 4482 774 4535 cui
802 4480 1020 4535 creditae
1048 4490 1172 4533 sunt
1200 4479 1414 4542 animm,
1451 4477 1660 4532 etiamsi
1690 4477 1760 4530 sit
1782 4490 1915 4545 opus

322 4569 645 4630 laboriosum
672 4582 726 4627 et
747 4573 870 4638 vile,
897 4573 1075 4626 omnia
1098 4578 1312 4641 oportet
1337 4569 1532 4632 facere,
1560 4583 1722 4622 unum
1741 4567 1914 4620 solum

318 4676 675 4736 spectantem,
711 4680 904 4732 nempe
949 4663 1177 4716 salutem
1233 4662 1640 4731 discipulorum,
1695 4670 1749 4714 et
1797 4675 1917 4730 quin

319 4755 446 4811 inde
472 4753 579 4810 Deo
605 4754 829 4808 affertur
855 4755 1099 4825 gloriam.
1131 4753 1261 4809 Vide
1278 4743 1406 4822 ergo
1429 4752 1699 4822 quomodo
1722 4745 1917 4806 Paulus

319 4863 521 4918 pra'co,
572 4845 848 4916 ap05tolus
878 4839 1022 4900 orbis
1057 4856 1232 4908 terrie,
1267 4845 1357 4899 tuli
1399 4855 1649 4913 suscepto
1681 4845 1914 4910 honore,

319 4939 644 5009 operabatur
673 4938 940 5002 manibus,
975 4954 1042 4991 ne
1089 4947 1336 5006 gravaret
1376 4935 1687 5004 discipulos.
1723 4934 1920 4988 Memo-

317 5052 396 5088 res
442 5033 576 5086 enim
606 5033 745 5093 estis,
775 5031 974 5098 inquit,
1007 5032 1208 5100 fratres,
1245 5027 1429 5081 laboris
1470 5027 1630 5080 nostri
1650 5038 1694 5081 et
1725 5028 1917 5097 fatiga-

319 5128 491 5179 tionis.
522 5125 674 5179 l"rius
701 5125 931 5188 dixerat,
963 5121 1266 5176 Poteramus
1295 5121 1434 5174 oneri
1485 5138 1608 5187 esse,
1660 5130 1919 5192 tamquam

319 5215 509 5270 Christi
533 5217 751 5287 apostoli
774 5232 793 5270 :
817 5215 958 5285 quod
989 5213 1152 5269 etiam
1179 5213 1308 5267 dicit
1355 5214 1408 5267 in
1439 5213 1674 5283 Epistula
1704 5212 1770 5266 ad
1810 5211 1918 5266 Co-

321 5307 553 5362 rinthios
581 5324 595 5360 :
629 5305 850 5360 Nescitis
899 5306 1035 5374 quod
1074 5305 1159 5374 qui
1191 5304 1348 5358 sacris
1390 5314 1684 5374 aperantur,
1718 5320 1744 5356 e
1770 5318 1915 5357 sacro

319 5400 588 5455 comedunt
615 5400 705 5469 (1.
734 5399 853 5454 Cor.
886 5399 939 5455 9.
971 5395 1120 5468 l3)?
1145 5395 1234 5453 Sic
1273 5407 1327 5451 et
1355 5397 1598 5451 Christus
1640 5397 1918 5452 constituit

323 5504 380 5547 ιιι
409 5494 498 5563 qui
542 5493 877 5563 evangelium
924 5494 1261 5554 annuntiant,
1308 5506 1372 5545 ex
1404 5490 1682 5559 evangelio
1712 5494 1914 5544 vivant.

321 5585 428 5642 Sed
458 5601 580 5657 ego,
616 5587 781 5656 inquit
805 5627 820 5650 ,
851 5584 1016 5646 nolui,
1068 5584 1163 5638 sed
1219 5582 1475 5638 laboravi.
1507 5581 1694 5653 Neque
1741 5581 1915 5637 solum

321 5688 598 5750 cperatur,
626 5678 722 5734 sed
742 5692 864 5731 cmn
899 5677 1065 5730 multo
1091 5674 1268 5730 studio
1297 5686 1350 5730 et
1379 5675 1674 5746 diligentia.
1706 5673 1772 5728 Et
1801 5673 1921 5730 vide

323 5772 448 5841 quid
477 5771 622 5827 dicat
655 5789 666 5822 :
699 5767 973 5834 Memores,
1017 5765 1204 5837 inquit,
1237 5767 1376 5830 estis,
1409 5782 1516 5822 non
1542 5766 1920 5821 beneﬁciorum

325 5879 594 5924 meorum.
630 5863 747 5925 sed,
778 5859 991 5914 Laboris
1021 5859 1178 5912 nostri
1223 5871 1269 5912 et
1301 5860 1634 5931 fatigationis.
1668 5855 1830 5912 Nocte
1876 5867 1919 5912 et

627 5983 900 6043 ΡΑτιιοι..
951 5979 1065 6038 (iu.
1119 5977 1308 6036 [.Xll.

2010 3275 2097 3333 die
2125 3289 2410 3351 oper-antes,
2439 3294 2502 3332 ne
2521 3295 2666 3349 quem
2688 3290 2904 3334 vestram
2944 3292 3290 3349 gravaremus,
3321 3278 3394 3331 sic
3419 3264 3612 3346 pradi-

2017 3389 2191 3424 ramus
2231 3373 2369 3426 vobis
2409 3373 2723 3443 evangelium
2775 3371 2893 3425 Dei.
2932 3371 3228 3426 Corinthiis
3260 3381 3436 3425 autem
3467 3355 3614 3424 aliud

2015 3464 2144 3517 dicit
2177 3482 2188 3516 :
2235 3465 2374 3517 Alias
2409 3463 2662 3518 Ecclesias
2696 3465 2993 3534 exspoliari,
3025 3466 3278 3534 accipiens
3304 3462 3612 3532 stipendium

2015 3555 2083 3606 ad
2113 3555 2446 3607 ministerium
2483 3564 2700 3608 vestrum
2743 3556 2832 3628 (ἓ.
2865 3555 2982 3610 Cor.
3031 3557 3118 3610 Η.
3167 3555 3256 3626 8).
3314 3555 3476 3624 Atqui
3509 3540 3617 3606 illic

2015 3661 2228 3717 quoque
2255 3649 2602 3715 operabatur,
2633 3648 2727 3702 sed
2754 3664 2859 3701 non
2893 3648 3167 3704 revocavit
3196 3649 3246 3701 in
3273 3646 3611 3710 memoriam,

2017 3740 2108 3794 sed
2161 3740 2300 3793 aliud
2363 3741 2538 3809 posuit
2585 3741 2727 3810 quod
2802 3741 2970 3811 magis
3034 3750 3324 3812 pungeret;
3395 3741 3618 3811 perinde

2017 3846 2177 3902 atque
2207 3835 2250 3888 si
2283 3835 2488 3889 diceret
2514 3853 2528 3892 :
2563 3838 2643 3890 Ab
2670 3836 2792 3890 aliis
2837 3852 2953 3890 sum
2997 3837 3231 3890 nutritus
3256 3836 3410 3890 vobis
3440 3837 3617 3890 inser-

2014 3926 2199 3992 viens;
2253 3925 2342 3981 hic
2384 3938 2563 3982 autem
2613 3944 2718 3983 non
2769 3930 2867 3992 sic,
2926 3927 3022 3983 sed
3059 3928 3220 3999 quid?
3268 3926 3434 3982 Nocte
3461 3939 3506 3983 et
3531 3929 3615 3982 die

2017 4029 2300 4088 aperantes.
2351 4021 2416 4074 Et
2456 4021 2564 4075 illic
2590 4021 2804 4091 quidem
2832 4020 2981 4084 dicit,
3035 4020 3098 4074 Et
3141 4037 3255 4073 cum
3294 4037 3450 4074 essent
3478 4021 3617 4090 apud

2018 4127 2104 4164 vos
2131 4122 2179 4165 et
2209 4129 2425 4182 egerem,
2457 4113 2658 4166 nullum
2685 4114 2898 4184 gravavi
2920 4115 2940 4183 (
2956 4112 3092 4166 Ibid.
3123 4127 3169 4165 υ.
3200 4105 3300 4181 9);
3334 4122 3408 4177 et,
3437 4112 3619 4180 Accepi

2018 4206 2323 4273 stipendium
2352 4206 2420 4257 ad
2450 4207 2787 4259 ministerium
2813 4215 3030 4259 vestrum
3059 4220 3077 4259 :
3103 4203 3190 4258 hic
3224 4214 3402 4257 autem
3431 4211 3618 4257 osten-

2019 4296 2096 4349 dit
2123 4309 2216 4349 eos
2243 4310 2362 4348 esse
2391 4297 2440 4349 in
2472 4304 2815 4364 paupertate;
2854 4296 2960 4350 illic
2991 4310 3120 4349 vero
3171 4310 3280 4348 non
3335 4295 3428 4348 ita.
3482 4294 3616 4348 Pro-

2020 4396 2200 4457 pterea
2228 4389 2440 4442 assidue
2467 4405 2561 4443 eos
2602 4389 2820 4443 adducit
2847 4398 3011 4444 testes
3041 4406 3055 4442 :
3099 4387 3201 4441 Vos
3225 4389 3382 4449 enim.
3412 4387 3582 4456 inquit
3601 4426 3618 4452 ,

2021 4490 2168 4534 testes
2195 4481 2314 4534 estis
2357 4490 2403 4533 et
2436 4479 2609 4546 Deus;
2655 4495 2964 4536 sermonem
2998 4481 3100 4535 ﬁde
3148 4479 3364 4551 dignum
3398 4476 3622 4543 iaciens,

2020 4581 2075 4626 et
2105 4571 2208 4626 hoc
2235 4587 2462 4640 ponens,
2487 4572 2634 4643 quod
2661 4587 2758 4628 eos
2785 4574 3018 4628 maxime
3040 4572 3297 4628 reddebat
3322 4571 3619 4626 certiores:

2023 4681 2148 4720 nam
2176 4665 2303 4720 illud
2331 4676 2414 4720 est
2441 4667 2704 4722 incertum
2740 4667 3129 4738 ignorantibus,
3160 4666 3262 4721 hoc
3281 4676 3458 4721 autem
3491 4664 3621 4718 nihil

2023 4757 2168 4813 dubii
2214 4759 2489 4829 relinquit.
2534 4761 2600 4814 Et
2632 4775 2699 4814 ne
2730 4760 2944 4814 mireris
2993 4778 3006 4814 :
3053 4775 3158 4814 non
3211 4758 3523 4814 advertebat
3565 4771 3626 4811 se

2025 4851 2247 4906 Paulum
2275 4866 2417 4916 esse,
2467 4851 2555 4920 qui
2596 4851 2712 4906 lure
2754 4851 2994 4914 diceret;
3027 4851 3121 4904 sed
3169 4849 3458 4906 admodum
3512 4852 3628 4903 vult

2023 4946 2116 4995 cos
2143 4941 2402 4995 certiores
2421 4941 2614 4995 facere.
2639 4941 2764 4995 Ideo
2783 4942 2911 4995 dicit
2936 4959 2948 4994 :
2986 4939 3082 4993 Vos
3105 4950 3250 4993 testes
3267 4940 3384 4992 estis
3400 4949 3444 4991 et
3466 4937 3624 5005 Deus,

2023 5050 2174 5102 quam
2216 5043 2388 5086 sancte
2432 5043 2482 5086 et
2515 5035 2654 5102 justc
2685 5043 2730 5086 et
2778 5035 2887 5087 sine
2927 5033 3130 5100 querela
3161 5033 3298 5086 vobis
3323 5033 3512 5102 fuimus
3538 5032 3626 5100 qui

2023 5127 2244 5180 creditis.
2278 5124 2570 5193 Oportebat
2592 5139 2685 5179 eos
2713 5124 3129 5178 rursnslaudare
3155 5143 3167 5178 :
3197 5125 3317 5178 ideo
3339 5139 3399 5178 ea
3427 5138 3629 5193 prope.

2027 5219 2106 5272 nit
2157 5234 2278 5289 qua:
2324 5216 2454 5270 satis
2507 5225 2661 5270 erant
2710 5217 2777 5270 ad
2837 5215 3289 5285 persuadendum.
3345 5215 3477 5270 Nam
3529 5215 3623 5283 qui

2027 5310 2136 5365 illic
2162 5352 2176 5377 ,
2233 5310 2449 5378 inquit,
2501 5308 2808 5378 laborabam
2862 5319 3134 5379 egestate,
3163 5317 3215 5363 et
3261 5323 3368 5362 non
3409 5303 3616 5374 accepi.

2025 5402 2196 5455 multo
2225 5400 2394 5470 magis
2424 5414 2584 5454 nunc.
2619 5399 2787 5466 Quam
2815 5409 2987 5454 sancte
3031 5410 3075 5453 et
3124 5401 3258 5466 iuste
3300 5408 3347 5452 et
3376 5398 3484 5452 sine
3503 5413 3631 5466 que-

2025 5493 2133 5546 rela
2191 5493 2384 5562 fuimus
2435 5493 2570 5546 vobis
2626 5492 2712 5562 qui
2753 5491 2999 5555 creditis;
3047 5491 3174 5544 sicut
3203 5491 3360 5556 scitis,
3410 5489 3633 5553 qualiter

2026 5599 2428 5653 unmnquemque
2458 5592 2698 5646 vestrum,
2729 5583 2858 5636 sicut
2886 5591 3030 5651 pater
3071 5577 3206 5650 ﬁlios
3231 5597 3369 5648 suos,
3421 5596 3508 5634 vos
3535 5582 3625 5634 de-

2029 5685 2291 5748 precantes
2343 5684 2389 5728 et
2446 5673 2785 5727 consolantes.
2820 5672 2954 5728 Cum
3004 5673 3251 5744 superius
3300 5672 3532 5727 dixisset
3579 5673 3629 5725 id

2028 5765 2170 5837 quod
2193 5776 2308 5821 erat
2328 5763 2778 5830 conversationis,
2811 5761 2896 5819 hic
2926 5764 3056 5818 dicit
3076 5762 3218 5835 quod
3241 5774 3326 5819 est
3355 5764 3632 5823 caritatis;

2029 5859 2170 5932 quod
2200 5859 2371 5930 majus
2398 5866 2500 5927 cst,
2525 5866 2578 5914 et
2604 5856 2720 5912 sine
2749 5855 2886 5912 fastu
2911 5856 3136 5913 dictum.
3159 5856 3306 5913 Sicut
3331 5867 3473 5924 pater
3498 5857 3636 5926 ﬁlios

3199 5947 3282 6010 26
