4140 6492
517 417 623 471 ιοτ

519 548 636 584 suos
656 573 668 594 ,
699 529 1021 598 deprecantes
1050 537 1132 576 vos
1160 530 1205 574 ct
1234 517 1552 574 consolantes
1594 525 1641 570 et
1684 512 2005 582 testiﬁcantes
2050 515 2108 559 ut

523 621 790 675 auibuletis
819 619 968 688 digne
999 614 1127 676 Deo,
1170 612 1256 683 qui
1298 620 1439 664 vocat
1470 624 1556 663 vos
1604 608 1658 661 in
1695 618 1908 675 regnum
1960 615 2111 655 suum

522 722 572 765 et
612 710 847 782 gloriam.
877 706 1101 775 Quando
1130 705 1261 760 dicit
1293 722 1304 756 :
1337 701 1405 755 Et
1450 699 1800 770 testiﬁcantes,
1831 705 1956 750 tunc
1992 707 2109 746 me-

523 802 678 856 minit
729 809 961 870 patrium.
990 797 1095 852 Sed
1150 806 1202 850 et
1243 793 1511 850 testificati
1564 787 1915 851 sumus,hoc
1971 798 2108 855 quo-

523 907 630 960 que
677 906 782 945 non
833 889 1178 944 vehementer
1209 929 1222 951 ,
1252 885 1344 939 sed
1392 886 1528 938 sicut
1560 892 1728 952 pater,
1765 878 2112 946 Unumquem-

525 999 622 1051 que
689 992 931 1036 vestrum.
985 981 1196 1050 Papia!
1255 979 1305 1032 in
1357 986 1498 1030 tanta
1555 971 1890 1028 multitudine
1941 967 2113 1022 nemi-

526 1088 650 1128 nem
682 1073 1048 1144 praetermisit,
1092 1086 1196 1125 non
1229 1085 1472 1138 parvum,
1523 1081 1627 1121 non
1682 1077 1955 1133 magnum,
2008 1074 2113 1114 non

528 1167 770 1230 divitem,
795 1182 895 1220 nec
917 1181 1223 1235 pauperem.
1259 1164 1617 1232 Deprecantes,
1645 1160 1830 1229 inquit,
1865 1157 1929 1211 ad
1953 1156 2117 1226 quid?

529 1257 610 1311 Ad
645 1256 922 1312 ferendum
966 1257 1165 1310 omnia.
1197 1255 1261 1309 Et
1309 1255 1622 1308 consolantes
1677 1263 1722 1304 et
1769 1249 2113 1318 testiﬁcantes.

531 1346 909 1415 Deprecantes:
939 1363 1044 1400 non
1075 1361 1202 1414 ergo
1239 1344 1545 1414 quaerebant
1579 1341 1800 1412 gloriam
1833 1357 1845 1391 :
1882 1338 1948 1391 Et
1979 1337 2118 1390 testi-

534 1441 742 1506 [ieantes
769 1454 783 1493 τ
808 1455 912 1493 non
946 1453 1074 1508 ergo
1104 1437 1476 1490 adulahautur.
1518 1433 1586 1489 Ut
1615 1431 1938 1485 ambularetis
1969 1431 2121 1498 digne

535 1532 668 1597 Deo,
701 1530 787 1602 qui
809 1531 1000 1584 vocavit
1026 1546 1109 1582 vos
1137 1529 1186 1581 in
1215 1544 1358 1582 suum
1399 1543 1608 1597 regnum
1630 1536 1672 1580 et
1701 1525 1934 1594 gloriam.
1988 1523 2122 1578 Vide

535 1639 723 1679 rursus
747 1622 1017 1693 quomodo
1047 1636 1291 1687 narrans,
1318 1629 1373 1675 et
1397 1620 1549 1674 docet
1574 1626 1629 1673 et
1671 1617 1980 1672 consolatur
2022 1632 2034 1668 :
2077 1615 2122 1670 si

529 1712 676 1769 enim
701 1714 907 1769 vocavit
935 1713 998 1767 ad
1025 1728 1267 1783 regnum,
1298 1719 1510 1781 oportet
1537 1711 1714 1764 omnia
1741 1709 1898 1764 ferre.
1933 1709 2122 1763 llorla-

538 1823 662 1863 mur
690 1807 774 1863 vel
815 1822 1088 1878 rogamus,
1122 1822 1225 1861 non
1257 1816 1314 1860 ut
1345 1805 1497 1860 nobis
1537 1804 1734 1874 aliquid
1765 1802 1995 1865 donetis,
2027 1801 2122 1856 sed

537 1909 592 1954 ut
622 1915 845 1969 regnum
891 1899 1147 1952 caelorum
1198 1896 1582 1966 assequamini.
1627 1896 1714 1950 15.
1763 1894 1891 1947 Ideo
1947 1903 1992 1946 et
2035 1909 2126 1947 nos

537 1993 728 2060 gratias
753 1991 948 2060 agimus
977 1989 1081 2042 Deo
1127 1990 1235 2042 sine
1277 1987 1663 2051 intermissione,
1689 1985 1825 2056 quod
1842 1999 1959 2038 eum
1985 2001 2126 2037 acce-

545 2081 741 2150 pissetis
784 2098 816 2133 a
866 2081 1008 2134 nobis
1042 2080 1243 2133 verbum
1281 2080 1486 2132 auditus
1524 2078 1631 2143 Dei,
1689 2076 1954 2147 accepistis
1999 2076 2129 2128 illud

540 2188 642 2224 non
693 2181 746 2224 ut
789 2172 992 2224 verbum
1042 2171 1321 2235 hominum,
1354 2170 1464 2235 sed,
1507 2169 1634 2223 sicut
1663 2177 1735 2221 est
1763 2184 1893 2234 vere,
1924 2168 2128 2221 verbum

544 2263 661 2327 Dei,
685 2264 772 2334 qui
797 2273 1037 2333 operatur
1063 2265 1115 2316 in
1135 2263 1271 2316 vobis
1296 2264 1380 2333 qui
1407 2262 1708 2316 credidistis.
1728 2259 1843 2315 Non
1873 2261 2015 2321 licet,
2047 2261 2128 2313 in-

541 2356 676 2424 quit,
707 2357 907 2421 dicere,
937 2354 1078 2425 quod
1102 2369 1198 2408 nos
1222 2354 1437 2424 quidem
1467 2354 1683 2422 impune
1707 2353 1884 2406 omnia
1901 2352 2127 2419 agimus,

543 2461 643 2500 vos
684 2455 861 2500 autem
895 2447 1066 2501 facitis
1094 2447 1310 2515 indigna
1340 2454 1519 2500 nostra
1548 2445 1954 2500 conversatione
1985 2463 1996 2498 :
2025 2459 2130 2498 non

543 2537 685 2591 enim
720 2551 816 2590 uos
843 2537 1124 2592 audientes
1152 2536 1326 2591 affecti
1363 2537 1494 2591 estis
1543 2545 1811 2606 tamquam
1857 2535 2134 2590 audientes

543 2627 812 2694 hou'iiues,
843 2627 936 2683 sed
971 2637 1240 2697 tamquam
1288 2629 1404 2697 ipso
1432 2627 1543 2681 Deo
1574 2627 1919 2694 admonente,
1952 2627 2024 2680 ita
2055 2633 2135 2679 at-

543 2720 811 2774 tendistis.
841 2719 1121 2775 Undenam
1149 2719 1200 2773 id
1229 2720 1433 2789 liquet?
1476 2718 1626 2775 Sicut
1654 2720 1822 2784 enim,
1853 2719 1996 2788 quod
2029 2733 2132 2772 non

545 2813 601 2865 in
654 2812 964 2866 adulatione
1013 2827 1186 2881 neque
1234 2811 1285 2865 in
1326 2811 1470 2865 inani
1520 2811 1687 2880 gloria
1732 2809 2133 2880 praedicaverit,

545 2906 782 2960 ostendit
807 2921 872 2959 ex
899 2905 1008 2959 suis
1040 2904 1440 2970 tentationibus,
1473 2911 1525 2958 et
1553 2904 1762 2957 illorum
1797 2903 2132 2968 testimonio,

549 3007 603 3051 et
623 3012 686 3052 ex
717 2998 780 3050 iis
804 3013 923 3067 quae
947 2998 1173 3068 agebat:
1201 2997 1271 3052 ita
1298 2997 1456 3052 etiam
1479 2997 1619 3066 quod
1646 2996 1719 3050 illi
1741 2995 1964 3052 verbum
1993 3005 2138 3049 recte

548 3089 875 3157 acceperint,
908 3103 937 3141 a
968 3088 1364 3142 tentationihos.
1394 3087 1676 3155 Quomodo
1715 3087 1882 3152 enim,
1929 3086 2135 3156 inquit,

549 3179 648 3233 nisi
681 3188 947 3249 tamquam
977 3179 1142 3234 Deum
1173 3179 1439 3236 dicentem
1471 3179 1830 3244 audivisselis,
1863 3179 1986 3233 talia
2031 3177 2138 3234 fer-

549 3271 679 3325 retis
735 3273 1009 3340 pericula?
1064 3271 1200 3326 Vide
1229 3280 1406 3326 autem
1440 3272 1850 3325 auctoritatem:
1891 3271 1977 3325 14.
2039 3269 2140 3324 Vos

549 3365 682 3417 enim
711 3364 985 3418 imitatores
1026 3364 1152 3434 facti
1196 3365 1346 3428 estis,
1393 3363 1608 3431 fratres,
1653 3362 1999 3418 Ecclesiarum
2043 3363 2140 3419 Dei

549 3472 664 3524 quae
688 3467 805 3510 sunt
840 3457 890 3510 in
925 3457 1114 3509 Juda’a
1144 3456 1194 3508 in
1223 3455 1423 3509 Christo
1464 3453 1608 3519 Jesu,
1642 3456 1760 3526 quia
1803 3457 1978 3510 eadem
2006 3459 2140 3525 passi

550 3548 668 3601 estis
699 3557 744 3601 et
772 3565 858 3604 vos
874 3565 904 3601 a
929 3547 1292 3602 contribulibus
1312 3550 1506 3608 vestris,
1534 3548 1661 3602 sicut
1683 3557 1727 3602 et
1749 3549 1846 3619 ipsi
1870 3566 1900 3602 a
1920 3548 2139 3613 Juda:is,

550 3639 639 3694 15.
667 3640 752 3709 qui
777 3648 824 3693 et
849 3639 1122 3694 Dominum
1158 3639 1640 3695 oceideruntJesum
1675 3651 1719 3695 et
1746 3644 2038 3712 prOphetas,
2095 3654 2142 3697 et

551 3748 643 3786 nos
669 3733 952 3802 persequuti
982 3740 1126 3798 sunt,
1171 3742 1218 3785 et
1262 3731 1370 3786 Deo
1409 3749 1511 3786 non
1541 3732 1774 3803 placent,
1823 3742 1867 3786 et
1912 3735 2142 3788 omnibus

553 3825 834 3877 hominibus
879 3824 1249 3889 adversantur;
1297 3825 1384 3880 ‘16.
1429 3825 1744 3894 prohibentes
1789 3841 1879 3879 nos
1914 3828 2144 3895 gentibus

553 3916 689 3982 loqui
715 3925 768 3969 ut
811 3917 966 3970 salva:
1013 3916 1168 3985 ﬁant,
1202 3926 1256 3970 ut
1297 3917 1542 3986 impleant
1572 3926 1776 3985 peccata
1802 3934 1896 3971 sua
1921 3935 2139 3990 semper.

555 4005 794 4060 Pervenit
817 4017 985 4061 autem
1015 4007 1090 4060 ira
1129 4006 1226 4062 Dei
1251 4023 1404 4077 super
1426 4009 1545 4062 illos
1563 4025 1718 4078 usque
1743 4010 1796 4063 in
1823 4011 1998 4076 linem.

625 4098 679 4152 2.
721 4096 840 4162 Vos,
875 4098 1065 4169 inquit,
1087 4099 1360 4153 imitatores
1381 4101 1501 4168 facti
1525 4101 1643 4154 estis
1675 4099 2021 4155 Ecclesiarum
2047 4101 2144 4156 Dei

555 4206 664 4260 qua:
708 4201 824 4245 sunt
853 4191 907 4244 in
930 4189 1138 4246 Iudaea.
1167 4191 1352 4262 Magna
1399 4201 1482 4246 est
1527 4192 1846 4248 consolatio.
1879 4193 1994 4249 Non
2025 4204 2137 4262 est,

556 4284 748 4353 inquit,
783 4284 996 4347 mirum,
1044 4285 1086 4338 si
1134 4284 1236 4355 ipsi
1281 4282 1395 4338 hinc
1433 4284 1584 4340 vobis
1630 4285 1843 4352 faciant,
1878 4302 1998 4341 cum
2041 4288 2144 4344 hoc

555 4376 715 4430 etiam
739 4375 932 4430 faciant
960 4375 1070 4429 suis
1097 4375 1507 4431 contribulibus.
1539 4375 1650 4430 lloc
1676 4385 1851 4432 autem
1884 4392 1988 4432 non
2019 4393 2142 4448 par-

556 4484 681 4521 vum
708 4484 921 4538 quoque
949 4480 1030 4524 est
1056 4471 1306 4525 indicium
1334 4469 1472 4538 quod
1513 4485 1638 4525 vera
1682 4472 1753 4524 sit
1802 4471 2143 4540 prmdicatio,

555 4578 676 4615 cum
708 4572 761 4616 et
789 4561 957 4617 Judaei
988 4563 1165 4617 omnia
1204 4562 1345 4618 ferre
1387 4564 1734 4618 sustinerent.
1791 4563 1923 4629 Quia
1971 4566 2145 4618 eadem

554 4656 696 4727 passi
719 4657 834 4710 estis
860 4664 904 4709 et
929 4671 1016 4709 vos
1041 4672 1074 4708 a
1117 4654 1477 4708 contribulibus
1515 4656 1710 4721 vestris,
1761 4657 1890 4710 sicut
1918 4665 1964 4710 et
1989 4657 2086 4724 ipsi
2113 4672 2145 4710 a

553 4749 770 4803 Juda’is.
799 4748 924 4803 Plus
949 4747 1149 4818 aliquid
1176 4747 1334 4802 habet
1376 4749 1427 4802 in
1466 4763 1532 4802 eo
1561 4747 1700 4818 quod
1731 4748 1948 4814 dixerit,
1976 4749 2042 4802 Et
2069 4748 2144 4802 illi

555 4841 609 4894 in
661 4840 842 4895 Judiea
874 4857 887 4893 :
922 4839 1156 4894 ostendit
1183 4841 1324 4894 enim
1357 4855 1451 4894 eos
1493 4840 1688 4909 ubique
1715 4840 1907 4906 lauari,
1951 4849 2011 4894 ut
2055 4840 2144 4908 qui

557 4934 943 4987 decertassent.
975 4932 1114 4987 Dicit
1162 4947 1311 5002 ergo,
1346 4931 1452 4986 Vos
1507 4947 1720 5002 quoque
1768 4931 1956 4986 eadem
2004 4933 2145 5001 passi

556 5026 709 5080 estis.
740 5025 807 5080 Et
828 5025 952 5094 quid
984 5025 1198 5088 mirum.
1227 5026 1270 5079 si
1301 5025 1452 5080 vobis
1480 5039 1690 5094 quoque
1716 5025 1994 5092 fecerunt,
2023 5040 2145 5079 cum

557 5117 744 5172 eadem
791 5132 1003 5188 quoque
1029 5117 1140 5171 ausi
1169 5117 1364 5170 fuerint
1394 5118 1443 5171 iu
1473 5117 1776 5170 Dominum.
1824 5115 1982 5169 Vides
2010 5131 2154 5185 (πηοεν,

559 5208 720 5263 modo
752 5209 855 5262 hoc
885 5207 1151 5262 induxerit
1183 5207 1325 5277 quod
1354 5222 1598 5277 magnam
1631 5206 1789 5261 habet
1815 5207 2143 5260 consolatio-

557 5300 723 5355 nem?
751 5299 818 5354 Et
850 5300 952 5354 hoc
975 5308 1154 5355 versat
1179 5297 1412 5365 assidue,
1435 5299 1560 5354 etin
1585 5299 1831 5352 omnibus
1858 5313 2146 5367 prapemo-

556 5393 683 5448 dmn
745 5394 988 5463 epistolis
1046 5393 1147 5448 hoc
1196 5393 1501 5460 inveneris,
1542 5402 1789 5448 accurate
1831 5395 2145 5450 examinans

559 5486 830 5552 quomodo
859 5487 909 5540 in
941 5487 1322 5542 tentationibus
1360 5502 1575 5556 semper
1620 5485 1892 5541 Christum
1935 5487 2145 5543 diverse

560 5574 762 5630 afferat.
796 5575 931 5631 Vide
959 5592 1119 5647 ergo;
1154 5575 1238 5632 hic
1269 5592 1480 5648 quoque
1505 5591 1761 5632 accusans
1785 5577 2018 5646 .lndaeos,
2051 5595 2144 5636 eos

558 5677 775 5723 revocat
803 5669 856 5723 in
883 5671 1193 5725 memoriam
1223 5671 1452 5734 Domini,
1492 5678 1543 5724 et
1568 5669 1683 5738 ejus
1716 5671 2141 5740 perpessionum.

514 5775 515 5778 η
560 5759 710 5812 Adeo
755 5760 957 5816 sciebat
1004 5776 1115 5815 rem
1148 5762 1430 5815 maximam
1465 5760 1660 5816 habere
1694 5762 2138 5817 consolationem.

565 5849 664 5914 Qui
692 5862 739 5905 et
783 5851 1058 5906 Dominum
1083 5854 1389 5920 occiderunt,
1421 5855 1608 5924 inquit.
1637 5854 1738 5910 Sed
1769 5855 1992 5911 fortasse
2014 5868 2136 5910 eum

1242 406 1301 463 S.
1339 400 1614 461 JOANN‘IS
1650 391 2121 455 CHRYSOSTOMI
2161 389 2474 448 ARCHIEP.
2515 393 3042 455 CONSTANTINOP.

3707 407 3814 464 408

2220 504 2619 575 ignoraverunt.
2650 510 2762 567 lmo
2791 515 3023 570 maxime
3042 527 3324 572 noverunt.
3355 521 3490 589 Quid
3522 527 3691 582 vero?
3716 545 3814 584 au-

2220 615 2324 652 non
2371 602 2532 656 etiam
2563 617 2688 659 snas
2728 607 3016 676 prOpIIelas
3057 611 3386 678 occiderunt,
3445 625 3500 670 et
3545 619 3816 686 lapidibus

2219 691 2534 760 obruerunt,
2557 709 2780 763 quorum
2803 699 2960 751 etiam
2981 700 3144 755 libros
3165 703 3585 762 circumferunt?
3608 709 3672 763 Et
3696 712 3816 767 hate

2222 780 2463 836 fecerunt
2497 800 2602 838 non
2634 797 2853 856 propter
2892 791 3192 846 veritatem.
3226 793 3340 849 Non
3369 808 3445 851 est
3477 815 3608 870 ergo
3636 804 3816 857 solum

2223 874 2521 928 consolatio
2549 876 2600 929 in
2632 880 3037 946 tentationibus,
3070 883 3161 937 sed
3203 886 3363 940 etiam
3392 888 3709 958 admonitio,
3744 911 3819 948 ne

2224 965 2594 1020 existimemus
2620 967 2762 1036 quod
2795 969 2907 1023 hrec
2934 969 3130 1026 faciant
3163 986 3381 1044 propter
3423 982 3728 1048 veritatem,
3759 995 3818 1038 et

2226 1053 2345 1106 ideo
2372 1057 2772 1112 conturbemur.
2803 1059 2865 1113 Et
2893 1077 3004 1126 nos,
3038 1062 3228 1134 inquit,
3272 1072 3557 1137 persequuti
3582 1083 3722 1128 sunt.
3749 1075 3818 1128 Et

2227 1163 2346 1212 nos,
2378 1149 2564 1218 inquit,
2601 1153 2743 1221 passi
2772 1168 2956 1208 sumus
2979 1156 3113 1208 mala
3148 1159 3576 1216 immmerabilia.
3610 1165 3677 1218 Et
3704 1165 3822 1220 Deo

2227 1257 2328 1293 non
2357 1240 2590 1308 placent,
2633 1253 2676 1296 et
2704 1245 2933 1299 ontnibus
2966 1247 3251 1303 hominibus
3299 1251 3650 1320 adversantur,
3698 1275 3820 1327 pro-

2228 1332 2448 1386 hibentes
2477 1350 2566 1386 nos
2603 1335 2830 1404 gentibus
2879 1337 3014 1408 loqui
3051 1349 3103 1392 ut
3153 1343 3307 1396 salva:
3354 1345 3502 1411 ﬁant.
3535 1345 3814 1417 Omnibus,

2229 1424 2418 1492 inquit,
2450 1426 2734 1481 hominibus
2756 1429 3104 1485 adversantur.
3129 1432 3444 1499 Quomodo?
3474 1436 3527 1492 Si
3553 1441 3695 1495 enim
3721 1445 3819 1498 toti

2230 1519 2344 1571 orbi
2376 1529 2529 1574 term
2558 1521 2696 1590 loqui
2721 1532 2954 1590 oportet,
2987 1525 3071 1578 isti
3094 1535 3270 1580 autem
3295 1540 3496 1596 vetant,
3526 1543 3649 1586 sunt
3670 1550 3820 1590 com-

2231 1625 2421 1663 munes
2454 1610 2652 1665 inimici
2685 1613 2831 1666 orbis
2879 1623 3055 1669 terrm.
3111 1617 3382 1673 Christum
3423 1623 3736 1679 occiderunt
3764 1637 3820 1682 et

2232 1702 2552 1770 prophetas,
2601 1705 2764 1759 Deum
2814 1707 3134 1761 contumelia
3179 1711 3451 1776 alliciunt,
3503 1724 3629 1769 sunt
3673 1719 3821 1775 orbis

2233 1805 2389 1848 terrae
2406 1809 2718 1851 communes
2737 1797 2958 1865 inimici,
2979 1814 3076 1852 nos
3096 1801 3371 1869 expellunt
3391 1805 3480 1874 qui
3512 1805 3576 1860 ad
3595 1809 3816 1863 salutem

2231 1888 2554 1940 accessimus
2584 1905 2596 1940 :
2628 1888 2751 1956 quid
2776 1890 2988 1955 mirum,
3009 1893 3051 1945 si
3076 1893 3126 1946 in
3160 1909 3252 1947 vos
3273 1910 3485 1966 quoque
3513 1899 3583 1954 ita
3616 1915 3673 1955 se
3700 1917 3821 1971 ges-

2233 1978 2416 2043 serint,
2442 1993 2564 2032 cum
2589 1981 2748 2034 etiam
2776 1982 2827 2034 in
2857 1981 3040 2037 Judrea
3070 1984 3170 2040 hoc
3202 1986 3467 2044 fecerint?
3492 1990 3823 2050 Prohibenm

2234 2085 2327 2122 nos
2372 2071 2599 2139 gentibus
2651 2071 2787 2142 loqui
2813 2083 2867 2126 ut
2905 2076 3056 2129 salva:
3084 2077 3229 2145 ﬁant.
3279 2079 3374 2133 Est
3419 2096 3548 2152 ergo
3589 2085 3820 2151 invidia,

2234 2165 2472 2220 omnium
2520 2165 2781 2236 impedire
2810 2170 3058 2224 salutem.
3105 2171 3171 2226 lit
3225 2176 3469 2242 impleant
3499 2191 3701 2248 peccata
3725 2197 3822 2234 sua

2236 2269 2449 2324 semper.
2484 2254 2718 2312 Pervenit
2766 2271 2931 2314 autent
2956 2278 3111 2331 super
3147 2265 3263 2318 illos
3299 2266 3377 2319 ira
3429 2267 3524 2322 Dei
3570 2287 3721 2341 usque
3762 2274 3818 2325 in

2239 2348 2408 2416 ﬁnem.
2438 2347 2554 2404 Non
2599 2362 2723 2406 sunt
2751 2354 2978 2424 amplius
3026 2356 3147 2411 talia
3191 2360 3366 2428 qualia
3411 2372 3561 2417 erant
3605 2364 3818 2432 priora;

2239 2455 2343 2492 non
2371 2448 2450 2493 est
2476 2441 2702 2510 amplius
2723 2444 2944 2510 reditus,
2975 2459 3080 2501 non
3110 2449 3341 2518 amplius
3365 2451 3485 2506 finis
3507 2471 3519 2507 :
3539 2454 3630 2509 sed
3656 2471 3825 2525 prope

2240 2530 2400 2585 instat
2428 2531 2525 2585 ira.
2556 2533 2707 2590 Unde
2735 2534 2786 2589 id
2819 2539 3002 2606 patet?
3027 2539 3106 2594 Ex
3138 2555 3203 2595 eo
3229 2542 3370 2612 quod
3401 2545 3642 2613 prasdixit
3667 2547 3826 2601 Chri-

2240 2631 2376 2677 stus.
2398 2625 2511 2679 Non
2536 2626 2638 2682 hoc
2662 2629 2804 2683 enim
2833 2630 3006 2685 solum
3028 2631 3188 2689 habet
3209 2637 3660 2702 consolationem,
3686 2641 3828 2710 quod

2241 2715 2548 2785 acceperint
2572 2717 2746 2773 socios
2783 2719 3168 2792 al‘llictionum,
3198 2726 3290 2781 sed
3337 2737 3390 2782 et
3433 2731 3574 2799 quod
3616 2745 3708 2787 eos
3737 2734 3829 2802 qui

2242 2807 2546 2879 afﬂigebant
2577 2812 2843 2867 audierint
2871 2815 3054 2883 plexos
3083 2817 3262 2875 fuisse.
3292 2820 3347 2876 Si
3376 2831 3556 2877 autem
3587 2825 3830 2880 molestia

2242 2900 2407 2955 afﬁcit
2431 2901 2637 2966 dilatio,
2673 2907 2982 2962 consoletur
3009 2911 3149 2979 quod
3199 2927 3306 2967 non
3346 2915 3575 2984 amplius
3617 2931 3832 2972 sursum

2243 2994 2526 3062 aspiciant.
2576 2995 2690 3051 lmo
2738 3013 2866 3052 vero
2910 2999 3221 3057 dilationem
3273 3019 3486 3074 quoque
3534 3009 3828 3070 contraxit.

2243 3085 2494 3152 dicendo,
2532 3086 2640 3153 Ira,
2675 3104 2862 3145 rursus
2901 3093 3198 3149 ostendens
3219 3111 3336 3150 eam
3372 3098 3577 3166 deberi,
3607 3115 3837 3171 esseque

2247 3179 2596 3245 prtestitutam
2625 3189 2679 3233 et
2726 3182 3057 3250 praedictam.
3101 3186 3190 3239 17.
3227 3185 3338 3240 Nos
3378 3199 3576 3254 autem,
3608 3192 3788 3260 fratres
3813 3234 3831 3256 ,

2247 3269 2459 3323 desolati
2486 3287 2515 3322 a
2543 3272 2677 3325 vobis
2703 3273 2770 3325 ad
2799 3283 2993 3344 tempus
3020 3275 3178 3344 horae,
3228 3289 3450 3348 aspectu,
3504 3299 3604 3336 non
3647 3284 3797 3338 corde
3816 3325 3832 3348 ,

2247 3360 2584 3416 abundantius
2635 3364 2979 3431 festinabimus
3026 3368 3207 3438 faciem
3263 3381 3478 3425 vestram
3521 3373 3689 3427 videre
3719 3392 3836 3428 eum

2248 3455 2405 3507 multo
2434 3455 2702 3510 desiderio.
2732 3457 2848 3511 Non
2874 3458 3005 3513 dixit
3029 3501 3042 3524 ,
3075 3461 3314 3531 Separati
3337 3506 3352 3531 ,
3379 3465 3471 3520 sed
3501 3468 3641 3536 quod
3663 3469 3838 3539 majus

2247 3554 2382 3600 erat.
2437 3545 2693 3615 Superius
2749 3548 2883 3602 dixit
2927 3550 2993 3604 de
3042 3551 3380 3621 adulatione,
3440 3558 3726 3614 ostendens
3775 3575 3840 3616 se

2250 3652 2354 3690 non
2385 3637 2610 3705 adulari,
2642 3654 2747 3693 non
2777 3655 3019 3711 qumrere
3065 3644 3291 3712 gloriam
3327 3663 3340 3700 :
3372 3647 3459 3702 hic
3497 3649 3626 3704 dicit
3655 3650 3720 3706 de
3746 3665 3837 3705 ca-

2248 3729 2424 3782 ritate.
2469 3729 2733 3796 Quoniam
2793 3734 3040 3802 superius
3075 3735 3230 3802 dixit,
3284 3737 3431 3792 Sicut
3488 3752 3631 3812 pater
3678 3743 3838 3811 ﬁlios,

2250 3818 2398 3873 Sicut
2423 3821 2734 3885 nutrim;hic
2759 3823 2900 3877 aliud
2929 3824 3075 3891 dicit,
3094 3826 3290 3893 Orbati,
3321 3831 3460 3900 quod
3489 3841 3572 3886 est
3601 3833 3837 3888 filiorum

2249 3921 2426 3980 patres
2442 3915 2953 3984 qumentiumﬂuid
2991 3934 3138 3985 vero,
3164 3921 3310 3976 illine
3330 3934 3482 3979 erant
3500 3927 3700 3982 orbati?
3719 3928 3837 3983 Non

2250 4005 2440 4074 inquit,
2471 4005 2564 4060 sed
2595 4022 2713 4061 nos.
2742 4007 2873 4064 Nam
2902 4011 2946 4064 si
2985 4014 3105 4082 quis
3138 4013 3462 4071 desiderium
3499 4022 3839 4075 examinare-

2250 4095 2340 4160 rit,
2373 4096 2512 4150 sicut
2541 4098 2688 4166 parvi
2735 4099 2910 4168 pueri,
2965 4118 3192 4171 quorum
3245 4107 3422 4161 nullus
3466 4125 3648 4164 curam
3677 4113 3837 4181 gerit,

2251 4185 2590 4242 immaturam
2619 4188 2910 4246 subeuntes
2939 4193 3219 4250 orbitatem
3238 4237 3252 4264 ,
3283 4197 3334 4250 in
3379 4214 3570 4268 magno
3599 4212 3724 4256 sunt
3746 4218 3834 4272 pa-

2251 4287 2458 4332 rentum
2486 4279 2774 4346 desiderio,
2807 4297 2911 4336 non
2941 4283 3114 4338 solum
3143 4297 3360 4358 propter
3382 4291 3548 4359 ipsam
3568 4304 3838 4361 naturam,

2251 4368 2343 4424 sed
2369 4371 2528 4424 etiam
2562 4382 2778 4442 propter
2807 4375 3146 4432 solitudinem
3178 4395 3192 4432 :
3231 4381 3299 4435 ita
3324 4398 3421 4438 nos
3444 4400 3674 4454 quoque.
3702 4387 3844 4444 llinc

2251 4477 2462 4532 quoque
2490 4465 2724 4519 ostendit
2751 4480 2899 4520 suam
2919 4469 3079 4523 animi
3108 4472 3498 4541 mgritudinem,
3522 4476 3692 4546 inqua
3722 4491 3843 4534 erat

2252 4562 2471 4623 prepter
2501 4557 2917 4624 separationem.
2951 4559 3020 4613 Et
3049 4559 3183 4628 huic,
3217 4563 3407 4634 inquit,
3461 4582 3566 4622 non
3599 4568 3724 4623 licet
3753 4572 3839 4625 di-

2252 4662 2396 4715 cere,
2424 4649 2565 4719 quod
2598 4651 2822 4706 multum
2877 4662 3086 4724 tempus
3128 4662 3578 4728 exspectavimus,
3611 4664 3728 4732 sed,
3761 4665 3844 4718 Ad

2253 4749 2468 4809 tempus,
2515 4741 2672 4812 idque
2727 4744 2905 4809 Facie,
2959 4762 3059 4800 non
3085 4751 3237 4804 corde
3261 4766 3280 4805 :
3330 4767 3546 4822 semper
3573 4755 3716 4809 enim
3745 4771 3844 4810 vos

2253 4830 2512 4887 habemus
2539 4833 2592 4888 in
2621 4845 2821 4890 mente.
2845 4837 2978 4893 Vide
2999 4849 3197 4908 quanta
3222 4841 3291 4896 sit
3313 4842 3532 4899 dilectio
3558 4861 3571 4898 :
3600 4849 3843 4916 quamvis

2253 4938 2346 4977 eos
2376 4924 2596 4982 haberet
2628 4936 2884 4997 perpetuo
2912 4929 2964 4982 in
2992 4931 3175 4996 corde,
3215 4933 3489 5002 quaerebat
3539 4944 3715 4993 tamen
3745 4953 3839 4994 eo-

2253 5033 2370 5072 rum
2409 5019 2459 5073 in
2486 5028 2706 5089 aspectu
2733 5035 2827 5076 seu
2870 5020 3007 5077 facie
3045 5027 3408 5093 praesentiam.
3456 5028 3531 5083 Ne
3560 5032 3679 5100 quis
3710 5032 3838 5086 mihi

2253 5126 2702 5180 supervacaneam
2733 5115 2871 5170 hanc
2900 5114 3042 5170 dicat
3073 5117 3500 5189 philosophiam:
3535 5122 3639 5178 hoc
3683 5123 3844 5194 plane

2253 5213 2336 5259 est
2358 5206 2594 5261 ardentis
2622 5206 2946 5274 dilectioais,
2975 5209 3180 5277 videre,
3207 5220 3258 5266 et
3299 5214 3484 5269 audire
3503 5257 3517 5280 ,
3543 5225 3597 5270 et
3621 5215 3804 5272 dicere
3832 5261 3846 5280 ,

2253 5307 2309 5353 et
2332 5297 2432 5354 hoc
2454 5300 2674 5353 multum
2695 5301 2999 5355 contulerit.
3023 5303 3394 5372 Abundantius,
3428 5306 3616 5377 inquit,
3632 5309 3848 5380 festina-

2253 5391 2430 5445 rimus.
2461 5391 2596 5459 Quid
2623 5401 2724 5455 est,
2753 5393 3141 5448 Abundantius?
3170 5396 3261 5452 Vel
3287 5396 3387 5453 hoc
3410 5399 3511 5453 sibi
3533 5401 3664 5466 vult,
3697 5401 3842 5472 quod

2253 5497 2348 5538 vos
2379 5485 2554 5550 magni
2607 5483 2931 5539 faciebamus
2963 5503 2976 5538 :
3009 5487 3095 5540 vel
3144 5498 3201 5542 ut
3250 5501 3331 5544 est
3377 5492 3685 5559 verisimile,
3717 5509 3844 5548 cmu

2253 5577 2384 5632 liora
2412 5576 2762 5632 ahfuissemus
2783 5617 2797 5641 ,
2833 5578 3132 5634 studuimus
3156 5581 3336 5637 videre
3367 5583 3553 5639 faciem
3580 5595 3836 5640 vestram.

2255 5668 2387 5723 Vide
2415 5667 2627 5722 beatum
2659 5667 2902 5733 Paulum,
2954 5685 3074 5724 cum
3116 5686 3211 5736 per
3239 5687 3296 5727 se
3323 5689 3426 5728 non
3459 5685 3638 5745 posset
3682 5690 3841 5730 summ

2255 5761 2477 5830 implere
2499 5759 2850 5825 desiderium,
2881 5759 2983 5817 hoc
3030 5763 3206 5819 facere
3235 5781 3329 5836 per
3355 5766 3489 5820 alios
3515 5785 3526 5819 :
3551 5767 3689 5822 sicut
3718 5781 3842 5822 cum

2201 5935 2207 5938 ⁴
2256 5855 2419 5912 mittit
2443 5853 2784 5912 Timotheum
2808 5857 2872 5911 ad
2899 5856 3289 5929 Philippenses,
3313 5871 3364 5916 et
3384 5861 3632 5918 eumdem
3654 5855 3849 5917 rursus
