4140 6534
369 466 478 524 107

371 583 435 639 τὸ
468 581 570 654 τῆς
606 579 830 650 ἀγάπης
863 575 1059 648 φησίν·
1105 573 1134 627 ὃ
1167 572 1262 626 καὶ
1291 570 1492 642 μᾶλλον
1519 565 1588 641 ἦν
1622 569 1655 639 ἢ
1694 568 1790 637 τῆς
1822 581 1958 635 προ-

374 671 623 732 στασίας.
677 667 785 722 Καὶ
811 664 908 718 τοῦ
943 661 1149 730 ἀτύφου
1179 661 1238 713 τὸ
1263 659 1577 731 εἰρημένον.
1636 655 1735 720 Ὠς
1764 654 1964 720 πατὴρ

374 757 556 811 τέκνα
614 755 851 817 ἑαυτοῦ,
907 746 1403 818 παρακαλοῦντες
1446 743 1604 814 ὑμᾶς
1633 743 1733 799 καὶ
1778 756 1967 810 παρα-

370 845 742 914 μυθούμενοι
763 840 861 895 καὶ
885 837 1322 907 μαρτυρόμενοι
1362 836 1448 900 εὶς
1475 833 1542 886 τὸ
1565 828 1969 899 περιπατῆσαι

375 932 536 1001 ὑμᾶς
549 932 733 995 ἀξίως
758 927 866 981 τοῦ
893 925 1041 981 Θεοῦ
1063 924 1171 978 τοῦ
1199 923 1535 987 καλοῦντος
1561 919 1719 990 ὑμᾶς
1746 920 1833 984 είς
1854 915 1969 985 τὴν

378 1020 601 1076 ἑαυτοῦ
622 1018 955 1083 ,ϐασιλείαν
983 1012 1312 1077 καὶδόξαν.
1349 1012 1478 1064 Ὅτε
1508 1006 1650 1069 εἷπε.
1686 1008 1797 1062 Kal
1837 1004 1967 1060 δια·

377 1107 842 1176 μαρτιφόμενοι,
865 1104 990 1156 τότε
1032 1100 1285 1171 πατέρων
1312 1100 1606 1170 μέμνηται,
1638 1096 1849 1156 δεικνὺς
1886 1094 1970 1145 ὅτι

384 1195 449 1248 Εἰ
481 1196 575 1248 καὶ
615 1190 1115 1264 διεμαρτυρόμεθα,
1138 1187 1273 1241 ἀλλὰ
1290 1187 1449 1240 τοῦτο
1468 1184 1529 1238 οὑ
1562 1182 1827 1252 σφοδρῶς,
1856 1180 1969 1234 ἀλλ’

382 1283 462 1346 ὡς
510 1282 772 1352 πατέρες.
815 1279 965 1333 Ἕνα
1013 1277 1278 1332 ἕκαστον
1316 1273 1505 1342 ὑμῶν.
1558 1265 1761 1324 Βαὸαὶί
1795 1270 1854 1321 ἐν
1884 1284 1972 1321 το-

390 1369 566 1440 σούτῳ
617 1367 814 1438 πλήθει
848 1365 1059 1437 μηδένα
1114 1362 1469 1433 παραλιπεῖν,
1521 1358 1595 1430 μὴ
1643 1357 1860 1429 μικρὸν,
1896 1355 1970 1426 μὴ

391 1455 585 1526 μέγαν,
627 1457 701 1526 μὴ
740 1454 1016 1517 πλούσιον,
1062 1452 1136 1522 μὴ
1170 1451 1398 1520 πένητα.
1448 1444 1971 1516 Παρακαλοῦντες,

390 1544 529 1614 πρὸς
557 1543 611 1596 τί
637 1539 794 1604 εἶπες
854 1541 1000 1612 Πρὸς
1057 1540 1118 1593 τὸ
1140 1539 1330 1610 φέρειν
1367 1537 1568 1592 πάντα.
1615 1533 1731 1588 Καὶ
1782 1547 1972 1598 παρα-

384 1631 750 1700 μυθούμενοι
765 1629 864 1682 καὶ
879 1626 1430 1696 διαμαρτυράμενοι.
1446 1620 1942 1691 Πηρακαλοῦντες
1956 1634 1970 1648 ’

388 1714 491 1767 οὐκ
515 1714 623 1780 ἄρα
642 1713 798 1776 δόξαν
824 1712 1053 1782 ἐζήτουν
1086 1727 1100 1740 ·
1131 1709 1243 1765 Kal
1271 1709 1837 1777 διαμαρτυράμενον
1873 1704 1976 1757 οὐκ

391 1801 504 1871 ἄρα
526 1801 872 1855 ἐκολάκευον.
918 1801 1026 1864 Εὶς
1066 1796 1135 1851 τὸ
1165 1793 1566 1865 περιπατῆσαι
1607 1792 1763 1863 ὑμᾶς
1791 1791 1973 1858 ἀξίως

392 1885 503 1939 τοῦ
533 1885 681 1940 Θεοῦ
708 1884 816 1940 τοῦ
846 1885 1181 1950 καλοῦντος
1195 1881 1354 1953 ὑμᾶς
1384 1886 1473 1949 εὶς
1499 1881 1617 1951 τὴν
1643 1880 1831 1937 αὐτοῦ
1854 1879 1973 1944 ,βαι

390 1974 637 2028 σιλείαν
665 1974 765 2026 καὶ
796 1972 1003 2036 δόξαν.
1049 1969 1195 2043 Ὅρα
1248 1972 1409 2027 πάλιν
1448 1971 1565 2032 πῶς
1597 1967 1971 2039 διηγούμενος,

396 2063 491 2115 καὶ
514 2062 755 2116 διδάσκει
775 2061 868 2114 καὶ
897 2060 1299 2130 παραμυθεῖται
1324 2075 1338 2089 '
1370 2060 1419 2112 εί
1451 2058 1559 2129 γὰρ
1589 2058 1667 2121 είς
1698 2053 1974 2126 βασιλείαν

396 2151 644 2213 ἐκάλεσε,
676 2149 854 2203 πάντα
884 2148 967 2202 δεῖ
1007 2149 1215 2219 φέρειν.
1260 2146 1715 2218 Παρακαλοῦμεν,
1750 2145 1851 2214 οὐχ
1888 2142 1976 2195 ἵνα

397 2240 530 2307 ἡμῖν
561 2235 859 2308 χαρισησθέ
887 2252 962 2299 τι,
992 2236 1108 2290 ἀλλ’
1133 2236 1200 2290 ἵν’
1225 2234 1523 2305 ἐπι-τύχητε
1554 2234 1656 2304 τῆς
1688 2230 1976 2302 βασιλείας

394 2326 502 2378 τῶν
533 2323 799 2396 οὐρανῶνι
852 2326 957 2379 Διά
979 2322 1154 2378 τοῦτο
1179 2322 1281 2376 καὶ
1305 2322 1476 2391 ἡμεῖς
1501 2317 1980 2389 εὐχαριστοῦμεν

394 2412 476 2479 τῷ
519 2411 665 2479 Θεῷ,
689 2411 1106 2479 ἀδιαλείπτως,
1151 2411 1242 2466 ὅτι
1297 2411 1749 2479 παραλαϐόντες
1792 2410 1981 2477 λόγον

393 2500 585 2570 ἀκοῆς
601 2504 739 2571 παρ’
774 2502 946 2572 ἡμῶν
989 2503 1096 2556 τοῦ
1140 2501 1309 2566 Θεοῦ,
1347 2500 1639 2565 ἐδέξασθε
1683 2500 1756 2553 οὐ
1794 2499 1982 2567 λόγον

396 2589 743 2656 ἀνθρώπων,
800 2588 982 2652 ἀλλὰ,
1042 2587 1241 2653 καθώς
1285 2588 1459 2641 ἐστιν
1504 2584 1761 2653 ἀληθῶς,
1794 2586 1983 2654 λόγον

398 2677 573 2740 Θεοῦ,
598 2676 668 2743 ὃς
700 2675 798 2730 καὶ
830 2675 1149 2745 ἐνεργεῖται
1173 2676 1243 2728 ἐν
1257 2674 1399 2743 ὑμῖν
1419 2674 1544 2739 τοῖς
1562 2674 1981 2727 πιστεύουσιν.

398 2767 516 2819 Οὑκ
567 2764 715 2818 ἔστιν
758 2764 964 2827 εἰπεῖν,
1035 2764 1231 2835 φησὶν,
1292 2764 1373 2816 ὅτι
1434 2764 1595 2833 ἡμεῖς
1656 2761 1754 2831 μὲν
1802 2762 1984 2814 πάντα

398 2854 709 2925 ἀμέμπτως
740 2852 1072 2922 πράττομεν,
1112 2852 1268 2921 ὑμεῖς
1293 2851 1351 2904 δὲ
1377 2850 1571 2914 ἀνάξια
1590 2851 1688 2920 τῆς
1709 2849 1984 2920 ἡμετέρας

401 2945 750 3015 ἀναστροφῆς
767 2946 1060 3015 ἐποιήσατε
1080 2959 1095 2975 ο
1118 2944 1182 2997 οὑ
1207 2944 1316 3015 γὰρ
1334 2944 1409 3006 ὡς
1438 2943 1535 2997 ἀνθ
1544 2943 1741 3016 ρώπων
1761 2942 1986 2996 ἀκούον-

402 3048 515 3097 τες,
540 3033 978 3105 διέκεισθεὴμῶν
998 3034 1306 3097 ἀκούοντες,
1326 3032 1526 3097 ἀλλ’ὡς
1543 3033 1707 3086 αὑτοῦ
1732 3030 1825 3085 τοῦ
1849 3029 1984 3084 Θεοῦ

406 3122 823 3195 παραινοῦντος,
844 3118 988 3173 οὑτω
1006 3120 1347 3191 προσείχετε.
1376 3118 1546 3173 Πόθεν
1559 3118 1717 3190 δῆλον
1733 3135 1752 3184 ς
1773 3118 1946 3170 ’Ὡσπε
1954 3133 1986 3187 ρ

402 3209 515 3280 γὰρ
531 3210 590 3262 τὸ
605 3208 680 3281 μὴ
697 3210 753 3261 ἐν
773 3207 1029 3278 κολακείᾳ
1059 3207 1193 3278 μηδέ
1222 3211 1281 3260 ἐν
1307 3206 1584 3277 κενοδοξία
1612 3205 1846 3278 κηρῦξαι
1876 3203 1988 3260 ἀπὸ

402 3297 516 3349 τῶν
529 3296 1071 3366 οίκείωνπειρασμῶν
1085 3295 1347 3358 δείκνυσι,
1362 3298 1458 3349 καὶ
1480 3294 1581 3364 τῆς
1597 3295 1823 3349 ἐκείνων
1844 3311 1987 3365 μαρ-

407 3383 621 3452 τυρίας,
653 3383 748 3434 καὶ
767 3376 840 3435 ὧν
869 3381 1143 3451 ἔπραττεν
1160 3397 1173 3411 ·
1191 3380 1336 3434 οὕτω
1358 3383 1452 3436 καὶ
1467 3381 1529 3435 τὸ
1544 3382 1786 3444 ἐκείνους
1813 3380 1989 3451 ὀρθῶς

405 3469 663 3534 δέξασθαι
688 3468 781 3521 τὸν
797 3468 971 3537 λόγον,
1004 3468 1113 3523 ἀπὸ
1144 3469 1252 3521 τῶν
1290 3468 1631 3540 πειρασμῶν.
1666 3468 1837 3521 Πόθεν
1856 3470 1985 3539 γὰρ,

411 3558 601 3626 φησὶν,
623 3556 765 3626 εἰμὴ
798 3556 873 3619 ὡς
894 3555 989 3609 τοῦ
1015 3556 1150 3610 Θεοῦ
1171 3555 1421 3624 λέγοντος
1439 3555 1688 3625 ἠκούετε,
1713 3555 1990 3620 τοιούτους

408 3646 635 3717 ἐφέρετε
666 3643 983 3709 κινδύνους;
1013 3645 1121 3697 Καὶ
1149 3646 1252 3715 ὅρα
1271 3646 1332 3698 τὸ
1356 3644 1576 3715 ἀξίωμα
1594 3660 1608 3674 ’
1641 3643 1829 3714 Ὑμεῖς
1858 3645 1988 3715 γὰρ,

411 3734 564 3803 φησὶ,
599 3731 847 3801 μιμηταὶ
880 3730 1221 3800 ἐγενήθητε,
1266 3730 1538 3801 ἀδελφοὶ,
1588 3731 1706 3786 τῶν
1749 3733 1994 3798 Ἐκκλη-

408 3820 564 3876 σιῶν
601 3820 708 3875 τοῦ
747 3820 897 3875 Θεοῦ
935 3818 1055 3873 τῶν
1099 3818 1306 3873 οὐσῶν
1341 3819 1412 3872 ἐν
1457 3818 1536 3886 τῇ
1590 3820 1871 3888 Ἰουδαίᾳ,
1921 3820 1993 3873 ἐν

407 3908 643 3977 Χριστῷ
694 3907 911 3975 Ἰησοῦ,
974 3907 1062 3960 ὅτι
1106 3906 1181 3960 τὰ
1231 3907 1387 3961 αὐτὰ
1414 3907 1667 3962 ἐπάθετε
1698 3907 1798 3961 καὶ
1822 3906 1993 3977 ὑμεῖς

407 3997 529 4053 ὑπὸ
550 3995 669 4050 τῶν
691 3996 855 4050 ίδίων
872 3994 1298 4065 συμφυλετῶν,
1331 3995 1527 4062 καθὼς
1542 3996 1641 4050 καὶ
1675 3996 1846 4050 αὐτοὶ
1869 3994 1992 4051 ὑπὸ

408 4085 530 4140 τῶν
569 4085 895 4149 Ἰουδαίων,
925 4086 1045 4138 τῶν
1080 4086 1177 4139 καὶ
1206 4084 1316 4138 τὸν
1345 4086 1569 4153 Κύριον
1596 4085 1989 4140 ἀποκτεινάν-

409 4183 529 4229 των
567 4174 804 4241 Ἰησοῦν
833 4174 931 4227 καὶ
966 4172 1108 4237 τούς
1133 4174 1323 4240 ίδίους
1339 4174 1673 4242 προφήτας,
1705 4175 1803 4227 καὶ
1833 4173 1993 4242 ἡμᾶς

407 4257 843 4322 ἐκδιωξάντων,
871 4256 973 4310 καὶ
998 4255 1121 4321 Θεῷ
1147 4257 1234 4325 μὴ
1259 4257 1664 4324 ἀρεσκόντων,
1699 4258 1804 4312 καὶ
1839 4256 1991 4330 [442]

408 4343 601 4400 πᾶσιν
629 4345 966 4413 ἀνθρώποις
1021 4344 1315 4398 ἐναντίων
1350 4359 1364 4373 ·
1414 4346 1774 4399 κωλυόντων
1833 4345 1994 4415 ἡμᾶς

406 4434 534 4498 τοῖς
557 4434 763 4489 ἔθνεσι
775 4433 1050 4502 λαλῆσαι
1071 4434 1173 4487 ἵνα
1193 4433 1494 4499 σωθῶσιν,
1516 4437 1604 4500 είς
1627 4434 1695 4488 τὸ
1717 4436 1994 4500 ἀναπλη-

401 4521 595 4594 ρῶσαι
617 4522 818 4577 αὐτῶν
840 4523 949 4588 τὰς
967 4522 1256 4591 ἁμαρτίας
1291 4523 1572 4578 πάντοτε.
1610 4524 1877 4594 Ἕξρθασε
1926 4525 1995 4578 δὲ

407 4613 502 4665 ἐπ’
532 4611 755 4674 αὐτοὺς
776 4612 815 4679 ἡ
846 4609 992 4679 ὀργὴ
1026 4612 1112 4677 εὶς
1136 4610 1334 4677 τέλος.

485 4698 550 4768 β’.
579 4698 797 4766 Ὑμεῖς,
822 4699 976 4770 φησι,
999 4697 1579 4768 μιμηταὶέγενήθητε
1598 4698 1718 4754 τῶν
1747 4701 1998 4767 Ἐκκλη-

410 4785 565 4840 σιῶν
589 4785 693 4839 τοῦ
714 4786 863 4840 Θεοῦ
883 4784 1004 4841 τῶν
1028 4785 1234 4840 οὐσῶν
1258 4787 1328 4840 ἐν
1351 4785 1428 4855 τῇ
1467 4786 1747 4856 Ἰουδαίᾳ.
1764 4789 1939 4860 Πολλὴ
1958 4791 1991 4858 ἡ

412 4874 759 4944 παραμυθία.
787 4873 969 4939 Οὑδέν,
1000 4877 1186 4945 φησιν,
1212 4874 1526 4945 θαυμαστὸν
1549 4878 1628 4940 είς
1652 4878 1796 4945 ὑμᾶς
1825 4877 1997 4931 ταῦτα

413 4966 673 5037 πράττειν
715 4965 935 5027 αὐτοὺς,
966 4966 1103 5019 ὅπου
1154 4981 1218 5032 γε
1245 4967 1340 5018 καὶ
1368 4966 1450 5029 είς
1477 4966 1606 5031 τοὺς
1650 4967 1998 5037 συμφυλέτας

408 5052 609 5106 αὐτῶν.
653 5051 765 5106 Καὶ
792 5050 952 5105 τοῦτο
995 5051 1052 5106 δέ
1087 5051 1182 5105 τοῦ
1212 5052 1275 5105 τὸ
1307 5053 1574 5123 κήρυγμα
1612 5051 1754 5107 εἶναι
1797 5056 1998 5126 ἀληθὲς

408 5141 469 5194 ού
507 5140 704 5211 μικρὸν
745 5143 1067 5212 τεκμήριον,
1097 5142 1232 5193 ὅπου
1280 5156 1345 5207 γε
1402 5144 1497 5195 καὶ
1532 5141 1777 5196 Ἰουδαῖοι
1819 5144 1998 5198 πάντα

410 5229 700 5299 ἠνέσχοντο
720 5230 1030 5301 ὑπομεῖναι.
1051 5230 1181 5284 Ὅτι
1204 5231 1301 5285 καὶ
1328 5230 1497 5300 ὑμεῖς
1516 5231 1589 5286 τὰ
1614 5232 1787 5295 αὐτὰ.
1808 5237 1994 5303 φησὶν,
2036 5240 2039 5243 ’

409 5319 659 5372 ἐπάθετε
716 5317 840 5373 ὑπὸ
894 5317 1013 5372 τῶν
1057 5319 1223 5373 ίδίων
1272 5319 1696 5390 συμφυλετῶν,
1734 5321 1999 5393 καθάπερ

409 5405 672 5459 κάκεῖνοι
714 5405 836 5460 ὑπὸ
894 5406 1014 5461 τῶν
1067 5407 1389 5463 Ἰουδαίων.
1424 5407 1578 5480 Ἔχει
1612 5427 1665 5462 τι
1710 5409 1870 5464 πλέον
1919 5411 1997 5482 τῷ

408 5497 585 5548 εἰπεῖν
608 5508 658 5561 ιι,
683 5497 927 5551 κάκεῖνοι
965 5500 1024 5551 ἐν
1064 5500 1130 5567 τῇ
1173 5496 1431 5571 Ἰουδαίῳ
1465 5498 1705 5552 δείκνυσι
1752 5500 1862 5571 γὰρ
1915 5500 1996 5554 ὅτι

407 5584 599 5654 ἥδοντο
632 5586 934 5657 πανταχοῦ,
972 5585 1049 5648 ὡς
1076 5586 1428 5656 ἀθλήσαντες.
1459 5587 1620 5656 Λέγει
1642 5583 1757 5655 οὗν,
1776 5590 1858 5642 ὅτι
1887 5589 1998 5642 Καὶ

409 5671 569 5739 ὑμεῖς
596 5671 666 5726 τά
693 5673 834 5726 αὐτὰ
859 5672 1115 5728 ἐπάθετε.
1150 5675 1259 5728 Καὶ
1297 5676 1350 5728 τί
1394 5675 1707 5746 θαυμαστὸν
1741 5677 1922 5744 πάλιν,
1949 5679 1997 5731 εί

409 5762 504 5816 καὶ
529 5762 611 5827 είς
641 5762 809 5844 ὑμᾶς,
831 5763 964 5815 ὅπου
1007 5780 1072 5831 γε
1104 5765 1197 5819 καὶ
1219 5767 1300 5827 είς
1340 5766 1431 5821 τὸν
1453 5767 1732 5839 Δεσπότην
1757 5767 1823 5820 τὰ
1859 5766 1997 5821 αὐτὰ

472 5958 491 5984 ⁸
518 5959 703 6012 Havull
727 5963 783 6012 τὸ
804 5964 949 6013 εἰπεῖν
973 5965 1218 6016 Ηιιῐεεὶυε.

1297 442 1365 510 IN
1405 451 1621 508 EPIST.
1660 449 1679 504 ι
1724 446 1811 501 AD
1843 434 2184 511 TIIESSAL.
2214 450 2447 509 mnu.
2472 447 2699 503 "0th
2738 442 2824 500 ιιι.

3554 431 3657 491 408

2068 568 2349 642 ἐτόλμωνς
2389 569 2577 639 Ὀρᾷς,
2612 563 2730 627 πῶς
2760 562 2892 615 αὑτὸ
2939 559 3202 629 εἰσήγαγε
3250 552 3493 626 μεγάλην
3536 554 3660 623 ἔχον

2071 648 2169 729 τὴν
2197 641 2580 729 παραμυθίαν;
2604 653 2713 706 Καὶ
2743 648 2984 719 συνεχῶς
3015 646 3175 700 τοῦτο
3208 642 3454 714 στρέφει,
3479 641 3574 695 καὶ
3603 643 3660 694 ἐν

2069 728 2287 809 πάσαις
2325 743 2513 814 σχεδὸν
2565 739 2715 812 εὖροι
2761 755 2845 801 τις
2883 738 2949 791 ἂν
3000 733 3135 789 αὑτό
3180 733 3300 795 ταῖς
3345 728 3661 791 ἐπιστολαῖς

2070 834 2316 906 ἀκριϐῶς
2362 830 2652 898 ἐξετάζων,
2690 828 2808 891 πῶς
2859 829 2916 880 ἐν
2944 826 3057 889 τοῖς
3089 822 3417 893 πειρασμοῖς
3451 819 3538 873 ἀεὶ
3569 817 3660 872 τὸν

2072 921 2309 992 Χριστὸν
2361 918 2671 988 παραφέρει
2720 913 3011 984 διαφόρως.
3041 910 3189 980 Ὅρα
3234 908 3387 978 γοῦνο
3442 907 3538 961 καὶ
3570 907 3659 960 ἐν·

2070 1009 2246 1064 ταῦθα
2276 1003 2601 1075 κατηγορῶν
2634 1001 2743 1055 τῶν
2790 999 3083 1059 Ἰουδαίων,
3112 998 3193 1060 είς
3222 996 3528 1066 ἀνάμνησιν
3557 994 3658 1047 αὑ-

2071 1099 2199 1160 τοὺς
2226 1096 2381 1166 φέρει
2408 1093 2504 1146 τοῦ
2537 1089 2827 1152 Δεσπότου,
2863 1088 2960 1140 καὶ
2986 1084 3096 1138 τῶν
3122 1083 3215 1137 τοῦ
3241 1082 3512 1136 Δεσπότου
3539 1098 3662 1134 πα-

2072 1180 2365 1258 θημάτωνο
2393 1182 2568 1244 οὑτως
2597 1176 2707 1232 οἶδε
2759 1175 3023 1246 μεγίστην
3057 1171 3411 1243 παραμυθίαν
3451 1169 3573 1240 ἔχον
3601 1168 3663 1221 τδ

2074 1256 2325 1346 πρᾶγμα.
2344 1270 2467 1326 Τῶν
2489 1268 2587 1323 καὶ
2604 1266 2711 1321 τὸν
2726 1266 2945 1333 Κύριον
2957 1256 3457 1346 ἀποκτεινάντων,
3475 1257 3658 1325 φησίν.

2086 1339 2527 1429 ’Ᾰλλίήγνόησαν
2553 1354 2715 1410 αὑτὸν
2741 1351 2894 1414 ἴσως.
2923 1350 3175 1403 Μάλιστα
3200 1345 3298 1415 μὲν
3326 1339 3419 1397 οὖν
3440 1344 3662 1415 ᾔδεσαν.

2074 1453 2139 1505 Τί
2171 1449 2294 1515 δαί;
2326 1449 2447 1518 οὑχὶ
2478 1449 2573 1500 καὶ
2619 1445 2749 1508 τοὺς
2791 1440 2954 1502 ἰδίους
3008 1438 3293 1508 προφήτας
3335 1434 3664 1488 ἀπέκτειναν

2075 1544 2171 1596 καὶ
2218 1530 2625 1607 ἐλιθοϐόλησαν,
2659 1530 2734 1589 ῶν
2782 1534 2877 1587 καὶ
2922 1533 2991 1586 τὰ
3046 1529 3215 1601 τεύχη
3277 1526 3662 1598 περιφέρουσις

2074 1631 2187 1685 Kal.
2237 1629 2344 1700 μὴν
2395 1625 2573 1680 ταῦτα
2620 1624 2722 1678 οὑκ
2761 1620 3022 1692 ἀληθείας
3055 1618 3241 1672 ἕνεκεν
3281 1614 3660 1685 διεπράξαντο.

2077 1721 2192 1774 Οὐκ
2216 1719 2325 1791 ἄρα
2352 1714 2677 1788 παραμυθία
2709 1711 2868 1783 μόνον
2889 1710 3036 1763 ἐστὶν
3067 1707 3162 1760 ἐπὶ
3180 1708 3293 1769 τοῖς
3312 1705 3662 1775 πειρασμοῖς.

2076 1808 2214 1862 ἀλλὰ
2246 1808 2341 1861 καὶ
2366 1805 2672 1874 ὑπόμνησις
2693 1798 2786 1854 τοῦ
2813 1799 2887 1870 μὴ
2919 1796 3160 1867 νομίζειν
3189 1796 3271 1848 ὅτι
3301 1794 3369 1846 δι’
3403 1791 3665 1861 ἀλήθειαν

2075 1898 2252 1949 ταῦτα
2323 1891 2539 1946 ποιοῦσι
2574 1930 2589 1954 ,
2640 1889 2737 1942 καὶ
2787 1886 2878 1940 διὰ
2928 1884 3085 1939 τοῦτο
3139 1879 3505 1953 θορυϐεῖσθαι.
3555 1876 3666 1932 Kal

2078 1984 2260 2054 ἡμᾶς,
2292 1983 2476 2054 φησὶν,
2505 1975 2939 2041 ἐκδιωξάντων.
2967 1975 3078 2027 Καὶ
3101 1973 3282 2043 ἡμεῖς,
3310 1970 3466 2040 φησὶ.
3496 1965 3669 2038 μυρία

2077 2071 2228 2127 δεινά
2261 2068 2633 2139 πεπόνθαμεν.
2677 2064 2786 2119 Καὶ
2834 2060 2957 2126 Θεῷ
2995 2059 3082 2131 μὴ
3120 2056 3524 2127 ἀρεσκόντων,
3562 2054 3667 2107 καὶ

2079 2154 2270 2216 πᾶσιν
2332 2156 2667 2226 ἀνθρώποις
2721 2152 3031 2214 ἐναντίων,
3086 2145 3447 2201 κωλυόντων
3506 2140 3669 2209 ἡμᾶς

2079 2247 2203 2314 τοῖς
2231 2248 2436 2301 ἔθνεσι
2467 2241 2738 2310 λαλῆσαι
2786 2238 2887 2292 ἵνα
2920 2233 3179 2290 σωθῶσι.
3212 2231 3411 2286 Πᾶσιν
3443 2227 3670 2296 ἀνθρώ-

2079 2348 2239 2403 ποις,
2270 2335 2457 2406 φησὶν,
2497 2329 2810 2386 ἐναντίων.
2842 2325 3006 2391 Πῶς;
3038 2319 3102 2378 Εἰ
3135 2321 3242 2393 γὰρ
3273 2322 3340 2392 τῇ
3373 2317 3668 2388 οἰκουμένῃ

2079 2427 2164 2479 δεῖ
2201 2423 2454 2494 λαλῆσαι,
2479 2412 2627 2487 οὗτοι
2672 2418 2732 2471 δὲ
2782 2413 3081 2474 κωλύουσι,
3124 2408 3298 2464 κοινοὶ
3348 2407 3450 2477 τῆς
3485 2408 3666 2460 οἰκου-

2084 2512 2253 2582 μένης
2306 2511 2446 2564 είσὶν
2498 2505 2705 2578 ἐχθροί.
2753 2500 2859 2556 Τὸν
2906 2500 3143 2572 Χριστὸν
3191 2497 3511 2566 ἐφόνευσαν,
3542 2495 3670 2556 τοὺς

2083 2599 2496 2674 προφήτας,τὸν
2517 2597 2651 2651 Θεὸν
2682 2594 2987 2664 ὑϐρίζουσι,
3006 2589 3181 2645 κοινοὶ
3211 2588 3310 2657 τῆς
3340 2585 3670 2655 οίκουμένης

2083 2690 2220 2745 εἰσὶν
2244 2689 2450 2759 ἐχθροὶ,
2474 2686 2621 2755 ἡμᾶς
2648 2682 2931 2738 ἐλαύνουσι
2951 2679 3079 2741 τοὺς
3104 2678 3198 2730 ιπι
3224 2673 3470 2745 σωτηρίᾳ
3493 2689 3671 2743 napa-

2082 2779 2439 2850 γενομένους⁸
2487 2774 2542 2828 τί
2590 2770 2927 2841 θαυμαστὴν,
2962 2769 3012 2822 εί
3036 2766 3130 2821 xal
3162 2768 3241 2829 είς
3272 2765 3417 2835 ὑμᾶς
3443 2760 3678 2815 τοιαῦτα

2085 2865 2450 2931 ἐπεδείξαντο,
2468 2864 2603 2917 ὅπου
2622 2877 2686 2930 γε
2716 2860 2813 2912 καὶ
2843 2858 2902 2911 ἐν
2924 2859 2991 2928 τῇ
3021 2854 3284 2925 Ἰουδαίας
3305 2851 3679 2906 κωλυόντων

2085 2955 2260 3026 ἡμᾶς,
2306 2953 2462 3023 φησὶ,
2514 2949 2640 3016 τοῖς
2676 2948 2883 3002 ἔθνεσι
2940 2940 3209 3012 λαλῆσαι
3257 2941 3358 2995 ἵνα
3409 2935 3669 3019 σωθῶσι.

2088 3016 2396 3106 έασκανίας
2437 3041 2547 3112 ἄρα
2580 3039 2698 3093 ἐστὶ
2730 3037 2792 3089 τὸ
2819 3036 2919 3107 τὴν
2960 3033 3070 3087 τῶν
3108 3031 3327 3086 πάντων
3360 3016 3674 3100 ἐμποδίζειν

2090 3131 2385 3203 σωτηρίαν,
2417 3131 2522 3194 Είς
2552 3125 2621 3181 τὸ
2651 3121 3088 3191 ἀναπληρῶσαι
3119 3117 3319 3174 αὐτῶν
3354 3117 3463 3182 τὰς
3487 3114 3676 3182 ἀμαρ-

2085 3200 2552 3289 τίαςηπάντοτε.
2598 3216 2866 3285 Ἕφθασε
2918 3210 2987 3264 δὲ
3034 3209 3129 3263 ἐπ’
3168 3205 3392 3272 αὐτοὺς
3441 3206 3481 3272 ἡ
3527 3200 3680 3272 ὀργὴ

2087 3310 2176 3373 είς
2217 3305 2414 3371 τέλος.
2463 3303 2664 3357 Οὐκέτι
2722 3300 2897 3355 ταῦτα
2958 3297 3115 3352 ἔσται
3162 3289 3251 3350 οἷα
3301 3293 3371 3346 τὰ
3409 3290 3674 3363 πρότερα,

2089 3397 2275 3451 οὐκέτι
2295 3394 2574 3457 ἐπάνοδος,
2590 3391 2776 3447 οὑκέτι
2801 3389 2976 3460 πέρας
2995 3402 3009 3416 '
3030 3381 3337 3453 animt;
3375 3381 3678 3450 ἐφέστηκεν

2090 3486 2123 3555 ἡ
2156 3484 2315 3555 ὀργή.
2348 3482 2518 3536 Πόθεν
2548 3481 2737 3548 δῆλον;
2782 3477 2915 3531 Ἀπὸ
2948 3474 3162 3538 τούτου,
3194 3461 3289 3541 ἀφ⁴
3324 3461 3386 3523 οὖ
3414 3469 3680 3538 προεῖπεν

2089 3553 2121 3625 ό
2150 3553 2405 3643 Χριστός.
2441 3568 2516 3621 Οὑ
2548 3566 2658 3636 γὰρ
2683 3564 2841 3618 τοῦτο
2884 3562 3045 3629 μόνον
3084 3559 3198 3630 ἔχει
3226 3555 3583 3628 παραμυθίαν
3612 3553 3680 3605 τὸ

2090 3640 2381 3717 κοινωνοὺς
2424 3654 2534 3708 τῶν
2579 3651 2814 3720 θλίψεων
2862 3648 3074 3712 λαϐεῖν,
3121 3645 3258 3700 ἀλλά
3301 3645 3397 3699 καὶ
3444 3642 3507 3696 τὸ
3550 3640 3680 3702 τοὺς

2090 3744 2373 3806 θλίϐοντας
2409 3738 2641 3795 ἀκοῦσαι
2672 3736 3145 3807 τιμωρουμένους.
3178 3733 3242 3785 El
3275 3731 3333 3785 δέ
3362 3731 3395 3801 ἡ
3441 3725 3679 3797 ἀναϐολὴ

2091 3834 2273 3898 λυπεῖ,
2316 3827 2753 3901 παραμυθεῖσθαι
2782 3825 2842 3878 τὸ
2887 3823 3085 3894 μηκέτι
3136 3810 3420 3875 ἀνανεύειν
3458 3813 3677 3877 αὑτούς.

2091 3919 2307 3976 Μᾶλλον
2347 3917 2406 3972 δέ
2452 3916 2549 3969 καὶ
2581 3914 2682 3983 τὴν
2712 3910 2987 3980 ἀναϐολὴν
3034 3907 3342 3962 συνέστειλε
3371 3903 3449 3972 τῷ
3479 3903 3678 3962 εἰπεῖν,

2103 4011 2173 4066 Ἣ
2196 4009 2364 4079 ὀργὴ,
2385 4006 2600 4069 δεικνὺς
2625 4004 2787 4057 πάλιν
2815 3999 3176 4072 ὀφειλομένην
3208 3997 3300 4059 καὶ
3323 3991 3680 4067 προωρισμέι

2092 4119 2212 4174 νην,
2235 4098 2387 4173 [445]
2411 4097 2503 4152 καὶ
2530 4093 3035 4167 προφητευσμένην.
3073 4087 3272 4158 Ἡμεῖς
3294 4084 3381 4150 δὲ,
3408 4081 3678 4152 ἀδελφοί,

2092 4169 2645 4258 ἀπορφανισθέντες
2677 4181 2779 4251 ἀφ’
2824 4178 2995 4249 ὑμῶν
3040 4176 3193 4244 πρὸς
3253 4173 3467 4240 καιρὸν
3499 4169 3679 4258 ὧρας,

2095 4256 2416 4346 προσώπῳ,
2471 4273 2543 4327 οὐ
2600 4268 2834 4338 καρδίᾳ,
2877 4262 3320 4334 περισσοτέρως
3372 4256 3683 4346 ἐσπουδάέ

2094 4342 2289 4436 σαμεν
2316 4363 2381 4417 τὸ
2421 4360 2748 4429 πρόσωπον
2794 4354 2965 4425 ὑμῶν
3003 4346 3153 4407 ὶδεῖν
3189 4351 3261 4404 ἐν
3305 4342 3511 4415 πολλῇ
3555 4346 3684 4400 ἐπι-

2095 4431 2296 4523 θυμίᾳ.
2353 4451 2468 4503 Οὑκ
2517 4444 2661 4510 εἷπε,
2704 4443 3092 4517 χωρισθέντες,
3137 4438 3256 4494 ἀλλ’
3298 4439 3328 4493 ὃ
3380 4437 3544 4491 πλέον
3588 4431 3677 4506 ἦν.

2095 4537 2261 4596 Εἶπεν
2298 4535 2557 4608 ἀνωτέρω
2590 4533 2720 4604 περὶ
2768 4532 2867 4603 τῆς
2901 4529 3215 4592 κολακείας,
3241 4526 3456 4589 δεικνὺς
3499 4524 3583 4578 ὅτι
3618 4523 3680 4575 οῦ

2096 4627 2404 4691 κολακεύει,
2437 4626 2519 4679 ὅτι
2567 4624 2627 4676 οὐ
2664 4622 2819 4692 ζητεῖ
2865 4619 3056 4685 δόξαν·
3096 4617 3246 4685 λέγει
3288 4612 3522 4669 ἐνταῦθα
3553 4613 3685 4681 περὶ

2096 4719 2194 4788 τῆς
2240 4716 2483 4784 ἀγάπης.
2527 4709 2747 4778 Ἐπειδὴ
2801 4703 2955 4760 εἶπεν
3011 4706 3288 4775 ἀνωτέρω⁶
3335 4702 3433 4766 Ὠς
3485 4698 3684 4766 πατὴρ

2095 4805 2302 4881 τέκνα,
2370 4802 2466 4861 Ὠς
2513 4798 2755 4868 τροφὸς,
2806 4793 3040 4849 ἐνταῦθα
3102 4792 3197 4847 καὶ
3254 4789 3439 4860 ἕτερόν
3495 4804 3682 4856 φησιν,

2109 4875 2707 4960 ’Ᾰπορέρανισθέντεα
2736 4886 2873 4954 ὅπερ
2906 4882 3024 4934 ἐστὶ
3056 4880 3263 4933 παίδων
3295 4877 3541 4946 πατέρας
3581 4874 3683 4943 C11-

2096 4982 2353 5035 τούντων.
2385 4979 2495 5032 Καὶ
2528 4974 2634 5046 μὴν
2659 4975 2857 5027 ἐκεῖνοι
2896 4964 3418 5038 ἀπωρφανίσθησαν.
3450 4960 3548 5027 Οὓ,
3576 4979 3686 5034 φη-

2101 5072 2205 5134 σὶν,
2254 5068 2368 5123 ἀλλ’
2424 5067 2607 5136 ἡμεῖς.
2641 5063 2705 5116 El
2754 5060 2864 5131 γάρ
2913 5074 3000 5120 τις
3043 5057 3135 5110 τὸν
3170 5053 3335 5108 πόθον
3384 5053 3683 5118 ἐξετάσειε,

2099 5158 2351 5226 καθάπερ
2367 5154 2554 5210 παιδία
2574 5149 2746 5222 μικρά
2764 5144 3199 5218 ἀπροστάτευτα,
3223 5142 3400 5212 ἄωρον
3419 5139 3686 5213 ὀρφανίαν

2101 5244 2428 5306 ὑποστάντα,
2458 5245 2517 5296 ἐν
2554 5238 2734 5309 πολλῷ
2761 5235 2913 5306 πόθῳ
2948 5234 3056 5288 τῶν
3087 5233 3289 5302 γονέων
3318 5232 3478 5291 εἰσιν,
3504 5230 3566 5283 οὑ
3596 5228 3685 5285 διὰ

2098 5340 2198 5408 τὴν
2234 5335 2397 5407 φύσιν
2447 5331 2608 5402 μόνον
2646 5328 2836 5397 αὐτὴν,
2869 5323 3007 5380 ἀλλὰ
3041 5324 3136 5378 καὶ
3171 5321 3257 5377 διὰ
3283 5320 3383 5393 τὴν
3407 5319 3682 5390 ἐρημίαν

2098 5406 2344 5493 οὑτωδὴ
2395 5421 2492 5475 καὶ
2535 5419 2719 5490 ἡμεῖς.
2775 5413 2872 5468 Ἐκ
2907 5410 3100 5466 τούτου
3148 5410 3244 5463 καὶ
3298 5410 3399 5479 τὴν
3442 5406 3684 5476 ἀθυμίαν

2101 5512 2267 5569 αὑτοῦ
2315 5508 2608 5571 δείκνυσιν,
2641 5506 2699 5558 ἐν
2810 5498 2878 5573 ἦν
2952 5499 3041 5554 διὰ
3081 5499 3174 5552 τὸν
3222 5493 3525 5568 χωρισμόν.
3576 5495 3690 5548 Καὶ

2099 5600 2294 5664 ταῦτα,
2327 5597 2515 5668 φησὶν,
2543 5596 2644 5649 οὑκ
2670 5592 2750 5647 ένι
2792 5592 2989 5653 εἰπεῖν,
3021 5589 3105 5643 ὅτι
3136 5584 3304 5640 πολὺν
3341 5584 3535 5657 χρόνον
3586 5584 3689 5637 ἀνα

2100 5690 2418 5762 εμείναμεν,
2449 5684 2585 5739 ἀλλά
2614 5681 2772 5751 Πρὸς
2789 5679 3019 5749 καιρὸν,
3048 5677 3144 5732 καὶ
3171 5673 3330 5730 τοῦτο
3359 5674 3688 5762 Προσιύπῳ,

2100 5756 2172 5834 οὐ
2206 5756 2447 5847 καρδίᾳ·
2473 5775 2559 5828 ἀεὶ
2587 5774 2696 5844 γὰρ
2726 5771 2869 5843 ὑμᾶς
2896 5769 3092 5840 ἔχομεν
3120 5767 3180 5820 ἐν
3207 5768 3276 5835 τῇ
3292 5764 3521 5836 διανοίᾳ.
3541 5756 3693 5831 ὀρχ

2100 5870 2199 5936 ὅση
2221 5865 2409 5935 ἀγάπη
2426 5880 2441 5895 ο
2463 5860 2639 5917 καίτοι
2664 5858 2802 5931 έχων
2831 5858 3030 5919 αὐτοὺς
3052 5853 3348 5923 διαπαντὸς
3376 5854 3433 5905 ἐν
3463 5848 3681 5936 καρδίᾳ,

2106 5932 2199 6010 καῖ
2220 5953 2318 6024 τὴν
2344 5932 2463 6005 κατ’
2487 5949 2609 6021 ὄψιν
2641 5947 2823 6021 ἐζήτει
2851 5944 3175 6020 παρουσίαν.
3199 5942 3294 6012 Μή
3318 5954 3407 6010 μοι
3434 5935 3558 6006 λέγε
3580 5932 3679 6004 τὴν
