4140 6492
407 380 511 437 409

400 489 466 545 ad
497 488 824 557 Corinthios,
860 503 955 560 per
981 487 1113 544 alios
1140 501 1261 543 cum
1284 487 1363 544 eis
1392 503 1635 554 versans,
1663 503 1784 543 cum
1819 505 1912 559 per
1941 505 2001 546 se

399 597 506 637 non
539 590 723 653 posset
755 597 769 636 :
799 591 916 636 erat
963 581 1106 635 enim
1138 595 1326 634 amans
1375 579 1557 635 furore
1598 587 1884 650 correptus
1906 622 1919 646 ,
1948 590 2002 635 et

396 674 558 744 cujus
586 674 820 745 impetus
846 672 912 728 ad
933 671 1226 728 amicitiam
1253 671 1491 727 cohiberi
1522 686 1627 726 non
1656 681 1887 741 poterat.
1909 673 1997 728 18.

401 768 660 833 Quoniam
705 767 961 820 voluimus
1005 767 1175 819 venire
1223 763 1292 818 ad
1320 781 1427 819 vos.
1477 763 1628 832 Quod
1671 764 1887 834 quidem
1917 773 2001 820 est

395 858 724 914 dilectionis.
757 858 1006 925 Etiamsi,
1039 857 1233 927 inquit,
1264 857 1409 912 nullo
1437 857 1542 911 alio
1572 857 1702 910 mihi
1729 871 1865 926 Opus
1893 865 1992 918 est,

396 966 557 1020 quam
585 959 644 1005 ut
673 967 770 1006 vos
798 950 1098 1005 videmnus.
1127 948 1238 1019 Ego
1263 949 1468 1019 quidem
1512 947 1710 1003 Paulus
1728 991 1743 1015 ,
1769 959 1816 1002 et
1846 948 1998 1002 semel

397 1053 442 1097 et
464 1044 684 1107 iterum;
712 1043 802 1098 sed
845 1042 1109 1113 impedivit
1139 1058 1231 1096 nos
1257 1051 1483 1096 satanas.

467 1136 523 1191 3.
563 1136 700 1204 Quid
730 1135 1148 1192 dicis?Satanas
1190 1135 1440 1205 impedit?
1469 1133 1628 1189 Certe
1660 1148 1810 1188 :non
1843 1133 1987 1188 enim

399 1225 501 1282 hoc
528 1236 645 1282 erat
673 1241 811 1298 Opus
837 1226 953 1281 Dei.
983 1225 1064 1281 Ad
1094 1224 1371 1281 Romanos
1415 1225 1630 1296 quidem
1662 1224 1794 1281 dicit
1824 1225 1991 1280 Deum

399 1319 737 1392 prohibuisse
767 1320 942 1393 (Rom.
976 1322 1064 1377 15.
1092 1319 1222 1389 22);
1254 1328 1308 1375 et
1330 1319 1456 1374 alibi
1484 1319 1610 1374 dicit
1651 1319 1840 1382 Lucas,
1871 1318 1995 1387 Spi-

395 1412 532 1467 ritus
563 1411 836 1481 prohibuit
887 1413 1032 1484 ipsos
1077 1412 1264 1466 venire
1308 1411 1361 1466 iu
1403 1411 1587 1467 Asiam
1617 1409 1874 1482 (Act.16.
1902 1410 1992 1482 6);

394 1503 687 1559 Corinthiis
716 1514 896 1560 autem
933 1503 1063 1559 dicit
1091 1518 1228 1576 opus
1257 1517 1380 1559 esse
1409 1503 1632 1571 spiritus
1662 1519 1673 1555 :
1700 1501 1788 1557 hic
1816 1512 1991 1556 autem

393 1596 569 1651 solum
616 1606 837 1652 satanae.
885 1596 1184 1664 Quamnam
1215 1605 1393 1652 autem
1423 1595 1554 1650 dicit
1601 1595 1764 1650 fuisse
1791 1603 1994 1650 satana;

393 1686 816 1744 cohibitionem?
845 1688 1245 1758 lnexspectatas
1272 1687 1534 1758 quasdam
1564 1696 1618 1742 et
1649 1686 1995 1742 vehementes

398 1781 741 1837 tentationes.
772 1781 902 1836 Nam
931 1798 1053 1837 cum
1096 1782 1146 1838 ei
1190 1781 1419 1838 fuissent
1444 1791 1663 1837 structae
1707 1798 1738 1836 a
1793 1780 1993 1836 Iudaeis

396 1872 606 1928 insidia:
654 1875 791 1944 (Act.
835 1874 924 1930 20.
970 1874 1048 1946 5),
1097 1883 1343 1931 retentus
1395 1883 1478 1930 est
1527 1876 1578 1929 in
1619 1874 1844 1930 llellade
1883 1883 1994 1927 tres

396 1980 632 2021 menses.
685 1966 842 2021 Aliud
875 1975 1054 2022 autem
1079 1976 1164 2022 est
1208 1977 1360 2023 certo
1412 1967 1641 2024 consilio
1676 1975 1730 2022 et
1777 1976 1994 2037 prepter

396 2057 851 2125 dispensationem
901 2074 1138 2126 manere,
1192 2069 1246 2115 et
1287 2075 1381 2114 sua
1413 2069 1637 2131 sponte;
1669 2058 1810 2114 aliud
1838 2058 1991 2114 cohi-

397 2147 533 2202 beri.
563 2148 694 2204 Nam
725 2150 834 2206 illic
864 2151 1079 2221 quidem
1111 2153 1260 2219 dicit,
1292 2153 1464 2220 Quare
1506 2169 1607 2208 non
1654 2153 1877 2223 amplius
1916 2153 1993 2206 lo-

393 2256 510 2293 cum
532 2242 722 2297 habens
751 2244 804 2297 in
824 2245 903 2298 his
927 2245 1212 2315 regionibus
1233 2234 1410 2308 (Rom.
1447 2246 1535 2302 15.
1564 2245 1695 2318 25);
1727 2255 1800 2312 et,
1839 2243 1993 2300 Vobis

392 2350 626 2404 parcens,
658 2336 882 2390 nondum
910 2337 1021 2391 veni
1061 2337 1363 2392 Corinthum
1391 2332 1468 2401 (2.
1499 2338 1618 2393 Cor.
1655 2339 1705 2394 1.
1739 2338 1836 2408 9.3)
1867 2356 1879 2391 :
1907 2337 1992 2392 hic

390 2438 570 2481 autem
599 2427 729 2482 nihil
757 2429 896 2496 tale;
947 2429 1042 2485 scd
1090 2429 1262 2500 quid?
1294 2430 1523 2485 Satanas
1561 2431 1845 2500 impedivit.
1877 2428 1990 2500 Ego

390 2520 595 2590 quidem
637 2521 860 2590 Paulus,
892 2533 938 2577 et
964 2525 1119 2578 semel
1134 2533 1179 2578 et
1211 2524 1306 2578 bis.
1339 2524 1472 2580 Vide
1507 2536 1766 2594 quantum
1793 2525 1991 2595 gloria-

392 2623 498 2681 tur,
521 2614 703 2670 volens
719 2616 1003 2671 ostendere
1023 2631 1081 2670 se
1104 2630 1199 2670 eos
1217 2617 1450 2671 maxime
1475 2617 1714 2670 omnium
1741 2617 1987 2684 diligere.

391 2704 504 2775 Ego
530 2707 729 2775 quidem
760 2707 996 2773 Paulus;
1037 2723 1101 2762 ac
1130 2710 1174 2764 si
1210 2708 1413 2766 diceret
1450 2729 1462 2765 :
1497 2709 1611 2763 Etsi
1643 2725 1748 2764 non
1781 2708 1890 2764 alii.
1923 2708 1992 2764 Et

392 2797 466 2851 illi
496 2799 712 2868 quidem
753 2799 1010 2855 volebant
1057 2811 1287 2868 tantum,
1335 2816 1437 2872 ego
1476 2810 1656 2856 autem
1705 2815 1989 2871 aggressus

389 2907 531 2946 sunt.
562 2892 648 2947 19.
689 2893 816 2960 Quae
844 2903 914 2948 est
941 2895 1075 2947 enim
1107 2905 1279 2949 nostra
1308 2912 1444 2963 spes,
1482 2903 1571 2947 aut
1603 2894 1868 2965 gaudium,
1900 2902 1990 2947 aut

389 3000 579 3037 corona
598 2985 777 3056 gloria:
795 2986 820 3038 ?
845 2983 1034 3039 Nonne
1061 3003 1147 3041 vos
1176 2997 1296 3041 ante
1325 2987 1600 3041 Dominum
1627 2996 1858 3040 nostrum
1892 2984 1990 3040 Je-

388 3092 502 3128 sunt
530 3075 784 3130 Christum
813 3079 930 3131 estis
961 3079 1012 3132 in
1041 3075 1259 3132 adventu
1287 3081 1435 3150 ejus?
1482 3079 1804 3134 Macedones
1841 3089 1984 3146 sunt,

388 3166 698 3236 dic,quarso,
725 3183 850 3238 spes
885 3180 992 3234 tua,
1041 3186 1074 3224 0
1103 3171 1259 3226 beate
1291 3172 1487 3227 Paule?
1532 3171 1650 3226 Non
1694 3172 1750 3235 ii,
1795 3171 1986 3241 inquit,

389 3261 492 3313 soli
522 3279 535 3312 :
573 3271 856 3329 propterea
884 3263 1182 3332 subjunxit,
1228 3265 1415 3319 Annon
1451 3282 1537 3320 vos
1565 3266 1799 3336 quoque?
1829 3265 1986 3331 Quie-

391 3367 511 3403 nam
541 3360 612 3405 est
640 3352 794 3416 enim,
827 3353 1018 3422 inquit,
1055 3355 1200 3408 nobis
1223 3373 1358 3424 spes,
1377 3367 1466 3409 aut
1486 3357 1752 3426 gaudium,
1782 3366 1871 3409 aut
1898 3372 1987 3409 co-

390 3459 518 3496 rona
541 3443 760 3512 gloriae?
788 3445 1159 3514 Agnoscitisne
1180 3447 1341 3502 verba
1372 3463 1490 3503 esse
1518 3448 1799 3502 mulierum
1830 3449 1990 3502 visce-

393 3535 540 3589 rihus
571 3535 727 3590 valde
770 3537 1231 3602 iucalescentium,
1262 3541 1598 3612 loquentium
1641 3556 1764 3594 cum
1817 3539 1991 3594 iulan-

393 3628 576 3683 tibus?
606 3627 673 3681 Et
702 3646 908 3695 corona,
942 3631 1126 3701 inquit,
1158 3634 1354 3702 gloriat.
1385 3633 1501 3688 Non
1530 3634 1988 3690 suiﬁciebatcnim

391 3736 611 3776 enroute
668 3738 864 3778 nomen
910 3723 978 3777 ad
1023 3725 1416 3780 ostendendum
1470 3725 1836 3795 Splendorem,
1894 3725 1990 3781 sed

387 3813 548 3868 etiam
576 3813 801 3882 addidit,
837 3814 1047 3870 Gloriaz.
1081 3817 1275 3884 Quanti
1305 3826 1388 3872 est
1420 3817 1521 3872 hoc
1544 3817 1783 3872 ardoris!
1817 3816 1987 3871 Num—

388 3921 548 3975 quam
581 3915 736 3976 pater
762 3917 814 3962 et
847 3917 1040 3973 mater,
1083 3910 1126 3964 si
1172 3911 1330 3965 simul
1359 3919 1544 3966 essent
1589 3910 1887 3980 congressi,
1935 3918 1992 3966 et.

389 4013 547 4053 suum
593 4000 937 4057 miscuissent
969 4002 1322 4071 desiderium,
1375 4004 1676 4074 potuissent
1703 4005 1992 4061 ostendere

385 4109 545 4148 suum
589 4094 916 4151 desiderium
967 4113 1034 4153 ex
1074 4113 1229 4168 aequo
1261 4099 1596 4169 respondens
1633 4099 1819 4154 Paulo.
1859 4098 1991 4160 Caus

391 4185 553 4253 dium,
585 4187 774 4258 inquit,
811 4199 859 4242 et
895 4205 1103 4243 corona.
1136 4190 1325 4260 Magis,
1379 4191 1570 4260 inquit,
1622 4191 1834 4246 exsulto
1863 4206 1992 4260 pro-

394 4287 510 4347 pter
539 4294 634 4335 vos
667 4296 828 4351 quam
880 4289 1104 4352 propter
1130 4297 1411 4338 coronam.
1444 4284 1631 4354 Cogita
1659 4285 1801 4338 enim
1831 4300 1992 4353 quan-

391 4380 504 4426 tum
536 4372 608 4428 sit
635 4374 897 4445 integram
929 4375 1124 4431 adesse
1151 4374 1471 4442 Ecclesiam,
1503 4391 1671 4445 quaea
1697 4375 1862 4429 Paulo
1893 4375 1994 4430 fuit

393 4466 653 4536 plantam,
679 4475 734 4521 et
762 4468 872 4537 egit
901 4467 1113 4523 radices
1150 4488 1162 4523 :
1193 4468 1313 4538 quis
1359 4483 1465 4523 non
1509 4468 1745 4523 exsultet
1773 4477 1992 4537 propter

394 4567 501 4612 tam
532 4559 727 4614 bonam
757 4567 813 4615 et
839 4575 1183 4632 numerosam
1211 4561 1452 4630 prolem?
1481 4560 1843 4627 Quamobrem
1890 4577 1992 4616 nec

393 4650 497 4704 hoc
527 4661 608 4705 cst
660 4651 1004 4708 adulationis.
1056 4652 1174 4708 Non
1219 4653 1355 4707 dixit
1405 4655 1546 4708 enim
1598 4664 1822 4721 tantum,
1859 4654 1987 4722 Vos,

392 4746 512 4808 sed,
543 4745 650 4800 Vos
679 4761 798 4802 cum
825 4747 963 4802 aliis.
987 4747 1079 4803 20.
1120 4746 1222 4801 Vos
1246 4748 1380 4801 enim
1405 4749 1523 4802 estis
1552 4748 1715 4817 gloria
1737 4759 1910 4802 nostra
1944 4756 1992 4802 et

392 4835 660 4907 gaudium.
716 4836 882 4908 (Cap.
920 4838 999 4904 ὅ.)
1044 4839 1097 4892 1.
1146 4836 1366 4907 Propter
1417 4837 1552 4908 quod
1591 4854 1692 4891 non
1740 4838 1992 4892 sustinen-

391 4941 466 4984 tes
508 4929 752 4999 amplius,
809 4930 1003 5000 placuit
1087 4929 1230 4984 nobis
1281 4946 1540 4984 remanere
1591 4930 1800 4984 Athenis
1843 4931 1986 4984 solis.

393 5021 623 5089 Placuit,
655 5023 705 5077 id
733 5033 836 5089 est,
866 5023 1157 5094 Elegimus.
1188 5022 1245 5076 ‘2.
1281 5022 1348 5076 Et
1399 5023 1628 5076 misimus
1676 5021 1990 5076 Timotheum

393 5119 602 5186 fratrem
676 5126 903 5170 nostrum
929 5157 944 5181 ,
1003 5127 1052 5170 et
1100 5117 1391 5170 ministrum
1457 5116 1555 5170 Dei
1609 5116 1664 5170 in
1731 5117 1990 5186 evangelio

390 5210 600 5266 Christi.
633 5210 703 5266 Et
731 5209 832 5266 hoc
864 5209 1017 5276 dicit,
1051 5227 1157 5264 non
1183 5210 1527 5266 Timotheum
1570 5210 1860 5277 extollens,
1894 5209 1989 5266 sed

393 5303 538 5372 ipsos
560 5302 856 5367 honorans,
888 5311 946 5357 ut
976 5303 1066 5372 qui
1097 5301 1398 5373 adjutorem
1413 5312 1467 5358 et
1495 5301 1798 5356 ministrum
1827 5316 1992 5356 evan-

389 5395 513 5466 gelii
546 5396 752 5451 miserit
783 5397 945 5465 ipsis;
990 5396 1141 5466 quasi
1170 5396 1391 5461 diceret,
1427 5395 1682 5449 Avulsum
1714 5395 1782 5449 ab
1811 5393 1989 5465 operi-

389 5491 488 5547 bus
515 5492 762 5544 misimus
786 5489 850 5545 ad
884 5505 980 5545 vos
1007 5490 1312 5544 ministrum
1344 5489 1458 5552 Dei,
1485 5498 1541 5543 et
1561 5489 1860 5559 adjutorem
1892 5506 1990 5543 no-

388 5593 560 5635 strum
612 5581 664 5635 in
718 5581 998 5651 evangelio
1049 5580 1269 5636 ChriSti.
1325 5581 1461 5635 Tum
1514 5596 1730 5636 causam
1787 5581 1983 5636 addit:

390 5673 472 5727 Ad
493 5673 876 5741 conﬁrmandos
905 5689 990 5726 vos
1011 5683 1056 5726 et
1083 5672 1429 5727 cxhortandos
1455 5690 1542 5727 ros
1571 5689 1663 5739 pro
1681 5673 1782 5742 [ide
1804 5683 1986 5739 vestra,

389 5766 444 5822 3.
475 5775 528 5818 ut
565 5745 710 5819 nemo
740 5772 996 5818 moveatur
1024 5765 1075 5816 in
1107 5762 1523 5818 tribulationibus
1550 5765 1681 5818 istis.
1717 5763 1854 5831 Quid
1885 5780 1986 5820 auo

390 5866 499 5917 tam
528 5856 614 5914 hic
640 5857 804 5914 dicit?
830 5854 1092 5925 Quoniam
1115 5855 1489 5928 magistrorum
1513 5856 1832 5914 tentat‘ioncs
1855 5871 1985 5917 ρους

1226 369 1293 427 ΙΝ
1333 370 1546 429 EPIST.
1590 371 1620 426 1·
1673 372 1764 428 AD
1804 371 2133 430 TllESSAL.
2176 376 2330 434 CAP.
2373 377 2460 434 ill.
2502 379 2728 444 HOMIL.
2776 383 2866 440 Ill.

3604 349 3712 458 m'

2114 491 2332 549 turbant
2381 494 2706 567 discipulos;
2743 501 2833 555 ille
2858 509 3040 558 autem
3078 511 3203 559 tunc
3235 505 3290 561 in
3332 513 3532 568 multas
3574 515 3709 570 inci-

2110 583 2262 640 derat
2291 591 2632 658 tentationes,
2669 603 2726 648 ut
2754 603 2804 649 et
2837 595 2949 665 ipse
2975 597 3122 666 dicit,
3149 597 3423 670 [inpedivit
3453 621 3544 658 nos
3567 618 3706 662 sata-

2108 693 2234 743 nas;
2263 678 2410 749 ipsos
2441 699 2690 741 recreans
2739 688 2808 742 ita
2842 690 3090 760 loquutus
3132 703 3249 761 est;
3282 710 3343 751 ac
3380 698 3424 752 si
3453 699 3657 754 diceret
3691 723 3703 756 :

2108 767 2175 823 Et
2220 773 2386 862 semel
2437 785 2490 830 et
2539 776 2620 832 bis
2671 779 2813 834 volui
2859 783 3065 850 venire,
3117 793 3309 841 etnon
3347 789 3498 859 potui
3527 793 3705 862 :quod

2106 861 2320 931 quidem
2337 882 2541 937 magna:
2558 879 2674 925 erat
2687 873 3286 935 violentimNerisimile
3302 892 3480 936 autem
3501 861 3708 940 esthoc

2105 969 2200 1010 eos
2227 958 2600 1016 conturbasse.
2633 962 2746 1017 Non
2789 973 2893 1018 tam
2937 968 3079 1022 enim
3125 971 3236 1025 suis
3262 971 3508 1043 discipuli
3539 991 3700 1045 quam

2105 1048 2486 1118 magistrorum
2542 1056 2941 1112 conturbantur
3007 1064 3393 1120 tentationibus
3455 1084 3468 1120 :
3527 1085 3702 1140 neque

2103 1139 2245 1194 enim
2301 1143 2456 1198 nziles
2511 1145 2648 1201 adeo
2700 1149 2811 1203 suis
2866 1151 3220 1209 conturbatur
3275 1139 3699 1226 tentationibus.

2103 1243 2161 1288 ut
2208 1237 2423 1304 quando
2473 1239 2667 1296 viderit
2713 1244 3012 1300 sauciatum
3061 1246 3252 1303 ducem
3301 1253 3588 1308 exercitus.
3618 1255 3700 1308 Ad

2101 1328 2480 1398 conﬁrmandos
2529 1349 2650 1398 vos,
2702 1335 2895 1406 inquit.
2929 1337 3072 1409 Ergo
3124 1349 3182 1394 ut
3237 1356 3311 1396 ne.
3357 1343 3703 1400 turbarentur

2101 1423 2268 1487 misit,
2298 1439 2404 1480 non
2463 1434 2732 1497 tamquam
2783 1431 2980 1500 quibus
3031 1433 3155 1489 ﬁdei
3216 1435 3429 1493 deesset
3478 1439 3702 1510 aliquid,

2100 1529 2275 1583 neque
2312 1525 2373 1571 ut
2417 1519 2508 1588 qui
2551 1520 2813 1578 deberent
2860 1523 3059 1593 aliquid
3108 1525 3340 1584 discere.
3387 1528 3461 1584 Et
3513 1532 3703 1589 exhorr

2099 1606 2282 1662 tandos
2308 1623 2395 1662 vos
2425 1627 2518 1680 pro
2556 1612 2661 1682 ﬁde
2707 1625 2870 1669 vestra
2890 1657 2906 1684 ,
2938 1627 2993 1670 ut
3022 1635 3170 1674 nemo
3206 1632 3466 1676 moveatur
3507 1625 3562 1678 in
3607 1626 3704 1678 tri.-

2099 1700 2442 1756 bulationibus
2484 1703 2594 1783 istis
2617 1720 2634 1758 :
2661 1706 2762 1775 ipsi
2786 1708 2918 1761 enim
2946 1709 3086 1764 scitis
3130 1711 3268 1782 quod
3311 1713 3362 1768 in
3413 1715 3508 1768 hoc
3545 1717 3704 1786 positi

2098 1809 2293 1847 sumus.
2318 1794 2372 1848 4.
2411 1793 2551 1848 Nam
2577 1806 2625 1850 et
2664 1814 2780 1851 cum
2809 1799 2952 1866 apud
2990 1817 3079 1856 vos
3109 1818 3354 1870 essemus,
3386 1807 3702 1875 praediceba-

2099 1901 2211 1940 nms
2232 1885 2390 1950 vobis,
2425 1904 2665 1958 passuros
2714 1907 2804 1944 nos
2846 1891 3222 1962 tribulationes,
3250 1895 3378 1950 sicut
3408 1905 3454 1950 et
3509 1900 3720 1969 factum.

2098 1986 2187 2041 cst,
2223 1987 2271 2032 et
2315 1980 2476 2034 scitis.
2509 1980 2623 2037 Non
2651 1991 2885 2052 Oportet,
2921 1985 3130 2055 inquit,
3177 1987 3492 2043 conturbari
3523 2007 3536 2042 :
3564 1989 3698 2045 nihil

2095 2069 2238 2122 enim
2264 2084 2462 2125 novum
2495 2088 2666 2143 neque
2689 2083 2884 2143 praeter
2903 2077 3260 2145 spemaceidit
3278 2095 3292 2131 :
3311 2079 3456 2150 quod
3479 2081 3695 2152 quidem

2096 2159 2226 2215 satis
2255 2171 2373 2216 erat
2399 2163 2466 2217 ad
2496 2163 2642 2233 ipsos
2669 2166 3008 2222 excitandos.
3039 2168 3203 2225 Vides
3241 2172 3380 2240 quod
3413 2183 3699 2243 propterea

2095 2251 2596 2328 Christus-quoque
2629 2259 2958 2327 pr:edicebat
3003 2259 3326 2332 discipulis?
3375 2265 3500 2320 audi
3551 2267 3727 2323 enim.

2095 2363 2216 2403 eum
2244 2348 2510 2404 dicentem
2547 2369 2559 2404 :
2585 2349 2655 2404 Et
2681 2369 2814 2406 nunc
2845 2352 2954 2408 dixi
3001 2355 3145 2424 prius
3171 2372 3322 2424 quam
3345 2357 3457 2426 ﬁat,
3485 2367 3542 2412 ut
3587 2375 3724 2416 cum.

2095 2445 2288 2511 factum
2338 2443 2492 2512 fuerit
2539 2444 2760 2498 credatis
2808 2444 2988 2511 (Joan.
3026 2447 3114 2502 14.
3149 2446 3266 2518 29).
3310 2447 3703 2520 Magnaenim.

2096 2547 2286 2602 magna
2331 2549 2420 2588 res
2465 2534 2653 2590 estad
2704 2535 2930 2591 aliorum
2981 2537 3434 2608 consolationem,
3485 2539 3704 2598 audisse

2095 2637 2214 2691 qua:
2239 2622 2372 2678 ﬁunt
2394 2638 2423 2676 a
2448 2625 2742 2694 magistris.
2777 2625 2928 2681 Sicut
2954 2629 3099 2682 enim
3130 2623 3423 2698 aegrotans,
3448 2633 3706 2688 siamee

2093 2711 2217 2768 dico
2243 2714 2512 2770 audiverit
2539 2715 2682 2786 quod
2718 2716 2819 2773 hoc
2848 2716 2936 2771 ﬁat
2967 2727 3022 2772 et
3051 2717 3182 2774 illud
3208 2761 3223 2784 ,
3253 2735 3362 2775 non
3389 2722 3544 2776 valde
3570 2738 3733 2782 con-.

2097 2809 2372 2871 turbatur;
2406 2808 2487 2862 sin
2533 2817 2713 2863 autem
2755 2825 2822 2864 ex
2874 2810 3155 2879 inopinato
3199 2811 3402 2882 aliquid
3432 2817 3707 2878 evenerit,-

2094 2913 2218 2954 cum
2243 2909 2299 2955 et
2328 2901 2417 2956 ille
2445 2899 2641 2956 dubius
2669 2902 2739 2957 sit
2765 2918 2830 2958 ac
2854 2904 3166 2974 perplexas,
3198 2913 3254 2960 et
3277 2905 3498 2961 morbus
3525 2917 3697 2960 artem
3729 2948 3733 2953 .

2094 3001 2332 3062 superet,
2391 2993 2604 3048 tristitia
2650 2995 2882 3050 afﬁcitur
2923 3005 2978 3051 et
3029 2999 3382 3054 conturbatur
3426 3017 3440 3053 :
3497 3000 3566 3053 ita
3613 2999 3702 3056 hic

2092 3098 2327 3154 quoque.
2356 3084 2486 3150 Quae
2510 3086 2800 3155 praesciens
2828 3087 3046 3152 Paulus,
3072 3089 3323 3159 praedixit
3355 3091 3434 3146 eis
3463 3090 3721 3146 futurum.

2094 3187 2151 3231 ut
2171 3176 2562 3248 afﬂigerentur,
2595 3178 2762 3244 Sicut,
2810 3179 3005 3249 inquit,
3033 3191 3081 3235 et
3111 3186 3302 3252 factum
3333 3192 3428 3249 est,
3461 3193 3505 3236 et
3533 3184 3695 3238 scitis.

2093 3269 2208 3324 Non
2257 3270 2399 3340 quod
2456 3271 2558 3325 hoc
2613 3271 2814 3327 factum
2871 3273 2940 3327 sit
2989 3274 3166 3328 solum
3216 3273 3367 3341 dicit,
3417 3274 3513 3329 sed
3553 3277 3698 3345 quod

2095 3363 2260 3416 multa
2288 3362 2639 3432 praedixerit,
2668 3373 2721 3419 et
2751 3365 3051 3420 evenerint.
3077 3365 3142 3420 In
3188 3366 3283 3420 hoc
3323 3367 3474 3436 positi
3498 3384 3693 3422 sumus.

2093 3455 2458 3520 Quamobrem
2509 3470 2615 3510 non
2667 3457 2840 3511 solum
2872 3457 2943 3512 de
2988 3458 3275 3529 prarteritis
3327 3473 3430 3512 non
3484 3468 3699 3527 Oportet

2093 3544 2397 3612 perturbari
2429 3560 2603 3615 neque
2633 3546 2912 3611 confundi,
2948 3547 3042 3600 sed
3091 3563 3265 3617 neque
3294 3547 3362 3602 de
3399 3547 3611 3614 futuris,
3643 3551 3722 3607 si.

2095 3637 2200 3691 tale
2227 3637 2353 3708 quid
2379 3639 2685 3709 contigerit.
2721 3638 2785 3693 In
2811 3640 2906 3693 hoc
2933 3641 3066 3694 enim
3095 3641 3244 3710 positi
3265 3657 3457 3695 smnus.

2165 3729 2218 3782 4.
2261 3729 2558 3784 Audiamus
2589 3731 2784 3800 quibus
2815 3741 2939 3786 sunt
2960 3747 3122 3787 aures
3152 3733 3216 3786 ad
3248 3733 3571 3788 audiendum
3599 3751 3611 3788 :
3637 3734 3694 3789 lu

2095 3818 2196 3874 hoc
2218 3821 2426 3891 positus
2451 3832 2530 3875 est
2555 3818 2912 3876 Christianus.
2940 3822 3074 3889 Hoc,
3109 3821 3175 3876 In
3199 3824 3292 3876 hoc
3315 3825 3465 3894 positi
3493 3841 3694 3886 sumus.

2094 3911 2161 3966 de
2187 3912 2439 3967 omnibus
2468 3912 2598 3967 dicit
2621 3913 2888 3969 ﬁdelibus.
2919 3915 2986 3968 In
3014 3915 3109 3968 hoc
3133 3915 3284 3986 positi
3308 3933 3502 3985 smnus,
3527 3927 3582 3972 et
3599 3934 3701 3974 nos.

2093 4005 2244 4075 quasi
2276 4005 2330 4059 in
2361 4006 2530 4060 otium
2552 4015 2604 4062 et
2636 4007 2878 4077 requiem
2920 4008 3088 4062 simus
3111 4008 3293 4077 positi,
3325 4009 3502 4064 alieno
3531 4011 3694 4066 modo

2093 4097 2380 4152 alﬁcimur.
2431 4099 2542 4153 lmo
2573 4114 2702 4154 vero
2750 4115 2982 4170 quanam
3010 4099 3078 4154 de
3107 4115 3268 4154 causa
3314 4102 3494 4156 alieno
3533 4105 3697 4157 modo

2093 4191 2399 4245 al’licimur?
2452 4206 2628 4260 neque
2676 4192 2821 4247 enim
2866 4201 3074 4260 tempus
3123 4191 3465 4258 alﬁictionis,
3521 4210 3696 4264 neque

2097 4283 2320 4336 tentatio
2352 4282 2710 4352 apprehendit
2749 4297 2848 4337 nos
2895 4283 2996 4336 nisi
3030 4282 3283 4336 humana.
3317 4282 3695 4353 Opportunum

2094 4383 2179 4430 est
2230 4373 2382 4429 vobis
2430 4389 2643 4444 quoque
2691 4373 2876 4429 dicere
2923 4390 2937 4428 :
2991 4372 3242 4427 Nondum
3282 4373 3350 4427 ad
3397 4377 3696 4446 sanguinem

2094 4483 2250 4536 usque
2273 4467 2524 4520 restitistis
2548 4476 2723 4520 contra
2749 4474 3010 4537 peccatum
3036 4466 3347 4521 decertantes
3376 4466 3575 4538 (Hebr.
3604 4469 3694 4524 1‘2.

2094 4559 2171 4628 4).
2207 4557 2316 4614 lmo
2346 4575 2413 4614 ne
2439 4569 2803 4629 opportunum
2832 4559 3051 4628 quidem
3076 4568 3160 4614 est
3190 4558 3292 4613 hoc
3316 4559 3692 4628 vobisdicere;

2095 4654 2190 4709 sed
2221 4653 2386 4724 quid?
2416 4653 2654 4712 nondum
2706 4653 2960 4723 pecunias
3011 4653 3359 4720 deSpexistis.
3410 4653 3544 4708 Nam
3594 4654 3697 4715 illis

2093 4747 2313 4818 quidem
2343 4748 2433 4818 qui
2465 4763 2560 4803 sua
2583 4749 2763 4803 omnia
2795 4746 3163 4816 perdiderant,
3187 4746 3384 4801 merito
3410 4745 3699 4802 [medice-

2095 4842 2328 4904 bantur;
2364 4840 2429 4895 iis
2450 4849 2629 4896 autem
2660 4840 2747 4910 qui
2777 4854 2873 4893 sua
2904 4838 3126 4905 habent,
3160 4838 3542 4904 hoc,_Cuiuam
3570 4850 3698 4892 sunt

2094 4941 2262 5000 rapta:
2307 4932 2546 5001 pecuniae
2587 4940 2808 5006 propter
2837 4929 3148 4987 Christum?
3177 4930 3432 4987 cuisunt
3478 4932 3698 5001 impacti

2094 5023 2348 5091 Culaphi?
2398 5023 2520 5091 quis
2565 5015 2896 5077 Contumelia
2949 5021 3177 5077 affectus
3228 5022 3346 5075 est?
3403 5037 3572 5092 usque
3627 5023 3695 5076 ad

2094 5116 2294 5181 verba,
2352 5117 2594 5184 inquam.
2653 5113 2934 5169 Undenam
2977 5124 3060 5170 est
3102 5115 3393 5186 gloriatio?
3424 5115 3695 5170 undeuam

2097 5217 2248 5277 potes
2287 5207 2487 5262 habere
2531 5205 2823 5262 ﬁduciam?
2851 5207 2983 5262 Tam
3008 5209 3173 5263 multa
3204 5223 3394 5279 passus
3419 5219 3500 5262 est
3539 5207 3698 5264 Chri-

2095 5309 2211 5354 stus
2241 5307 2461 5369 propter
2493 5312 2591 5352 nos
2615 5300 2705 5369 qui
2738 5314 2954 5355 eramus
3000 5301 3205 5355 inimici
3239 5320 3252 5356 :
3283 5300 3538 5372 quidnam
3573 5315 3699 5370 pos-

2095 5407 2283 5445 sumus
2321 5390 2606 5446 ostendere
2636 5391 2777 5461 quod
2825 5403 3046 5462 propter
3094 5394 3268 5463 ipsum
3301 5395 3442 5464 passi
3484 5393 3698 5450 simus?

2094 5481 2248 5549 Quod
2268 5483 2406 5552 passi
2433 5481 2650 5552 quidem
2672 5496 2859 5536 sumus
2886 5483 3018 5537 nihil
3047 5494 3129 5538 est
3154 5502 3169 5549 ;
3200 5494 3326 5539 sunt
3351 5496 3530 5541 autem
3555 5486 3696 5542 bona

2095 5571 2504 5628 innumerabilia
2548 5573 2742 5642 quibus
2787 5573 2855 5628 ab
2905 5573 3024 5643 ipso
3053 5575 3364 5631 ‘ai‘ﬁcimur.
3415 5577 3694 5633 Undenam

2093 5667 2192 5722 erit
2216 5665 2370 5721 nobis
2394 5665 2484 5721 illo
2509 5666 2599 5721 die
2626 5664 2861 5720 ﬁducia?
2885 5665 3114 5722 Nescitis
3134 5667 3273 5738 quod
3293 5669 3451 5724 miles
3480 5671 3696 5740 quando

2096 5761 2241 5816 mille
2286 5760 2469 5832 plagas
2496 5769 2550 5816 et
2593 5760 2822 5815 vulnera
2868 5760 3144 5827 ostendit,
3179 5770 3306 5816 tunc
3351 5765 3546 5831 poterit
3575 5780 3696 5821 esse

2098 5853 2319 5914 illustris
2347 5854 2487 5929 apud
2516 5855 2729 5927 regem?
2748 5855 2829 5913 sin
2855 5864 3034 5914 autem
3061 5855 3192 5917 nihil
3218 5856 3385 5927 possit
3408 5856 3716 5922 ostendero.
