4140 6496
475 333 571 388 ιιι

477 456 620 503 recte
645 454 701 503 et
725 446 933 502 fortiter
948 455 1179 517 gestum,
1203 445 1412 501 etiamsi
1433 446 1562 500 nihil
1588 445 1890 510 oli‘enderit,
1915 446 2054 498 inter

475 548 744 592 extremos
771 536 1161 592 collocabitur?
1188 539 1256 592 At
1303 553 1409 593 non
1452 547 1554 600 est,
1584 538 1810 607 inquies,
1846 546 2057 606 tempus

479 629 623 683 belli.
667 627 801 683 Nam
852 628 895 683 si
938 638 1100 693 esset,
1155 628 1260 694 dic,
1290 642 1492 697 quaeso,
1539 627 1660 696 quis
1686 626 2057 683 decertasset?

477 719 599 787 quis
626 717 693 770 ad
724 732 951 786 pugnam
982 715 1336 787 prosiliisset?
1378 717 1498 787 quis
1544 716 1861 786 phalangem
1892 715 2058 773 fudis-

476 810 597 864 set?
643 809 893 866 Fortasse
929 810 1109 865 nullus
1153 828 1166 863 :
1210 825 1332 866 nam
1379 825 1502 865 cum
1533 809 1688 864 video
1740 817 1793 863 te
1840 817 2057 878 pr0pter

474 902 745 961 Christum
774 903 1028 971 pecunias
1060 918 1165 956 non
1208 902 1486 972 despicere
1506 944 1519 967 ,
1551 900 1820 971 quomodo
1841 900 2053 955 credam

475 995 708 1049 futurum
740 1002 799 1045 ut
840 992 1024 1070 plagas
1072 993 1369 1063 chpicias?
1417 993 1508 1046 Dic
1551 992 1718 1058 mihi,
1772 992 2055 1047 fortiterue

476 1082 629 1139 fertis
661 1096 757 1136 eos
784 1082 873 1152 qui
912 1083 1111 1152 probro
1146 1092 1200 1138 et
1236 1083 1559 1139 contumelia
1584 1098 1679 1138 vos
1717 1082 1976 1147 afﬁciunt,
1999 1090 2055 1137 et

471 1175 551 1229 cis
577 1175 937 1231 benedicitis?
968 1175 1079 1229 [loc
1108 1191 1211 1229 non
1241 1175 1372 1230 facis
1393 1218 1408 1243 ,
1434 1185 1491 1233 sel
1521 1191 1627 1229 non
1655 1174 1863 1230 obedis.
1896 1174 2052 1243 Quod

474 1267 604 1321 nihil
635 1267 793 1322 habet
818 1267 1036 1337 periculi
1066 1283 1169 1321 non
1218 1267 1369 1332 facis,
1412 1276 1467 1322 et
1493 1268 1696 1336 plagas,
1724 1266 2042 1336 dic,qumso,

475 1363 637 1427 feres,
666 1362 719 1415 in
753 1362 948 1430 quibus
992 1361 1217 1414 multum
1245 1370 1327 1414 est
1355 1360 1583 1413 tristitiae
1609 1368 1662 1413 ct
1689 1358 1927 1413 doloris?
1949 1358 2053 1413 Ne-

472 1451 621 1506 scitis
647 1452 787 1520 quod
839 1454 890 1504 in
924 1466 1052 1520 pace
1090 1466 1149 1504 se
1191 1449 1256 1504 ad
1286 1450 1483 1503 bellum
1514 1458 1727 1519 oportet
1752 1447 2050 1503 exercere?

474 1558 578 1594 non
606 1542 798 1595 videtis
821 1540 919 1595 hos
948 1541 1166 1605 milites,
1190 1541 1277 1610 qui
1301 1540 1461 1594 etiam
1486 1540 1631 1594 nullo
1651 1548 1871 1609 urgente
1889 1539 2048 1605 bello,

470 1644 525 1686 et
552 1632 634 1693 vel
677 1632 728 1684 in
759 1645 967 1685 summa
1017 1646 1166 1699 pace,
1198 1631 1455 1685 abstersis
1502 1632 1687 1694 armis,
1720 1646 1841 1684 cum
1878 1630 2048 1698 magi-

469 1724 618 1785 stris,
642 1723 730 1793 qui
754 1732 962 1778 struere
991 1722 1160 1777 aciem
1189 1732 1244 1777 et
1267 1722 1483 1777 ordines
1513 1722 1781 1776 collocare
1817 1735 1911 1776 eos
1948 1721 2048 1775 do-

469 1823 610 1879 cent,
636 1816 686 1867 in
720 1822 964 1883 patentes
1015 1822 1071 1872 ct
1110 1814 1246 1869 latos
1290 1829 1509 1883 campos
1548 1812 1785 1883 quotidie
1817 1811 1927 1867 fere
1952 1827 2049 1866 ex-

469 1914 679 1973 euntes,
710 1920 826 1960 rem
851 1906 1140 1961 militarem
1173 1915 1427 1961 exercent
1455 1905 1897 1960 accuratissime?
1918 1903 2050 1972 Quis

469 1995 572 2050 hoc
602 1997 725 2050 facit
751 1996 978 2049 militum
1014 1997 1410 2065 spiritualium?
1440 1996 1648 2051 Nullus.
1678 1996 1971 2065 Pr0pterea
1995 1995 2046 2049 in

467 2088 625 2144 bellis
670 2086 865 2143 molles
895 2102 1078 2142 sumus
1106 2097 1159 2142 et
1190 2088 1384 2158 ignavi,
1429 2098 1483 2143 et
1524 2090 1592 2143 ab
1618 2088 1869 2144 omnibus
1895 2087 2049 2141 facile

468 2181 713 2251 capimur
732 2192 787 2239 et
804 2197 1193 2253 expugnamur.
1220 2184 1389 2251 Quam
1418 2183 1627 2238 hebetis
1653 2191 1831 2238 autem
1861 2190 1944 2235 est
1968 2181 2048 2234 in-

468 2273 633 2342 genii,
657 2275 963 2331 existimare
986 2291 1223 2344 praesens
1247 2286 1455 2345 tempus
1478 2292 1583 2331 non
1612 2291 1732 2331 esse
1757 2273 1905 2340 belli,
1923 2290 2045 2329 cum

470 2364 666 2420 clamet
696 2367 891 2422 Paulus
920 2385 934 2421 :
968 2366 1153 2423 Omnes
1186 2379 1356 2425 autem
1397 2370 1484 2439 qui
1504 2371 1675 2423 volunt
1715 2371 1795 2437 pie
1818 2369 1975 2424 vivere
1993 2368 2046 2421 in

468 2456 666 2511 Christo
693 2456 837 2522 Jesu,
863 2461 1289 2528 persequutionem
1317 2461 1561 2530 patientur
1579 2457 1663 2529 (2.
1691 2459 1820 2513 Tim.
1851 2461 1904 2516 3.
1931 2459 2042 2529 12);

468 2556 521 2601 et
541 2549 679 2603 dicat
705 2549 964 2616 Christus,
984 2550 1051 2605 In
1071 2552 1259 2609 mundo
1274 2553 1587 2622 aﬂlictionem
1604 2552 1844 2606 habebitis
1864 2551 2041 2622 (Joan.

468 2640 555 2694 16.
581 2641 674 2704 55)
699 2657 713 2705 ;
743 2650 797 2695 ει
836 2657 1021 2697 rursus
1058 2642 1246 2697 beatus
1289 2644 1487 2699 Paulus
1517 2645 1659 2699 clara
1691 2660 1822 2700 voce
1851 2645 2047 2700 clamet

464 2740 514 2784 cl
550 2728 713 2795 dicat,
744 2730 867 2785 Non
908 2741 981 2786 est
1009 2733 1151 2789 nobis
1196 2735 1331 2788 lucta
1373 2741 1612 2793 adversus
1655 2737 1952 2804 sanguinem
1999 2745 2046 2790 et

464 2835 665 2881 carnem
688 2838 708 2886 ;
733 2831 789 2877 et
817 2838 1021 2892 rursus,
1054 2823 1209 2879 Stetis
1232 2842 1349 2896 ergo
1376 2827 1618 2881 succincti
1644 2827 1837 2881 lumbos
1858 2838 2047 2882 vestros

465 2910 518 2964 in
545 2912 749 2965 veritate
774 2912 1005 2983 (Epltes.
1033 2914 1085 2969 6.
1120 2914 1207 2971 12.
1236 2916 1358 2985 14).
1392 2917 1457 2971 Ει
1486 2918 1662 2972 nullus
1690 2917 1781 2973 illo
1805 2929 2046 2989 tempore

465 3001 619 3063 dixit,
642 3002 780 3070 Quid
812 3019 910 3058 nos
944 3020 1140 3071 armas,
1168 3006 1488 3078 dic,qua.-so,
1531 3024 1651 3063 cum
1687 3025 1793 3063 non
1837 3011 1905 3063 sit
1933 3009 2047 3064 bel-

467 3092 622 3147 lum?
663 3110 762 3152 cur
791 3095 944 3151 nobis
986 3106 1187 3154 temere
1227 3101 1434 3170 negotia
1466 3100 1726 3158 exhibes?
1756 3102 1936 3155 loricis
1961 3102 2048 3155 in-

465 3185 586 3248 duis
610 3186 826 3253 milites,
854 3203 974 3246 cum
1013 3190 1291 3260 quiescere
1319 3191 1475 3247 liceat
1503 3202 1553 3247 et
1579 3197 1808 3248 recreari
1831 3194 1854 3246 ?
1874 3193 1966 3249 sed
1997 3205 2043 3249 st

465 3275 585 3344 quis
628 3277 742 3332 haec
780 3279 1023 3345 dixisset,
1071 3296 1389 3350 rcSponsum
1433 3283 1511 3338 illi
1552 3284 1737 3339 fuisset
1769 3302 1782 3338 :
1810 3284 2045 3341 Maxime

466 3367 702 3435 quidem,
752 3370 852 3423 etsi
894 3386 1000 3434 non
1040 3381 1183 3426 esset
1211 3372 1431 3440 bellum,
1482 3384 1755 3443 Oporteret
1791 3378 1858 3431 de
1903 3376 2043 3433 bello

465 3473 647 3519 curam
679 3475 869 3530 gerere
890 3470 945 3516 et
973 3462 1412 3518 sollicitudinem.
1459 3464 1589 3520 Nam
1618 3467 1704 3537 qui
1734 3468 1784 3521 in
1819 3483 1946 3537 pace
1975 3468 2043 3523 de

468 3550 653 3617 praelia
675 3560 757 3605 est
782 3553 1061 3620 sollicitus,
1091 3556 1192 3607 erit
1219 3556 1467 3611 terribilis
1490 3558 1541 3612 in
1563 3569 1802 3627 tempore
1832 3559 1997 3628 praelii
2025 3578 2038 3614 :

464 3643 552 3710 qui
583 3651 759 3698 autem
787 3652 870 3698 est
910 3645 983 3700 rei
1023 3645 1228 3703 bellicae
1276 3647 1573 3716 imperitus,
1616 3651 1776 3703 etiam
1818 3648 1870 3704 in
1914 3667 2042 3721 pace

467 3736 635 3805 magis
680 3737 1107 3792 conturbabitur.
1158 3740 1555 3805 Quamobrem?
1588 3744 1849 3810 Quoniam
1895 3743 2043 3805 ﬂebit

467 3841 564 3893 pro
592 3824 655 3879 iis
681 3842 800 3896 qtae
839 3827 1018 3894 habet,
1049 3837 1102 3882 et
1137 3831 1347 3887 tristitia
1388 3832 1651 3891 afﬁcietur
1679 3835 1818 3903 quod
1850 3851 1947 3905 pro
1975 3837 2040 3891 iis

467 3931 576 3970 non
612 3915 781 3983 possit
808 3932 1062 3985 pugnare.
1093 3919 1285 3981 Timidi
1313 3922 1454 3977 enim
1484 3932 1536 3977 et
1579 3923 1811 3993 imperiti
1843 3936 1894 3981 et
1938 3942 2038 3995 pu-

465 4022 583 4075 gna:
609 4007 931 4075 ignari’bona
950 4018 1002 4064 et
1033 4013 1395 4078 possessiones
1418 4023 1541 4069 sunt
1569 4016 1805 4071 omnium
1826 4016 2039 4073 fortium

465 4106 519 4154 ct
547 4097 636 4167 qui
659 4098 835 4152 sciunt
864 4100 1081 4155 bellare.
1109 4101 1467 4168 Quamobrem
1494 4113 1771 4175 propterea
1806 4109 2036 4179 primum

465 4203 558 4242 vos
581 4204 751 4243 armo.
775 4189 975 4245 Deinde
1001 4206 1128 4247 vero
1149 4192 1269 4247 belli
1298 4210 1506 4264 quoque
1533 4205 1736 4267 tempus
1757 4210 1839 4254 est
1871 4211 2039 4257 totum

464 4289 676 4349 tempus
716 4283 837 4336 vita:
869 4294 1089 4338 nostrm.
1118 4284 1398 4350 Quomodo
1424 4295 1478 4342 et
1516 4304 1743 4357 quanam
1787 4293 1990 4350 ratione
2017 4296 2041 4349 ?

460 4368 707 4426 imminet
728 4376 1210 4443 scmperdiabolus.
1233 4379 1367 4431 Audi
1401 4381 1524 4449 quid
1542 4382 1607 4436 de
1622 4382 1712 4437 illo
1727 4384 1867 4440 dicat
1890 4388 2039 4441 :Cir-

461 4464 794 4532 cuitrugiens
811 4474 866 4518 ut
887 4464 969 4520 leo
988 4467 1063 4538 (Ι.
1086 4466 1223 4520 Petr.
1244 4469 1390 4538 5.8),
1406 4472 1588 4527 volens
1611 4477 1711 4528 arri
1720 4491 1861 4543 perc.
1878 4477 2037 4531 Innu-

462 4554 746 4609 merabiles
791 4559 1034 4625 corporis
1072 4558 1382 4615 affectiones
1436 4579 1534 4617 nos
1584 4564 1860 4633 invadunt,
1906 4583 2039 4637 quas

461 4645 675 4715 quidem
705 4661 926 4702 necesse
943 4659 1024 4702 est
1046 4660 1344 4716 recensere,
1366 4670 1433 4707 ue
1455 4670 1553 4709 nos
1588 4666 1790 4712 temere
1807 4658 2038 4728 decipia-

460 4736 1351 4812 tnus.Quideuim,dic,qu:eso,uon
1371 4746 1644 4801 nobiscum
1663 4749 1858 4803 bellum
1876 4753 2038 4819 gerit?

460 4827 679 4892 divitia),
714 4830 1071 4898 pulchritudo,
1105 4833 1334 4902 delicim,
1382 4846 1637 4905 potestas,
1672 4841 1887 4904 invidia,
1917 4843 2035 4912 glo-

458 4917 559 4979 ria,
590 4923 912 4990 arrogantia.
944 4923 1058 4978 Non
1090 4926 1265 4980 solum
1288 4929 1431 4981 enim
1473 4939 1651 4983 nostra
1679 4931 1876 4988 bellum
1899 4935 2035 5003 gerit

456 5009 648 5078 gloria,
680 5013 972 5082 prohibens
996 5031 1061 5071 ne
1084 5033 1182 5071 nos
1208 5018 1549 5075 demittamus
1574 5023 1637 5077 ad
1659 5024 2032 5093 humilitatem,

456 5100 549 5154 sed
579 5101 805 5158 aliorum
827 5120 1039 5175 quoque
1076 5109 1244 5177 gloria
1274 5110 1507 5165 educens
1535 5128 1633 5168 nos
1661 5114 1724 5169 ad
1760 5116 2031 5172 invidiam.

453 5191 559 5248 Sed
592 5193 720 5262 quid
762 5197 1027 5252 contraria
1054 5240 1068 5262 ,
1102 5211 1403 5268 paupertas,
1451 5202 1763 5272 ignominia.
1806 5207 2028 5278 despici,

451 5281 636 5352 abjici,
683 5285 853 5339 nullas
896 5285 1094 5341 habere
1126 5289 1304 5344 vires?
1334 5290 1457 5346 llaec
1493 5295 1710 5362 quidem
1744 5296 1795 5350 in
1830 5298 1982 5353 nobis
2015 5316 2028 5353 :

452 5388 570 5439 utne
597 5383 777 5429 autem
804 5386 927 5441 sunt
953 5379 1018 5431 ab
1052 5376 1385 5448 hominibus,
1413 5385 1701 5451 pravitates
1725 5427 1740 5449 ,
1782 5387 1988 5444 insidia:
2013 5431 2031 5457 ,

452 5464 582 5533 doli,
606 5465 909 5532 calumnim,
938 5469 1611 5547 mille‘circumvcntiones.
1633 5474 1894 5533 Similiter
1911 5496 2029 5549 qua:

450 5564 575 5616 sunt
623 5571 654 5611 a
695 5556 1044 5627 dzemonibus,
1081 5563 1429 5634 principatus,
1478 5574 1802 5634 potestates,
1845 5570 2027 5626 mundi

450 5655 693 5708 rectores
718 5652 1055 5708 tenebrarum
1084 5655 1242 5725 hujus
1265 5657 1478 5723 saeculi,
1511 5658 1809 5727 spiritualia
1838 5662 2029 5732 nequi-

453 5737 557 5802 titut
596 5739 702 5808 Alii
723 5755 907 5806 sumus
938 5745 1199 5817 lactantes,
1219 5749 1306 5804 alii
1333 5749 1576 5809 dolentes
1603 5770 1616 5809 :
1648 5762 1874 5833 utraque
1901 5765 2024 5819 sunt

1179 330 1236 387 S.
1275 330 1547 387 JOANNIS
1582 330 2058 387 CHRYSOSTOMI
2097 330 2410 388 ARCHIEP.
2450 333 2980 397 CONSTANTINOP.

3644 356 3750 414 ΗΞ

2170 445 2476 505 declinatio.
2506 448 2610 507 Sed
2640 455 2861 522 sanitas,
2890 453 2986 509 sed
3014 455 3616 520 iniirmitas.Undenam
3640 484 3748 526 non

2166 539 2406 608 peccabit
2436 542 2744 612 quispiam?
2767 546 2939 601 Vultis
2968 558 3024 603 ut
3048 550 3196 606 etab
3226 552 3343 622 ipso
3370 555 3578 611 Adamo
3610 560 3744 619 inci-

2167 630 2337 698 piens,
2389 631 2563 687 dicam
2599 637 2777 689 statim
2821 638 2888 692 ab
2940 640 3133 694 initio?
3177 644 3305 713 quid
3355 650 3746 717 protoplastum

2163 722 2305 790 cepit
2334 732 2388 777 et
2414 729 2780 796 expugnavit?
2808 729 3067 800 Voluptas
3111 743 3165 788 et
3198 737 3302 793 cibi
3346 748 3401 794 ct
3450 741 3744 811 imperandi

2162 809 2512 870 desiderium.
2544 818 2681 883 Quid
2710 819 2851 875 illius
2881 822 3047 877 filium
3066 827 3155 896 qui
3182 843 3304 883 eum
3332 842 3414 884 est
3439 809 3698 903 sequutus
3721 839 3747 893 ?

2162 899 2359 957 Invidia
2387 914 2440 959 et
2468 906 2626 962 livor.
2668 910 2803 975 Quid
2832 927 2926 969 eos
2954 915 3044 984 qui
3074 916 3291 974 fuerunt
3320 899 3561 993 tempore
3588 927 3747 985 Noe?

2159 992 2453 1063 Corporum
2485 1000 2807 1069 voluptates,
2838 1012 2893 1059 et
2929 1021 3049 1076 qua:
3064 1023 3130 1062 ex
3152 1012 3232 1064 eis
3256 992 3553 1072 nascuntur
3575 1021 3741 1076 mala.

2160 1083 2296 1151 Quid
2325 1086 2442 1156 ejus
2486 1089 2689 1146 lilium?
2730 1093 3032 1154 Petulantia
3060 1108 3117 1155 et
3147 1102 3309 1157 nimia
3344 1105 3576 1163 licentia.
3605 1113 3742 1176 Quid

2160 1175 2505 1232 Sodomitas?
2531 1180 2723 1237 Libido
2767 1194 2823 1239 et
2870 1187 3123 1244 salacitas
3166 1201 3220 1246 et
3248 1208 3442 1263 panum
3468 1175 3737 1261 saturitas.

2158 1264 2309 1336 Strpe
2334 1278 2507 1324 autem
2540 1271 2641 1328 hoc
2686 1291 2897 1346 quoque
2945 1278 3073 1334 facit
3109 1295 3435 1353 paupertas:
3461 1301 3739 1359 propterea

2158 1355 2367 1414 dicebat
2410 1362 2624 1431 quidam
2668 1368 2883 1436 sapiens
2912 1388 2926 1424 :
2953 1369 3171 1428 Divitias
3213 1386 3261 1430 et
3301 1355 3649 1448 paupertatem
3678 1403 3741 1441 ne

2157 1449 2354 1503 dederis
2380 1453 2505 1506 mihi
2529 1453 2720 1524 (Prov.
2751 1460 2838 1514 30.
2864 1460 2961 1533 8).
2991 1461 3100 1517 [mo
3134 1481 3262 1521 vero
3291 1484 3390 1524 nec
3417 1470 3615 1528 divitia:
3640 1492 3740 1533 nec

2157 1548 2461 1607 paupertas,
2510 1545 2603 1599 sed
2629 1548 2769 1615 quod
2796 1549 2877 1605 his
2919 1553 3155 1623 utrisque
3182 1557 3257 1610 uti
3288 1574 3392 1614 non
3415 1564 3581 1630 possit
3607 1566 3737 1622 libe-

2156 1642 2271 1681 rum
2299 1630 2598 1690 arbitrium.
2631 1639 2874 1708 Agnosce,
2903 1643 3092 1715 inquit,
3122 1649 3259 1717 quod
3285 1655 3472 1709 transis
3498 1656 3550 1710 in
3572 1660 3738 1716 medio

2154 1717 2443 1788 laqueorum
2476 1724 2663 1794 (Eccli.
2695 1729 2748 1784 9.
2784 1731 2893 1803 18).

2223 1812 2277 1865 5.
2311 1815 2704 1874 Admirabiliter
2732 1822 2866 1877 dixit
2895 1825 3081 1881 beatus
3107 1828 3300 1887 Paulus
3327 1851 3341 1888 :
3364 1832 3431 1888 In
3454 1836 3547 1891 hoc
3579 1843 3737 1908 positi

2152 1916 2344 1958 sumus.
2377 1905 2490 1961 Non
2512 1909 2644 1965 dixit
2669 1913 2863 1980 solum,
2896 1916 3204 1988 Tentamur,
3231 1924 3345 1989 sed,
3373 1925 3442 1981 In
3466 1929 3561 1984 ltoc
3580 1905 3736 1999 positi

2152 2006 2362 2058 sumas;
2391 2011 2453 2051 ac
2475 1997 2523 2053 si
2546 2000 2768 2067 diceret,
2801 2006 2855 2059 In
2884 2006 2984 2063 hoc
3010 2012 3115 2065 nati
3149 2027 3350 2069 sumus.
3384 2017 3496 2073 Hoc
3524 2030 3607 2076 est
3632 2040 3725 2077 no-

2152 2092 2323 2138 strum
2359 2102 2552 2144 munus
2580 2101 2634 2145 et
2657 2094 2912 2164 officium,
2944 2098 3059 2154 haec
3097 2114 3180 2158 est
3206 2108 3310 2158 vita
3356 2119 3559 2178 nostra,
3591 2124 3643 2168 et
3675 2124 3730 2173 tu

2150 2174 2346 2240 quaeris
2383 2178 2652 2246 quietem?
2678 2182 2795 2239 Non
2826 2187 2987 2243 instat
3020 2190 3177 2247 lictor
3213 2194 3348 2252 latus
3388 2174 3641 2268 lacerans,
3671 2214 3725 2263 et

2150 2276 2346 2332 cogens
2370 2271 2698 2337 sacrificare;
2730 2277 2825 2332 sed
2856 2279 3019 2336 instat
3046 2285 3337 2344 vehemens
3369 2293 3599 2360 pecunia:
3623 2311 3722 2349 cu-

2152 2352 2343 2420 piditas
2367 2367 2420 2413 et
2445 2364 2687 2431 avaritia,
2717 2369 2872 2423 nobis
2899 2371 3158 2433 effodiens
3184 2352 3389 2439 oculos:
3415 2381 3598 2439 Nullus
3620 2388 3723 2441 mi-

2151 2442 2230 2499 les
2251 2447 2402 2504 nobis
2430 2457 2668 2511 accendit
2692 2474 2899 2529 rogum,
2925 2480 3022 2521 nec
3049 2482 3146 2522 nos
3176 2471 3400 2541 imponit
3424 2479 3724 2545 craticula;

2149 2536 2243 2590 sed
2284 2554 2566 2610 corporum
2607 2547 2955 2609 inﬂammatio
2983 2561 3151 2627 magis
3181 2578 3338 2632 quam
3371 2565 3456 2621 illa
3486 2550 3730 2627 accendit.

2149 2630 2400 2687 animam.
2432 2635 2548 2691 Non
2575 2640 2725 2696 adest
2744 2660 2835 2700 rex
2866 2646 3003 2702 bona
3029 2654 3345 2719 promittens
3370 2658 3732 2718 innumerabie

2150 2721 2239 2787 lia,
2271 2734 2325 2778 et
2354 2728 2553 2795 pudore
2581 2732 2854 2801 afﬁciens;
2885 2740 2978 2793 sed
3009 2743 3163 2798 adest
3190 2746 3405 2803 insanus
3432 2766 3585 2806 amor
3615 2754 3731 2824 glo-

2150 2816 2243 2871 ria:
2268 2834 2385 2887 quae
2411 2822 2527 2890 plus
2556 2841 2712 2895 quam
2750 2828 2839 2885 ille
2871 2832 3046 2887 titillat
3073 2846 3125 2889 et
3150 2838 3333 2894 allicit.
3362 2816 3729 2913 Magnumvre-

2148 2921 2274 2962 vera
2305 2909 2523 2979 bellum,
2548 2924 2601 2969 et
2622 2918 2777 2973 valde
2800 2936 3048 2991 magumn
3090 2925 3135 2981 si
3175 2909 3528 2998 sapiamusvet
3557 2935 3729 2992 simus

2148 2999 2312 3054 sobrii
2342 3019 2355 3051 :
2386 3001 2541 3058 habet
2566 3021 2793 3063 coronas
2823 3026 3059 3080 prtescns
3083 3031 3293 3089 quoque
3324 3032 3531 3092 tempus
3560 3040 3575 3080 :
3605 3027 3727 3085 audi

2149 3091 2368 3148 Paulum
2394 3095 2656 3153 dicentem
2688 3117 2702 3152 :
2736 3102 2813 3156 De
2837 3116 3014 3161 cwtero
3040 3112 3260 3178 reposita
3284 3125 3359 3168 est
3386 3091 3511 3171 mihi
3541 3135 3731 3175 corona

2138 3183 2375 3253 justitiaz,
2401 3204 2550 3258 quant
2571 3193 2743 3247 reddet
2765 3197 2888 3251 mihi
2898 3199 3071 3267 justus
3090 3201 3297 3272 Iudex;
3328 3223 3428 3262 non
3453 3213 3615 3266 solum
3636 3230 3732 3267 au.

2148 3284 2245 3329 tem
2277 3278 2420 3345 nti/ti,
2446 3280 2535 3333 sed
2564 3292 2608 3334 et
2635 3285 2867 3340 omnibus
2892 3292 2978 3360 qui
3008 3292 3291 3349 dilexerunt
3322 3300 3590 3356 adventant
3616 3305 3729 3374 ejus

2148 3367 2242 3439 (2.
2271 3367 2404 3425 Tim.
2434 3373 2486 3427 4.
2520 3373 2615 3444 8).
2664 3375 2887 3445 Quando
2926 3386 3171 3440 amiseris
3210 3387 3463 3446 dilccaum
3514 3367 3727 3450 unicum

2148 3462 2329 3528 tilium,
2362 3463 2413 3516 in
2441 3466 2645 3536 magnis
2670 3473 2923 3528 nutritum
2950 3477 3228 3545 Opibus,et
3252 3482 3339 3550 qui
3363 3482 3555 3538 bonam
3577 3485 3646 3542 de
3667 3504 3728 3543 se

2146 3567 2295 3623 Spem
2322 3557 2645 3628 concitabat,
2675 3573 2727 3617 et
2757 3565 2850 3618 tibi
2879 3567 3023 3621 solus
3049 3572 3255 3627 futurus
3278 3583 3397 3630 erat
3422 3576 3597 3645 heres,
3622 3595 3729 3641 non

2148 3644 2289 3715 luge,
2327 3650 2420 3703 sed
2456 3652 2563 3704 Deo
2590 3668 2688 3723 age
2714 3657 2929 3725 gratias,
2947 3668 3001 3712 et
3034 3660 3266 3730 gloriﬁca
3298 3679 3419 3719 eum
3448 3669 3539 3736 qui
3571 3686 3729 3726 accc-

2148 3737 2255 3806 pit;
2287 3748 2340 3794 ct
2361 3739 2412 3793 in
2440 3740 2543 3797 hoc
2571 3745 2875 3801 Abrahamo
2897 3748 3064 3806 nihilo
3083 3753 3191 3807 eris
3220 3754 3460 3814 inferior.
3492 3759 3558 3816 [lt
3582 3764 3727 3823 enim

2146 3829 2233 3884 ille
2261 3830 2370 3886 Deo
2399 3832 2545 3887 dedit
2571 3837 2657 3904 qui
2682 3837 2935 3907 iusserat,
2965 3841 3034 3899 ita
3074 3853 3127 3897 tu
3149 3886 3165 3912 ,
3194 3861 3313 3906 cum
3347 3849 3461 3917 ipse
3483 3855 3726 3924 accepis-

2144 3928 2245 3983 set,
2277 3937 2380 3975 non
2410 3927 2678 3992 gemuisti.
2767 3946 2775 3954 ·

2216 4011 2594 4071 lncantationes
2629 4027 2673 4071 et
2711 4019 2954 4089 ligamina
2980 4040 3070 4091 pro
3099 4027 3284 4081 morbis
3313 4032 3552 4086 curandis
3581 4033 3729 4087 aditi-

2145 4101 2267 4161 bita.
2297 4104 2635 4164 Dirinatores.
2660 4140 2728 4150 —
2758 4110 2813 4165 ln
2858 4115 3102 4171 morbum
3131 4133 3346 4188 gravem
3378 4120 3640 4186 incidisti;
3671 4136 3727 4180 et

2145 4198 2299 4257 multi
2325 4199 2623 4272 adsuntqui
2648 4214 2866 4275 cogunt,
2890 4208 2978 4261 alii
3006 4210 3219 4278 quidem
3254 4214 3723 4287 incantationibus,

2145 4287 2232 4341 alii
2258 4304 2386 4344 vero
2413 4291 2769 4361 ligaminibus,
2794 4297 2885 4352 alii
2903 4315 3031 4355 vero
3055 4303 3370 4371 quibusdam
3393 4307 3512 4363 aliis
3535 4310 3726 4368 sedare

2146 4379 2386 4435 malum?
2423 4393 2476 4435 tu
2510 4399 2636 4439 vero
2670 4398 2886 4456 propter
2914 4390 3005 4445 Dei
3037 4402 3235 4449 metum
3276 4397 3397 4452 forti
3437 4409 3493 4453 et
3534 4417 3727 4471 magno

2147 4471 2310 4525 tulisti
2350 4489 2412 4527 ac
2455 4474 2708 4530 immobili
2753 4480 2954 4546 animo,
2991 4492 3045 4537 et
3086 4486 3316 4541 maluisti
3363 4490 3570 4559 quidvis
3614 4494 3726 4562 pati

2143 4580 2300 4633 quam
2332 4568 2596 4624 sustinere
2618 4580 2673 4625 ut
2702 4573 2898 4644 aliquid
2923 4591 3108 4646 ageres
3129 4596 3192 4634 ex
3223 4581 3284 4634 iis
3311 4599 3429 4654 qua:
3458 4587 3729 4655 pertinent

2144 4659 2209 4713 ad
2238 4662 2435 4715 cultum
2463 4661 2767 4721 idolorum?
2804 4667 2905 4723 hoc
2939 4671 3029 4726 tibi
3059 4671 3213 4727 affert
3239 4690 3493 4731 coronam
3523 4689 3726 4750 marty-

2143 4750 2238 4812 rii;
2282 4767 2379 4805 nec
2403 4751 2602 4808 dubita.
2632 4755 2911 4824 Quomodo
2941 4770 3031 4815 aut
3058 4778 3286 4832 quanam
3326 4769 3574 4823 ratione?
3615 4771 3726 4840 Ego

2142 4840 2262 4895 dico
2288 4861 2298 4894 :
2325 4843 2444 4913 quia
2471 4846 2607 4899 sicut
2628 4846 2714 4902 ille
2737 4865 2926 4918 magno
2952 4862 3004 4906 et
3034 4852 3153 4908 forti
3178 4856 3355 4910 animo
3378 4857 3478 4913 fert
3507 4860 3726 4916 dolores

2144 4939 2547 5001 tormentorum,
2584 4947 2767 4992 utnon
2794 4941 2978 4996 adoret
3003 4943 3380 5013 simulacrum;
3413 4950 3481 5004 ita
3514 4960 3566 5005 tu
3590 4968 3726 5022 quo-

2142 5038 2244 5092 que
2275 5023 2382 5079 fers
2409 5025 2621 5081 dolores
2653 5031 2844 5097 morbi,
2880 5042 2933 5085 ut
2960 5035 3104 5089 nullo
3132 5052 3266 5106 opus
3301 5038 3497 5096 habeas
3528 5057 3721 5099 eorum

2141 5131 2257 5185 quin
2281 5117 2368 5171 ille
2397 5119 2617 5187 pratbet,
2645 5137 2815 5192 neque
2853 5124 3013 5181 facias
3038 5144 3157 5198 qum
3179 5131 3351 5200 jubet.
3382 5137 3450 5188 At
3476 5145 3601 5190 sunt
3623 5137 3723 5191 do.

2143 5208 2283 5264 iores
2322 5211 2395 5265 illi
2425 5213 2888 5270 vehementiores?
2931 5219 3034 5274 Sed
3069 5222 3153 5277 isti
3185 5225 3454 5295 longiores
3485 5247 3499 5283 :
3528 5245 3720 5300 qnam-

2141 5299 2323 5354 obrcm
2352 5318 2443 5370 par
2466 5312 2546 5357 est
2571 5319 2755 5359 eorum
2787 5309 2981 5362 exitus.
3014 5309 3168 5380 Saepe
3195 5327 3372 5372 autem
3404 5330 3526 5374 sunt
3555 5321 3716 5375 etiam

2138 5390 2588 5449 vehementiores.
2634 5396 2770 5461 Quid
2814 5399 2977 5467 enim,
3020 5403 3338 5474 dic,qu:eso,
3372 5426 3493 5465 cum
3521 5415 3717 5469 ardens

2141 5480 2302 5536 febris
2331 5494 2379 5537 te
2409 5485 2549 5539 intus
2574 5498 2730 5542 vexat
2759 5498 2812 5546 ct
2841 5490 2978 5559 urit,
3018 5505 3072 5550 et
3110 5498 3336 5555 aliorum
3377 5504 3715 5561 suadentium

2139 5576 2344 5629 excutis
2383 5577 2819 5648 incantationem,
2865 5598 3041 5640 annon
3090 5603 3149 5643 cs
3191 5592 3469 5651 redimitus
3515 5610 3714 5652 corona

2138 5669 2419 5738 martyrii?
2462 5669 2662 5726 Rursus
2699 5676 2877 5731 amisit
2916 5681 3175 5750 quispiam
3218 5687 3532 5753 pecuniam?
3561 5690 3714 5744 multi

2140 5769 2262 5815 sunt
2293 5761 2381 5835 qui
2411 5762 2634 5819 suadent
2672 5774 2730 5820 ut
2767 5778 2853 5825 Cal
2890 5770 2954 5825 ad
2997 5772 3319 5833 divinalorcs
3351 5793 3363 5831 :
3397 5779 3628 5842 maluisti
3662 5790 3716 5837 tu
