4140 6488
302 356 404 413 HI

301 480 418 541 τοῖς
449 473 508 528 δὲ
524 471 596 526 τά
615 469 797 527 αὐτῶν
828 466 1035 540 ἔχουσι,
1057 464 1218 520 τοῦτο
1232 483 1246 496 ·
1266 467 1364 531 Τίς
1382 468 1610 539 ἡρπάγη
1638 467 1899 539 χρήματα

304 564 397 621 διὰ
427 560 701 634 Χριστόνς
729 558 814 622 τίς
833 555 1178 630 ἐρραπίσθης
1206 554 1290 618 τίς
1309 554 1578 626 ὑϐρίσθη;
1612 556 1774 627 μέχρι
1807 556 1904 625 ρη-

308 652 519 724 μάτων,
576 649 741 717 λέγω.
797 645 971 699 Πόθεν
1025 644 1059 714 ἡ
1127 642 1437 714 καύχησις;
1488 642 1654 698 πόθεν
1676 641 1904 696 δύνασαι

309 738 627 813 παρρησίαν
656 736 804 806 ἔχειν
830 750 846 798 ;
880 731 1134 786 Τοσαῦτα
1164 730 1339 784 έπαθε
1382 731 1451 784 δι’
1481 732 1646 803 ἡμεῖς
1675 730 1905 802 ἐχθροὺς

306 829 468 889 ὄντας
488 829 517 881 ό
546 822 786 895 Χριστός
807 838 822 852 ο
849 820 903 874 τί
931 818 1209 891 δυνάμεθα
1237 819 1504 886 ἐπιδεῖξαι
1538 821 1701 890 ἡμεῖς
1736 813 1811 873 ὧν
1833 818 1904 872 δι’

309 915 474 969 αὐτὸν
533 910 920 980 πεπόνθαμεν;
960 899 1063 960 Ὦν
1122 905 1223 976 μὲν
1283 907 1662 978 πεπόνθαμεν,
1705 905 1901 963 οὐδέν’

307 997 384 1060 ὧν
435 1002 493 1055 δὲ
542 999 832 1069 πάσχομεν
870 997 1008 1067 παρ’
1049 994 1220 1048 αὐτοῦ
1261 993 1467 1058 καλῶν,
1505 995 1696 1066 μυρία.
1732 994 1906 1050 Πόθεν

310 1092 445 1161 ἡμῖν
487 1091 520 1161 ἡ
568 1085 856 1160 παρρησία
896 1083 1054 1138 ἔσται
1103 1083 1226 1137 κατ’
1263 1082 1486 1154 ἐκείνην
1508 1083 1610 1155 τὴν
1643 1084 1905 1155 ήμέραν;

313 1179 429 1232 Οὐκ
473 1178 611 1242 ῐστε,
653 1175 737 1228 ὃτι
781 1173 878 1227 καὶ
904 1173 932 1225 6
970 1168 1334 1242 στρατιώτης,
1368 1171 1499 1224 ὅταν
1529 1169 1701 1242 μυρία
1731 1169 1905 1241 τραύ-

317 1283 464 1337 ματα
528 1265 623 1319 καὶ
671 1261 906 1324 ὠτειλὰς
965 1258 1397 1330 ἐπιδεικνύηται,
1438 1259 1561 1313 τότε
1615 1259 1906 1330 δυνήσεται

313 1352 565 1425 λαμπρὸς
607 1347 749 1405 εἶναι
806 1349 962 1423 παρὰ
991 1347 1071 1420 τῷ
1107 1346 1347 1420 βασιλεῑ;
1385 1347 1451 1401 ἂν
1494 1347 1552 1401 δέ
1597 1347 1764 1419 μηδὲν
1807 1347 1905 1420 ἔχῃ

311 1442 483 1509 δεῖξαι
529 1438 885 1511 κατόρθωμα,
933 1436 1040 1489 κᾶν
1072 1434 1238 1506 μηδὲν
1328 1434 1813 1505 προσκεκρουκὼς,
1848 1437 1906 1488 ἐν

312 1532 427 1594 τοῖς
480 1529 733 1600 ἐσχάτοις
788 1525 1106 1591 τετάξεταις
1173 1522 1316 1576 Ἀλλ’
1361 1523 1463 1575 οὐκ
1517 1522 1635 1576 ἐστι
1662 1522 1905 1592 πολέμου

316 1619 529 1688 καιρὸς,
576 1617 763 1689 φησὶν.
826 1616 890 1670 EE
941 1614 1053 1684 γὰρ
1073 1608 1164 1685 ἦν,
1195 1612 1319 1666 είπέ
1351 1629 1465 1682 μοι,
1496 1610 1580 1676 τίς
1604 1610 1671 1665 ἂν
1702 1612 1908 1683 ἠγωνί-

319 1724 484 1773 σατο;
518 1705 604 1771 τίς
639 1705 707 1761 ἂν
749 1705 1104 1776 ἐπεπήδησε;
1153 1701 1238 1766 τίς
1276 1701 1344 1755 ἂν
1378 1702 1479 1772 τὴν
1536 1702 1796 1771 φάλαγγα
1826 1701 1908 1754 δι-

318 1797 493 1863 έξωσε
524 1809 550 1839 ι
575 1797 763 1867 ;Τάχα
807 1793 980 1857 οὐδείς
1007 1808 1021 1821 ·
1072 1793 1204 1846 ὅταν
1233 1790 1343 1862 γὰρ
1365 1790 1460 1844 ίδω
1488 1791 1571 1845 ὅτι
1607 1790 1907 1862 χρημάτων

317 1888 381 1941 οὐ
415 1885 778 1955 καταφρονεῖς
795 1882 981 1935 ἕνεκεν
1002 1878 1097 1934 τοῦ
1124 1878 1386 1952 Χριστοῦ,
1405 1877 1522 1943 πῶς
1554 1896 1636 1932 σοι
1674 1876 1908 1931 πιστεύ-

322 1987 403 2023 σω
453 1970 536 2023 ὅτι
572 1966 800 2040 πληγῶν
836 1967 1273 2037 καταφρονήσεις
1301 1982 1316 2031 ;
1348 1964 1509 2029 Είπέ,
1557 1963 1755 2035 φέρετε
1781 1964 1909 2026 τοὺς

324 2055 651 2129 ὑϐρίζοντας
694 2053 984 2123 γενναίως,
1036 2052 1131 2107 καὶ
1171 2052 1447 2123 εὐλογεῖτε
1475 2052 1709 2117 αὑτούς;
1737 2052 1911 2106 Τοῦτο

321 2146 385 2199 οὐ
414 2146 606 2208 ποιεῖς,
646 2140 815 2214 [446]
844 2140 980 2195 ἀλλὰ
1017 2140 1376 2214 παρακούεις.
1429 2142 1496 2195 Ὃ
1533 2139 1777 2195 κίνδυνον
1809 2141 1911 2195 οὐκ

320 2230 457 2302 ἔχει,
506 2231 567 2284 οὐ
617 2231 813 2293 ποιεῖς,
861 2230 957 2284 καὶ
1004 2229 1221 2301 πληγὰς
1244 2231 1437 2295 οίσεις,
1470 2228 1594 2283 εἰπέ
1631 2245 1744 2300 μοι,
1780 2227 1912 2283 ἔνθα

320 2320 459 2374 πολὺ
506 2319 568 2373 τὸ
616 2319 717 2389 τῆς
777 2318 974 2387 ὀδύνης
1015 2319 1236 2388 καὶτῆς
1272 2317 1610 2389 άλγηδόνος;
1646 2319 1761 2372 Οὐκ
1794 2318 1910 2371 ῖστε

319 2408 402 2460 ὅτι
433 2407 494 2462 ἐν
523 2407 717 2480 εἰρήνῃ
745 2408 814 2461 τὰ
834 2407 928 2461 τοῦ
956 2406 1199 2476 πολέμου
1226 2405 1609 2477 γυμνάζεσθαι
1632 2406 1776 2478 χρή;
1810 2407 1911 2476 οὺχ

318 2495 484 2564 ὁρᾶτε
517 2495 647 2558 τοὺς
668 2492 1012 2565 στρατιώτας
1048 2493 1294 2558 τούτους,
1326 2493 1397 2559 οἳ,
1428 2492 1523 2546 καὶ
1556 2492 1784 2563 μηδενὸς
1800 2493 1914 2546 ἐνο-

320 2581 573 2654 χλοῦντος
591 2580 851 2653 πολέμου,
869 2580 986 2634 ἀλλ’
1006 2581 1230 2652 εἰρήνης
1244 2578 1412 2651 οὔσης
1431 2579 1674 2650 βαθείας,
1689 2579 1756 2633 τὰ
1772 2579 1915 2633 ὅπλα

321 2671 803 2742 ὰποσμηξάμενοι,
856 2668 951 2723 καὶ
991 2669 1133 2739 μετὰ
1178 2667 1287 2722 τῶν
1330 2666 1669 2722 διδασκάλων
1706 2665 1820 2721 τῶν
1845 2666 1917 2720 τὰ

321 2759 560 2815 τακτικὰ
596 2759 962 2814 διδασκόντων
1017 2756 1243 2822 αὐτοὺς,
1306 2758 1387 2820 είς
1431 2755 1603 2809 ὕπτια
1632 2754 1794 2809 πεδία
1818 2756 1916 2810 καὶ

324 2849 616 2922 εὐρύχωρα
645 2849 765 2906 καθ’
790 2849 1048 2919 ἑκάστην,
1076 2847 1153 2912 ὡς
1175 2848 1376 2913 εἰπεῖν,
1408 2845 1624 2918 ἡμέραν
1650 2845 1912 2912 ἐξιόντες,

322 2937 396 2992 τὰ
423 2938 519 2993 τοῦ
549 2939 788 3010 πολέμου
818 2936 1193 3008 γυμνάζονται
1217 2936 1359 3008 μετὰ
1382 2934 1585 3004 πολλῆς
1612 2933 1714 3005 τῆς
1758 2935 1916 3005 ἀκρι-

325 3026 513 3094 ϐείας;
543 3027 641 3093 Τίς
668 3025 828 3081 τοῦτο
861 3026 1158 3099 εἰργάσατο
1190 3024 1299 3079 τῶν
1325 3022 1718 3096 πνευματικῶν
1750 3039 1918 3094 στρα-

325 3115 543 3169 τιωτῶν
571 3132 587 3180 ;
621 3115 759 3170 Οὑδέ
785 3110 887 3180 εἷς.
924 3114 1025 3170 Διὰ
1048 3112 1208 3168 τοῦτο
1244 3115 1304 3167 ἐν
1327 3116 1442 3178 τοῖς
1481 3111 1752 3184 πολέμοις
1778 3110 1917 3182 χαῦ-

327 3219 411 3257 νοι
447 3203 544 3256 καὶ
569 3201 854 3273 βάναυσοι,
884 3202 980 3256 καὶ
1006 3203 1173 3256 πᾶσιν
1196 3200 1461 3255 εὐάλωτοι
1490 3199 1773 3272 γινόμεθα.
1812 3199 1918 3253 Πό-

328 3306 432 3361 σης
470 3290 529 3343 δὲ
557 3284 789 3352 νωθείας
818 3288 879 3341 τὸ
907 3288 981 3359 μὴ
997 3286 1255 3359 ἡγεῖσθαι
1289 3287 1531 3356 πολέμου
1559 3286 1752 3357 καιρὸν
1778 3281 1919 3339 εἶναι

326 3377 422 3430 τὸν
455 3375 722 3446 παρόντα,
754 3372 850 3427 τοῦ
874 3374 1090 3427 Παύλου
1124 3373 1376 3444 βοῶντος·
1396 3371 1629 3439 Πάντες
1656 3372 1726 3426 δὲ
1751 3376 1805 3426 οἱ
1828 3372 1923 3428 θέο

323 3468 547 3529 ,ιοντες
599 3460 862 3528 εὐσεϐῶς
917 3459 1024 3530 ζῇν
1067 3460 1391 3530 ἐνΧριστῴ
1431 3461 1638 3529 Ἰησοῦ
1662 3458 1919 3530 διωχθή-

330 3562 580 3611 σονται;
624 3547 720 3601 καὶ
754 3545 849 3599 τοῦ
895 3544 1134 3616 Χριστοῦ
1167 3545 1438 3615 λέγοντος*
1483 3544 1581 3599 Ἐν
1604 3545 1685 3610 τῷ
1714 3544 1922 3615 κόσμῳ

330 3636 541 3704 (ww
560 3635 751 3700 ἓξετε;
782 3635 891 3688 Καὶ
919 3634 1081 3688 πάλιν
1109 3633 1203 3688 τοῦ
1235 3633 1507 3705 μακαρίου
1538 3633 1750 3686 Παύλου
1776 3633 1920 3705 λαμ-

331 3725 448 3796 πρᾷ
464 3726 531 3795 τῇ
564 3725 716 3794 φωνῇ
749 3722 983 3794 βοῶντος
1018 3721 1115 3775 καὶ
1136 3721 1409 3791 λέγοντος
1436 3724 1558 3777 Οὐκ
1582 3718 1757 3776 ἐστιν
1777 3721 1924 3791 ἡμῖν

331 3815 371 3881 ἢ
401 3811 567 3880 πάλη
597 3811 747 3879 πρὸς
786 3805 931 3880 αίμα
954 3809 1056 3863 καὶ
1095 3808 1330 3879 σάρκας
1379 3810 1474 3862 καὶ¹
1520 3808 1704 3863 πάλιν·
1731 3807 1925 3878 Στῆτε

331 3895 448 3955 οὖν
467 3896 929 3968 περιζωσάμενοι
958 3896 1077 3965 τὴν
1109 3896 1312 3967 ὀσφὺν
1333 3894 1503 3964 ὑμῶν
1539 3896 1610 3950 ἐν
1636 3896 1887 3965 ἀληθείᾳ
1902 3913 1922 3961 ;

335 3989 447 4041 Καὶ
486 3987 662 4050 οὐδεὶς
684 3986 910 4041 ἐκείνων
935 3982 1055 4039 εἷπε
1089 3985 1232 4051 τότε,
1261 3985 1326 4038 Τί
1349 3984 1590 4049 ὁπλίζεις
1625 3970 1795 4057 ἡμᾶς,
1824 4002 1924 4039 πο-

334 4075 503 4147 λέμου
552 4074 654 4129 οὐκ
698 4074 890 4140 ὅντος;
939 4073 992 4128 τί
1042 4073 1222 4146 μάτην
1254 4075 1388 4145 ἡμῖν
1446 4074 1749 4147 πράγματα
1783 4090 1927 4143 παρ-

336 4164 876 4237 ἐχειςςοωρακίζεις
917 4164 1047 4228 τοὺς
1094 4163 1454 4235 στρατιώτας,
1496 4163 1618 4229 ἐξὸν
1653 4162 1928 4217 ἀναπαύε-

341 4256 463 4307 σθαι
515 4253 611 4307 καὶ
656 4252 979 4324 ήσυχάζεινς
1022 4250 1168 4305 Ἀλλ’
1217 4250 1378 4322 εἴπερ
1432 4267 1515 4313 τις
1551 4245 1676 4304 εἷπε
1727 4250 1926 4315 ταῦτα,

336 4342 754 4415 ἁνθυπὴνεγκεν
780 4342 875 4396 ἄν·
896 4339 1151 4395 Μάλιστα
1174 4340 1272 4411 μέν
1302 4336 1419 4404 οῦν,
1448 4341 1494 4393 εξ
1528 4339 1715 4411 καὶμὴ
1735 4335 1802 4410 ἦν
1833 4338 1930 4393 πό-

338 4440 539 4502 λεμος,Δ
578 4430 685 4483 ἔδει
732 4430 802 4482 τὰ
849 4427 945 4482 τοῦ
995 4427 1235 4498 πολέμου
1297 4429 1588 4499 μεριμνᾷν.
1651 4428 1708 4480 '0
1734 4428 1838 4499 γὰρ
1870 4430 1928 4480 ἐν

339 4517 676 4592 εἰρήνῃητῶν
709 4520 808 4589 τῆς
841 4519 1022 4588 μάχης
1057 4513 1388 4587 φροντίζων,
1420 4516 1654 4588 φοϐερὸς
1684 4516 1839 4570 ἔσται
1870 4517 1928 4569 ἐν

339 4610 418 4677 τῷ
462 4606 641 4677 καιρῷ
683 4606 782 4679 τῆς
813 4605 991 4676 μάχης
1012 4622 1025 4636 ο
1057 4608 1086 4658 ό
1109 4604 1166 4657 δὲ
1194 4605 1423 4676 ἄπειρος
1449 4604 1560 4660 τῶν
1587 4605 1928 4676 πολεμικῶν,

344 4693 546 4765 μᾶλλον
608 4692 1045 4764 θορυϐηθήσεται
1089 4693 1186 4746 καὶ
1228 4694 1287 4746 ἐν
1335 4693 1548 4766 εἰρήνῃ.
1591 4692 1656 4746 Τί
1683 4693 1927 4764 δήποτε;

343 4783 468 4836 Ὅτι
500 4781 834 4853 δακρύσεται
866 4783 1004 4855 ὑπὲρ
1042 4774 1118 4836 ὧν
1143 4781 1280 4853 ἔχει,
1304 4783 1398 4836 καὶ
1423 4784 1504 4836 ὅτι
1535 4783 1609 4854 μὴ
1632 4782 1930 4852 δυνάμενος

342 4871 687 4944 ὑπερμαχεῖν
750 4868 955 4932 αὐτῶν,
1020 4870 1434 4943 ὀδυνηθήσεται.
1486 4870 1592 4923 Τοῦ
1621 4870 1731 4940 γὰρ
1753 4868 1928 4923 δειλοῦ

340 4961 435 5013 καὶ
478 4959 710 5030 ἀπείρου
759 4957 1015 5029 καὶπρὸς
1044 4956 1146 5020 τάς
1201 4957 1381 5029 μάχας
1412 4956 1683 5027 βαναύσου
1712 4958 1778 5012 τά
1807 4975 1932 5029 κτη-

343 5065 486 5120 ματα
527 5048 746 5101 πάντων
796 5047 916 5101 ἐστὶ
942 5045 1049 5099 τῶν
1079 5045 1342 5119 ἀνδρείων
1373 5048 1469 5105 καὶ
1498 5047 1757 5118 πολεμεῖν
1792 5048 1933 5101 είδό-

338 5154 447 5190 των
467 5154 481 5167 °
510 5134 654 5190 ῶστε
684 5136 772 5189 διὰ
805 5133 962 5188 τοῦτο
999 5134 1219 5205 πρῶτον
1266 5134 1411 5205 ὑμᾶς
1438 5134 1666 5200 ὁπλίζω.
1698 5135 1933 5190 Ἔπειτα

340 5223 399 5277 δὲ
448 5225 544 5277 καί⁵
599 5223 838 5294 πολέμου
901 5224 1095 5295 καιρὸς
1119 5223 1230 5286 πᾶς
1264 5224 1293 5275 6
1312 5222 1408 5293 τῆς
1438 5221 1584 5293 ζωῆς
1611 5223 1785 5295 ημῶν.
1816 5224 1947 5277 ἐστὶ.

341 5312 554 5383 χρόνος.
583 5313 708 5376 Πῶς
740 5313 834 5366 καὶ
868 5315 973 5366 τίνι
1000 5313 1227 5385 τρόπῳ;
1264 5312 1323 5366 '0
1352 5311 1598 5376 διάϐολος
1630 5305 1939 5382 ἐφέστηκεν

339 5402 449 5456 ἀεί.
466 5403 742 5455 Ἀκουσον
762 5401 816 5455 τί
841 5402 971 5474 περὶ
997 5401 1164 5456 αὐτοῦ
1196 5417 1353 5473 φησι.
1380 5399 1737 5472 Περιέρχεται
1756 5400 1935 5472 ὠρυό-

344 5505 504 5561 μενος
530 5488 606 5553 ὡς
626 5489 786 5556 λέων,
812 5489 1057 5561 ἁρπάσαι
1085 5488 1278 5542 θέλων.
1312 5488 1612 5559 Σωματικὰ
1655 5487 1799 5561 πάθη
1835 5505 1938 5559 μυ-

345 5576 436 5648 ρία
479 5576 786 5631 ἐπιτίθεται
837 5580 993 5648 ἡμῖν,
1046 5577 1192 5649 άπερ
1236 5578 1533 5645 ἀναγκαῖον
1572 5576 1820 5643 διελθεῖν,
1850 5578 1938 5632 ἵνα

345 5665 423 5736 μὴ
458 5665 636 5736 μάτην
665 5665 891 5728 ἑαυτοὺς
908 5664 1230 5735 άπατῶμεν.
1270 5664 1335 5717 Τί
1366 5665 1496 5737 γάρ,
1519 5664 1641 5719 εἰπέ
1668 5683 1779 5736 μοι,
1807 5668 1940 5738 ἡμῖν

343 5752 407 5806 οὐ
463 5751 725 5822 πολεμεῖς
755 5752 818 5805 οὐ
856 5746 1112 5817 πλοῦτος,
1139 5752 1357 5819 κάλλος,
1398 5753 1597 5825 τρυφὴ,
1628 5754 1938 5821 δυναστεία,

407 5856 425 5882 ⁸
457 5856 548 5909 Un.
573 5858 625 5909 (ἐ.
654 5865 793 5909 elm.
840 5853 994 5908 Savil.
1039 5857 1262 5921 διέσεισε,
1307 5859 1455 5908 lccuo
1496 5872 1594 5908 non
1639 5859 1935 5922 spernenda.

1197 349 1263 404 IN
1299 348 1563 422 EPISTJ
1604 351 1695 405 AD
1735 344 2072 410 THESSAL.
2106 349 2620 410 CAP.III.HOMIL.
2659 351 2748 407 ΙΙΙ.

3480 349 3588 409 ΗΞ

2006 465 2248 533 ἐξουσία,
2297 468 2586 539 βασκανία,
2630 467 2782 535 δόξα,
2831 466 3089 533 άπόνοια;
3124 467 3199 521 Ού
3229 467 3341 539 γάρ
3376 468 3588 541 μόνονὴ

2006 556 2256 629 ἡμετέρα
2300 556 2430 623 δόξα
2477 557 2711 629 πολεμεῖ
2741 554 3026 611 κωλύουσα
3053 555 3187 625 πρὸς
3225 573 3589 627 ταπεινοφρο-

2008 643 2175 714 σύνην
2226 645 2590 699 καταπίπτειν
2620 684 2633 709 ,
2679 644 2815 699 ἀλλὰ
2849 644 3002 713 καὶὴ
3053 643 3257 713 ἐτέρων
3285 646 3365 709 είς
3396 643 3594 713 φθόνον

2004 732 2156 801 ἡμᾶς
2183 732 2278 787 καὶ
2309 732 2611 803 βασκανίαν
2640 733 2930 802 ἐξάγουσα.
2954 731 3022 785 Τί
3047 731 3103 785 δὲ
3126 732 3194 785 τά
3223 733 3470 798 ἐναντία,
3502 748 3597 786 πεο

2006 818 2116 883 νία,
2174 820 2391 891 ἀτιμία,
2424 820 2488 874 τὸ
2533 820 3019 893 καταφρονεῖσθαι,
3050 819 3112 872 τὸ
3144 819 3501 893 ἁπερῤῖφθαι,
3530 820 3595 874 τὸ

2011 907 2287 979 μηδεμίαν
2338 908 2485 978 ἔχειν
2535 907 2727 979 ίσχύν;
2787 906 2951 962 Ἀλλὰ
2985 907 3161 964 ταῦτα
3196 908 3295 978 μὲν
3330 909 3389 961 ἐν
3423 909 3590 978 ἡμῖν·

2007 994 2076 1048 τὰ
2112 996 2168 1049 δὲ
2202 994 2356 1066 παρὰ
2410 994 2740 1066 ἀνθρώπων,
2782 995 3060 1066 πονηρίαι,
3096 995 3399 1059 ἐπιϐουλαὶ,
3426 994 3592 1060 δόλοι,

2010 1085 2394 1155 συκοφαντίαι,
2452 1084 2805 1156 περιστάσεις
2864 1083 3059 1155 μυρίαι
3087 1100 3100 1113 ·
3156 1084 3360 1153 ὁμοίως
3400 1085 3596 1138 καὶτὰ

2009 1172 2164 1244 παρὰ
2223 1171 2333 1226 τῶν
2394 1173 2689 1244 δαιμόνων,
2737 1172 2925 1243 ἀρχαὶ,
2965 1170 3231 1236 ἐξουσίαι,
3289 1174 3597 1244 κοσμοκρά-

2008 1277 2170 1332 τορες
2229 1259 2326 1315 τοῦ
2368 1260 2597 1325 σκότους
2634 1259 2729 1314 τοῦ
2775 1260 2973 1323 αἰῶνος
3005 1258 3219 1322 τούτου,
3245 1258 3315 1312 τὰ
3348 1275 3599 1328 πνευμα-

2008 1349 2137 1404 τικᾶ
2189 1348 2289 1421 τῆς
2331 1347 2620 1420 πονηρίας.
2671 1347 2858 1402 Ἀλλοι
2902 1346 3071 1418 ἐσμὲν
3108 1347 3412 1418 χαίροντες,
3448 1346 3599 1401 ἄλλοι

2010 1436 2304 1506 ἀλγοῦντες
2330 1453 2344 1469 ·
2371 1435 2658 1508 ἀμφότερα
2681 1438 3068 1506 παρεκτροπή.
3102 1434 3244 1488 Ἀλλ’
3275 1434 3455 1503 ὑγεία,
3480 1434 3599 1487 ἀλλ’

2009 1524 2291 1580 ἀσθένεια.
2341 1510 2527 1578 Πόθεν
2586 1523 2686 1594 οὐχ
2740 1522 3125 1594 άμαρτήσεταί
3172 1538 3294 1587 τις;
3334 1520 3598 1576 Βούλεσθε

2011 1614 2106 1667 καὶ
2132 1613 2241 1666 ἀπὸ
2269 1611 2365 1667 τοῦ
2407 1610 2581 1682 Ἀδάμ
2607 1610 2918 1682 ἀρξάμενος
2938 1610 3068 1680 ὑμῖν
3098 1611 3240 1663 εἴπω
3266 1608 3469 1672 εὐθέως
3492 1609 3601 1662 ἀπὸ

2009 1703 2112 1770 τῆς
2142 1701 2320 1773 ἀρχῆς
2349 1718 2365 1767 ;
2399 1699 2575 1774 [447]
2602 1701 2668 1753 Τί
2707 1699 2800 1752 τὸν
2821 1698 3253 1770 πρωτόπλαστον
3282 1693 3462 1765 είλενς
3505 1700 3601 1751 Ἦ-

2010 1790 2137 1859 δονὴ
2187 1790 2283 1844 καὶ
2319 1789 2588 1862 βρώματα
2616 1789 2711 1843 καὶ
2741 1787 3039 1858 φιλαρχίας
3069 1786 3229 1858 ἔρως.
3263 1786 3329 1839 Τί
3349 1786 3441 1841 τὸν
3479 1786 3598 1858 μετ’

2013 1879 2220 1931 ἐκεῖνον
2265 1878 2358 1931 τὸν
2411 1877 2526 1930 υἱὸν
2547 1875 2641 1929 τὸν
2664 1874 2873 1929 ἐκείνου
2899 1891 2913 1940 ;
2944 1874 3225 1929 Βασκανία
3265 1873 3363 1928 καὶ
3386 1873 3599 1944 φθόνος.

2014 1965 2079 2018 Τί
2110 1966 2237 2029 τοὺς
2265 1966 2359 2018 ἐπὶ
2381 1964 2507 2019 Νῶε
2530 1982 2544 2031 ;
2569 1963 2847 2035 Σωμάτων
2875 1963 3082 2034 ἡδοναὶ,
3115 1963 3208 2017 καὶ
3239 1961 3310 2015 τὰ
3339 1962 3450 2016 ἀπὸ
3479 1961 3605 2015 τού-

2013 2071 2123 2108 των
2181 2053 2481 2122 τικτόμενα
2514 2051 2683 2105 κακά.
2717 2050 2783 2103 Τί
2829 2050 2925 2104 τὸν
2972 2050 3088 2104 υἱὸν
3115 2050 3210 2103 τὸν
3237 2049 3463 2115 τούτου;
3500 2048 3605 2101 ’Ύ-

2014 2142 2138 2213 ϐρις
2166 2142 2261 2195 καὶ
2289 2141 2465 2196 ἄδεια.
2485 2139 2553 2194 Τί
2577 2139 2704 2203 τοὺς
2734 2138 3033 2210 Σοδομίτας
3054 2156 3069 2205 ;
3090 2137 3286 2210 Ὕϐρις
3314 2137 3408 2191 καὶ
3441 2136 3605 2190 ἀσέλ-

2011 2248 2145 2302 γεια
2200 2230 2297 2284 καὶ
2349 2229 2639 2301 πλησμονὴ
2676 2229 2880 2299 ἄρτων.
2914 2227 3186 2291 Πολλάκις
3224 2227 3280 2281 δὲ
3313 2228 3412 2280 καὶ
3443 2226 3605 2280 πενία

2014 2318 2175 2374 τοῦτο
2236 2321 2418 2373 ποιεῖ·
2470 2316 2560 2371 διὰ
2598 2315 2759 2370 τοῦτο
2789 2315 2954 2385 σοφός
2974 2332 3061 2378 τις
3085 2314 3241 2383 ἔλεγε
3267 2330 3281 2344 ·
3330 2312 3609 2369 Πλοῦτον

2015 2408 2085 2463 δὲ
2115 2407 2216 2462 καὶ
2245 2408 2468 2462 πενίαν
2486 2405 2572 2476 μή
2598 2422 2702 2475 μοι
2739 2403 2877 2470 δῷς.
2922 2403 3142 2457 Μᾶλλον
3168 2403 3226 2455 δὲ
3260 2402 3322 2455 ού
3356 2400 3608 2467 πλοῦτος,

2014 2496 2138 2552 οὐδὲ
2166 2495 2349 2561 πενία,
2384 2493 2500 2548 ἀλλ’
2530 2494 2565 2563 ἡ
2620 2491 2695 2563 μὴ
2733 2491 3010 2561 δυναμένη
3055 2489 3269 2553 τούτοις
3327 2489 3614 2560 ἑκατέρας

2017 2582 2338 2656 προαίρεσις
2384 2578 2717 2652 χρήσασθαι.
2782 2578 3110 2647 Ἐπίγνωθι,
3175 2576 3365 2648 φησὶν,
3413 2575 3505 2630 ὅτι
3536 2574 3612 2631 ἐν

2010 2672 2182 2743 μέσῳ
2211 2667 2483 2741 παγίδων
2528 2666 2880 2730 διαϐαίνεις.

2088 2765 2151 2814 ε’.
2168 2756 2512 2830 Θαυμαστῶς
2532 2752 2688 2810 εἶπεν
2713 2757 2741 2809 6
2774 2755 3045 2826 μακάριος
3062 2752 3296 2816 Παῦλος*
3318 2752 3424 2818 Είς
3436 2753 3633 2807 τοῦτο

2017 2848 2294 2920 κείμεθα·
2340 2846 2444 2900 οὐκ
2485 2842 2642 2899 εἶπεν
2685 2843 2893 2909 ἁπλῶς,
2944 2843 3027 2897 ὅτι
3066 2840 3465 2914 πειραζόμεθα,
3496 2840 3614 2897 ἀλλ’

2017 2941 2124 3006 Είς
2184 2936 2364 2992 τοῦτο
2420 2936 2684 3005 κείμεθα,
2735 2932 2860 2988 ἀντὶ
2899 2931 3016 2998 τοῦ,
3079 2933 3162 2996 είς
3225 2929 3386 2985 τοῦτο
3420 2932 3608 3000 ἐγενή-

2019 3027 2215 3098 θημεν.
2274 3024 2448 3078 Τοῦτο
2483 3021 2546 3077 τὸ
2591 3021 2753 3091 ἔργον
2786 3018 2965 3093 ἡμῶν,
3000 3014 3156 3083 οὗτος
3199 3021 3228 3074 ό
3260 3019 3395 3091 βίος,
3426 3018 3523 3073 καὶ
3549 3019 3624 3071 σὺ

2021 3115 2211 3171 άνεσιν
2269 3112 2488 3183 ζητείςς
2536 3110 2651 3165 Οὐκ
2696 3108 3002 3179 ἐφέστηκεν
3041 3110 3069 3161 ό
3096 3107 3293 3179 δήμιος
3325 3106 3425 3177 τὴν
3453 3106 3620 3160 πλευ-

2022 3204 2124 3278 ράν
2179 3201 2549 3266 καταξαίνων,
2618 3198 2712 3253 καὶ
2765 3197 2927 3252 θῦσαι
2976 3197 3444 3265 καταναγκάζων’
3498 3195 3620 3248 ἀλλ’

2020 3291 2323 3362 ἐφέστηκεν
2372 3285 2640 3359 ἐπιθυμία
2681 3285 2892 3355 σφοδρὰ
2932 3285 3235 3355 χρημάτων
3266 3282 3361 3336 καὶ
3392 3281 3621 3335 πλεονεο

2023 3379 2162 3445 ξίας,
2214 3376 2581 3450 ἐξορύττουσα
2638 3375 2765 3437 τοὺς
2833 3370 3148 3442 ὀφθαλμοὺς
3204 3372 3357 3441 ἡμῖν.
3419 3368 3610 3430 Οὐδεὶς

2023 3465 2366 3539 στρατιώτης
2425 3461 2611 3533 πυράν
2676 3463 2811 3533 ἡμῖν
2859 3459 3087 3529 ἀνῆψεν,
3140 3458 3263 3512 οὐδὲ
3292 3457 3491 3530 ἔθηκεν
3522 3459 3621 3509 ἐπὶ·

2022 3553 2323 3626 κρατίκλης
2352 3567 2365 3582 ·
2412 3550 2529 3605 ἀλλ’
2567 3552 2596 3603 ό
2656 3550 2765 3603 τῶν
2815 3548 3090 3619 σωμάτων
3128 3546 3369 3617 φλογμὸς
3416 3543 3637 3616 μᾶλλον--

2022 3642 2247 3696 ἐκείνων
2306 3639 2538 3705 ἐξάπτει
2583 3637 2687 3709 τὴν
2716 3636 2918 3708 ψυχήν.
2969 3636 3045 3689 Οὐ
3092 3637 3329 3706 πάρεστι
3362 3633 3621 3704 βασιλεὺς

2028 3729 2200 3802 μυρία
2261 3726 2735 3797 ἐπαγγελλόμενος
2777 3724 2959 3794 ἀγαθὰ
3007 3724 3104 3778 καὶ
3147 3723 3419 3777 δυσωπῶν
3439 3738 3453 3752 ·
3486 3721 3623 3776 ἀλλὰ

2025 3819 2296 3889 πάρεστιν
2319 3819 2353 3888 ἡ
2387 3815 2680 3887 δοξομανία
2718 3816 2900 3885 χεῖρον
2932 3813 3143 3866 ἐκείνου
3186 3810 3620 3883 γαργαλίζουσα.

2024 3906 2218 3974 Μέγας
2248 3903 2486 3974 πόλεμος
2515 3901 2705 3967 ὅντως,
2729 3902 2827 3956 καὶ
2849 3900 2985 3955 πολὺ
3033 3900 3227 3972 μέγας,
3257 3899 3323 3953 ἂν
3344 3898 3626 3970 ἐθέλωμεν

2026 3995 2218 4065 νήφειν
2244 4010 2257 4024 ο
2286 3992 2401 4063 ἔχει
2438 3990 2742 4061 στεφάνους
2777 3994 2873 4044 καὶ
2902 3992 2931 4044 ό
2961 3988 3153 4060 παρὼν
3198 3986 3390 4061 καιρὸς
3411 4003 3425 4016 ⁸
3458 3988 3624 4043 ἄκουε

2029 4081 2246 4137 Παύλου
2297 4080 2585 4150 λέγοντος’
2648 4079 2876 4134 Λοιπὸν
2937 4078 3249 4133 ἀπόκειταί
3289 4094 3390 4148 μοι
3442 4079 3476 4131 ὁ
3516 4077 3624 4146 τῆς

2028 4169 2422 4237 δικαιοσύνης
2439 4168 2763 4238 στέφανος,
2789 4165 2864 4221 ὃν
2885 4163 3192 4221 ἀποδώσει
3212 4181 3317 4233 μοι
3342 4167 3375 4218 ὀ
3392 4164 3626 4229 δίκαιος

2029 4256 2275 4325 κριτής*
2314 4258 2386 4310 οὐ
2411 4258 2610 4325 μόνον
2655 4254 2724 4308 δὲ
2761 4252 2914 4323 ἐμοὶ,
2967 4251 3131 4307 ἀλλά
3167 4251 3267 4305 καὶ
3315 4250 3468 4305 πᾶσι
3499 4249 3623 4317 τοῖς

2029 4345 2377 4416 ἠγαπηκόσι
2412 4342 2530 4412 τὴν
2579 4341 2945 4410 ἐπιφάνειαν
2980 4339 3189 4394 αὐτοῦ.
3226 4339 3401 4393 Ὅταν
3424 4338 3627 4392 ἀπολέ-

2032 4452 2132 4507 σῃς
2177 4433 2393 4487 παιδίον
2436 4430 2722 4502 ἀγαπητὸν
2765 4429 3076 4501 μονογενὲς,
3100 4429 3160 4483 ἐν
3199 4427 3415 4499 πλούτῳ
3445 4427 3628 4497 πολλῷ

2029 4522 2389 4596 τρεφόμενον,
2445 4518 2668 4582 ἐλπίδας
2717 4514 3018 4588 ὖποφαῖνον
3068 4519 3333 4590 χρηστάς,
3384 4518 3518 4571 αὑτό
3543 4534 3631 4571 σοι

2034 4610 2229 4683 μέλλον
2299 4608 2463 4680 μόνον
2530 4605 2879 4676 διαδέχεσθαι
2950 4605 3042 4660 τὸν
3091 4606 3316 4678 κλῆρον,
3381 4605 3456 4677 μὴ
3501 4622 3628 4658 στε-

2030 4699 2219 4770 νάξῃς,
2269 4696 2387 4750 ἀλλ’
2428 4695 2829 4766 εὐχαρίστησον
2871 4691 2949 4765 τῷ
2993 4693 3135 4764 Θεῷ,
3178 4694 3270 4747 καὶ
3309 4692 3501 4759 δόξαζε
3535 4692 3626 4745 τὸν

2031 4785 2314 4858 εἰληφότα,
2378 4785 2475 4839 καὶ
2518 4784 2671 4838 οὐδὲν
2717 4782 2817 4854 ἔσῃ
2863 4781 2960 4834 τοῦ
3021 4781 3277 4854 ’Δϐραὰμ
3305 4778 3449 4834 κατὰ
3469 4779 3628 4832 τοῦτο

2031 4875 2250 4947 χείρων.
2286 4872 2559 4943 Καθάπερ
2605 4872 2718 4944 γάρ
2741 4872 2951 4935 ἐκεῖνος
2978 4868 3053 4939 τῷ
3081 4868 3202 4940 Θεῷ
3240 4868 3409 4922 ἔδωκε
3440 4867 3627 4924 κελεύ-

2034 4979 2209 5025 σαντι,
2251 4960 2393 5015 οὕτω
2424 4960 2488 5014 σὺ
2526 4958 2783 5021 λαϐόντος
2817 4956 2985 5011 αὑτοῦ
3005 4958 3105 5010 ούκ
3132 4957 3446 5022 ἐστέναξας.

2103 5051 2262 5120 Νόσῳ
2286 5047 2613 5119 περιέπεσες
2632 5045 2869 5118 χαλεπῇ,
2901 5046 2993 5097 καὶ
3011 5044 3199 5099 πολλοὶ
3229 5045 3630 5116 παραγίνονται

2034 5137 2460 5207 ἀναγκάζοντες,
2502 5136 2553 5188 οἱ
2605 5133 2706 5205 μὲν
2750 5133 3010 5205 ἐπῳδαῖς,
3051 5135 3098 5186 οἱ
3132 5132 3192 5187 δέ
3219 5134 3626 5206 περιάμμασιν,

2033 5229 2084 5281 οί
2122 5226 2177 5280 δὲ
2224 5225 2431 5296 ἑτέροις
2476 5222 2588 5277 τισὶ
2631 5221 3137 5293 παραμυθήσασθαι
3181 5222 3243 5275 τὸ
3297 5221 3505 5285 κακόν;
3536 5221 3633 5276 διὰ.

2037 5315 2130 5371 τὸν
2169 5312 2266 5367 τοῦ
2312 5311 2449 5365 Θεοῦ
2480 5311 2645 5380 φόϐον
2673 5311 2912 5381 ἧνεγκας
2939 5309 3203 5379 γενναίως
3237 5311 3333 5364 καὶ
3361 5309 3621 5376 άκλινῶς,

2038 5404 2132 5459 καὶ
2166 5401 2345 5458 πάντα
2375 5399 2440 5453 ἂν
2464 5399 2608 5453 εἵλου
2634 5398 2827 5451 παθεῖν
2853 5397 2885 5468 ἦ
2919 5398 3218 5467 ύποστῆναί
3249 5414 3303 5449 τι
3327 5395 3434 5450 τῶν
3469 5396 3621 5450 εἰδω-

2037 5491 2208 5546 λικῶν
2240 5489 2482 5561 πράξαις
2508 5486 2667 5541 τοῦτό
2705 5503 2790 5540 σοι
2825 5486 3128 5558 μαρτυρίου
3157 5486 3420 5555 στέφανον
3448 5485 3627 5558 φέρει.
3706 5509 3721 5519 -

2039 5585 2153 5637 Καὶ
2209 5583 2285 5655 μὴ
2345 5579 2675 5652 ἀμφίϐαλλε.
2753 5579 2864 5632 Καὶ
2937 5579 3056 5643 πῶς
3107 5579 3203 5632 καὶ
3242 5578 3348 5631 τίνι
3396 5579 3629 5649 τρόπῳ;

2040 5671 2152 5740 ἐγὼ
2181 5671 2345 5739 λέγω.
2372 5670 2496 5724 Ὅτι
2529 5668 2782 5739 καθάπερ
2820 5670 3028 5731 ἐκεῖνος
3067 5667 3165 5732 τὰς
3193 5668 3302 5721 ἀπὸ
3328 5667 3436 5722 τῶν
3461 5667 3651 5737 βασάπ

2041 5777 2147 5813 νων
2189 5759 2383 5822 ὀδύνας
2436 5757 2594 5828 φέρει
2646 5756 2930 5823 γενναίως,
2970 5756 3114 5809 ὥστε
3150 5758 3226 5829 μὴ
3252 5756 3633 5829 προσκυνῆσαι

2044 5848 2106 5903 τὸ
2148 5845 2387 5915 εἴδωλον,
2431 5844 2574 5900 οὕτω
2619 5845 2713 5901 καὶ
2759 5845 2823 5899 σὺ
2865 5844 2965 5910 τὰς
2989 5845 3097 5899 άπὸ
3126 5845 3224 5916 τῆς
3253 5846 3410 5900 νόσου
3445 5844 3635 5916 φέρεις
