4140 6484
536 456 859 527 ἀλγηδόνας,
897 453 1034 507 ὥστε
1065 452 1289 524 μηδενὸς
1306 449 1561 520 δεηθῆναι
1584 445 1692 499 τῶν
1721 444 1849 514 παρ’
1883 440 2112 504 ἐκείνου,

539 544 676 616 μηδέ
729 541 937 614 πρᾶξαι
1002 541 1145 608 άπερ
1188 537 1486 591 ἐπιτάττει.
1555 533 1717 587 Ἀλλὰ
1758 528 2118 600 σφοδρότεραι

536 633 741 690 ἐκεῖναι
767 649 782 698 ;
830 628 971 682 Ἀλλ’
998 622 1159 683 αὗται
1187 625 1549 695 μακρότεραι,
1580 621 1722 673 ὥστε
1759 619 1836 680 είς
1871 617 1986 669 ῐσον
2015 630 2118 666 κα-

534 719 782 790 ταλήγει.
819 715 1087 778 Πολλάκις
1119 714 1176 767 δὲ
1199 714 1294 768 καὶ¹
1327 710 1705 780 σφοδρότεραι.
1740 706 1806 758 Τί
1835 703 1964 774 γάρ,
1997 699 2119 790 εἰπέ

536 787 666 877 μοι,
707 807 836 860 ὅταν
871 802 1092 858 καύσων
1140 801 1286 854 ἔνδον
1314 797 1507 866 ἐνοχλῇ
1535 796 1631 848 καὶ
1661 792 1856 863 φλέγῃ,
1883 791 1976 877 καὶ
2011 787 2118 841 τῶν

531 876 710 947 ἄλλων
739 889 1150 962 παραινούντων
1175 885 1441 954 ἀποσείσῃ
1463 883 1560 954 τὴν
1586 880 1820 951 ἐπῳδὴν,
1839 876 1960 946 ούχὶ
1978 891 2119 945 μαρ-

531 981 721 1051 τυρίου
774 979 1038 1047 στέφανον
1071 977 1320 1046 ἀνεδήσω
1347 991 1362 1040 ;
1389 971 1559 1025 Πάλιν
1599 968 1847 1023 ἀπώλεσέ
1871 982 1953 1028 τις
1981 964 2119 1034 χρή-

536 1083 725 1135 ματα;
777 1065 960 1119 πολλοὶ
1002 1067 1050 1117 οἱ
1086 1061 1480 1132 παραινοῦντες
1522 1059 1657 1128 πρὸς
1694 1055 1920 1126 μάντεις
1948 1051 2116 1106 ἀπελ-

535 1154 681 1208 θεῖνο
713 1155 779 1208 σὺ
811 1154 868 1207 δὲ
902 1154 992 1205 τὸν
1041 1151 1136 1204 τοῦ
1192 1148 1327 1202 Θεοῦ
1371 1147 1552 1216 φόϐον,
1601 1144 1788 1215 ἐπειδὴ
1820 1139 1990 1214 [448]
2019 1157 2114 1193 κε-

535 1241 799 1307 κώλυται,
855 1241 999 1295 εἵλου
1045 1238 1246 1310 μᾶλλον
1291 1237 1367 1307 μὴ
1423 1234 1610 1288 λαϐεῖν
1643 1234 1712 1286 τὰ
1765 1228 2114 1302 χρήματα,ἣ

534 1327 889 1400 παρακοῦσαι
923 1326 1018 1380 τοῦ
1049 1324 1220 1391 Θεοῦ;
1263 1325 1379 1377 ῖσον
1421 1321 1567 1392 ἔχεις
1594 1321 1684 1374 τὸν
1721 1320 1914 1390 μισθὸν
1937 1318 2015 1388 τῷ
2035 1320 2116 1380 είς

535 1417 779 1488 πένητας
803 1415 944 1469 αύτά
973 1413 1229 1468 δεδωκότι
1250 1427 1264 1442 ⁸
1287 1412 1352 1464 ἂν
1381 1410 1656 1472 ἀπολέσας
1681 1408 2112 1478 εύχαριστήσῃς,

534 1507 629 1557 καὶ
677 1504 978 1573 δυνάμενος
1023 1502 1161 1571 πρὸς
1204 1499 1432 1570 μάντεις
1473 1497 1751 1563 ἀπελθεῖν,
1787 1495 2003 1565 ἀνάσχῃ
2038 1493 2113 1564 μὴ

533 1593 717 1646 λαϐεῖν
760 1591 902 1646 αὐτά
945 1590 1167 1658 μᾶλλον,
1212 1589 1244 1659 ἢ
1281 1587 1424 1643 οὕτω
1458 1587 1664 1649 λαϐεῖν,
1716 1586 1830 1639 ἴσον
1857 1583 2001 1653 ἔχεις
2033 1585 2112 1644 είς

531 1681 723 1750 κέρδος
749 1679 828 1750 τῷ
862 1679 948 1732 διὰ
979 1679 1072 1731 τὸν
1107 1677 1242 1731 Θεὸν
1279 1676 1584 1730 κενώσαντι
1611 1673 1804 1730 ταῦτα.
1843 1670 2113 1740 Καθάπερ

530 1768 641 1838 γάρ
702 1767 910 1830 ἐκεῖνος
943 1765 1034 1822 διά
1069 1766 1162 1819 τὸν
1209 1765 1304 1818 τοῦ
1340 1764 1477 1816 Θεοῦ
1525 1762 1691 1831 φόϐον
1734 1761 1816 1821 είς
1845 1760 1971 1821 τοὺς
1993 1757 2112 1813 δεο-

533 1854 730 1922 μένους
759 1854 1054 1918 ἐκένωσεν,
1079 1852 1222 1906 οὕτω
1253 1853 1349 1905 καὶ
1375 1853 1440 1904 σὺ
1475 1851 1568 1905 διὰ
1596 1851 1690 1903 τὸν
1725 1849 1818 1902 τοῦ
1844 1847 1982 1900 Θεοῦ
2015 1846 2112 1915 φό-

531 1943 647 2008 ϐον,
679 1943 1048 2012 ἁρπασάντων
1067 1941 1312 2006 ἐκείνων,
1344 1942 1446 1994 οὐκ
1474 1939 1759 2000 άνέλαϐες.
1795 1937 1988 2006 Ἡμεῖς
2009 1937 2112 1988 x6.-

531 2047 638 2100 ριοι
691 2031 787 2084 καὶ
828 2029 924 2083 τοῦ
971 2029 1183 2084 ἀδικεῖν
1227 2029 1479 2091 ἑαυτοὺς,
1520 2028 1617 2079 καὶ⁸
1649 2024 1741 2077 τοῦ
1779 2025 1854 2094 μή
1879 2039 1892 2054 ·
1924 2023 2111 2092 ἕτερος

527 2119 588 2170 δὲ
625 2118 826 2181 οὐδείς.
878 2118 1012 2181 Καὶ,
1043 2120 1092 2170 εἰ
1129 2115 1410 2186 βούλεσθε,
1445 2114 1532 2166 ἐπ’
1563 2113 1735 2183 αὐτῆς
1765 2111 1867 2180 τῆς
1899 2109 2113 2178 κλοπῆς

526 2207 592 2258 τὸ
621 2207 854 2279 πρᾶγμα
885 2207 1284 2273 γυμνάσωμεν.
1315 2201 1469 2254 Διέτε
1481 2216 1547 2270 με
1578 2200 1670 2251 τὸν
1709 2199 1887 2265 τοῖχον
1929 2198 1956 2249 6
1991 2195 2115 2251 κλέ-

527 2309 693 2364 πτης,
735 2291 1101 2363 εἰσεπήδησεν
1131 2291 1210 2353 είς
1243 2290 1334 2342 τὸν
1358 2287 1624 2358 θάλαμον,
1643 2284 1946 2355 ἐξεφόρησε
1976 2300 2112 2353 χρυε

532 2380 624 2434 σία
668 2379 1018 2449 πολυτίμητα
1055 2379 1154 2431 καὶ
1200 2377 1384 2439 λίθους
1411 2375 1650 2445 τιμίους,
1684 2373 1871 2435 ἁπλῶς
1908 2373 2113 2442 θησαυ-

531 2470 627 2540 ρὸν
648 2468 944 2540 ὁλόκληρον
973 2466 1218 2531 ἐξέϐαλε,
1263 2466 1360 2518 καὶ
1388 2465 1485 2534 οὑχ
1517 2463 1680 2518 ἑάλω.
1712 2463 1786 2514 Τὸ
1818 2461 1916 2532 μὲν
1955 2460 2113 2529 γενόφ

531 2575 696 2626 μενον
731 2557 898 2627 βαρὺ,
934 2557 1028 2611 καὶ
1059 2557 1209 2610 δοκεῖ
1231 2555 1406 2625 ζημία
1436 2554 1494 2606 τὸ
1534 2542 1770 2623 πρᾶγμα
1808 2548 1972 2614 εἶναι,
2011 2553 2113 2604 οὐκ

527 2647 644 2700 ἔστι
685 2645 742 2698 δὲ
778 2645 1012 2709 ούδέπω,
1055 2643 1170 2697 ἀλλ’
1216 2645 1274 2696 ἐν
1323 2643 1406 2694 σοὶ
1457 2644 1633 2694 κεῖται
1673 2641 1705 2711 ἢ
1743 2638 1951 2709 ζημίαν
1979 2639 2112 2691 αύτὸ

528 2734 774 2806 ποιῆσαι,
818 2733 852 2804 ἢ
901 2732 1112 2803 κέρδος.
1157 2733 1265 2785 Καὶ
1312 2731 1428 2793 πῶς
1451 2729 1517 2783 ἂν
1549 2729 1763 2797 γένοιτο
1792 2727 1951 2780 τοῦτο
1977 2726 2110 2798 κέρ-

523 2823 649 2885 δοςς
678 2823 865 2894 φησίν.
919 2818 1062 2890 Ἐγὼ
1098 2819 1258 2874 τοῦτο
1281 2818 1564 2884 ἀποδεῖξαι
1595 2818 1933 2886 πειράσομαι
1965 2815 2109 2880 πῶς.

527 2909 630 2964 Σοῦ
692 2911 1042 2981 βουλομένου,
1098 2910 1287 2980 κέρδος
1343 2909 1498 2962 ἔσται
1556 2907 1734 2978 μέγα·
1797 2906 1870 2976 μὴ
1913 2906 2110 2976 βουλη-

526 2997 710 3062 θέντος
735 2998 812 3062 δέ,
849 2998 1209 3069 χαλεπωτέρα
1252 2999 1352 3068 τῆς
1403 2996 1706 3066 γενομένης
1740 2995 1934 3064 ζημία.
1961 2995 2110 3047 Καθ-

525 3088 670 3158 άπερ
717 3086 824 3157 γὰρ
870 3087 962 3139 ἐπὶ
1008 3087 1118 3138 τῶν
1155 3083 1416 3155 τεχνιτῶν
1456 3083 1591 3154 ὕλης
1651 3081 2045 3152 ὑποκειμένης,
2080 3083 2110 3135 6

529 3175 628 3243 μὲν
655 3173 919 3245 ἔμπειρος
946 3175 1044 3244 τῆς
1060 3173 1258 3244 τέχνης
1290 3175 1370 3234 είς
1394 3171 1513 3224 δέον
1537 3171 1677 3240 αὐτῇ
1705 3170 1992 3240 κέχρηται,
2010 3169 2110 3222 ὁδὶ

524 3263 750 3333 ἄπειρος
783 3263 1035 3334 ἠφάνισε,
1062 3263 1156 3315 καὶ
1199 3260 1456 3328 ἐποίησεν
1502 3259 1650 3329 αὐτῷ
1693 3259 1898 3328 ζημίαν
1921 3275 1934 3287 ·
1965 3257 2110 3312 οὕτω

521 3351 619 3403 καὶ
638 3352 742 3403 ἐπὶ
775 3350 884 3404 τῶν
908 3351 1277 3420 πραγμάτων.
1309 3348 1432 3410 Πῶς
1461 3343 1553 3400 οὖν
1574 3346 1726 3399 ἔσται
1757 3347 1818 3399 κέ
1828 3346 1982 3416 ρδος;
2009 3348 2108 3399 “Av

523 3439 924 3508 εὐχαριστήσῃς
957 3436 1034 3506 τῷ
1059 3436 1195 3506 Θεῷ,
1229 3435 1294 3489 ἂν
1331 3434 1404 3505 μὴ
1433 3435 1652 3506 κωκύῃς
1671 3434 1787 3498 ὀξὺ,
1823 3434 1888 3487 ἂν
1913 3435 1980 3488 τά
2011 3435 2105 3489 τοῦ

536 3525 654 3580 Ἰὼϐ
686 3525 847 3597 εῖπῃς
889 3526 1112 3596 ῥήματα
1143 3540 1156 3552 ·
1185 3524 1240 3575 Ὁ
1286 3525 1506 3590 Κύριος
1536 3522 1784 3588 ἔδωκεν,
1822 3527 1854 3577 ό
1893 3524 2108 3591 Κύριος

519 3616 803 3684 ἀφείλετο
823 3631 836 3644 °
863 3611 1090 3683 γυμνὸς
1104 3611 1450 3681 ἑξῆλθονέκ
1473 3611 1708 3677 κοιλίας
1719 3612 1948 3680 μητρός
1965 3630 2103 3679 μου,

519 3703 749 3774 γυμνὸς
802 3703 900 3756 καὶ
955 3703 1388 3770 ἀπελεύσομαι.
1436 3700 1500 3754 Τί
1551 3700 1751 3768 λέγεις,
1793 3701 1846 3752 '0
1890 3703 2107 3768 Κύριος

519 3793 838 3862 «130811310;
899 3791 956 3842 '0
993 3790 1232 3859 κλέπτης
1265 3788 1539 3857 ἀφείλετο,
1587 3790 1681 3841 καὶ
1737 3788 1853 3850 πῶς
1878 3788 2104 3859 δυνήσῃ,

522 3881 710 3950 φησὶν,
739 3883 936 3943 εἰπεῖν,
975 3877 1030 3930 '0
1048 3878 1262 3944 Κύριος
1294 3877 1574 3945 ἀφείλετο
1586 3893 1607 3941 ;
1649 3878 1740 3945 Μὴ
1773 3877 2060 3947 θαυμάσῃς
2087 3894 2102 3908 ·

519 3967 618 4023 καὶ
649 3966 759 4037 γάρ
785 3966 880 4018 καὶ
932 3968 959 4018 6
1003 3963 1197 4029 ’1ὼϐ,ἃ
1235 3965 1263 4016 6
1302 3963 1549 4026 διάϐολος
1586 3963 1864 4032 ἀφείλετο,
1906 3965 2102 4047 ταῦτα,

519 4054 742 4124 ἔφησεν,
791 4055 844 4106 Ὁ
881 4054 1096 4119 Κύριος
1138 4051 1433 4120 ἀφείλετο.
1487 4053 1548 4105 Et
1593 4051 1649 4104 δέ
1683 4054 1892 4113 ἐκεῖνος
1929 4056 2104 4116 οὕτως

519 4144 826 4214 ἐθάρρησεν
851 4144 1044 4206 εἰπεῖν,
1084 4141 1201 4202 πῶς
1226 4141 1261 4193 δι
1287 4142 1314 4193 ό
1339 4139 1578 4209 κλέπτης
1594 4139 1802 4205 ἔλαϐεν,
1834 4141 1933 4194 οὐκ
1961 4143 2105 4214 ἐρεῖς

521 4232 706 4297 σὺ,ὄτι
735 4231 763 4282 6
792 4229 995 4300 Κύριος
1022 4227 1308 4294 ἀφείλετο;
1347 4226 1481 4281 Τίνα
1505 4227 1823 4298 θαυμάζεις,
1849 4229 1969 4280 εἰπέ
1990 4247 2100 4298 μοι,

517 4320 610 4373 τὸν
641 4319 710 4373 τά
748 4315 914 4372 αὑτοῦ
945 4317 1262 4370 κενώσαντα
1289 4317 1369 4378 είς
1385 4315 1705 4388 πένητας,ἢ
1734 4315 1826 4367 τὸν
1862 4315 1980 4368 Ἰὼϐ
2009 4319 2102 4371 ἐπὶ

517 4408 626 4461 τῶν
677 4405 941 4478 ῥημάτων
988 4403 1218 4468 τούτωνς
1283 4399 1392 4474 ἆραι
1449 4404 1524 4474 μὴ
1582 4403 1800 4457 ἔλαττον
1851 4403 1964 4473 ἔχει
2004 4404 2099 4459 τοῦ

518 4493 887 4565 ἐλεημοσύνην
915 4491 1094 4554 δόντος
1123 4493 1328 4553 ἐκεῖνος
1359 4492 1387 4542 ό
1419 4490 1494 4559 μὴ
1523 4491 1645 4552 δοὺς
1667 4492 1822 4555 τότε;
1874 4493 1964 4560 Μὴ
1993 4491 2099 4560 γὰρ

516 4581 698 4654 εἴπῃς,
732 4580 846 4632 Οὐκ
869 4578 976 4648 ἔχω
1006 4579 1186 4648 χάριν,
1217 4577 1317 4629 οὐκ
1357 4576 1498 4646 ἐμῆς
1525 4575 1753 4646 γνώμης
1779 4577 1838 4628 τὸ
1866 4579 2102 4654 πρᾶγμα

514 4651 736 4739 ἦνονοῦκ
778 4666 979 4727 εἰδότος
1028 4663 1149 4716 οὐδὲ
1205 4662 1556 4733 βουλομένου,
1597 4664 1625 4714 6
1657 4661 1861 4732 λῃστὴς
1901 4651 2098 4716 ἔλαϐεο

518 4759 670 4824 ποῖος
700 4755 857 4808 ἔσται
900 4771 990 4824 μοι
1014 4752 1204 4824 μισθός
1231 4768 1246 4815 ς
1275 4751 1409 4804 Ούδέ
1441 4750 1534 4804 τοῦ
1576 4749 1696 4803 Ἰὼϐ
1720 4751 1943 4818 εἰδότος,
1977 4752 2099 4805 οὐδὲ

517 4845 862 4916 βουλομένου,
923 4843 1098 4896 ταῦτα
1144 4841 1336 4895 ἔλαϐε*
1387 4840 1505 4903 πῶς
1574 4840 1709 4910 γάρς
1779 4840 1896 4893 ἀλλ’
1951 4842 2100 4911 ὅμως

515 4931 998 5006 ηθλησεν.Ἔξεστί
1029 4932 1123 4986 καὶ
1153 4933 1235 4985 σολ⁵
1258 4930 1510 4984 τοσοῦτον
1539 4929 1724 4982 λαϐεῖν
1740 4929 1950 5000 μισθὸν,
1975 4931 2099 4984 ὅσον

521 5035 579 5076 ἰν
605 5025 654 5076 εἰ
679 5021 819 5075 ἑκὼν
841 5020 1072 5093 ἔρριψας
1101 5021 1260 5074 αὑτά.
1295 5021 1404 5072 Καὶ
1427 5019 1652 5082 εἰκότως
1680 5018 1870 5072 τοῦτον
1901 5018 2100 5089 μᾶλλον

513 5109 869 5180 ὃαυμάζνομεν
899 5110 989 5162 τὸν
1010 5108 1276 5178 ἐπηρείας
1305 5107 1640 5178 εὐχαρίστως
1661 5107 1916 5178 φέροντα,
1944 5107 1977 5178 ἦ
2006 5108 2100 5160 τὸν

515 5198 710 5252 ἑκόντα
750 5196 982 5250 διδόντα.
1034 5197 1100 5248 Τί
1146 5196 1388 5264 δήποτε;
1428 5196 1550 5247 Ὅτι
1589 5197 1794 5258 ἐκεῖνος
1835 5193 1936 5264 μὲν
1985 5198 2099 5259 τοῖς

516 5286 763 5348 ἐπαίνοις
812 5284 1095 5354 τρέφεται.
1147 5284 1242 5336 καὶ
1287 5283 1365 5352 τῷ
1419 5280 1683 5334 συνειδότι
1723 5281 1817 5334 κει)⁸
1853 5282 2098 5352 χρηστὰς

514 5374 628 5444 ἔχει
665 5373 764 5437 τάς
794 5373 1047 5435 ἐλπίδαςο
1104 5373 1200 5425 καὶ
1240 5373 1506 5442 πρότερον
1545 5371 1808 5438 γενναίως
1857 5372 2097 5439 ἐνεγκὼν

514 5463 612 5531 την
663 5463 922 5532 στέρησιν
967 5461 1078 5515 τῶν
1107 5463 1433 5532 χρημάτων,
1483 5460 1607 5514 τότε
1653 5459 1794 5512 αύτά
1837 5459 2095 5531 ἔρριψεν·

517 5542 671 5610 οὗτος
704 5549 762 5601 δέ
798 5549 876 5601 ἔτι
901 5549 1324 5620 προσδεδεμένος
1385 5547 1634 5618 ἀφῃρέθη
1677 5547 1788 5618 βίᾳ.
1836 5549 1948 5600 Οὐκ
1984 5548 2098 5600 ἔστι

517 5639 575 5694 δὲ
606 5637 741 5701 ῖσον,
771 5638 1033 5708 πρότερον
1080 5636 1370 5689 πεισθέντα
1423 5635 1729 5705 ἀποστῆναι
1777 5637 2097 5706 χρημάτων,

519 5721 691 5785 οὕτως
721 5724 860 5776 αὐτὰ
900 5725 1156 5790 κενῶσαι,
1184 5724 1280 5777 καὶ
1313 5724 1392 5777 ἔτι
1418 5723 1598 5777 αὐτῶν
1631 5723 1934 5793 κρατοῦντα
1963 5725 2098 5777 61:0-

525 5809 876 5895 στερηθῆναι.
914 5813 1010 5865 "Av
1039 5812 1212 5868 ταῦτα
1227 5811 1385 5885 εἴπῃς
1422 5811 1487 5866 τά
1516 5813 1755 5884 ῥήματα,
1789 5812 1933 5885 λήψῃ
1964 5812 2098 5865 πολι·

1200 333 1260 386 S.
1296 326 1576 384 JOANNIS
1613 319 2100 381 CIHKYSOSTOMI
2137 318 2456 374 ARCIIIEP.
2493 314 3041 375 CONSTANTINOP.

3702 305 3806 360 ΑΗ

2225 438 2582 502 λαπλασίονα,
2621 438 2714 489 καὶ
2742 434 2961 486 πλείονα
2985 430 3018 499 ἢ
3046 430 3075 483 6
3115 425 3257 482 Ἱὼϐ.
3300 423 3535 501 Ἐκεῖνος
3572 419 3669 490 μὲν
3696 426 3810 490 γαρ

2231 526 2290 577 τὰ
2325 525 2642 577 διπλασίονα
2677 521 2910 576 ἐνταῦθα
2944 517 3102 572 ἔλαϐε
3122 534 3136 547 ο
3174 514 3256 567 σοὶ
3284 512 3341 564 δέ
3373 522 3400 569 ὸ
3430 508 3660 584 Χριστὸς
3685 508 3806 560 έκα-

2203 607 2377 678 ξτοντα
2395 612 2660 665 πλασίονα
2682 607 3068 679 ἐπηγγείλατο.
3111 603 3224 656 Οὐκ
3258 599 3348 654 ἐϐλ
3360 599 3586 666 ασφή;ιη
3595 613 3690 658 σας
3716 595 3805 654 διὰ

2218 699 2310 753 τὸν
2339 699 2506 769 φόϐον
2533 698 2628 752 τοῦ
2659 696 2817 759 Θεοῦ,
2869 695 3087 765 ἐχρήσω
3121 691 3407 762 μάντεσιν,
3460 681 3614 758 μιοι
3646 684 3807 751 εύχαο

2221 786 2484 856 ρίστησας
2535 784 2719 847 κακῶς
2761 781 2983 844 παθών;
3037 781 3221 848 ὅμοιος
3267 770 3318 828 εἴ
3348 773 3425 843 τῷ
3456 787 3804 840 καταπεφρο-

2217 875 2406 943 νηκότι
2453 891 2467 906 ο
2496 873 2590 926 καὶ
2624 872 2730 940 γάρ
2755 867 3045 923 καὶταῦτα
3071 867 3133 918 οὐ
3163 864 3392 932 γίνεται,
3426 858 3495 913 ἂν
3530 859 3604 928 μὴ
3635 877 3805 913 κατα-

2219 963 2494 1030 φρονήσῃς
2522 960 2808 1031 πρότερον.
2833 957 2948 1009 υύκ
2971 955 3086 1007 ἔστι
3104 953 3162 1005 δέ
3193 952 3306 1004 ῑσον
3333 950 3389 1001 ὲν
3429 947 3607 1016 πολλῷ
3626 947 3805 1017 χρόνῳ

2222 1047 2517 1116 μελετῆσαι
2561 1042 2974 1113 καταφρονῆσαι
3003 1041 3110 1094 τῶν
3141 1037 3462 1109 χρημάτων,
3490 1037 3584 1087 καὶ
3608 1034 3804 1104 ἀθρόον

2219 1136 2422 1204 ζημίαν
2448 1134 2736 1204 συμϐᾶσαν
2765 1132 3032 1199 ἐνεγκεῖν.
3095 1126 3253 1182 Οῦτω
3283 1126 3493 1193 γίνεται
3545 1123 3736 1194 κέρδος
3768 1125 3802 1193 ἡ

2170 1210 2178 1220 ’
2219 1221 2426 1292 ζημία,
2484 1222 2580 1276 καὶ
2625 1221 2778 1275 οὐδὲν
2820 1219 3096 1290 βλαϐήσῃ,
3151 1214 3290 1268 ἀλλά
3343 1213 3436 1266 καὶ
3469 1210 3802 1282 ὠφεληθήσῃ

2221 1310 2374 1379 παρὰ
2394 1309 2488 1362 τοῦ
2517 1309 2787 1371 διαϐόλου,

2288 1437 2363 1496 ς’.
2408 1432 2530 1494 Πῶς
2557 1431 2613 1484 δὲ
2652 1430 2747 1483 καὶ
2776 1427 2949 1498 ζημία
2984 1427 3192 1494 γίνεται
3225 1421 3471 1492 χαλεπή;
3501 1420 3670 1473 Ὅταν
3701 1419 3800 1486 τὴν

2213 1518 2391 1589 ψυχὴν
2415 1517 2718 1588 ζημιωθῇς.
2743 1516 2876 1571 Εἰπὲ
2901 1516 3009 1584 γάρ
3025 1531 3134 1586 μοι,
3155 1509 3494 1581 ἀπεστέρησέ
3513 1527 3570 1562 σε
3583 1508 3800 1579 χρημά-

2214 1623 2324 1659 των
2361 1609 2389 1660 6
2415 1606 2697 1675 κλέπτης;
2738 1605 2828 1658 διά
2851 1604 2904 1657 τί
2937 1604 3001 1656 σὺ
3055 1599 3250 1654 σαυτὸν
3287 1599 3606 1668 ἀποστερεῖς
3636 1612 3802 1662 σωτη·

2216 1694 2368 1764 ρίας,
2402 1693 2490 1746 διά
2518 1693 2570 1746 τί
2601 1690 2782 1759 ἀλγῶν
2813 1692 2899 1759 ἐφ’
2928 1683 3010 1752 οἷς
3047 1689 3178 1760 παρ’
3210 1687 3412 1757 ἑτέρων
3445 1684 3632 1747 κακῶς
3662 1683 3798 1736 ἐπα-

2214 1778 2324 1846 Θες,
2354 1781 2513 1844 αὐτὸς
2535 1780 2744 1833 πλείοσι
2769 1777 3114 1850 περιϐάλλεις
3146 1775 3338 1829 σαυτὸν
3368 1777 3594 1839 κακοῖς;
3631 1773 3800 1826 Ἐκεῖ-

2213 1869 2301 1931 νός
2333 1885 2392 1921 σε
2431 1867 2561 1932 ἴσως
2602 1869 2764 1938 πενίᾳ
2799 1864 3110 1936 περιέϐαλε,
3163 1865 3226 1916 σὺ
3273 1863 3330 1916 δέ
3362 1861 3555 1914 σαυτὸν
3599 1862 3659 1913 ἐν
3689 1863 3800 1923 τοῖς

2214 1955 2450 2025 καιρίοις
2497 1955 2732 2025 μάλιστα
2759 1953 3164 2014 καταϐλάπτεις
3197 1949 3522 2020 κακούργως
3552 1965 3566 1978 ·
3595 1949 3801 2010 ἐκεῖνος

2213 2043 2557 2114 ἀπεστέρησέ
2605 2061 2663 2096 σε
2689 2043 2760 2096 τὰ
2794 2043 2952 2104 ἐκτός
2986 2058 3080 2094 σου
3111 2040 3259 2103 ὄντα,
3306 2039 3400 2091 καὶ
3441 2037 3666 2106 ὕστερον
3706 2038 3802 2090 καὶ

2215 2128 2442 2192 άκοντός
2468 2146 2561 2182 σου
2591 2128 3014 2198 ἀποπηδήσοντα
3042 2142 3056 2155 '
3088 2126 3152 2178 σὺ
3182 2125 3239 2177 δέ
3269 2124 3359 2177 τὸν
3375 2122 3595 2175 αἰώνιον
3629 2121 3798 2173 πλοῦ-

2211 2233 2304 2268 τον
2337 2217 2527 2269 σαυτὸν
2555 2218 2782 2287 ἀφαιρῇ.
2829 2213 3100 2282 Ἐλύπησέ
3134 2228 3193 2264 σε
3239 2212 3269 2263 6
3321 2210 3562 2271 διάϐολος
3603 2208 3800 2275 άφελός

2217 2321 2378 2374 μενος
2405 2304 2470 2357 τά
2493 2305 2596 2374 χρή
2608 2319 2789 2373 ματα;
2821 2301 3065 2370 λύπησον
3091 2299 3254 2352 αὑτὸν
3277 2297 3370 2350 καὶ
3401 2297 3464 2348 σὺ
3483 2296 3800 2365 εὐχαριστή-

2215 2402 2334 2452 σας,
2375 2390 2469 2443 καὶ
2501 2391 2574 2461 μὴ
2605 2390 2902 2462 εὐφράνῃς.
2943 2389 3042 2440 Ἂν
3075 2386 3211 2457 πρὸς
3263 2385 3485 2455 μάντεις
3525 2381 3797 2452 ἀπέλθῃς,

2213 2477 2487 2547 εὔφρανας
2506 2497 2518 2510 ·
2555 2478 2622 2531 ἂν
2642 2477 3046 2547 εὐχαριστήσῃς
3074 2474 3152 2544 τῷ
3179 2473 3318 2541 Θεῷ,
3347 2471 3566 2540 καιρίαν
3591 2469 3800 2532 ἔδωκας

2213 2567 2363 2636 αύτῷ
2390 2567 2488 2636 τὴν
2519 2565 2756 2636 πληγήν.
2814 2565 2926 2618 Καὶ
2978 2565 3081 2634 ὅρα
3135 2561 3186 2613 τί
3221 2562 3457 2629 γίνεται’
3509 2557 3632 2611 οὔτε
3659 2557 3798 2610 αύτά

2215 2654 2464 2724 εὑρήσεις
2490 2652 2742 2707 ἀπελθὼν
2795 2652 2930 2722 πρὸς
2962 2652 3089 2711 τοὺς
3121 2649 3343 2720 μάντεις
3369 2664 3384 2684 ε
3419 2647 3481 2700 ού
3518 2647 3626 2717 γάρ
3650 2647 3799 2698 ἐστιν

2214 2741 2437 2794 ἐκείνων
2461 2740 2658 2793 εἰδέναι
2681 2756 2694 2770 °
2717 2741 2766 2792 εί
2791 2739 2848 2790 δέ
2882 2755 2984 2791 που
3007 2736 3101 2790 καὶ
3129 2732 3281 2790 εἶπον
3307 2735 3676 2804 ἐπιτυχόντες,
3704 2734 3798 2785 καὶ

2209 2828 2310 2898 τὴν
2335 2827 2516 2896 ψυχὴν
2545 2826 3007 2897 προσαπολλύεις,
3037 2825 3132 2877 καὶ
3155 2824 3258 2876 ὑπὸ
3284 2824 3394 2875 τῶν
3421 2822 3662 2890 ἀδελφῶν
3695 2838 3797 2874 κα-

2209 2914 2594 2986 ταγελασθήσῃ
2616 2913 2723 2965 τῶν
2750 2913 2880 2973 σῶν,
2899 2913 2989 2965 καὶ
3005 2911 3168 2964 πάλιν
3184 2911 3322 2964 αὐτὰ
3347 2908 3535 2971 κακῶς
3552 2908 3793 2970 ἀπολεῖς.

2223 3002 2280 3054 Ὀ
2306 3002 2414 3073 γὰρ
2442 3001 2650 3071 δαίμων
2677 3000 2831 3064 εἰδὼς
2851 3000 2932 3052 ὅτι
2964 2998 3168 3068 ζημίαν
3190 2999 3250 3050 ού
3278 2998 3486 3067 φέρεις,
3512 2996 3628 3050 ἀλλ’
3655 2995 3798 3065 ὑπὲρ

2209 3090 2414 3142 τούτων
2445 3087 2650 3140 καὶτὸν
2690 3087 2822 3139 Θεόν
2869 3104 2963 3139 σου
3007 3087 3180 3156 ἀρνῇ,
3233 3085 3396 3137 πάλιν
3441 3085 3698 3154 χρήματα
3720 3083 3798 3135 δί-

2207 3177 2389 3241 δωσιν,
2417 3177 2504 3230 ἵνα
2537 3175 2791 3247 ἀφορμὴν
2841 3177 2940 3245 σχῇ
2966 3174 3059 3228 τοῦ
3094 3174 3262 3227 πάλιν
3294 3191 3351 3225 σε
3381 3173 3676 3242 ἀπατῆσαι.
3733 3173 3798 3225 El

2207 3265 2263 3318 δὲ
2294 3266 2387 3319 καὶ
2418 3265 2627 3334 λέγοιεν
2647 3267 2694 3318 οἱ
2731 3266 2972 3335 μάντεις,
3012 3263 3085 3333 μὴ
3112 3262 3422 3332 θαυμάζετε
3452 3280 3464 3291 ·
3503 3260 3796 3330 ἀσώματός

2208 3355 2356 3407 ἐστιν
2389 3356 2417 3406 ό
2453 3353 2691 3423 δαίμων,
2746 3351 3023 3422 πανταχοῦ
3051 3352 3350 3422 περίεισιν·
3390 3351 3553 3412 αὐτὸς
3599 3339 3799 3412 αὐτοὺς

2207 3441 2416 3504 ὁπλίζει
2449 3443 2576 3504 τοὺς
2601 3441 2803 3512 λῃστάς
2824 3457 2837 3470 ·
2866 3441 2928 3493 οὐ
2956 3440 3066 3510 γάρ
3093 3441 3220 3494 ἄνευ
3250 3438 3503 3508 δαίμονος
3521 3437 3693 3491 ταῦτα
3709 3437 3797 3504 γί·

2206 3546 2374 3582 νεται.
2411 3529 2473 3581 Εί
2503 3529 2684 3582 τοίνυν
2707 3528 2915 3593 ὁπλίζει
2946 3528 3191 3589 τούτους,
3215 3528 3306 3579 καὶ
3327 3523 3435 3580 οἶδε
3457 3526 3550 3579 καὶ
3573 3525 3676 3578 ποῦ
3695 3543 3797 3578 κα-

2206 3615 2513 3668 τατίθενται
2532 3633 2546 3644 ·
2567 3616 2668 3668 οὑκ
2687 3616 2872 3682 ἀγνοεῖ
2887 3615 3013 3678 τοὺς
3031 3614 3194 3668 αὑτοῦ
3213 3614 3322 3684 ὑπη
3332 3614 3512 3684 ρέτας.
3549 3613 3664 3666 Ούκ
3680 3613 3800 3667 ἔστι.

2205 3703 2260 3756 δὲ
2290 3702 2602 3772 θαυμαστὸν
2635 3702 2793 3755 τοῦτο
2816 3720 2829 3733 ο
2865 3703 2931 3756 ἂν
2959 3703 3043 3772 ῐδῃ
3069 3701 3344 3770 ἀλγοῦντά
3375 3717 3433 3754 σε
3480 3704 3544 3772 τῇ
3594 3699 3791 3771 ζημίᾳ,

2207 3791 2299 3840 καὶ
2335 3787 2526 3857 ἐτέραν
2564 3788 2794 3856 ἐπάγει·
2835 3787 2902 3841 ἂν
2936 3788 3020 3860 ἴδῃ
3057 3788 3446 3855 καταγελῶντα
3484 3788 3577 3840 καὶ
3628 3805 3794 3840 κατα-

2207 3873 2528 3943 φρονοῦντα,
2562 3875 2932 3944 ἀποστήσεται
2969 3875 3173 3946 ταύτης
3208 3877 3306 3944 τῆς
3350 3873 3492 3927 ὁδοῦ.
3526 3873 3795 3944 Καθάπερ

2205 3963 2314 4032 γάρ
2350 3965 2514 4032 ἡμεῖς
2544 3964 2728 4016 ἐκεῖνα
2748 3963 2874 4025 τοὺς
2909 3963 3139 4034 ἐχθροὺς
3171 3963 3481 4033 διατίθεμεν
3516 3965 3574 4014 ἐν
3602 3957 3684 4026 οἷς
3701 3963 3795 4016 λυ-

2206 4051 2415 4120 ποῦμεν
2445 4049 2642 4113 αύτούς
2661 4065 2674 4078 ⁸
2712 4049 2778 4103 ἂν
2802 4049 2856 4102 δέ
2896 4050 3094 4120 ἴδωμεν
3120 4051 3200 4104 ὅτι
3222 4051 3321 4104 οὐκ
3352 4050 3626 4116 ἀλγοῦσιν,
3663 4051 3791 4118 ἀφι-

2207 4137 2451 4206 στάμεθα
2478 4136 2686 4200 λοιπὸν,
2713 4137 2788 4201 ὡς
2812 4137 2909 4190 οὐκ
2931 4136 3144 4208 ἔχοντες
3184 4137 3381 4201 αὐτοὺς
3407 4137 3588 4191 δακεῖν
3609 4153 3620 4167 ·
3649 4136 3794 4193 οὕτω

2204 4226 2300 4280 καὶ
2335 4228 2363 4279 6
2393 4225 2660 4288 διάϐολος.

2274 4331 2340 4383 Τί
2381 4331 2598 4400 λέγεις;
2638 4333 2736 4402 οὐχ
2777 4331 2910 4400 ὁρᾷς
2947 4331 3074 4392 τοὺς
3118 4332 3175 4384 ἐν
3225 4332 3289 4400 τῇ
3327 4329 3568 4400 θαλάσσῃ
3603 4329 3790 4384 πλέον·

2201 4435 2321 4480 τας,
2354 4417 2471 4473 πῶς
2505 4418 2567 4469 οὐ
2613 4417 2954 4486 φροντίζουσι
2989 4416 3311 4487 χρημάτων,
3343 4418 3609 4486 χειμῶνος
3637 4435 3788 4485 γινο-

2207 4504 2390 4572 μένου,
2416 4503 2552 4556 ἀλλά
2575 4505 2668 4556 καὶ
2698 4502 2767 4555 τὰ
2798 4502 2929 4555 ὅντα
2957 4504 3206 4574 ῥίπτουσι
3229 4519 3243 4568 ;
3268 4505 3363 4556 καὶ
3399 4504 3575 4568 οῦδεις
3611 4502 3791 4575 λέγει,

2207 4590 2273 4642 Τί
2335 4592 2550 4654 ποιεῖς,
2623 4588 2911 4659 ἄνθρωπε;
2985 4589 3064 4660 τῷ
3127 4591 3359 4660 χειμῶνι
3409 4592 3788 4661 συμπράττεις

2204 4680 2298 4731 καὶ
2339 4676 2417 4747 τῷ
2439 4677 2716 4747 ναυαγίῳ;
2775 4679 2907 4748 πρὶν
2952 4677 2986 4748 ἦ
3034 4695 3094 4732 σε
3122 4679 3182 4732 16
3233 4679 3387 4750 κῦμα
3423 4680 3515 4732 τὸν
3558 4679 3790 4736 πλοῦτον

2201 4765 2491 4834 ἀφέληται,
2537 4766 2600 4817 σὺ
2656 4767 2778 4828 ταῖς
2830 4766 3028 4819 σαυτοῦ
3090 4767 3247 4837 χερσὶ
3295 4766 3455 4819 τοῦτο
3485 4771 3690 4834 ποιεῖς;
3731 4769 3784 4821 τί

2201 4851 2309 4920 πρὸ
2367 4851 2462 4905 τοῦ
2516 4853 2777 4920 ναυαγίου
2827 4853 3072 4920 ναυαγίῳ
3137 4852 3485 4924 περιϐάλλεις
3548 4854 3781 4918 σαυτόν;

2213 4939 2371 4992 Ἀλλὰ
2390 4939 2559 4992 ταῦτα
2582 4940 2680 5010 μὲν
2707 4940 2773 4994 ἂν
2794 4940 2938 4992 εἴποι
2959 4941 3212 5010 ἄγροικος
3235 4939 3330 4993 άνθ
3340 4958 3541 5008 ρωπος,
3565 4941 3657 4994 καὶ
3676 4942 3784 4994 τῶν

2199 5029 2257 5080 ἐν
2287 5027 2525 5101 θαλάττῃ
2576 5028 2901 5099 πειρασμῶν
2923 5029 3146 5098 ἄπειρος
3181 5044 3195 5058 ο
3232 5029 3260 5078 6
3289 5027 3474 5097 μέντοι
3505 5029 3780 5091 ναυτικὸς,

2198 5115 2294 5168 καὶ
2326 5115 2376 5166 τί
2421 5115 2521 5185 μὲν
2569 5115 2862 5188 ἐργάζεται
2887 5114 3152 5186 γαλήνην,
3187 5114 3241 5166 τί
3274 5113 3330 5166 δὲ
3359 5116 3506 5167 ποιεῖ
3537 5115 3785 5185 χειμῶνα⁴

2199 5202 2443 5273 ἀκριϐῶς
2467 5203 2976 5278 ἐπιστάμενοςηκαὶ
3022 5201 3456 5269 καταγελάσεται
3487 5203 3579 5256 τοῦ
3610 5203 3782 5256 ταῦτα

2198 5289 2449 5356 λέγοντος
2477 5307 2489 5318 ·
2525 5289 2624 5343 Διὰ
2645 5292 2753 5360 γάρ
2779 5290 2936 5342 τοῦτο
2965 5289 3156 5360 ρίπτω,
3195 5289 3378 5358 φησὶν,
3415 5290 3502 5343 ἵνα
3548 5290 3621 5361 μὴ
3651 5290 3782 5342 κλυ-

2200 5377 2306 5428 δὼν
2334 5378 2580 5446 γένηται.
2643 5375 2802 5430 Οὕτω
2830 5377 2922 5428 καὶ
2961 5378 2988 5428 6
3021 5376 3282 5446 ἔμπειρος
3334 5375 3444 5428 τῶν
3475 5379 3530 5429 ἐν
3563 5376 3640 5446 τῷ
3680 5376 3782 5446 βίῳ

2200 5465 2542 5533 πραγμάτων
2563 5466 2784 5517 καὶτῶν
2802 5463 3142 5534 πειρασμῶν,
3165 5464 3291 5516 ὅταν
3315 5464 3397 5534 ίδῃ
3420 5465 3510 5517 τὸν
3531 5465 3780 5534 χειμῶνα

2198 5551 2517 5614 ἐπιστάντα,
2543 5552 2635 5604 καὶ
2665 5551 2732 5602 τά
2754 5551 3098 5621 πνευματικά
3122 5550 3220 5618 τῆς
3240 5550 3500 5620 πονηρίας
3521 5551 3776 5614 ναυάγιον

2203 5637 2540 5707 ἐργάσασθαι
2573 5636 2894 5706 βουλόμενα,
2927 5638 3021 5689 καὶ
3047 5637 3114 5690 τά
3141 5635 3395 5689 λείποντα
3421 5637 3529 5690 τῶν
3555 5637 3774 5709 χρημά-

2200 5742 2308 5777 των
2337 5727 2536 5798 ῥίπτει.
2581 5725 2828 5792 Ἐγένετο
2866 5725 3041 5796 κλοπή
3075 5741 3197 5785 σοι,
3231 5725 3454 5794 ποίησον
3474 5723 3774 5796 ἐλεημοσύ-

2202 5831 2318 5885 νην,
2357 5815 2449 5868 καὶ
2481 5813 2755 5884 κουφίζεις
2797 5814 2856 5868 τδ
2889 5814 3090 5870 πλοῖον.
3127 5813 3416 5886 ’Ήρπασαν
3457 5813 3504 5866 οι
3542 5812 3774 5888 λῃσταίί
