4140 6492
378 349 484 414 ωδ

383 478 612 544 propter
655 470 746 527 Dei
790 477 1029 536 metum,
1060 469 1312 540 quoniam
1341 479 1424 524 est
1454 467 1700 533 vetitum,
1733 463 1986 534 pecunias

380 580 486 619 non
522 562 799 634 accipere,
832 579 991 633 quam
1026 563 1134 618 Deo
1165 576 1270 617 non
1298 559 1557 616 obedire?
1597 572 1778 629 parem
1821 554 1989 608 habes

380 656 691 714 mercedem
722 665 884 726 atque
923 655 1014 710 ille
1051 656 1141 725 qui
1173 671 1263 710 eas
1291 654 1535 725 erogavit
1561 648 1906 723 pauperibus,
1938 645 1984 700 si

379 747 444 804 iis
481 748 702 804 amissis
741 747 941 818 gratias
967 747 1163 816 egeris,
1192 757 1244 800 ct
1271 761 1394 800 cum
1425 759 1613 815 posses
1645 745 1723 798 ire
1751 742 1816 796 ad
1845 739 1984 793 divi-

377 851 619 906 natores,
641 839 945 896 sustinuisti
973 855 1065 896 eas
1090 839 1264 909 potius
1293 854 1400 892 non
1432 838 1698 906 accipere,
1720 850 1878 905 quam
1908 834 1984 888 sic

372 933 646 1002 accipere.
679 931 814 986 Nam
842 932 979 986 sicut
1007 932 1098 987 ille
1124 940 1345 1001 propter
1373 930 1469 985 Dei
1501 939 1700 983 metum
1726 943 1818 982 eas
1848 927 1984 981 ell'u-

370 1027 450 1081 dit
483 1027 538 1082 in
566 1041 768 1098 egenos
796 1030 902 1081 :ita
931 1035 987 1081 tu
1014 1041 1228 1097 quoque
1253 1035 1470 1096 propter
1497 1024 1590 1079 Dei
1614 1033 1834 1088 metum,
1861 1039 1982 1077 cum

373 1120 446 1174 illi
474 1121 812 1189 rapuissent,
844 1134 951 1174 non
983 1119 1256 1187 recepisti.
1296 1118 1351 1172 lu
1395 1127 1577 1172 nostra
1605 1125 1690 1172 est
1719 1125 1982 1187 potestate

373 1222 428 1267 ut
450 1213 536 1267 vel
561 1227 659 1267 nos
684 1212 830 1283 ipsos
851 1213 1046 1281 injuria
1069 1213 1386 1277 afficiamus,
1415 1212 1500 1268 vel
1531 1226 1634 1266 non
1663 1228 1675 1265 :
1701 1211 1753 1265 itt
1781 1210 1982 1265 nullius

371 1315 554 1364 autem
592 1306 838 1361 alterius.
884 1307 952 1361 Et
981 1308 1023 1361 si
1053 1307 1212 1361 vultis
1232 1348 1247 1371 ,
1277 1308 1329 1362 in
1357 1307 1474 1378 ipso
1500 1306 1641 1361 furto
1669 1321 1782 1360 rem
1808 1307 1981 1376 agite-

372 1414 512 1452 mus.
548 1396 658 1452 Fur
684 1415 899 1453 murum
927 1399 1218 1470 perfregit,
1256 1399 1545 1455 thalamum
1574 1409 1656 1454 est
1687 1401 1977 1470 ingressus,

373 1507 497 1545 vasa
539 1492 849 1562 exportavit
875 1508 1035 1547 aurea
1069 1493 1243 1564 magni
1277 1493 1469 1563 pretii,
1498 1501 1551 1548 et
1576 1508 1815 1564 gemmas
1857 1508 1979 1564 pre-

373 1584 566 1648 tiosas;
613 1592 669 1637 et
700 1593 757 1637 ut
787 1583 956 1638 semel
983 1584 1156 1638 dicam
1176 1626 1192 1652 ,
1237 1585 1503 1656 integrum
1535 1586 1738 1640 amovit
1765 1586 1978 1640 thesau-

375 1690 532 1742 rum,
588 1689 688 1730 nec
741 1675 838 1730 fuit
901 1675 1348 1747 comprehensus.
1405 1677 1580 1734 Grave
1625 1677 1839 1748 quidem
1895 1684 1979 1733 est

373 1765 513 1836 quod
563 1766 764 1822 factum
812 1776 917 1833 est,
951 1778 1006 1822 et
1049 1767 1247 1823 damno
1290 1784 1410 1824 esse
1451 1785 1540 1824 res
1577 1769 1808 1836 videtur,
1845 1784 1980 1824 nou-

375 1860 498 1914 dum
529 1870 612 1914 est
641 1867 862 1926 autem;
905 1859 1001 1916 sed
1048 1861 1101 1915 in
1145 1870 1194 1916 te
1232 1861 1393 1916 situm
1439 1870 1523 1916 est
1565 1870 1620 1917 ut
1667 1862 1719 1917 id
1767 1863 1838 1918 sit
1880 1862 1977 1917 tibi

378 1955 464 2015 vel
510 1955 704 2011 damno
751 1957 836 2014 vel
886 1955 1056 2016 luero.
1103 1957 1172 2015 Et
1213 1957 1514 2027 quomodo,
1562 1958 1752 2028 inquit,
1800 1967 1978 2029 potest

385 2047 485 2101 hoc
512 2062 632 2102 esse
658 2047 842 2105 lucro?
873 2049 986 2118 Ego
1014 2049 1234 2104 tentabo
1259 2050 1547 2106 ostendere
1572 2050 1865 2121 quomodo.
1897 2050 1976 2106 Te

385 2140 593 2194 wleute
639 2139 742 2195 erit
782 2156 1034 2211 tnagtunn
1079 2142 1309 2207 lucrum,
1337 2153 1391 2198 et
1421 2144 1464 2198 si
1496 2143 1735 2198 nolueris
1756 2185 1769 2209 ,
1803 2144 1976 2214 majus

380 2231 628 2286 damnum
672 2248 834 2301 quam
879 2233 1021 2304 quod
1071 2232 1188 2289 fuit.
1235 2234 1370 2289 Nam
1409 2236 1625 2290 sicutiu
1653 2236 1971 2302 artificibus,

374 2321 611 2393 subjecta
638 2324 886 2387 materia,
920 2324 967 2380 is
1005 2325 1222 2395 quidem
1253 2327 1342 2396 qui
1369 2335 1449 2382 est
1475 2325 1682 2397 peritus
1711 2329 1843 2382 artis
1863 2369 1877 2394 ,
1911 2343 1974 2384 ea

372 2416 440 2477 ad
481 2415 626 2488 quod
668 2427 884 2488 oportet
924 2419 1125 2485 utitur;
1173 2419 1456 2489 imperitus
1491 2430 1668 2476 autem
1708 2423 1886 2492 perdit
1923 2433 1976 2478 et.

372 2511 688 2580 corrumpit,
721 2521 776 2565 et
806 2520 864 2567 ut
897 2511 998 2568 sibi
1028 2510 1226 2568 damno
1252 2513 1322 2566 sit
1345 2512 1511 2568 eilicit
1543 2531 1556 2567 :
1592 2515 1662 2568 ita
1706 2517 1866 2570 etiam
1917 2517 1972 2569 iu

373 2604 453 2658 bis
481 2605 663 2660 rebus.
691 2604 974 2672 Quomodo
1000 2621 1129 2676 ergo
1149 2607 1253 2660 erit
1282 2606 1527 2661 lucrum?
1558 2607 1612 2663 Si
1643 2608 1753 2662 Deo
1772 2609 1972 2678 gratias

370 2699 564 2766 egeris,
593 2699 636 2752 si
669 2714 775 2752 non
806 2699 991 2768 lugeas
1018 2716 1118 2754 nec
1146 2701 1336 2769 ejules,
1369 2701 1414 2755 si
1441 2700 1558 2755 Jobi
1590 2703 1750 2756 verba
1778 2703 1924 2757 dicas
1954 2722 1968 2758 :

369 2788 622 2844 Dominus
649 2791 812 2856 dedit,
843 2790 1094 2847 Dominus
1125 2793 1373 2849 abstulit:
1409 2795 1578 2848 nudus
1606 2811 1718 2848 sum
1744 2812 1972 2866 egressus

368 2899 432 2943 ea:
459 2893 600 2936 utero
628 2883 810 2938 matris
837 2899 982 2952 mete,
1013 2884 1182 2937 nudus
1219 2885 1373 2938 etiam
1411 2886 1557 2939 abibo
1585 2888 1602 2954 (
1626 2885 1724 2940 Job
1756 2889 1805 2940 1.
1836 2887 1898 2941 21
1927 2890 1967 2958 ).

368 2973 502 3043 Quid
548 2973 709 3039 dicis,
758 2973 1018 3028 Dominus
1064 2973 1323 3030 abstulit?
1368 2975 1452 3030 fur
1489 2977 1728 3040 abstulit,
1759 2985 1974 3048 etqum

369 3067 529 3122 modo
572 3068 798 3137 poteris,
832 3068 1020 3138 inquit,
1055 3068 1258 3135 dicere,
1301 3069 1559 3125 Dominus
1593 3071 1853 3126 abstulit?
1895 3072 1971 3128 Ne

369 3161 580 3223 mireris
611 3179 622 3214 :
654 3161 854 3215 etenim
885 3161 982 3216 Job
1003 3176 1122 3231 quae
1145 3161 1390 3216 diabolus
1419 3163 1656 3230 abstulit,
1682 3163 1776 3228 Ea,
1811 3163 1967 3231 dixit,

370 3251 621 3312 Dominus
651 3252 878 3307 abstulit.
921 3254 976 3309 Si
1011 3252 1194 3310 autem
1226 3255 1314 3309 ille
1342 3256 1421 3310 sic
1449 3271 1612 3311 ausus
1638 3267 1720 3311 est
1748 3259 1929 3314 dicere
1953 3299 1966 3325 ,

369 3345 639 3414 quomodo
665 3362 783 3414 quae
810 3343 900 3408 fur
920 3350 1148 3414 accepit,
1175 3363 1279 3402 non
1308 3347 1456 3402 dices
1481 3347 1769 3404 abstulisse
1799 3350 1971 3404 Domi-

374 3438 538 3489 mun?
567 3436 735 3502 Quem
764 3439 999 3502 miraris,
1029 3439 1344 3510 dic,qumso,
1374 3457 1568 3496 eumue
1594 3443 1680 3512 qui
1713 3457 1806 3496 sua
1837 3443 1971 3498 ell'u-

375 3530 452 3592 dit
478 3531 527 3584 in
556 3546 848 3601 pauperes,
879 3547 948 3587 an
973 3531 1166 3587 Jobum
1200 3541 1420 3604 propter
1449 3533 1564 3588 lucc
1599 3535 1796 3591 verba?
1841 3552 1967 3590 lltlttt

371 3624 460 3678 ille
487 3626 573 3696 qui
605 3635 731 3680 tunc
761 3641 868 3680 nou
898 3625 1068 3690 dedit,
1095 3626 1271 3680 minus
1305 3626 1464 3682 habet
1490 3642 1650 3697 quam
1681 3629 1768 3698 qui
1799 3629 1968 3684 dedc-

368 3718 531 3774 runt?
555 3718 634 3772 Ne
660 3720 826 3784 dicas,
857 3718 972 3773 Non
1008 3719 1178 3774 habeo
1203 3720 1463 3789 gratiam;
1493 3736 1598 3774 non
1628 3737 1692 3775 ex
1721 3721 1826 3777 tuei
1849 3721 1967 3776 ani-

365 3811 436 3869 mi
464 3811 738 3865 sententia
765 3824 852 3865 res
876 3809 974 3864 fuit
1001 3825 1015 3863 :
1046 3826 1132 3864 me
1161 3825 1260 3865 nec
1284 3811 1489 3866 scit-nte
1516 3826 1615 3866 nec
1647 3814 1859 3867 voicnte
1887 3813 1970 3868 fur

363 3903 616 3973 accepit:
649 3917 900 3973 qmcnam
948 3901 1052 3958 erit
1093 3903 1336 3958 merces?
1384 3903 1567 3972 Neque
1617 3907 1820 3960 sciente
1870 3921 1970 3960 nec

363 3995 577 4050 Volcttte
599 3993 739 4050 Jobo
763 3993 877 4048 lucc
898 3994 1107 4064 accepit
1133 4012 1144 4047 :
1170 3993 1439 4064 quomodo
1460 3995 1644 4050 enim?
1671 3997 1764 4051 sed
1791 4007 1967 4053 tamen

361 4081 684 4143 decertavit.
717 4086 869 4141 Licet
893 4095 1075 4141 autem
1117 4086 1210 4141 tibi
1253 4095 1452 4141 tantam
1482 4088 1729 4157 accipere
1758 4105 1967 4146 merce.

361 4182 508 4248 dem,
541 4191 796 4251 quantam
820 4182 863 4236 si
886 4195 978 4236 eas
1007 4190 1093 4235 tua
1118 4190 1310 4250 sponte
1340 4180 1654 4251 abjecisses.
1687 4182 1756 4237 Et
1777 4186 1969 4240 merito

360 4272 508 4340 hunc
536 4274 709 4344 magis
733 4273 1064 4328 admiramur
1095 4273 1184 4344 qui
1211 4272 1433 4344 injurias
1461 4285 1614 4344 grato
1637 4274 1737 4330 fert
1762 4277 1964 4344 animo,

358 4382 524 4434 quam
553 4380 678 4420 eum
701 4364 792 4434 qui
823 4364 914 4418 dat
936 4379 1032 4420 sua
1057 4372 1269 4434 sponte.
1310 4365 1527 4432 Quare?
1571 4364 1836 4433 Quoniam
1882 4366 1970 4423 hic

358 4461 584 4529 quidem
627 4457 874 4516 laudibus
911 4459 1072 4513 alitur
1101 4466 1158 4514 et
1181 4459 1532 4526 conscientia,
1563 4469 1618 4514 et
1648 4459 1843 4515 bonam
1873 4461 1970 4515 ha-

357 4553 447 4619 bet
480 4568 662 4624 spem,
693 4561 747 4608 et
774 4567 894 4606 cum
924 4553 1167 4623 pecuniae
1199 4554 1552 4622 privationem
1586 4555 1732 4626 prius
1758 4555 1970 4614 fortiter

359 4647 597 4711 tulisset,
631 4655 758 4699 tunc
785 4660 904 4700 eam
940 4643 1138 4713 abjecit
1167 4660 1180 4696 :
1215 4643 1305 4699 ille
1330 4653 1462 4700 vero
1485 4688 1500 4712 ,
1529 4661 1650 4702 cum
1682 4648 1760 4703 cis
1793 4648 1970 4704 adhuc

356 4747 509 4794 esset
555 4736 846 4807 alligatus,
884 4736 934 4790 vi
981 4737 1080 4790 fuit
1121 4737 1400 4806 spoliatus.
1447 4738 1564 4794 Non
1612 4750 1738 4795 sunt
1787 4753 1966 4798 autem

355 4832 532 4900 paria,
557 4845 679 4885 cum
711 4831 858 4901 prius
887 4829 1050 4885 fueris
1072 4845 1360 4901 persuasus
1384 4842 1440 4886 ut
1466 4847 1494 4885 a
1527 4835 1766 4902 pecuniis
1796 4837 1972 4893 disce.

354 4923 540 4988 dercs,
566 4939 660 4976 cas
688 4923 759 4977 ita
782 4921 1056 4986 effudisse,
1082 4932 1137 4978 et
1163 4937 1287 4977 cum
1317 4939 1406 4978 eas
1431 4923 1610 4980 adhue
1642 4927 1966 4996 possideres,

354 5017 437 5072 eis
482 5030 609 5070 esse
649 5016 935 5086 privatum.
984 5011 1040 5069 Si
1088 5016 1202 5068 hinc
1249 5014 1412 5069 verba
1460 5015 1694 5084 dixeris,
1738 5020 1968 5087 accipies

359 5109 749 5180 multiplicata,
805 5119 862 5164 et
909 5110 1070 5181 longe
1128 5111 1284 5180 plura
1339 5127 1500 5181 quam
1533 5110 1654 5165 Job.
1687 5111 1822 5167 Nam
1875 5113 1966 5168 ille

358 5201 591 5270 quidem
637 5200 724 5255 bic
769 5201 983 5270 accepit
1024 5200 1260 5270 duplicia
1301 5201 1415 5269 (Job
1466 5201 1596 5272 42);
1636 5202 1734 5257 tibi
1781 5211 1963 5257 autem

358 5294 622 5349 Christus
673 5293 762 5348 hic
808 5293 1080 5362 pollicitus
1137 5301 1220 5348 est
1272 5294 1610 5364 centuplum.
1670 5294 1787 5351 Non
1849 5295 1966 5351 bla-

359 5384 666 5454 spltemasti
696 5395 921 5454 propter
960 5394 1168 5439 metum
1202 5386 1316 5448 Dei,
1341 5402 1452 5439 non
1495 5402 1626 5441 usus
1661 5402 1720 5441 es
1757 5386 1966 5441 divina-

361 5479 597 5541 toribus,
631 5477 832 5547 gratias
879 5477 1036 5546 egisti
1079 5477 1234 5532 malis
1290 5477 1568 5532 allectus?
1598 5491 1658 5532 es
1684 5479 1884 5533 similis
1914 5477 1964 5532 ei

356 5569 454 5637 qui
501 5568 750 5638 despexit
801 5587 814 5622 :
861 5569 1065 5623 etenim
1114 5569 1228 5622 lucc
1280 5585 1393 5623 non
1449 5568 1586 5623 fiunt
1640 5569 1747 5624 nisi
1814 5569 1965 5638 prius

358 5661 707 5730 despexeris.
749 5662 870 5715 Non
911 5671 1040 5716 sunt
1067 5670 1248 5716 autem
1295 5663 1463 5732 paria,
1497 5662 1670 5717 multo
1721 5671 1965 5732 tempore

361 5753 620 5808 meditari
653 5753 936 5824 despicere
964 5755 1247 5825 pecunias,
1273 5763 1329 5808 et
1363 5755 1506 5810 ferre
1525 5755 1784 5810 damnum
1819 5755 1962 5825 quod

360 5854 593 5930 repetite
640 5845 919 5915 reciderit.
976 5847 1064 5912 Sic
1109 5846 1370 5903 damnum
1419 5846 1652 5918 cllicitur
1703 5847 1959 5917 lucrum,

1181 355 1249 413 IN
1290 352 1504 412 EPIST.
1549 353 1566 407 1
1635 353 1724 408 Al)
1765 345 2096 407 TllESS.\L.
2125 347 2273 404 CAP.
2308 348 2392 405 ΙΙΙ.
2433 351 2668 409 llOMlL.
2701 355 2790 410 lll.

3579 359 3686 415 ΛΗ

2096 469 2150 516 ει
2178 463 2314 518 nihil
2347 473 2398 519 te
2436 467 2610 533 laedet,
2642 469 2736 523 sed
2778 469 2944 525 etiam
2990 471 3082 527 tibi
3131 472 3372 543 proderit
3413 474 3682 531 diabolus.

2169 555 2222 608 ti.
2287 552 2569 620 Quomodo
2633 567 2810 612 autem
2868 558 2924 612 fit
2972 562 3134 616 etiam
3183 579 3346 634 grave
3393 565 3692 626 damnum?

2094 641 2320 712 Quando
2367 647 2621 702 damnum
2661 651 2931 720 acceperit
2973 655 3173 709 anima.
3219 655 3312 712 Die
3339 658 3482 713 enim
3515 661 3641 716 mihi
3674 681 3690 720 :

2095 734 2179 789 fur
2219 745 2270 792 te
2312 740 2538 807 privavit
2582 743 2864 810 pecuniis?
2894 752 2946 798 tu
2984 760 3082 799 cur
3110 755 3161 801 te
3188 748 3361 818 ipsum
3392 752 3574 820 privas
3605 771 3694 809 sa-

2094 827 2242 882 lute?
2279 845 2447 899 quare
2476 831 2664 887 dolens
2697 843 2915 904 propter
2951 838 3087 891 mala
3129 855 3249 909 quae
3295 856 3482 911 passus
3522 862 3583 900 es
3625 849 3694 902 ab

2092 918 2230 984 aliis,
2270 922 2384 990 ipse
2429 931 2480 977 te
2524 923 2577 977 in
2624 924 2774 991 plura
2820 927 2960 980 mala
3009 928 3221 1000 injieis?
3251 932 3344 988 llle
3377 945 3428 992 te
3460 936 3692 995 fortasse

2091 1014 2319 1083 conjecit
2351 1017 2400 1069 iu
2432 1027 2837 1086 paupertatem;
2888 1031 2941 1076 tu
2976 1033 3026 1078 te
3055 1035 3234 1081 autern
3279 1033 3511 1088 maxime
3538 1033 3691 1091 lmdis

2091 1108 2142 1163 iu
2169 1110 2448 1182 praecipuis
2482 1113 2611 1168 :ille
2639 1123 2690 1168 te
2714 1117 2954 1171 externis
2985 1119 3216 1187 privavit
3245 1123 3606 1193 facultatibus,
3638 1142 3693 1184 et

2088 1216 2208 1272 quae
2239 1204 2320 1258 vel
2353 1215 2403 1261 te
2430 1205 2596 1260 invito
2616 1218 2740 1262 sunt
2763 1218 2946 1278 postea
2976 1213 3293 1282 resilituraz;
3328 1225 3382 1272 tu
3404 1230 3582 1274 autem
3610 1223 3691 1276 di-

2089 1294 2242 1349 vitias
2271 1305 2504 1351 wternas
2536 1299 2628 1352 tibi
2669 1299 2772 1369 ipsi
2808 1301 3020 1357 adimis.
3053 1303 3130 1360 Te
3159 1306 3403 1363 diabolus
3430 1313 3688 1368 modestia

2085 1387 2264 1444 affecit
2308 1390 2501 1445 ablatis
2547 1394 2828 1462 pecuniis?
2866 1396 3041 1466 ipsqu
3087 1409 3140 1453 tu
3185 1416 3399 1472 quoque
3443 1406 3688 1461 molestia

2085 1480 2240 1536 aflice
2265 1485 2468 1552 gratias
2494 1500 2691 1555 agens;
2725 1502 2793 1542 ne
2821 1489 2870 1543 ei
2895 1489 3134 1546 lwtitiam
3162 1494 3357 1550 alfcras
3384 1515 3398 1551 :
3427 1498 3474 1552 si
3505 1515 3598 1554 eas
3621 1503 3689 1557 ad

2083 1571 2437 1642 divinatores,
2465 1575 2647 1632 laetitia
2678 1579 2879 1645 alt’icis;
2911 1583 2954 1636 si
2991 1583 3102 1638 Deo
3127 1600 3255 1656 agas
3282 1591 3518 1659 gratias,
3554 1593 3688 1650 leta-

2083 1663 2190 1718 lem
2218 1666 2426 1736 plagam
2463 1669 2511 1723 ci
2552 1669 2770 1740 inlligis.
2815 1671 2948 1728 Vide
2978 1684 3157 1731 autem
3188 1679 3316 1749 quid
3345 1679 3473 1736 liat:
3511 1701 3688 1757 neque

2084 1756 2228 1825 ipsas
2278 1759 2540 1828 invenies,
2573 1763 2616 1817 si
2661 1763 2822 1819 iveris
2852 1766 2917 1820 ad
2949 1767 3313 1839 divinatores;
3361 1789 3468 1830 non
3510 1756 3688 1847 potest

2081 1849 2224 1903 enim
2266 1866 2386 1907 esse
2428 1862 2486 1908 ut
2529 1855 2603 1909 illi
2649 1856 2850 1925 sciant;
2895 1859 3038 1930 quod
3088 1861 3132 1916 si
3181 1864 3342 1920 etiam
3387 1868 3680 1939 aliquando

2081 1957 2210 1997 casu
2265 1943 2536 2012 dixerint,
2592 1959 2646 2004 et
2697 1951 2934 2006 animam
2979 1964 3238 2024 praeterea
3297 1961 3495 2028 perdis,
3536 1975 3590 2019 et
3646 1981 3677 2022 τι

2082 2033 2339 2090 fratribus
2370 2038 2474 2092 tuis
2506 2038 2839 2108 irrideberis,
2872 2053 2923 2097 et
2956 2060 3047 2099 eas
3074 2061 3267 2102 rursus
3297 2051 3439 2106 male
3469 2055 3682 2123 perdes.

2083 2127 2304 2184 Daemon
2343 2131 2485 2185 enim
2529 2133 2705 2188 sciens
2748 2143 2798 2190 te
2836 2151 2942 2190 non
2985 2153 3140 2210 ωειυο
3179 2142 3358 2198 animo
3404 2144 3547 2201 ferre
3585 2148 3683 2202 da-

2082 2234 2290 2288 mnum,
2319 2221 2412 2277 sed
2442 2237 2538 2292 pro
2567 2223 2652 2279 his
2678 2228 2842 2281 etiam
2871 2228 3036 2283 Deum
3069 2239 3216 2286 tuum
3246 2248 3463 2304 negare,
3496 2254 3685 2295 rursus

2081 2311 2174 2366 dat
2216 2315 2491 2383 pecunias,
2522 2326 2579 2371 ut
2610 2316 2805 2374 habeat
2831 2324 3171 2378 occasionem
3208 2334 3262 2380 te
3301 2327 3602 2398 decipiendi
3631 2344 3684 2388 et

2081 2404 2352 2462 efliciendi
2384 2416 2442 2462 ut
2469 2408 2712 2465 delicias.
2746 2411 2899 2482 Quod
2932 2414 2975 2468 si
3008 2414 3170 2470 etiam
3204 2416 3386 2472 dicant
3411 2419 3683 2480 divinato-

2080 2516 2198 2567 res,
2234 2516 2301 2555 ne
2332 2503 2600 2558 tniremiui
2634 2523 2650 2560 :
2681 2505 2893 2562 dmmou
2940 2518 3022 2564 est
3070 2511 3422 2583 incorporeus
3447 2557 3461 2583 ,
3505 2521 3684 2573 oumis

2079 2593 2194 2647 obit
2214 2593 2362 2648 orbis
2389 2603 2587 2664 partes,
2618 2597 2732 2666 ipse
2759 2609 2934 2653 armat
2955 2599 3193 2657 latrones
3225 2621 3238 2656 :
3265 2620 3369 2658 non
3401 2608 3542 2662 enim
3567 2608 3684 2665 hare

2079 2685 2214 2740 fiunt
2253 2687 2457 2760 absque
2485 2689 2751 2746 daunone.
2784 2692 2839 2748 Si
2873 2709 3000 2764 ergo
3030 2711 3125 2750 eos
3152 2707 3358 2764 armat,
3389 2700 3490 2754 scit
3517 2703 3680 2757 etiam

2078 2780 2169 2834 ubi
2201 2781 2306 2835 illae
2348 2792 2473 2837 sunt
2514 2784 2767 2854 reposita:
2800 2804 2812 2840 :
2843 2803 2945 2841 non
2982 2789 3192 2858 ignorat
3222 2805 3350 2846 suos
3379 2793 3678 2851 ministros.

2079 2873 2196 2928 Non
2243 2882 2326 2929 est
2370 2885 2549 2931 autem
2599 2878 2701 2932 hoc
2746 2879 2941 2933 mirtuu
2975 2900 2986 2934 :
3019 2883 3064 2935 si
3108 2892 3159 2936 te
3190 2883 3384 2938 viderit
3423 2887 3683 2942 damnum

2078 2981 2223 3036 mgre
2251 2965 2536 3034 ferentem,
2569 2980 2625 3022 et
2654 2969 2884 3024 alterum
2913 2971 3102 3028 all‘erct
3135 2991 3147 3026 :
3181 2974 3224 3028 si
3254 2984 3304 3029 te
3338 2977 3531 3032 viderit
3561 2980 3683 3036 irri-

2077 3058 2296 3113 dentetu
2346 3067 2402 3114 et
2447 3059 2859 3130 despicientem,
2891 3063 2957 3117 ab
2986 3063 3086 3118 hac
3116 3065 3200 3120 via
3244 3068 3483 3124 recedet.
3531 3069 3682 3128 Sicut

2078 3153 2222 3206 enim
2253 3167 2350 3206 nos
2372 3153 2438 3206 iis
2467 3151 2730 3208 afticimus
2755 3155 2999 3210 inimicos
3025 3158 3218 3227 quibus
3240 3175 3332 3214 eos
3357 3146 3678 3232 pungimus;

2077 3243 2355 3298 sinautem
2384 3243 2674 3299 viderimus
2702 3261 2915 3300 eosuou
2945 3247 3150 3318 dolere,
3178 3249 3436 3321 deinceps
3466 3255 3683 3310 desisti-

2078 3351 2219 3402 tnus,
2239 3336 2405 3406 utqui
2430 3352 2535 3390 non
2559 3339 2823 3407 possimus
2848 3341 3094 3396 mordere
3113 3361 3125 3396 :
3142 3343 3212 3397 ita
3232 3344 3392 3398 etiam
3410 3345 3676 3404 diabolus.

2150 3426 2406 3482 Pecunias
2455 3441 2774 3490 contemnere
2813 3433 3014 3489 suadet.
3034 3465 3107 3474 ——
3135 3434 3272 3502 Quid
3300 3437 3472 3493 dicis?
3499 3454 3678 3496 annon

2080 3523 2233 3579 vides
2277 3540 2372 3579 eos
2408 3526 2498 3594 qui
2542 3527 2593 3580 in
2641 3528 2775 3581 mari
2822 3531 3094 3600 navigant,
3127 3533 3397 3602 quomodo
3427 3537 3682 3605 pecunias

2079 3630 2184 3668 non
2211 3625 2404 3671 curent
2429 3618 2474 3671 si
2505 3627 2622 3671 orta
2650 3618 2722 3672 sit
2748 3627 3041 3689 tempestas
3065 3663 3078 3688 ,
3112 3624 3206 3678 sed
3240 3625 3401 3679 etiam
3434 3642 3560 3684 suas
3587 3629 3680 3684 ab-

2071 3711 2261 3780 jiciant
2287 3709 2605 3766 facultates?
2629 3721 2684 3766 et
2714 3728 2874 3768 nemo
2895 3714 3042 3779 dicit,
3066 3715 3203 3784 Quid
3233 3716 3386 3785 facis,
3416 3736 3450 3775 o
3482 3721 3682 3778 homo?

2078 3812 2133 3862 tu
2160 3819 2282 3858 cum
2314 3814 2632 3874 tempestate
2658 3805 2792 3860 facis
2812 3816 2864 3861 ct
2888 3806 3207 3878 naufragio?
3237 3811 3546 3882 priusquam
3578 3816 3681 3869 llu-

2076 3906 2194 3951 ctus
2224 3895 2318 3950 tibi
2344 3895 2607 3951 ademerit
2629 3896 2862 3962 divitias,
2890 3907 2943 3952 tu
2975 3898 3078 3953 tuis
3106 3902 3352 3956 manibus
3386 3901 3488 3958 hoc
3517 3903 3682 3960 facis?

2076 4007 2174 4047 cur
2200 4000 2326 4044 ante
2360 3989 2698 4060 naufragium
2743 3999 2795 4046 te
2836 3992 2888 4046 in
2937 3995 3278 4064 nautragium
3325 3995 3537 4066 injicis?
3576 3998 3680 4054 Sed

2079 4083 2195 4138 haec
2223 4081 2440 4154 quidem
2471 4081 2671 4136 dixerit
2712 4083 2977 4150 rusticus,
3012 4096 3067 4140 et
3113 4087 3278 4141 maris
3319 4090 3679 4157 procellarqu

2078 4177 2296 4247 ignarus
2327 4191 2340 4229 :
2373 4175 2449 4230 rei
2477 4185 2655 4230 autem
2688 4177 2918 4230 nauticae
2942 4179 3165 4246 peritus,
3193 4189 3248 4233 et
3272 4180 3360 4248 qui
3391 4181 3492 4236 Scit
3518 4199 3681 4238 accu~

2076 4278 2190 4323 rate
2216 4267 2343 4338 qttid
2372 4266 2571 4322 efficiat
2603 4268 3045 4338 tranquillitatem
3072 4310 3086 4334 ,
3119 4269 3246 4338 quid
3277 4282 3676 4340 tempestatem,

2075 4373 2198 4412 eum
2229 4360 2318 4428 qui
2352 4358 2469 4413 haec
2496 4359 2626 4413 dicit
2653 4359 2814 4413 etiam
2847 4359 3093 4415 irridebit
3125 4379 3136 4414 :
3168 4361 3460 4432 Propterea
3488 4366 3633 4422 enim
3660 4408 3676 4431 ,

2077 4451 2270 4522 inquit,
2295 4450 2458 4521 jacio,
2489 4466 2556 4506 ne
2585 4449 2780 4505 fluctus
2809 4451 3060 4507 obruant.
3105 4451 3178 4508 lla
3210 4454 3374 4509 etiam
3415 4473 3595 4511 rerum
3629 4471 3680 4515 ct

2079 4543 2434 4598 tentatiouum
2459 4559 2578 4614 qua:
2603 4543 2656 4597 in
2680 4542 2781 4598 hac
2803 4553 2932 4599 sunt
2959 4545 3061 4599 vita
3087 4547 3312 4616 peritus,
3338 4565 3459 4604 cum
3483 4551 3682 4608 viderit

2078 4637 2363 4692 imminere
2406 4645 2804 4708 tempestatem,
2834 4639 3216 4719 et'spiritualia
3262 4643 3514 4711 nequitia:
3561 4660 3681 4714 qum

2080 4733 2271 4786 volunt
2301 4730 2480 4786 facere
2510 4731 2847 4801 naufragium
2873 4773 2888 4798 ,
2921 4731 3107 4800 abjieit
3132 4733 3273 4802 quod
3306 4743 3390 4788 est
3414 4735 3680 4805 reliquum

2078 4825 2342 4897 pecuniat.
2377 4825 2688 4880 Admissum
2715 4833 2798 4879 est
2830 4825 2880 4879 in
2910 4834 2962 4880 te
2992 4824 3235 4880 furtum?
3266 4825 3347 4882 fac
3371 4827 3679 4903 clecmosy-

2077 4935 2224 4982 nam,
2259 4927 2311 4973 et
2337 4919 2508 4973 levius
2532 4918 2713 4973 reddis
2741 4919 3032 4988 navigium.
3068 4918 3380 4987 llapuerunt
3405 4921 3681 4980 latrones?

2079 5022 2132 5067 tu
2160 5011 2377 5066 Christo
2407 5011 2472 5064 da
2501 5009 2756 5079 reliquias
2785 5025 2798 5062 :
2833 5011 2912 5064 sic
2951 5024 3068 5064 eam
3111 5026 3231 5080 quin
3275 5013 3426 5082 prius
3474 5017 3682 5072 exstitit

2077 5105 2347 5161 solaberis
2369 5112 2758 5174 paupertatem.
2779 5101 2974 5158 Levius
2997 5102 3162 5160 redde
3187 5106 3480 5177 navigium,
3509 5124 3574 5163 ne
3596 5126 3682 5165 rc-

2079 5197 2250 5251 tineas
2273 5211 2334 5250 ea
2363 5211 2482 5264 qua:
2513 5203 2847 5260 manserunt,
2883 5210 2951 5249 ne
2973 5195 3173 5266 scapha
3205 5197 3485 5253 obruatur.
3517 5198 3594 5254 llti
3629 5213 3686 5256 ut

2077 5300 2296 5347 servent
2331 5304 2589 5360 corpora,
2620 5290 2843 5360 ejiciunt
2888 5291 3300 5362 supellcctilem,
3342 5309 3444 5349 nec
3485 5310 3683 5366 exspe—

2077 5393 2227 5439 ctant
2270 5383 2396 5438 dum
2441 5383 2700 5454 ingruens
2737 5382 2930 5438 ﬂuctus
2970 5374 3180 5439 evertat
3209 5389 3465 5457 scapham
3498 5409 3510 5444 :
3543 5398 3596 5442 tu
3627 5401 3686 5444 ut

2077 5492 2262 5531 serves
2291 5476 2518 5542 animas,
2545 5491 2650 5529 non
2675 5475 2940 5544 reprimes
2971 5474 3342 5546 naufragium?
3374 5479 3676 5534 Periculum

2079 5566 2414 5636 facite.rogo,
2445 5568 2487 5621 si
2512 5584 2617 5621 non
2647 5567 2902 5633 credatis,
2933 5576 2987 5621 et
3019 5567 3270 5624 videbitis
3298 5569 3522 5639 gloriam
3559 5572 3676 5627 Dei.

2077 5663 2302 5732 Quando
2325 5664 2416 5718 tibi
2445 5663 2644 5734 aliquid
2670 5664 2879 5718 molesti
2899 5664 3203 5733 contigerit,
3225 5663 3287 5718 da
3322 5666 3500 5721 Statim
3530 5668 3682 5724 elre-

2078 5773 2355 5830 mosynam
2383 5797 2399 5823 ,
2427 5758 2627 5829 gratias
2673 5773 2771 5827 age
2818 5756 2960 5829 quod
3011 5758 3334 5827 contigerit;
3377 5768 3430 5814 ct
3476 5761 3682 5826 videbis

2081 5858 2338 5929 quantum
2385 5849 2575 5908 subeat
2622 5851 2892 5921 gaudium.
2945 5849 3175 5906 Lucrum
3205 5853 3346 5909 cnim
3378 5852 3678 5923 spiritualc,
