4140 6488
459 338 565 396 413

457 448 666 509 ctiantsi
695 448 766 504 sit
792 461 1038 519 parvum,
1071 452 1274 500 tantum
1301 449 1384 496 est
1406 449 1464 495 ut
1487 453 1648 493 omne
1676 432 1971 491 abscondat
1988 440 2045 487 et

461 545 712 599 obscuret
751 539 1001 594 damnum
1038 536 1339 605 corporale.
1383 528 1646 599 Quamdiu
1688 526 1854 581 habes
1898 523 2042 594 quod

459 636 556 688 des
578 633 812 698 Christo,
840 646 901 686 es
928 630 1099 684 dives.
1131 628 1458 696 Dic,qu-.eso,
1489 623 1533 677 si
1568 621 1659 675 tibi
1687 619 1918 689 spoliato
1949 632 2043 671 rex

460 724 724 781 accedens
751 736 965 777 manum
995 719 1197 785 tendat,
1227 730 1423 785 rogans
1453 724 1512 768 ut
1541 729 1572 767 a
1599 722 1650 767 te
1679 710 1877 781 aliquid
1906 707 2033 763 acci-

463 819 594 888 piat,
622 830 802 869 annon
842 823 893 868 te
931 808 1325 866 existimaveris
1350 805 1591 861 omnium
1631 802 1976 865 ditissimum,
2000 797 2046 852 si

464 926 531 965 nc
560 917 678 977 post
719 916 917 961 tantam
943 903 1157 973 quidem
1190 909 1557 971 paupertatem
1604 897 1678 951 tui
1728 894 1921 964 pudeat
1963 906 2048 945 re-

461 1000 621 1071 gem?
650 998 726 1053 Ne
752 996 1071 1066 abripiaris;
1122 1003 1175 1048 te
1215 992 1388 1046 solum
1434 1003 1648 1059 supera,
1680 996 1735 1041 et
1770 982 2048 1053 superabis

464 1093 684 1151 insidias
708 1088 927 1147 diaboli.
971 1086 1122 1142 Licet
1151 1084 1247 1139 tibi
1279 1097 1468 1153 magna
1509 1078 1723 1135 lucrari.
1771 1074 2045 1144 Despicia-

463 1202 583 1240 mus
624 1183 856 1244 divitias,
888 1188 947 1234 ut
987 1195 1053 1232 ne
1095 1176 1453 1245 despiciamus
1481 1172 1737 1226 animam.
1769 1163 2047 1233 Quomodo

462 1285 646 1333 autem
685 1270 1038 1342 despexeris?
1068 1267 1183 1322 Non
1212 1265 1401 1320 videtis
1429 1262 1681 1332 pra-clara
1717 1272 1964 1327 corpora,
1991 1262 2048 1309 ct

462 1381 557 1424 eos
593 1366 681 1436 qui
720 1364 860 1433 capti
897 1368 1022 1416 sunt
1058 1373 1246 1414 eorum
1289 1372 1495 1420 amore,
1538 1350 1789 1423 quamdiu
1830 1348 2045 1419 quidem

462 1470 588 1516 sunt
627 1461 679 1513 in
723 1463 1036 1526 conspectu,
1065 1450 1375 1507 accenditur
1401 1447 1560 1518 ignis,
1593 1443 1832 1513 exsurgit
1861 1441 2043 1512 splen-

461 1552 587 1608 dida
633 1550 878 1611 ﬂamma;
928 1553 1209 1616 postquam
1253 1549 1431 1595 autem
1472 1538 1735 1609 quispiam
1765 1551 1827 1591 ea
1860 1531 2047 1604 procul

463 1640 784 1707 abduxerit,
823 1637 1085 1693 exstincta
1111 1642 1236 1690 sunt
1262 1631 1441 1687 omnia
1467 1637 1524 1686 et
1546 1628 1757 1698 sepita?
1785 1626 1859 1682 lla
1885 1625 2046 1680 etiam

461 1739 516 1793 in
545 1734 744 1791 divitiis
772 1751 787 1788 :
813 1745 972 1786 nemo
995 1744 1185 1783 aurum
1214 1727 1314 1781 sibi
1343 1730 1637 1793 comparet,
1660 1735 1818 1776 nemo
1841 1716 2044 1787 lapides

1240 328 1300 387 8.
1341 324 1619 386 JOANNIS
1655 315 2127 379 CIIRYSOSTOMI
2167 316 2483 374 ARCHIEP.
2522 317 3058 376 CONSTANTINOP.

3628 331 3738 387 “6

2159 431 2422 505 pretiosos
2443 472 2458 498 ,
2502 447 2661 487 nemo
2690 440 2907 502 torques
2932 443 2984 488 et
3010 431 3228 488 monilia
3260 449 3274 488 :
3304 448 3371 489 ea
3395 435 3522 491 dum
3549 438 3737 495 viden-

2150 530 2255 588 tur,
2291 524 2533 577 inescant
2558 524 2763 578 oculos.
2794 524 2849 579 Si
2875 526 2954 577 vis
2976 541 3097 580 esse
3115 525 3266 581 dives
3292 536 3348 580 ut
3378 538 3604 595 veteres,
3629 547 3737 588 non

2152 616 2204 670 in
2233 631 2365 670 auro
2389 616 2642 682 ditescas,
2671 616 2766 671 sed
2798 617 2852 672 in
2890 617 3051 673 rebus
3090 623 3425 686 necessariis,
3472 630 3526 675 ut
3574 624 3735 678 etiam

2150 716 2333 778 parata
2364 708 2487 762 aliis
2513 707 2880 763 distribuenda
2912 709 3146 777 habeas;
3192 726 3260 767 ne
3287 715 3616 768 ornamentis
3642 715 3740 770 de-

2151 801 2366 857 lecteris
2394 818 2409 855 :
2440 801 2702 871 ejusmodi
2741 801 2941 856 divitia:
2969 812 3152 872 patent
3191 804 3398 858 insidiis
3426 805 3694 861 latronum
3719 847 3735 871 ,

2151 902 2206 947 et
2250 892 2404 947 nobis
2452 893 2693 963 praebent
2735 894 3140 950 sollicitudines.
3184 893 3300 949 Non
3329 909 3454 949 vasa
3485 911 3645 949 aurea
3684 909 3740 951 et

2152 993 2404 1053 argentea
2434 985 2679 1054 posside;
2725 985 2819 1040 sed
2861 988 2970 1040 sint
3008 986 3283 1056 apothecae
3314 987 3593 1053 frumenti,
3627 987 3735 1042 vini

2152 1084 2207 1131 ct
2229 1076 2334 1131 olei
2363 1093 2377 1129 :
2409 1076 2536 1140 sint,
2568 1091 2673 1130 non
2707 1083 2764 1130 ut
2794 1092 2976 1131 rursus
3001 1077 3231 1131 venditat
3258 1078 3539 1146 pecuniam
3570 1078 3742 1131 conli-

2151 1170 2296 1224 ciant
2317 1209 2331 1234 ,
2361 1169 2453 1223 sed
2482 1176 2539 1222 ut
2565 1178 2852 1238 erogentur
2880 1169 3179 1238 egentibus.
3230 1168 3285 1225 Si
3321 1183 3418 1223 nos
3448 1168 3737 1224 abduxeri-

2154 1276 2274 1316 mus
2299 1260 2366 1315 ab
2392 1260 2498 1314 illis
2533 1261 2946 1330 supervacaneis
2971 1302 2985 1326 ,
3028 1274 3378 1329 assequemur
3406 1259 3547 1315 bona
3581 1260 3738 1314 cmle‘

2154 1354 2277 1418 stia,
2323 1366 2442 1420 quae
2483 1352 2637 1406 nobis
2683 1352 2931 1407 omnibus
2970 1352 3223 1421 consequi
3253 1351 3412 1405 detur
3440 1352 3494 1406 in
3522 1350 3738 1406 Christo

2152 1443 2278 1498 Jesu
2310 1443 2535 1497 Domino
2564 1451 2769 1508 nostro,
2800 1458 2920 1498 cum
2950 1458 3056 1512 quo
3087 1442 3231 1496 Patri
3258 1442 3521 1511 simulque
3551 1453 3737 1496 sancto

2154 1532 2374 1606 Spiritui
2403 1534 2593 1603 gloria,
2620 1541 2877 1602 potestas,
2904 1543 2958 1587 et
2999 1534 3193 1600 honor,
3224 1548 3364 1588 nunc
3403 1542 3459 1589 et.
3498 1547 3733 1602 semper,

2152 1637 2207 1681 et
2231 1627 2284 1681 iu
2315 1625 2509 1682 saecula
2537 1624 2875 1680 saeculorum.
2904 1627 3096 1679 Amen.

476 1804 3713 1851 ______________~——————————,__

1942 1850 2293 1914 HOMILIA
2337 1849 2445 1909 IV.

463 1976 594 2032 CAP.
626 1975 677 2029 3.
708 1989 758 2027 v.
789 1971 844 2027 5.
890 1966 1176 2039 Pr0pterea
1205 1974 1250 2018 et
1280 1979 1370 2031 ego
1396 1960 1617 2032 amplius
1645 1974 1746 2012 non
1770 1956 2044 2017 sustinens,

538 2066 653 2121 misi
704 2064 774 2118 ad
812 2058 1209 2134 cognoscendam
1237 2056 1386 2126 ﬁdtnt
1428 2064 1662 2118 vestrum,
1685 2061 1747 2105 ne
1779 2052 1906 2120 forte
1935 2057 2045 2100 ten-

536 2160 713 2217 taverit
740 2174 824 2213 vos
849 2158 892 2211 is
918 2152 1001 2227 qui
1030 2162 1206 2215 teutat,
1241 2159 1288 2205 et
1332 2148 1498 2202 inanis
1534 2146 1625 2213 ﬁat
1670 2142 1813 2198 labor
1856 2147 2044 2193 noster.

538 2253 593 2308 6.
629 2250 782 2306 Nunc
807 2257 973 2302 autent
1000 2248 1224 2300 veniente
1261 2241 1328 2294 ad
1355 2256 1444 2294 nos
1474 2235 1739 2291 Timotheo
1764 2250 1796 2286 a
1822 2231 1979 2295 vobis,
2002 2236 2049 2281 et

539 2343 872 2399 annuntiante
892 2340 1034 2395 nobis
1061 2338 1213 2406 ﬁdem
1237 2343 1281 2388 et
1301 2333 1563 2388 caritatem
1590 2336 1825 2390 vestram,
1849 2332 1894 2377 et
1913 2320 2050 2393 quod

539 2436 837 2491 memoriam
882 2432 1042 2487 nostri
1084 2428 1277 2483 habetis
1315 2440 1532 2494 semper,
1579 2420 1919 2474 desiderantes
1958 2430 2050 2467 nos

538 2529 727 2596 videre,
756 2527 885 2581 sicut
914 2533 961 2579 et
1004 2539 1097 2578 nos
1130 2535 1327 2592 quoque
1365 2533 1451 2571 vos
1503 2531 1521 2570 :
1566 2515 1620 2568 7.
1650 2511 1764 2566 ideo
1803 2505 2051 2563 consolati

538 2637 733 2687 sumus,
761 2624 966 2692 fratres,
999 2616 1051 2669 in
1098 2613 1256 2678 vobis,
1286 2613 1339 2665 in
1369 2609 1508 2665 ontni
1548 2606 1842 2661 necessitate
1883 2611 1931 2655 et
1956 2599 2050 2653 tri-

538 2713 794 2769 bulatione
813 2718 987 2764 nostra
1015 2723 1104 2777 per
1130 2705 1284 2775 ﬁdem
1310 2712 1562 2758 vestram:
1582 2698 1637 2753 8.
1660 2696 1900 2765 quoniam
1919 2708 2053 2746 nunc

539 2805 770 2867 vivimus,
802 2802 847 2856 si
874 2816 958 2854 vos
982 2797 1129 2853 statis
1149 2798 1200 2850 in
1225 2793 1467 2848 Domino.

541 2901 597 2954 1.
638 2895 963 2964 Proponitur
995 2890 1149 2945 nobis
1180 2886 1339 2943 hodie
1360 2882 1608 2955 quastio,
1640 2894 1759 2950 quat
1801 2892 1831 2931 a
1873 2875 2054 2931 multis

466 2990 746 3062 qitwritur,
781 2996 837 3040 et
880 2982 1116 3052 undique
1154 2978 1442 3046 colligitur.
1472 2976 1730 3040 Quaenam
1769 2978 1851 3023 est
1875 2977 2052 3022 autem

466 3057 731 3153 qttuzstio?
763 3075 1043 3145 PrOpterea
1079 3082 1126 3125 et
1156 3085 1268 3141 ego,
1293 3066 1484 3136 inquit,
1521 3063 1741 3133 amplius
1770 3076 1871 3113 non
1898 3057 2055 3113 sustin

469 3152 611 3236 nens,
645 3170 744 3225 nisi
774 3166 1093 3221 Timotheum
1118 3162 1185 3214 ad
1209 3156 1611 3230 cognoscendam
1638 3152 1790 3221 [idem
1816 3160 2053 3205 vestram.

467 3264 606 3335 Quid
650 3261 823 3318 dicis?
853 3258 943 3330 qui
994 3265 1102 3310 tam
1150 3252 1315 3307 multa
1365 3250 1482 3315 scit,
1512 3247 1601 3317 qui
1645 3244 1848 3300 audivit
1895 3242 2056 3296 verba

468 3332 684 3419 arcana,
743 3352 833 3423 qui
877 3350 942 3404 ad
989 3345 1205 3401 tertium
1245 3357 1415 3411 usque
1460 3337 1649 3394 cmlnm
1700 3334 1961 3401 ascendit,
2011 3332 2057 3386 is

475 3466 582 3504 non
616 3446 784 3509 novit,
819 3443 978 3512 idque
1009 3453 1130 3493 eum
1180 3435 1252 3489 sit
1282 3431 1549 3488 Athenis?
1596 3443 1916 3500 quamquam
1958 3440 2057 3479 nec

474 3552 724 3609 magnum
756 3527 1432 3589 intercedatintervallum,
1454 3537 1628 3593 neque
1655 3522 1727 3575 ita
1757 3518 1959 3589 pridem
1988 3517 2057 3571 ab

474 3634 553 3688 eis
578 3633 649 3686 sit
676 3625 994 3698 separatus?
1021 3621 1199 3677 Urbati
1219 3620 1386 3681 enim,
1412 3619 1602 3687 inquit,
1625 3632 1656 3668 a
1681 3613 1818 3668 vobis
1841 3612 1908 3665 ad
1936 3621 2060 3665 tent-

476 3740 571 3795 pus
615 3722 757 3775 hora:
787 3718 983 3789 (Supra
1009 3716 1064 3769 ἓ.
1100 3714 1213 3783 Π).
1244 3711 1360 3767 Non
1391 3709 1540 3765 novit
1567 3709 1728 3778 igitur
1754 3706 1871 3760 talis
1897 3703 2062 3758 homo

473 3830 563 3872 res
609 3807 1195 3870 Tltcssalonicensinm,
1243 3803 1337 3859 sed
1389 3815 1611 3857 necesse
1642 3798 1800 3852 habet
1847 3795 2062 3850 mittere

474 3901 819 3961 Tiumtheum
868 3900 934 3952 ad
988 3894 1415 3966 cognoscendam
1483 3891 1643 3944 tidem
1688 3901 1875 3942 eorum
1918 3904 1931 3939 :
1980 3883 2065 3938 Ne

486 3999 637 4066 forte,
668 3991 860 4063 inquit,
905 3987 1166 4042 tentaverit
1197 4000 1281 4038 vos
1308 3986 1351 4038 is
1381 3983 1469 4055 qui
1513 3990 1691 4045 tentat,
1715 3989 1761 4032 et
1781 3978 1947 4032 inanis
1972 3977 2064 4045 [iat

481 4087 626 4146 labor
652 4083 858 4138 uoster?
896 4079 1033 4148 Quid
1067 4078 1226 4148 igitur
1253 4074 1449 4130 dixerit
1478 4072 1707 4143 aliquis?
1749 4085 1854 4125 non
1886 4069 2064 4124 omnia

483 4195 644 4236 nosse
674 4174 925 4233 sanctos?
953 4172 1009 4228 Id
1040 4179 1220 4225 autem
1245 4185 1310 4224 ex
1338 4168 1519 4222 multis
1559 4166 1831 4227 didiceris,
1874 4178 2066 4232 nempe

477 4282 539 4329 et
584 4287 614 4327 a
668 4268 874 4340 primis,
906 4275 959 4319 et
1007 4264 1073 4319 iis
1120 4277 1239 4332 qua:
1280 4269 1404 4315 sunt
1457 4267 1641 4328 postea
1698 4265 2061 4326 consequuta:

485 4368 630 4422 velut
660 4364 890 4419 Elismus
918 4360 1180 4431 ignoravit
1200 4357 1267 4411 de
1295 4354 1518 4409 muliere
1549 4352 1625 4425 (4.
1655 4348 1785 4420 Reg.
1806 4350 1896 4411 ti):
1922 4348 2068 4402 velut

484 4458 631 4515 Elius
660 4454 872 4512 dicebat
901 4454 1030 4517 Deo,
1065 4450 1173 4521 Ego
1200 4449 1403 4501 relictus
1432 4461 1542 4498 sum
1567 4442 1730 4505 solus,
1764 4450 1810 4493 et
1837 4447 2067 4507 quierunt

484 4554 706 4614 animam
733 4564 895 4603 meant
926 4544 1001 4618 (ὃ.
1029 4542 1156 4613 Reg.
1182 4542 1270 4596 19.
1298 4539 1384 4595 10.
1412 4536 1525 4607 18).
1551 4536 1837 4605 Propterea
1865 4531 2067 4585 audivit

486 4662 515 4701 tt
564 4645 691 4708 Deo,
727 4639 928 4709 Reliqui
961 4637 1085 4690 mihi
1133 4643 1323 4700 septem
1370 4629 1535 4683 millia
1575 4629 1797 4681 virorum
1828 4625 1903 4695 (i.
1939 4625 2064 4690 Reg.

489 4736 578 4796 l6.
602 4736 682 4807 7).
707 4732 775 4788 Et
798 4728 1015 4786 Samuel
1042 4738 1227 4782 rursus
1247 4721 1464 4794 quando
1496 4721 1692 4774 missus
1720 4718 1820 4771 luit
1848 4732 1875 4768 a
1905 4712 2070 4769 David

490 4805 798 4898 ungendum
833 4841 845 4877 :
897 4821 1063 4886 Dixit,
1092 4817 1284 4884 inquit,
1312 4816 1358 4867 ei
1397 4812 1687 4866 Dominus:
1718 4807 1801 4862 Ne
1838 4805 2071 4860 attendas

489 4922 601 4992 ejus
643 4916 882 4988 speciem,
909 4927 1067 4980 neque
1115 4908 1342 4963 habitum
1386 4902 1749 4975 magnitudinis
1782 4900 1915 4970 ejus,
1943 4911 2072 4966 quo-

488 5013 625 5067 niam
673 5025 787 5063 eunt
834 5005 981 5060 nihili
1012 5002 1109 5073 feci
1143 4998 1425 5068 :quouiam
1472 5012 1575 5049 non
1626 5002 1881 5062 tamquam
1925 4989 2074 5041 homo

486 5103 669 5160 videbit
702 5099 880 5153 Deus:
927 5097 1073 5149 homo
1105 5091 1239 5146 enim
1278 5089 1471 5143 vultum
1516 5085 1744 5155 aspiciet,
1784 5097 1870 5134 cor
1908 5089 2077 5133 autem

488 5195 652 5251 Deus.
687 5190 800 5245 Hoc
825 5198 1005 5241 autem
1037 5183 1098 5238 ﬁt
1133 5196 1324 5251 magna
1358 5178 1453 5234 Dei
1484 5192 1611 5231 cura
1640 5185 1694 5230 et
1719 5169 2073 5243 providentia.

489 5283 773 5357 Quomodo
798 5290 851 5336 et
877 5291 1108 5349 quanam
1137 5272 1379 5328 ratione?
1411 5269 1478 5324 Et
1514 5274 1734 5338 propter
1781 5264 1925 5333 ipsos
1950 5275 2077 5316 san-

490 5352 630 5445 ctos,
672 5386 726 5429 et
757 5381 977 5444 preptcr
1022 5382 1115 5422 eos
1143 5365 1234 5436 qui
1284 5364 1414 5432 ipsis
1439 5359 1683 5415 credunt.
1736 5354 1886 5411 Sicut
1935 5352 2078 5407 enim

493 5474 607 5541 ipse
634 5465 891 5539 permittit
920 5462 1031 5518 tieri
1056 5457 1516 5530 pcrsequutioues,
1537 5453 1608 5507 ita
1629 5451 1790 5506 etiam
1823 5451 1935 5519 ipse
1959 5462 2079 5517 per-

496 5539 661 5616 mittit
687 5575 782 5614 eos
828 5557 994 5612 multa
1039 5555 1308 5623 ignorare,
1338 5559 1397 5602 ut
1425 5546 1490 5600 ad
1537 5543 1751 5598 modum
1798 5539 2080 5611 quemdam

497 5651 843 5707 reducantur.
892 5646 1181 5714 PrOpterea
1224 5641 1420 5695 Paulus
1445 5649 1657 5706 quoque
1686 5632 1933 5687 dicebat:
1969 5628 2082 5683 Da-

500 5752 583 5796 tus
623 5750 694 5793 est
723 5740 846 5792 mihi
876 5735 1111 5792 stimulus
1151 5733 1316 5795 carni,
1349 5729 1559 5801 angelus
1584 5736 1780 5781 satana:
1804 5734 1857 5779 ut
1887 5741 1964 5777 me
1992 5739 2083 5776 co-

504 5831 722 5904 taphizet
751 5828 826 5902 (2.
858 5829 979 5884 Cor.
1008 5829 1091 5884 l2.
1124 5826 1205 5896 '7),
1242 5841 1307 5882 nc
1339 5824 1560 5880 nimium
1591 5820 1850 5887 extollar;
1886 5826 1939 5877 ct
1967 5831 2087 5873 rur-

2155 1964 2266 2014 sus,
2297 1964 2364 2004 ne
2392 1948 2482 2002 alii
2526 1963 2716 2018 magna
2745 1947 2814 2002 de
2858 1947 2963 2002 illis
3010 1947 3454 2018 imaginarentur.
3497 1948 3552 2004 Si
3598 1950 3739 2003 enim

2153 2056 2219 2094 ex
2257 2040 2425 2109 signis
2463 2055 2557 2093 eos
2588 2055 2708 2093 esse
2738 2040 2870 2093 deos
2896 2040 3273 2094 existimarunt
3313 2042 3449 2111 (Act.
3494 2043 3577 2097 14.
3625 2044 3738 2113 ill),

2156 2132 2325 2185 multo
2355 2132 2523 2200 magis
2554 2132 2597 2184 si
2637 2141 2898 2200 perpetuo
2924 2131 3253 2185 mansissent
3282 2133 3514 2186 scientes
3539 2134 3739 2188 omnia.

2155 2224 2222 2278 Et
2256 2224 2370 2293 ipse
2401 2237 2588 2277 rursus
2611 2223 2742 2276 dicit
2766 2239 2779 2274 :
2833 2219 2917 2273 Ne
2944 2221 3059 2289 quis
3086 2221 3148 2274 de
3176 2238 3255 2274 me
3283 2224 3464 2292 cogitet
3495 2240 3650 2291 supra
3688 2225 3742 2276 id

2155 2316 2289 2385 quod
2317 2316 2448 2368 videt
2476 2330 2583 2367 esse
2626 2330 2725 2377 me,
2756 2322 2845 2365 aut
2883 2328 2946 2365 ea:
2985 2327 3063 2365 me
3106 2313 3250 2365 audit
3281 2313 3475 2383 aliquid
3507 2314 3581 2383 (‘2.
3619 2311 3738 2369 Cor.

2158 2408 2246 2462 12.
2275 2408 2353 2477 ti).
2379 2407 2444 2460 Et
2474 2421 2661 2460 rursus
2688 2405 2813 2460 audi
2843 2405 3060 2459 Petrum
3090 2405 3379 2470 dicentem,
3412 2407 3625 2475 quando
3651 2424 3746 2462 cu-

2157 2500 2296 2554 ravit
2325 2497 2611 2553 claudum:
2649 2496 2786 2564 Quid
2833 2512 2923 2550 nos
2966 2497 3085 2564 ﬁxis
3130 2496 3358 2565 aspicitis
3389 2497 3570 2563 oculis,
3615 2508 3745 2550 tant-

2157 2608 2311 2660 quam
2351 2600 2526 2645 nostra
2556 2591 2736 2644 virtute
2779 2598 2866 2643 aut
2899 2590 3084 2658 pietate
3126 2589 3394 2657 fecerimus
3425 2606 3537 2642 eum
3567 2590 3746 2643 ambu-

2158 2683 2266 2735 lare
2295 2682 2433 2751 (Act.
2464 2682 2517 2736 5.
2573 2680 2703 2751 12)?
2733 2680 2788 2735 Si
2836 2689 3021 2733 autem
3069 2678 3154 2733 his
3203 2679 3315 2733 haec
3345 2680 3651 2734 dicentibus
3692 2689 3749 2735 et

2159 2774 2497 2839 facientibus,
2530 2772 2617 2827 vel
2659 2787 2726 2827 ex
2776 2772 2957 2842 parvis
2997 2772 3076 2825 sic
3103 2771 3416 2826 oriebantur
3444 2786 3619 2840 pravae
3650 2785 3744 2826 su-

2158 2866 2462 2935 spiciones;
2512 2864 2681 2919 multo
2709 2865 2879 2932 magis
2924 2878 2990 2917 ex
3023 2864 3250 2933 magnis.
3284 2862 3453 2917 Porro
3482 2864 3584 2916 alia
3614 2878 3748 2933 quo-

2159 2972 2265 3029 que
2291 2956 2358 3011 de
2382 2970 2543 3011 causa
2581 2957 2696 3009 lucc
2727 2954 3197 3024 permittebantur.
3224 2952 3357 3007 Nam
3387 2969 3454 3008 ne
3483 2955 3746 3023 quispiam

2162 3057 2345 3121 posset
2383 3049 2585 3114 dicere,
2616 3048 2779 3116 ipsos,
2815 3045 2958 3117 quod
2988 3046 3232 3099 homines
3263 3060 3368 3099 non
3413 3054 3613 3110 essent,
3661 3061 3747 3101 res

2165 3151 2340 3198 tantas
2382 3141 2639 3212 gessisse,
2670 3150 2831 3210 atque
2876 3139 2947 3193 ita
2978 3152 3167 3193 omnes
3197 3136 3390 3192 tierent
3434 3136 3652 3192 desides
3694 3148 3749 3193 et

2163 3235 2382 3305 supini:
2417 3243 2698 3305 propterea
2729 3232 2965 3286 ostendit
2994 3245 3180 3285 eorum
3213 3230 3654 3299 imbecillitatem,
3691 3243 3750 3287 ut

2163 3327 2389 3397 ingratis
2423 3326 2617 3380 animis
2643 3322 2989 3395 impudentia:
3015 3338 3229 3378 omnem
3259 3333 3562 3392 amputaret
3591 3339 3749 3379 ocea-

2163 3421 2398 3475 siouem.
2431 3418 2725 3487 Propterea
2776 3415 3025 3487 ignorat;
3084 3423 3369 3485 propterea
3423 3416 3582 3470 etiam
3626 3430 3748 3470 cum

2163 3527 2309 3582 sa'pe
2341 3511 2712 3580 proposuisset
2738 3508 2947 3573 venire,
2976 3521 3081 3561 non
3109 3506 3277 3569 venit,
3308 3515 3365 3559 ut
3391 3505 3597 3561 discant
3626 3521 3752 3562 eum

2164 3605 2331 3659 multa
2364 3601 2591 3656 nescire.
2635 3601 2713 3655 Ex
2745 3601 2846 3653 hoc
2873 3614 3004 3669 ergo
3044 3599 3267 3653 tnultum
3314 3599 3623 3667 capiebatur
3665 3599 3752 3653 lu-

2166 3710 2342 3749 crum.
2374 3693 2628 3761 AliOquin
2671 3691 2814 3746 enim
2845 3691 3006 3745 etiam
3047 3690 3124 3744 sic
3148 3698 3303 3745 erant
3347 3690 3520 3744 adlmc
3548 3690 3636 3759 qui
3666 3689 3752 3745 di.

2167 3794 2373 3849 cerent,
2417 3784 2560 3838 hunc
2579 3797 2703 3838 esse
2729 3797 2975 3853 magnam
3008 3781 3098 3834 Dei
3134 3782 3404 3847 virtutem,
3434 3792 3488 3836 et
3514 3782 3604 3836 alii
3629 3797 3751 3836 eum

2167 3892 2289 3932 esse
2336 3875 2481 3930 hunc
2518 3884 2574 3929 et
2621 3875 2792 3928 illum.
2824 3873 2879 3928 Si
2933 3874 3046 3926 hasc
3077 3888 3183 3927 non
3230 3873 3365 3927 facta
3395 3882 3596 3940 essent,
3625 3873 3753 3943 quid

2170 3984 2276 4023 non
2306 3966 2748 4023 existimassem?
2780 3965 3001 4020 Videtur
3029 3975 3208 4019 autem
3237 3966 3323 4019 hic
3351 3981 3471 4020 esse
3510 3965 3752 4032 quaedam

2170 4076 2355 4115 eorum
2388 4057 2774 4129 reprehensio;
2823 4057 2919 4112 sed
2962 4057 3008 4112 si
3036 4057 3157 4127 quis
3198 4065 3404 4111 attente
3427 4058 3751 4123 consideret,

2169 4156 2339 4211 multo
2369 4153 2539 4224 magis
2580 4152 2782 4207 indicat
2818 4166 2911 4206 eos
2940 4165 3061 4205 esse
3090 4149 3454 4214 admirabiles,
3494 4159 3547 4203 et
3577 4158 3757 4203 osten-

2171 4248 2316 4304 ditur
2356 4246 2710 4303 tentationum
2761 4245 3123 4313 exsuperatio.
3165 4240 3464 4309 Quomodo,
3518 4240 3755 4295 attende.

2174 4342 2302 4397 Nam
2346 4341 2389 4395 si
2421 4341 2502 4396 eis
2550 4339 2699 4409 prius
2739 4336 2942 4399 dixisti,
2991 4334 3059 4388 In
3101 4334 3195 4389 hoc
3241 4334 3394 4405 positi
3436 4350 3632 4397 smnus,
3678 4341 3754 4398 et,

2170 4434 2341 4490 Nemo
2385 4430 2754 4494 conturbetur,
2803 4444 2899 4481 cur
2947 4441 3133 4481 rursus
3179 4426 3347 4479 mittis
3390 4424 3754 4489 'l‘immhenm,

2174 4528 2370 4579 timens
2398 4537 2462 4576 ne
2484 4522 2610 4591 quid
2639 4522 2731 4573 liat
2757 4534 2823 4572 ex
2851 4519 2916 4571 iis
2939 4533 3058 4587 qua:
3087 4533 3192 4571 non
3234 4517 3352 4571 vis?
3404 4517 3518 4572 Hoc
3542 4515 3759 4586 quidem

2174 4616 2301 4670 facit
2346 4629 2413 4668 ex
2461 4612 2628 4666 multa
2666 4610 2955 4664 dilectione
2998 4627 3011 4662 :
3058 4623 3178 4662 nam
3207 4608 3298 4678 qui
3327 4607 3570 4678 diligunt,
3599 4607 3760 4660 etiam

2175 4723 2296 4778 qua}
2339 4714 2467 4761 sunt
2512 4714 2644 4767 tuta,
2674 4711 2922 4771 suspecta
2965 4699 3163 4755 habent
3192 4716 3255 4753 ex
3288 4714 3481 4768 magno
3513 4698 3759 4752 ferVore:

2179 4798 2304 4851 facit
2342 4797 2506 4851 etiam
2550 4807 2769 4864 propter
2813 4793 3014 4846 multas
3066 4794 3409 4845 tentationes.
3468 4788 3601 4843 Nam
3653 4787 3762 4841 dixi

2178 4887 2490 4959 quidem,ln
2519 4889 2614 4941 hoc
2636 4903 2811 4941 sumus
2855 4887 3037 4954 positi;
3093 4881 3403 4954 magnitudo
3445 4891 3622 4934 autem
3652 4895 3765 4933 nta-

2180 4981 2352 5035 lorum
2378 4996 2463 5035 me
2493 4979 2702 5034 terruit.
2748 4977 3109 5045 Quamobrem
3140 4990 3246 5029 non
3274 4973 3425 5037 dixit,
3455 4970 3523 5028 Ut
3552 4972 3643 5041 qui
3671 4987 3767 5027 vos

2180 5073 2583 5128 condemnarim
2638 5071 2833 5133 mitto;
2882 5074 3008 5133 sed,
3063 5066 3182 5119 Non
3227 5066 3446 5133 amplius
3491 5064 3767 5128 sustinens,

2181 5166 2323 5236 quod
2355 5164 2524 5234 magis
2547 5170 2665 5217 erat
2692 5160 2963 5214 amicitiat.
2996 5158 3130 5225 Quid
3155 5169 3236 5212 est
3260 5198 3274 5223 ,
3306 5154 3390 5209 Ne
3429 5156 3560 5225 forte
3605 5164 3770 5208 tenta-

2182 5260 2247 5312 rit
2288 5273 2374 5311 vos
2418 5258 2461 5310 is
2511 5255 2599 5324 qui
2644 5252 2843 5307 tentet?
2891 5250 3053 5306 Vides
3099 5247 3238 5320 quod
3285 5248 3336 5302 in
3388 5245 3772 5303 tentationibus

2188 5351 2373 5405 labare
2416 5358 2498 5402 est
2545 5346 2866 5401 diabolicum
2894 5384 2910 5409 ,
2940 5352 2995 5396 et
3037 5356 3101 5395 ex
3149 5340 3411 5395 diabolica
3459 5337 3772 5393 seductione

2186 5440 2408 5497 ortum?
2448 5439 2583 5494 Nam
2630 5434 2844 5506 quando
2883 5449 2982 5489 nos
3029 5435 3175 5502 ipsos
3218 5448 3325 5485 non
3368 5432 3622 5501 potuerit,
3667 5427 3774 5481 al.o

2191 5533 2351 5589 modo
2382 5548 2477 5603 per
2508 5546 2606 5585 nos
2635 5527 2885 5583 labefacit
2930 5525 3347 5580 imbecilliores:
3380 5521 3521 5593 quod
3558 5519 3774 5589 quidem

2190 5636 2274 5682 est
2299 5625 2533 5681 maxime
2562 5620 2965 5685 imbecillitatis,
2995 5626 3050 5671 et
3075 5633 3193 5686 qua:
3236 5615 3435 5670 nullant
3482 5614 3546 5665 ha
3585 5619 3641 5665 et
3665 5624 3764 5663 ex-

2191 5721 2525 5776 cusationem
2557 5733 2571 5771 :
2615 5716 2753 5770 sicut
2781 5712 2905 5770 fecit
2935 5713 2986 5766 in
3015 5710 3137 5777 Job,
3173 5709 3391 5764 incitata
3421 5720 3625 5762 uxore:
3656 5702 3775 5769 Dte,

2202 5814 2393 5889 inquit,
2445 5808 2652 5881 aliquod
2696 5806 2900 5864 verbum
2946 5814 3122 5861 contra
3170 5801 3470 5870 Dominum,
3497 5809 3544 5853 et
3577 5810 3777 5851 morere
