4140 6488
547 342 654 399 M7

530 456 663 528 ϐολὴ
691 456 801 510 τῶν
848 455 1035 509 κακῶν
1062 453 1296 524 ἐφόϐησέ
1339 470 1426 524 με.
1458 452 1546 507 Διδ
1576 453 1676 506 οὑκ
1708 445 1980 517 εἷπεν,ὃτι
2006 451 2124 503 Κα-

530 545 763 613 ταγνοὺς
809 544 964 613 ὑμῶν
985 542 1319 605 ἀποστέλλω,
1353 540 1752 607 ἀλλά,Μηκέτι
1792 538 2055 607 στένων·
2092 537 2122 590 δ

536 631 734 702 μᾶλλον
765 630 945 698 φιλίας
972 625 1057 697 ἦν.
1086 628 1151 682 Τί
1176 631 1315 689 ἐστι,
1339 628 1433 694 Μή
1457 644 1582 694 πως
1618 628 1941 696 ἐπείρασεν
1969 622 2127 694 ὑμᾶς

533 721 567 771 ὁ
589 715 917 785 πειράζων;
944 715 1108 786 Ὁρᾷς
1132 716 1213 769 ὅτι
1245 715 1305 769 τὸ
1330 718 1389 770 ἐν
1413 717 1532 778 ταῖς
1562 713 1775 783 θλίψεσι
1802 711 2126 767 σαλεύεσθαι

530 802 840 857 διαϐολικόν
876 804 1015 865 ἐστι,
1035 802 1132 856 κα)⁵
1158 804 1255 873 τῆς
1281 802 1493 856 ἐκείνου
1523 801 1883 874 παρατροπῆς
1905 818 1920 865 ;
1953 800 2127 854 ὀταν

534 891 642 960 7&9
675 891 821 960 ἡμᾶς
854 889 1055 953 αὑτοὺς
1098 889 1173 961 μὴ
1219 889 1443 960 δυνηθῇ,
1477 889 1678 960 ἑτέρως
1708 886 1775 941 δι’
1806 886 1964 957 ἡμῶν
2001 887 2128 947 τοὺς

533 977 960 1047 ἀσθενεστέρους
1015 975 1425 1047 παρασαλεύειο
1480 976 1621 1046 ὅπερ
1679 972 2128 1044 ὑπερϐαλλούσης

533 1063 818 1126 ἀσθενείας
839 1062 978 1127 ἐστὶ,
1003 1063 1098 1116 καὶ
1115 1063 1374 1133 οὐδεμίαν
1396 1061 1628 1133 ἐχούσης
1648 1060 1967 1128 ἀπολογίαν
1989 1060 2126 1113 καθ-

539 1157 682 1225 άπερ
709 1152 802 1206 ἐπὶ
826 1151 919 1205 τοῦ
951 1150 1071 1206 Ἰὼϐ
1114 1153 1403 1223 πεποίηκε,
1441 1152 1542 1222 τὴν
1569 1152 1803 1220 γυναῖκα
1827 1149 2095 1220 διεγείρας
2110 1165 2124 1179 ⁸

538 1238 684 1293 Εἰπέ
719 1256 776 1291 τι
820 1237 1009 1307 ῥῆμα,
1052 1239 1207 1308 φησὶ,
1239 1240 1387 1308 πρὸς
1433 1240 1674 1304 Κύριον,
1714 1237 1812 1290 καί
1854 1237 2126 1290 τελεύτα.

545 1325 654 1377 Ἴδε
688 1323 802 1388 πῶς
837 1324 1006 1394 αὑτὴν
1052 1325 1331 1395 ἐπείρασε.
1364 1325 1461 1378 Διά
1506 1324 1558 1377 τί
1597 1324 1654 1378 δέ
1687 1322 1761 1395 μὴ
1793 1318 1966 1387 εἶπεν,
1998 1323 2128 1377 ἐσά-

540 1413 753 1477 λευσεν,
803 1412 941 1479 ἀλλ’,
1004 1413 1392 1481 Ἐπείρασεν;
1432 1413 1556 1465 Ὀτι
1612 1411 1886 1478 τοσοῦτον,
1939 1412 2126 1481 φησὶν,

541 1500 875 1553 ὑπώπτευσα
908 1498 1088 1568 μόνον,
1119 1501 1241 1553 ὅσον
1292 1497 1655 1569 πειρασθῆναι
1708 1500 1883 1570 ὑμᾶς·
1925 1498 1988 1552 οὑ
2020 1498 2128 1569 γὰρ

539 1587 602 1659 δὴ
633 1587 731 1657 τὴν
774 1590 967 1658 πεῖραν
1006 1587 1173 1641 αὑτοῦ
1207 1587 1367 1642 σάλον
1394 1586 1571 1640 καλεῖ.
1615 1587 1672 1640 '0
1706 1587 1815 1658 7&9
1840 1587 2129 1657 δεχόμενος

462 1717 468 1723 .
540 1673 704 1728 αὑτοῦ
735 1674 831 1746 τὴν
877 1674 1202 1747 προσϐολὴν,
1232 1673 1520 1745 ἐσαλεύθη.
1564 1673 1767 1727 Βαϐαῖε
1804 1674 1944 1745 πόση
1979 1674 2130 1742 φιλοο

544 1761 770 1832 στοργία
797 1761 891 1815 τοῦ
926 1760 1141 1816 Παύλου
1163 1779 1175 1794 ·
1208 1762 1308 1815 οὑκ
1342 1761 1536 1833 ἔμελεν
1578 1761 1729 1831 αὑτῷ
1756 1760 1865 1814 τῶν
1897 1760 2130 1830 θλίψεων

541 1849 663 1903 οὐδὲ
686 1848 798 1902 τῶν
826 1846 1151 1906 ἐπιϐουλῶν.
1179 1845 1345 1918 Οἶμαι
1382 1850 1493 1919 γὰρ
1530 1848 1691 1903 αὑτὸν
1719 1850 1835 1902 ἐκεῖ
1868 1848 1989 1901 τότε
2029 1865 2129 1918 με-

547 1937 842 2011 μενηκέναι
861 1952 877 1969 ⁸
904 1937 1158 2007 καθάπερ
1192 1937 1359 2008 φησὶν
1382 1937 1411 1989 ὀ
1444 1938 1679 2002 Λουκᾶς,
1706 1937 1787 1990 ὅτι
1816 1937 1874 1990 ἐν
1902 1938 1968 2006 τῇ
2008 1936 2129 1989 Ἐλ-

546 2024 666 2078 λάδι
714 2024 895 2095 Ιμεινε
945 2024 1231 2094 τρίμηνον,
1274 2024 1577 2095 γενομένης
1635 2022 1786 2093 αύτῷ
1838 2024 2130 2095 ἐπιϐουλῆς

546 2113 653 2166 ὑπὸ
679 2110 788 2165 τῶν
835 2112 1126 2166 Ἰουδαίων.

617 2200 684 2270 β’.
699 2199 812 2253 Οὑκ
828 2198 1018 2269 ἔμελεν
1034 2195 1128 2252 οὑν
1144 2196 1293 2269 αὑτῷ
1308 2196 1417 2251 τῶν
1441 2196 1717 2262 κινδύνων,
1737 2195 1872 2249 ἀλλά
1888 2195 1996 2249 τῶν
2027 2213 2135 2266 μα-

546 2286 943 2357 θητευομένων.
980 2286 1142 2358 Ὁρᾷς
1183 2287 1265 2340 ὃτι
1296 2286 1473 2340 πάντα
1502 2284 1728 2353 φυσικὸν
1753 2283 1967 2355 πατέρα
1987 2300 2130 2353 παρ-

546 2373 829 2445 εληλύθεις
874 2373 1066 2444 Ἡμεῖς
1099 2372 1199 2444 μὲν
1226 2374 1333 2443 γὰρ
1366 2374 1425 2425 ἐν
1490 2374 1614 2434 ταῖς
1657 2370 1869 2441 θλίψεσι
1900 2372 1995 2424 καὶ
2018 2372 2130 2431 τοῖς

547 2460 699 2534 μόὄ]
746 2460 1013 2525 κινδύνοις
1070 2461 1290 2514 πάντων
1328 2458 1428 2530 τὴν
1480 2459 1706 2529 μνήμην
1755 2457 2125 2527 ἐκϐάλλομεν·

542 2548 704 2610 αὐτὸς
745 2547 803 2601 δέ
853 2546 1027 2610 οὑτως
1085 2546 1341 2600 ἐδεδοίκει
1393 2546 1488 2599 καὶ
1544 2545 1777 2615 ἐτρεμεν
1825 2544 1964 2614 ὑπὲρ
2019 2543 2130 2596 τῶν

543 2633 770 2697 παίδων,
804 2632 880 2695 ὡς
912 2633 1007 2687 καὶ
1047 2632 1108 2686 δν
1151 2632 1312 2703 μόνον
1356 2628 1472 2703 εἶχε
1507 2630 1879 2703 παραμυθίαν,
1915 2631 2005 2683 τὸν
2037 2630 2130 2682 Τι-

546 2718 737 2788 μόθεον
763 2720 858 2772 καὶ
901 2719 1155 2773 κοινωνὸν
1186 2721 1281 2773 καὶ
1316 2718 1598 2789 συνεργὸν,
1626 2717 1817 2772 τοῦτον
1857 2719 1914 2770 ἐν
1945 2717 2130 2781 αὑτοῖς

543 2809 652 2870 τοῖς
686 2806 951 2870 κινδύνοις
981 2806 1192 2877 πέμψαι
1226 2806 1361 2876 πρὸς
1388 2806 1606 2869 αὐτούς.
1650 2806 1760 2860 Kal
1807 2807 1898 2870 εὶς
1926 2804 2125 2870 κενὸν,

544 2894 700 2963 φησὶ,
739 2893 984 2962 γένηται
1026 2896 1058 2947 ό
1090 2895 1279 2960 κόπος
1314 2892 1501 2963 ήμῶν.
1547 2894 1647 2947 Διά
1679 2893 1766 2959 τί;
1807 2893 1856 2946 εί
1896 2892 2003 2963 γάρ
2036 2892 2130 2946 καὶ

546 2981 1000 3054 παρετράπησαν,
1023 2981 1082 3034 οὑ
1114 2982 1265 3052 παρά
1288 2982 1385 3054 τὴν
1415 2980 1514 3053 σὴν
1539 2980 1740 3046 αἰτίαν,
1766 2981 1827 3033 οὐ
1858 2981 2009 3059 παρὰ
2032 2980 2130 3052 τὴν

546 3069 649 3137 σὴν
702 3066 998 3139 ρᾳθυμίαν.
1047 3067 1188 3121 Ἀλλ’
1220 3069 1370 3139 ὅμως
1419 3070 1513 3122 καὶ
1558 3067 1766 3122 τούτων
1815 3066 2005 3132 ὄντων,
2041 3085 2134 3121 κε-

548 3153 815 3211 κενῶσθαί
848 3170 938 3224 μοι
967 3154 1059 3207 τὸν
1082 3154 1250 3207 κόπον
1282 3154 1487 3224 νομίζω
1519 3155 1626 3207 ἀπὸ
1658 3155 1758 3225 τῆς
1789 3154 1991 3225 πολλῆς
2012 3155 2132 3223 φιλ-

547 3241 825 3311 αδελφίας.
867 3239 960 3308 Μή
1008 3256 1134 3307 πως
1197 3238 1522 3308 ἐπείρασεν
1566 3241 1720 3310 ὑμᾶς
1750 3244 1783 3294 ὀ
1824 3239 2128 3310 πειράζων.

549 3328 804 3400 Πειράζει
828 3329 885 3383 δέ
910 3328 1009 3382 οὑκ
1038 3326 1195 3390 εἰδὼς
1227 3330 1274 3381 εί
1310 3327 1627 3383 καταϐαλεῖ.
1655 3325 1769 3383 Mz’
1798 3331 2003 3393 ἐκεῖνος
2031 3326 2131 3399 μὲν

550 3417 647 3472 καὶ
690 3416 765 3480 ὼς
816 3416 917 3469 οὑκ
964 3414 1119 3479 εἰδὼς
1163 3416 1478 3485 ἐπέρχεται,
1507 3418 1669 3487 ἡμεῖς
1702 3417 1760 3469 δὲ
1810 3417 2010 3480 εἰδότες
2048 3419 2131 3492 δτι

552 3504 756 3575 σφόδρα
793 3502 957 3556 αὑτοῦ
988 3504 1372 3575 περιεσόμεθα,
1395 3504 1455 3559 οὑ
1489 3505 1763 3575 νήφομεη
1791 3505 1914 3558 Ὅτι
1948 3504 2004 3557 δὲ
2032 3505 2132 3558 ούκ

550 3591 702 3654 εἰδὼς
733 3592 867 3660 ἡμῖν
910 3589 1240 3659 προσϐάλλει
1269 3603 1317 3655 ι,
1353 3591 1448 3644 ἐπὶ
1501 3591 1595 3645 τοῦ
1659 3592 1778 3645 Ἰὼϐ
1838 3592 2127 3663 ἐδήλωσεν.

552 3679 744 3746 Ἔλεγε
765 3678 869 3749 7&9
904 3678 1039 3747 πρὸς
1069 3678 1158 3731 τὸν
1189 3677 1319 3733 Θεὸν
1346 3678 1375 3730 ό
1403 3680 1635 3749 πονηρὸς
1662 3679 1868 3743 ἐκεῖνος
1890 3680 2096 3749 δαίμων
2114 3696 2128 3709 ⁸

544 3768 628 3820 Οὐ
655 3764 738 3819 σὺ
772 3764 1169 3833 περιέφραεας
1216 3764 1402 3819 αὐτοῦ
1454 3765 1525 3819 τὰ
1566 3765 1688 3817 ἔσω
1737 3766 1836 3819 καί
1882 3768 1954 3819 τὰ
1981 3767 2132 3832 ἕξω;

549 3852 796 3921 Περίελε
839 3850 1027 3907 αὐτοῦ
1057 3852 1128 3904 τὰ
1154 3850 1531 3921 ὑπάρχοντα·
1560 3847 1598 3921 ἦ
1618 3851 1747 3919 μὴν
1780 3855 1869 3920 εις
1901 3855 2132 3921 πρόσω-

549 3944 670 3997 πόν
718 3957 792 3996 σε
842 3939 1186 4008 εὐλογήσει.
1230 3940 1506 4011 Πειράζει.
1543 3942 1641 3994 Ἂν
1674 3941 1758 4013 ἴδῃ
1788 3959 1839 3994 τι
1885 3943 2131 4007 ἀσθενὲς,

549 4029 939 4101 ἐπεχείρησενο
971 4025 1039 4080 ἂν
1093 4026 1332 4096 ἰσχυρὸν,
1379 4025 1612 4095 ἀπέστη.
1645 4027 1753 4080 Καὶ
1796 4030 1883 4092 εις
1928 4030 2128 4091 κενὸν,

549 4117 704 4188 φησὶ,
728 4114 969 4185 γένηται
995 4115 1027 4167 ό
1055 4116 1245 4178 κόπος
1272 4111 1459 4181 ἡμῶν.
1493 4112 1842 4183 ’Λκούσωμεν
1870 4113 2130 4180 ἅπαντες,

548 4203 667 4266 πῶς
708 4201 945 4272 ἔκαμνεν
992 4203 1020 4253 ὁ
1059 4199 1292 4264 Παῦλος.
1341 4201 1455 4253 (ὶύκ
1489 4196 1662 4267 εἶπεν,
1711 4201 1892 4273 ἔργον,
1920 4204 2032 4257 ἀλλ’
2078 4208 2130 4258 Ὀ

547 4290 755 4354 κόπος⁹
773 4289 870 4341 οὑκ
884 4278 1035 4350 εἷπε,
1050 4287 1143 4340 καὶ
1159 4287 1318 4358 ὑμεῖς
1335 4287 1619 4341 ἀπολεῖσθε
1635 4289 1682 4353 δ,
1697 4289 1832 4354 ἀλλ’,
1859 4291 1919 4345 '0
1944 4293 2131 4359 κόπος

546 4375 739 4444 ἡμῶν.
770 4375 930 4427 Ὥστε
964 4375 1012 4427 εί
1046 4374 1140 4427 καὶ
1169 4374 1366 4445 συνέϐη
1398 4393 1471 4438 τι,
1492 4375 1638 4440 εἰκὸς
1674 4376 1914 4445 ἐγίνετο·
1942 4381 2129 4453 ἐπειδὴ

546 4460 608 4516 δέ
632 4460 693 4512 οὑ
725 4460 946 4530 συνέϐη,
969 4459 1100 4512 πολὺ
1132 4460 1193 4513 τὸ
1226 4460 1428 4530 θαῦμα.
1453 4463 1638 4517 Ταῦτα
1671 4464 1770 4534 μὲν
1798 4467 2128 4537 προσεδοκή-

550 4563 746 4618 σαμεν,
789 4547 973 4616 φησὶν,
1005 4545 1162 4617 ἐξέϐη
1199 4546 1256 4599 δε
1306 4549 1375 4602 τά
1422 4549 1674 4603 ἐναντίαι
1714 4552 1775 4604 οὐ
1824 4552 1933 4623 7&9
1970 4555 2129 4623 μόνον

548 4634 867 4709 προσθήκην
899 4633 1130 4703 θλίψεως
1179 4633 1439 4705 οὐδεμίαν
1479 4639 1608 4709 παρ’
1640 4639 1792 4709 ὑμῶν
1840 4640 2125 4709 ἐλάϐομεν,

545 4722 682 4777 ἀλλά
711 4724 806 4779 καὶ
832 4721 1198 4793 παράκλησιν.
1228 4723 1384 4791 Ἄρτι
1408 4722 1477 4777 δὲ
1506 4725 1793 4792 ἐλθόντος
1828 4728 2125 4796 Τιμοθέου,

545 4811 701 4880 φησὶ,
730 4810 882 4880 πρὸς
903 4809 1061 4880 ἡμᾶς
1092 4811 1194 4881 ἀφ’
1223 4809 1413 4880 ὑμῶν,
1438 4812 1541 4866 καί
1577 4814 2127 4885 εὐαγγελισαμένου

545 4898 689 4966 ἡμῖν
739 4899 857 4966 τὴν
900 4899 1129 4961 πίστιν,
1178 4898 1277 4951 καὶ
1321 4899 1437 4965 τὴν
1482 4897 1725 4969 ἀγάπην
1781 4904 1967 4971 ὑμῶν.
2013 4905 2124 4957 Kal

542 4985 1111 5055 εὐαγγελισαμένου,
1165 4986 1351 5055 φησίν.
1413 4986 1577 5059 Ὁρᾷς
1624 4990 1722 5060 τὴν
1770 4991 2124 5063 περιχάρειαν

543 5072 787 5138 Παύλου;
815 5072 930 5126 Οὑκ
966 5070 1141 5136 εἶπεν,
1169 5074 1627 5141 ἀπαγγείλαντος,
1662 5077 1800 5142 ἀλλ’,
1827 5079 2125 5147 Εὑαγγελι-

543 5160 807 5230 σαμένου·
853 5159 1106 5214 τοσοῦτον
1155 5160 1359 5228 ἀγαθὸν
1395 5163 1582 5232 ἡγεῖτο
1631 5165 1731 5233 τὴν
1781 5167 2005 5220 ἐκείνων
2037 5167 2123 5236 βε-

540 5246 767 5301 ϐαίωσιν
795 5247 890 5301 καὶ
929 5247 1029 5318 τὴν
1057 5246 1299 5317 ἀγάπην.
1338 5249 1575 5320 Ἀνάγκη
1619 5251 1729 5318 7&9
1778 5253 1992 5323 ἐκείνης
2032 5254 2124 5323 βε-

540 5334 700 5398 ϐαίας
752 5334 1017 5405 μενούσης
1082 5336 1178 5389 καὶ
1238 5334 1442 5405 ταύτην
1495 5337 1837 5408 ἐστηρίχθαι.
1891 5341 1998 5410 καὶ
2055 5343 2119 5412 τῇ

539 5422 729 5492 ἀγάπῃ
758 5421 816 5474 δὲ
862 5421 1043 5475 αὑτῶν
1085 5421 1325 5493 ἔχαιρεν,
1367 5424 1450 5477 ὅτι
1491 5426 1715 5494 σημεῖον
1743 5425 1841 5496 τῆς
1885 5427 2123 5492 πίστεως

539 5500 626 5576 ἦν,
650 5507 757 5560 Kal
781 5505 870 5560 ὅτι
888 5506 1077 5575 ἔχετε,
1104 5509 1261 5577 φησὶ,
1285 5509 1503 5577 μνείαν
1526 5508 1695 5579 ἡμῶν
1721 5511 1956 5581 ἀγαθὴν
1970 5513 2119 5568 πάν-

542 5607 674 5646 τοτε
698 5592 1123 5661 ἐπιποθοῦντες
1159 5593 1321 5663 ἡμᾶς
1346 5594 1514 5660 ἰδεῖν,
1536 5596 1803 5665 καθάπερ
1827 5600 1926 5654 καὶ
1950 5600 2119 5671 ἡμεῖς

605 5714 630 5782 ς
757 5717 1033 5782 ςριτεξοιρηι
1058 5726 1119 5765 ex
1143 5714 1299 5777 Colb.,
1330 5729 1435 5779 pro,
1470 5719 1742 5782 προϐάλλει.
1773 5720 1894 5772 Enn.

604 5768 634 5817 ἱ
669 5770 930 5830 ’Δπόλησθε
952 5771 977 5822 ?
1286 5768 1297 5777 ’
1331 5768 1347 5779 ⁸
1422 5768 1433 5779 ’
1510 5768 1523 5791 "

1222 335 1283 393 S.
1323 329 1614 393 JOANNIS
1646 327 2137 389 CHRYSOSTOMI
2180 326 2496 387 ARCIIIEP.
2537 328 3092 391 CONSTANTINOP.

3700 338 3808 396 H8

2234 445 2411 515 ὑμᾶς.
2464 447 2721 502 Τουτέστι
2770 450 2907 519 μετὰ
2958 449 3218 504 ἐπαίνων.
3259 450 3370 521 Οὑχ
3408 451 3492 505 ὅτε
3534 454 3810 526 παρῆμεν,

2234 536 2340 591 ούδ¹
2370 537 2458 590 ὅτε
2491 536 3080 609 ἐθαυματουργοῦμεν,
3109 538 3246 593 ἀλλά
3277 542 3367 592 καὶ
3393 540 3518 606 νῦν,
3558 543 3645 597 ὅτε
3675 546 3812 616 πόῤ⁴

2231 624 2309 693 ρω
2367 623 2556 693 ἐσμὲν,
2610 624 2705 676 καὶ
2741 624 3136 695 μαστιζόμεοα,
3183 626 3278 680 καὶ
3331 628 3502 698 μυρία
3533 629 3815 700 πάσχομεν

2225 710 2395 774 δεινὰ,
2437 709 2624 781 μνείαν
2670 711 2827 781 ⁴ίίμῶν
2875 713 3089 783 ἀγαθὴν
3136 712 3309 784 ἔχετε.
3354 714 3650 769 Ἀκούσατε
3698 717 3816 780 πῶς

2227 796 2597 868 θαυμάζονται
2622 797 2864 867 μαθηταὶ
2890 800 3082 867 μνείαν
3099 798 3311 870 ἀγαθὴν
3330 802 3460 871 περὶ
3481 801 3817 855 διδασκάλων

2228 884 2465 955 ἔχοντες,
2529 884 2646 948 πῶς
2712 885 3127 955 μακαρίζονται.
3184 886 3499 957 Μιμώμεθα
3560 888 3813 950 τούτους·

2226 974 2377 1042 ⁴ἡμᾶς
2408 973 2518 1044 γὰρ
2547 975 2746 1037 αὐτοὺς
2774 972 3117 1044 ὠφελοῦμεν,
3151 977 3212 1030 οὑ
3239 978 3366 1040 τοὺς
3393 978 3814 1047 ἀγαπωμένους.

2240 1060 2702 1125 Ἑπιποθοῦντες
2744 1059 2926 1129 ἡμᾶς,
2967 1064 3153 1133 φησὶν,
3200 1061 3371 1127 ἰδεῖν,
3406 1064 3669 1130 καθάπερ
3717 1062 3819 1117 καὶ

2228 1148 2403 1218 ἡμεῖς
2427 1146 2602 1219 ὑμᾶς.
2638 1150 2746 1202 Καὶ
2782 1148 2942 1205 τοῦτο
2980 1151 3037 1205 δὲ
3086 1151 3281 1214 αὐτοὺς
3310 1152 3566 1222 εῦφρανε.
3599 1153 3673 1205 Τὸ
3704 1154 3817 1223 7&9

2234 1236 2427 1306 μαθεῖν
2451 1236 2543 1289 τὸν
2575 1235 2855 1304 φιλοῦντα,
2882 1238 2963 1291 ὅτι
3013 1238 3175 1292 τοῦτο
3212 1232 3355 1292 οἶδεν
3399 1242 3428 1293 ὁ
3472 1239 3817 1309 φιλούμενος,

2228 1323 2311 1376 ὃτι
2342 1324 2600 1392 φιλεῖται,
2627 1323 2797 1395 πολλὴ
2826 1324 3156 1395 παραμυθία
3188 1326 3283 1379 καὶ
3323 1325 3687 1396 παράκλησις.
3716 1328 3820 1380 Διά

2226 1409 2404 1464 τοῦτο
2433 1412 2922 1481 παρεκλήθημεν,
2944 1412 3218 1481 ἀδελφοί,
3240 1411 3332 1481 ἐφ’
3353 1411 3495 1481 ὑμῖν
3523 1412 3621 1465 ἐπὶ
3651 1412 3821 1480 πάσῃ

2228 1495 2303 1564 τῇ
2335 1498 2537 1566 θλίψει
2572 1498 2673 1552 καί
2718 1497 2952 1567 ἀνάγκῃ
2995 1499 3168 1568 ήμῶν
3211 1497 3310 1552 διὰ
3354 1496 3465 1567 τῆς
3508 1496 3674 1568 ὑμῶν
3720 1497 3823 1552 πι-

2227 1598 2451 1649 στεως·
2503 1584 2592 1639 ὅτι
2634 1585 2753 1640 νῦν
2799 1586 3005 1654 ζῶμεν,
3047 1586 3156 1640 ἐὰν
3194 1585 3365 1655 ὑμεῖς
3426 1585 3694 1654 στήκητε
3751 1586 3822 1640 ἐν

2227 1675 2444 1741 Κυρίῳ.
2479 1674 2545 1727 Τί
2574 1673 2792 1729 Παύλου
2831 1674 2946 1728 ίσον
2974 1673 3171 1743 γένοιτ’
3203 1673 3291 1740 ἂν,
3318 1675 3379 1737 ὃς
3409 1674 3507 1741 τὴν
3536 1674 3646 1727 τῶν
3680 1674 3821 1744 πλη-

2231 1761 2347 1813 σίον
2390 1760 2667 1832 σωτηρίαν
2710 1760 2959 1831 ἐνόμιζεν
3007 1755 3149 1813 εἶναι
3191 1759 3290 1831 τὴν
3320 1759 3539 1824 ἑαυτοῦ,
3570 1760 3822 1831 καθάπερ

2231 1846 2380 1920 [ιειι
2410 1847 2572 1918 σῶμα
2618 1848 2756 1919 πρὸς
2806 1848 2967 1919 μέλη,
2994 1846 3136 1902 οὑτω
3175 1847 3312 1918 πρὸς
3345 1849 3554 1911 πάντας
3601 1848 3822 1901 διακεί-

2232 1950 2419 2004 μενος;
2435 1935 2516 1998 τίς
2531 1934 2819 2005 δυνήσεται
2834 1934 3037 2004 ταύτην
3056 1932 3216 2006 ῥῆξαι
3233 1935 3329 2005 τὴν
3346 1934 3529 2005 φωνὴν
3544 1934 3640 1987 νῦν
3659 1953 3672 2000 ;
3695 1934 3825 2005 μᾶλ-

2228 2019 2316 2072 λον
2338 2020 2397 2073 δὲ
2416 2021 2499 2083 τίς
2526 2021 2816 2092 δυνήσεται
2854 2019 2996 2073 οὕτω
3030 2021 3297 2091 φρονῆσαί
3332 2038 3492 2089 ποτε;
3522 2021 3637 2075 Οὑκ
3666 2020 3823 2090 ἠξίου

2228 2107 2388 2178 χάριν
2420 2108 2622 2171 αὐτοὺς
2651 2107 2849 2161 εἰδέναι
2878 2107 3028 2178 αὑτῷ
3057 2107 3164 2160 τῶν
3194 2108 3519 2178 πειρασμῶν
3546 2108 3655 2161 τῶν
3682 2108 3824 2175 ὑπὲρ

2227 2194 2429 2258 αὑτῶν,
2464 2194 2601 2248 ἀλλα
2627 2195 2785 2265 χάριν
2826 2195 3009 2257 αὑτοῖς
3040 2194 3177 2265 ᾔδει,
3206 2195 3285 2247 ὅτι
3318 2196 3420 2248 οὑκ
3448 2194 3824 2263 ἐσαλεύθησαν

2226 2282 2315 2335 διά
2345 2280 2473 2344 τοὺς
2515 2282 2859 2351 πειρασμοὺς
2907 2281 3035 2344 τοὺς
3081 2280 3247 2333 αὑτοῦ
3269 2297 3282 2311 '
3312 2281 3388 2344 ὡς
3421 2280 3487 2334 ἂν
3516 2282 3566 2335 εί
3608 2281 3817 2350 ἔλεγεν,

2227 2372 2310 2425 ὅτι
2341 2370 2501 2441 Ὑμῖν
2522 2370 2744 2441 μᾶλλον,
2769 2371 2801 2441 ἢ
2832 2371 2962 2440 ἡμῖν
2985 2370 3094 2424 ἀπὸ
3120 2369 3229 2423 τῶν
3255 2369 3581 2442 πειρασμῶν
3607 2370 3825 2439 ἐγένετο

2229 2457 2400 2528 βλάϐη
2419 2473 2433 2487 ·
2465 2458 2624 2527 ὑμεῖς
2652 2457 3015 2528 ἐπειράσοητε
3066 2457 3267 2527 μᾶλλον
3292 2458 3324 2529 ἢ
3360 2459 3542 2527 ἡμεῖς,
3577 2458 3737 2527 ὑμεῖς
3767 2457 3821 2510 οι

2230 2543 2394 2614 μηδὲν
2414 2542 2696 2606 παθόντες,
2720 2542 2879 2612 ἡμῶν
2901 2543 3009 2595 τῶν
3039 2542 3340 2596 παθόντων.
3382 2542 3597 2613 Ἐπειδὴ
3620 2542 3813 2605 ταῦτα,

2229 2631 2415 2701 φησὶν,
2445 2629 2838 2699 εὐηγγελίσατο
2871 2631 3018 2699 ἡμᾶς
3052 2632 3081 2684 ό
3121 2630 3405 2701 Τιμόθεος,
3435 2630 3587 2684 οὐδὲν
3625 2629 3821 2683 alaea-

2228 2717 2433 2788 νόμεθα
2482 2716 2592 2770 τῶν
2650 2717 2933 2787 λυπηρῶν,
2981 2717 3150 2782 ἀλλὰ,
3201 2718 3673 2785 Παρεκλήθημεν
3718 2717 3821 2771 ἐπὶ

2227 2806 2395 2875 πάσῃ
2435 2803 2509 2873 τῇ
2549 2805 2783 2873 θλίψεν
2813 2804 2873 2856 ού
2906 2804 3077 2875 ταύτῃ
3112 2803 3170 2857 δὲ
3220 2805 3404 2875 μόνον,
3437 2804 3573 2857 ἀλλά
3608 2804 3702 2858 καὶ
3742 2802 3823 2873 Τῇ

2227 2893 2459 2963 ἀνάγκῃ
2512 2889 2703 2960 ἡμῶν,
2757 2891 2953 2961 φησίνο
3012 2884 3257 2956 εἰκότως.
3316 2891 3649 2945 Διδασκάλου
3712 2890 3823 2962 γὰρ

2233 2978 2447 3047 ἀγαθοῦ
2478 2979 2629 3031 οὐδὲν
2664 2977 2732 3032 ἂν
2763 2977 2959 3046 ἅψαιτο
2991 2978 3198 3044 λοιπὸν,
3244 2978 3349 3041 ἐως
3379 2980 3444 3033 ἂν
3476 2980 3545 3032 τὰ
3575 2979 3685 3032 τῶν
3717 2996 3823 3049 μα-

2230 3066 2408 3137 θητῶν
2433 3067 2571 3121 κατά
2602 3066 2830 3137 γνώμην
2857 3066 3004 3136 αὑτῷ
3051 3070 3338 3139 προχωρῇ.
3361 3067 3437 3121 Δι’
3459 3067 3636 3138 ὑμῶν,
3662 3068 3823 3136 φησὶ,

2230 3153 2658 3226 παρεκλήθημεν
2677 3170 2690 3185 ο
2724 3154 3024 3217 τουτέστιν,
3054 3154 3215 3223 ὑμεῖς
3243 3156 3390 3225 ἡμᾶς
3418 3154 3815 3227 ἐστερεὼσατε.

2230 3244 2342 3297 Καὶ
2386 3243 2491 3316 μὴν
2525 3242 2838 3299 τούναντίον
2880 3238 2982 3313 ἦν’
3017 3243 3077 3295 τὸ
3127 3243 3236 3315 7&9
3289 3243 3563 3305 παθόντας
3613 3244 3688 3315 μὴ
3734 3245 3823 3297 ἐν·

2229 3333 2436 3399 δοῦναι,
2468 3332 2605 3386 ἀλλὰ
2630 3331 2824 3402 στῆναι
2861 3332 3145 3401 γενναίως,
3185 3334 3368 3387 ἱκανὸν
3401 3334 3527 3398 τοὺς
3571 3333 3822 3406 μαθητὰς

2232 3420 2504 3493 στηρίξαι.
2545 3419 2684 3473 Ἀλλ’
2713 3419 2872 3480 αὑτὸς
2900 3419 3044 3473 ἅπαν
3077 3420 3388 3475 τούναντίον
3419 3424 3582 3485 ποιεῖ,
3607 3421 3702 3475 καὶ
3740 3425 3821 3487 είς

2231 3507 2473 3571 ἐκείνους
2539 3507 2859 3578 περιτρέπει
2922 3508 2985 3560 τὸ
3062 3508 3369 3578 ἐγκώμιον·
3443 3509 3601 3579 ὑμεῖς
3672 3510 3821 3580 ἡμᾶς

2228 3595 2512 3668 ἠλείψατε,
2539 3597 2705 3665 φησίν
2724 3614 2737 3627 ·
2769 3598 2926 3666 ὑμεῖς
2958 3596 3089 3665 ἡμῖν
3136 3593 3477 3648 ἀναπνεῦσαι
3517 3594 3817 3650 δεδώκατε·

2231 3684 2389 3752 ὑμεῖς
2422 3683 2525 3736 ούκ
2561 3685 2810 3754 ἀφήκατε
2856 3681 2965 3734 τῶν
3011 3682 3332 3753 πειρασμῶν
3371 3682 3674 3737 αἰσθέσθαι.
3708 3684 3819 3736 Καὶ

2230 3772 2332 3825 οὑκ
2393 3768 2569 3835 εἶπεν,
2631 3770 3063 3840 ἀνεπνεύσαμεν,
3122 3772 3268 3838 οὑδὲ,
3312 3771 3814 3843 παρεμυθήθημενο

2232 3858 2369 3911 ἀλλὰ
2392 3862 2478 3925 τί;
2503 3858 2633 3912 Νῦν
2661 3856 2873 3927 ζῶμεν
2901 3857 3115 3923 δεικνὺς
3148 3860 3231 3912 ὅτι
3274 3860 3366 3912 καὶ
3394 3859 3698 3933 πειρασμὸν
3722 3862 3820 3913 καῖ⁹

2231 3946 2464 4000 θάνατον
2511 3946 2665 3998 οὐδὲν
2718 3945 2848 4000 ἄλλο
2901 3948 3138 4015 ἡγεῖται,
3184 3946 3216 4018 ἢ
3276 3946 3339 3999 τὸ
3404 3946 3701 4002 σκάνδαλον
3756 3946 3820 4000 τὸ

2232 4031 2473 4096 ἐκείνων,
2497 4033 2630 4087 ὅπου
2663 4049 2728 4101 γε
2757 4032 2850 4086 καὶ
2882 4031 3027 4103 ζωὴν
3078 4033 3176 4103 τὴν
3233 4033 3457 4086 ἐκείνων
3503 4035 3814 4105 προκοπήν.

2231 4120 2357 4182 Πῶς
2387 4119 2452 4173 ἂν
2494 4119 2652 4183 ἄλλος
2691 4130 2819 4184 τιςο
2851 4120 2883 4192 ἢ
2912 4119 3009 4190 τὴν
3044 4118 3221 4190 λύπην
3272 4119 3369 4190 τὴν
3419 4120 3513 4173 ἐπὶ
3580 4123 3646 4192 τῇ
3709 4119 3817 4173 τῶν

2234 4208 2492 4280 μαθητῶν
2533 4207 2879 4280 ἀσθενείᾳ,ῆ
2949 4209 3048 4276 τὴν
3110 4208 3284 4278 χαρὰν
3342 4207 3645 4279 ἐδήλωσεν;
3699 4209 3816 4262 Οὐκ

2230 4292 2371 4360 εἷπε,
2403 4297 2687 4367 χαίρομεν,
2732 4295 2887 4361 ἀλλά,
2919 4295 3143 4365 Ζώμεν,
3175 4294 3318 4366 ζωὴν
3345 4294 3518 4364 λέγων
3551 4294 3651 4367 τὴν
3684 4294 3814 4366 μέλ-

2229 4381 2447 4437 λουσαν.

2300 4477 2369 4541 γ’.
2410 4471 2574 4523 Ὥστε
2618 4470 2746 4524 ἄνευ
2780 4468 2970 4523 τούτου
2997 4469 3118 4524 οὑδέ
3148 4470 3248 4542 ζῇν
3272 4471 3334 4524 τὸ
3370 4470 3469 4544 ζῇν
3502 4472 3810 4545 ἡγούμεθα.

2228 4559 2383 4613 οὕτω
2416 4559 2542 4621 τοὺς
2579 4557 2929 4621 διδασκάλους
2978 4556 3282 4611 διακεῖσθαι
3330 4561 3456 4631 χρὴ,
3503 4559 3645 4613 οὑτω
3685 4564 3815 4627 τοὺς

2237 4643 2506 4715 μαθητὰς,
2541 4644 2637 4697 καὶ
2663 4643 2817 4698 οὐδὲν
2840 4643 3037 4698 ἄτοπον
3061 4644 3213 4698 ἔσται
3240 4647 3393 4707 ποτέ.
3425 4642 3558 4701 Εἶτα
3590 4650 3815 4720 προσλι-

2229 4729 2436 4783 παίνων
2460 4730 2611 4796 αὑτὸ,
2626 4731 2727 4805 δρα
2745 4729 2797 4782 τί
2823 4747 2980 4803 φησι·
3014 4732 3153 4787 Τίνα
3173 4731 3283 4805 γὰρ
3304 4735 3698 4805 εὐχαριστίαν
3711 4736 3816 4790 δυ-

2227 4816 2452 4898 νάμεθα
2468 4816 2546 4884 τῷ
2565 4817 2687 4883 Θεῷ
2701 4817 3144 4874 ἀνταποδοῦναι
3161 4819 3294 4887 περὶ
3312 4819 3479 4890 ὑμῶν
3507 4821 3607 4875 ἐπὶ
3640 4822 3813 4893 πάσῃ

2226 4904 2301 4973 τῇ
2321 4905 2495 4975 χαρᾷ,
2511 4901 2553 4979 ᾖ
2588 4907 2874 4975 χαίρομεν
2898 4906 2972 4960 δι’
3004 4907 3158 4977 ὑμᾶς
3178 4908 3519 4977 ἔμπροσθεν
3538 4912 3644 4970 τοῦ
3660 4912 3812 4967 Θεοῦ

2224 4992 2646 5061 τῂιῶν,νυκτὸς
2671 4993 2769 5047 καί
2793 4993 3017 5062 ἡμέρας
3045 4996 3568 5065 ὑπερεκπερισσοῦ
3601 4997 3809 5069 δεόμε-

2224 5097 2320 5134 νοι
2340 5084 2426 5147 εις
2463 5080 2528 5134 τὸ
2566 5080 2717 5136 ιδεῖν
2752 5080 2922 5151 ὑμῶν
2943 5082 3010 5136 τὸ
3037 5083 3377 5152 πρόσωπον,
3406 5084 3507 5139 καί
3530 5089 3807 5154 καταρτί-

2224 5183 2330 5221 σαι
2351 5168 2423 5221 τὰ
2443 5167 2825 5237 ὑστερήματα
2850 5166 2959 5235 τῆς
2983 5170 3242 5236 πίστεως
3263 5173 3430 5240 ὑμῶν
3445 5189 3465 5237 ;
3482 5173 3615 5243 Οὑχὶ
3633 5171 3803 5245 ζωῆς,

2225 5256 2411 5327 φησὶν,
2433 5257 2596 5309 αἴτιοι
2627 5257 2757 5329 ἡμῖν
2792 5256 3088 5326 γεγένησθε
3119 5258 3300 5328 μόνον,
3321 5259 3457 5313 ἀλλὰ
3479 5262 3574 5315 καὶ
3603 5263 3805 5333 εὐφρο-

2225 5342 2390 5412 σύνης
2423 5343 2642 5413 πολλῆς,
2676 5344 2768 5396 καὶ
2809 5343 3095 5411 τοσαύτης,
3131 5345 3207 5409 ὡς
3239 5346 3376 5415 μηδὲ
3405 5348 3803 5418 εὑχαριστῆσαι

2221 5428 2483 5484 δύνασθαι
2510 5430 2585 5499 τῷ
2618 5428 2737 5500 Θεῷ
2763 5430 2885 5483 κατ’
2913 5430 3090 5494 ἀξίαν.
3134 5432 3206 5484 Τὸ
3235 5433 3389 5503 ὑμῶν
3410 5433 3436 5474 ἀ
3468 5435 3803 5507 κατόρθωμα

2221 5516 2392 5586 δῶρον
2421 5514 2581 5583 εἶναι,
2611 5517 2765 5586 φησὶ,
2789 5515 2881 5569 τοῦ
2908 5517 3042 5571 Θεοῦ
3066 5518 3348 5592 ἡγούμεθα
3370 5538 3383 5553 ν
3408 5524 3630 5577 τοιαῦτα
3649 5525 3682 5596 ἡ
3691 5528 3800 5593 μᾶς

2286 5666 2308 5726 ἐ
2341 5663 2591 5713 Εκείιιίεςο
2613 5665 2806 5715 videtur
2828 5667 2996 5726 οὕτως,
3023 5669 3099 5717 vel
3142 5666 3303 5718 simile
3326 5670 3625 5721 adverbium.
3658 5672 3791 5723 Eutr.

2223 5724 2629 5837 Ειῇῒξαοεοιιιιωΐ
2650 5729 2803 5790 ἡμῶν.
2842 5724 3171 5793 Corréximus,
3206 5734 3487 5797 postulante
3529 5739 3792 5793 sententia.
