4140 6484
269 409 362 468 il?

271 526 383 596 (Job
415 523 472 578 9.
498 520 582 586 9).
616 515 749 572 Vide
777 511 1048 586 quomodo
1079 510 1250 579 ipsam
1296 499 1601 559 tentaverit.
1629 496 1739 552 Cur
1770 509 1866 547 au-

275 587 376 677 iem
410 633 519 672 non
549 613 721 677 dixit,
753 604 1125 668 Labefecerit,
1171 600 1264 655 sed
1288 640 1302 664 ,
1353 590 1686 650 Tentaverit?
1719 587 1866 654 Quo-

279 715 416 768 niam
446 717 680 767 tantum,
718 701 911 771 inquit,
937 697 1242 766 suspicatus
1269 705 1386 745 sum
1422 703 1518 742 vos
1548 699 1667 739 esse
1696 688 1869 736 tenta-

276 816 386 860 tos:
413 816 521 856 non
551 798 698 854 enim
727 794 847 864 ejus
873 790 1220 846 tentationcm
1248 789 1403 836 vocat
1431 774 1866 836 commotionem.

277 899 401 954 Nam
432 895 524 964 qui
557 892 676 960 ejus
724 863 961 942 admittit
1012 882 1283 936 incursum
1315 884 1368 928 et
1419 869 1796 939 irruptionem,
1825 863 1872 918 is

280 999 353 1043 est
401 963 757 1040 labefactatus
805 985 860 1032 et
902 979 1225 1028 commotus.
1290 965 1483 1034 Papini
1545 965 1742 1031 quanta
1791 963 1873 1009 est

282 1080 424 1137 Pauli
453 1071 835 1133 benevolentia
863 1069 878 1123 ι
911 1082 1016 1121 non
1050 1064 1268 1118 fuerunt
1294 1061 1341 1114 ei
1363 1071 1507 1112 curm
1532 1051 1870 1114 afﬂictioncs,

283 1187 376 1228 nec
407 1167 642 1224 insidiae.
689 1161 896 1232 Opinor
936 1158 1080 1213 enim
1112 1170 1236 1211 eum
1276 1161 1402 1206 tunc
1440 1147 1549 1203 illic
1589 1142 1873 1200 mansisse.

286 1262 429 1318 Sicut
476 1257 612 1313 dicit
666 1254 862 1317 Lucas,
893 1264 1017 1303 eum
1062 1247 1112 1300 in
1168 1242 1391 1298 Hellade
1447 1237 1711 1294 mansisse
1766 1241 1876 1286 tres

289 1365 530 1414 menses,
579 1363 702 1402 cum
751 1345 799 1398 ei
847 1352 1068 1397 structze
1099 1337 1328 1392 fuissent
1372 1330 1580 1387 insidia:
1609 1343 1637 1381 a
1678 1324 1878 1380 Judaiis

292 1448 420 1513 (Act.
449 1443 542 1500 ‘20.
574 1443 658 1509 5).

354 1539 406 1593 2.
431 1538 547 1592 Non
577 1547 710 1602 ergo
758 1531 804 1584 ei
834 1543 976 1583 cura:
1003 1531 1156 1579 erant
1188 1518 1446 1592 pericula,
1477 1512 1573 1570 sed
1599 1507 1872 1579 discipuli.

299 1631 451 1686 Vides
471 1627 614 1700 quod
639 1622 888 1695 quemvis
906 1619 1199 1674 naturalem
1221 1622 1426 1684 patrem
1455 1603 1875 1676 exsuperaverit.

297 1722 421 1778 Nam
458 1735 554 1775 nos
581 1716 803 1789 quidem
822 1714 874 1767 in
903 1707 1285 1765 afflictionibus
1311 1712 1366 1758 et
1396 1700 1649 1773 periculis
1677 1709 1882 1751 inemo—-

297 1819 425 1870 riam
452 1813 687 1868 omnium
737 1806 1093 1876 expellimus:
1130 1803 1244 1870 ipse
1269 1808 1449 1853 autem
1497 1795 1563 1849 de
1595 1792 1718 1846 ﬁliis
1745 1790 1882 1844 adeo

303 1908 577 1964 timebatct
601 1901 888 1961 tremebat,
911 1907 970 1952 ut
990 1909 1148 1966 quem
1166 1891 1556 1948 consolatorem
1585 1885 1758 1942 solum
1783 1884 1880 1938 ha-

307 2000 459 2060 bebat
503 1997 843 2050 Timotheum
884 1997 937 2044 et
967 1988 1296 2054 adjutorem,
1329 1997 1452 2037 eum
1485 1981 1537 2033 in
1574 1979 1704 2048 ipsis
1733 1974 1880 2047 peri-

310 2092 443 2147 culis
487 2089 714 2143 mitteret
758 2083 826 2138 ad
877 2096 992 2136 eos.
1029 2079 1090 2132 Et
1136 2077 1305 2132 inanis
1355 2074 1448 2143 fiat
1496 2073 1638 2128 labor
1688 2079 1881 2124 noster.

315 2183 514 2250 Quare?
559 2194 682 2233 nam
710 2175 814 2232 etsi
842 2173 1018 2230 eversi
1048 2178 1252 2233 essent,
1288 2184 1394 2222 non
1430 2177 1518 2222 tua
1549 2165 1727 2234 culpa,
1776 2177 1887 2217 non

312 2286 392 2328 tua
421 2271 658 2326 socordia
687 2269 739 2324 id
763 2266 1069 2322 accidisset.
1095 2262 1197 2317 Sed
1226 2271 1403 2316 tamen
1423 2260 1582 2314 rebus
1607 2258 1676 2310 ita
1708 2271 1767 2310 se
1789 2254 1889 2308 ha—

308 2367 567 2427 bentibus,
624 2363 841 2416 inanem
872 2356 1036 2412 fuisse
1075 2355 1327 2409 existimo
1376 2351 1506 2405 mihi
1541 2348 1782 2403 laborem
1823 2361 1888 2399 ex

307 2457 465 2511 multo
495 2454 735 2509 fraterno
784 2463 990 2504 amore.
1025 2445 1109 2500 Ne
1137 2449 1268 2518 forte
1297 2442 1561 2497 tentaverit
1605 2455 1692 2493 vos
1734 2439 1776 2490 is
1807 2438 1892 2506 qui

306 2557 472 2603 tental.
503 2548 701 2602 Tentat
754 2551 936 2598 autem
985 2539 1235 2594 nesciens
1271 2551 1341 2590 an
1386 2536 1456 2589 sit
1504 2539 1886 2603 prostraturus.

308 2639 497 2696 Deinde
520 2639 614 2692 ille
635 2636 874 2708 quidem,
901 2633 1065 2687 etiam
1106 2640 1162 2683 ut
1189 2645 1295 2682 non
1343 2629 1522 2681 sciens
1548 2622 1888 2693 aggreditur;

304 2752 396 2789 nos
418 2730 624 2797 autem,
647 2730 884 2784 scientes
904 2739 1002 2779 nos
1033 2739 1154 2777 eum
1185 2723 1342 2791 longe
1371 2725 1721 2787 superaturos
1748 2728 1892 2779 esse,

304 2828 483 2897 vigiles
505 2840 614 2880 non
647 2818 1051 2885 sumus?Quod
1079 2823 1259 2870 autem
1290 2815 1542 2868 nesciens
1574 2824 1670 2864 nos
1702 2823 1891 2878 aggre—

303 2921 490 2981 diatur,
522 2919 575 2972 iu
619 2917 722 2973 Job
749 2914 1006 2970 ostendit.
1054 2912 1162 2967 Deo
1196 2910 1340 2963 enim
1389 2905 1601 2960 dicebat
1631 2902 1896 2970 malignus

305 3014 388 3069 ille
416 3013 630 3067 daemon
663 3026 679 3065 :
717 3007 903 3062 Nonne
933 3017 984 3060 tu
1030 3021 1110 3058 res
1155 3004 1265 3072 ejus
1291 3015 1405 3070 ante
1444 3008 1492 3052 et
1532 2998 1667 3050 intus
1694 3004 1740 3048 et
1770 2993 1897 3064 foris

305 3114 414 3158 sunt
432 3103 660 3156 muniisti
680 3101 704 3155 ?
732 3100 891 3169 Aufer
913 3099 1023 3168 ejus
1049 3093 1340 3166 facultates,
1371 3099 1504 3144 certe
1523 3089 1576 3141 in
1602 3087 1785 3158 facient
1811 3084 1899 3137 tibi

305 3197 552 3250 benedicet
585 3193 708 3264 (Job
739 3193 792 3246 i.
827 3190 915 3245 10.
948 3189 1061 3259 Η).
1094 3185 1309 3242 Tentat.
1361 3182 1420 3237 Si
1464 3179 1660 3234 viderit
1693 3175 1897 3246 aliquid

309 3289 651 3348 imbecillum,
709 3283 949 3347 invadit;
983 3281 1026 3335 si
1077 3277 1337 3342 validum,
1368 3273 1597 3331 recedit.
1636 3269 1703 3323 Et
1733 3268 1900 3323 inanis

309 3384 412 3449 ﬁat,
443 3381 636 3452 inquit,
670 3377 814 3431 labor
844 3385 1033 3429 noster.
1063 3371 1359 3426 Audiamus
1386 3380 1596 3430 omnes,
1629 3360 1900 3433 quomodo

310 3475 624 3530 laboraverit
654 3471 874 3527 Paulus.
906 3469 1022 3524 Non
1045 3467 1199 3523 dixit.
1219 3465 1386 3534 Opus,
1414 3461 1531 3528 sed,
1562 3460 1766 3522 Labor;
1793 3472 1897 3511 non

311 3565 454 3626 dixit,
479 3564 657 3618 Etvos
675 3561 953 3633 peribitis;
987 3558 1104 3622 sed,
1136 3555 1306 3610 Labor
1335 3563 1522 3608 noster.
1541 3550 1899 3620 Quamobrem

306 3657 349 3710 si
392 3655 596 3727 aliquid
643 3653 955 3718 accidisset,
984 3648 1352 3704 verisimilitcr
1392 3655 1710 3701 eventurum
1739 3651 1854 3696 erat
1883 3655 1898 3693 :

305 3748 554 3818 quoniam
585 3755 767 3800 autem
796 3759 902 3798 non
933 3741 1150 3807 accidit,
1185 3738 1345 3793 valde
1374 3747 1459 3793 est
1505 3734 1899 3790 admirandum.

305 3839 429 3895 llaec
462 3837 710 3909 quidem,
738 3833 931 3904 inquit,
966 3831 1419 3901 exspectavimus,
1467 3835 1765 3882 evenerunt
1805 3840 1902 3878 au-

303 3945 405 3988 tem
429 3933 711 3990 contraria
736 3947 748 3984 :
773 3945 879 3985 non
899 3929 1072 3984 solum
1089 3926 1232 3983 enim
1257 3924 1458 3979 nullam
1485 3921 1790 3976 afﬂictionis
1811 3934 1906 3975 ac-

303 4028 609 4083 cessionem
637 4039 667 4078 a
699 4023 852 4077 vobis
879 4020 1207 4091 accepimus,
1249 4017 1342 4072 sed
1373 4016 1536 4071 etiam
1578 4013 1904 4069 consolatio-

304 4133 444 4173 nem.
483 4115 646 4172 Nunc
672 4125 843 4168 autem
872 4113 1098 4168 veniente
1129 4109 1390 4164 Timotheo
1416 4107 1484 4160 ad
1506 4123 1598 4160 nos
1617 4122 1647 4158 a
1673 4104 1831 4166 vobis,
1860 4113 1906 4156 et

300 4210 647 4264 annuntiante
671 4206 814 4262 nobis
845 4207 998 4274 fidem
1026 4213 1072 4259 et
1107 4202 1370 4256 caritatem
1417 4207 1655 4253 vestram.
1685 4193 1906 4248 Annuu-

303 4303 478 4368 tiante,
517 4299 713 4370 inquit.
766 4297 924 4354 Vides
969 4308 1221 4366 magnam
1270 4289 1422 4364 Pauli
1477 4287 1718 4342 laetitiam
1745 4284 1904 4338 ?Non

298 4401 460 4465 dixit,
489 4403 887 4464 ἀπαγγείλαντος,
917 4393 969 4448 id
1002 4403 1109 4459 est,
1143 4389 1448 4448 nuntiante,
1483 4383 1577 4439 sed
1603 4387 1907 4448 εὐαγγελισα-

299 4504 466 4561 μένου,
504 4492 559 4547 id
589 4499 692 4553 est,
736 4491 908 4544 fausta
961 4485 1285 4541 nuntiante:
1318 4488 1526 4536 tantum
1568 4474 1908 4531 existimabat

302 4587 512 4641 bonum
545 4584 759 4652 illorum
794 4581 1125 4642 firmitatem,
1152 4584 1207 4631 et
1235 4575 1540 4630 caritatem.
1568 4569 1800 4625 Necesse
1827 4573 1910 4621 est

299 4678 447 4730 enim
479 4675 575 4731 illa
604 4673 757 4728 firma
789 4679 1042 4727 manente
1074 4677 1131 4723 et
1158 4665 1360 4730 stabili,
1391 4665 1531 4718 hanc
1557 4675 1770 4732 quoque
1787 4673 1909 4712 esse

300 4768 518 4823 firmam
566 4781 632 4820 ac
678 4764 949 4820 stabilem.
1000 4758 1309 4816 Laetabatur
1357 4765 1536 4809 autem
1587 4759 1642 4806 et
1692 4757 1910 4820 propter

301 4861 554 4928 ipsorum
586 4857 889 4922 caritatem,
934 4851 1076 4923 quod
1125 4865 1186 4905 ea
1242 4855 1388 4904 esset
1432 4845 1642 4913 signum
1673 4840 1813 4904 fidei,
1847 4837 1910 4892 Et

297 4952 460 5022 quod,
495 4949 695 5018 inquit,
730 4946 1026 5000 memoriam
1050 4943 1209 4998 nostri
1238 4937 1430 4994 habetis
1459 4950 1657 5006 semper
1699 4933 1906 5010 bonam,

299 5043 660 5098 desiderantes
708 5057 800 5092 nos
831 5039 1020 5101 videre,
1047 5035 1176 5089 sicut
1223 5042 1270 5086 et
1314 5046 1407 5085 nos
1436 5043 1634 5097 quoque
1658 5041 1767 5080 vos.
1797 5007 1910 5077 Hoc

297 5147 382 5193 est
414 5150 546 5190 cum
598 5133 852 5188 laudibus
897 5149 911 5185 :
957 5145 1066 5184 non
1112 5125 1328 5198 quando
1379 5122 1688 5184 aderamus,
1734 5131 1911 5187 neque

297 5225 527 5296 quando
581 5224 842 5278 miracula
887 5221 1254 5283 faciebamus;
1305 5215 1400 5272 sed
1453 5227 1596 5268 nunc
1647 5225 1904 5281 quoque,

298 5319 528 5390 quando
557 5317 744 5387 procul
788 5316 1065 5378 absumus,
1099 5321 1156 5364 et
1181 5309 1363 5380 flagris
1401 5304 1660 5362 credimur
1686 5312 1741 5358 et
1770 5301 1910 5356 mala

301 5413 547 5480 patimur
569 5406 1003 5470 innumerabilia,
1035 5401 1352 5459 memoriam
1376 5397 1543 5454 nostri
1586 5395 1794 5451 habetis
1817 5393 1911 5447 bo-

302 5519 462 5557 nam.
494 5501 695 5556 Audite
722 5496 997 5570 quomodo
1045 5496 1098 5550 in
1128 5493 1488 5549 admiratione
1519 5487 1783 5543 habentur
1824 5485 1910 5539 di-

299 5596 544 5666 scipuli,
592 5595 661 5650 de
710 5592 982 5660 magistris
1032 5590 1230 5645 bonam
1278 5586 1539 5640 habentes
1573 5580 1905 5644 memoriam,

299 5690 584 5760 quomodo
616 5687 755 5743 beati
783 5685 1140 5756 pra-dicantur
1164 5698 1177 5735 :
1205 5695 1299 5736 eos
1317 5680 1620 5733 imitemur:
1646 5688 1744 5728 nos
1767 5673 1909 5728 enim

300 5788 457 5853 ipsos
482 5781 816 5852 juvabimus,
849 5793 958 5832 non
986 5791 1080 5832 eos
1121 5773 1211 5844 qui
1241 5772 1552 5842 diliguntur.
1600 5764 1912 5819 Desideran-

301 5886 380 5929 tes
415 5890 513 5929 nos
539 5875 729 5940 videre,
754 5874 884 5926 sicut
911 5881 956 5925 et
986 5887 1075 5924 nos
1105 5884 1209 5922 vos.
1243 5865 1352 5921 l-loe
1391 5877 1604 5934 quoque
1636 5860 1783 5932 ipsos
1817 5859 1911 5911 ιω-

1100 388 1174 448 'l-N
1215 363 1430 446 EPIST.
1473 382 1492 437 ι
1557 381 1648 437 AD
1687 355 2014 433 TllESSAl..
2056 374 2206 429 car.
2249 371 2336 429 ιιι.
2378 371 2610 429 ιιοιιξι..
2651 371 2743 430 tv.

3455 366 3560 424 ιιι
3646 347 3652 352 ’

1976 491 2086 544 titia
2133 490 2420 546 afficiebat.
2451 490 2584 545 Nam
2643 487 2905 560 quodqui
2950 487 3122 558 diligit
3160 485 3410 542 didicerit
3433 499 3562 540 eum

1975 586 2064 653 qui
2096 584 2336 654 diligitur
2363 584 2465 638 hoc
2509 598 2688 646 nosse,
2737 596 2930 651 nempe
2961 597 3019 637 se
3044 581 3213 651 diligi,
3261 596 3451 650 magna
3483 587 3568 634 est

1975 675 2273 729 Consolatio
2302 683 2354 729 et
2383 675 2670 729 recreatio.
2706 674 2758 727 7.
2784 671 2914 726 Ideo
2945 673 3192 726 consolati
3222 688 3417 736 sumus,
3457 672 3567 740 [ra-

1977 773 2096 833 tres,
2126 767 2176 820 in
2207 766 2344 819 vobis
2370 767 2423 820 in
2453 767 2589 819 omni
2618 765 2912 819 necessitate
2938 773 2984 818 et
3014 764 3340 816 tribulatione
3368 772 3566 826 nostra,

1978 872 2066 924 per
2092 856 2248 923 ﬁdem
2275 867 2490 910 vestram
2514 871 2532 908 :
2561 855 2803 922 quoniam
2826 871 2960 908 nunc
2989 854 3224 918 vivimus,
3257 852 3302 905 si
3325 867 3412 906 vos
3457 861 3568 905 sta-

1978 947 2041 1000 tis
2068 947 2120 1000 in
2149 945 2388 1001 Domino.
2413 945 2548 1015 Quid
2573 946 2736 1000 Paulo
2769 945 2936 1014 possit
2956 942 3406 1014 :cquiparari,qui
3443 957 3571 1012 pro-

1979 1038 2299 1109 pinquorum
2327 1030 2552 1092 salutem
2585 1037 2924 1092 existimabat
2949 1050 3069 1090 esse
3093 1051 3241 1090 suam
3265 1051 3280 1099 ;
3302 1043 3570 1103 tamquam

1980 1145 2176 1200 corpus
2206 1145 2331 1201 erga
2360 1129 2622 1197 membra,
2657 1129 2734 1184 sic
2753 1143 2878 1198 erga
2917 1141 3106 1181 omnes
3157 1125 3419 1181 affectus?
3449 1125 3573 1194 quis

1981 1239 2124 1278 nunc
2145 1224 2340 1292 poterit
2368 1224 2418 1278 in
2451 1223 2587 1278 hanc
2615 1237 2804 1277 vocem
2830 1219 3153 1288 erumpere?
3181 1219 3288 1272 imo
3303 1231 3431 1272 vero
3455 1216 3576 1284 quis

1981 1316 2182 1386 poterit
2208 1317 2286 1369 sic
2312 1330 2563 1384 umquam
2592 1312 2796 1369 sentire
2831 1322 2887 1366 et
2918 1308 3196 1380 cogitare?
3226 1307 3456 1362 Nolebat
3481 1321 3578 1361 eos

1984 1409 2086 1480 ipsi
2117 1409 2314 1463 habere
2335 1409 2559 1477 gratiam
2590 1406 2657 1461 de
2685 1405 2948 1473 susceptis
2977 1419 3075 1472 pro
3104 1402 3235 1472 ipsis
3267 1399 3583 1455 leutatioui-

1983 1499 2120 1565 bus;
2158 1499 2252 1554 sed
2284 1500 2363 1554 eis
2390 1497 2622 1552 habebat
2651 1497 2916 1568 gratiam,
2951 1493 3094 1565 quod
3128 1508 3234 1547 non
3267 1491 3582 1545 labaverant

1986 1602 2209 1665 propter
2225 1593 2340 1661 ejus
2374 1593 2698 1646 tentationcs
2729 1608 2742 1643 :
2775 1590 2927 1660 quasi
2952 1588 3178 1651 diceret,
3207 1585 3375 1640 Vobis
3406 1585 3580 1655 magis

1985 1702 2146 1757 quam
2199 1687 2354 1740 nobis
2382 1685 2636 1739 damnum
2668 1683 2862 1737 accidit
2891 1697 2955 1737 ex
3009 1678 3395 1735 tentatiouibus
3439 1694 3453 1730 :
3484 1692 3579 1730 vos

1988 1778 2156 1847 magis
2181 1793 2338 1848 quam
2364 1792 2461 1831 nos
2484 1777 2667 1832 tentati
2695 1775 2858 1830 estis:
2889 1788 2984 1827 vos
3001 1773 3089 1844 qui
3115 1772 3241 1825 nihil
3266 1771 3408 1842 passi
3426 1771 3582 1836 estis,

1986 1884 2145 1940 quam
2180 1884 2278 1922 nos
2307 1869 2396 1938 qui
2431 1867 2572 1937 passi
2618 1880 2825 1919 sumus.
2871 1864 3182 1932 Postquam,
3239 1860 3432 1930 inquit,
3468 1859 3584 1914 lucc

1989 1961 2144 2016 nobis
2182 1959 2516 2014 annuntiavit
2545 1958 2884 2021 Timotheus,
2937 1955 3066 2009 nihil
3098 1953 3385 2009 molestum
3414 1951 3585 2006 senti-

1991 2069 2133 2121 mus,
2162 2051 2545 2116 setI,Consofati
2568 2067 2738 2103 sumus
2768 2049 2821 2102 in
2851 2047 2988 2101 omni
3031 2045 3316 2117 aﬂiictioue,
3349 2058 3453 2097 non
3486 2040 3587 2096 hac

1991 2148 2187 2208 solum,
2236 2142 2330 2198 sed
2360 2143 2545 2206 etiam,
2582 2140 2648 2194 In
2694 2139 2988 2194 necessitate
3029 2145 3227 2199 nostra,
3279 2133 3485 2204 inquit;
3532 2136 3589 2187 et

1991 2239 2206 2294 merito.
2242 2236 2446 2289 Bonum
2480 2234 2624 2288 enim
2670 2231 2987 2300 magistrum
3021 2223 3152 2281 nihil
3185 2225 3253 2280 de
3279 2232 3478 2280 exntero
3505 2221 3588 2276 of-

1994 2331 2245 2394 fenderit,
2280 2326 2534 2398 quamdiu
2587 2341 2674 2380 res
2718 2323 3104 2393 discipulorum
3148 2319 3197 2375 ei
3231 2316 3594 2388 processerint

1993 2439 2059 2478 ex
2091 2421 2380 2477 sententia.
2406 2412 2510 2475 Per
2530 2432 2649 2484 vos,
2702 2413 3334 2486 inquit,consolationem
3381 2409 3596 2478 accepie

1996 2502 2118 2572 mus
2141 2534 2152 2568 :
2185 2515 2236 2569 id
2259 2523 2363 2580 est,
2389 2512 2496 2568 Vos
2516 2525 2613 2565 nos
2636 2507 3048 2565 corroborastis.
3076 2503 3236 2576 Atqui
3264 2503 3594 2559 contrarium

1996 2616 2113 2664 erat
2147 2626 2157 2659 :
2193 2621 2314 2659 nam
2343 2603 2483 2673 quod
2517 2599 2658 2671 passi
2705 2615 2811 2654 non
2840 2596 3124 2660 cesserint,
3157 2593 3250 2649 sed
3284 2593 3495 2647 fortiter
3518 2606 3596 2645 re-

1998 2701 2255 2756 stiterim.
2305 2695 2506 2749 sufﬁcit
2550 2693 2616 2746 ad
2671 2688 3070 2747 confirmandos
3114 2686 3432 2756 discipulos.
3484 2678 3590 2738 Sed

2000 2800 2168 2845 tutum
2200 2789 2321 2843 facit
2351 2786 2702 2845 contrarium,
2729 2791 2783 2837 et
2814 2778 3025 2836 laudem
3053 2780 3107 2833 in
3140 2775 3259 2833 illos
3283 2775 3551 2830 convertit
3583 2791 3598 2828 :

2002 2878 2130 2946 Vos,
2174 2880 2364 2951 inquit,
2413 2894 2514 2933 nos
2562 2877 2789 2930 unxistis
2818 2884 2872 2930 et
2921 2871 3286 2935 instruxistis;
3317 2883 3413 2923 vos
3441 2867 3598 2923 nobis

2001 2973 2226 3030 dedistis
2255 2979 2310 3026 ut
2337 2971 2730 3040 respirarcmus
2754 2984 2768 3031 ;
2800 2982 2896 3021 vos
2917 2981 3020 3019 non
3044 2962 3362 3034 permisistis
3391 2969 3448 3015 ut
3470 2974 3600 3016 send-

2004 3068 2226 3121 tiremus
2255 3061 2599 3119 tentationes.
2634 3058 2814 3131 Neque
2843 3059 2996 3122 dicit,
3029 3052 3456 3125 Respiravimus,
3496 3069 3601 3108 nc-

2002 3177 2126 3232 qoe,
2153 3155 2588 3214 Consolationcm
2616 3154 2940 3223 accepimus,
2967 3149 3060 3204 sed
3085 3148 3209 3219 quid
3233 3143 3256 3200 ?
3290 3146 3443 3200 Nunc
3479 3140 3604 3199 vivi-

2005 3270 2152 3318 mus;
2181 3251 2475 3308 ostendens
2505 3245 2647 3319 quod
2677 3255 2730 3302 et
2761 3244 3114 3300 tentationem
3136 3248 3190 3293 et
3214 3246 3441 3293 mortem
3467 3235 3601 3292 nihil

2004 3345 2148 3400 aliud
2179 3345 2459 3400 existimat
2517 3355 2677 3409 quam
2731 3337 2947 3391 illorum
2993 3332 3370 3394 offensionem,
3401 3331 3491 3385 uhi
3547 3340 3603 3385 et

2006 3437 2220 3492 illorum
2272 3433 2571 3505 profectum
2615 3428 2888 3485 existimat
2925 3439 3049 3480 esse
3092 3424 3279 3477 vitam.
3317 3421 3602 3489 Quomodo

2012 3536 2151 3590 ullus
2178 3532 2320 3586 alius
2342 3529 2583 3584 dolorem
2612 3532 2831 3594 propter
2857 3517 3243 3589 discipulorum
3265 3514 3634 3569 imbecillum.

2007 3638 2153 3691 tem,
2201 3633 2294 3679 aut
2340 3621 2593 3692 gaudium
2649 3617 2719 3671 ita
2771 3609 3202 3685 signiﬁcaverit?
3254 3606 3368 3662 Non
3423 3606 3596 3672 dixit,

2006 3717 2294 3780 Laetamur,
2326 3710 2444 3775 sed,
2487 3708 2731 3770 Vivimus,
2766 3707 2928 3759 vitam
2963 3699 3208 3756 iudicans
3233 3694 3486 3753 futuram.

2082 3813 2134 3866 5.
2149 3806 2510 3876 Quamobrem
2538 3801 2741 3871 absque
2765 3799 2867 3854 hoc
2893 3811 2962 3852 ne
2979 3796 3157 3849 vivere
3169 3791 3386 3863 quidem
3415 3791 3603 3846 vivere

2007 3919 2129 3960 esse
2155 3897 2647 3956 existimamus.Sic
2673 3893 2894 3948 affectos
2915 3896 3128 3960 Oportet
3149 3902 3271 3942 esse
3293 3885 3600 3955 magistros.

2009 4000 2088 4053 sie
2142 3993 2475 4063 discipulos;
2531 3998 2588 4045 et
2637 3983 2768 4041 nihil
2828 3997 3080 4054 umquam
3139 3981 3241 4035 erit
3286 3976 3602 4032 absurdum.

2010 4089 2215 4147 Deinde
2244 4088 2346 4143 hoc
2377 4097 2601 4154 augens,
2632 4080 2754 4134 vide
2782 4076 2907 4148 quid
2956 4071 3099 4131 dicat
3126 4092 3138 4127 :
3169 4073 3223 4128 9.
3268 4069 3434 4137 Qumn
3473 4071 3607 4124 enim

2007 4183 2291 4255 gratiarum
2319 4177 2569 4231 actionem
2599 4187 2866 4242 possumus
2887 4162 2997 4221 Deo
3023 4165 3300 4219 retribuere
3323 4178 3416 4232 pro
3441 4162 3600 4227 vobis,

2007 4248 2216 4330 inomni
2238 4270 2426 4344 gaudio
2453 4283 2554 4338 quo
2582 4265 2865 4336 gaudemus
2887 4268 3092 4329 prbpter
3119 4272 3227 4319 vos,
3254 4264 3372 4307 ante
3419 4248 3602 4317 Deum,

2010 4367 2099 4424 10.
2139 4373 2285 4420 nocte
2305 4371 2353 4416 et
2387 4361 2470 4414 die
2495 4350 2839 4411 abundantius
2869 4359 3091 4413 orantes,
3127 4357 3182 4401 ut
3213 4346 3473 4400 videamus
3517 4346 3602 4415 fa-

2009 4460 2136 4514 ciem
2181 4465 2421 4518 vestram,
2459 4459 2504 4505 et
2535 4447 2881 4516 compleamus
2909 4459 2969 4497 ea
3002 4457 3117 4513 qua:
3159 4438 3338 4494 desunt
3375 4432 3496 4506 ﬁdei
3524 4451 3607 4490 ve-

2009 4549 2169 4608 sti-te?
2194 4547 2312 4603 Non
2330 4545 2526 4608 solum,
2551 4540 2744 4612 inquit,
2769 4537 2945 4592 fuistis
2966 4531 3121 4590 nobis
3143 4533 3264 4587 vine
3285 4539 3535 4586 auctores
3555 4537 3606 4583 et

2011 4658 2209 4711 causae,
2243 4639 2341 4696 sed
2368 4638 2532 4695 etiam
2561 4633 2712 4690 multi
2740 4629 2942 4704 gaudii,
2972 4635 3028 4684 et
3055 4625 3210 4691 tanti,
3241 4634 3301 4680 ut
3343 4638 3412 4677 ne
3436 4621 3606 4692 possi-

2011 4753 2132 4794 mus
2157 4733 2396 4807 quidem,
2425 4740 2484 4785 ut
2508 4744 2606 4799 par
2634 4734 2736 4791 est,
2762 4724 2874 4780 Deo
2899 4721 3100 4793 gratias
3129 4731 3308 4786 agere.
3333 4713 3485 4782 Quod
3511 4725 3606 4765 vos

2012 4804 2470 4898 recte—gessistis,
2500 4821 2619 4886 Dei,
2655 4817 2846 4887 inquit,
2901 4814 3099 4868 donum
3155 4822 3279 4864 esse
3320 4804 3602 4862 existima-

2014 4938 2133 4978 mus
2167 4937 2181 4974 :
2215 4897 2315 4974 nos
2341 4915 2539 4972 talibus
2562 4909 2816 4966 aﬂ'ecistis
2845 4903 3138 4966 beneficiis,
3166 4897 3604 4954 utexistimemus

2012 5032 2073 5072 ea
2096 5027 2217 5071 esse
2244 5007 2364 5076 Dei,
2415 5006 2498 5061 vel
2534 5001 2712 5074 potius
2743 4999 2904 5055 etiam
2937 5008 3059 5051 esse
3098 5004 3234 5063 opus
3271 4988 3362 5044 Dei
3391 5005 3404 5042 :
3430 5000 3606 5056 neque

2013 5107 2158 5163 enim
2191 5103 2458 5158 humanus
2479 5097 2710 5160 animus,
2743 5104 2844 5145 nec
2865 5085 3100 5143 studium
3133 5091 3187 5138 et
3210 5077 3468 5135 industria
3491 5076 3606 5130 haec

2013 5204 2192 5270 potest
2235 5191 2541 5261 concipere.
2590 5183 2775 5246 Nocte,
2819 5177 3010 5249 inquit,
3063 5182 3111 5230 et
3154 5173 3237 5226 die
3265 5166 3607 5224 abundantius

2014 5257 2239 5347 iit-antes.
2275 5257 2633 5352 Hoc-quoque
2670 5283 2754 5330 est
2789 5272 3000 5343 signum
3049 5263 3250 5337 gaudii.
3278 5261 3431 5317 Sicut
3458 5257 3606 5313 enim

2016 5379 2251 5455 agricola
2286 5351 2513 5430 audiens
2536 5382 2696 5440 agros
2721 5381 2750 5420 a
2771 5379 2831 5419 se
2859 5361 3033 5416 cultos
3062 5371 3182 5412 esse
3211 5352 3442 5408 refertos
3491 5351 3606 5402 fru-

2015 5438 2212 5536 ciibus,
2241 5465 2518 5524 desiderat
2546 5438 2728 5515 coram
2757 5463 2959 5510 tantam
2989 5449 3173 5503 videre
3203 5443 3442 5500 lmtitiam
3475 5455 3488 5492 :
3533 5438 3606 5491 ita

2014 5567 2176 5626 etiam
2200 5529 2398 5618 i’aulus
2433 5551 2820 5611 Macedoniam.
2850 5540 3207 5600 Abundantius
3228 5542 3445 5590 orantes.
3474 5529 3610 5584 Vide

2017 5621 2372 5732 bvperbolen.
2411 5649 2478 5705 Ut
2499 5646 2758 5702 videamus
2783 5639 2966 5712 faciem
2993 5642 3232 5694 vestram,
3266 5636 3313 5681 et
3339 5621 3608 5694 completi-

2017 5713 2129 5807 uuis
2154 5767 2214 5805 ea
2232 5761 2343 5816 qua:
2363 5744 2548 5796 desunt
2576 5736 2694 5808 ﬁdei
2713 5741 2908 5788 vestra.
2935 5729 3029 5783 llic
3048 5737 3238 5794 magna
3256 5727 3340 5775 est
3359 5713 3609 5810 quaestio:

2017 5847 2072 5907 Si
2102 5845 2246 5905 enim
2274 5851 2415 5894 nunc
2445 5833 2580 5892 vivis
2605 5827 2865 5902 quoniam
2895 5830 3062 5891 stant,
3087 5829 3136 5874 et
3165 5809 3486 5872 Timotheus
3514 5797 3611 5860 tibi
