4140 6500
511 369 617 427 ΗΟ

510 479 844 535 annnntiavit
898 480 1134 551 ipsorum
1188 482 1343 537 (idem
1399 494 1454 540 et
1494 487 1793 556 caritatem,
1841 498 1899 545 et
1953 500 2096 546 tanta

511 584 571 625 cs
628 570 814 640 plenus
864 571 1079 637 lzctitia,
1136 579 1195 625 ιιι
1249 588 1317 628 ne
1379 579 1552 644 possis
1604 578 1841 647 quidem,
1902 591 1958 635 ut
2009 597 2104 652 par

510 673 591 718 est
621 707 636 728 ,
691 665 800 719 Deo
858 680 1018 735 agere
1066 668 1286 735 gratias,
1346 670 1618 738 quomodo
1671 671 1758 726 hic
1800 673 1936 729 dicis
1979 689 2100 730 esse

513 756 634 810 fidei
670 757 954 812 defectus?
999 773 1177 812 annon
1231 769 1359 814 sunt
1400 761 1487 814 illa
1535 764 1697 817 verba
1739 763 2100 820 adulationis?

508 849 870 919 Nequaquam,
899 850 1055 905 absit.
1080 851 1211 905 Nam
1240 852 1388 922 prius
1411 863 1635 909 testatus
1665 865 1751 912 est
1776 872 1869 912 eos
1898 860 2097 913 multos

508 943 822 997 sustinuisse
875 943 1107 1009 labores,
1165 955 1221 1000 et
1281 961 1386 1001 non
1440 948 1619 1002 minus
1681 965 1800 1005 esse
1876 953 2095 1008 allectos

507 1047 665 1102 quam
701 1036 953 1090 Ecclesia!
998 1037 1051 1090 in
1094 1036 1299 1091 Jndzca.
1339 1040 1477 1106 Quid
1518 1057 1646 1112 ergo
1680 1043 1795 1097 est?
1830 1043 1945 1099 Non
1974 1060 2093 1099 om-

507 1141 631 1181 nem
654 1140 1005 1198 perceperant
1044 1130 1366 1195 doctrinam.
1407 1151 1581 1206 neque
1620 1137 1919 1194 didicerant
1946 1158 2093 1209 quzc-

506 1232 737 1286 cumque
770 1221 1009 1288 oportuit
1045 1220 1291 1277 discere:
1318 1234 1372 1277 et
1422 1225 1524 1280 hoc
1563 1227 1828 1297 significat
1871 1230 1923 1283 in
1961 1231 2088 1285 fine.

506 1307 758 1364 Fortasse
773 1314 1112 1379 quaerebatur
1126 1315 1192 1368 ait
1208 1316 1285 1368 eis
1306 1314 1373 1370 de
1396 1320 1825 1385 resurrectione;
1853 1331 1907 1376 et
1938 1323 2089 1379 multi

506 1410 659 1452 erant
686 1402 773 1468 qui
806 1416 900 1455 eos
926 1404 1343 1471 conturbabant,
1376 1422 1482 1461 non
1515 1411 1743 1479 amplius
1776 1415 2089 1471 tentationi-

505 1493 605 1547 bus
619 1510 716 1550 nec
738 1498 1010 1566 periculis,
1040 1500 1133 1554 sed
1158 1503 1471 1558 simulantes
1506 1521 1564 1559 se
1601 1521 1723 1565 esse
1747 1507 1998 1567 doctores
2035 1522 2089 1567 ct

509 1587 810 1655 magistros.
861 1588 985 1643 Ideo
1033 1590 1136 1645 hoc
1177 1592 1345 1656 dicit,
1393 1594 1628 1669 Defectus
1675 1602 1816 1669 ﬁdei.
1867 1602 1937 1657 Et
1981 1621 2087 1659 non

502 1677 662 1743 dixit,
695 1677 765 1734 Ut
789 1681 1189 1751 confirmemns,
1217 1685 1336 1757 sed,
1367 1684 1435 1747 Ut
1458 1694 1815 1763 compleamus.
1844 1696 1974 1750 Nam
2000 1699 2088 1753 ubi

502 1776 570 1832 de
594 1779 711 1851 ipsa
731 1782 948 1852 quidem
968 1781 1072 1840 fide
1097 1778 1371 1852 timuerat,
1396 1788 1532 1854 Misi,
1560 1790 1747 1860 inqttit,
1775 1790 2089 1847 Timotheum

505 1870 575 1923 ad
600 1873 975 1940 conﬁrmandos
1016 1891 1142 1940 vos;
1172 1877 1255 1930 hic
1281 1887 1458 1933 autem
1490 1881 1555 1934 ad
1585 1882 1959 1951 complendum
1990 1885 2087 1940 de-

508 1959 701 2023 fectus,
731 1978 821 2017 seu
849 1980 911 2019 ea
943 1982 1060 2034 qua:
1086 1967 1315 2023 desunt:
1339 1972 1478 2040 quod
1509 1976 1678 2043 magis
1698 1984 1781 2029 est
1806 1976 2084 2044 doctrinm,

505 2067 665 2122 quam
693 2056 1120 2115 eonllrmalionis
1143 2079 1157 2115 ε
1180 2063 1318 2116 sicut
1340 2071 1391 2117 et
1417 2064 1539 2119 alibi
1565 2067 1713 2129 dicit,
1746 2067 1813 2122 Ut
1836 2070 1946 2124 sitis
1968 2087 2085 2139 per-

508 2146 629 2212 fecti
667 2146 738 2199 ad
761 2162 910 2202 omne
936 2166 1064 2219 opus
1089 2151 1273 2206 bonum
1307 2154 1380 2223 (l.
1413 2154 1530 2210 Cor.
1564 2158 1613 2210 1.
1650 2157 1758 2229 10).
1788 2157 2086 2216 Perfectum

503 2246 679 2290 autem
711 2248 794 2293 est
814 2280 829 2303 ,
861 2240 945 2294 cui
978 2257 1160 2312 parum
1190 2244 1313 2313 quid
1354 2245 1507 2301 deest
1535 2264 1548 2301 :
1579 2247 1680 2303 hoc
1706 2250 1846 2306 enim
1874 2252 2083 2319 perlici-

504 2336 610 2381 tttr.
643 2328 729 2385 11.
760 2329 884 2401 Ipse
911 2344 1078 2387 autent
1114 2334 1251 2391 Deus
1281 2346 1326 2391 et
1354 2336 1509 2393 Pater
1534 2352 1721 2407 noster,
1750 2351 1796 2396 et
1833 2342 2082 2399 Dominus

506 2428 675 2473 noster
700 2419 852 2475 Iesus
882 2422 1112 2480 Christus
1138 2428 1323 2498 dirigat
1352 2430 1482 2483 viam
1511 2442 1734 2485 nostram
1763 2434 1831 2487 ad
1859 2451 1963 2489 vos.
1995 2437 2081 2492 12.

514 2506 615 2563 Vos
638 2522 803 2565 autem
834 2511 1082 2569 Dominus
1103 2519 1424 2587 ntultiplicet,
1453 2532 1500 2574 et
1526 2523 1787 2578 abundare
1812 2527 1966 2595 faciat
1994 2542 2085 2580 ca-

502 2602 703 2655 ritatem
730 2614 941 2659 vestram
976 2607 1186 2662 invicem
1226 2620 1273 2664 et
1299 2612 1350 2665 in
1378 2630 1568 2679 omnes,
1599 2617 2017 2685 quemadmodum
2037 2628 2086 2672 et

505 2710 596 2747 nos
636 2697 686 2749 in
718 2698 874 2751 vobis.
914 2698 1026 2754 lloc
1056 2711 1135 2755 est
1163 2719 1385 2759 summa:
1413 2706 1737 2776 dilectionis,
1771 2727 1875 2765 non
1908 2713 2083 2767 solum

503 2786 639 2852 apud
674 2801 730 2840 se
760 2797 945 2857 optare
970 2832 984 2855 ,
1019 2793 1111 2846 sed
1144 2794 1302 2847 etiam
1332 2807 1511 2850 votum
1542 2800 1781 2868 epistola:
1809 2803 2042 2859 inserere
2068 2822 2081 2858 :

502 2872 605 2931 hoc
634 2887 717 2932 cst
744 2878 999 2935 ferventis
1043 2884 1242 2952 animi,
1272 2895 1327 2940 et
1352 2890 1439 2957 qui
1468 2889 1622 2957 plane
1653 2908 1759 2948 non
1791 2903 1961 2962 potest
1990 2909 2084 2949 co-

507 2968 677 3024 hiberi
710 2988 722 3024 :
754 2971 857 3027 hoc
886 2983 968 3029 est
996 2976 1156 3030 etiam
1188 2978 1443 3034 indicium
1475 2996 1691 3050 precum
1719 3001 1837 3055 qua:
1865 2986 1973 3042 illic
2001 2986 2082 3041 fa—

504 3073 607 3116 cta:
636 3062 864 3134 fuerant,
891 3076 945 3121 et
966 3067 1121 3122 simul
1145 3073 1415 3126 excusatio
1437 3088 1499 3128 ac
1520 3075 1781 3138 defensio.
1807 3079 1947 3147 quod
1976 3094 2083 3135 non

506 3152 775 3221 iubentes,
808 3170 907 3211 nec
929 3173 1025 3228 per
1050 3162 1350 3217 socordiam
1383 3179 1488 3218 non
1515 3166 1710 3221 adsint.
1742 3168 1904 3236 Quasi
1933 3170 2085 3228 dice-

508 3252 609 3310 ret,
641 3244 757 3313 Ipse
785 3255 962 3302 autem
995 3249 1133 3305 Deus
1156 3263 1392 3322 amputet
1418 3258 1737 3313 tentationes
1766 3276 1883 3331 qua:
1907 3277 2004 3316 nos
2032 3263 2083 3317 in

505 3348 717 3391 onmem
752 3347 955 3407 partem
987 3342 1225 3406 trahunt,
1250 3355 1307 3398 ut
1336 3356 1479 3401 recta
1508 3347 1572 3401 ad
1596 3363 1693 3404 vos
1720 3352 1949 3405 veniam.
1986 3351 2086 3409 Vos

502 3436 671 3481 autem
705 3426 950 3485 Dominus
986 3431 1307 3503 multiplicet,
1341 3445 1386 3489 et
1425 3436 1685 3493 abundare
1714 3442 1890 3510 faciat.
1925 3442 2086 3498 Vides

503 3519 807 3578 dilectionis
835 3521 1100 3579 fervorem
1143 3527 1232 3596 qni
1272 3543 1377 3583 non
1412 3540 1586 3600 potest
1610 3534 1847 3590 cohiberi
1872 3578 1886 3599 ,
1917 3539 2006 3607 qui
2032 3548 2087 3593 et

506 3616 683 3670 verbis
727 3616 1062 3672 ostenditur?
1104 3618 1445 3689 Multiplicet,
1489 3625 1689 3693 inquit,
1736 3637 1781 3681 et
1828 3629 2087 3686 abundare

504 3708 659 3777 faciat
685 3723 819 3778 :pro
845 3725 910 3763 eo
936 3710 1076 3780 quod
1105 3720 1206 3775 est,
1235 3723 1443 3784 augeat.
1472 3715 1632 3784 Quasi
1658 3718 1878 3786 dixeris,
1912 3737 1976 3776 ex
2000 3738 2088 3775 su-

510 3798 929 3865 pcralmndanlia
960 3801 1354 3870 quodammodo
1389 3807 1658 3861 desiderat
1703 3809 1771 3862 ab
1805 3811 1884 3865 eis
1913 3811 2083 3883 diligi.

509 3889 944 3951 Quemadmodum
973 3904 1020 3945 et
1047 3910 1138 3947 nos
1159 3935 1173 3960 ,
1216 3895 1424 3966 inquit,
1452 3899 1506 3950 in
1546 3897 1703 3952 vobis.
1737 3900 1790 3954 ld
1822 3910 1937 3969 est,
1966 3902 2083 3959 Jam

508 3980 719 4048 quidem
747 3989 830 4035 est
855 3991 1089 4037 nostrum
1109 4025 1124 4050 ,
1151 3985 1398 4040 volumus
1424 3997 1600 4043 autem
1629 4000 1684 4044 ut
1712 3992 1801 4045 fiat
1829 4002 2083 4049 vestrum.

513 4072 671 4127 Vides
696 4085 949 4144 quantum
974 4076 1087 4129 vult
1110 4078 1323 4131 extendi
1352 4080 1667 4134 caritatem?
1694 4097 1798 4138 non
1829 4084 1965 4140 inter
1992 4103 2088 4141 nus

508 4166 703 4231 Solum,
735 4167 827 4220 sed
855 4168 1013 4221 etiam
1041 4168 1258 4238 ubique.
1286 4169 1415 4224 Nam
1443 4170 1544 4225 hoc
1565 4172 1721 4240 plane
1747 4184 1828 4230 est
1851 4178 2087 4233 caritatis

513 4259 806 4312 secundum
837 4258 1002 4315 Deum
1020 4300 1045 4323 ,,
1078 4276 1265 4315 omnes
1308 4264 1585 4333 complecti
1613 4283 1626 4318 :
1651 4267 1693 4320 si
1725 4276 1902 4322 autem
1947 4270 2089 4327 hunc

506 4348 719 4417 quidem
750 4349 926 4420 diligis
951 4393 966 4416 ,
1001 4352 1146 4406 illum
1187 4368 1314 4407 vero
1358 4355 1575 4411 minime
1596 4398 1610 4424 ,
1638 4368 1720 4412 est
1746 4362 1974 4415 amicitia
2003 4377 2087 4418 se-

507 4440 737 4493 cundum
792 4442 1080 4497 hominem.
1121 4443 1227 4499 Sed
1269 4456 1447 4500 nostra
1489 4465 1592 4502 non
1637 4459 1720 4504 est
1763 4453 2083 4519 hujusmodi.

511 4529 945 4594 Quemadmodum
981 4541 1027 4587 et
1064 4550 1155 4588 nos
1194 4536 1244 4588 in
1282 4537 1419 4590 vobis
1452 4554 1470 4591 .'
1506 4541 1590 4593 15.
1628 4541 1697 4593 ad
1736 4544 2089 4611 conﬁrmanda

507 4621 661 4674 corda
699 4634 861 4677 vestra
900 4625 1006 4679 sine
1046 4627 1249 4692 querela
1287 4628 1340 4680 in
1379 4631 1645 4685 sanctitate
1681 4643 1799 4686 ante
1839 4635 1998 4690 Deum
2042 4646 2089 4691 et

511 4712 718 4765 Patrem
746 4725 970 4767 nostrum
999 4716 1296 4770 inladvcntu
1326 4718 1532 4771 Domini
1571 4723 1729 4775 nostri
1750 4722 1876 4778 Jcsu
1904 4725 2089 4782 Christi

506 4819 620 4856 cum
663 4806 893 4858 omnibus
933 4808 1123 4859 sanctis
1170 4808 1297 4876 ejus.
1341 4807 1587 4864 Ostendit
1630 4813 1968 4871 dilectionem
2008 4819 2087 4874 eis

506 4890 697 4948 afferre
722 4894 967 4960 lucrum,
999 4911 1104 4949 non
1134 4897 1198 4951 iis
1229 4899 1319 4968 qui
1359 4900 1668 4971 diliguntur.
1704 4904 1859 4973 Volo,
1895 4909 2083 4979 inquit,

504 4986 776 5042 abundare
809 4991 945 5043 hanc
970 4991 1244 5045 caritatem
1273 5035 1286 5058 ,
1330 5002 1386 5047 ut
1417 4996 1559 5050 nulla
1604 4999 1673 5053 sit
1717 5002 2081 5069 reprehensio.

503 5077 617 5131 Non
647 5079 810 5144 dixit,
844 5080 923 5135 Ad
953 5096 1049 5135 vos
1077 5082 1472 5142 confirmandos
1492 5132 1506 5154 ,
1539 5089 1653 5154 sed,
1684 5090 1851 5147 Corda
1881 5105 2042 5150 vestra
2066 5112 2086 5151 :

506 5166 589 5223 [ἐκ
629 5170 782 5225 corde
806 5172 939 5225 enim
968 5184 1150 5228 exeunt
1190 5177 1340 5231 utalia
1378 5182 1706 5250 cogitationes
1747 5185 1957 5257 (Matth.
1991 5189 2079 5244 15.

504 5264 617 5334 19).
649 5264 789 5319 Fieri
818 5267 961 5321 enim
994 5277 1168 5338 potest
1193 5281 1249 5325 ut
1278 5273 1365 5343 qui
1395 5275 1524 5329 nihil
1553 5278 1656 5347 agit
1688 5279 1758 5332 sit
1788 5281 1960 5334 malus
1984 5299 1998 5336 :
2022 5291 2081 5337 ut

506 5356 546 5409 si
582 5354 777 5410 habeat
813 5358 1099 5427 invidiam,
1131 5362 1592 5434 incredulitatem,
1624 5369 1802 5425 dolum
1823 5413 1837 5438 ,
1871 5373 2079 5428 hetetnr

503 5447 654 5502 malis
676 5488 692 5515 ,
727 5464 830 5505 non
859 5450 930 5504 sit
958 5467 1252 5522 propensus
1281 5455 1346 5510 ad
1375 5460 1681 5528 amandum,
1710 5462 1954 5533 dogmata
1988 5466 2082 5518 ha-

502 5537 625 5593 beat
652 5555 900 5607 perversa
931 5559 945 5595 :
974 5543 1088 5600 haec
1116 5549 1294 5602 omnia
1326 5559 1452 5603 sunt
1478 5553 1673 5606 cordis.
1709 5553 1820 5608 Hoc
1846 5571 1971 5610 vero
2000 5567 2081 5611 est

500 5634 776 5700 sanctitas,
805 5635 873 5689 ab
899 5636 981 5691 his
1006 5654 1126 5694 esse
1153 5656 1332 5710 puros.
1361 5642 1491 5697 Nam
1522 5647 1735 5715 proprie
1760 5648 1973 5717 quidem
1996 5649 2080 5703 di-

500 5720 642 5774 citur
668 5725 920 5779 sanctitas
942 5735 1288 5798 temperantia
1312 5750 1431 5805 quas
1456 5745 1537 5790 est
1560 5753 1655 5808 per
1680 5740 2076 5808 excellentiam,

499 5810 763 5879 siquidem
793 5817 1124 5878 immunditia
1150 5834 1230 5881 est
1258 5826 1538 5884 fornicatio
1566 5840 1620 5885 et
1647 5833 2001 5891 adulterium:
2025 5836 2077 5892 in

1250 373 1304 428 S.
1346 373 1622 433 JOANNIS
1659 377 2125 437 CHRYSOSTUMI
2163 383 2475 443 ARClllEP.
2516 388 3045 456 CONSTANTINOP.

3680 424 3788 480 4Ξο

2210 510 2417 552 summa
2461 510 2641 556 autem
2686 521 2844 564 omne
2889 523 3163 579 peccatum
3204 528 3288 574 est
3331 523 3704 598 immnnditia,
3735 548 3789 592 et

2205 589 2381 643 omnis
2404 589 2571 645 virtus
2600 599 2798 664 puritas
2820 611 2874 655 et
2897 606 3182 663 mundities
3206 651 3218 662 .
3243 610 3391 667 Beati
3409 619 3574 684 enim,
3594 589 3785 695 inquii,

2205 683 2379 735 mundi
2408 685 2561 740 corde
2581 688 2793 756 (Matth.
2815 694 2871 748 5.
2897 694 2976 769 8).
2996 697 3224 757 Mundos
3249 703 3381 761 dicit
3407 722 3503 767 eos
3531 716 3619 783 qui
3642 683 3786 775 0-mni

2202 787 2268 825 cx
2305 784 2453 842 parte
2472 788 2597 832 sunt
2622 783 2825 837 mundi.

2272 866 2329 918 4.
2376 865 2501 922 Seio
2546 872 2686 925 enim
2728 875 2831 928 alia
2877 892 3087 949 quoque
3132 899 3237 940 non
3285 889 3460 946 minus
3506 895 3786 964 inquinare

2200 955 2453 1010 animam.
2481 958 2610 1013 Nam
2640 964 2780 1032 quod
2808 968 2988 1023 vitium
3015 973 3215 1039 polluat
3236 980 3490 1047 animam,
3514 987 3635 1040 audi
3656 1004 3785 1059 pro-

2200 1043 2415 1111 phetam
2442 1047 2706 1106 dicentem
2732 1071 2745 1106 :
2781 1056 2944 1111 Ablue
2969 1074 3000 1113 a
3027 1063 3145 1117 vitio
3170 1083 3260 1120 cor
3285 1078 3425 1124 tuum
3450 1113 3465 1139 ,
3499 1043 3785 1133 Jerusiilem

2199 1130 2330 1203 (λεν.
2354 1137 2408 1191 4.
2436 1139 2522 1209 14)
2545 1156 2559 1204 ;
2587 1151 2641 1195 et
2667 1158 2874 1211 rursus,
2895 1146 3179 1221 Lavamini,
3204 1161 3381 1212 mundi
3396 1130 3568 1229 eslole,
3591 1170 3787 1235 auferte

2200 1229 2470 1290 pravitates
2493 1232 2558 1285 ab
2583 1236 2851 1292 animabus
2875 1244 3052 1297 vestris
3081 1244 3235 1303 ilsai.
3262 1252 3313 1304 1.
3340 1254 3451 1325 16).
3481 1257 3597 1312 Non
3625 1229 3778 1324 dixit,

2196 1316 2603 1378 Fornieationes
2632 1344 2646 1379 :
2675 1331 2925 1397 quocirca
2972 1350 3076 1388 non
3113 1337 3394 1398 fornicatio
3439 1350 3653 1419 solum,
3687 1357 3782 1409 sed

2193 1409 2355 1463 etiam
2382 1412 2483 1465 alia
2511 1414 2792 1484 inquinant
2812 1422 3067 1479 animum.
3092 1428 3173 1481 Ad
3193 1435 3562 1503 conﬁrmanda,
3587 1409 3779 1514 inquit,

2194 1502 2349 1554 corda
2387 1516 2551 1558 vestra
2589 1511 2697 1562 sine
2737 1516 2942 1582 querela
2985 1518 3038 1571 in
3084 1527 3351 1580 sanctitate
3379 1544 3551 1587 coram
3590 1502 3702 1590 Dc-o
3736 1502 3784 1593 ei

2194 1588 2352 1644 Patre
2381 1605 2587 1660 nostro,
2621 1599 2673 1651 in
2713 1602 2931 1658 adventu
2973 1607 3173 1663 Domini
3219 1619 3377 1669 nostri
3415 1619 3540 1674 Jesn
3584 1623 3781 1680 Christi

2194 1696 2308 1733 cum
2328 1686 2558 1740 omnibus
2575 1692 2763 1744 sanctis
2780 1695 2902 1748 suis.
2918 1695 3087 1753 Jndex
3106 1717 3235 1773 ergo
3253 1714 3375 1761 tunc
3392 1711 3490 1763 crit
3503 1712 3776 1772 Christus:

2194 1787 2300 1826 non
2327 1785 2453 1829 ante
2484 1777 2655 1846 ipsqu
2682 1792 2884 1852 autem,
2908 1788 3002 1842 sed
3028 1792 3188 1847 etiam
3215 1808 3341 1851 ante
3366 1799 3576 1857 Patrem
3598 1807 3775 1863 adsta-

2194 1879 2336 1929 mus,
2365 1867 2492 1920 dum
2516 1870 2838 1938 judieamur.
2873 1879 2980 1933 Aut
3012 1881 3113 1936 hoc
3142 1885 3288 1953 dicit,
3324 1890 3456 1945 nulli
3488 1896 3781 1964 reprehen-

2193 1955 2332 2010 sioni
2358 1957 2548 2015 affines
2576 1977 2697 2018 esse
2726 1979 2980 2035 oportere
3003 1982 3129 2029 ante
3158 1976 3323 2032 Deum
3352 1999 3364 2035 :
3389 1984 3531 2052 quod
3551 1955 3779 2056 .quidem

2193 2062 2406 2118 semper
2427 2051 2570 2119 dico,
2600 2070 2780 2111 coram
2811 2061 2919 2114 Deo
2940 2062 3081 2134 (lucc
3105 2068 3246 2122 enim
3273 2051 3441 2127 virtus
3463 2086 3544 2130 est
3570 2093 3701 2147 pura
3726 2091 3780 2136 ct

2191 2141 2423 2213 sincera)
2450 2180 2466 2209 ,
2514 2160 2619 2201 non
2657 2164 2839 2204 coram
2868 2152 3189 2211 hominibus.
3221 2161 3427 2217 Caritas
3456 2181 3586 2236 ergo
3614 2170 3779 2228 efficit

2192 2233 2321 2288 nulli
2348 2234 2538 2292 affines
2563 2241 2964 2308 reprehensioni
2990 2257 3081 2302 :et
3104 2265 3230 2305 vere
3256 2233 3554 2326 iueulpatos
3580 2262 3773 2319 reddit.

2190 2322 2323 2378 Cum
2346 2341 2444 2396 ego
2468 2328 2754 2397 aliquando
2773 2334 2983 2390 cuidam
3005 2355 3275 2397 narrarem
3301 2356 3355 2400 et
3374 2322 3607 2405 dicerem
3633 2350 3774 2423 quod

2190 2416 2384 2469 caritas
2411 2418 2600 2474 reddat
2643 2424 2771 2477 nulli
2814 2424 3003 2483 affines
3039 2434 3475 2503 reprehensioni,
3509 2455 3609 2495 nec
3637 2416 3777 2499 sinat

2190 2522 2273 2566 ea.
2306 2524 2424 2577 qua:
2449 2524 2570 2565 cum
2596 2515 2838 2580 proximo
2867 2517 3147 2576 intercedit
3167 2525 3415 2590 amicitia,
3440 2530 3652 2601 aliquod
3677 2534 3777 2588 de-

2192 2596 2377 2653 lictum
2411 2601 2649 2671 irrepere
2670 2645 2683 2669 ,
2716 2615 2771 2660 et
2799 2608 2901 2663 alia
2932 2613 3108 2666 omnia
3141 2629 3475 2674 recenserem
3515 2633 3570 2676 et
3600 2623 3777 2681 verbis

2190 2704 2562 2760 persequerer,
2581 2697 2797 2765 quidam
2817 2715 2881 2754 ex
2899 2703 3032 2758 meis
3049 2702 3396 2765 familiaribus
3417 2716 3772 2784 respondens,

2189 2780 2329 2837 dixit
2362 2801 2375 2837 :
2408 2786 2545 2851 Quid
2582 2803 2711 2859 ergo
2748 2795 3041 2849 scortatio?
3069 2811 3245 2853 annon
3280 2800 3402 2856 licet
3431 2813 3485 2858 et
3508 2780 3693 2863 amare
3721 2780 3774 2865 ei

2189 2877 2453 2930 scortari?
2485 2888 2539 2934 et
2562 2879 2662 2934 hoc
2681 2882 2894 2953 quidem
2923 2886 2981 2939 fit
3002 2902 3069 2942 ex
3095 2891 3352 2946 amicitia.
3375 2894 3532 2951 Certe
3555 2901 3774 2957 avaritia

2190 2964 2402 3035 quidem
2432 2977 2488 3021 et
2513 2968 2833 3026 adulterium
2854 2974 2871 3004 ¹
2901 2983 2955 3029 et
2982 2977 3176 3033 invidia
3217 2989 3271 3035 et
3301 2983 3507 3040 insidiae
3526 3028 3542 3053 ,
3574 2997 3629 3043 et
3655 3002 3775 3061 qua:

2190 3068 2316 3113 sunt
2345 3060 2631 3131 ejusmodi,
2665 3076 2888 3135 possunt
2914 3080 3159 3128 avertere
3186 3090 3216 3129 a
3245 3079 3662 3150 propinquorum
3688 3086 3774 3139 di-

2189 3148 2449 3215 lectione;
2474 3157 2729 3211 seortatio
2750 3166 2951 3226 autem,
2973 3161 3162 3232 inquit.
3182 3148 3490 3236 quomodo?
3512 3173 3624 3243 Ego
3647 3190 3775 3230 vero

2191 3240 2299 3296 disi
2326 3285 2341 3308 ,
2373 3245 2514 3313 quod
2542 3246 2644 3302 hoc
2670 3264 2882 3320 quoque
2910 3264 3084 3322 potest
3111 3259 3407 3328 reprimere
3433 3272 3486 3319 et
3515 3240 3775 3335 impedire

2189 3336 2405 3392 caritas.
2437 3337 2570 3393 Nam
2600 3341 2646 3395 si
2675 3343 2795 3412 quis
2823 3356 2967 3401 amet
2995 3350 3277 3407 mulierem
3312 3369 3432 3423 quae
3465 3367 3732 3414 scortator
3754 3399 3770 3427 ,

2190 3428 2260 3483 ab
2292 3430 2415 3485 aliis
2443 3432 2573 3486 viris
2601 3448 2719 3489 eam
2753 3438 2979 3493 tentabit
3007 3440 3315 3510 abducere,
3352 3462 3526 3515 neque
3562 3450 3675 3519 ipse
3707 3449 3774 3506 ad

2190 3531 2469 3589 peccatum
2500 3525 2764 3582 admittet.
2790 3528 3147 3595 Quamobrem
3172 3536 3260 3604 qui
3286 3548 3570 3606 scortatur,
3603 3559 3777 3599 mere-

2193 3615 2381 3669 tricem
2413 3616 2700 3673 admodum
2728 3621 2872 3686 odit;
2907 3624 2998 3691 qui
3030 3635 3206 3680 autem
3241 3630 3391 3684 valde
3421 3631 3624 3704 diligit,
3654 3652 3772 3692 eam

2191 3704 2419 3761 abducet
2458 3708 2526 3761 ab
2564 3709 2652 3763 illa
2696 3708 3050 3769 abominaiida
3092 3720 3323 3775 actione.
3370 3722 3486 3779 Non
3515 3736 3635 3793 est,
3666 3743 3773 3783 non

2191 3805 2273 3850 est
2298 3797 2465 3851 ullum
2492 3809 2791 3869 peccatum,
2819 3806 2960 3873 quod
2993 3822 3098 3862 non
3129 3817 3397 3882 tamquam
3425 3817 3561 3887 ignis
3582 3834 3778 3875 consm

2193 3898 2304 3943 mat
2333 3891 2414 3945 vis
2442 3892 2682 3948 caritatis
2707 3905 2762 3949 et
2790 3896 3114 3955 dilectionis.
3147 3900 3377 3960 Facilius
3400 3909 3544 3963 enim
3576 3913 3777 3969 resistit

2193 3981 2298 4035 vile
2324 3995 2651 4038 sarmentum
2682 4001 2872 4057 magno
2900 3990 3035 4058 ignis
3066 4007 3216 4063 rogo,
3244 4011 3403 4065 quam
3435 4010 3623 4056 natura
3654 4020 3779 4073 pec-

2194 4074 2297 4127 cati
2330 4077 2578 4141 potestati
2606 4079 2866 4134 caritatis.
2910 4082 3057 4138 llanc
3099 4099 3229 4157 ergo
3268 4089 3568 4157 plantetnus
3598 4094 3651 4149 in
3681 4112 3778 4150 no-

2194 4165 2319 4219 stris
2362 4167 2590 4231 animis,
2635 4180 2930 4237 utlstemus
2971 4189 3093 4229 cum
3132 4180 3383 4235 omnibus
3420 4185 3619 4240 sanctis
3651 4204 3665 4241 :
3698 4189 3777 4244 illi

2193 4256 2335 4309 enim
2365 4272 2552 4313 omnes
2581 4258 2902 4329 placuerunt
2939 4273 2994 4318 et
3033 4269 3239 4338 accepti
3285 4270 3499 4329 fuerunt
3542 4291 3608 4331 ex
3636 4277 3777 4333 dile—

2192 4349 2370 4404 ctione
2415 4352 2666 4418 proximi.
2708 4352 2861 4409 Unde
2903 4357 3096 4412 accidit
3134 4360 3275 4429 quod
3316 4364 3664 4437 interemptus
3709 4372 3774 4427 sit

2193 4439 2351 4501 Abel,
2383 4450 2437 4493 et
2465 4456 2569 4495 non
2600 4443 2975 4500 interemerit?
3004 4449 3081 4503 Ex
3113 4466 3179 4505 eo
3203 4454 3345 4521 quod
3376 4458 3592 4515 fratrem
3625 4462 3777 4518 valde

2192 4529 2439 4599 diligeret
2464 4550 2478 4586 :
2509 4548 2680 4602 neque
2707 4536 2959 4591 sustinuit
2980 4549 3035 4593 ut
3063 4541 3153 4596 illa
3181 4545 3443 4612 ejusmodi
3468 4549 3515 4603 ei
3546 4549 3596 4604 iu
3621 4567 3776 4608 men.

2194 4630 2303 4674 tem
2333 4623 2542 4676 veniret
2580 4625 2852 4693 cogitatio.
2900 4627 3178 4687 Undenam
3230 4636 3440 4693 invidia:
3486 4643 3775 4710 perniciem

2192 4715 2427 4783 suscepit
2479 4715 2646 4770 Cain?
2689 4733 2794 4773 non
2838 4720 2982 4774 enim
3030 4738 3151 4778 eum
3199 4724 3267 4781 de
3309 4736 3505 4785 caetero
3549 4731 3773 4789 dixerint

2193 4802 2411 4858 fratrem
2440 4804 2639 4862 Abelis.
2664 4808 2926 4874 Quoniam
2950 4813 3089 4882 apud
3116 4829 3236 4869 eum
3264 4832 3369 4871 non
3394 4820 3524 4875 satis
3550 4820 3777 4876 firmiter

2192 4906 2347 4950 erant
2389 4896 2531 4965 jacta
2562 4899 2799 4954 caritatis
2836 4900 3201 4959 fundamenta.
3232 4905 3509 4963 Undenam
3553 4909 3674 4965 boni
3720 4921 3777 4968 ct

2192 4988 2344 5057 probi
2361 4998 2483 5043 sum
2504 4990 2791 5046 existimati
2816 4992 2908 5046 lilii
2927 4993 3038 5049 Noe
3053 4998 3077 5048 Υ
3095 5012 3273 5051 annon
3295 5001 3542 5067 quoniam
3565 5014 3773 5073 patrem

2190 5079 2522 5149 diligebant,
2556 5097 2727 5153 neque
2770 5085 3143 5140 sustinuerunt
3181 5088 3300 5158 ejus
3339 5090 3520 5147 videre
3564 5095 3774 5148 nudita-

2192 5172 2339 5224 tem?
2369 5170 2642 5226 Undenam
2665 5182 2841 5227 autem
2862 5174 2997 5228 alter
3013 5176 3182 5231 diram
3206 5195 3491 5249 perpessus
3511 5193 3592 5238 est
3611 5201 3774 5241 exse-

2190 5261 2483 5314 orationem
2501 5259 2526 5314 Ἰ
2544 5276 2723 5317 annon
2745 5279 2811 5317 ex
2829 5278 2893 5317 eo
2912 5266 3052 5333 quod
3076 5282 3181 5320 non
3203 5268 3481 5340 dingeret?
3500 5275 3769 5330 Abraham

2190 5360 2367 5404 autem
2389 5352 2529 5404 unde
2549 5361 2631 5405 est
2651 5363 2967 5423 asseqnutus
2983 5356 3194 5412 laudem
3216 5370 3269 5414 et
3288 5362 3772 5420 existimationem?

2189 5458 2368 5497 annon
2389 5457 2461 5498 ex
2484 5443 2791 5511 dilectione,
2817 5447 2982 5517 utqui
3002 5464 3084 5504 res
3107 5448 3286 5508 fratris
3307 5455 3388 5509 sui
3412 5456 3505 5511 filii
3526 5458 3768 5512 curavit?

2254 5665 2270 5696 ¹
2305 5661 2602 5732 ln_Colb.”et
2641 5676 2796 5726 marg.
2819 5663 2988 5732 “Savil.
3013 5667 3081 5732 sic
3112 5667 3296 5729 legitur
3322 5683 3336 5718 :
3361 5670 3484 5732 Quid
3523 5678 3682 5732 aiam
3708 5673 3769 5723 de

2190 5719 2473 5775 scortatione
2494 5722 2657 5775 dicere
2678 5719 2839 5786 potita?
2860 5740 3018 5779 annon
3036 5729 3143 5780 licet
3164 5719 3333 5781 amare
3355 5719 3403 5782 ἐι
3416 5719 3621 5784 scorta}
3646 5719 3771 5783 fati1

2190 5787 2252 5837 sit
2276 5800 2293 5836 :
2321 5790 2536 5856 maxime
2555 5800 2667 5866 pero
2711 5788 2777 5838 ad
2810 5802 3030 5866 amorem
3053 5794 3261 5866 pertrita.
3292 5807 3408 5866 non.
3426 5796 3655 5866 scca-tari.
3682 5794 3773 5846 Ille

2192 5855 2351 5898 autem
2377 5859 2394 5897 :
2417 5847 2647 5912 Equidem
2684 5850 2904 5915 avaritia,
2928 5847 3101 5916 inquit,
3128 5861 3174 5905 et
3196 5854 3516 5918 adulterium,
3543 5864 3642 5907 etc.
