4140 6484
367 385 476 442 “9

363 495 795 570 εὐηργετήσατε,
835 493 910 559 ὡς
949 495 1040 550 τοῦ
1082 495 1220 548 Θεοῦ
1271 497 1516 567 νομίζειν
1555 493 1731 552 εἶναι’
1767 499 1967 566 μᾶλλον

361 589 418 641 δέ
457 587 556 640 καὶ
599 585 760 656 ἔργον
807 581 945 636 Θεοῦ
967 600 981 614 ο
1019 583 1080 635 οὑ
1112 585 1219 655 γὰρ
1255 584 1607 655 ἀνθρωπίνης
1639 585 1820 656 ψυχῆς
1849 586 1971 639 οὑδὲ

364 673 607 742 σπουδῆς
634 669 890 725 τοσοῦτον
921 671 1201 741 φρόνημα.
1237 673 1497 736 Νυκτὸς,
1527 675 1682 744 φησὶ,
1709 673 1806 726 καὶ
1828 674 1972 742 ἠμέ-

1273 379 1339 437 IN
1372 378 1594 438 EPIST.
1629 376 1646 434 Ι
1680 375 1771 435 Al)
1809 370 2149 433 THESSAL.
2193 377 2344 434 CAP.
2378 377 2464 443 ιιι,
2508 375 2743 432 IIOMIL.
2787 376 2872 433 IV.

3565 385 3669 441 ίΞθ

2075 496 2163 560 εἱς
2197 496 2262 548 τὸ
2293 497 2570 564 στηρίξαι
2600 495 2769 564 ὑμῶν
2804 497 2908 561 τὰς
2943 495 3183 565 καρδίας
3222 496 3558 566 ἀμέμπτους
3594 499 3669 553 ἐν

2078 581 2384 651 ἁγιωσύνῃ
2411 585 2755 654 ἔμπροσθεν
2774 583 2880 638 τοῦ
2910 585 3058 639 Θεοῦ
3085 585 3183 638 καὶ
3219 586 3406 653 Πατρςῗ
3417 607 3450 651 ς
3476 585 3665 655 ἡμῶν.

2073 670 2146 724 ἐν
2174 670 2248 739 τῇ
2277 673 2580 740 παρουσίᾳ
2603 672 2707 738 τοῦ
2733 674 2957 740 Κιφίου
2990 672 3162 741 ἡμῶν
3179 673 3386 740 Ἰησοῦ
3412 674 3670 742 Χριστοῦ

358 780 470 831 ρας
495 759 1022 828 ὑπερεκπερισσοῦ
1050 759 1342 828 δεόμενοι.
1367 762 1476 814 Καὶ
1495 762 1653 814 τοῦτο
1674 763 1771 832 τῆς
1801 764 1974 833 χαρᾶς
2071 758 2221 828 μετά
2281 758 2524 813 πάντων
2578 757 2694 813 τῶν
2766 761 2951 829 ἁγίων
3007 761 3217 814 αὑτοῦ.
3273 761 3384 832 Τὴν
3443 760 3670 830 ἀγάπην

366 852 613 920 σημεῖον.
637 846 908 917 Καθάπερ
932 846 1042 917 γάρ
1070 864 1154 909 τις
1183 845 1449 917 γεωργὸς.
1471 847 1687 900 ἀκούων
1719 849 1846 918 περὶ
1873 849 1973 919 τῆς

364 935 531 990 αὑτοῦ
577 935 764 1006 χώρας
813 937 912 1004 τῆς
970 934 1301 1004 πονηθείσης
1364 934 1533 1004 αὐτῷ,
1586 937 1667 989 ὅτι
1728 935 1973 1006 βρίθεται

364 1029 474 1088 τοῖς
500 1027 739 1096 καρποῖς
762 1036 809 1083 ι.
830 1022 988 1075 ποθεῖ
1004 1025 1122 1076 κατ’
1139 1021 1262 1091 ὄψιν
1285 1022 1382 1092 τὴν
1398 1024 1670 1094 τοσαύτην
1693 1024 1824 1077 ίδεῖν
1851 1026 1974 1094 ἡδο-

368 1117 494 1183 νήψ
533 1113 680 1165 οὓτω
710 1112 805 1164 καὶ
839 1110 1053 1173 Παῦλος
1085 1110 1182 1180 τὴν
1213 1110 1578 1165 Μακεδονίαν.
1617 1111 1974 1178 ’Υπερεκπε-

361 1202 588 1270 ρισσοῦ
621 1201 916 1269 δεόμενοι.
947 1199 1091 1270 Ὅρα
1119 1201 1218 1267 τὴν
1247 1201 1348 1252 ὑπε
1361 1200 1577 1270 ρϐολήν.
1602 1203 1708 1267 Εἰς
1737 1201 1803 1253 τὸ
1827 1200 1976 1255 ἰδεῖν

367 1289 532 1360 ὑμῶν
551 1290 616 1342 τὸ
636 1288 987 1355 πρόσωπον,
1004 1287 1103 1340 καὶ
1125 1290 1478 1354 καταρτίσαι
1501 1289 1573 1340 τὰ
1593 1288 1976 1358 ὑστερήματα

371 1375 476 1443 τῆς
519 1377 789 1441 πίστεως
834 1373 1023 1444 ὑμῶν.
1073 1375 1339 1428 Ἐνταῦθα
1375 1375 1509 1429 πολὺ
1541 1377 1600 1429 τὸ
1643 1377 1884 1448 ζήτημα.
1912 1377 1973 1428 Εἰ

370 1465 474 1535 γὰρ
503 1465 599 1517 νῦν
640 1462 742 1532 ζῇς
796 1463 880 1516 ὅτι
932 1463 1222 1533 ἑστήκασι,
1266 1464 1362 1517 καλ¹
1394 1465 1658 1532 Τιμόθεος
1690 1464 1973 1534 εὐηγγελί-

376 1553 502 1606 σατό
527 1569 588 1604 σε
618 1553 720 1619 τὴν
761 1551 948 1603 πίστιν
983 1551 1165 1603 αὑτῶν
1194 1553 1290 1604 καὶ
1311 1553 1411 1623 τὴν
1448 1553 1691 1622 ἀγάπην,
1725 1553 1819 1606 καὶ
1848 1569 1972 1605 τοσ-

373 1640 538 1711 αύτης
572 1637 726 1712 [4551
754 1637 804 1692 εἶ
832 1641 1011 1710 χαρᾶς
1042 1641 1260 1710 μεστὸς,
1315 1641 1392 1705 ὡς
1420 1642 1554 1712 μηδέ
1594 1641 1854 1695 δύνασθαι
1895 1641 1974 1712 τῷ

371 1729 487 1798 Θεῷ
503 1729 623 1782 κατ’
641 1728 803 1794 ἀξίαν
825 1729 1244 1798 εὑχαριστῆσαι,
1265 1731 1380 1792 πῶς
1403 1729 1636 1783 ἐνταῦθα
1658 1732 1726 1784 τά
1747 1730 1974 1800 ὑστερή-

379 1834 519 1887 ματα
566 1816 667 1885 τῆς
701 1817 942 1879 πίστεως
971 1817 1153 1868 αὑτῶν
1188 1813 1330 1870 εἶναι
1383 1817 1518 1890 φῄςς
1563 1813 1674 1888 ἆρα
1710 1819 1784 1889 μὴ
1817 1819 1976 1870 κολα-

379 1905 525 1966 κείας
549 1903 615 1956 τά
645 1904 872 1973 ῥήματα
893 1905 1077 1955 ἐκεῖνα
1097 1922 1112 1970 ;
1132 1903 1416 1974 Μηδαμῶς
1437 1921 1450 1935 ο
1478 1904 1552 1975 μὴ
1582 1906 1811 1973 γένοιτο.
1838 1907 1976 1976 Προ-

379 1989 558 2044 λαὸὼν
605 1991 712 2062 γὰρ
790 1991 1201 2061 ἐμαρτύρησεν,
1248 1995 1330 2046 ὅτι
1365 1993 1594 2057 πολλοὺς
1643 1993 1839 2056 ἄθλους
1875 1994 1976 2047 ὑπ-

389 2080 620 2148 έμειναν,
660 2079 753 2132 καὶ
789 2080 943 2133 οὐδὲν
972 2082 1153 2150 χεῖρον
1173 2079 1494 2151 διετέθησαν
1529 2082 1636 2134 τῶν
1664 2083 1720 2134 ἐν
1740 2085 1805 2152 τῇ
1846 2083 1977 2135 ἰου-

388 2164 502 2238 δαία
546 2167 898 2236 Ἐκκλησιῶν.
925 2167 990 2220 Τί
1021 2165 1113 2221 οῦν
1138 2171 1315 2232 ἐστιν;
1343 2170 1416 2222 Οὑ
1446 2171 1628 2239 πάσης
1659 2170 1976 2223 ἀπέλαυσαν

381 2254 476 2322 τῆς
507 2253 880 2317 διδασκαλίας,
909 2255 1028 2308 οὑδὲ
1058 2256 1157 2308 ὅσα
1185 2257 1355 2326 ἐχρῆν
1385 2257 1581 2327 μαθεῖν
1616 2257 1819 2328 ἔμαθον
1842 2274 1855 2288 ⁸
1883 2260 1976 2312 καὶ

376 2341 528 2395 τοῦτο
572 2343 727 2413 δηλοῖ
782 2344 921 2414 πρὸς
953 2343 1030 2414 τῷ
1081 2345 1242 2398 τέλει.
1285 2343 1442 2409 Ἴσως
1493 2346 1550 2398 δὲ
1601 2347 1694 2399 καὶ
1733 2348 1978 2416 ἐζητεῖτο

375 2432 506 2503 παρ’
535 2433 723 2495 αὑτοῖς
757 2432 890 2504 περὶ
934 2433 1035 2502 τῆς
1073 2434 1446 2500 ἀναστάσεως,
1480 2435 1576 2488 καὶ
1609 2435 1794 2488 πολλοὶ
1833 2431 1977 2508 ἦσαν

371 2520 422 2572 οἱ
459 2518 820 2590 θορυϐοῦντες
861 2519 1081 2585 αὐτοὺς,
1115 2521 1300 2574 οὐκέτι
1326 2525 1442 2585 τοῖς
1471 2526 1827 2594 πειρασμοῖς,
1856 2525 1977 2578 οὐδὲ

373 2610 482 2670 τοῖς
504 2606 800 2671 κινδύνοις,
831 2607 946 2660 ἀλλ’
981 2608 1406 2679 ὑποκρινόμενοι
1435 2611 1563 2672 τοὺς
1592 2611 1970 2676 διδασκάλους.

375 2694 540 2756 Τοῦτό
565 2697 591 2736 b
618 2713 774 2764 φησι,
806 2696 882 2749 Τὰ
908 2696 1294 2763 ὑστερήματα
1319 2695 1424 2764 τῆς
1451 2698 1743 2763 πίστεως·
1768 2701 1860 2752 καὶ
1888 2700 1976 2752 διὰ

371 2783 527 2837 τοῦτο
559 2783 735 2847 οὕτως
783 2785 1034 2854 ἐνέφηνε,
1067 2785 1163 2838 καὶ
1214 2786 1316 2837 οὑκ
1356 2781 1530 2851 εἶπεν,
1562 2788 1642 2850 είς
1690 2787 1751 2840 τὸ
1784 2805 1975 2859 στηρι-

376 2873 592 2943 χθῆναι,
618 2871 775 2936 ἀλλά,
803 2873 1191 2941 Καταρτίσαι.
1231 2872 1402 2925 Ἔνθα
1440 2873 1540 2943 μὲν
1581 2876 1691 2944 γάρ
1725 2877 1852 2946 περὶ
1881 2878 1978 2929 αὑ-

370 2961 464 3030 τῆς
514 2960 615 3030 τῆς
665 2960 902 3021 πίστεως
958 2960 1238 3021 ἐδεδοίκει,
1272 2961 1572 3029 Ἔπεμψα,
1606 2963 1762 3032 φησὶ,
1813 2962 1979 3033 de-

372 3052 506 3102 θεον
533 3050 623 3113 εις
650 3047 716 3100 τὸ
750 3047 1031 3115 στηρίξαι
1065 3047 1223 3117 ὑμᾶς
1243 3065 1257 3078 ο
1283 3047 1518 3101 ἐνταῦθα
1544 3048 1620 3114 δὲ,
1655 3049 1723 3102 τὰ
1751 3051 1979 3122 ὑστερή-

375 3154 519 3206 ματα
553 3137 707 3205 λέγει
745 3134 1101 3207 καταρτίσαι,
1135 3135 1164 3189 ὃ
1193 3136 1549 3200 διδασκαλίας
1577 3137 1778 3207 μᾶλλόν
1806 3139 1975 3205 ἐστιν,

370 3223 404 3295 ἢ
448 3223 800 3295 βεϐαιώσεως
826 3240 840 3255 ο
883 3224 1138 3292 καθάπερ
1191 3225 1287 3277 καὶ
1334 3224 1571 3295 ἀλλαχοῦ
1607 3242 1803 3297 φησιν’
1841 3225 1980 3280 Ἵνα

371 3312 472 3382 ἦτε
501 3311 972 3382 κατηρτισμένοι
1010 3316 1098 3380 είς
1150 3313 1277 3368 πᾶν
1315 3315 1496 3384 ἔργον
1538 3315 1786 3383 ἀγαθόν.
1822 3315 1895 3368 Τὸ
1921 3314 1979 3368 δὲ

373 3403 812 3475 κατηρτισμένον
859 3405 1037 3457 ἐκεῖνό
1101 3404 1273 3465 ἐστιν,
1321 3397 1365 3470 ᾧ
1421 3403 1602 3470 ὀλίγον
1662 3421 1715 3457 τι
1766 3404 1976 3458 λείπειο

373 3492 526 3546 τοῦτο
559 3493 670 3562 γὰρ
706 3492 1118 3562 καταρτίζεται.
1153 3492 1348 3557 Αὐτὸς
1377 3491 1446 3544 δὲ
1476 3495 1508 3545 ό
1541 3493 1686 3558 Θεὸς
1714 3495 1815 3546 καὶ
1856 3499 1977 3548 Πα-

375 3580 477 3646 τὴρ
524 3578 725 3648 ἡμῶν,
781 3579 880 3631 καὶ
935 3579 966 3632 ὁ
1004 3579 1222 3647 Κύριος
1252 3577 1424 3647 ήμῶν
1452 3577 1692 3646 Ἰησοῦς
1726 3581 1980 3647 Χριστὸς

371 3669 731 3722 κατευθύναι
766 3667 884 3734 τὴν
917 3667 1062 3720 ὁδὸν
1093 3666 1266 3736 ἡμῶν
1303 3668 1455 3736 πρὸς
1485 3669 1662 3735 ὑμᾶς.
1699 3668 1884 3739 ⁴Υμᾶς
1912 3669 1980 3723 δὲ

370 3759 401 3808 ὀ
441 3757 668 3824 Κύριος
707 3753 1070 3820 πλεονάσαι,
1099 3755 1199 3807 καὶ
1242 3756 1648 3822 περισσεύσαι
1676 3753 1751 3824 τῇ
1777 3755 1977 3825 ἀγάπῃ

364 3846 448 3910 εἰς
473 3844 800 3910 ἀλλήλους
832 3843 930 3896 καὶ
964 3845 1053 3909 εἰς
1087 3843 1343 3908 πάντας.
1378 3843 1648 3911 καθάπερ
1682 3844 1782 3898 καὶ
1811 3843 1981 3913 ἡμεῖς

363 3931 445 3994 είς
495 3929 680 3999 ὑμᾶς.
739 3930 910 3984 Τοῦτο
971 3930 1420 4000 ὑπερϐαλλούσης
1482 3932 1724 4000 ἀγάπης.
1775 3933 1836 3984 ἐδ
1902 3933 1978 4003 μὴ

368 4022 532 4087 μόνον
557 4018 680 4071 καθ’
709 4019 902 4072 ἐαυτὸν
937 4013 1220 4089 εὔχεσθαι,
1248 4017 1386 4072 ἀλλά
1413 4019 1512 4072 καὶ
1539 4021 1596 4070 ἐν
1626 4021 1691 4090 τῇ
1721 4020 1977 4092 ἐπιστολῇ

363 4106 459 4177 τὴν
477 4107 653 4176 εὐχὴν
681 4106 1018 4160 ἐντίθεσθαι·
1040 4105 1198 4158 τοῦτο
1216 4105 1446 4175 ζεούσης
1464 4105 1666 4176 ψυχῆς,
1693 4107 1789 4159 καὶ
1806 4107 1978 4172 ὅντως

363 4197 752 4268 ἀκαρτερήτου
769 4214 782 4228 ο
802 4197 961 4250 τοῦτο
982 4195 1180 4264 δεῖγμα
1208 4196 1301 4248 καὶ
1327 4195 1437 4247 τῶν
1458 4197 1576 4246 ἐκεῖ
1595 4196 1979 4266 γεγενημένων

362 4284 577 4354 εὐχῶν
616 4283 735 4353 ἅμα
775 4283 832 4336 δὲ
867 4284 963 4338 καὶ
999 4283 1290 4350 ἀπολογία,
1318 4281 1400 4334 ὃτι
1450 4283 1547 4352 οὑχ
1586 4281 1826 4346 ἑκόντες,
1858 4283 1977 4334 οὑδὲ

365 4370 750 4443 ῥᾳθυμοῦντες
808 4372 869 4424 οὑ
929 4372 1349 4442 παραγίνονται.
1417 4370 1507 4432 Ὠς
1559 4369 1625 4423 ἂν
1665 4371 1713 4422 εἰ
1760 4369 1974 4438 ἔλεγεν·

361 4463 543 4525 Αὐτὸς
578 4461 636 4514 δὲ
667 4463 696 4514 ὁ
725 4461 858 4526 Θεὸς
890 4461 1125 4530 ἐκκόψαι
1155 4461 1283 4524 τοὺς
1308 4461 1648 4532 πειρασμοὺς
1682 4460 1808 4523 τοὺς
1836 4477 1976 4514 παν-

360 4549 534 4619 ταχοῦ
582 4551 974 4620 περιέλκοντας
1023 4551 1196 4619 ἡμᾶς,
1233 4548 1377 4603 ὥστε
1427 4548 1596 4620 ὀρθὴν
1627 4548 1800 4601 ἐλθεῖν
1840 4549 1978 4619 πρὸς

363 4639 533 4706 ὑμᾶς.
572 4636 747 4705 ’Υμᾶς
775 4636 844 4690 δὲ
885 4641 916 4690 ό
953 4638 1174 4704 Κύριος
1224 4636 1588 4697 πλεονάσαι,
1623 4636 1724 4689 καὶ
1770 4650 1977 4704 περισ-

361 4729 612 4781 σεύσαι.
663 4727 825 4797 Ὁρᾷς
873 4726 974 4796 τὴν
1033 4725 1231 4794 μανίαν
1263 4726 1364 4796 τῆς
1414 4725 1638 4795 ἀγάπης
1694 4725 1793 4794 τὴν
1839 4725 1978 4778 ἀκά-

361 4815 583 4876 θεκτον,
611 4813 712 4886 τὴν
744 4813 834 4867 διὰ
861 4813 970 4868 τῶν
1009 4813 1274 4884 ῥημάτων
1300 4812 1661 4888 δεικνυμένην
1680 4827 1695 4876 ;
1713 4811 1978 4866 Πλεονά-

361 4919 491 4966 σαι,
521 4901 692 4971 φησὶ,
737 4900 837 4954 καὶ
897 4901 1321 4968 περισσεύσαι,
1375 4899 1499 4952 ἀντὶ
1549 4897 1664 4963 τοῦ,
1718 4899 1972 4970 αὑξήσαι.

370 4991 462 5054 Ὠς
481 4991 551 5044 ἀν
567 4991 709 5044 εῐποι
726 5007 829 5053 τις,
848 4989 943 5043 Ἐκ
964 4990 1281 5058 περιουσίας
1298 5007 1415 5053 πως
1429 4988 1588 5042 ἐπιθυ
1598 4988 1976 5059 μεῖφιλεῖσθαι

361 5080 498 5150 παρ’
533 5079 736 5132 αὑτῶν.
778 5077 1075 5145 Καθάπερ,
1117 5079 1271 5147 φησὶ,
1311 5077 1409 5130 καὶ
1451 5075 1624 5144 ἡμεῖς
1662 5078 1752 5142 είς
1796 5075 1973 5144 ὑμᾶς.

361 5167 406 5220 Τ
408 5168 653 5229 ουτέστι,
685 5166 760 5219 Τὸ
793 5166 890 5237 μὲν
925 5167 1194 5237 ἡμέτερον
1225 5167 1325 5236 ἤδη
1358 5163 1511 5218 ἐστί·
1544 5163 1606 5217 τδ
1630 5163 1686 5216 δέ
1710 5164 1976 5234 ὑμέτερον

358 5255 627 5323 ἀξιοῦμεν
667 5254 946 5322 γενέσθαι.
983 5255 1146 5326 Ὁρᾷς
1179 5253 1282 5306 ποῦ
1322 5251 1570 5322 βούλεται
1608 5251 1708 5322 τὴν
1753 5252 1976 5321 ἀγάπην

359 5342 743 5408 ἐκτείνεσθαι;
765 5343 866 5395 οὑκ
893 5345 971 5406 είς
997 5342 1262 5414 ἀλλήλους
1297 5342 1478 5412 μόνον,
1504 5338 1642 5392 ἀλλά
1671 5340 1970 5410 πανταχοῦ.

359 5430 540 5483 Ίόῦτο
564 5430 673 5498 γὰρ
698 5430 870 5492 ὅντως
907 5431 1134 5500 ἀγάπης
1163 5430 1263 5499 τῆς
1297 5427 1439 5481 κατὰ
1469 5427 1625 5490 Θεὸν,
1653 5427 1714 5481 τὸ
1763 5429 1974 5492 πάντας

363 5517 834 5588 περιπλέκεσθαι·
868 5517 933 5570 ἂν
981 5518 1037 5570 δὲ
1095 5517 1186 5570 τὸν
1237 5516 1386 5569 δεῖνα
1443 5515 1544 5586 μὲν
1591 5517 1834 5586 ἀγαπᾷς,
1883 5516 1974 5570 τὸν

357 5604 515 5658 δεῖνα
558 5605 615 5660 δὲ
647 5606 870 5677 μηκέτι,
904 5606 1046 5658 κατά
1082 5606 1371 5675 ἄνθρωπον
1403 5606 1436 5675 ὴ
1471 5603 1645 5670 φιλία.
1696 5603 1836 5656 Ἀλλ’
1873 5605 1973 5675 οὐχ

360 5695 395 5762 η
428 5695 676 5764 ἡμετέρα
705 5694 954 5764 τοιαύτη.
995 5692 1271 5761 Καθάπερ
1304 5692 1403 5746 καὶ
1449 5691 1622 5762 ἡμεῖς
1650 5693 1738 5758 είς
1775 5690 1932 5761 ὑμᾶς
1954 5709 1967 5721 ·

427 5848 460 5913 ‘_‘
485 5847 624 5913 Colb.
655 5856 704 5913 gl
729 5863 884 5913 marg.
914 5849 1066 5900 Savil.
1091 5847 1191 5904 τοῖς
1214 5848 1472 5910 ama-lum.

431 5911 462 5951 δ
487 5912 576 5960 Διὰ
599 5911 743 5960 τοῦτο
762 5910 785 5959 ?

2075 846 2346 901 δείκνυσιν
2383 848 2567 912 αὐτοῖς
2609 847 2796 919 κέρδος
2838 848 3132 919 φέρουσαν,
3162 849 3220 902 οὑ
3257 852 3370 913 τοῖς
3411 849 3671 921 φιλουμέ-

2075 951 2208 997 νοις.
2254 934 2546 1018 Βούλομαι,
2589 937 2743 1006 φησὶ,
2791 935 3086 990 πλεονάσαι
3128 939 3229 1008 τὴν
3267 937 3488 1008 ἀγάπην
3534 936 3668 992 ταύ-

2073 1040 2196 1092 την,
2244 1023 2334 1076 ἵνα
2389 1023 2579 1094 μηδεὶς
2628 1023 2818 1094 μῶμος
2863 1024 3110 1093 γένηται.
3148 1025 3261 1077 Οὑκ
3313 1019 3487 1087 εἶπεν,
3521 1025 3668 1095 ὑμᾶς

2079 1113 2352 1183 στηρίξαι,
2391 1113 2548 1178 ἀλλὰ,
2586 1114 2699 1180 Τὰς
2743 1113 2993 1182 καρδίας
3028 1113 3223 1183 ὑμῶν·
3263 1115 3364 1168 Ἐκ
3408 1115 3518 1184 τὰρ
3556 1113 3669 1182 τῆς

2076 1202 2325 1271 καρδίας
2354 1201 2701 1272 ἐξέρχονται
2737 1201 3113 1272 διαλογισμοὶ
3144 1203 3415 1268 πονηροί.
3451 1203 3668 1254 Ἐνεστι

2077 1290 2187 1360 γάρ
2215 1291 2380 1361 μηδὲν
2412 1292 2742 1361 πράττοντα,
2777 1291 3015 1364 πονηρὸν
3044 1285 3208 1351 εἶναι,
3234 1285 3344 1342 οἷον
3371 1289 3668 1359 βασκανίαν

2076 1377 2242 1446 ἔχειν,
2279 1378 2557 1441 ἀπιστίαν,
2604 1377 2777 1438 δόλον,
2810 1381 2869 1431 τὸ
2910 1379 3126 1448 χαίρειν
3171 1379 3264 1430 ἐπὶ
3304 1381 3414 1440 τοῖς
3457 1381 3666 1441 κακοῖς,

2077 1462 2227 1537 [456]
2241 1465 2300 1518 τὸ
2324 1464 2398 1535 μὴ
2425 1460 2565 1518 εἶναι
2594 1465 2826 1534 φιλικὸν,
2850 1465 2910 1518 τὸ
2942 1466 3188 1535 δόγματα
3207 1465 3349 1535 ἔχειν
3377 1466 3670 1535 διεστραμ-

2080 1553 2216 1623 μένα
2237 1571 2250 1583 ·
2277 1553 2452 1606 ταῦτα
2480 1553 2658 1606 πάντα
2699 1553 2798 1623 τῆς
2844 1553 3071 1623 καρδίας
3101 1555 3250 1605 ἐστί·
3276 1553 3338 1605 τὸ
3367 1552 3423 1604 δὲ
3463 1551 3671 1605 τούτων

2077 1640 2441 1713 καθαρεύειν,
2503 1641 2651 1694 ἐστὶν
2714 1640 3035 1708 ἁγιωσύνη.
3096 1640 3318 1710 Κυρίως
3400 1639 3500 1711 μὲν
3560 1639 3671 1710 γὰρ

2078 1727 2358 1797 ἀγιωσύνη
2390 1727 2611 1794 λέγεται
2641 1728 2674 1798 ἡ
2710 1727 3035 1799 σωφροσύνη
3080 1727 3204 1780 κατ’
3237 1726 3430 1798 ἐξοχὴν
3480 1725 3670 1797 ἐπειδὴ

2077 1818 2172 1868 καὶ
2215 1815 2528 1887 ἀκαθαρσία
2553 1819 2586 1886 ἠ
2614 1815 2845 1883 πορνεία
2880 1817 2976 1869 καὶ
3005 1817 3038 1885 ἡ
3073 1815 3289 1886 μοιχεία
3309 1833 3321 1846 ο
3362 1815 3671 1878 καθολικῶς

2076 1902 2132 1955 δὲ
2171 1905 2323 1956 πᾶσα
2355 1905 2600 1974 ἀμαρτία
2647 1902 2983 1976 ἀκαθαρσία,
3016 1905 3112 1956 καλ⁸
3161 1905 3314 1956 πᾶσα
3368 1903 3539 1974 ἀρετὴ
3571 1920 3672 1958 κα-

2079 1990 2316 2061 θαρότης
2340 2009 2352 2021 ·
2373 1991 2665 2060 Μακάριοι
2695 1993 2825 2061 γὰρ,
2860 1993 3046 2061 φησὶν,
3075 1994 3128 2045 οἱ
3162 1991 3406 2058 καθαροί
3427 1991 3502 2060 τῇ
3525 2007 3665 2059 καρδ

2076 2079 2196 2147 δίᾳ.
2227 2081 2515 2152 Καθαροὺς
2549 2083 2675 2144 τοὺς
2709 2081 2888 2151 πάντη
2921 2080 3195 2151 καθαρούς
3233 2098 3420 2151 φησιν.

2145 2169 2210 2223 δ’.
2236 2165 2370 2222 Οἶδα
2397 2169 2506 2241 γάρ
2543 2171 2641 2224 καὶ
2675 2169 2744 2222 τά
2776 2170 2912 2223 ἄλλα
2943 2170 3041 2239 ούχ
3070 2165 3233 2240 ἦττον
3262 2171 3361 2240 τὴν
3379 2169 3557 2239 ψυχὴν
3580 2171 3672 2241 ῥυά

2077 2256 2234 2310 ποῦν.
2266 2258 2391 2312 Ὅτι
2423 2259 2531 2329 γὰρ
2573 2259 2812 2330 πονηρία
2867 2258 3085 2328 μολύνει
3133 2258 3232 2329 τὴν
3276 2256 3474 2328 ψυχὴν,
3506 2256 3671 2309 άκουε

2076 2346 2170 2397 τοῦ
2202 2347 2482 2417 προφήτου
2503 2345 2752 2415 λέγοντος
2775 2363 2788 2377 ⁸
2821 2346 3155 2400 Ἁπόπλυνε
3176 2345 3294 2399 ἀπὸ
3331 2345 3545 2410 κακίας
3562 2343 3676 2411 τὴν

2077 2433 2332 2501 καρδίαν
2355 2449 2492 2496 σου,
2534 2431 2963 2502 Ἰερουσαλήμο
2994 2433 3089 2486 καὶ
3119 2432 3302 2497 πάλιν,
3333 2432 3672 2492 Λούσασθε,

2078 2521 2323 2590 καθαροί
2356 2522 2630 2590 γένεσθε,
2654 2520 2910 2590 ἀφέλετε
2941 2520 3046 2585 τάς
3079 2521 3373 2588 πονηρίας
3404 2518 3524 2574 ἀπὸ
3558 2517 3678 2572 τῶν

2076 2612 2164 2676 ψυ
2171 2607 2296 2675 χῶν
2328 2608 2518 2676 ὑμῶν.
2545 2610 2661 2662 υὺκ
2686 2604 2828 2669 εἷπε,
2848 2609 2944 2670 τὰς
2973 2606 3234 2678 πορνείας
3255 2623 3268 2635 ο
3290 2607 3432 2659 ὥστε
3454 2607 3514 2659 οὑ
3540 2623 3677 2675 πορθ

2077 2697 2195 2749 νεία
2233 2696 2414 2766 μόνον,
2451 2695 2588 2750 ἀλλά
2630 2695 2726 2748 καὶ⁵
2773 2694 2840 2746 τά
2883 2694 3019 2747 ἄλλα
3071 2693 3290 2762 μολύνει
3340 2691 3440 2762 τὴν
3471 2691 3672 2762 ψυχήν.

2077 2784 2360 2853 Στηρίξαι
2391 2784 2583 2852 ὑμῶν,
2611 2784 2767 2854 φησὶ,
2803 2783 2910 2846 τὰς
2949 2781 3199 2848 καρδίας
3233 2779 3576 2850 ἀμέμπτους
3606 2779 3678 2833 ἐν

2076 2875 2384 2944 ἁγιωσύνῃ
2410 2877 2753 2944 ἔμπροσθεν
2782 2871 2890 2927 τοῦ
2925 2871 3072 2926 Θεοῦ
3097 2870 3195 2923 καί
3229 2869 3456 2938 Πατρὸς
3485 2867 3675 2937 ἡμῶν,

2075 2962 2137 3015 ἐν
2174 2961 2248 3028 τῇ
2279 2962 2584 3030 παρουσίᾳ
2608 2961 2714 3014 τοῦ
2739 2961 2962 3027 Κυρίου
2992 2957 3163 3027 ἡμῶν
3196 2956 3398 3023 Ἰησοῦ
3419 2955 3678 3024 Χριστοῦ

2071 3051 2224 3118 μετὰ
2258 3048 2503 3103 ,πάντων
2538 3049 2657 3102 τῶν
2691 3049 2876 3117 ἁγίων
2913 3046 3122 3100 αὑτοῦ.
3156 3047 3368 3116 Κριτὴς
3410 3045 3519 3115 ἄρα
3554 3045 3676 3098 τότε

2077 3140 2231 3191 ἔσται
2261 3140 2289 3190 ὁ
2335 3138 2604 3207 Χριστός·
2633 3137 2734 3189 οὑκ
2760 3135 3070 3206 ἔμπροσθεν
3111 3133 3168 3186 δὲ
3197 3133 3383 3197 αὑτοῦ,
3415 3132 3549 3185 ἀλλά
3583 3133 3677 3185 καὶ

2076 3226 2171 3278 τοῦ
2194 3225 2404 3297 Πατρδς
2423 3225 2854 3297 παρεστήκαμεν
2873 3223 3205 3295 κρινόμενοι.
3225 3222 3296 3274 "H
3310 3219 3469 3274 τοῦτό
3489 3235 3675 3290 φησιν,

2078 3314 2160 3366 ὅτι
2210 3314 2535 3384 ἀμέμπτους
2587 3311 2902 3382 ἔμπροσθεν
2953 3310 3046 3363 τοῦ
3093 3309 3230 3363 Θεοῦ
3264 3309 3344 3362 δεῖ
3387 3308 3674 3376 γενέσθαιο

2078 3405 2216 3471 ὅπερ
2265 3401 2351 3454 ἀεὶ⁵
2407 3401 2571 3470 λέγω,
2599 3401 2660 3453 τὸ
2689 3399 2921 3455 ἐνώπιον
2967 3398 3058 3452 τοῦ
3104 3396 3240 3450 Θεοῦ
3289 3396 3447 3461 (αὕτη
3488 3397 3596 3468 γὰρ
3643 3398 3676 3466 ἡ

2078 3490 2250 3562 ἀρετὴ
2299 3490 2647 3561 εἰλικρινής),
2682 3490 2782 3541 οὑκ
2827 3486 3058 3541 ἐνώπιον
3104 3485 3426 3557 ἀνθρώπων.
3463 3484 3609 3556 ’Λρα
3641 3487 3672 3555 ἡ

2078 3578 2267 3648 ἀγάπη
2312 3577 2642 3647 ἀμέμπτους
2683 3578 2855 3628 ποιεῖ·
2885 3577 2978 3628 καὶ
3019 3576 3129 3646 γὰρ
3158 3575 3328 3637 ὅντως
3353 3573 3676 3644 ἀμέμπτους

2079 3668 2242 3718 ποιεῖ.
2275 3666 2386 3719 Καὶ
2431 3663 2568 3734 ἐμοῦ
2601 3665 2736 3716 ποτὲ
2772 3662 2932 3716 τοῦτο
2967 3661 3329 3732 διηγουμένου
3365 3661 3500 3732 πρός
3530 3679 3672 3726 τινα,

2078 3755 2174 3808 καὶ
2201 3753 2475 3821 λέγοντος,
2513 3753 2595 3805 ὅτι
2621 3754 2656 3824 ἡ
2686 3753 2875 3822 ἀγάπη
2907 3751 3230 3822 ἀμέμπτους
3256 3753 3421 3813 ποιεῖ,
3454 3750 3550 3802 καὶ
3573 3750 3673 3802 οὐκ

2079 3843 2305 3913 ἀφίησιν
2349 3843 2384 3912 ἡ
2415 3841 2551 3911 πρὸς
2579 3841 2670 3893 τὸν
2711 3840 2941 3912 πλησίον
2974 3839 3125 3909 φιλία
3157 3837 3510 3910 παρείσδυσίν
3551 3853 3675 3891 τινα

2078 3930 2331 4000 γενέσθαι
2364 3929 2465 4001 τῆς
2489 3928 2865 4000 πλημμελίας,
2889 3929 2986 3982 καὶ
3006 3928 3075 3980 τὰ
3090 3927 3225 3980 ἄλλα
3250 3926 3431 3980 πάντα
3450 3925 3674 3990 διεξιόν-

2078 4037 2168 4082 τος
2195 4018 2290 4072 καὶ
2320 4019 2758 4090 ἐπεξερχομένου
2778 4016 3034 4088 τῷλόγῳ,
3062 4016 3171 4069 τῶν
3205 4013 3329 4085 ἐμοί
3356 4031 3439 4078 τις
3468 4012 3672 4084 γνωρί·

2084 4125 2200 4179 μων
2231 4107 2519 4161 ὑποϐαλὼν
2553 4108 2766 4172 ἑαυτὸν,
2795 4107 2957 4178 φησί’
3005 4107 3070 4158 Τί
3099 4101 3192 4158 οὖν
3234 4107 3267 4175 ἡ
3294 4102 3551 4175 πορνεία;
3573 4104 3673 4156 οὑκ

2081 4196 2289 4247 ἔνεστιν
2315 4190 2409 4248 οὖν
2438 4195 2532 4250 καὶ
2554 4195 2730 4264 φιλεῖν
2760 4198 2855 4248 καὶ
2888 4193 3208 4263 πορνεύεινς
3233 4194 3328 4244 καὶ
3352 4193 3459 4243 ἀπὸ
3488 4191 3670 4258 φιλίας

2083 4283 2182 4349 μὲν
2217 4282 2375 4334 τοῦτο
2399 4282 2632 4350 γίνεται.
2677 4279 2966 4344 Πλεονεξία
2998 4280 3096 4348 μὲν
3135 4275 3228 4332 οὖν
3262 4279 3356 4331 καὶ
3396 4278 3613 4348 μοιχεία
3643 4288 3666 4315 ε

2079 4371 2173 4422 καὶ
2198 4369 2394 4440 φθόνος
2420 4371 2514 4422 καὶ
2536 4368 2820 4421 ἐπιϐουλαὶ
2846 4369 2941 4419 καὶ
2959 4368 3060 4419 ὅσα
3075 4365 3302 4420 τοιαῦτα
3325 4365 3434 4418 ἀπὸ
3452 4365 3672 4436 ἀγάπης

2078 4461 2178 4531 τῆς
2205 4459 2315 4514 τῶν
2354 4459 2586 4529 πλησίον
2621 4457 2894 4526 ἀνακόψαι
2927 4457 3248 4528 δυνήσεται·
3283 4459 3316 4528 ἡ
3347 4456 3405 4509 δὲ
3447 4457 3675 4527 πορνεία

2080 4549 2234 4615 πῶς;
2285 4549 2474 4618 φησίν.
2537 4547 2680 4616 Ἐγὼ
2726 4547 2909 4600 τοίνυν
2953 4542 3128 4610 εἷπον,
3163 4547 3245 4600 ὅτι
3289 4547 3323 4615 ή
3357 4545 3544 4616 ἀγάπη
3581 4548 3675 4598 καὶ

2076 4637 2242 4690 τοῦτο
2271 4637 2502 4691 δύναται
2533 4635 2824 4703 ἀνακόψαι.
2853 4635 2917 4688 Εἰ
2942 4635 3052 4704 γάρ
3092 4634 3275 4704 φιλοίη
3303 4651 3385 4696 τις
3415 4633 3512 4703 τὴν
3543 4650 3675 4703 πορ-

2077 4730 2377 4799 νευομένην
2393 4730 2652 4797 γυναῖκα,
2669 4729 2763 4781 καὶ
2785 4726 2894 4779 τῶν
2917 4726 3093 4779 ἄλλων
3117 4725 3288 4793 αὑτὴν
3334 4722 3544 4792 ἀνδρῶν
3567 4723 3674 4774 ἀπα

2077 4819 2306 4885 ἀγαγεῖν
2329 4817 2673 4888 πειράσεται,
2697 4815 2817 4884 οὑχὶ
2839 4814 2896 4865 δέ
2928 4816 3022 4865 καὶ
3050 4812 3212 4873 αὑτὸς
3237 4809 3582 4880 προστιθέναι
3601 4811 3671 4879 τῇ

2079 4906 2345 4977 ἁμαρτίᾳ.
2375 4905 2541 4958 ’Ὥστε
2578 4905 2785 4974 σφόδρα
2821 4900 3105 4972 μισοῦντός
3135 4901 3252 4952 ἐστι
3282 4897 3381 4967 τὴν
3411 4915 3670 4970 πορνευοο

2079 4995 2251 5065 μένην
2279 4995 2339 5048 τὸ
2372 4993 2658 5063 πορνεύειν
2679 4993 2758 5052 εἰς
2785 4990 2956 5060 αὑτήν
2975 5004 2988 5018 ’
3009 4986 3293 5056 φιλοῦντος
3324 4985 3380 5038 δὲ
3409 4985 3580 5050 ὅντως
3609 4983 3673 5038 τδ

2076 5083 2385 5150 ἀπαγαγεῖν
2409 5079 2580 5149 αὑτὴν
2613 5078 2714 5146 τῆς
2747 5095 2818 5146 μυ
2831 5077 3000 5145 σαρᾶς
3021 5076 3236 5144 ἐκείνης
3260 5073 3531 5145 πράξεως.
3561 5075 3671 5128 Καὶ

2076 5171 2176 5224 οὑκ
2209 5170 2378 5232 ἔστιν,
2407 5170 2507 5222 οὐκ
2535 5167 2682 5220 ἔστιν
2702 5166 2853 5219 οὐδὲν
2878 5165 3204 5235 ἁμάρτημα,
3233 5164 3262 5216 ὃ
3296 5163 3390 5234 μὴ,
3413 5162 3671 5233 καθάπερ

2079 5258 2211 5329 πῦρ,
2244 5256 2526 5312 ἀναλίσκει
2555 5255 2653 5322 τῆς
2693 5255 2915 5324 ἀγάπης
2944 5255 2976 5324 ή
3008 5252 3254 5323 δύναμις.
3287 5249 3672 5324 Εὑκολὼτερον

2076 5347 2187 5416 γὰρ
2215 5345 2494 5416 φρύγανον
2518 5342 2734 5404 εὐτελὲς
2765 5342 3085 5409 ἀντιστῆναι
3115 5341 3264 5410 πυρᾷ
3294 5339 3540 5410 πολλῇ,ἧ
3571 5339 3668 5408 τῆς

2078 5433 2354 5504 ἁμαρτίας
2378 5431 2477 5502 τὴν
2509 5429 2672 5498 φύσιν
2703 5431 2769 5498 τῇ
2804 5429 2902 5500 τῆς
2929 5429 3150 5497 ἀγάπης
3178 5427 3425 5497 δυνάμει.
3451 5426 3669 5495 Ταύτην

2075 5521 2168 5580 οὖν
2199 5523 2556 5594 φυτεύσωμεν
2585 5521 2643 5572 ὲν
2667 5522 2788 5582 ταῖς
2819 5519 3029 5572 ἐαυτῶν
3045 5517 3266 5588 ψυχαῖς,
3288 5519 3376 5570 ἵνα
3399 5513 3536 5589 μετά
3559 5518 3670 5570 τῶν

2077 5614 2248 5684 ἁγίων
2279 5613 2498 5664 πάντων
2537 5608 2752 5678 στῶμεν
2770 5624 2782 5639 ·
2819 5608 2914 5659 καὶ
2942 5606 3054 5676 γάρ
3088 5606 3286 5658 ἐκεῖνοι
3312 5605 3514 5669 πάντες
3540 5606 3666 5677 εὑη-

2139 5782 2161 5810 ε
2203 5775 2342 5827 Cnlb.
2371 5779 2422 5823 et
2447 5773 2625 5834 parlim
2649 5785 2800 5834 marg.
2829 5771 3003 5830 Savil.,
3030 5770 3075 5817 τί
3099 5771 3140 5818 δ’
3186 5771 3243 5835 ἀν
3269 5771 3416 5828 εἰποις
3457 5773 3563 5835 περὶ
3585 5780 3673 5833 ’ἧς

2072 5840 2314 5913 πορνείας
2343 5837 2372 5895 ἡ
2395 5838 2485 5897 γαρ
2505 5835 2773 5911 ὀὖκὶἒνεστι
2798 5835 2880 5908 καὶ
2903 5836 3135 5913 φὶηθιειὶιπἱ
3146 5845 3183 5913 ξὶ
3199 5834 3369 5913 ἄπαγε’
3399 5836 3493 5882 ἀπὸ
3517 5834 3672 5911 φιλίας

2078 5893 2521 5964 μίῇιιῖταέσταιτὸ
2557 5899 2622 5957 μῆ
2647 5893 2991 5960 ποριεύεινξίο
3021 5895 3088 5944 δέ.
3117 5893 3372 5953 Πλεονεξία
3405 5901 3486 5954 μὲν
3515 5893 3596 5945 καὶ
3625 5911 3675 5957 μ.
