4140 6488
312 368 401 425 ιιιι

304 497 480 540 annon
524 478 691 536 etiam
729 493 797 533 ex
839 476 958 546 ejus
1001 473 1397 545 supplicatione
1432 484 1531 542 pro
1560 461 1896 525 Sodomitis?

308 573 472 629 Valde
499 571 673 637 enim,
705 569 862 624 valde
891 574 1137 622 amantes
1162 572 1318 619 erant
1343 562 1535 625 sancti,
1570 568 1624 615 et
1654 558 1906 629 propensi

308 668 371 722 ad
402 663 962 722 commiserationem.
992 657 1177 730 Cogita
1206 658 1347 712 enim
1380 654 1523 726 quali
1556 653 1796 708 caritatis
1821 649 1905 705 af—

305 761 443 816 fectu
475 766 624 814 esset
664 756 867 812 Paulus
906 752 998 808 ille
1019 794 1034 819 ,
1065 750 1154 821 qui
1185 749 1269 805 vel
1296 748 1557 802 adversus
1586 746 1762 817 ignem
1788 752 1907 798 erat

306 856 530 919 audens,
563 853 654 907 ille
682 848 1082 913 adamantinns,
1112 846 1202 901 ille
1234 844 1440 907 firmus,
1473 841 1785 908 immobilis,
1817 840 1906 894 ille

305 947 442 1001 omni
471 961 539 998 ex
569 952 722 1013 parte
746 950 1024 1007 constans,
1055 939 1142 993 ille
1170 938 1363 992 timore
1389 935 1483 990 Dei
1515 934 1779 999 conﬁxus,
1815 932 1905 987 ille

306 1036 632 1092 inﬂexibilis.
665 1034 794 1101 Quis
818 1032 985 1095 enim“,
1017 1030 1210 1100 inquit,
1235 1046 1327 1082 nos
1355 1028 1611 1098 separabit
1637 1044 1669 1079 a
1694 1027 1907 1079 caritate

307 1129 486 1184 Christi
506 1128 534 1181 .9
561 1126 789 1198 nﬁiictio,
809 1141 874 1176 an
903 1123 1158 1194 angustia,
1182 1138 1247 1174 an
1272 1119 1611 1191 persequutio,
1637 1134 1702 1171 an
1721 1118 1902 1185 fames,

305 1231 387 1273 aut
417 1196 646 1280 auditas,
681 1227 771 1270 aut
798 1215 1101 1287 periculum,
1131 1223 1221 1266 aut
1250 1213 1453 1284 gladius
1483 1196 1656 1279 (Rom.
1685 1210 1737 1265 8.
1772 1207 1907 1277 55)?

309 1316 395 1371 Ille
421 1310 512 1383 qui
542 1311 809 1365 adversus
844 1309 959 1363 haec
988 1307 1167 1361 omnia
1196 1321 1404 1359 summa
1436 1312 1553 1358 erat
1580 1302 1821 1365 audacia,
1851 1309 1905 1355 et

308 1407 565 1461 adversus
598 1413 799 1456 terram
828 1409 883 1455 et
915 1414 1083 1464 mare,
1108 1398 1196 1469 qui
1215 1396 1586 1451 adamantinos
1610 1394 1904 1448 inferorum

312 1508 482 1568 portas
510 1494 795 1559 irridebat,
819 1493 904 1546 cui
936 1491 1069 1545 nihil
1091 1490 1311 1544 omnino
1336 1488 1620 1543 resistebat
1648 1505 1660 1539 :
1693 1487 1737 1540 is
1759 1494 1907 1556 post-

309 1605 458 1660 quam
502 1588 635 1641 vidit
678 1584 1035 1657 quorumdam
1082 1582 1183 1637 sibi
1228 1582 1547 1637 dilectorum
1606 1579 1902 1649 lacrymas,

310 1684 438 1738 adeo
462 1680 773 1736 confractus
812 1688 865 1733 et
907 1677 1172 1734 contritus
1201 1676 1297 1730 fuit
1340 1676 1429 1730 ille
1467 1675 1686 1729 adamas
1707 1715 1722 1737 ,
1754 1681 1812 1727 ut
1839 1689 1905 1728 ne

312 1774 466 1829 animi
509 1772 728 1844 quidem
776 1771 980 1825 celaret
1026 1777 1254 1832 motum,
1298 1767 1393 1822 sed
1436 1767 1613 1821 statim
1660 1766 1901 1820 diceret:

320 1869 449 1936 Quid
483 1866 647 1939 facitis
675 1866 861 1936 flentes
887 1905 901 1928 ,
933 1871 979 1917 et
1001 1879 1090 1916 cor
1117 1877 1283 1914 meum
1311 1869 1621 1913 conterentes
1649 1859 1782 1928 (Act.
1812 1858 1902 1912 21.

320 1962 443 2030 l3)?
463 1961 595 2029 Quid
621 1960 777 2023 dicis,
802 1973 986 2030 quarso
1007 1957 1031 2009 ?
1054 1957 1293 2010 animum
1324 1955 1472 2010 illum
1502 1955 1903 2008 adamantinum

325 2063 593 2108 conterere
637 2052 809 2122 potuit
857 2049 1139 2121 lacryma?
1177 2048 1360 2111 Certe,
1405 2047 1574 2117 inquit
1610 2066 1621 2098 :
1656 2046 1905 2100 omnibus

328 2145 508 2199 resisto
549 2153 746 2214 praeter
792 2141 1106 2206 caritatem;
1153 2156 1213 2195 ca
1254 2156 1341 2194 me
1378 2147 1627 2209 superat,
1658 2139 1790 2192 etin
1818 2152 1905 2192 me

322 2238 511 2291 obtinet
534 2236 894 2290 dominatum.
945 2234 1057 2289 lloc
1106 2232 1220 2288 Deo
1252 2233 1444 2302 placet.
1478 2234 1717 2303 Abyssus
1742 2245 1906 2300 aqua—

317 2345 423 2382 rum
450 2343 569 2381 eum
594 2342 705 2381 non
727 2326 982 2392 conterit,
1010 2334 1065 2379 et
1088 2324 1297 2395 exiguae
1319 2331 1607 2377 conterunt
1627 2322 1899 2391 lacrymte.

317 2419 447 2485 Quid
478 2420 645 2487 facilis
676 2420 859 2488 ﬂentes
889 2459 903 2483 ,
937 2428 985 2471 et
1014 2434 1101 2471 cor
1130 2433 1297 2470 nteant
1337 2415 1689 2469 conterentes?
1715 2414 1903 2484 Magna

312 2522 388 2564 est
415 2511 554 2564 enim
589 2511 834 2565 caritatis
887 2510 1145 2579 potentia.
1181 2508 1273 2563 Vis
1317 2523 1505 2562 rursus
1533 2507 1714 2562 videre
1754 2507 1903 2561 illum

313 2602 559 2656 ﬂentem?
609 2602 733 2656 audi
787 2603 938 2656 illum
986 2600 1258 2655 dicentem
1287 2618 1299 2654 :
1330 2598 1624 2653 Triennium
1673 2608 1816 2652 nocte
1857 2607 1904 2650 et

310 2696 403 2757 die,
435 2694 629 2766 inquit,
663 2711 764 2748 non
791 2694 980 2747 cessavi
1007 2709 1121 2745 cunt
1149 2692 1389 2762 lanymis
1420 2692 1691 2744 admouere
1720 2706 1907 2743 unum-

309 2804 543 2857 quemque
569 2798 790 2841 vestrum
822 2786 957 2854 (Act.
992 2784 1085 2839 9.0.
1111 2785 1223 2853 3i).
1251 2784 1332 2837 Es
1365 2784 1525 2837 multa
1553 2783 1780 2837 caritate
1809 2795 1903 2837 ve-

309 2878 519 2933 rebatur
559 2895 628 2931 ne
664 2880 842 2945 aliqua
889 2878 1113 2931 intraret
1155 2876 1440 2945 pernicies.
1476 2876 1541 2929 Et
1571 2878 1761 2928 iterum
1790 2893 1801 2926 :
1828 2874 1907 2927 Ex

308 2974 459 3025 multa
494 2971 767 3043 afflictione
795 2981 840 3024 et
882 2970 1119 3039 angustia
1158 2969 1328 3021 cordis
1373 2968 1558 3035 scripsi
1595 2971 1662 3020 ad
1697 2982 1783 3020 vos
1817 2981 1908 3035 per

309 3066 488 3118 multas
516 3066 775 3134 lacrymas
802 3061 880 3132 (Ξ.
909 3062 1027 3115 Cor.
1052 3061 1106 3114 2.
1139 3062 1218 3132 4).
1247 3061 1383 3129 Quid
1410 3075 1558 3124 vero,
1575 3064 1904 3128 dic,qll=l'50,

306 3155 454 3210 fortis
484 3156 578 3211 ille
604 3155 806 3225 Joseplt
835 3197 848 3220 ,
883 3154 974 3224 qui
1006 3165 1191 3207 contra
1225 3162 1426 3207 tantatn
1457 3151 1634 3205 Stabat
1661 3151 1906 3222 tyranni-

306 3248 422 3303 dem
447 3289 463 3314 ,
491 3252 586 3318 qui
614 3248 879 3301 adversus
911 3256 1113 3300 tantam
1143 3246 1343 3299 amoris
1373 3259 1560 3315 pyram
1590 3258 1647 3297 se
1676 3243 1829 3297 tortis
1854 3253 1908 3298 et

305 3342 498 3396 excelsi
548 3340 1111 3419 animiostendcrat,
1153 3338 1243 3407 qui
1290 3346 1490 3391 tantam
1535 3336 1767 3390 domina:
1796 3351 1909 3389 ante

310 3437 567 3489 insaniam
598 3436 667 3488 ita
704 3432 1246 3503 superaverat?quid
1281 3432 1422 3485 enim
1469 3445 1574 3484 non
1620 3442 1743 3483 tunc
1773 3429 1907 3483 deli-

313 3531 528 3584 niissct?
559 3530 757 3584 decora
788 3527 983 3591 facies,
1020 3525 1189 3580 fastus
1217 3525 1511 3595 dignitatis,
1542 3525 1773 3578 vestium
1799 3523 1908 3577 ele-

303 3623 470 3691 gantia
498 3632 558 3677 et
587 3618 1012 3690 magnificentia,
1036 3625 1333 3671 aromatum
1363 3615 1648 3685 fragrantia
1682 3614 1904 3682 (etenim

301 3715 474 3769 sciunt
503 3714 624 3768 haec
653 3727 867 3783 quoque
888 3710 1135 3766 emollire
1162 3709 1451 3780 animum),
1479 3709 1640 3765 verba
1666 3711 1905 3763 onmium

302 3809 641 3863 mollissima.

366 3907 418 3959 5.
452 3906 678 3976 Iosephi
707 3905 933 3959 castitas.
961 3902 1153 3957 Contra
1182 3901 1487 3973 injuriarum
1517 3899 1909 3952 memoriam.—

312 4000 458 4055 scitis
498 4000 672 4062 enim,
706 3997 850 4068 quod
879 4012 1000 4068 qua:
1043 3995 1280 4060 amabat,
1310 4005 1364 4049 et
1409 4004 1515 4048 tam
1559 3993 1910 4046 vehementer

296 4096 537 4157 amabat,
570 4092 700 4147 nihil
753 4091 1018 4162 abjectum
1048 4100 1101 4145 et
1141 4088 1342 4144 humile
1371 4097 1516 4142 esset
1556 4094 1865 4140 recusatura
1891 4124 1906 4149 ,

296 4185 561 4255 supplicis
612 4195 867 4254 suscepto
910 4183 1118 4239 habitu.
1180 4181 1327 4235 Adeo
1371 4181 1514 4234 enim
1576 4178 1746 4231 fracta
1795 4185 1911 4231 erat

297 4278 497 4333 mulier
527 4292 727 4331 aureas
748 4285 965 4347 gestans
994 4286 1195 4340 vestes,
1211 4286 1264 4328 et
1291 4289 1411 4343 qua:
1433 4280 1549 4326 erat
1577 4270 1838 4325 collocata
1856 4271 1907 4322 in

296 4368 566 4442 dignitate
591 4372 900 4442 regia,utad
915 4371 1053 4426 servi
1068 4369 1261 4440 captivi
1276 4381 1447 4438 genua
1465 4367 1601 4421 forte
1618 4363 1911 4434 procubue-

297 4472 386 4528 rtt,
408 4475 467 4518 et
488 4468 631 4518 forte
648 4465 809 4517 etiam
828 4464 963 4517 ﬂens
977 4462 1174 4534 rogarit
1189 4470 1243 4517 et
1262 4472 1486 4531 tangens
1506 4472 1679 4529 genua
1702 4474 1715 4511 :
1735 4471 1912 4525 neque

298 4553 350 4608 id
387 4558 570 4612 semel
609 4566 701 4611 aut
730 4556 846 4625 bis,
877 4556 972 4612 sed
1001 4557 1161 4610 etiam
1199 4552 1396 4623 saepius
1424 4551 1663 4605 tentarit.
1691 4549 1913 4604 Licehat

300 4662 427 4706 tunc
444 4654 620 4707 etiam
648 4649 833 4705 videre
853 4650 1065 4705 oculum
1088 4646 1323 4702 maxime
1340 4644 1630 4716 fulgentem
1663 4661 1676 4697 :
1706 4650 1916 4695 nonest

303 4746 449 4800 enim
500 4744 807 4800 verisimile
856 4757 977 4797 eam
1028 4756 1089 4797 se
1126 4740 1317 4795 leviter
1361 4749 1416 4794 et
1461 4746 1770 4805 utcumque,
1820 4734 1914 4789 sed

296 4838 522 4896 curiose
552 4851 804 4904 ornasse,
834 4845 892 4890 ut
927 4851 1047 4905 quae
1076 4834 1256 4890 multis
1285 4832 1488 4888 retibus
1517 4831 1681 4886 vellet
1716 4842 1914 4899 agnum

298 4934 506 4991 Christi
530 4948 753 5004 capere.
774 4933 872 4987 Hic
886 4947 1097 5002 quoque
1118 4931 1349 5001 adjunge
1372 4928 1499 4981 mihi
1526 4926 1720 4979 multas
1752 4923 1920 4992 magi-

301 5044 395 5085 cas
421 5027 851 5085 incantationes.
883 5026 989 5082 Sed
1020 5036 1197 5079 tamen
1229 5024 1316 5077 ille
1341 5019 1667 5086 inflexibilis,
1694 5017 1782 5073 ille
1808 5018 1918 5070 ior-

305 5122 373 5176 tis
400 5137 470 5176 ac
527 5119 773 5190 rigidus,
819 5129 874 5173 et
924 5118 1112 5188 quavis
1141 5123 1292 5185 petra
1343 5111 1588 5175 solidior,
1636 5117 1919 5180 postquam

302 5216 441 5270 vidit
479 5213 682 5269 fratres
724 5213 813 5281 qui
849 5210 1224 5272 vendiderant,
1255 5209 1342 5279 qui
1377 5209 1427 5261 ir.
1456 5206 1744 5259 cisternam
1773 5204 1915 5272 jecc~

305 5316 458 5373 rant,
515 5305 610 5376 qui
658 5302 1028 5364 tradiderant,
1084 5301 1174 5371 qui
1206 5299 1455 5354 volebant
1500 5296 1781 5359 occidere,
1831 5293 1920 5362 qui

304 5402 536 5457 fuerant
562 5413 745 5455 causa:
775 5404 833 5453 et
872 5395 1106 5451 carceris
1149 5404 1203 5449 et
1231 5393 1490 5456 honoris;
1538 5402 1819 5463 postquam
1859 5396 1926 5445 ali

303 5494 386 5546 eis
415 5491 635 5545 audivit
678 5487 954 5559 quomodo
998 5485 1220 5541 affectus
1269 5494 1413 5540 esset
1457 5493 1646 5557 pater;
1681 5483 1925 5539 Dicamus

303 5586 483 5645 enim,
524 5582 718 5653 inquit,
751 5581 887 5647 quod
917 5596 1047 5633 unus
1091 5578 1245 5647 fuerit
1271 5595 1302 5630 a
1337 5581 1447 5647 [cra
1476 5578 1744 5633 devoratus
1770 5577 1918 5649 (Gen.

306 5681 401 5735 57.
431 5679 538 5743 20)
565 5697 579 5744 ;
612 5676 817 5739 fractus
862 5676 981 5740 fuit,
1013 5672 1276 5737 mollitus,
1322 5673 1606 5737 contritus,
1638 5686 1700 5726 ac
1741 5671 1923 5735 ﬂevit;

304 5786 361 5831 et
393 5773 571 5830 animi
601 5781 809 5825 motum
838 5784 943 5824 non
984 5767 1184 5830 ferens,
1234 5767 1509 5836 ingressus
1538 5766 1609 5821 Se
1634 5768 1881 5820 continuit
1907 5810 1923 5833 ,

309 5873 420 5926 hoc
448 5865 852 5926 cst.abstersit.
877 5861 1012 5929 Quid
1042 5859 1158 5920 nes,
1182 5858 1475 5930 quseph?
1506 5860 1660 5929 Atqui
1691 5875 1929 5930 pur-se"-

661 5974 935 6034 ΡΑτιιυι..
986 5970 1099 6028 (in.
1158 5970 1345 6029 LXl'l.

1127 358 1195 415 IN
1235 353 1453 413 EPIST.
1497 353 1517 407 1
1583 350 1675 407 AD
1714 337 2048 403 THESSAL.
2091 339 2244 399 CAP.
2286 344 2373 402 lll.
2416 347 2650 407 HOMIL.
2695 354 2781 411 IV.

3501 372 3608 426 ΕΞ

2022 457 2093 512 tia
2121 475 2229 515 non
2258 473 2383 519 sunt
2424 466 2585 538 digna
2632 470 2907 546 lacrymis,
2950 476 3044 533 sed
3076 478 3176 548 ira,
3208 481 3571 555 indignatione
3591 531 3608 554 ,

2013 566 2209 625 magno
2244 558 2507 629 supplicio
2532 570 2588 617 et
2614 564 2816 622 ultione
2841 587 2855 621 :
2886 566 3053 626 habes
3081 572 3133 627 in
3162 578 3412 633 manibus
3436 579 3609 637 inimi-

2011 659 2125 744 eos,
2160 646 2484 718 fratricidas,
2516 664 2669 724 potes
2700 658 2937 715 animum
2961 666 3246 723 exsatiare.
3274 669 3608 744 Quamquam

2012 753 2080 792 ne
2106 736 2209 794 hoc
2251 742 2465 811 quidem
2500 757 2583 800 est
2619 749 2913 819 injustitia;
2947 772 3053 811 non
3097 760 3240 814 enim
3270 765 3421 832 prior
3442 736 3611 824 infers

2011 846 2207 886 manus
2237 833 2484 925 injustas,
2510 838 2602 893 sed
2632 856 2727 896 eos
2772 843 3046 902 ulcisceris
3069 852 3158 920 qui
3188 860 3239 907 te
3263 854 3454 925 injuria
3482 860 3611 915 all‘c-

2010 931 2219 977 cerant.
2248 924 2380 978 Nam
2407 927 2471 980 ad
2498 939 2640 983 tuam
2669 947 2737 985 ne
2760 934 2889 987 mihi
2908 943 3183 1008 aspexeris
3209 949 3606 1005 auctoritatem:

2012 1029 2117 1068 non
2149 1016 2198 1069 id
2247 1032 2313 1072 ex
2343 1034 2530 1075 eorum
2579 1023 2775 1078 factum
2824 1040 2905 1082 est
2932 1034 3093 1088 animi
3139 1042 3426 1104 sententia.
3455 1043 3549 1099 sed
3578 1061 3608 1098 a

2014 1105 2124 1159 Deo
2150 1109 2238 1177 qui
2283 1110 2377 1165 tibi
2406 1113 2594 1168 effodit
2640 1121 2887 1187 gratiam.
2913 1123 3049 1190 Quid
3097 1126 3371 1186 ﬂes?Sed
3412 1134 3612 1191 dixerit

2010 1199 2101 1255 ille
2132 1216 2145 1253 :
2179 1203 2354 1268 Absit,
2382 1210 2551 1278 utqui
2585 1211 2634 1264 in
2662 1215 2913 1272 omnibus
2945 1219 2994 1273 in
3032 1220 3172 1278 bona
3206 1224 3397 1281 fuerim
3426 1232 3610 1285 existi-

2011 1294 2271 1361 matione,
2316 1298 2404 1353 illa
2443 1304 2621 1357 omnia
2662 1320 2896 1361 evertam
2940 1326 3034 1379 per
3068 1312 3205 1370 hanc
3254 1317 3461 1386 injuria:
3506 1338 3609 1376 ac—

2008 1396 2176 1456 ceptae
2203 1390 2628 1448 recordationem
2658 1412 2672 1451 :
2705 1397 3058 1470 lacrymarum
3086 1420 3212 1461 vere
3235 1418 3318 1462 est
3362 1419 3571 1482 tempus
3595 1432 3610 1479 ;

2010 1495 2114 1534 non
2169 1496 2287 1535 sum
2338 1483 2463 1538 feris
2514 1487 2802 1544 crudelior.
2862 1494 2973 1547 Illac
3027 1512 3151 1551 cum
3204 1509 3392 1554 natura
3444 1502 3613 1559 faxitis

2011 1572 2197 1627 inettnt
2217 1616 2233 1640 ,
2264 1575 2639 1649 quodcumque
2668 1583 2791 1636 mali
2823 1599 2994 1654 passae
3025 1587 3243 1646 fuerint.
3279 1591 3440 1660 Fleo,
3465 1598 3609 1665 quod

2010 1667 2232 1723 omnino
2266 1669 2343 1723 sic
2388 1684 2474 1725 me
2503 1670 2801 1729 aliecerint.
2834 1677 2987 1735 lluuc
3035 1697 3133 1736 nos
3183 1700 3398 1757 quoque
3439 1690 3613 1744 imite-

2011 1776 2152 1827 mur,
2184 1770 2239 1816 et
2266 1762 2542 1834 lugeamus
2584 1781 2679 1821 eos
2705 1769 2793 1839 qui
2828 1770 3072 1841 injuriam
3116 1775 3397 1847 fecerunt;
3438 1798 3505 1839 ne
3531 1784 3612 1840 eis

2012 1853 2340 1911 irascamur:
2370 1868 2495 1912 sunt
2522 1862 2664 1915 enim
2695 1878 2881 1919 revera
2899 1866 3043 1938 digni
3073 1869 3341 1942 Iacrymis,
3367 1875 3508 1944 quod
3536 1892 3613 1932 sc-

2012 1947 2157 2016 ipsos
2188 1948 2698 2007 reddantobnoxios
2738 1957 3001 2027 supplicio
3042 1970 3097 2014 et
3118 1961 3471 2020 damnationi.
3494 1966 3608 2022 Non

2012 2039 2201 2109 ignoro
2227 2042 2503 2111 quomodo
2530 2060 2672 2099 nunc
2700 2046 2895 2113 lleatis,
2930 2059 2984 2104 et
3013 2054 3286 2122 quomodo
3311 2056 3609 2125 gaudeatis,

2011 2140 2066 2185 et
2095 2131 2320 2187 Paulum
2350 2134 2680 2192 admirantes
2705 2148 2759 2194 et
2782 2139 2982 2211 Joseph
3011 2152 3310 2214 stupentes,
3338 2163 3401 2203 ac
3426 2149 3613 2206 beatos

2014 2224 2444 2292 pronuntiantes.
2500 2227 2607 2284 Sed
2648 2231 2693 2285 si
2734 2233 2854 2303 quis
2900 2234 3093 2291 habeat
3129 2239 3443 2305 inimicum,
3489 2258 3611 2297 eum

2012 2333 2155 2372 nunc
2201 2318 2252 2373 in
2284 2322 2543 2376 memoria
2576 2323 2790 2391 habeat,
2820 2344 2941 2383 eum
2986 2341 3166 2389 mente
3191 2335 3375 2404 agitet,
3406 2343 3461 2389 ut
3486 2335 3616 2391 dum

2011 2411 2187 2466 adhuc
2217 2429 2313 2467 cor
2344 2414 2514 2471 fervet
2545 2418 2597 2472 in
2646 2423 2908 2476 memoria
2940 2435 3272 2491 sanctorum,
3321 2431 3490 2499 possit
3523 2431 3615 2486 irae

2011 2504 2226 2559 solvere
2255 2504 2530 2573 duritiem,
2556 2510 2874 2582 mollireque
2902 2518 3248 2585 asperitatem
3276 2528 3331 2574 et
3356 2521 3611 2591 rigorem.

2026 2595 2150 2650 Scio
2194 2598 2338 2667 quod
2392 2609 2671 2670 postquam
2719 2601 2844 2658 hinc
2884 2606 3154 2676 abicritis,
3202 2622 3482 2682 pOSIquam
3511 2631 3612 2686 ego

2012 2702 2230 2744 cessaro
2277 2690 2465 2761 loqui,
2523 2696 2735 2749 etiamsi
2781 2698 2906 2768 quid
2954 2704 3277 2759 remanserit
3321 2707 3516 2762 caloris
3558 2720 3613 2764 et

2014 2782 2258 2847 fert-oris,
2286 2799 2392 2839 non
2418 2794 2621 2841 tantum
2655 2798 2738 2843 est
2762 2801 3016 2860 quantum
3047 2812 3209 2864 nunc,
3241 2799 3367 2853 dttm
3396 2804 3609 2857 auditis.

2015 2871 2070 2927 Si
2103 2874 2223 2975 quis
2269 2890 2418 2945 ergo,
2448 2877 2491 2931 si
2542 2880 2661 2948 quis
2706 2882 2774 2935 sit
2821 2881 3019 2955 frigore
3066 2902 3387 2956 concretus,
3442 2894 3613 2949 Solvat

2015 2968 2262 3033 pruinam
2295 2982 2309 3018 :
2336 2968 2526 3037 pruina
2555 2972 2697 3024 enim
2748 2989 2931 3029 revera
2960 2985 3015 3031 et
3050 2979 3250 3049 glacies
3298 2992 3379 3038 cst
3407 2984 3615 3054 injurize

2013 3069 2247 3129 accepta:
2290 3062 2607 3118 recordatio.
2660 3065 2765 3121 Sed
2812 3070 3124 3126 invocemus
3168 3076 3334 3131 solem
3359 3078 3611 3147 jnstitim,

2014 3164 2269 3220 rogemus
2291 3168 2411 3207 eum
2443 3165 2497 3209 ut
2520 3156 2769 3213 immittat
2798 3162 2980 3217 radios
3005 3180 3019 3231 ;
3054 3174 3234 3222 etnon
3256 3170 3361 3224 erit
3388 3174 3618 3243 amplius

2015 3257 2197 3346 crassa
2228 3247 2443 3315 pruina,
2472 3250 2566 3305 sed
2594 3267 2728 3322 aqua
2756 3257 3024 3324 potabilis.
3060 3258 3113 3313 Si
3148 3261 3282 3331 ignis
3308 3265 3440 3319 solis
3459 3266 3621 3336 justi-

2018 3342 2107 3389 tiaa
2134 3347 2373 3394 nostram
2425 3342 2660 3414 tetigerit
2709 3347 2963 3414 animam,
3012 3351 3145 3406 nihil
3195 3355 3461 3427 relinquet
3490 3373 3620 3413 con-

2014 3441 2247 3497 cretum,
2281 3436 2416 3490 nihil
2441 3436 2656 3504 durum,
2688 3440 2818 3495 nihil
2850 3443 2993 3513 quod
3027 3446 3133 3499 vim
3163 3446 3360 3503 habeat
3386 3452 3574 3507 urendi
3600 3494 3619 3519 ,

2018 3524 2151 3577 nihil
2204 3528 2344 3596 quod
2396 3528 2570 3584 fructu
2610 3544 2793 3587 careat
2824 3553 2836 3588 ε
2865 3537 3042 3589 omnia
3091 3541 3342 3597 ostendet
3366 3553 3571 3599 matura
3604 3589 3617 3610 ,

2016 3617 2197 3670 omnia
2228 3617 2428 3686 dulcia,
2462 3623 2641 3676 omnia
2676 3626 2827 3693 plena
2862 3630 3027 3682 multa
3062 3632 3352 3702 voluptate.
3402 3636 3455 3691 Si
3484 3640 3621 3694 alter

2013 3708 2242 3761 alterum
2275 3710 2561 3783 diligamus
2583 3757 2597 3779 ,
2631 3719 2811 3772 veniet
2842 3720 2933 3776 ille
2982 3738 3198 3794 quoque
3240 3727 3445 3784 radius.
3488 3732 3621 3786 Date

2016 3801 2166 3863 mihi,
2185 3815 2337 3873 rogo,
2359 3814 2415 3859 ut
2444 3822 2566 3861 cum
2610 3822 2859 3881 prompto
2902 3825 2955 3867 et
2982 3817 3146 3870 alacri
3180 3821 3362 3875 animo
3393 3823 3507 3877 haec
3528 3824 3613 3878 di-

2017 3909 2133 3947 cam
2167 3910 2180 3946 :
2217 3894 2375 3953 facite
2402 3905 2459 3951 ut
2488 3900 2700 3955 audiam
2728 3917 2826 3957 vos
2854 3903 2937 3959 his
2981 3909 3162 3964 verbis
3194 3911 3394 3982 aliquid
3428 3916 3609 3983 profe-

2015 3988 2177 4049 cisse,
2212 3994 2269 4042 et
2316 3989 2460 4059 quod
2507 3992 2697 4047 abiens
2727 3996 2990 4065 quiSpiam
3043 4002 3286 4069 protinus
3336 4005 3613 4066 inimicum

2016 4080 2085 4131 sit
2114 4080 2451 4150 complexus,
2481 4083 2669 4139 ambas
2697 4089 3039 4144 conseruerit
3066 4107 3280 4159 manus,
3313 4096 3361 4150 ei
3392 4101 3621 4155 circum-

2018 4170 2170 4228 fusus
2200 4175 2290 4240 sit,
2348 4176 2622 4233 osculatus
2648 4186 2703 4233 et
2743 4180 3128 4253 illacrymatus.
3163 4187 3385 4243 Etiamsi
3418 4192 3510 4247 ille
3559 4197 3621 4248 sit

2018 4262 2153 4332 fera,
2188 4266 2401 4321 etiamsi
2439 4267 2597 4337 lapis,
2626 4271 2834 4326 etiamsi
2866 4275 3114 4343 quodvis,
3146 4277 3215 4331 ab
3244 4278 3346 4335 hac
3373 4282 3616 4354 benigni-

2018 4366 2129 4413 tate
2174 4360 2501 4429 tnitigahitur
2542 4369 2595 4413 et
2639 4375 3004 4421 mansuescet.
3050 4366 3184 4423 Nam
3230 4385 3329 4425 cur
3374 4382 3459 4428 est
3504 4385 3622 4431 tuus

2024 4453 2313 4507 inimicus?
2371 4464 2423 4507 te
2466 4455 2792 4510 contumelia
2839 4458 3063 4515 atl‘ecit?
3100 4462 3196 4518 sed
3250 4465 3452 4522 nullam
3501 4467 3625 4524 fecit

2026 4546 2295 4615 iniuriam.
2338 4546 2443 4601 Sed
2478 4558 2700 4618 propter
2731 4555 2985 4620 pecunias
3015 4556 3250 4628 despicis
3280 4559 3499 4617 fratrem
3527 4580 3626 4635 ge-

2025 4649 2232 4693 rentem
2266 4639 2571 4695 inimicitias
2593 4643 2615 4695 ?
2640 4659 2705 4697 ne
2731 4644 2893 4700 facias
2923 4664 3068 4719 rogo.
3094 4649 3281 4706 Omnia
3310 4654 3583 4710 solvamus
3606 4698 3623 4722 ,

2028 4743 2268 4786 nostrum
2316 4743 2398 4787 est
2428 4743 2638 4806 tempus
2671 4756 2681 4789 :
2718 4752 2783 4792 co
2826 4750 3041 4795 utantur
3071 4752 3127 4795 ut
3170 4755 3402 4812 oportet.
3446 4747 3624 4802 Funes

2028 4838 2373 4899 peccatorum
2443 4832 2793 4888 concidamus
2838 4852 2850 4886 :
2905 4836 3214 4904 priuSquam
3259 4839 3513 4895 abeamus
3561 4843 3628 4897 ad

2025 4922 2307 4991 judicium,
2344 4924 2444 4991 ipsi
2476 4924 2611 4979 alter
2636 4925 2861 4979 altermu
2905 4927 3225 4995 judicemus.
3262 4929 3377 4994 Sol,
3420 4934 3584 5004 inquit
3611 4979 3624 4996 ,

2031 5030 2094 5067 ne
2141 5014 2337 5067 occidat
2376 5030 2531 5082 super
2577 5015 2897 5069 iracundiam
2950 5028 3166 5074 uestram
3212 5019 3379 5093 (Eph.
3425 5025 3479 5079 4.
3510 5025 3626 5097 26).

2033 5106 2202 5161 Nemo
2231 5104 2444 5160 dill'erat
2480 5125 2492 5160 :
2522 5107 2806 5162 dilationes
2839 5111 3053 5177 pariunt
3097 5128 3277 5167 moras
3306 5125 3360 5169 et
3404 5130 3626 5171 cuneta-

2035 5200 2231 5255 tiones.
2265 5199 2319 5255 Si
2370 5199 2530 5253 hodie
2577 5200 2875 5268 distuleris,
2927 5206 3097 5274 magis
3142 5208 3455 5271 erubescis;
3501 5220 3553 5263 et
3584 5212 3626 5263 si

2033 5292 2326 5347 crastinum
2368 5290 2662 5357 addideris,
2713 5293 2887 5363 major
2930 5306 3012 5350 est
3054 5297 3263 5369 pudor;
3298 5308 3346 5355 et
3392 5301 3435 5355 si
3485 5302 3628 5356 diem

2038 5384 2277 5445 tertium,
2306 5383 2482 5438 adlmc
2528 5383 2718 5455 major.
2756 5385 2832 5440 Ne
2862 5402 2962 5440 nos
2991 5387 3137 5458 ipsos
3173 5390 3381 5459 pudore
3421 5391 3623 5445 afficia-

2037 5494 2177 5540 tnus,
2208 5477 2304 5531 sed
2336 5477 2699 5541 remittamus,
2729 5487 2786 5531 ut
2823 5478 2980 5533 nobis
3024 5479 3344 5535 remittatur.
3374 5480 3430 5536 Si
3460 5494 3631 5538 autem

2033 5570 2325 5624 remissum
2352 5569 2532 5636 fuerit,
2563 5571 2743 5624 omnia
2789 5571 3044 5626 caelorum
3073 5573 3212 5627 bona
3243 5587 3636 5643 consequemur

2040 5663 2091 5716 in
2123 5662 2338 5716 Christo
2368 5662 2493 5717 .lesu
2527 5663 2755 5717 Domino
2784 5673 2991 5729 nostro,
3017 5680 3139 5719 cum
3168 5680 3276 5735 quo
3302 5666 3443 5720 Patri
3475 5668 3636 5722 simul

2040 5770 2163 5810 cum
2191 5764 2376 5810 sancto
2405 5755 2609 5827 Spiritu
2650 5756 2843 5826 gloria,
2876 5768 3131 5826 potestas,
3185 5759 3380 5827 honor,
3414 5778 3553 5816 nunc
3581 5772 3635 5817 et

2045 5866 2139 5905 seu
2162 5865 2281 5921 per,
2310 5860 2361 5904 et
2388 5851 2438 5905 in
2466 5851 2662 5907 saecula
2688 5852 3031 5910 saeculorum.
3066 5856 3259 5909 Amen.

3218 5967 3285 6020 9.7
