4140 6490
521 357 622 411 ηδ

1257 364 1312 420 S.
1352 363 1627 423 JOANNIS
1661 365 2134 423 CHRYSOS'I'OMI
2180 365 2492 424 ARCHIEP.
2513 365 3044 424 CONSTANTINOP.

3675 377 3781 433 421

532 475 3320 502 huMW

1917 549 2260 612 HOMlLIA
2304 549 2382 612 V.

509 694 648 745 ’UAP.
679 691 731 744 ι.
768 704 821 743 v.
858 691 906 745 Ι.
935 689 1010 745 De
1036 702 1213 747 ccetero
1238 709 1376 762 ergo.
1407 695 1608 763 fratres,
1632 711 1870 766 rogamus
1927 710 2015 748 vos
2062 704 2114 748 et

593 785 909 840 obsecramus
949 787 1001 840 in
1042 786 1263 842 Domino
1303 787 1449 854 Iesu,
1485 798 1541 842 ut
1563 789 1984 858 quemadmodum
2009 804 2101 842 ac-

594 879 796 946 cepistis
825 895 855 931 a
885 881 1026 933 nobis
1068 881 1320 950 quomodo
1362 891 1592 949 oporteat
1629 897 1714 935 vos
1751 881 2012 935 ambulare
2055 889 2102 933 et

588 971 796 1037 placere
847 971 973 1036 Deo,
1025 973 1100 1026 sic
1140 982 1185 1025 et
1230 973 1495 1028 ambuletis
1524 985 1579 1027 ut
1607 973 1870 1027 abundetis
1917 973 2100 1042 magis.

595 1062 652 1117 2.
684 1063 842 1118 Scitis
871 1065 1003 1117 enim
1031 1081 1144 1133 qua:
1169 1075 1420 1134 prtccepta
1465 1065 1688 1118 dederim
1733 1065 1869 1118 vobis
1895 1080 1984 1130 per
2007 1061 2102 1113 ,1ο-

596 1172 710 1210 sum
759 1154 1034 1211 Christum.
1086 1158 1139 1211 5.
1199 1156 1323 1210 Iltec
1371 1165 1442 1211 est
1490 1166 1660 1210 autem
1703 1155 1934 1210 uoluntas
1981 1152 2103 1218 Dei,

597 1247 932 1314 sanctiﬁcatio
958 1257 1137 1301 vestra.

598 1338 656 1392 1.
687 1337 978 1407 Postquam
1007 1338 1058 1392 in
1091 1339 1155 1393 iis
1177 1354 1298 1408 qua:
1328 1337 1586 1408 urgebant
1614 1345 1664 1392 et
1695 1353 1813 1408 qua:
1844 1345 2000 1391 erant
2051 1337 2103 1390 in

535 1428 780 1483 manibus
829 1430 1141 1484 itnmoratus
1192 1441 1292 1495 est,
1348 1446 1409 1485 ea
1457 1431 1710 1498 deinceps
1757 1444 2106 1500 aggressurus

529 1536 648 1589 quae
674 1529 1102 1591 suntperpetua,
1144 1529 1197 1575 et
1225 1537 1344 1589 qua:
1387 1537 1598 1589 semper
1642 1521 1827 1576 audire
1871 1530 2102 1589 oportet,

532 1611 801 1679 prazmittit
848 1611 950 1666 hoc
991 1611 1230 1676 verbum,
1280 1610 1356 1665 De
1390 1622 1588 1666 cetera.
1614 1611 1728 1666 Hoc
1755 1621 1856 1675 est,
1883 1611 2107 1682 Semper

529 1707 744 1777 quidem
775 1719 830 1763 et
854 1723 1112 1778 perpetuo
1153 1723 1250 1764 vos
1280 1723 1530 1779 rogamus
1567 1716 1622 1762 et
1665 1708 2010 1763 obsecramus
2055 1708 2106 1762 in

533 1800 781 1855 Domino.
833 1801 1023 1870 Papae!
1073 1816 1140 1856 ne
1186 1800 1252 1855 ad
1296 1800 1586 1872 rogandum
1629 1800 1840 1870 quidem
1885 1816 1944 1854 se
1983 1799 2111 1856 dicit

529 1905 650 1946 esse
697 1891 802 1946 fide
845 1891 1104 1962 dignum:
1153 1907 1474 1962 quamquam
1518 1891 1639 1961 quis
1687 1899 1804 1946 erat
1844 1891 1978 1946 adeo
2007 1891 2110 1946 fide

534 1983 762 2054 dignus?
801 1983 894 2038 sed
941 1981 1210 2038 Christum
1255 1984 1499 2037 assumit.
1536 1983 1636 2038 Per
1681 1983 1870 2049 Deum,
1915 1982 2106 2054 inquit,

534 2093 630 2132 vos
670 2093 919 2146 rogamus
963 2085 1018 2132 et
1064 2077 1451 2132 obsecramus:
1503 2076 1605 2130 hoc
1652 2077 1793 2131 enim
1847 2075 1947 2131 sibi
2001 2077 2112 2131 vult

532 2168 686 2234 illud,
715 2167 782 2222 In
811 2168 1050 2224 Domino.
1083 2167 1232 2235 Quod
1261 2168 1422 2222 etiam
1450 2166 1662 2222 dicebat
1682 2166 1747 2221 ad
1765 2164 2106 2221 Corinthios:

534 2260 697 2323 Deus,
729 2259 922 2329 inquit,
954 2274 1040 2312 vos
1065 2259 1288 2312 obsecrat
1321 2274 1408 2327 per
1433 2274 1522 2311 nos
1563 2257 1643 2326 (2.
1662 2257 1781 2313 Cor.
1814 2257 1868 2312 5.
1899 2257 2006 2328 20).
2044 2257 2113 2313 Ut

533 2349 961 2420 quemadmodum
1009 2349 1273 2417 accepistis
1319 2365 1352 2403 a
1389 2349 1552 2403 nobis.
1603 2348 1758 2416 Illud,
1813 2349 2108 2416 Accepistis.

536 2449 758 2494 nonest
794 2439 967 2495 solum
1007 2439 1311 2504 verborum,
1361 2439 1456 2494 sed
1498 2440 1664 2494 etiam
1708 2455 1907 2494 rerum.
1954 2439 2109 2504 Illud,

539 2530 804 2598 Quomodo
859 2539 1088 2601 oporteat
1139 2547 1224 2585 vos
1271 2531 1552 2594 ambulare,
1609 2530 1662 2584 in
1721 2528 1822 2585 hoc
1880 2531 2114 2586 ostendit

533 2636 748 2676 omnem
793 2621 916 2676 vitae
957 2621 1442 2676 conversationem.
1495 2620 1564 2674 Et
1625 2619 1732 2674 Deo
1787 2621 2006 2690 placere,
2061 2633 2113 2675 ut

532 2712 799 2766 abundetis
841 2713 1038 2784 magis;
1082 2711 1185 2767 hoc
1224 2723 1326 2778 est,
1361 2711 1430 2768 Ut
1465 2726 1532 2766 ex
1563 2711 1751 2781 majori
1789 2712 2110 2767 abundantia

533 2819 640 2858 non
677 2803 877 2858 sistatis
901 2817 1072 2873 usque
1103 2801 1168 2856 ad
1204 2801 1471 2866 mandata,
1502 2801 1598 2858 sed
1627 2817 1691 2857 ea
1731 2805 2063 2872 exsuperetis
2097 2822 2111 2858 :

534 2895 637 2951 hoc
658 2903 742 2949 est
766 2894 908 2948 enim
937 2893 1084 2958 illud,
1117 2892 1184 2948 Ut
1208 2893 1488 2947 abundetis.
1517 2892 1648 2947 Nam
1680 2893 1732 2947 in
1759 2893 2114 2964 praecedenti-

536 2989 634 3041 bus
657 2984 844 3040 solida:
877 2999 1064 3040 eorum
1113 2985 1233 3039 lidei
1277 2994 1481 3055 gratam
1527 2993 1583 3039 et
1625 2995 1902 3054 acceptam
1954 2986 2116 3042 habet

533 3077 938 3132 admirationem
964 3093 979 3141 ;
1009 3073 1097 3130 hic
1125 3085 1304 3130 autem
1333 3077 1492 3130 vitam
1517 3079 1809 3145 componit.
1836 3077 1950 3134 Hoc
1970 3080 2112 3134 enim

533 3177 618 3224 cst
637 3167 927 3237 profectus,
951 3167 1111 3222 etiam
1130 3182 1454 3236 exsuperare
1477 3169 1721 3223 mandata
1741 3180 1794 3225 et
1804 3182 2072 3243 praecepta
2095 3192 2112 3229 ε

533 3274 639 3312 non
661 3258 804 3313 enim
843 3257 1073 3328 amplius
1114 3272 1182 3311 ex
1223 3257 1483 3312 doctrina:
1529 3260 1867 3325 necessitate,
1914 3263 2006 3318 sed
2047 3279 2111 3319 ex

535 3349 687 3405 liberi
729 3349 934 3404 arbitrii
981 3349 1244 3404 electione
1290 3348 1347 3403 lit
1391 3350 1726 3406 universum.
1770 3353 1920 3409 Sicut
1969 3355 2110 3410 enim

533 3451 734 3496 terram
777 3455 884 3494 non
928 3439 1101 3493 solum
1141 3448 1354 3508 oportet
1381 3439 1522 3496 ferre
1553 3441 1698 3510 jacta
1729 3454 2001 3500 sementa:
2034 3447 2114 3502 sic

531 3533 694 3588 etiam
732 3531 964 3586 animam
1012 3539 1223 3600 Oportet
1268 3517 1374 3586 non
1415 3546 1584 3602 usque
1622 3534 1688 3589 ad
1730 3551 1790 3591 ea
1819 3537 2109 3593 subsistere

531 3641 652 3694 qua:
679 3632 806 3680 sunt
829 3637 1036 3694 sparsa,
1084 3621 1178 3677 sed
1207 3623 1366 3677 etiam
1393 3638 1738 3694 exsuperare.
1787 3626 1950 3684 Vides
1989 3645 2110 3684 eum

533 3718 724 3774 merito
765 3716 968 3772 dixisse
1004 3716 1370 3784 exsuperare?
1406 3715 1538 3771 Nam
1578 3717 1628 3771 in
1660 3717 1775 3774 haec
1805 3718 1912 3774 duo
1941 3721 2111 3775 divisa

531 3819 618 3866 est
642 3810 839 3875 virtus,
863 3823 1055 3877 nempe
1083 3808 1351 3863 declinare
1372 3823 1400 3862 a
1423 3809 1584 3878 malo,
1611 3819 1665 3866 et
1686 3811 1862 3868 facere
1888 3814 2108 3871 bonum.

533 3903 650 3958 Non
703 3901 846 3957 enim
892 3899 1090 3955 sufficit
1130 3915 1373 3956 recessus
1418 3917 1448 3955 a
1488 3902 1630 3958 malo
1668 3904 1733 3958 ad
1773 3906 2110 3976 adeptionem

533 3992 766 4055 virtutis,
811 3991 908 4048 sed
955 4000 1038 4046 est
1076 3991 1292 4061 quidem
1335 3994 1417 4046 via
1442 4003 1496 4048 et
1519 3994 1726 4049 initium
1753 3996 1876 4051 illuc
1905 3999 2108 4066 ferens;

530 4097 668 4155 opus
693 4092 777 4138 est
806 4091 986 4138 autem
1016 4082 1168 4137 nobis
1197 4083 1358 4138 etiam
1390 4099 1580 4156 magna
1619 4086 1782 4141 animi
1813 4089 2105 4146 alacritate.

528 4176 662 4242 ρυω
700 4182 825 4229 sunt
865 4172 1080 4243 quidem
1127 4173 1373 4242 fugienda
1415 4173 1541 4230 dicit
1569 4175 1650 4231 eis
1673 4186 1940 4250 tamquam
1970 4197 2109 4250 prae-

527 4273 684 4336 cepta
709 4272 766 4318 et
790 4262 1020 4318 merito:
1055 4277 1176 4316 naut
1209 4263 1323 4317 haec
1346 4263 1562 4332 quidem
1599 4267 1643 4320 si
1686 4266 1834 4336 fiant,
1881 4271 2111 4327 afferunt

529 4354 886 4424 supplicium;
935 4352 981 4406 si
1023 4367 1128 4407 non
1183 4353 1313 4408 fiant
1363 4364 1564 4420 autem,
1619 4358 1818 4413 nullam
1875 4362 2104 4417 laudem.

528 4448 657 4514 Quae
682 4453 858 4499 autem
886 4443 952 4499 ad
983 4443 1231 4498 virtutem
1259 4445 1544 4513 pertinent,
1569 4455 1626 4499 ut
1649 4446 1926 4505 effundere
1951 4467 2112 4522 pecu-

530 4539 667 4604 nias,
687 4544 741 4591 et
764 4550 1110 4606 quaecumque
1133 4546 1257 4590 sunt
1274 4535 1598 4605 hujusmodi,
1624 4554 1727 4592 non
1750 4552 1893 4608 sunt,
1915 4542 2107 4613 inquit,

530 4627 880 4697 inpraeceptis
909 4626 1315 4692 constituenda;
1345 4626 1439 4681 sed
1468 4627 1632 4698 quid?
1674 4629 1775 4693 Qui
1811 4641 1970 4699 potest
2017 4651 2108 4688 ca-

529 4735 667 4786 pere,
689 4719 860 4786 capiat
887 4715 1098 4787 (Matth.
1131 4717 1221 4771 i9.
1248 4715 1360 4786 12).
1399 4716 1496 4771 Est
1519 4733 1652 4789 ergo
1675 4721 1966 4778 verisimile
1987 4740 2106 4779 eum

528 4827 650 4865 cum
711 4811 878 4864 multo
935 4811 1128 4864 timore
1177 4819 1231 4863 et
1277 4820 1507 4864 tremore
1555 4812 1632 4866 eis
1685 4815 2025 4883 praecepisse,
2058 4831 2112 4873 et

531 4917 625 4971 per
675 4900 771 4955 has
816 4901 997 4955 literas
1043 4901 1122 4953 eis
1170 4901 1220 4953 in
1267 4902 1577 4956 memoriam
1633 4918 1918 4960 revocasse
1962 4908 2105 4963 illam

532 4993 802 5062 pietatem.
827 4990 1184 5058 Quamobrem
1212 5007 1271 5045 ea
1303 5006 1405 5044 non
1439 4993 1608 5061 ponit,
1637 4994 1732 5049 sed
1761 4995 1866 5051 illis
1893 5013 2111 5056 revocat

531 5086 583 5139 in
645 5085 977 5138 memoriam.
1036 5082 1189 5138 Scitis
1245 5083 1397 5146 enim,
1454 5086 1647 5156 inquit,
1693 5104 1807 5156 qua:
1855 5106 2108 5162 praecepta

536 5175 669 5230 tabis
695 5174 918 5228 dederim
943 5190 1032 5243 per
1059 5173 1331 5227 Dominum
1362 5185 1588 5228 nostrum
1626 5175 1804 5233 Iesum
1829 5181 2103 5238 Christum.

532 5265 660 5321 Ilaec
680 5277 750 5321 est
769 5275 937 5320 autem
960 5266 1190 5319 uoluntas
1220 5265 1337 5332 Dei,
1381 5269 1709 5335 sanctiﬁcatio
1751 5283 1934 5330 vestra.
1977 5274 2109 5333 Vide

531 5369 707 5412 autem
746 5357 1014 5428 quomodo
1057 5357 1125 5412 de
1160 5357 1300 5411 nulla
1344 5373 1404 5411 re
1447 5357 1550 5411 alia
1606 5367 1712 5413 tam
1764 5362 2108 5421 vehementer

528 5450 758 5504 obscure
785 5460 838 5504 et
863 5449 1196 5518 :enigmatice
1239 5448 1504 5517 loquitur,
1549 5465 1706 5520 quam
1745 5452 1812 5508 de
1858 5457 1957 5510 hac
2001 5473 2103 5512 re:

533 5539 667 5593 sicut
687 5540 847 5595 etiam
891 5540 1084 5593 alicubi
1129 5540 1367 5594 scribens
1407 5540 1572 5594 dicit:
1620 5539 1809 5596 Pacem
1849 5550 2106 5603 sectemini

533 5645 649 5682 cum
671 5631 901 5685 omnibus
930 5640 978 5684 et
995 5631 1463 5699 saneti/icationem,
1495 5630 1602 5684 sine
1626 5648 1726 5701 qua
1752 5650 1899 5690 nemo
1925 5635 2103 5692 Domi-

533 5736 652 5772 num
685 5722 868 5775 videbit
907 5721 1088 5792 (llebr.
1123 5724 1204 5776 12.
1240 5725 1349 5792 Η).
1388 5725 1450 5776 Et
1474 5725 1599 5792 quid
1630 5727 1840 5793 miraris
1865 5730 1908 5784 si
1939 5731 2102 5787 disci-

539 5809 671 5878 pulis
697 5810 762 5866 de
791 5810 889 5864 hoc
919 5809 1111 5879 ubique
1132 5813 1334 5877 scribit,
1359 5828 1476 5866 rum
1499 5814 1656 5869 etiam
1679 5816 1743 5872 ad
1767 5817 2100 5876 Timotheum

2213 692 2454 747 scribens
2493 693 2736 749 diceret:
2769 689 3008 765 Teipsum
3045 708 3240 752 castum
3278 703 3473 756 custodi
3538 705 3617 775 (1.
3656 705 3790 762 Tim.

2209 783 2264 838 5.
2314 779 2523 854 22)?ln
2564 785 2794 840 secunda
2837 800 3048 857 quoque
3092 785 3329 859 Epistola
3370 793 3438 848 ad
3483 793 3794 855 Corinthios

2205 875 2468 940 scribens,
2497 875 2710 932 dicebat
2739 894 2753 930 ε
2786 876 2851 931 In
2878 879 3143 934 tolerantia
3171 880 3354 951 multa,
3386 887 3439 940 in
3457 888 3693 958 jejuniis,
3746 904 3795 945 et

2209 967 2437 1020 castitate
2466 966 2543 1036 (2.
2571 967 2688 1023 Cor.
2717 968 2770 1024 6.
2802 970 2857 1024 εἰ.
2891 969 2966 1040 6).
2999 970 3066 1025 Ει
3096 975 3278 1029 multis
3310 977 3360 1031 in
3401 979 3532 1034 locis
3567 979 3671 1038 hoc
3715 983 3795 1038 in-

2211 1057 2442 1124 veneris,
2471 1070 2522 1114 et
2549 1059 2600 1113 in
2625 1060 2859 1131 Epistola
2888 1063 2954 1117 ad
2986 1063 3277 1134 Romanos,
3303 1079 3355 1124 et
3380 1072 3595 1142 ubique,
3637 1085 3688 1129 et
3737 1076 3788 1130 iu

2208 1150 2456 1204 omnibus
2508 1151 2769 1221 epistolis.
2823 1151 3035 1209 Revera
3080 1158 3222 1212 enim
3272 1163 3521 1217 omnibus
3566 1166 3790 1220 exitium

2208 1239 2364 1295 affert
2406 1241 2506 1296 hoc
2535 1243 2731 1297 malum
2761 1263 2775 1302 :
2804 1255 2858 1299 ct
2885 1247 3023 1301 sicut
3051 1265 3243 1318 porcus
3273 1252 3385 1308 luto
3417 1255 3625 1324 plenus.
3652 1275 3790 1329 quo-

2209 1346 2437 1400 cumque
2485 1332 2754 1402 ingressus
2803 1334 2962 1391 fuerit
3005 1341 3186 1394 omnia
3239 1343 3424 1412 implet
3471 1345 3682 1413 faetore,
3737 1362 3790 1404 et

2209 1435 2400 1475 sensus
2429 1422 2614 1491 implet
2637 1435 2908 1480 stercore:
2941 1428 3010 1481 ita
3037 1433 3196 1484 etiam
3217 1435 3502 1500 scortatio;
3533 1450 3614 1492 est
3645 1440 3790 1493 enim

2211 1512 2408 1565 malum
2435 1513 2580 1582 quod
2612 1513 2830 1570 difficile
2865 1527 3039 1586 potest
3074 1518 3203 1574 elui.
3241 1525 3466 1588 Quando
3485 1538 3660 1582 autem
3689 1526 3792 1585 hoc

2211 1601 2372 1656 etiam
2418 1602 2615 1656 faciunt
2652 1603 2812 1674 aliqui
2853 1607 2941 1675 qui
2983 1608 3180 1664 habent
3223 1627 3438 1682 uxores,
3484 1628 3678 1685 quanta
3709 1633 3792 1674 est

2211 1691 2633 1748 deformitas?!»
2666 1693 2791 1749 Haec
2833 1707 2906 1750 est
2945 1708 3134 1762 autem,
3181 1699 3372 1771 inquit,
3419 1707 3653 1761 voluntas
3701 1706 3793 1762 Dei

2210 1785 2546 1853 sanctiﬁcatio
2567 1796 2752 1854 vestra,
2786 1798 2841 1840 ut
2861 1788 3154 1847 abstineatis
3181 1794 3244 1847 ab
3267 1797 3407 1850 omni
3435 1800 3788 1868 fornicatione.

2212 1872 2371 1928 Multa
2417 1885 2541 1930 sunt
2577 1878 2719 1932 enim
2756 1894 2953 1948 genera
2995 1883 3440 1955 intemperantiae,
3472 1893 3792 1961 multiplices

2213 1977 2268 2023 et
2285 1970 2446 2023 varia:
2466 1970 2764 2042 voluptates
2783 1974 3010 2029 lasciviae
3032 1986 3085 2032 et
3103 1978 3508 2053 libidinis,.quas
3525 2002 3590 2040 ne
3612 1986 3794 2044 dicere

2214 2061 2430 2131 quidem
2460 2071 2542 2116 est
2569 2064 2864 2119 tolerabile.
2895 2065 3028 2121 Cum
3055 2079 3232 2124 autem
3269 2071 3510 2137 dixisset.
3544 2077 3617 2130 Ab
3658 2083 3795 2133 omni

2215 2152 2569 2223 fornicatione,
2601 2169 2718 2209 eam
2748 2155 3002 2226 relinquit
3027 2159 3092 2212 iis
3111 2161 3201 2230 qui
3225 2173 3422 2217 norunt
3447 2186 3460 2220 :
3487 2167 3542 2220 4.
3569 2167 3637 2220 Ut
3665 2171 3792 2223 sciat

2216 2247 2554 2316 unusquisque
2582 2259 2796 2302 vestrum
2822 2265 2908 2304 vas
2938 2268 3083 2306 suum
3119 2256 3374 2324 possidere
3411 2258 3464 2311 in
3503 2261 3793 2328 sancti/ica-

2215 2337 2350 2391 tione
2387 2349 2434 2392 et
2461 2339 2648 2392 honore
2671 2355 2689 2392 :
2717 2341 2770 2394 5.
2797 2358 2899 2394 non
2930 2343 2980 2394 in
3013 2346 3244 2412 passione
3279 2348 3534 2415 desiderii,
3572 2351 3699 2404 sicut
3745 2361 3792 2404 et

2215 2436 2384 2498 gentes
2429 2444 2542 2498 quae
2585 2429 2822 2499 ignorant
2880 2429 3062 2485 Deum.
3102 2432 3167 2488 Ut
3210 2436 3358 2503 sciat,
3403 2437 3593 2508 inquit,
3639 2457 3793 2494 unus-

2215 2517 2422 2586 quisque
2452 2529 2665 2572 vestrum
2691 2535 2778 2573 vas
2813 2537 2959 2574 suum
2987 2524 3261 2591 possidere.
3295 2525 3404 2582 Res
3432 2538 3514 2582 est
3555 2544 3685 2600 ergo
3713 2530 3797 2584 di-

2215 2609 2448 2678 ciplinte,
2471 2620 2633 2680 aulae
2655 2612 2789 2666 adeo
2808 2628 3032 2682 magnae,
3055 2630 3122 2670 ne
3150 2616 3506 2674 lasciviamus.
3534 2621 3640 2675 Nos
3668 2638 3795 2691 ergo

2218 2700 2270 2754 id
2315 2701 2666 2770 possidemus,
2711 2704 2926 2772 quando
2955 2706 3210 2760 manserit
3243 2709 3497 2764 tuundutn
3527 2719 3581 2766 et
3617 2723 3700 2767 est
3742 2714 3792 2766 in

2216 2790 2639 2848 sanctificatione
2663 2809 2676 2846 :
2704 2807 2824 2848 cum
2855 2805 3034 2850 autem
3057 2806 3142 2852 est
3167 2798 3520 2864 immundum,
3554 2804 3792 2871 possidet

2217 2893 2525 2955 peccatum;
2556 2895 2610 2940 et
2644 2888 2859 2940 merito.
2899 2887 3014 2942 Non
3057 2890 3200 2944 enim
3235 2891 3363 2946 facit
3393 2894 3526 2948 ultra
3557 2913 3675 2966 qua:
3707 2913 3795 2952 vo-

2219 2975 2416 3042 lumus,
2472 2976 2567 3030 sed
2618 2977 2912 3046 qum.illud
2960 2979 3204 3049 imperat.
3264 2982 3385 3038 Non
3437 2987 3490 3040 in
3539 2990 3794 3057 passione,

2219 3068 2410 3138 inquit,
2456 3070 2708 3122 desiderii.
2767 3069 2864 3126 Hic
2915 3073 3150 3128 ostendit
3204 3076 3366 3130 etiam
3417 3081 3633 3136 modum
3685 3099 3793 3153 quo

2217 3171 2431 3232 Oportet
2457 3178 2577 3217 esse
2607 3172 2984 3233 temperantes,
3017 3174 3075 3220 ut
3105 3178 3411 3237 amputetur
3438 3184 3614 3228 motus
3644 3176 3791 3230 desi-

2217 3256 2372 3312 derii.
2421 3256 2632 3311 Delicim
2672 3259 2814 3312 enim
2850 3269 2904 3314 et
2947 3259 3167 3325 divitiae,
3211 3264 3478 3332 socordia,
3518 3269 3793 3337 segnities,

2215 3350 2406 3416 Otium,
2449 3360 2503 3404 et
2534 3349 2648 3405 hcce
2677 3354 2877 3416 omnia,
2915 3369 3014 3408 nos
3053 3354 3120 3409 ad
3159 3356 3450 3414 absurdum
3488 3372 3539 3415 et
3571 3379 3793 3432 pravum

2216 3440 2484 3495 deducunt
2528 3441 2871 3496 desiderium.
2928 3445 3073 3499 Sicut
3116 3457 3162 3499 et
3208 3459 3400 3518 gentes,
3451 3453 3638 3522 inquit,
3682 3472 3795 3526 qua

2217 3532 2453 3601 ignorant
2473 3531 2660 3588 Deum.
2693 3535 2824 3589 Nam
2855 3535 2958 3590 illa:
3001 3537 3214 3606 quidem
3257 3551 3382 3594 sunt
3415 3543 3566 3608 tales,
3596 3560 3792 3614 exspe-

2217 3631 2424 3678 ctantes
2449 3624 2680 3678 futurum
2705 3636 2758 3678 ut
2786 3624 2913 3680 dent
2934 3641 3138 3695 poenas.
3179 3628 3232 3683 6.
3278 3629 3342 3683 Et
3373 3649 3435 3685 ne
3467 3636 3580 3703 quis
3615 3653 3795 3705 ευμεν-

2218 3717 2516 3787 grediatur,
2547 3730 2707 3782 neque
2726 3716 3083 3770 circumueniat
3108 3719 3159 3771 in
3178 3723 3375 3790 negotio
3395 3727 3603 3793 fratrem
3624 3744 3791 3784 suum.

2285 3807 2338 3861 2.
2366 3806 2531 3861 Recte
2557 3806 2712 3870 dixit,
2738 3805 2822 3860 Ne
2847 3811 3265 3879 supergrediatur
3286 3828 3306 3867 :
3339 3817 3623 3887 unicuique
3647 3821 3790 3876 enim

2219 3897 2358 3952 Deus
2387 3897 2570 3952 tribuit
2605 3913 2847 3962 uxorem,
2879 3908 2934 3954 et
2961 3912 3164 3956 natura:
3195 3907 3473 3960 constituit
3513 3913 3719 3965 termin:
3743 3927 3788 3978 s,

2217 4001 2408 4056 nempe
2450 4003 2570 4042 cum
2612 4003 2717 4042 una
2762 3989 3126 4046 concubitum.
3172 3992 3529 4060 Quamobrem
3575 4001 3620 4054 si
3669 4016 3790 4058 cum

2215 4079 2380 4132 altera
2427 4081 2742 4136 coincubitus
2785 4091 2866 4136 cst
2914 4086 3286 4152 transgressio,
3337 4098 3391 4142 et
3432 4089 3793 4162 latrocinium,

2214 4179 2269 4223 ct
2304 4170 2478 4236 fraus;
2523 4171 2630 4226 imo
2669 4188 2797 4227 vero
2838 4183 2920 4227 est
2964 4177 3181 4242 gravior
3228 4193 3441 4247 qucque
3486 4181 3792 4242 latrocinio.

2216 4259 2329 4315 Non
2360 4262 2501 4315 enim
2537 4261 2672 4316 adeo
2701 4263 2946 4322 dolemus
2990 4265 3033 4318 si
3057 4277 3254 4322 nostrae
3281 4269 3596 4326 auferuntur
3623 4291 3794 4344 pecu-

2217 4352 2337 4418 uite,
2385 4361 2440 4406 ut
2467 4353 2510 4407 si
2546 4365 2785 4406 nostrum
2829 4357 3216 4411 niatrimoniale
3243 4361 3570 4428 pet-fodiatur
3595 4369 3792 4424 cubile.

2214 4441 2453 4496 Fratrem
2483 4457 2660 4506 vocas,
2695 4453 2749 4496 et
2772 4448 3157 4512 peravaritiam
3191 4450 3386 4506 damno
3408 4457 3596 4523 allicis,
3629 4461 3792 4516 etiam

2214 4531 2266 4585 in
2317 4531 2379 4585 iis
2422 4533 2474 4584 in
2509 4533 2702 4601 quibus
2742 4548 2846 4586 non
2888 4538 3131 4604 oportet?
3161 4538 3256 4592 llic
3288 4545 3518 4612 loquitur
3546 4549 3613 4602 de
3641 4553 3794 4605 adul-

2215 4628 2383 4689 terio;
2413 4625 2657 4692 superius
2685 4634 2862 4680 autem
2887 4625 2955 4682 de
2975 4630 3117 4684 omni
3149 4637 3473 4691 scortatione
3502 4651 3596 4694 seu
3621 4640 3792 4697 forni-

2213 4720 2442 4773 catione.
2465 4718 2596 4774 Nam
2626 4721 2872 4789 quoniam
2901 4732 3016 4776 erat
3034 4724 3271 4780 dicturus
3295 4725 3512 4785 fratrem
3542 4749 3645 4788 non
3671 4751 3794 4792 esse

2213 4811 2741 4880 supergredieudutn,
2791 4829 2961 4882 neque
3005 4831 3102 4886 per
3135 4820 3408 4875 avaritiam
3453 4823 3648 4880 damno
3676 4831 3793 4882 alli-

2213 4903 2495 4970 ciendum,
2525 4904 2602 4958 sic
2641 4904 2890 4973 prmfatur
2923 4924 2936 4960 :
2962 4907 3039 4962 Ne
3080 4909 3354 4967 existimes
3374 4955 3390 4980 ,
3425 4916 3617 4985 inquit,
3647 4925 3792 4990 quod

2215 4995 2328 5048 haec
2351 4996 2524 5048 solum
2555 4993 2726 5049 dicam
2755 4995 2824 5051 de
2850 4997 3045 5064 fratre;
3077 5002 3171 5055 sed
3197 5019 3368 5073 neque
3399 5008 3620 5063 aliorum
3655 5029 3792 5066 uxu-

2213 5102 2320 5154 rcs,
2352 5101 2524 5157 neque
2568 5102 2660 5142 eas
2703 5104 2820 5158 qua:
2864 5099 3046 5144 carent
3073 5093 3298 5157 maritis,
3328 5113 3499 5167 neque
3544 5116 3791 5156 comnm-

2214 5195 2307 5234 nes
2336 5182 2532 5253 habere
2569 5192 2797 5252 Oportet.
2831 5181 2914 5236 Ab
2954 5185 3097 5238 omni
3137 5185 3483 5245 fornicatione
3519 5194 3792 5249 abstinere

2213 5282 2459 5342 oportet:
2494 5273 2612 5328 ideo
2651 5274 2818 5329 dicit:
2855 5277 3103 5343 Quoniam
3141 5280 3324 5334 vindex
3351 5293 3425 5337 est
3455 5283 3699 5341 Dominus
3728 5294 3792 5342 tle

2212 5363 2290 5417 his
2310 5363 2557 5416 omnibus.
2587 5363 2816 5434 Rogavit
2840 5381 2932 5420 eos
2957 5368 3203 5435 primum,
3242 5377 3294 5425 et
3322 5375 3578 5441 pudorem
3608 5378 3786 5431 incus-

2212 5457 2307 5521 sit,
2337 5456 2540 5520 diCens,
2572 5457 2719 5512 Sicut
2755 5469 2800 5511 et
2844 5470 3013 5529 gentes
3043 5478 3062 5516 :
3088 5463 3280 5520 deinde
3307 5469 3601 5524 rationibus
3629 5488 3788 5542 quam

2210 5563 2371 5621 prava
2398 5559 2450 5602 et
2473 5547 2698 5604 absurda
2722 5565 2810 5604 res
2839 5554 2908 5604 sit
2926 5554 3179 5622 ostendit,
3221 5559 3362 5626 quod
3391 5576 3486 5630 per
3509 5564 3784 5619 avaritiam

2211 5641 2376 5696 frater
2412 5640 2608 5696 damno
2635 5642 2916 5698 afficiatur.
2950 5646 3212 5718 Deinceps
3250 5651 3518 5724 subjungit
3562 5655 3612 5708 id
3643 5657 3783 5726 quod

2209 5743 2290 5789 est
2315 5743 2472 5803 caput
2491 5743 2546 5789 et
2572 5749 2777 5788 summa
2807 5737 2882 5792 rei
2911 5756 2922 5790 :
2946 5739 3195 5805 Quoniam
3225 5743 3408 5798 uindex
3435 5756 3508 5798 est
3537 5745 3784 5803 Dominus

2212 5830 2274 5880 de
2310 5827 2385 5881 his
2431 5827 2680 5892 omnibus,
2727 5829 2852 5882 sicut
2894 5832 3219 5899 pru'diarimus
3269 5837 3404 5890 uol-is
3432 5848 3488 5900 et
3532 5839 3783 5908 testiﬁcati
