4140 6486
342 400 448 457 £25

342 529 534 570 sumus.
564 510 748 581 Neque
768 509 911 565 enim
942 510 1158 581 impune
1186 512 1300 568 hinc
1322 529 1563 583 agemus.
1589 530 1763 583 neque
1789 524 1931 568 tanta

341 607 581 660 fruemur
616 603 892 674 voluptate
935 613 1192 675 quantum
1236 606 1533 662 subibimus
1587 608 1931 677 supplicium.

339 699 394 751 '1.
427 693 552 750 Non
581 696 717 748 enim
748 697 941 749 vocavit
972 713 1065 750 nos
1098 696 1232 752 Deus
1254 699 1306 751 in
1336 696 1729 765 immunditiam,
1762 700 1853 752 sed
1880 699 1937 752 in

341 789 817 857 sanctiﬁcationem.
851 774 1378 855 Quoniam'dixerat,
1416 790 1675 856 Fratrem,
1715 803 1769 847 et
1802 793 1932 848 sub-

336 885 587 950 jnnxerat
608 882 774 937 Deum
793 897 915 937 esse
933 882 1220 949 vindicem,
1239 883 1532 940 ostendens
1554 886 1694 954 quod
1722 887 1931 940 etiamsi

342 978 441 1029 hoc
464 989 654 1042 passus
686 975 843 1028 fuerit
870 974 1122 1040 inﬁdelis,
1151 990 1339 1045 ptnnas
1380 975 1528 1031 dabit
1576 976 1621 1031 is
1668 977 1753 1046 qui
1786 976 1932 1040 fecit,

344 1070 409 1121 ita
436 1065 616 1123 dixit:
641 1065 759 1120 Non
786 1066 935 1120 illum
966 1066 1247 1122 vindicans
1276 1078 1327 1121 te
1355 1069 1527 1139 punit,
1558 1066 1651 1121 scd
1683 1067 1934 1136 quoniam

345 1161 511 1227 ipsum
569 1158 903 1213 contumelia
952 1156 1214 1212 aﬁecisti:
1246 1158 1358 1228 ipse
1408 1168 1459 1213 te
1511 1158 1767 1212 vocavit:
1812 1172 1935 1210 eum

344 1254 428 1321 qui
505 1263 557 1307 te
630 1252 843 1306 vocavit
921 1250 1146 1306 al't‘eeisti
1223 1252 1570 1306 contumelia.
1645 1251 1935 1319 Propterea

343 1343 613 1412 subjunxit
647 1361 659 1396 :
708 1342 762 1398 8.
806 1340 987 1412 Itaque
1026 1343 1116 1412 qui
1147 1343 1255 1396 hwc
1291 1342 1505 1413 spernit,
1544 1359 1643 1396 non
1684 1342 1939 1395 hominem

344 1438 549 1503 spernit,
599 1435 689 1489 sed
736 1435 917 1501 Deum,
964 1435 1051 1504 qui
1088 1437 1242 1490 etiam
1292 1437 1431 1490 dedit
1479 1435 1741 1505 Spiritum
1787 1452 1939 1489 suum

346 1539 567 1584 Sanctum
614 1535 669 1582 in
698 1528 863 1582 nobis.
891 1528 1255 1596 Quamobrem
1283 1543 1376 1583 seu
1412 1529 1649 1596 reginam
1675 1543 1937 1599 corrupe-

348 1622 433 1686 ris,
489 1637 586 1676 seu
640 1622 894 1679 ancillam
942 1632 1084 1675 tuam
1130 1638 1250 1692 quae
1296 1623 1411 1676 viro
1460 1624 1663 1693 nupsit,
1711 1638 1806 1693 par
1855 1631 1939 1676 est

348 1714 564 1767 crimen.
605 1713 825 1777 Quare?
863 1713 1126 1779 Quoniam
1159 1732 1262 1768 non
1297 1731 1554 1785 personas
1594 1730 1713 1784 quae
1746 1715 1938 1783 injuria

350 1806 648 1859 afﬁciuntur
681 1806 981 1874 ulciscitur,
1008 1806 1101 1859 sed
1132 1808 1406 1876 seipsum:
1438 1816 1493 1861 tu
1520 1808 1661 1861 enim
1688 1807 1941 1860 similiter

353 1912 409 1950 es
459 1896 725 1966 pollutus;
790 1897 959 1951 Deum
1014 1898 1263 1951 similiter
1311 1898 1537 1953 all'eelsti
1588 1898 1933 1952 contumelia.

360 1986 482 2042 Nam
523 2000 577 2044 et
612 1988 716 2044 hoc
743 1998 798 2044 et
828 1989 954 2044 illud
982 2001 1064 2045 est
1094 1992 1439 2056 adulterium,
1474 1993 1593 2059 quia
1637 2000 1693 2046 et
1740 1991 1840 2046 hoe
1886 2000 1941 2046 et

366 2080 497 2134 illud.
512 2092 589 2135 est
620 2082 1049 2139 matrimonium.
1074 2084 1299 2137 Etiamsi
1342 2100 1453 2138 nou
1488 2084 1806 2139 adulterium
1847 2083 1939 2138 ad.-

365 2174 573 2240 miseris,
625 2175 721 2229 sed
780 2176 859 2230 sis
902 2186 1190 2239 scortatus,
1254 2177 1464 2231 etiamsi
1526 2177 1777 2231 maritum
1834 2192 1938 2230 non

359 2262 537 2319 habeat
590 2266 879 2333 meretrix,
942 2266 1080 2321 Deus
1127 2278 1303 2323 tamen
1360 2268 1626 2333 vindicat,
1683 2269 1957 2339 quoniam.

354 2356 575 2426 seipsum
617 2357 897 2413 vindicat:
932 2374 1035 2413 nou
1075 2360 1218 2414 enim
1249 2370 1355 2414 tam
1385 2361 1535 2414 illutn
1564 2376 1725 2431 quam
1772 2360 1940 2415 Deum

352 2448 647 2517 despiciens
685 2450 789 2503 hoc
830 2449 982 2505 facis.
1020 2450 1270 2506 ldautem
1299 2451 1424 2508 hinc
1462 2453 1636 2522 palam
1664 2462 1766 2512 est.
1798 2454 1940 2521 quod

353 2542 501 2596 illum.
528 2543 747 2611 quidem
788 2543 961 2598 latens
990 2544 1139 2611 lacis,
1175 2546 1342 2600 Deum
1373 2558 1552 2601 autem
1601 2561 1705 2601 non
1758 2547 1942 2601 videre

353 2647 453 2701 pra:
482 2642 531 2688 te
560 2632 695 2689 fers.
738 2632 987 2699 Nam,die
1014 2635 1167 2702 mihi,
1197 2635 1241 2689 si
1269 2637 1388 2705 quis
1418 2653 1650 2707 purpura
1682 2639 1750 2691 ab
1774 2638 1943 2707 lmpc-

352 2739 519 2781 ratore
550 2727 826 2796 dignatus,
859 2729 1043 2782 etalio
1069 2728 1275 2783 honore
1304 2730 1553 2798 plurimo,
1584 2739 1637 2785 et
1661 2731 1844 2800 jussus
1867 2730 1943 2784 vi-

353 2834 468 2873 vere
483 2835 582 2889 pro
603 2820 827 2875 honoris
852 2820 1135 2891 dignitate,
1156 2822 1415 2877 recedens
1441 2823 1673 2893 aliquam
1704 2824 1953 2879 vitiasset

352 2912 662 2979 mulierem,
693 2929 979 2983 quemnam
1010 2914 1279 2969 affecisset
1307 2916 1674 2971 contumelia?
1705 2916 1940 2983 illamne,

350 3019 411 3057 an
458 3005 846 3075 Imperatorem
888 3006 979 3076 qui
1016 3005 1199 3061 dedit?
1242 3005 1580 3063 Contumelia
1616 3007 1832 3077 quidem
1868 3010 1946 3060 af-

351 3098 479 3154 fecta
531 3109 617 3154 est
659 3106 716 3154 et
773 3098 885 3163 illa,
934 3099 1030 3154 sed
1080 3116 1185 3154 non
1236 3100 1509 3155 similiter.
1556 3101 1942 3169 Quamobrem,

352 3206 493 3259 rogo,
518 3206 809 3245 caveamus
832 3190 937 3245 hoc
964 3184 1265 3260 peccatum.
1289 3192 1439 3248 Sicut
1459 3192 1601 3246 enim
1624 3208 1721 3247 nos
1746 3208 1947 3248 uxores

353 3282 621 3351 ponimus,
663 3282 879 3352 quando
918 3282 1197 3338 nobiscum
1233 3283 1533 3338 habitantes
1580 3285 1785 3354 seipsas
1828 3285 1947 3339 aliis

353 3373 633 3427 dederint:
669 3374 738 3426 ita
781 3388 1135 3443 nos-quoque
1164 3374 1434 3442 punimur,
1469 3375 1512 3428 si
1542 3391 1649 3430 non
1675 3392 1701 3427 a
1737 3375 1945 3445 legibus

358 3464 839 3537 [Ruinanorum].
885 3482 915 3521 a
959 3467 1069 3522 Deo
1109 3466 1325 3537 quidem
1368 3478 1538 3523 certe.
1583 3469 1797 3524 Etenim
1848 3469 1950 3525 hoc

358 3572 561 3628 quoque
599 3567 695 3613 est.
733 3559 1080 3612 adulterium.
1117 3559 1453 3615 Adulterium
1501 3569 1584 3614 est
1629 3560 1796 3625 enim,
1843 3577 1948 3615 nou

352 3650 520 3704 solum
551 3650 750 3705 si-viro
777 3651 1064 3720 conjuncta
1106 3655 1428 3720 tumchetur,
1466 3654 1561 3708 sed
1591 3655 1753 3709 etiam
1786 3656 1830 3709 si
1865 3656 1951 3710 ille

351 3745 599 3814 alligatus
622 3745 691 3799 sit
710 3745 889 3798 uxori.
912 3745 1111 3799 Exacte
1139 3745 1357 3799 attende
1382 3746 1521 3815 quod
1554 3747 1674 3800 dico
1700 3764 1714 3801 :
1742 3748 1952 3802 etiamsi

352 3838 487 3907 quod
537 3837 738 3891 dicitur
781 3836 965 3890 multis
994 3837 1065 3891 sit
1099 3850 1262 3906 grave
1290 3852 1352 3891 ac
1388 3838 1698 3905 molestum,
1733 3854 1954 3895 necesse

352 3940 432 3985 est
477 3940 664 3985 tamen
712 3929 914 3996 dicere,
965 3938 1024 3983 ut
1071 3928 1127 3983 in
1175 3939 1447 3998 posterum
1487 3931 1795 4001 corrigaris.
1837 3931 1953 3986 Non

352 4024 525 4079 solum
558 4033 644 4080 est
668 4023 1017 4087 adulterium,
1051 4022 1269 4093 quando
1298 4023 1414 4077 viro
1444 4024 1789 4093 eoujunetam
1831 4039 1954 4079 cor-

355 4117 658 4186 rumpimus
696 4114 997 4178 mulierem,
1047 4112 1141 4168 sed
1185 4122 1241 4168 et
1285 4114 1329 4169 si
1377 4114 1599 4169 liberam
1636 4126 1690 4169 et
1722 4116 1955 4170 solutam

354 4208 459 4276 ipsi.
480 4206 690 4275 alligati
722 4206 895 4272 uxori,
927 4221 988 4260 ea
1020 4221 1107 4259 res
1136 4213 1222 4259 est
1250 4204 1596 4260 adulterium.
1626 4206 1762 4274 Quid
1787 4208 1952 4270 enim,

352 4298 401 4350 si
418 4313 546 4368 qua:
565 4296 866 4352 tntechatur
884 4310 989 4350 non
1012 4304 1093 4350 est
1121 4296 1376 4364 alligata?
1409 4299 1478 4349 At
1510 4305 1565 4349 tu
1595 4313 1653 4351 es
1679 4297 1951 4365 alligatus,

353 4391 529 4461 legem
565 4404 627 4443 es
650 4397 1037 4459 transgressus,
1064 4388 1257 4458 injuria
1289 4388 1515 4443 aﬁ'ecisti
1543 4403 1760 4443 carnem
1786 4398 1952 4442 utam.

352 4482 493 4538 Nam
532 4496 654 4548 cur,
699 4479 789 4535 dic
832 4479 983 4545 mihi,
1018 4495 1241 4537 uxorem
1266 4482 1442 4551 punis,
1475 4482 1518 4535 si
1542 4490 1773 4536 scortata
1802 4482 1961 4535 fuerit

352 4590 474 4629 eum
524 4574 749 4629 homine
779 4574 972 4639 libero,
1002 4589 1101 4629 nee
1134 4574 1373 4630 habente
1405 4579 1666 4631 uxorem?
1694 4576 1957 4645 Quoniam

353 4678 437 4723 est
461 4667 813 4723 adulterium.
847 4668 1006 4737 Atqui
1040 4668 1129 4737 qui
1161 4683 1285 4721 eum
1313 4683 1375 4723 ea
1397 4677 1482 4722 est
1514 4679 1803 4731 scortatus,
1853 4684 1957 4722 non

356 4760 522 4816 habet
572 4774 834 4823 uxorem;
883 4758 976 4813 sed
1026 4759 1137 4827 ipsa
1178 4758 1295 4813 viro
1329 4768 1414 4813 est
1455 4761 1690 4830 alligata.
1724 4761 1862 4830 Ergo
1906 4768 1961 4813 tu

352 4866 578 4922 quoque
619 4850 869 4919 alligatus
894 4866 955 4905 es
988 4850 1160 4905 uxori.
1193 4851 1552 4919 Quamobrem
1595 4862 1649 4906 et
1679 4853 1819 4922 quod
1850 4871 1876 4905 a
1912 4863 1962 4909 te

356 4945 432 5005 lit,
460 4951 547 4997 est
573 4941 824 4995 similiter
854 4941 1200 4996 adulterium.
1230 4942 1331 5009 Qui
1361 4942 1573 5003 dimisit,
1606 4943 1798 5012 inquit,
1830 4961 1962 4998 uxo-

354 5051 463 5088 rem
501 5049 653 5088 suam
690 5042 1033 5103 prwterqttam
1068 5031 1425 5103 fornicationis
1466 5048 1643 5098 causa,
1688 5035 1810 5105 facit
1852 5053 1964 5089 eam

355 5124 641 5189 max/tari;
670 5133 717 5178 et
746 5125 832 5193 qui
856 5124 1121 5177 dimissam
1147 5124 1310 5189 ducit,
1341 5122 1619 5177 macltatur
1645 5123 1861 5192 (Matth.
1908 5127 1959 5181 5.

352 5216 475 5285 59.).
516 5216 573 5271 Si
608 5216 655 5270 is
693 5216 781 5285 qui
824 5214 1105 5268 dimissam
1144 5214 1291 5269 ducit
1333 5230 1577 5277 uxorem,
1621 5218 1963 5273 mmehatur:

354 5313 445 5379 qui
477 5320 567 5365 est
591 5325 713 5363 cum
757 5325 851 5363 sua
902 5323 1089 5373 uxore,
1136 5310 1179 5361 si
1233 5310 1377 5364 illam
1425 5312 1742 5379 corrumpit,
1782 5326 1961 5365 annon

356 5403 535 5457 multo
566 5401 738 5471 magis
778 5401 1125 5456 moechatur?
1151 5400 1335 5456 Cuivis
1364 5411 1510 5456 certe
1534 5402 1704 5470 palam
1728 5415 1827 5457 est.
1858 5404 1963 5459 Sed

355 5495 521 5551 vobis
547 5494 767 5563 quidem
800 5494 929 5548 viris
961 5493 1075 5549 haec
1108 5495 1240 5548 satis
1264 5494 1405 5549 dicta
1430 5504 1625 5548 sunto:
1656 5511 1777 5549 nam
1808 5495 1876 5551 de
1898 5496 1962 5550 iis

353 5585 449 5655 qui
502 5594 631 5655 sunt
673 5584 982 5654 lmjusmodi
1030 5584 1281 5640 Christus
1324 5600 1539 5655 quoque
1577 5586 1726 5652 dicit,
1772 5586 1964 5641 Vermis

355 5694 542 5730 eorum
567 5694 669 5731 non
706 5679 970 5742 morietur,
1000 5687 1047 5731 et
1080 5678 1215 5748 ignis
1248 5695 1351 5733 non
1387 5681 1735 5749 exstinguetur
1765 5677 1960 5754 (Marc.

356 5773 412 5822 υ.
454 5768 572 5841 44).
623 5770 851 5839 Promer
874 5770 1101 5841 juvenes
1140 5782 1320 5827 autem
1353 5772 1505 5828 vobis
1531 5772 1713 5829 dicere
1753 5782 1835 5829 est
1866 5790 1963 5829 ne-

356 5878 551 5928 cesse;
604 5864 711 5917 imo
765 5879 869 5918 non
920 5873 1127 5920 tantum
1194 5874 1411 5936 propter
1480 5866 1622 5932 illos,
1698 5876 1958 5938 quantum

1167 396 1231 451 IN
1273 398 1485 453 El’lS'l‘.
1531 399 1569 454 I.
1615 403 1702 456 AD
1742 402 2075 461 TllESSAls.
2118 403 2270 459 CAP.
2316 402 2401 457 IV.
2446 404 2677 460 ll‘OillL.
2726 406 2786 461 V.

3532 425 3633 481 426

2047 528 2262 585 propter
2302 534 2398 573 vos
2432 539 2445 574 :
2478 538 2582 575 non
2626 523 2730 579 illis
2773 527 2937 590 enim,
2989 528 3082 583 sed
3131 532 3279 587 vobis
3312 536 3407 589 ista
3439 551 3635 595 conve-

2042 608 2227 675 niunt;
2260 622 2313 664 et
2334 614 2624 682 quomodo,
2648 616 2759 685 jam
2788 616 2984 674 dicam.
3010 620 3109 689 Qui
3134 638 3240 678 non
3262 626 3450 683 didicit
3479 646 3633 686 scor-

2043 704 2165 767 tari,
2195 719 2261 759 ne
2283 706 2602 763 adulterium
2633 710 2849 779 quidem
2877 713 3012 767 sciet
3040 715 3359 786 admittere;
3393 724 3481 792 qui
3512 739 3633 779 cum

2047 797 2421 851 tneretrieibus
2439 800 2707 857 volutatus
2727 814 2829 866 est,
2848 805 2914 859 ad
2936 805 3038 862 hoc
3059 823 3271 879 quoque
3290 813 3398 869 cito
3418 817 3595 872 veniet
3617 836 3632 883 ;

2041 885 2249 940 etiamsi
2281 904 2383 941 non
2407 905 2530 944 eum
2555 892 2669 946 viro
2699 896 3019 965 conjunctis,
3045 900 3139 955 sed
3162 917 3282 957 cum
3306 905 3495 963 solutis
3520 920 3632 965 stu-

2043 977 2122 1045 pri
2149 977 2365 1034 habebit
2386 983 2847 1040 coosuetudinem.

2112 1069 2166 1125 5.
2208 1071 2347 1137 Quid
2405 1089 2534 1144 ergo
2593 1076 2836 1132 suadeo?
2882 1078 2954 1135 Ut
3010 1081 3217 1139 radices
3272 1089 3630 1156 exscindatis,

2042 1161 2363 1233 quicumque
2407 1164 2543 1220 ﬁlios
2585 1168 2792 1223 habetis
2821 1170 3084 1241 juvenes,
3127 1186 3179 1230 et
3208 1179 3276 1232 ad
3314 1183 3636 1241 mundanam

2045 1252 2204 1305 vitam
2231 1268 2326 1308 eos
2350 1255 2577 1311 etlneitis
2598 1300 2612 1324 ,
2658 1260 2765 1314 cito
2790 1276 2884 1315 eos
2905 1264 3111 1334 jungite
3132 1266 3262 1337 jugo
3293 1274 3639 1331 matrimonii.

2043 1342 2175 1397 Nam
2203 1347 2418 1416 quando
2448 1348 2624 1405 adhuc
2657 1350 2841 1420 juveni
2870 1356 3169 1412 molestiam
3199 1360 3457 1418 exhibent
3500 1366 3642 1421 desi-

2043 1435 2225 1498 deria,
2256 1451 2320 1489 eo
2370 1438 2583 1507 quidem
2628 1451 2869 1511 tempore
2899 1447 3038 1514 quod
3072 1451 3326 1516 praecedit
3374 1456 3644 1510 matrimo~

2046 1527 2214 1593 nium,
2249 1528 2364 1583 illos
2388 1531 2662 1585 continete
2691 1533 3147 1590 admonitionibus
3170 1581 3183 1603 ,
3220 1542 3399 1608 minis,
3433 1549 3645 1600 terrori.

2046 1618 2169 1684 bus,
2204 1620 2501 1689 promissis,
2526 1628 2581 1677 et
2606 1624 2725 1679 aliis
2756 1626 3242 1685 innumerabilibus
3271 1651 3285 1686 :
3316 1635 3368 1688 in
3402 1645 3641 1708 tempore

2045 1718 2220 1764 autem
2248 1713 2571 1767 matrimonii
2604 1731 2763 1769 nemo
2793 1718 3005 1773 differat
3036 1724 3053 1790 (
3086 1739 3209 1777 ecce
3250 1724 3439 1795 loquor
3480 1732 3639 1784 verba

2046 1802 2303 1869 pronuba:
2329 1804 2345 1873 )
2375 1803 2511 1858 ﬁlios
2541 1807 2864 1879 conjungere
2895 1820 2947 1865 et
2969 1815 3245 1878 copulare.
3276 1816 3380 1871 Sed
3418 1835 3503 1875 me
3534 1838 3640 1876 non

2047 1892 2209 1961 pudet
2235 1894 2351 1949 haec
2382 1897 2562 1952 dicere
2593 1916 2605 1949 :
2639 1917 2759 1953 nam
2791 1917 2889 1956 nec
2931 1903 3116 1973 puduit
3168 1906 3389 1963 Paulum
3437 1911 3638 1977 dicere,

2052 1983 2134 2039 Ne
2161 1985 2409 2055 fraudatis
2434 2006 2520 2043 vos
2564 1990 2774 2045 invicem
2804 1994 2821 2062 (
2846 1996 2896 2048 l.
2926 1994 3044 2048 Cor.
3076 1998 3126 2050 7.
3161 1998 3237 2068 5),
3268 2003 3407 2068 quod
3438 2003 3664 2060 videtur-

2048 2077 2308 2146 majorem
2352 2095 2509 2148 quam
2542 2084 2643 2136 hoc
2674 2082 2866 2139 achrre
2899 2087 3155 2154 pudorem
3184 2107 3197 2155 ;
3246 2092 3339 2145 sed
3384 2110 3506 2148 eum
3536 2112 3643 2150 non

2049 2168 2256 2237 puduit.
2288 2169 2402 2223 Non
2458 2172 2599 2225 enim
2647 2176 2803 2227 verba
2858 2176 3121 2246 attendit,
3152 2179 3246 2235 Sed
3289 2197 3375 2236 res
3404 2193 3457 2238 et
3506 2182 3651 2240 facta.

2052 2277 2171 2331 quae
2201 2277 2230 2315 a
2264 2261 2440 2317 verbis
2472 2266 2901 2332 proficiscuntur.

2118 2354 2335 2409 Juvenes
2375 2358 2473 2409 cito
2516 2362 2770 2413 connubio
2798 2363 3073 2432 jungendi.
3098 2366 3324 2423 —-—Cttm
3357 2385 3485 2440 ergo
3515 2388 3646 2441 puer

2046 2449 2274 2501 creverit
2296 2490 2309 2512 ,
2341 2458 2627 2518 antequam
2677 2465 2916 2507 sectetur
2946 2456 3189 2512 militiam
3221 2469 3271 2512 ct
3302 2460 3465 2515 ullum
3503 2465 3646 2517 aliud

2049 2544 2168 2596 vita:
2214 2558 2383 2612 genus
2408 2586 2421 2605 ,
2472 2546 2540 2599 de
2574 2546 2690 2615 ejus
2718 2550 3061 2604 matrimonio
3088 2567 3272 2607 curam
3321 2571 3465 2623 gere.
3506 2554 3570 2611 Et
3598 2561 3640 2610 si

2048 2633 2137 2688 ille
2184 2634 2376 2688 viderit
2406 2635 2549 2705 quod
2598 2653 2851 2707 sponsam
2902 2641 3009 2693 cito
3041 2642 3106 2695 ad
3136 2659 3257 2698 cum
3301 2647 3523 2702 adducis
3545 2692 3558 2713 ,
3592 2660 3661 2705 tt.

2047 2725 2186 2793 quod
2219 2725 2380 2781 breve
2426 2737 2636 2796 tempus
2669 2730 3005 2795 intercedat,
3038 2733 3246 2789 fortiter
3277 2739 3473 2805 poterit
3502 2740 3669 2796 ferre

2050 2816 2316 2871 llatnmam
2351 2833 2365 2870 :
2399 2819 2485 2874 sin
2508 2830 2683 2873 autem
2716 2822 2784 2876 llL
2802 2835 3041 2878 mentem
3070 2826 3117 2879 ei
3152 2832 3359 2884 venerit
3396 2835 3536 2901 quod
3570 2836 3673 2890 sis.

2048 2924 2231 2963 socors
2299 2920 2356 2966 et
2416 2913 2725 2983 negligens,
2796 2918 3189 2989 cuncterisque
3225 2932 3279 2976 et
3341 2937 3667 2995 exspectes,_

2049 3002 2220 3057 donec
2250 3018 2471 3074 magnus
2504 3008 2764 3072 possideat
2796 3024 3088 3077 proventus
3114 3054 3129 3078 ,
3159 3026 3220 3069 ut
3250 3024 3375 3071 tunc
3405 3019 3453 3072 ei
3486 3035 3641 3089 pares

2052 3095 2261 3164 nuptias
2284 3136 2297 3161 ,
2340 3096 2408 3150 ob
2436 3099 2707 3165 temporis.
2729 3098 3115 3169 longitudinem
3147 3106 3384 3161 animum
3412 3107 3647 3178 despon-i

2051 3186 2220 3253 deus,
2250 3188 2358 3241 cito
2400 3188 2608 3242 labetur
2645 3189 2711 3242 ad
2758 3193 3163 3247 scortationem.
3213 3196 3320 3251 Sed
3366 3198 3449 3253 hei
3484 3198 3663 3255 mihi!~

2055 3279 2201 3333 radix
2246 3274 2508 3334 malorum
2551 3291 2632 3335 est
2687 3281 2772 3337 hic
2801 3300 3013 3355 quitque
3057 3289 3299 3343 avaritia.
3331 3290 3462 3345 Nam
3512 3310 3667 3364 quo-.

2055 3370 2198 3424 niam
2242 3371 2371 3425 nulli
2422 3381 2504 3427 est
2553 3388 2699 3427 cura:
2750 3376 3047 3444 quomodo.
3067 3387 3373 3449 temperans
3426 3392 3481 3438 et
3526 3401 3646 3440 mo.

2054 3459 2236 3515 destus
2284 3460 2377 3516 ﬁat
2426 3460 2606 3527 ﬁlius,
2655 3464 2752 3519 sed
2798 3475 3047 3521 tenentur
3082 3485 3271 3525 omnes
3316 3472 3504 3528 insano
3533 3480 3667 3530 auri.

2056 3568 2271 3619 amore,
2308 3553 2408 3609 hac
2446 3554 2513 3610 de
2541 3570 2703 3612 causa
2732 3556 2857 3612 huic
2899 3561 2975 3614 rei
3008 3577 3169 3616 nemo
3200 3565 3398 3620 studet.
3449 3568 3650 3635 Quanh

2056 3645 2240 3700 obrem
2272 3660 2405 3718 rogo
2436 3647 2666 3717 primum
2695 3690 2711 3715 ,
2745 3658 2802 3704 ut
2832 3663 3018 3705 eorum
3048 3653 3259 3709 animos
3289 3661 3647 3728 comportatis.

2057 3738 2111 3793 Si
2165 3739 2308 3793 enim
2360 3740 2427 3793 ad
2479 3750 2681 3795 castam
2738 3757 2990 3812 sponsam
3046 3748 3379 3815 accesserit,
3435 3751 3479 3805 si
3513 3752 3671 3807 illius.

2059 3832 2234 3887 solum
2264 3848 2461 3902 corpus
2492 3833 2719 3901 viderit,
2750 3846 2806 3891 et
2830 3836 3124 3894 vehemens
3152 3841 3255 3894 erit
3282 3840 3609 3899 desiderium
3638 3891 3669 3912 ,,

2061 3935 2112 3979 et
2166 3924 2337 3995 major
2384 3926 2478 3981 Dei
2510 3936 2688 3982 metus
2718 3946 2732 3981 :
2763 3938 2817 3982 et
2849 3944 2974 3984 vere
3022 3930 3337 3989 honorabile
3376 3939 3658 3993 matrimo-

2064 4018 2245 4082 nium,
2294 4017 2489 4071 munda
2520 4027 2576 4073 et
2622 4019 2896 4088 impolluta
2946 4032 3174 4092 eorpora
3220 4026 3566 4097 suscipiens;
3601 4039 3671 4086 et

2063 4126 2182 4179 qua:
2231 4121 2522 4165 nascentur
2581 4118 2739 4165 erant
2796 4112 2952 4180 plena
3006 4114 3172 4167 multa
3225 4117 3601 4177 benedictione
3643 4139 3659 4187 ;

2063 4205 2285 4258 otaltcr
2318 4204 2473 4257 alteri
2502 4204 2698 4259 cedent
2733 4216 2964 4272 Spensus
3007 4216 3061 4261 et
3096 4222 3293 4276 sponsa
3312 4228 3334 4263 .:
3366 4226 3487 4265 nam
3537 4230 3658 4268 eum

2066 4301 2275 4349 morum
2308 4296 2605 4350 alienorum
2640 4299 2850 4365 utrique
2882 4296 2988 4350 sint
3013 4299 3277 4367 imperiti,
3308 4303 3663 4372 subjicientur

2064 4386 2200 4440 alter
2245 4384 2424 4441 alteri.
2474 4385 2663 4440 Junior
2701 4399 2878 4441 autem
2927 4389 3188 4458 incipiens
3231 4391 3478 4450 lascivire
3522 4405 3572 4450 et
3604 4413 3665 4453 se

2066 4476 2264 4531 dedere
2310 4476 2515 4530 libidini
2543 4519 2558 4543 ,
2606 4486 2661 4531 et
2692 4491 2901 4532 morum
2929 4481 3359 4538 meretriciorum
3390 4487 3677 4558 accipiens.

2065 4569 2453 4639 experientiam
2482 4612 2495 4634 ,
2530 4585 2696 4639 usque
2720 4570 2785 4625 ad
2819 4573 3045 4641 primam
3073 4585 3128 4628 et
3154 4577 3444 4632 secundam
3474 4596 3663 4650 vespe-

2069 4679 2181 4717 ram
2211 4661 2448 4716 landabit
2476 4678 2628 4717 suam
2660 4679 2882 4719 uxorem
2908 4682 2922 4729 ;
2971 4678 3155 4736 postea
3185 4678 3361 4723 autem
3398 4671 3504 4724 cito
3529 4671 3665 4725 dila-

2068 4756 2227 4811 betur
2270 4756 2335 4810 ad
2382 4757 2527 4811 illam
2577 4758 2882 4823 lasciviam,
2934 4759 3001 4813 ad
3030 4759 3194 4812 risum
3225 4759 3452 4814 eﬁ‘usum
3484 4772 3537 4815 ot
3567 4764 3664 4817 im-

2070 4851 2369 4905 modestum
2397 4892 2412 4916 ,
2442 4867 2688 4920 qumrens
2719 4852 2876 4906 verba
2904 4852 3068 4905 multa
3100 4852 3460 4908 illiberalitate
3488 4855 3668 4924 plena,

2070 4943 2265 4998 molles
2312 4952 2367 4997 et
2415 4944 2613 4997 fractos
2656 4951 2876 5012 gestus,
2910 4952 2963 4997 et
3004 4958 3221 4997 omnem
3250 4944 3409 4999 aliam
3441 4948 3669 5015 turpitn.

2070 5035 2283 5097 dinem,
2316 5046 2475 5102 quam
2513 5044 2570 5086 ut
2605 5031 2849 5087 dicamus
2874 5074 2888 5099 ,
2922 5032 3143 5088 minime
3179 5042 3261 5088 est
3305 5036 3663 5093 tolerandum.

2073 5127 2302 5196 Ingenua
2329 5133 2507 5177 autem
2557 5137 2663 5177 non
2695 5123 2925 5177 sustinet
2981 5122 3097 5178 h.ce
3150 5123 3445 5193 exhibere,
3489 5144 3663 5200 neque

2070 5233 2130 5274 se
2178 5218 2348 5288 ipsam
2398 5215 2700 5285 inquinare.
2759 5214 2835 5271 Ad
2887 5215 3009 5269 vitae
3056 5215 3200 5270 enim
3253 5218 3565 5274 societatem
3613 5232 3669 5276 et

2073 5311 2365 5365 liberorum
2392 5307 2817 5378 procreationem
2849 5308 2963 5362 viro
2988 5306 3086 5361 fuit
3110 5308 3375 5378 desponsa
3402 5350 3416 5375 ,
3468 5327 3572 5363 non
3603 5312 3671 5366 ad

2074 5401 2458 5470 turpitudinem
2482 5410 2537 5457 et
2562 5400 2728 5455 risum
2753 5418 2766 5454 :
2802 5409 2859 5455 ιιι
2882 5400 3100 5455 domum
3131 5401 3418 5467 custodiat,
3443 5412 3501 5457 ut
3520 5404 3683 5460 illum.

2072 5512 2287 5568 quoque
2313 5496 2524 5551 erudiat
2548 5508 2671 5551 esse
2704 5494 2987 5550 honestum
3007 5536 3023 5557 ,
3056 5509 3162 5548 non
3193 5504 3250 5549 ut
3279 5495 3383 5565 ipsi
3415 5495 3675 5553 exhibeat

2074 5590 2308 5645 fomenta
2351 5587 2714 5644 scortationis.
2772 5590 2840 5641 At
2880 5586 3099 5655 jucundi
3133 5586 3227 5642 tibi
3272 5587 3522 5644 videntur
3573 5606 3669 5661 ge-

2072 5691 2187 5736 stus
2204 5680 2517 5737 meretricii.
2535 5679 2659 5736 Scio
2681 5698 2693 5735 :
2719 5692 2842 5734 nam
2860 5680 2963 5734 hoc
2983 5693 3196 5750 quoque
3214 5677 3343 5735 dicit
3359 5679 3635 5751 Scriptura
3660 5700 3671 5734 :

2074 5771 2183 5827 Met
2209 5772 2477 5827 distillata
2498 5771 2646 5827 labiis
2672 5772 2949 5827 meretricis
2977 5769 3169 5844 (Prov.
3204 5771 3259 5827 5.
3293 5769 3385 5841 5).
3421 5772 3672 5842 Propter-

2078 5882 2138 5923 ea
2172 5865 2315 5923 enim
2364 5866 2478 5923 base
2524 5864 2701 5921 omnia
2747 5865 2921 5931 facio,
2974 5881 3040 5921 ne
3087 5865 3226 5922 illius
3274 5865 3447 5921 mellis
3497 5866 3673 5933 capias
