4140 6498
459 338 554 390 ιιιι

453 735 664 803 ancipiti
691 735 863 805 gladio
892 734 1052 806 magis
1077 742 1279 788 acutum
1306 731 1326 799 (
1351 732 1505 787 Prov.
1537 733 1571 788 5
1620 733 1655 787 6
1679 733 1718 801 ).

521 827 862 898 Chrysostomi
884 827 1050 881 cautio
1064 869 1080 893 ,
1102 843 1215 880 cum
1235 827 1298 880 de
1316 826 1465 880 rebus
1486 825 1759 892 impudicis
1781 825 2036 896 loquitur.

448 947 520 960 --
556 919 692 985 Quid
722 919 897 973 dicis?
926 919 1085 974 Ferte
1121 932 1207 973 me
1234 917 1432 987 aliquid
1465 917 1625 972 etiam
1653 915 1988 970 immundum
2018 957 2034 979 ,

451 1021 508 1064 nt
535 1012 605 1065 ita
634 1011 808 1065 dicam
831 1051 846 1076 ,
879 1011 1186 1080 loquentem
1217 1049 1233 1074 ,
1279 1017 1334 1064 et
1364 1007 1705 1078 impudenter
1731 1021 1818 1062 me
1844 1021 2036 1077 geren-

450 1115 556 1159 tem
576 1145 592 1171 ,
624 1103 988 1174 pudoremque
1014 1111 1070 1156 et
1097 1101 1348 1156 ruborem
1378 1110 1664 1156 exuentem
1697 1117 1711 1155 :
1753 1113 1861 1154 non
1892 1097 2034 1151 enim

451 1197 638 1252 lubens
673 1195 786 1248 hzec
817 1196 988 1265 patior
1009 1237 1022 1258 ,
1052 1193 1146 1248 sed
1175 1203 1396 1264 propter
1425 1207 1518 1248 eos
1548 1205 1682 1264 quos
1708 1207 1889 1246 rerum
1922 1204 2030 1244 non

448 1290 650 1358 pudet,
695 1303 863 1359 cegor
907 1287 1066 1342 verba
1109 1285 1310 1341 dicere.
1354 1285 1513 1339 Multa
1561 1293 1739 1338 autem
1786 1281 2033 1336 videmus

444 1378 705 1449 ejusmodi
735 1378 895 1433 etiam
930 1378 979 1430 in
1013 1375 1327 1446 Scripturis.
1360 1375 1493 1430 Nam
1524 1374 1770 1428 Ezechiel
1817 1386 2030 1443 quoque

442 1469 737 1524 Jerusalem
768 1468 1098 1538 exprobrans
1119 1467 1281 1521 multa
1301 1465 1429 1522 dicit
1457 1465 1740 1535 ejusmodi,
1771 1479 1872 1520 nec
1900 1480 2027 1518 eru-

445 1561 648 1625 bescit;
676 1568 726 1615 et
754 1559 982 1614 merito:
1009 1573 1116 1614 non
1147 1559 1290 1614 enim
1317 1573 1378 1613 ea
1408 1557 1617 1613 dicebat
1645 1573 1710 1613 ex
1741 1572 1833 1612 sua
1863 1557 2026 1611 animi

439 1654 743 1717 affectione,
771 1651 863 1707 sed
889 1666 957 1706 ex
979 1665 1105 1707 cura
1131 1661 1186 1706 et
1207 1650 1554 1720 providentia.
1584 1649 1718 1705 Nam
1739 1650 1838 1706 etsi
1865 1650 2024 1704 verba

439 1745 686 1800 videntur
714 1758 837 1800 esse
871 1743 1150 1801 indecora.
1172 1756 1279 1797 non
1293 1750 1379 1799 est
1407 1751 1584 1798 tamen
1634 1757 1831 1811 scopus
1871 1741 2024 1796 inde-

443 1850 603 1889 corus
627 1876 642 1898 ,
675 1834 770 1890 sed
796 1839 956 1888 etiam
984 1834 1140 1890 valde
1170 1835 1497 1890 conveniens
1519 1833 1568 1889 ei
1593 1834 1683 1903 qui
1713 1833 1824 1886 vult
1844 1832 2026 1902 expel-

441 1928 552 1980 lere
588 1927 751 1980 animi
799 1925 1192 1981 immunditiam
1223 1943 1236 1980 :
1270 1941 1392 1980 nam
1423 1926 1524 1980 nisi
1568 1926 1681 1996 ipsa
1722 1925 1882 1978 verba
1922 1939 2022 1978 au-

433 2020 591 2075 dierit
632 2018 914 2089 impudens
960 2019 1207 2083 animus,
1257 2018 1462 2087 pudore
1509 2033 1616 2072 non
1665 2015 2010 2070 suffunditur.

439 2110 648 2164 Etenim
689 2109 930 2164 medicus
958 2124 1170 2180 quoque
1200 2109 1385 2165 volens
1413 2108 1611 2180 ejicere
1638 2109 1973 2180 putredinem
2001 2150 2019 2176 ,

434 2202 626 2271 digitos
651 2203 796 2272 prius
823 2203 1058 2256 immittit
1079 2203 1130 2256 in
1155 2203 1366 2268 vulnus,
1395 2211 1450 2258 et
1479 2203 1580 2257 nisi
1608 2203 1753 2272 prius
1780 2202 2021 2272 inquinet

436 2308 626 2348 manus
669 2309 787 2363 qua:
818 2294 1100 2349 medentur
1123 2335 1138 2359 ,
1186 2309 1291 2348 non
1323 2294 1521 2364 poterit
1549 2292 1773 2348 mederi.
1815 2291 1888 2348 lta
1918 2307 2020 2362 ego

431 2400 664 2454 quoque,
693 2385 793 2438 nisi
824 2385 969 2454 prius
993 2401 1056 2440 os
1082 2385 1354 2456 inquinem
1384 2384 1526 2456 quod
1551 2385 1745 2439 vestris
1771 2385 2016 2438 medetur

429 2478 608 2544 vitiis,
643 2493 747 2532 non
776 2487 964 2548 potero
1004 2477 1154 2532 vobis
1183 2477 1408 2533 mederi.
1449 2476 1561 2532 lmo
1604 2492 1735 2532 vero
1781 2491 1881 2531 nec
1911 2476 2013 2530 hoc

431 2570 740 2640 inquinatur
762 2611 776 2637 ,
825 2585 924 2625 nec
967 2569 1072 2624 illa:
1102 2585 1314 2625 manus.
1347 2569 1568 2636 Quare?
1591 2569 1855 2638 Quoniam
1905 2584 2014 2622 non

428 2672 510 2716 est
547 2663 802 2718 naturalis
833 2663 1164 2717 immunditia
1190 2703 1205 2728 ,
1238 2678 1412 2734 neque
1439 2678 1507 2716 ex
1533 2671 1721 2717 nostro
1744 2677 1974 2730 corpore
1993 2701 2010 2727 ,

424 2757 563 2810 sicut
587 2770 686 2810 nec
715 2755 822 2810 illic
844 2771 909 2810 ex
938 2755 1185 2810 manibus
1211 2754 1374 2821 illius,
1401 2753 1498 2810 sed
1527 2769 1592 2809 ex
1624 2753 1815 2809 alienis
1835 2768 2009 2815 mem-

425 2849 554 2902 bris.
595 2845 650 2901 Si
677 2855 852 2902 autem
886 2847 972 2901 ubi
1003 2855 1089 2902 est
1117 2846 1352 2901 alienum
1379 2860 1611 2916 corpus,
1647 2861 1753 2900 non
1798 2855 2010 2901 recusat

424 2941 511 2994 ille
537 2954 662 2994 suas
689 2953 878 2993 manus
919 2939 1125 3009 tingere
1154 2955 1169 2992 :
1199 2939 1288 2993 ttbi
1333 2947 1577 2993 nostrum
1605 2979 1620 3005 ,
1649 2937 1762 3004 die,
1785 2953 1968 3007 quaso
1986 2978 2003 3001 ,

424 3029 833 3085 recusabimus?
871 3044 1069 3100 corpus
1094 3030 1236 3085 enim
1269 3039 1514 3085 nostrum
1562 3029 1692 3085 estis
1723 3044 1824 3084 .vos
1848 3071 1863 3094 ,
1898 3030 2001 3083 im-

422 3121 670 3176 hccillum
697 3120 911 3192 quidem
939 3130 988 3176 et
1018 3120 1375 3186 immundum,
1408 3120 1502 3176 sed
1533 3129 1710 3175 tamen
1736 3129 2000 3174 nostrum.

489 3214 542 3266 4.
576 3211 712 3279 Quid
735 3222 962 3282 estergo
989 3211 1132 3282 quod
1159 3211 1303 3274 dico,
1331 3221 1385 3266 et
1403 3226 1501 3266 cur
1523 3212 1662 3266 hanc
1687 3211 1786 3265 feci
1815 3210 2002 3265 admo-

419 3303 700 3357 nitionem?
732 3301 947 3358 Vestem
970 3302 1186 3372 quidem
1218 3319 1377 3372 quam
1408 3303 1567 3358 habet
1597 3319 1806 3369 servus,
1837 3319 1998 3358 num-

415 3411 574 3464 quam
623 3395 761 3451 ferre
805 3397 858 3450 in
905 3397 1141 3450 animum
1185 3397 1493 3462 induxeris,
1543 3412 1660 3452 eam
1703 3397 2002 3454 abhorrens

415 3497 631 3559 prepter
658 3488 879 3555 sordes;
912 3488 1007 3543 sed
1051 3489 1305 3544 malueris
1330 3504 1451 3544 esse
1479 3488 1652 3544 nudus
1672 3529 1690 3557 ,
1717 3505 1875 3560 quam
1912 3489 1998 3544 illa

417 3583 488 3633 nti
523 3598 533 3633 :
569 3595 798 3650 corpore
840 3588 1016 3635 autem
1064 3580 1340 3634 imtnundo
1378 3590 1433 3635 et
1481 3581 1700 3636 sordido
1722 3623 1736 3647 ,
1773 3591 1826 3637 et
1856 3581 1996 3651 quod

417 3688 521 3724 non
569 3671 742 3725 solum
771 3687 926 3726 servo
958 3684 1048 3726 tuo
1075 3712 1090 3736 ,
1139 3671 1232 3726 sed
1261 3671 1422 3727 etiam
1465 3671 1584 3726 aliis
1625 3673 1996 3728 innumerabi-

412 3766 550 3818 libus
579 3774 663 3821 est
693 3748 808 3820 usui
833 3806 849 3830 ,
887 3766 1126 3820 abuteris
1145 3807 1161 3833 ,
1189 3775 1242 3819 et
1269 3781 1373 3820 non
1398 3765 1758 3821 abhorrebis?
1785 3767 1997 3821 Pudore

409 3859 583 3913 affecti
613 3859 744 3913 estis
770 3857 1095 3914 audientes?
1144 3857 1250 3913 Sed
1283 3857 1335 3911 in
1379 3856 1535 3913 factis
1559 3858 1775 3928 pudore
1820 3858 1992 3914 affici-

413 3951 564 4016 ntioi,
595 3965 699 4003 non
729 3950 781 4004 in
813 3950 1009 4004 verbis.
1035 3949 1150 4003 Alia
1180 3949 1358 4003 omnia
1387 3950 1740 4019 prmtermitto
1766 3965 1781 4004 ε
1811 3965 1994 4006 mores

410 4055 690 4110 perversos
714 4050 768 4096 et
793 4041 1049 4111 impuros,
1083 4040 1301 4110 reliqua:
1331 4041 1454 4095 vita:
1482 4039 1704 4110 agenda:
1733 4042 1984 4096 servilem

410 4149 458 4190 et
491 4136 803 4191 illiberalem
832 4134 1114 4191 rationem.
1159 4135 1254 4190 Die
1279 4133 1430 4200 mihi,
1458 4145 1510 4188 tu
1539 4132 1783 4189 eamdem
1809 4134 1912 4189 inis
1939 4144 1996 4190 et

405 4243 591 4281 servus
625 4226 786 4281 tuus?
815 4235 870 4281 et
907 4225 1107 4280 utinam
1150 4225 1298 4281 solus
1326 4239 1515 4280 servus
1578 4234 1738 4291 tuus,
1788 4233 1845 4280 et
1885 4240 1990 4279 non

404 4322 566 4374 etiam
593 4319 833 4373 carnifex
876 4317 1140 4386 publicus.
1173 4315 1240 4370 Et
1267 4314 1535 4372 carnificis
1559 4315 1773 4386 quidem
1805 4332 1994 4373 manus

405 4421 590 4467 tenere
620 4425 726 4465 non
760 4408 984 4464 tuleris:
1014 4423 1132 4464 eam
1159 4419 1338 4464 autem
1364 4449 1379 4470 ,
1409 4424 1529 4478 qua:
1558 4423 1720 4462 unum
1750 4424 1872 4464 cum
1897 4411 1991 4468 illo

402 4518 599 4573 corpus
632 4502 770 4556 facta
798 4509 883 4556 est
907 4542 922 4566 ,
951 4501 1294 4570 amplecteris
1327 4509 1380 4554 et
1408 4501 1770 4567 exoscularis,
1799 4511 1853 4556 et
1880 4518 1986 4557 non

403 4599 610 4659 horres,
644 4609 748 4650 non
778 4594 1086 4649 extimescis
1109 4635 1126 4660 ,
1174 4609 1280 4649 neu
1311 4594 1512 4663 pudore
1537 4595 1790 4650 aafficeris
1815 4637 1830 4660 ,
1881 4612 1985 4651 non

401 4690 674 4745 erubescis
698 4730 713 4757 ,
745 4703 849 4743 non
882 4688 1094 4757 attgeris
1124 4703 1189 4743 ac
1215 4687 1601 4742 eonturbaris?
1630 4687 1746 4741 Dixi
1769 4687 1984 4757 quidem

403 4781 714 4850 parentibus
741 4780 934 4836 vestris
979 4787 1036 4834 ut
1060 4793 1158 4834 vos
1185 4779 1293 4833 cito
1333 4779 1594 4832 ducerent
1630 4777 1695 4832 ad
1725 4780 1937 4848 nuptias
1970 4801 1983 4835 :

399 4873 496 4927 sed
527 4884 702 4927 tamen
735 4886 836 4926 nec
862 4884 957 4926 vos
988 4869 1205 4940 quidem
1235 4869 1365 4924 esus
1392 4883 1497 4922 non
1525 4868 1740 4922 obnoxii
1771 4869 1984 4938 suppli.

399 4965 504 5018 cio.
547 4963 682 5018 Nam
722 4963 767 5018 si
796 4977 904 5018 non
933 4962 1024 5016 alii
1055 4969 1239 5016 essent
1283 4958 1437 5015 multi
1482 4959 1848 5016 adolescentes
1882 4975 1982 5031 pu-

399 5057 519 5111 dice
545 5063 601 5111 et
622 5065 771 5111 caste
796 5055 1038 5110 viventes
1062 5094 1077 5118 ,
1108 5060 1163 5106 et
1203 5051 1330 5106 olim
1359 5060 1413 5106 et
1443 5066 1614 5118 nunc,
1659 5061 1806 5107 esset
1834 5053 1984 5108 vobis

398 5152 627 5202 fortasse
678 5146 855 5215 aliqua
903 5143 1180 5200 excusatio
1233 5157 1299 5197 ac
1351 5141 1594 5197 defensio
1643 5159 1658 5199 :
1711 5143 1756 5197 si
1805 5151 1982 5197 autem

396 5246 557 5302 sunt,
610 5235 882 5306 quomodo
927 5235 1170 5306 poteritis
1216 5233 1400 5290 dicere
1448 5249 1554 5288 non
1601 5234 1840 5303 potuisse
1887 5249 1983 5289 vos

396 5329 651 5384 cohibere
679 5327 948 5382 flammam
988 5325 1297 5397 cupidinis?
1339 5323 1423 5380 Illi
1455 5340 1551 5380 vos
1600 5335 1855 5380 accusant
1892 5325 1982 5396 qui

397 5427 724 5488 potuerunt,
784 5419 928 5490 quod
974 5419 1082 5473 sint
1137 5417 1380 5488 ejusdem
1428 5426 1633 5471 natura:
1667 5417 1979 5487 participes.

399 5509 593 5564 Audite
618 5509 842 5566 Paulum
869 5509 1136 5564 dicentem
1167 5527 1180 5564 :
1210 5507 1487 5563 Sectemini
1513 5523 1690 5578 pacem
1715 5519 1762 5561 et
1787 5509 1980 5562 sancti-

399 5601 685 5667 ﬁcatiouent
709 5641 725 5667 ,
767 5602 876 5656 sine
919 5617 1020 5671 qua
1061 5615 1209 5655 nemo
1237 5599 1421 5653 uidebit
1463 5598 1738 5652 Dominum
1769 5596 1789 5670 (
1815 5597 1976 5652 Hebr.

404 5694 489 5750 t2.
532 5693 642 5762 Μ).
673 5694 787 5750 Νοιι
819 5693 1088 5750 sufficiunt
1133 5693 1214 5749 Ine
1243 5693 1402 5749 mina:
1429 5691 1495 5748 ad
1521 5706 1616 5749 vos
1653 5691 1980 5750 terrendos?

1159 343 1215 400 S.
1255 343 1530 400 JOANNlS
1566 343 2034 402 CllleSOSTOMI
2074 347 2388 406 ARCl-IIEP.
2429 352 2959 415 CONSTANTINOP.

456 459 884 525 experientiam:
920 459 971 513 in
1022 458 1090 514 fel
1136 459 1277 514 enim
1324 459 1502 513 statim
1551 459 1793 514 vertitur.
1833 460 1902 514 Et
1942 460 2043 515 hoc

455 566 667 621 quoque
695 551 825 605 dicit
853 549 1125 621 Scriptura
1156 567 1171 604 :
1203 550 1331 618 Quae
1365 551 1434 603 ad
1459 559 1653 620 tempus
1689 559 1830 602 tuum
1869 560 2046 621 guttur

455 645 780 713 impingunt;
825 652 998 712 postea
1054 651 1219 696 autem
1264 640 1383 710 felle
1431 643 1658 696 amarius
1695 642 1950 707 invenies,
1997 651 2042 693 et

3641 371 3741 428 49.3

2158 463 2318 518 \‘ides
2346 466 2481 522 alios
2526 481 2783 541 perpetuo
2808 490 2928 531 esse
2957 478 3180 547 pudicos
3200 521 3215 546 ,
3259 492 3516 556 casteque
3548 499 3603 542 et
3644 491 3740 543 ho-

2151 569 2302 651 neste
2331 561 2528 633 degere
2557 582 2573 630 ;
2601 575 2654 620 et
2677 575 2731 621 tu
2761 585 2829 624 ne
2857 570 2923 624 ad
2947 573 3245 640 juventutis
3273 579 3490 648 quidem
3521 593 3736 651 tempus

2149 660 2201 704 te
2235 650 2446 707 fortiter
2492 657 2682 726 geris?
2731 659 2880 716 vides
2916 663 3056 718 alios
3107 680 3231 721 cum
3283 671 3558 740 voluptate
3613 650 3737 732 esse

2147 741 2342 797 millies
2369 745 2686 803 colluctatos
2714 765 2728 814 ;
2764 761 2820 806 et
2847 761 2902 806 tu
2927 769 2994 808 ne
3023 759 3191 812 semel
3218 761 3435 829 quidem
3460 767 3735 822 sustines?

2143 832 2199 888 Si
2237 836 2414 900 vultis,
2443 837 2616 893 dicam
2642 855 2879 898 causam.
2922 845 3038 900 Non
3068 851 3211 904 enim
3242 869 3403 909 causa
3429 868 3511 911 est
3534 858 3737 926 juven-

2147 932 2236 1019 tus,
2275 943 2289 979 :
2338 926 2535 998 alioqui
2573 945 2764 987 omnes
2803 934 3030 1003 juvenes
3083 939 3242 996 futuri
3285 956 3441 1000 erant
3478 949 3734 1019 impudici

2143 1025 2199 1111 et
2225 1018 2620 1111 incontinentes
2646 1043 2658 1078 :
2692 1027 2786 1082 sed
2825 1044 2924 1085 nos
2951 1032 3096 1101 ipsos
3132 1034 3186 1087 in
3215 1053 3400 1108 rogum
3436 1018 3730 1111 injicitntts.

2140 1108 2366 1175 Quando
2433 1115 2576 1169 enim
2601 1117 2652 1171 in
2705 1119 2971 1177 theatrum
3017 1128 3365 1196 ascenderis,
3410 1108 3730 1191 et'scderis

2141 1199 2298 1298 nudis
2328 1204 2609 1262 mulierum
2639 1211 2896 1268 membris
2922 1229 3152 1284 pascens
3174 1221 3360 1278 oculos
3382 1264 3398 1290 ,
3421 1224 3487 1280 ad
3517 1236 3728 1298 tempus

2135 1291 2354 1389 quidem
2402 1295 2636 1389 hetaris;
2681 1313 2862 1370 postea
2913 1317 3092 1364 autem
3136 1313 3283 1369 illinc
3332 1332 3580 1389 magnam
3623 1291 3724 1380 alis

2139 1379 2360 1440 febrem.
2421 1387 2551 1444 Cum
2593 1392 2792 1449 videris
2833 1399 3085 1455 mulieres
3126 1411 3392 1475 tamquam
3421 1379 3492 1463 in
3542 1415 3724 1481 specie

2134 1481 2379 1573 corporis
2407 1496 2747 1573 apparentes,
2792 1499 2847 1544 et
2889 1496 3192 1561 spectacula
3241 1506 3296 1552 et
3324 1501 3530 1556 cantica
3556 1544 3572 1570 ,
3601 1522 3722 1573 quae

2134 1567 2263 1665 nihil
2300 1571 2440 1626 aliud
2482 1573 2682 1631 habent
2709 1593 2868 1649 quam
2900 1597 3115 1640 amores
3161 1587 3440 1657 nefarios;
3485 1567 3717 1665 nempe:

2135 1657 2260 1751 Illa,
2294 1661 2484 1732 inquit,
2518 1665 2659 1722 hunc
2698 1672 2896 1726 amavit
2917 1713 2932 1736 .
2976 1684 3164 1731 etnon
3195 1689 3274 1734 est
3303 1684 3503 1751 potitus
3525 1727 3541 1749 ,
3576 1657 3630 1742 el
3657 1704 3718 1744 sc

2129 1750 2449 1820 Snﬂocavil;
2502 1768 2558 1812 et
2607 1759 2673 1812 ad
2726 1771 2927 1820 matres
2973 1767 3208 1823 nefarios
3268 1750 3551 1832 devolutos
3595 1794 3717 1836 esse

2128 1856 2340 1942 amores
2369 1864 2384 1899 :
2425 1850 2642 1918 quando
2671 1862 2726 1908 et
2754 1856 2972 1912 auribus
3005 1858 3121 1916 hazc
3162 1867 3439 1936 acceperis
3466 1911 3482 1932 .
3535 1881 3588 1926 et
3620 1889 3716 1942 per

2129 1936 2400 2029 mulieres,
2430 1949 2485 1995 et
2510 1957 2606 2011 per
2629 1955 2832 2014 gestus,
2865 1947 3082 2006 habitus
3103 1962 3155 2008 et
3187 1955 3420 2025 ﬁguras,
3446 1959 3557 2029 jam
3586 1936 3714 2019 vero

2126 2028 2285 2128 etiam
2319 2046 2414 2098 per
2444 2035 2587 2090 viros
2615 2053 2816 2105 senes;
2849 2042 2999 2097 tnulti
3025 2046 3165 2100 enim
3209 2048 3371 2105 larvis
3401 2028 3502 2109 sibi
3539 2056 3712 2128 impo-

2124 2120 2243 2176 sitis
2272 2123 2376 2178 illic
2406 2137 2570 2196 agunt
2598 2133 2849 2189 mulieres
2881 2154 2892 2188 :
2927 2140 3196 2206 quomodo
3225 2146 3424 2210 poteris
3448 2149 3557 2216 jam
3588 2120 3710 2210 esse

2126 2213 2347 2304 pudicus
2376 2226 2432 2271 et
2459 2226 2766 2289 temperans
2787 2266 2801 2287 ,
2829 2241 2950 2281 cum
2985 2229 3069 2282 illa
3097 2237 3396 2302 spectacula
3427 2213 3576 2304 ,‘illm
3606 2261 3705 2299 att-

2122 2303 2353 2363 ditioues
2399 2312 2636 2367 animum
2686 2326 2833 2372 tuum
2879 2334 3140 2392 occupent
3185 2341 3248 2381 ac
3310 2329 3606 2402 detineant,
3653 2349 3706 2392 et

2122 2408 2306 2466 postea
2351 2402 2470 2456 talia
2517 2409 2722 2461 somnia
2753 2411 3067 2482 excipiant?
3109 2431 3138 2469 a
3189 2430 3378 2475 natura
3428 2426 3568 2480 enim
3623 2441 3708 2484 est

2122 2487 2338 2589 insitum
2390 2496 2704 2589 ut‘animus
2749 2502 2910 2556 multa
2960 2505 3220 2574 ejusmodi
3253 2512 3459 2571 visione
3505 2533 3703 2589 appre-

2121 2581 2328 2675 hendat
2349 2625 2364 2646 ,
2392 2585 2690 2653 cujusmodi
2723 2590 2952 2648 interdiu
2972 2597 3084 2652 vult
3111 2611 3162 2654 et
3188 2581 3702 2675 concttpiseitat-Jnm

2117 2683 2246 2739 ergo
2277 2673 2384 2729 illic
2423 2687 2478 2732 et
2505 2694 2594 2733 res
2640 2682 2924 2740 obscaenas
2968 2689 3173 2756 videas,
3213 2702 3267 2747 et
3311 2673 3471 2752 verba
3519 2703 3705 2759 audias

2117 2761 2474 2829 obseteniora.
2493 2779 2548 2824 et
2566 2771 2788 2828 vulnera
2807 2777 3018 2844 quidem
3041 2783 3292 2852 accipias,
3319 2765 3701 2849 medicamenta

2114 2863 2292 2908 autem
2321 2871 2427 2912 non
2453 2857 2696 2929 imponas
2722 2881 2734 2916 :
2761 2866 2850 2933 qui
2884 2868 2992 2922 fieri
3024 2880 3199 2938 potest
3222 2883 3278 2929 ut
3307 2893 3413 2932 non
3443 2895 3702 2951 augeatur

2115 2946 2342 3012 putredo
2365 2987 2382 3012 ,
2413 2959 2466 3002 et
2495 2953 2715 3008 morbus
2745 2971 2848 3009 non
2883 2957 3212 3025 intendatur,
3245 2975 3297 3019 et
3328 2969 3498 3023 multo
3516 2946 3701 3046 inagis

2111 3049 2269 3104 quam
2300 3038 2350 3092 in
2383 3042 2581 3096 nostris
2609 3047 2962 3113 corporibus?
3002 3050 3234 3109 Facilius
3263 3059 3428 3124 enim,
3459 3063 3502 3116 si
3537 3038 3699 3122 velle—

2112 3143 2230 3181 mus
2253 3169 2269 3192 ,
2309 3145 2468 3197 quam
2493 3147 2717 3202 corpora
2745 3179 2761 3201 ,
2807 3138 3032 3194 liberum
3064 3145 3343 3204 arbitrium
3392 3157 3692 3226 susciperet

2109 3221 2522 3276 correctionem.
2567 3224 2698 3280 Nam
2730 3228 2836 3283 illic
2866 3233 3080 3300 quidem
3109 3247 3163 3290 et
3192 3221 3600 3302 medicamentis
3641 3262 3697 3304 et

2113 3310 2342 3365 medicis
2373 3323 2427 3367 et
2458 3326 2698 3386 tempore
2726 3335 2863 3389 epns
2891 3334 2972 3378 est
2999 3342 3012 3378 :
3059 3327 3143 3383 hic
3171 3341 3349 3386 autem
3383 3335 3580 3393 sufficit
3607 3382 3623 3406 ,
3650 3345 3692 3395 si

2108 3402 2360 3466 volueris,
2393 3414 2447 3459 et
2475 3405 2648 3462 bonus
2677 3426 2798 3467 esse
2823 3422 2878 3468 et
2906 3418 3098 3471 malus.
3140 3419 3497 3488 Quamobrem
3543 3402 3694 3487 mor-

2107 3491 2230 3592 bum
2261 3496 2432 3566 magis
2461 3502 2735 3570 accepisti.
2782 3503 2915 3558 Cum
2947 3523 3076 3577 ergo
3105 3527 3165 3565 ea
3195 3530 3314 3581 qua:
3345 3518 3541 3574 hedunt
3575 3525 3694 3592 qni-

2069 3592 2080 3601 ’
2104 3585 2225 3640 dem
2253 3591 2594 3658 congerimus
2619 3635 2635 3658 ,
2684 3611 2870 3652 eorum
2901 3612 3079 3655 autem
3112 3619 3232 3674 qua:
3269 3607 3457 3675 juvant
3490 3585 3688 3670 nullam

2103 3676 2349 3734 ducimus
2382 3682 2644 3739 rationem
2671 3727 2687 3752 ,
2715 3687 2932 3756 quando
2981 3693 3082 3747 erit
3133 3695 3237 3750 ulla
3268 3701 3514 3757 sanitas?
3556 3705 3690 3761 Pro-

2105 3777 2288 3838 pterea
2310 3770 2505 3827 Paulus
2523 3791 2735 3847 quoque
2753 3779 2960 3836 dicebat
2984 3801 2996 3836 :
3022 3785 3172 3840 Sicut
3195 3801 3364 3859 gentes
3384 3811 3498 3862 qua:
3523 3795 3688 3852 Deum

2102 3877 2202 3913 non
2234 3874 2438 3918 uerunt.
2469 3865 2680 3923 Pudore
2707 3871 3100 3942 suffundamnr,
3131 3887 3339 3938 terrore
3362 3885 3678 3957 afficiantur,

2100 3952 2142 4004 si
2175 3963 2362 4022 gentes
2401 3971 2520 4024 qua:
2564 3958 2729 4014 Deum
2761 3978 2865 4016 non
2907 3976 3098 4021 norunt
3140 3983 3286 4040 smpe
3317 3985 3442 4030 sunt
3481 3952 3687 4045 pudica:

2099 4056 2151 4098 et
2205 4055 2609 4116 temperantes;
2662 4053 3045 4112 erubescamus
3097 4077 3218 4118 cum
3271 4064 3376 4120 illis
3427 4067 3686 4128 fuerimus

2098 4136 2414 4196 deteriores.
2449 4141 2628 4198 Facile
2649 4155 2732 4200 est
2759 4147 2811 4200 in
2843 4149 3095 4218 pudicitia
3124 4162 3176 4208 et
3207 4161 3554 4226 temperantia
3587 4181 3686 4219 nos

2099 4239 2245 4285 recte
2271 4245 2482 4299 gerere,
2514 4236 2558 4288 si
2586 4237 2814 4292 velimus
2834 4279 2849 4302 ,
2892 4241 2936 4294 si
2967 4257 3066 4297 nos
3096 4245 3240 4314 ipsos
3262 4247 3590 4309 abducamus
3615 4257 3685 4312 ab

2099 4322 2164 4377 iis
2195 4340 2314 4394 qua:
2345 4325 2546 4380 Ιιιιόιιιιι
2575 4347 2588 4381 :
2619 4329 2815 4400 alioqui
2859 4349 2956 4388 nec
3002 4337 3386 4395 scortationem
3419 4343 3575 4402 facile
3601 4361 3685 4405 est

2097 4412 2282 4504 fugere
2309 4455 2326 4482 ,
2355 4419 2398 4470 si
2429 4419 2681 4473 nolimus.
2731 4421 2867 4486 Quid
2897 4432 2980 4477 est
3007 4428 3148 4479 enim
3176 4427 3387 4486 facilius
3413 4449 3572 4504 quam
3603 4439 3684 4494 ire

2097 4503 2162 4557 ad
2193 4504 2410 4559 forum?
2435 4507 2530 4560 sed
2571 4508 2640 4561 ob
2669 4521 2905 4564 nostram
2936 4513 3198 4583 ignaviam
3231 4530 3284 4574 et
3315 4503 3592 4580 mollitiem
3623 4531 3682 4584 fit

2095 4591 2335 4685 difficile,
2371 4609 2474 4648 non
2503 4597 2676 4650 solum
2717 4597 2958 4666 feminis,
3015 4605 3108 4660 sed
3140 4609 3301 4662 etiam
3348 4613 3502 4669 viris.
3542 4617 3678 4685 Quid

2096 4682 2303 4738 facilius
2343 4702 2502 4754 quam
2549 4688 2829 4746 dormire?
2870 4694 2964 4748 sed
3018 4696 3117 4751 hoc
3146 4714 3358 4771 quoque
3408 4682 3680 4765 effecimus

2094 4775 2332 4832 difficile.
2368 4778 2515 4833 Multi
2543 4781 2756 4850 quidem
2799 4797 2946 4840 certe
2981 4787 3176 4844 divites
3212 4801 3319 4846 tota
3369 4807 3527 4852 nocte
3570 4802 3678 4854 eir-

2093 4879 2448 4937 cumaguntnr
2475 4912 2488 4933 ,
2517 4886 2583 4926 eo
2610 4873 2752 4942 quod
2781 4891 2884 4930 non
2914 4890 3226 4949 exspectent
3256 4899 3409 4942 usum
3456 4893 3628 4946 somni
3658 4935 3672 4960 ,

2092 4967 2150 5050 et
2177 4967 2303 5014 tunc
2345 4961 2634 5016 dormiant.
2683 4963 2752 5019 Et
2782 4967 2834 5020 in
2865 4983 3074 5024 summa
3122 4973 3256 5028 nihil
3299 4987 3381 5031 est
3421 4979 3669 5050 difficile,

2092 5049 2136 5104 si
2175 5065 2274 5102 nos
2301 5051 2524 5107 velimus
2548 5069 2564 5119 ;
2591 5055 2720 5109 nihil
2753 5056 2924 5124 facile,
2955 5061 2998 5114 si
3027 5063 3258 5117 nolimus
3287 5084 3299 5119 :
3330 5071 3509 5125 omnia
3534 5075 3677 5128 enim

2091 5150 2216 5236 sunt
2263 5141 2312 5194 in
2368 5155 2547 5199 nostra
2608 5157 2892 5214 potestate.
2947 5152 3240 5223 Propterea
3291 5159 3419 5216 dicit
3464 5180 3679 5236 quoque

2092 5232 2367 5326 Scriptura
2394 5277 2409 5297 ,
2443 5236 2506 5291 Si
2543 5239 2706 5292 velitis
2729 5282 2745 5306 ,
2790 5242 2963 5312 inquit
2985 5286 3000 5310 ,
3052 5258 3100 5300 et
3130 5265 3207 5301 me
3246 5253 3468 5308 audiatis
3482 5232 3511 5326 _(
3543 5232 3677 5314 Isai.

2093 5322 2146 5376 l.
2187 5323 2278 5392 19)
2305 5341 2319 5386 ;
2349 5335 2404 5380 et
2433 5343 2619 5384 rursus
2643 5371 2660 5396 ,
2690 5331 2753 5384 Si
2781 5333 2976 5400 nolitis,
3006 5352 3096 5389 nec
3117 5355 3194 5391 me
3215 5342 3455 5400 audiatis.
3487 5322 3677 5406 Τυιυιιι

2089 5430 2219 5486 ergo
2252 5419 2410 5472 situm
2438 5431 2521 5475 est
2550 5421 2602 5475 in
2653 5438 2718 5477 eo
2748 5425 2890 5494 quod
2921 5436 3005 5482 est
3047 5431 3184 5487 velle
3229 5443 3284 5488 et
3324 5438 3470 5494 nolle
3501 5458 3517 5496 :
3550 5459 3676 5510 pro.

2092 5517 2274 5578 pterea
2300 5518 2355 5563 et
2382 5511 2629 5579 punimur
2650 5523 2705 5567 et
2731 5513 3028 5573 laudamur.
3059 5519 3213 5576 Faxit
3235 5535 3414 5581 autem
3443 5529 3602 5596 Dens,
3622 5542 3673 5588 ut

2089 5612 2210 5652 cum
2234 5597 2491 5656 fuerimus
2515 5616 2580 5656 ex
2612 5602 2677 5657 iis
2699 5603 2788 5674 qui
2817 5605 3123 5673 laudantur,
3150 5627 3504 5685 assequamur
3531 5621 3668 5676 bona

2099 5691 2380 5759 promissa,
2411 5694 2577 5763 gratia
2609 5704 2664 5751 et
2693 5696 3021 5769 benignitate
3046 5745 3058 5763 .
3093 5713 3196 5758 etc.

1960 5847 1970 5851 ..
1981 5844 2152 5854 -........—.__.
