4140 6488
476 339 577 394 420

1187 523 2088 533 *σῳ-φ...-
2097 522 2356 530 ——————-—-—

1249 333 1305 384 S.
1345 328 1630 384 JUANNIS
1666 326 2150 384 CHRYSOSTOMI
2191 324 2508 380 ARCIIIEP.
2542 325 3094 381 CONSTANTINOP.

3639 329 3736 388 4ῦο

2973 520 3140 528 ...--η----
3149 519 3500 528 _..——————___.
3507 519 3677 531 ____....

1951 715 2200 768 03mm
2240 716 2330 780 cr.

479 861 616 929 Περὶ
650 858 719 910 δὲ
764 875 789 910 τ
798 856 870 929 ᾗς
905 854 1304 929 φιλαδελφίας
1323 855 1400 929 οὺ
1419 854 1643 929 χρείαν
1663 853 1891 929 ⁸ίξχομεν
1914 850 2055 929 τρά-

549 923 684 998 ἐπει-ν
713 927 873 998 ὑμῖν.
926 926 1102 998 ᾼὺτοὶ
1151 925 1260 998 γὰρ
1305 923 1882 998 ὑμεῖςθερδίδακτοί
1919 923 2060 998 ἐστε

546 992 633 1062 εὶς
659 1000 724 1050 τὸ
750 992 992 1064 ἆγαπᾷν
1029 995 1363 1058 ἀλλήλους.
1397 993 1636 1064 Καὶλγὰρ
1659 992 2060 1064 ποιεῖτεῌαὺτὸ

545 1060 632 1134 εἱς
662 1060 894 1129 πάντας
929 1065 1068 1127 τοὺς
1096 1064 1398 1132 ἀδελφοὺς
1428 1060 1570 1128 τοὺς
1595 1063 1664 1116 ἐν
1691 1061 1803 1130 ὅλῃ
1838 1060 1911 1128 τῇ
1931 1065 2056 1114 Μα-

550 1137 792 1204 κεδονίᾳ
803 1177 816 1189 .

556 1285 700 1338 α’.Ί“ί
731 1284 929 1354 δήποτε
948 1285 1080 1354 περὶ
1103 1281 1458 1352 σωφροσύνης
1489 1280 1732 1350 σφοδρῶς
1751 1280 1932 1341 αὐτοῖς
1943 1279 2058 1332 δια·

481 1368 717 1440 λεχθεὶς,
743 1367 838 1419 καὶ
885 1365 1138 1436 περὶτοῦ
1175 1364 1285 1417 δεῖν
1328 1363 1656 1433 ἐργάζεσθαι
1698 1362 1906 1433 μέλλων
1947 1362 2059 1414 δια-

482 1449 754 1518 λέγεσθαι,
779 1449 874 1500 καὶ
903 1447 1031 1516 περὶ
1053 1447 1147 1498 τοῦ
1186 1447 1261 1517 μὴ
1306 1445 1592 1498 λυπεῖσθαι
1645 1448 1753 1507 τοῖς
1789 1443 2060 1498 ἀπελθοῦ-

485 1551 594 1594 σιν,
643 1531 672 1583 ὃ
713 1529 933 1582 πάντων
977 1525 1045 1599 ἦν
1097 1529 1396 1597 κεφάλαιον
1440 1528 1550 1581 τῶν
1596 1527 1822 1594 ἀγαθῶν
1870 1526 1932 1578 τὸ
1961 1525 2061 1594 τῆς

481 1617 723 1684 ἀγάπης,
757 1612 913 1665 τοῦτο
965 1614 1109 1665 κατά
1151 1612 1480 1682 παράλειψιν
1512 1611 1714 1682 τίθησι,
1750 1611 1944 1679 λέγων·
1977 1613 2063 1664 Οὐ

481 1701 690 1769 χρείαν
714 1699 934 1766 ἔχομεν
972 1695 1222 1765 τράφειν
1245 1697 1390 1765 ὑμῖν
1418 1714 1437 1761 ;
1477 1696 1586 1748 Καὶ
1622 1695 1782 1749 τοῦτο
1818 1695 1928 1748 ἀπὸ
1962 1694 2062 1764 τῆς

483 1783 684 1851 πολλῆς
709 1782 980 1843 συνέσεως
1013 1781 1108 1832 καὶ
1139 1780 1238 1849 τῆς
1277 1779 1659 1849 πνευματικῆς
1682 1779 2058 1842 διδασκαλίας.

481 1871 584 1920 Δύο
612 1865 720 1934 γὰρ
742 1863 975 1917 ἐνταῦθα
1007 1863 1284 1933 ἐμφαίνει,
1313 1863 1371 1915 ἓν
1402 1864 1522 1930 μὲν,
1549 1864 1631 1916 ὅτι
1675 1862 1848 1925 οὕτως
1885 1865 2059 1930 ἀναγ-

481 1951 637 2002 καῖον
679 1948 740 1999 τὸ
769 1947 1024 2016 πρᾶγμα,
1054 1946 1130 2007 ὡς
1163 1945 1298 2014 μηδέ
1327 1945 1677 2010 διδασκαλίας
1708 1947 1919 1999 δεῖσθαι
1942 1964 1958 1977 ·
1989 1946 2062 2000 τὰ

483 2033 592 2102 γὰρ
623 2031 830 2100 σφόδρα
870 2029 1081 2100 μεγάλα
1109 2029 1278 2081 πᾶσίν
1323 2030 1441 2080 ἐστι
1488 2028 1623 2098 δῆλα
1643 2036 1674 2058 ο·
1694 2029 1949 2100 δεύτερον
1978 2029 2060 2094 δέ,

485 2114 688 2183 μᾶλλον
722 2113 920 2173 αὐτοὺς
949 2110 1274 2182 ἐντρέπει,ῆ
1306 2112 1357 2164 εἰ
1375 2111 1652 2180 παρῄνεσε
1680 2110 1840 2163 τοῦτο
1871 2110 2056 2164 είπὼν.

495 2199 553 2248 ὐ
577 2195 686 2264 γάρ
711 2192 972 2262 νομίζων,
993 2195 1192 2255 αὐτοὺς
1214 2193 1665 2262 κατωρθωκέναι,
1686 2194 1780 2245 καὶ
1798 2192 1886 2246 διά
1911 2192 2068 2246 τοῦτο

487 2279 563 2348 μὴ
591 2276 894 2347 παραινῶν,
932 2275 1026 2328 καὶ
1071 2277 1119 2327 εἰ
1159 2276 1233 2344 μὴ
1267 2276 1662 2345 κατώρθωσαν,
1696 2277 1970 2347 ἐνήγαγεν
1999 2277 2066 2330 ἂν

488 2361 710 2428 μᾶλλον.
747 2360 857 2411 Καὶ
881 2359 984 2428 ὅρα
1009 2374 1022 2386 ο
1060 2357 1136 2409 Ού
1167 2358 1314 2425 λέγει
1345 2357 1590 2428 περὶτῆς
1619 2360 1838 2428 ἀγάπης
1862 2358 1964 2428 τῆς
1986 2360 2067 2422 είς

487 2444 714 2504 πάντας,
749 2439 887 2493 ἀλλά
912 2440 1012 2509 τῆς
1034 2441 1111 2502 εἰς
1131 2441 1258 2502 τοὺς
1289 2439 1571 2510 ἀδελφούς.
1596 2443 1678 2493 Οὐ
1702 2441 1913 2510 χρείαν
1932 2440 2067 2509 ἐχοο

481 2542 598 2594 μεν
621 2523 869 2594 γράφειν
899 2521 1059 2591 ὑμῖν.
1086 2522 1288 2592 Ἐχρῆν
1319 2519 1412 2575 οὖν
1442 2525 1741 2592 σιωπῆσαι,
1778 2524 1873 2577 καὶ
1901 2523 2067 2593 μηδὲν

485 2611 682 2672 εἰπεῖν,
714 2607 764 2659 εί
800 2607 875 2676 μὴ
910 2605 1066 2675 χρεία
1094 2600 1182 2675 ῆν.
1218 2605 1332 2658 Νῦν
1357 2606 1414 2658 δέ
1444 2607 1520 2676 τῷ
1546 2609 1744 2674 εἰπεῖν,
1779 2610 1862 2661 Οὐ
1891 2608 2068 2677 χρεία

484 2693 640 2755 ἐστὶ,
675 2689 861 2760 μεῖζον
882 2689 1156 2760 ἐποίησεν,
1185 2689 1287 2759 ἢεί
1319 2685 1472 2742 εἶπεν
1494 2704 1543 2731 δι’
1565 2693 1743 2744 Αὐτοὶ
1764 2693 1873 2760 γὰρ
1898 2692 2068 2762 ὑμεῖς

487 2771 851 2828 θεοδίδακτοί
873 2772 1034 2825 ἐστε.
1067 2773 1178 2824 Καὶ
1209 2774 1312 2841 ὅρα
1349 2772 1470 2841 μεθ’
1503 2774 1630 2826 ὅσου
1669 2775 1950 2844 ἐγκωμίου
1974 2775 2068 2827 τὸν

487 2856 621 2910 θεὸν
651 2857 839 2918 αὐτοῖς
873 2855 1194 2908 διδάσκαλον
1221 2855 1489 2924 ἐπέστησε
1507 2856 1720 2910 τούτου.
1769 2859 1843 2910 Οὐ
1864 2857 2066 2925 δεῖσθε,

489 2941 645 3009 φησὶ,
664 2937 816 3008 παρά
837 2937 1124 3008 ἀνθρώπου
1165 2937 1380 3006 μαθεῖν.
1405 2939 1585 3008 Ὅπερ
1615 2939 1707 2991 καὶ
1733 2942 1762 2991 ὁ
1781 2941 2068 3010 προφήτης

487 3022 644 3091 φησὶ,
665 3021 772 3073 Καὶ
789 3020 1033 3073 ἔσονται
1047 3019 1269 3086 πάντες
1285 3019 1553 3074 διδακτοὶ
1576 3021 1744 3076 Θεοῦ.
1763 3024 1809 3073 Α
1819 3023 1943 3076 ὺτοὶ
1956 3023 2068 3090 γὰρ

486 3103 678 3173 ὑμεῖς,
694 3105 849 3173 φησὶ,
866 3103 1236 3159 θεοδίδακτοί
1253 3105 1394 3158 ἐστε
1411 3107 1499 3170 είς
1521 3105 1588 3157 τὸ
1613 3103 1856 3174 ἀγαπᾷν
1877 3105 2068 3173 ἀλλή-

487 3191 658 3254 λους.
690 3188 798 3241 Καὶ
817 3187 928 3256 γὰρ
955 3187 1176 3240 ποιεῖτε
1193 3187 1341 3240 αὐτὸ
1362 3191 1449 3254 είς
1471 3189 1703 3252 πάντας
1727 3191 1868 3255 τοὺς
1893 3189 2068 3244 άδελ-

485 3271 641 3340 φοὺς
665 3271 808 3338 τοὺς
832 3271 902 3323 ἐν
925 3271 1038 3338 ὅλῃ
1071 3269 1144 3338 τῇ
1175 3270 1537 3337 Μακεδονίᾳ·
1577 3274 1671 3324 καὶ
1705 3273 1784 3334 εἰς
1809 3273 1936 3335 τοὺς
1971 3273 2066 3327 άλ-

487 3357 611 3419 λους
637 3357 863 3419 πάντας,
889 3354 1263 3425 φησί.Σιρόδρα
1291 3353 1468 3408 ταῦτα
1495 3355 1827 3425 ἐντρεπτικά
1846 3358 1983 3428 πρὸς
2009 3357 2070 3408 τὸ

488 3443 666 3493 ποιεῖν
714 3439 866 3493 αὐτό.
907 3439 1016 3491 Καὶ
1064 3439 1164 3508 οὐχ
1203 3438 1388 3502 ἀπλῶς
1424 3438 1589 3508 λέγω,
1613 3440 1695 3492 ὅτι
1739 3440 2070 3494 θεοδίδακτοί

486 3526 631 3587 ἐστε,
654 3523 769 3576 ἀλλ’
780 3518 894 3575 οἶδα
909 3522 1000 3591 ἀφ’
1023 3515 1099 3575 ὧν
1121 3524 1346 3576 ποιεῖτε.
1370 3523 1480 3576 Καὶ
1498 3523 1666 3577 πολλά
1688 3524 1871 3587 αὐτοῖς
1897 3527 2070 3595 ἐμαρ-

485 3607 690 3678 τύρησε
752 3605 943 3659 τούτου
998 3605 1203 3659 ἕνεκεν.
1261 3606 1736 3676 Παρακαλοῦμεν
1780 3606 1849 3660 δὲ
1889 3605 2068 3677 ὑμᾶς,

484 3688 764 3758 ἀδελφοὶ,
787 3689 1176 3756 περισσεύειν
1191 3687 1456 3757 μᾶλλον,
1479 3690 1777 3753 τουτέστι,
1816 3690 2072 3744 πλεονά-

487 3771 627 3836 ζειν,
654 3773 753 3825 καὶ
785 3771 1228 3841 φιλοτιμεῖσθαι
1257 3771 1606 3841 ἡσυχάζειν,
1645 3775 1742 3826 καὶ
1765 3773 2072 3842 πράσσειν

487 3854 561 3908 τὰ
589 3853 732 3919 ιδια,
773 3855 872 3907 καὶ
899 3852 1240 3922 ἐργάζεσθαι
1272 3855 1396 3919 ταῖς
1429 3856 1642 3923 χερσὶν
1667 3853 1854 3924 ὑμῶν,
1877 3857 2071 3923 καθὼς

488 3936 969 4004 παρηγγείλαμεν
988 3936 1151 4004 ὑμῖν,
1177 3937 1278 3989 ἵνα
1301 3936 1662 4005 περιπατῆτε
1677 3942 2072 4010 εὐσχημόνως

489 4019 640 4085 πρὸς
677 4017 818 4083 τοὺς
844 4018 981 4081 ἔξω,
1023 4017 1121 4071 καὶ
1146 4017 1411 4085 μηδενὸς
1457 4021 1670 4088 χρείαν
1698 4023 1902 4090 ἔχητε.
1950 4025 2071 4076 Ἐν-

487 4100 664 4154 ταῦθα
716 4101 987 4154 δείκνυσιν
1034 4101 1173 4154 ὅσων
1206 4101 1306 4170 μὲν
1356 4105 1386 4171 ἡ
1440 4104 1610 4173 ἀργία
1658 4107 1844 4159 κακῶν
1894 4108 2069 4172 αἰτία,

491 4186 634 4237 ὅσων
661 4183 717 4236 δὲ
749 4186 782 4254 ἡ
805 4185 1039 4254 ἐργασία
1071 4183 1272 4236 καλῶν·
1310 4187 1402 4238 καὶ
1429 4191 1573 4241 ποιεῖ
1604 4189 1736 4242 αὐτὸ
1767 4192 1934 4260 σαφὲς
1965 4192 2072 4245 ἀπὸ

488 4267 598 4320 τῶν
629 4268 760 4338 παρ’
783 4269 936 4337 ἡμῖν,
965 4266 995 4318 ὃ
1022 4267 1293 4338 πολλαχοῦ
1325 4273 1488 4333 ποιεῖ,
1507 4271 1604 4324 καὶ
1633 4271 1791 4325 τοῦτο
1810 4274 2068 4337 συνετῶςο

493 4350 696 4420 μᾶλλον
732 4352 842 4420 γὰρ
888 4350 1096 4413 τούτοις
1140 4351 1426 4418 ἐνάγονται
1487 4355 1539 4406 οἱ
1592 4353 1832 4418 πλείους,
1871 4356 1904 4427 ἢ
1957 4360 2072 4420 τοῖς

491 4435 904 4502 πνευματικοῖς.
937 4432 1185 4502 ’Δγάπης
1217 4435 1326 4504 γάρ
1367 4437 1484 4487 ἐστι
1531 4437 1632 4507 τῆς
1669 4439 1748 4500 είς
1771 4438 1897 4501 τοὺς
1929 4439 2069 4510 πλη-

493 4517 628 4579 σίον,
667 4516 788 4584 οὐχὶ
839 4517 968 4586 παρ’
1019 4518 1246 4569 ἐκείνων
1299 4517 1622 4588 λαμϐάνειν,
1675 4521 1790 4575 ἀλλ’
1841 4523 2072 4587 ἐκείνοις

491 4597 775 4668 παρέχειν.
795 4598 908 4650 Καὶ
935 4597 1032 4650 θέα
1057 4597 1272 4653 σύνεσιν
1291 4617 1304 4630 ·
1341 4602 1566 4655 Μέλλων
1606 4604 1945 4674 παρακαλεῖν
1978 4608 2072 4660 καὶ

491 4685 814 4752 παραινεῖν,
868 4683 1034 4752 μέσον
1069 4685 1130 4734 τὸ
1173 4684 1507 4756 κατόρθωμα
1553 4686 1788 4757 τίθησιν,
1831 4689 1918 4742 ῖνα
1976 4691 2072 4743 καὶ

491 4765 598 4818 ἀπὸ
635 4766 733 4835 τῆς
777 4767 1048 4837 προτέρας
1101 4767 1482 4838 παραινέσεως
1521 4771 1928 4836 ἀναπνεύσωσι,
1975 4774 2070 4826 καὶ

491 4847 590 4916 τῆς
613 4848 862 4919 ἀπειλῆς,
893 4849 1054 4920 ἡνίκα
1079 4850 1254 4917 ἐλεγεο
1290 4851 1614 4920 Τοιγαροῦν
1633 4856 1667 4906 ό
1683 4853 1932 4918 ἀθετῶν,
1959 4859 2071 4909 οὐκ

491 4929 805 4997 ἄνθρωπον
825 4932 1213 4994 άθετεῖ,ἀλλὰ
1244 4933 1350 4986 τόν
1385 4933 1540 5006 [467]
1575 4937 1744 4989 Θεόν·
1787 4939 1883 4990 καὶ
1924 4940 2071 5001 ὅπως

491 5015 663 5085 ταύτῃ
703 5013 778 5084 μὴ
806 5015 1280 5085 ἀποσκιρτήσωσι.
1312 5016 1484 5069 Τοῦτο
1513 5019 1570 5070 δὲ
1620 5019 1729 5072 ἀπὸ
1763 5019 1854 5072 τοῦ
1901 5022 2070 5091 ἐργά-

493 5097 683 5160 ζεσθαι
713 5097 943 5164 γίνεται,
983 5097 1127 5149 ὥστε
1178 5099 1252 5169 μὴ
1304 5098 1602 5170 λαμϐάνειν
1664 5101 1800 5172 μηδέ
1855 5104 2066 5173 ἀργεῖν,

491 5179 604 5233 ἀλλ’
639 5179 1004 5250 ἐργαζόμενον
1047 5182 1256 5251 ἑτέροις
1294 5182 1577 5253 παρέχειν.
1625 5184 1937 5253 Μακάριόν
1965 5189 2070 5256 γάρ

489 5263 644 5327 ἐστι,
694 5263 850 5332 φησὶ,
897 5261 1129 5317 διδόναι
1173 5261 1435 5332 μᾶλλον,
1484 5267 1522 5334 ἢ
1568 5267 1921 5336 λαμϐάνειν.
1961 5271 2072 5324 Καὶ

491 5345 870 5413 ἐργάζεσθαι,
911 5347 1080 5417 φησὶ,
1122 5347 1252 5413 ταῖς
1313 5350 1529 5417 χερσὶν
1571 5350 1760 5420 ὑμῶν.
1795 5352 1906 5405 Ποῦ
1958 5355 2072 5406 τοί-

491 5444 587 5479 νυν
636 5429 773 5481 είσὶν
815 5429 865 5483 οἱ
907 5429 968 5481 τὸ
1015 5429 1178 5498 ἔργον
1217 5430 1510 5500 ζητοῦντες
1551 5433 1614 5485 τὺ
1665 5437 2069 5504 πνευματικόν;

505 5511 666 5580 Ὁρᾷς
697 5513 816 5575 πῶς
841 5513 1025 5576 αὐτοῖς
1061 5515 1244 5567 πᾶσαν
1288 5515 1564 5585 πρόφασιν
1623 5519 1836 5570 ἀνεῖλεν
1875 5519 2068 5586 εἰπὼν,

499 5591 632 5658 Ταῖς
672 5594 883 5662 χερσίν
923 5595 1112 5664 ὑμῶν.
1163 5593 1311 5666 Ἀρα
1360 5599 1616 5668 νηστείαν
1658 5600 1952 5671 ἐργάζεταί
1987 5623 2070 5669 τις

495 5781 590 5887 ιαιέ
615 5780 676 5827 Ἦ
702 5783 740 5829 εί
764 5783 912 5842 εἶπεν.
947 5785 994 5832 id
1017 5791 1112 5844 εει,
1147 5797 1290 5847 quam
1323 5785 1367 5837 εἰ
1409 5786 1598 5841 locutus
1640 5791 1860 5852 cssebdc
1907 5791 2068 5844 chan'-

563 5853 606 5889 θ.

2159 854 2280 913 ταῖς
2335 852 2558 921 χερσίν;
2606 848 2742 902 ἀλλὰ
2793 847 3158 916 παννυχίδαςς
3215 846 3358 901 άλλά
3408 850 3742 919 χαμευνίαςς

2160 935 2349 998 Οὐδεὶς
2375 934 2536 988 τοῦτο
2574 933 2640 987 ἂν
2681 932 2825 985 είποι
2851 949 2865 962 ·
2908 931 3044 985 ἀλλά
3088 932 3219 1000 περὶ
3265 931 3428 1002 ἔργον
3465 935 3600 1002 φησὶ
3648 935 3744 989 τοῦ

2162 1017 2535 1086 πνευματικοῦ
2557 1032 2571 1046 °
2608 1015 2978 1085 πνευματικὸν
3006 1014 3117 1084 γάρ
3141 1015 3312 1076 ὅντως
3341 1017 3557 1078 ἐστὶ,τὸ
3579 1020 3746 1088 ἐργασ-

2161 1102 2386 1170 ζόμενον
2436 1100 2644 1169 ἑτέροις
2678 1099 2960 1169 παρέχειν,
3015 1099 3110 1152 καὶ
3158 1099 3310 1152 οὐδὲν
3364 1099 3476 1152 ῐσον
3527 1102 3741 1157 τούτου.

2162 1185 2296 1238 Ἵνα
2324 1182 2708 1252 περιπατῆτε,
2733 1185 2918 1254 φησὶν,
2941 1184 3362 1250 εὐσχημόνως.
3395 1183 3559 1256 Ὁρᾷς
3583 1187 3748 1240 πόθεν

2161 1267 2340 1320 αὐτῶν
2370 1265 2712 1320 καθάπτεται
2738 1281 2752 1326 ς
2785 1265 2899 1318 Οὐκ
2927 1261 3105 1329 εἶπεν,
3140 1267 3259 1320 Ἴνα
3283 1269 3361 1338 μὴ
3395 1269 3747 1342 ἀσχημονῆτε

2163 1349 2534 1413 ἐπαιτοῦντες,
2564 1349 2704 1402 ἀλλά
2736 1349 2798 1402 τὸ
2834 1351 2966 1402 αὐτὸ
3011 1349 3110 1419 μέν
3149 1350 3407 1419 ᾐνίξατο,
3442 1353 3748 1424 πραότερον

2161 1433 2217 1486 δὲ
2263 1433 2395 1486 αὐτὸ
2427 1431 2666 1502 τίθησιν,
2723 1431 2865 1485 ὥστε
2918 1433 3014 1484 καὶ
3049 1432 3251 1502 πλῆξαι
3286 1436 3381 1487 καὶ
3427 1435 3502 1504 μὴ
3535 1437 3746 1508 σφόδρα

2161 1514 2384 1578 τούτους
2417 1515 2674 1587 βαρῆσαι.
2703 1514 2889 1584 Εἰγάρ
2911 1517 2960 1567 οἱ
2990 1516 3120 1585 παρ’
3146 1517 3277 1586 ἡμῖν
3301 1518 3745 1582 σκανδαλίζονται

2161 1602 2590 1672 τούτοις,πολλῷ
2623 1601 2826 1673 μᾶλλον
2859 1603 2908 1654 οἱ
2929 1601 3131 1666 ἔξωθεν
3165 1602 3368 1673 μυρίας
3398 1603 3747 1674 εὑρίσκοντες

2165 1689 2498 1760 κατηγορίας
2531 1690 2626 1742 καὶ
2653 1689 2847 1752 λασάς,
2883 1690 3015 1754 ὅταν
3069 1689 3357 1762 ἄνθρωπον
3399 1691 3743 1762 ὑγιαίνοντα,

2165 1780 2260 1827 καὶ
2295 1772 2474 1842 ἐαυτῷ
2527 1772 2760 1843 ἀρκέσαι
2802 1772 3106 1842 δυνάμενον
3148 1772 3349 1844 ὁρῶσιν
3390 1774 3746 1842 ἐπαιτοῦντα,

2165 1859 2257 1910 καὶ
2288 1857 2491 1926 ἐτέρων
2521 1855 2797 1924 δεόμενον.
2827 1855 2918 1906 Διὸ
2945 1855 3040 1906 καὶ
3079 1855 3536 1926 Χριστεμπόρους
3562 1859 3749 1913 καλοῦ-

2167 1957 2252 1993 σιν
2277 1939 2571 2011 ium-4m
2599 1938 2773 1992 τοῦτο
2802 1938 2868 1992 τό
2901 1938 3280 2007 ὄνομα,φησὶ,
3294 1940 3747 2010 ,ϐλασφημεῖται

2166 2023 2272 2077 τοῦ
2297 2023 2465 2077 Θεοῦ.
2496 2022 2639 2074 Ἀλλ’
2669 2022 2820 2074 οῦδὲν
2849 2021 3055 2076 τούτων
3083 2023 3303 2094 ἔθηκεν,
3322 2023 3438 2076 ἀλλ’
3456 2024 3485 2077 δ
3513 2025 3746 2095 μάλιστα

2166 2104 2347 2158 αὐτῶν
2385 2104 2738 2172 καθάψασθαι
2775 2105 2949 2175 ἴσχυε,
2979 2107 3041 2159 τὸ
3073 2107 3172 2174 τῆς
3201 2107 3611 2178 ἀσχημοσύνης.
3664 2113 3750 2164 Ob

2167 2189 2426 2258 θέλομεν
2480 2188 2552 2241 δὲ
2595 2187 2748 2256 ὑμᾶς
2804 2189 3068 2258 ἀγνοεῖν,
3117 2189 3398 2260 ἀδελφοὶ,
3446 2188 3579 2261 περὶ
3631 2193 3749 2246 τῶν

2167 2273 2632 2341 κεκοιμημένων,
2681 2273 2783 2325 ἵνα
2824 2273 2911 2342 μὴ
2957 2271 3276 2342 λυπῆσθε,
3320 2274 3514 2340 καθὼς
3561 2275 3747 2330 καίοι

2165 2356 2365 2410 λοιποὶ
2384 2359 2440 2409 οι
2479 2355 2559 2425 μὴ
2585 2355 2832 2425 ἔχοντες
2855 2357 3093 2411 ἐλπίδα.

2239 2440 2414 2512 β’.Δύο
2434 2441 2608 2494 ταῦτα
2635 2441 2867 2510 μάλιστα
2882 2441 3206 2511 ἐλυμαίνετο
3230 2443 3446 2506 αὐτοὺς,
3477 2443 3638 2496 πενία
3655 2443 3752 2497 καὶ

2168 2528 2397 2598 ἀθυμία,
2431 2527 2466 2582 ἃ.
2513 2528 2608 2581 καὶ
2655 2529 2862 2591 πάντας
2904 2529 3247 2599 ἀνθρώπους.
3301 2531 3445 2601 Ὅρα
3491 2527 3585 2584 οὖν
3630 2530 3749 2594 πῶς

2167 2616 2306 2668 αύτά
2335 2615 2651 2686 θεραπεύει.
2703 2615 2871 2670 Πενία
2909 2616 2968 2669 δὲ
3007 2617 3195 2680 αὐτοῖς
3222 2613 3295 2688 ῆν
3333 2619 3399 2671 ἐκ
3439 2617 3535 2672 τοῦ
3573 2619 3753 2690 ήρπάο

2170 2704 2293 2758 σθαι
2319 2703 2499 2758 αὐτῶν
2545 2703 2616 2756 τά
2655 2704 2932 2774 χρήματα.
2966 2705 3029 2757 Εἰ
3062 2705 3120 2758 δέ
3151 2699 3226 2760 ὧν
3259 2705 3329 2759 τά
3379 2707 3636 2777 χρήματα
3662 2708 3755 2776 ἠρ-

2170 2790 2374 2857 πάξετο
2401 2792 2490 2845 διὰ
2523 2791 2612 2843 τὸν
2646 2791 2906 2861 Χριστὸν,
2949 2791 3176 2856 τούτους
3213 2792 3424 2846 κελεύει
3455 2792 3755 2864 ἐργαζομέ-

2169 2899 2294 2944 νους
2340 2880 2660 2952 τρέφεσθαι,
2715 2881 2897 2950 πολλῷ
2954 2881 3156 2952 μᾶλλον
3194 2882 3323 2946 τοὺς
3363 2883 3574 2946 ἄλλους.
3631 2882 3756 2935 Ὅτι

2169 2971 2277 3040 γὰρ
2319 2971 2571 3039 ἡρπάγη,
2609 2969 2769 3039 δῆλον
2811 2971 2875 3022 ἐκ
2912 2969 3005 3023 τοῦ
3035 2971 3235 3033 είπεῖν,
3274 2969 3474 3039 ’Υμεῖς
3509 2970 3755 3040 μιμηταὶ

2168 3057 2451 3122 ἐγένεσθε
2475 3053 2592 3108 τῶν
2625 3055 3003 3124 Ἐκκλησιῶν
3023 3055 3143 3109 τῶν
3168 3059 3237 3110 ἐν
3276 3058 3558 3124 Ἰουδαίᾳ.
3585 3058 3711 3119 Πῶς
3734 3074 3747 3120 ;

2171 3139 2295 3192 Ὀτι
2324 3140 2560 3200 ἐκείναις
2575 3140 2804 3209 γράφων
2833 3140 2986 3209 ἐλεγε
3007 3159 3022 3174 ο
3049 3141 3157 3195 Καὶ
3182 3141 3296 3209 τὴν
3323 3139 3606 3210 ἁρπαγὴν
3634 3140 3756 3195 τῶν

2169 3231 2568 3298 ὑπαρχόντων
2621 3230 2790 3300 ὑμῶν
2837 3234 2991 3301 μετά
3039 3230 3229 3300 χαρᾶς
3282 3233 3752 3300 προσεδέξασθε.

2183 3317 2448 3372 Ἐνταῦθα
2491 3319 2678 3374 λοιπὸν
2710 3322 2803 3374 τὸν
2834 3322 2963 3392 περὶ
3003 3321 3358 3385 ἀναστάσεως
3389 3321 3544 3389 λόγον
3592 3325 3754 3376 κινεῖ.

2172 3405 2282 3459 Καὶ
2308 3405 2360 3458 τί
2380 3423 2395 3470 ;
2419 3407 2517 3460 οὐκ
2541 3403 2609 3477 ῆν
2636 3408 2819 3471 αὐτοῖς
2849 3408 2978 3478 περὶ
3009 3409 3200 3462 τούτου
3227 3409 3566 3480 διαλεχθείςς
3615 3410 3754 3463 Ἀλλ’

2171 3494 2410 3548 ἐνταῦθα
2442 3495 2627 3565 ἕτερόν
2666 3514 2719 3549 τι
2759 3497 3056 3550 αἰνίττεται
3107 3499 3431 3568 μυστήριον.
3486 3498 3646 3551 Ποῖον
3689 3497 3756 3570 δὴ

2170 3581 2330 3636 τοῦτο
2349 3601 2364 3649 ;
2389 3584 2518 3635 Ὅτι
2545 3583 2714 3653 ἡμεῖς
2737 3587 2791 3638 οί
2815 3583 3029 3650 ζῶντες
3050 3587 3103 3638 οἱ
3126 3588 3632 3655 περιλειπόμενοι,
3652 3603 3757 3656 φη-

2173 3671 2282 3732 σὶν,
2309 3673 2396 3736 είς
2420 3671 2536 3738 τὴν
2576 3673 2920 3740 παρουσίαν
2953 3671 3062 3727 τοῦ
3098 3673 3342 3742 Κυρίου,
3372 3676 3446 3728 οὐ
3479 3673 3566 3743 μὴ
3608 3674 3760 3744 φθά-

2169 3770 2374 3823 σωμεν
2413 3753 2556 3819 τοὺς
2603 3754 3018 3824 κοιμηθέντας.
3072 3755 3278 3820 Ἱκανὸς
3327 3757 3427 3827 μέν
3458 3753 3553 3811 οῦν
3591 3758 3690 3811 καὶ
3729 3760 3757 3812 ό

2171 3842 2269 3912 τῆς
2298 3844 2647 3906 ἀναστάσεως
2663 3843 2820 3911 λόγος
2839 3844 3343 3915 παραμυθήσασθαι
3360 3845 3453 3898 τὸν
3483 3847 3542 3897 ἐν
3569 3844 3754 3917 ὀδύνῃο

2175 3929 2360 3982 ἱκανὸν
2389 3928 2445 3982 δὲ
2469 3931 2564 3983 καὶ
2597 3930 2658 3982 τὸ
2679 3931 2774 3984 νῦν
2797 3931 3092 4003 λεγόμενον
3121 3932 3432 3998 ἀξιόπιστον
3463 3937 3638 3986 ποιεῖν
3659 3932 3758 4003 τὴν

2171 4018 2488 4072 ἀνάστασιν.
2532 4019 2756 4090 Πρῶτον
2793 4018 2849 4072 δὲ
2883 4021 3062 4072 ἐκεῖνο
3094 4021 3360 4087 εἴπωμεν,
3397 4019 3425 4072 δ
3470 4022 3564 4074 καὶ
3594 4021 3757 4085 αὐτὸς

2172 4098 2344 4165 εἶπεν,
2359 4102 2442 4154 Οὐ
2455 4100 2604 4154 θέλω
2625 4101 2691 4154 δὲ
2715 4101 2870 4170 ὑμᾶς
2897 4101 3159 4172 ἀγνοεῖν,
3183 4102 3456 4170 ἀδελφοὶ,
3486 4104 3616 4171 περὶ
3641 4102 3759 4157 τῶν

2173 4183 2640 4253 κεκοιμημένων,
2685 4187 2786 4239 ἵνα
2829 4185 2916 4254 μὴ
2972 4184 3273 4253 λυπῆσθε,
3324 4186 3519 4252 καθὼς
3563 4186 3658 4240 καὶ
3703 4191 3758 4242 οι

2171 4267 2369 4320 λοιποὶ
2399 4269 2455 4319 οἱ
2473 4266 2560 4336 μὴ
2588 4267 2837 4336 ἔχοντες
2854 4267 3093 4322 ἐλπίδα.
3125 4268 3268 4338 Ὅρα
3290 4268 3406 4332 πῶς
3441 4271 3534 4322 καὶ
3564 4269 3760 4322 ἐνταῦ-

2173 4350 2504 4420 θαήμὲρως.
2533 4350 2648 4403 Οὐκ
2677 4345 2851 4414 εἶπεν,
2881 4350 3068 4414 Οὕτως
3098 4352 3316 4422 ἀνόητοί
3335 4354 3480 4417 ἐστε,
3505 4352 3758 4423 καθάπερ

2174 4433 2311 4502 πρὸς
2341 4432 2664 4503 Κορινθίους
2687 4473 2702 4496 ,
2749 4433 2923 4496 οὕτως
2980 4433 3234 4506 ἄφρονες,
3277 4435 3360 4489 ὃτι
3398 4436 3596 4500 είδότες
3621 4437 3756 4489 ἀνά-

2173 4531 2386 4578 στασιν,
2413 4514 2488 4577 ὡς
2519 4515 2569 4566 οῖ
2611 4515 2687 4584 μὴ
2722 4515 3095 4581 πιστεύοντες,
3132 4517 3272 4571 οὕτω
3311 4518 3587 4572 λυπεῖσθε’
3619 4518 3758 4572 ἀλλᾶ

2179 4597 2384 4669 σφόδρα
2425 4597 2669 4667 ἡμέρως,
2712 4599 2794 4652 Οὐ
2841 4599 3014 4664 θέλω,
3063 4597 3207 4664 εἷπε,
3254 4600 3352 4672 τὴν
3387 4601 3551 4672 ἀλλην
3577 4602 3758 4656 αὐτῶν

2178 4681 2378 4752 ἀρετὴν
2402 4681 2739 4749 αἰδούμενος.
2772 4683 2880 4735 Καὶ
2898 4682 2998 4736 οὐκ
3018 4679 3160 4747 ε’ίπε,
3183 4685 3439 4755 περὶτῶν
3461 4685 3761 4740 ἀποθανόν-

2180 4780 2312 4829 των,
2331 4763 2535 4827 εὑθὲως
2562 4764 2669 4818 ἀπὸ
2686 4765 2989 4836 προοιμίων
3006 4766 3104 4838 τὴν
3129 4767 3477 4840 παράκλησιν
3494 4768 3762 4822 καταϐαλ-

2178 4847 2400 4916 λόμενος
2410 4889 2421 4901 .

2249 4931 2385 4984 Ἵνα
2422 4929 2505 4999 μὴ
2551 4929 2856 4998 λυπῆσθε,
2886 4933 3076 5002 φησὶν,
3127 4934 3208 5000 ὡς
3241 4933 3340 4988 καί
3377 4937 3434 4988 οἱ
3469 4935 3672 4989 λοιποὶ
3703 4939 3760 4989 οι

2172 5015 2258 5084 μὴ
2295 5016 2540 5082 ἔχοντες
2588 5013 2822 5068 ἐλπίδα.
2884 5017 3026 5086 Ἀρα
3077 5017 3135 5069 τὸ
3183 5019 3622 5072 κατακόπτεσθαι
3662 5020 3758 5074 ἐπὶ

2176 5100 2288 5162 τοῖς
2322 5097 2642 5161 ἀπελθοῦσι,
2675 5097 2895 5150 τῶνούκ
2927 5099 3161 5167 ἐχόντων
3189 5101 3334 5152 ἐστὶν
3360 5101 3551 5154 ἐλπίδα
3569 5118 3582 5131 ο
3611 5103 3759 5154 εἰκό-

2177 5198 2306 5242 τως.
2338 5179 2501 5249 Ψυχὴ
2532 5181 2641 5252 γὰρ
2663 5181 2816 5233 οὐδὲν
2851 5183 2979 5253 περὶ
3009 5183 3360 5247 ἀναστάσεως
3388 5187 3757 5256 ἐπισταμένη,

2177 5263 2315 5317 ἀλλά
2342 5264 2432 5316 τὸν
2483 5264 2714 5316 θάνατον
2761 5263 2950 5316 τοῦτον
2993 5264 3221 5318 θάνατον
3263 5261 3402 5320 εἶναι
3441 5269 3758 5338 νομίζουσα,

2179 5347 2403 5406 είκότως
2445 5346 2520 5408 ὡς
2563 5345 2693 5414 περὶ
2735 5346 3092 5400 ἀπολωλότων
3133 5350 3392 5403 κόπτεται
3436 5352 3530 5404 καὶ
3571 5350 3762 5421 θρηνεῖ

2178 5433 2274 5483 καὶ
2299 5431 2588 5498 ἁφορήτως
2618 5427 2806 5480 πενθεῖ
2825 5445 2838 5458 ·
2872 5430 2934 5481 σὺ
2961 5431 3017 5483 δὲ
3047 5431 3075 5481 ὁ
3099 5431 3414 5500 προσδοκῶν
3442 5433 3757 5494 ἀνάστασιν,

2177 5513 2322 5575 τίνος
2369 5511 2556 5563 ἕνεκεν
2595 5510 2798 5580 όδύρη;
2841 5512 2984 5581 Ἀρα
3021 5512 3130 5564 τῶν
3171 5515 3244 5583 μὴ
3293 5516 3522 5584 ἐχόντων
3571 5516 3761 5569 ἐλπίδα

2178 5597 2295 5648 ἐστὶ
2338 5594 2399 5646 τὸ
2447 5592 2751 5664 ὀδύρεσθαι.
2817 5595 3110 5650 Ἀκούσατε
3155 5597 3264 5649 τῶν
3317 5600 3591 5667 γυναικῶν
3640 5600 3760 5653 ὃσαι

2181 5678 2512 5749 φιλόθρηνοι,
2547 5679 2670 5730 ὅσαι
2702 5677 2838 5748 πρὸς
2873 5680 2942 5732 τὰ
2971 5680 3143 5750 πένθη
3181 5683 3470 5753 ἀφορήτως
3505 5684 3756 5754 φέρεσθε,

2178 5766 2258 5816 ὅτι
2299 5763 2370 5814 τα
2396 5762 2503 5814 τῶν
2536 5760 2763 5814 ἐθνικῶν
2810 5763 3100 5833 πράττετε.
3146 5765 3208 5817 Εί
3249 5765 3305 5817 δὲ
3347 5766 3406 5818 τὸ
3451 5767 3636 5834 ἀλγεῖν
3667 5769 3757 5820 ἐπὶ

2177 5851 2289 5910 τοῖς
2347 5845 2669 5901 ἀπελθοῦσιν
2733 5846 2998 5918 ἐθνικῶν,
3052 5849 3112 5902 τὺ
3171 5852 3607 5906 κατακόπτεσθαι
3669 5855 3760 5906 καὶ
