4140 6486
355 361 458 416 ιιι)

1194 360 1257 416 ΙΝ
1295 358 1507 416 EPIST.
1554 361 1570 414 Ι
1635 358 1732 416 Μ)
1769 359 2099 418 THESSAL.
2139 364 2291 423 CAP.
2335 367 2420 424 Ν.
2464 370 2696 430 llOMIL.
2741 375 2827 430 Vl.

3549 387 3652 444 (-50

357 493 3595 538 ww

1781 567 2116 630 HOMILIA
2163 574 2270 634 VI.

348 717 476 774 CAP.
538 719 592 772 ι.
648 732 698 770 ν.
753 715 810 773 9.
857 715 938 772 De
985 718 1197 772 caritate
1240 728 1410 771 autem
1462 717 1796 788 fraternitatis
1843 733 1943 770 non

417 810 688 863 habuimus
713 825 915 864 necesse
938 810 1156 864 scribere
1185 810 1320 864 robis
1348 826 1366 863 :
1390 809 1488 876 ipsi
1512 810 1643 862 enim
1671 825 1755 861 vos
1781 825 1811 860 τι
1834 807 1944 860 Deo

417 877 669 954 didicistis
695 909 748 952 in
766 899 991 969 diligatis
1012 901 1246 954 inuicem.
1277 899 1363 954 to.
1396 897 1598 952 Etenim
1621 899 1752 951 illud
1775 899 1943 968 facitis

414 993 468 1046 in
499 1004 675 1046 omnes
705 995 892 1063 fratres
921 992 974 1045 in
998 995 1231 1046 universa
1265 992 1316 1046 Μ
1325 993 1590 1045 acedonia.

415 1084 467 1139 1.
507 1083 807 1150 Quamnam
835 1082 906 1136 ob
942 1097 1178 1148 causuu,
1212 1099 1333 1137 cum
1379 1083 1447 1138 de
1491 1082 1842 1151 temperantia
1885 1091 1939 1136 et

346 1175 597 1246 pudicitia
627 1184 736 1229 tam
761 1174 1107 1230 vehementer
1129 1176 1498 1240 disseruisset,
1529 1187 1581 1230 et
1608 1175 1751 1244 quod
1779 1190 1941 1243 opor-

349 1274 452 1321 teat
478 1267 696 1336 operari
723 1276 868 1321 esset
894 1266 1294 1334 disceptaturas
1321 1309 1335 1325 .
1388 1278 1440 1321 et
1467 1266 1608 1337 quod
1643 1283 1746 1320 non
1778 1283 1939 1336 opor-

351 1365 454 1412 teat
500 1356 691 1411 dolore
746 1355 887 1409 affici
939 1357 1009 1410 ob
1049 1371 1143 1410 eos
1191 1356 1283 1427 qui
1329 1355 1682 1410 decesserunt
1731 1374 1745 1408 :
1793 1356 1935 1426 quod

350 1450 616 1504 bonorum
660 1449 903 1503 omnium
947 1457 1031 1504 est
1078 1459 1278 1519 eaput,
1317 1465 1511 1519 nen'ipe
1554 1451 1785 1516 caritas,
1835 1449 1936 1504 hoc

349 1541 490 1610 ponit
544 1540 665 1594 aliis
723 1539 1018 1594 derelictis.
1080 1539 1200 1594 Non
1246 1557 1486 1608 necesse,
1534 1542 1741 1612 inquit,
1776 1541 1932 1595 habe-

347 1649 453 1686 mus
483 1633 554 1684 ad
587 1647 675 1686 vos
697 1630 962 1686 scribere?
1013 1631 1180 1702 quue
1233 1649 1299 1687 ex
1340 1635 1506 1688 multa
1552 1635 1832 1704 prudentia
1881 1643 1935 1688 et

347 1725 605 1797 spirituali
660 1725 929 1782 doctrina.
985 1725 1099 1781 Duo
1148 1727 1292 1782 enim
1349 1727 1434 1782 hic
1489 1728 1732 1783 indicat:
1768 1746 1929 1783 unum

347 1818 550 1889 quidem
575 1861 589 1884 ,
624 1819 770 1889 quod
820 1835 908 1876 res
953 1828 1035 1875 est
1079 1821 1218 1876 adeo
1259 1823 1560 1878 necessaria
1584 1865 1598 1887 ,
1649 1832 1705 1876 ιιι
1735 1839 1802 1878 ne
1829 1824 1931 1878 do-

349 1911 508 1965 ctrina
549 1911 768 1981 quidem
808 1921 997 1982 egeat;
1028 1929 1151 1968 nam
1181 1930 1300 1984 quae
1343 1924 1470 1969 sunt
1509 1914 1663 1971 valde
1713 1932 1929 1987 magna,

355 2013 472 2057 sunt
493 2004 738 2060 onmibns
775 2006 1091 2061 manifesta:
1114 2007 1409 2063 secundum
1435 2019 1634 2077 autem,
1664 2011 1745 2066 eis
1771 2011 1932 2080 majo-

362 2109 465 2147 rem
491 2094 738 2164 pudorem
777 2097 1005 2165 incutit,
1038 2115 1199 2170 quam
1225 2100 1269 2154 si
1296 2099 1664 2157 admonuisset
1708 2103 1809 2157 hoc
1843 2104 1928 2157 di-

359 2199 493 2240 cens.
523 2187 652 2241 Nam
683 2189 775 2258 qui
818 2191 1090 2246 existimat
1119 2208 1215 2248 eos
1263 2200 1320 2248 se
1364 2203 1512 2249 recte
1548 2197 1782 2266 gessisse
1805 2238 1820 2261 ,
1873 2207 1930 2258 et

352 2277 463 2332 ideo
486 2295 589 2333 non
617 2281 908 2348 admonet;
936 2284 980 2338 si
1013 2299 1070 2339 se
1107 2300 1214 2340 non
1243 2296 1390 2341 recte
1412 2287 1725 2357 gessissent,
1758 2291 1927 2360 magis

347 2372 652 2428 induxisset.
703 2373 836 2430 Vide
861 2387 1039 2432 autem
1072 2397 1084 2431 :
1106 2395 1211 2433 non
1236 2373 1366 2435 dicit
1391 2381 1460 2436 de
1477 2383 1700 2437 caritate
1728 2384 1780 2437 in
1809 2400 1929 2438 om-

346 2479 452 2529 nes,
485 2466 576 2519 sed
620 2465 688 2522 de
714 2468 938 2524 caritate
965 2469 1017 2523 iu
1057 2470 1272 2527 fratres.
1306 2472 1425 2527 Non
1447 2491 1576 2544 opus
1603 2474 1844 2528 habemus
1863 2477 1931 2529 ad

343 2573 421 2611 vos
445 2557 683 2615 scribere.
727 2559 954 2630 Oportet
999 2580 1128 2635 ergo
1167 2565 1329 2620 silere
1359 2576 1414 2621 et
1441 2567 1574 2622 nihil
1622 2569 1844 2632 dicere,
1883 2568 1927 2623 si

343 2667 441 2706 non
467 2669 608 2723 opus
637 2655 726 2708 sit.
771 2654 923 2711 Num:
953 2669 1132 2713 autem
1161 2659 1427 2727 dicendo,
1478 2659 1602 2715 Non
1649 2678 1778 2732 opus
1808 2672 1921 2729 est,

341 2746 450 2814 plus
470 2744 599 2800 fecit
624 2763 784 2818 quam
804 2749 849 2803 si
875 2745 1116 2806 dixisset.
1145 2752 1258 2821 Ipsi
1301 2754 1432 2806 enim
1478 2768 1566 2808 vos
1595 2771 1626 2806 a
1657 2753 1764 2808 Deo
1791 2755 1927 2807 didi-

336 2839 487 2894 cistis.
518 2839 654 2896 Vide
682 2851 862 2897 autem
889 2861 1008 2896 cum
1037 2854 1234 2915 quanta
1263 2845 1421 2901 laude
1450 2848 1616 2901 Deum
1643 2848 1761 2917 ejus
1791 2849 1924 2918 ipsis

336 2932 606 2988 doctorem
639 2936 917 2992 constituit
947 2954 960 2990 :
995 2937 1111 2993 Non
1151 2955 1284 3008 opus
1312 2950 1394 2995 est
1422 2983 1437 3005 ,
1484 2943 1697 3012 inquit,
1744 2953 1801 2996 ut
1828 2959 1921 2998 vos

335 3023 550 3080 discatis
600 3027 670 3081 ab
718 3027 958 3082 homine.
999 3029 1151 3096 Quod
1186 3029 1444 3101 prOpheta
1488 3049 1704 3104 quoque
1750 3033 1926 3090 dicit:

336 3113 396 3168 Et
423 3128 576 3170 erunt
601 3159 615 3180 ,
649 3117 864 3188 inquit,
897 3136 1072 3174 omnes
1121 3139 1150 3172 (ι
1193 3120 1300 3174 Deo
1330 3122 1484 3177 docti.
1540 3123 1636 3178 Vos
1659 3167 1673 3190 ,
1713 3125 1920 3195 inquit,

331 3222 499 3262 omnes
527 3225 558 3261 a
586 3207 694 3262 Deo
735 3210 986 3264 didicistis
1007 3253 1019 3274 ,
1059 3221 1112 3265 ut
1137 3211 1414 3284 diligeretis
1448 3215 1676 3270 invicem.
1723 3215 1924 3270 Etenim

331 3299 455 3353 illud
483 3301 660 3370 facitis
687 3301 740 3354 in
779 3317 953 3356 omnes
982 3305 1167 3373 fratres
1189 3349 1204 3366 ,
1244 3305 1330 3371 qui
1355 3315 1470 3359 sunt
1511 3307 1564 3359 in
1605 3317 1709 3360 tota
1750 3306 1924 3361 Mace-

331 3393 477 3447 donia
511 3411 532 3449 :
568 3403 622 3448 et
651 3395 704 3448 in
732 3410 922 3451 omnes
951 3397 1089 3452 alios
1115 3439 1130 3462 ,
1163 3399 1358 3470 inquit.
1405 3400 1531 3455 llaec
1561 3401 1718 3456 valde
1747 3402 1910 3469 pudo-

335 3501 438 3540 rem
466 3489 741 3543 incutiunt
785 3489 850 3543 ad
884 3489 985 3545 hoc
1024 3504 1083 3547 ιιι
1123 3493 1174 3548 id
1209 3493 1424 3549 faciant.
1491 3493 1557 3548 Et
1598 3510 1703 3549 non
1735 3495 1831 3549 abs
1863 3511 1921 3550 re

334 3578 485 3644 dico,
520 3579 670 3650 quod
713 3597 742 3637 a
795 3583 904 3638 Deo
943 3582 1242 3650 didicistis,
1287 3585 1385 3643 sed
1414 3585 1543 3641 illud
1575 3588 1696 3641 novi
1744 3603 1808 3642 ex
1857 3588 1921 3642 iis

328 3686 442 3739 tunc
471 3672 672 3729 facitis.
725 3673 799 3730 De
830 3673 932 3732 hac
960 3692 1017 3730 re
1047 3677 1125 3730 eis
1157 3674 1320 3732 multa
1352 3677 1556 3748 phebet
1592 3678 1918 3732 testimonia.

332 3760 595 3833 Rogamus
621 3774 924 3830 antemnas,
955 3769 1159 3836 fratres,
1190 3777 1243 3820 ιιι
1265 3766 1528 3822 abundetis
1547 3770 1726 3840 magis,
1759 3770 1843 3824 H.
1877 3778 1922 3824 et

325 3869 536 3924 operam
550 3856 701 3921 detis,
717 3867 771 3910 ut
785 3858 941 3927 quieti
960 3859 1090 3923 sitis,
1111 3869 1155 3912 et
1173 3869 1225 3913 ut
1240 3870 1451 3920 vestrum
1468 3864 1721 3933 negotium
1735 3863 1918 3933 agatis,

325 3956 370 4000 et
398 3949 687 4018 Operemini
709 3949 942 4004 manibus
973 3951 1170 4018 vestris,
1204 3951 1336 4006 sicut
1364 3954 1697 4022 prteccpimus
1743 3954 1880 4008 vobis
1903 3995 1918 4020 ,

323 4049 377 4092 ut
403 4041 618 4094 honeste
651 4039 919 4096 ambuletis
957 4041 1026 4096 ad
1051 4059 1136 4096 eos
1166 4044 1252 4113 qui
1277 4043 1402 4112 foris
1446 4054 1601 4110 sunt,
1633 4055 1677 4099 et
1728 4047 1923 4100 nullius

323 4133 523 4204 aliquid
551 4133 865 4191 desideratis.
913 4132 1008 4188 Hic
1037 4135 1272 4190 ostendit
1295 4153 1452 4205 quam
1481 4139 1772 4191 multorum
1803 4155 1920 4191 ma-

325 4225 499 4279 lorum
527 4239 690 4280 causa
719 4226 790 4280 sit
816 4226 1010 4292 otium,
1041 4243 1198 4297 quam
1229 4234 1517 4282 multorum
1543 4239 1720 4284 autem
1752 4230 1918 4284 bono-

324 4333 442 4372 rum
474 4317 759 4387 operatio;
807 4318 965 4390 idque
1010 4319 1173 4375 efficit
1206 4321 1540 4374 manitestum
1584 4337 1650 4376 ex
1702 4321 1765 4376 iis
1801 4337 1921 4391 quae

323 4419 451 4464 sunt
479 4409 629 4479 apud
657 4423 776 4472 nos,
812 4418 870 4464 ut
896 4409 1021 4465 facit
1059 4410 1242 4465 multis
1268 4411 1319 4464 iu
1351 4411 1522 4478 locis;
1551 4423 1604 4467 et
1635 4413 1923 4483 prudenter

322 4515 455 4558 sane
484 4519 500 4554 :
539 4500 626 4556 bis
649 4503 793 4558 enim
821 4505 990 4574 magis
1017 4503 1344 4558 inducuntur
1373 4504 1556 4572 plures
1583 4546 1597 4570 ,
1621 4521 1781 4575 quam
1811 4505 1922 4573 spi-

325 4592 641 4648 ritualibus.
702 4593 796 4649 Est
831 4595 975 4649 enim
1007 4595 1248 4649 caritatis
1289 4596 1340 4650 in
1371 4597 1676 4666 proximos,
1719 4612 1823 4652 non
1854 4595 1922 4650 ab

323 4683 428 4739 illis
475 4685 772 4754 accipere,
818 4684 914 4740 sed
962 4686 1067 4740 illis
1094 4687 1353 4755 praebere.
1397 4687 1529 4743 Vide
1572 4696 1751 4743 autem
1799 4705 1921 4760 pru-

321 4775 571 4830 dentiam
615 4793 628 4829 :
661 4791 782 4831 cum
813 4785 959 4832 esset
999 4787 1282 4848 rogaturus
1311 4788 1366 4834 et
1407 4779 1778 4835 admoniturus
1807 4824 1822 4848 ,
1875 4780 1923 4834 id

321 4866 471 4936 quod
507 4875 658 4921 recte
689 4867 748 4921 ιιι
774 4869 924 4937 ponit
952 4869 1005 4923 in
1036 4869 1231 4934 medio,
1267 4880 1324 4924 ut
1351 4881 1405 4924 et
1430 4886 1458 4924 a
1486 4873 1651 4940 priori
1682 4873 1924 4926 admeni.

324 4959 477 5015 tione
511 4959 783 5029 respirent
812 4970 868 5016 et
891 4975 920 5015 a
953 4963 1110 5017 minis
1135 5005 1150 5030 ,
1200 4964 1414 5033 quando
1439 4963 1656 5019 dicebat
1688 4983 1701 5019 :
1735 4963 1919 5034 Itaque

322 5052 414 5121 qui
445 5054 563 5106 hwc
592 5053 825 5121 spernit,
878 5070 979 5107 non
1005 5055 1260 5111 hominem
1303 5056 1490 5125 spernit
1520 5097 1537 5122 ,
1579 5057 1666 5110 sed
1714 5057 1874 5111 Deum
1901 5073 1921 5121 ;

324 5151 381 5198 et
411 5152 470 5197 ut
501 5142 606 5197 hac
635 5144 846 5199 ratione
874 5161 942 5200 ne
972 5147 1239 5200 resiliaut.
1274 5147 1384 5202 Iloc
1415 5158 1593 5202 autem
1624 5148 1681 5202 fit
1708 5165 1772 5203 ex
1795 5164 1927 5218 ope-

324 5235 549 5290 ratione
573 5275 589 5301 ,
623 5245 680 5290 ut
711 5252 885 5307 neque
911 5239 1175 5307 accipiant
1199 5281 1213 5302 ,
1260 5255 1433 5309 neque
1459 5241 1565 5294 sint
1603 5242 1797 5304 otiosi,
1834 5241 1928 5296 sed

326 5334 628 5396 operantes
663 5328 785 5383 aliis
815 5329 1111 5400 praebeant.
1154 5331 1360 5387 Beutins
1399 5343 1472 5388 est
1499 5334 1641 5388 etiim
1667 5375 1682 5400 ,
1715 5334 1882 5404 inquit
1910 5376 1926 5401 ,

324 5418 462 5473 dare
501 5435 656 5488 quam
686 5422 938 5490 accipere.
975 5420 1043 5476 Et
1092 5425 1404 5492 aperemini,
1454 5426 1659 5496 inquit,
1699 5426 1933 5480 manibus

327 5509 522 5562 uestris
554 5508 573 5579 (
602 5509 717 5563 Act.
749 5510 844 5565 20.
875 5509 945 5567 55
969 5508 1011 5583 ).
1059 5509 1160 5569 Ubi
1207 5525 1331 5569 sunt
1374 5531 1504 5587 ergo
1552 5516 1644 5586 qui
1685 5526 1936 5586 quaerunt

326 5616 478 5668 Opus
509 5600 826 5670 spirituale?
847 5600 1008 5660 Vides
1032 5607 1304 5676 quomodo
1333 5609 1412 5663 eis
1438 5625 1652 5664 onmem
1676 5610 1936 5665 ademerit

327 5693 460 5762 ejus
490 5695 571 5749 rei
616 5701 994 5767 occasionem,
1022 5701 1206 5758 dicens
1231 5745 1245 5769 ,
1289 5701 1526 5756 Manibus
1551 5705 1745 5759 vestris.
1785 5702 1938 5774 Jeju-

334 5787 568 5843 niumue
609 5801 863 5860 operatur
906 5795 1100 5865 aliquis
1141 5796 1429 5852 manibus?
1475 5813 1601 5852 num
1645 5808 1932 5856 nocturnas

2055 715 2304 819 vigilias?
2353 738 2477 779 unm
2523 727 3028 794 humicubationes?
3067 743 3237 804 Nemo
3265 751 3366 810 hoc
3405 757 3643 819 dixerit:

2054 807 2160 922 sedI
2179 809 2247 864 de
2275 825 2439 881 Opere
2468 816 2599 873 dicit
2625 823 2887 890 spirituali
2924 848 2940 885 :
2970 844 3054 888 est
3092 839 3232 894 enim
3264 859 3449 902 revera
3475 807 3643 922 spiri:

2055 898 2196 951 tualc
2219 940 2235 966 ,
2268 917 2584 971 operantem
2616 913 2737 967 aliis
2768 919 3007 983 priehcre
3030 967 3043 987 ,
3092 937 3148 982 et
3182 934 3385 990 nullum
3419 898 3638 1010 opulus-ei
3711 978 3714 980 η

2052 997 2578 1094 potestmquiparari.
2608 1002 2677 1058 Ut
2697 1007 2922 1078 honeste,
2948 1015 3138 1087 inquit,
3161 997 3643 1094 ainbuletis..\'ides

2047 1085 2319 1183 quomodo
2348 1085 2440 1184 eos
2485 1099 2683 1162 tangat.
2735 1098 2848 1154 Non
2890 1085 3065 1171 dixit,
3116 1085 3192 1167 Ne
3224 1085 3640 1184 inhonestetvos

2046 1174 2245 1272 geratis
2275 1178 2680 1251 mendicantes;
2728 1190 2823 1244 sed
2854 1193 3083 1264 idipsum
3113 1205 3330 1272 quidem
3356 1215 3513 1270 tacite
3556 1174 3635 1272 si;

2045 1263 2336 1371 guificavit,
2373 1273 2556 1371 mitius
2581 1289 2760 1335 autem
2793 1301 2827 1354 p
2851 1263 2976 1353 :nit,
3013 1303 3069 1346 ut
3093 1263 3146 1349 ei
3180 1313 3376 1371 pungat
3404 1263 3633 1369 ξξῖιιῖξυ

2047 1355 2400 1464 vehementer
2420 1362 2520 1420 hos
2546 1382 2753 1438 gravet.
2783 1375 2914 1430 Nam
2943 1381 2987 1434 si
3017 1382 3050 1435 ii
3078 1355 3631 1464 qui-sun:

2045 1444 2127 1500 his
2157 1449 2501 1510 offenduntur
2526 1499 2540 1522 ,
2591 1465 2760 1520 multo
2800 1471 2968 1539 magis
3013 1480 3219 1531 externi
3245 1522 3260 1542 ,
3301 1444 3634 1547 invenientes

2045 1540 2186 1595 mille
2215 1551 2500 1604 accusandi
2528 1563 2582 1608 et
2607 1558 3036 1625 reprehendendi
3068 1584 3228 1625 ansas
3252 1614 3266 1636 ,
3297 1580 3514 1644 quando
3547 1584 3626 1637 vi-

2039 1633 2169 1690 dent
2200 1637 2470 1698 hominem
2505 1661 2698 1704 sanum
2723 1691 2738 1715 ,
2784 1665 2837 1706 et
2866 1657 2955 1725 qui
2989 1658 3090 1714 sibi
3119 1633 3295 1730 potest
3315 1633 3621 1728 sufﬁceret.

2040 1730 2345 1832 mendicare
2375 1745 2430 1790 et
2467 1739 2590 1794 aliis
2615 1757 2748 1811 opus
2775 1744 2997 1804 habere.
3043 1753 3108 1806 Et
3151 1753 3272 1812 ideo
3314 1776 3412 1815 nos
3438 1768 3628 1832 appel-

2038 1817 2150 1911 lant
2205 1823 2676 1899 Cbristemporos,
2731 1835 2835 1892 hoc
2883 1849 2966 1895 est
3010 1843 3209 1900 Christi
3257 1817 3626 1911 inercatotzes:

2043 1910 2318 1982 Propterea
2343 1961 2357 1985 ,
2388 1921 2558 1991 inquit
2579 1966 2592 1986 ,
2627 1927 3008 1998 blasphematur
3027 1951 3209 1992 nomen
3247 1938 3364 1994 Dei.
3396 1947 3462 1997 At
3495 1910 3626 2002 nihil

2040 2002 2227 2060 borum
2258 2010 2472 2076 posuit,
2505 2015 2598 2068 sed
2629 2017 2677 2070 id
2708 2021 2848 2087 quod
2881 2025 3115 2081 maxime
3142 2043 3237 2083 eos
3267 2040 3474 2099 poterat
3511 2045 3626 2092 lall-

2035 2110 2182 2165 gcrc,
2214 2115 2406 2168 nempe
2432 2101 2668 2162 dedecus
2698 2118 2752 2162 ct
2780 2114 3166 2180 turpitudinem
3196 2135 3210 2171 :
3247 2120 3329 2176 l‘l.
3361 2122 3620 2182 Nolumus

2035 2200 2203 2244 autem
2245 2209 2330 2248 vos
2359 2196 2628 2266 ignorare,
2657 2205 2859 2270 fratres,
2889 2205 2953 2259 de
2996 2207 3364 2268 dormientibus
3386 2255 3402 2281 ,
3434 2228 3490 2269 ut
3517 2235 3620 2272 non

2035 2283 2398 2433 igitristeemini
2445 2289 2575 2342 sicut
2624 2300 2670 2344 et
2733 2296 2902 2349 cieteri
2951 2299 3038 2366 qui
3084 2317 3228 2369 spem
3274 2320 3376 2359 non
3429 2307 3614 2364 habent

2065 2431 2070 2433 _
2113 2383 2213 2420 om.
2302 2411 2314 2423 .
2346 2369 2417 2424 2i
2440 2373 2478 2433 ).

2065 2369 2213 2436 Rom.
2260 2369 2314 2423 2.
2346 2369 2417 2424 2i
2439 2373 2478 2440 ).

2113 2444 2175 2510 ἓξ
2196 2455 2320 2511 [hec
2341 2459 2451 2511 duo
2480 2463 2713 2518 maxime
2747 2482 2844 2522 eos
2871 2475 3319 2538 pessumdabant,
3345 2488 3642 2548 paupertas

2039 2555 2097 2599 et
2125 2545 2294 2599 animi
2328 2550 2622 2618 :egritudo,
2662 2563 2721 2607 ut
2750 2558 2996 2628 reliquos
3023 2564 3188 2617 etiam
3221 2545 3639 2626 lioniines.Vitlc

2049 2646 2234 2690 autem
2276 2644 2556 2708 quomodo
2613 2662 2677 2700 ca
2711 2661 2888 2705 curet.
2931 2655 3238 2725 Paupertas
3285 2671 3470 2715 autem
3507 2663 3637 2720 hinc

2039 2737 2162 2781 orta
2209 2738 2314 2794 est,
2354 2733 2501 2800 quod
2547 2734 2757 2810 fuerint
2813 2750 2983 2813 rapta:
3011 2760 3204 2800 eorum
3253 2751 3524 2817 pecuniae.
3577 2751 3636 2806 Si

2037 2829 2226 2874 autem
2271 2839 2370 2878 eos
2422 2843 2660 2894 quorum
2706 2835 2958 2901 pecunia:
3011 2837 3372 2908 rapiebantur
3403 2853 3635 2912 propter

2039 2911 2345 2979 Christum,
2379 2917 2538 2988 jubet
2564 2933 2862 2992 operantes
2892 2927 2988 2994 ali,
3025 2931 3202 2986 multo
3249 2911 3422 3004 magis
3470 2911 3630 2991 alios.

2031 3003 2168 3057 Nam
2192 3008 2341 3076 quod
2363 3020 2530 3080 rapta:
2549 3013 2758 3069 fuerint
2783 3032 2980 3073 eorum
3007 3023 3258 3091 pecuniae
3275 3003 3404 3080 hinc
3425 3025 3630 3096 liquet:

2034 3096 2357 3168 Imitatorcs,
2383 3104 2583 3174 inquit,
2605 3106 2779 3177 fuistis
2804 3109 3161 3167 Ecclesiarum
3179 3131 3298 3184 quae
3313 3127 3437 3169 sunt
3462 3118 3516 3170 in
3535 3116 3631 3170 Ju-

2038 3195 2153 3250 dica
2187 3196 2248 3265 (l
2288 3196 2464 3253 Thess.
2491 3199 2544 3254 2.
2583 3201 2693 3271 14).
2723 3201 3046 3269 Quomodo?
3073 3205 3213 3273 Quia
3242 3207 3350 3263 illis
3378 3211 3631 3268 scribens

2028 3289 2250 3345 dicebat
2275 3309 2288 3344 :
2311 3291 2381 3345 Et
2411 3295 2662 3366 rapinam
2684 3296 2945 3352 bonorum
2975 3307 3270 3354 vestrorum
3289 3319 3408 3356 cum
3432 3305 3628 3374 gaudio

2023 3383 2327 3453 suscepistis
2355 3384 2536 3456 (Hebr.
2563 3387 2876 3461 10.54).Hic
2909 3402 3094 3448 autem
3117 3393 3186 3449 de
3218 3396 3628 3452 resurrectione

2027 3476 2200 3546 agitat
2222 3494 2558 3535 sermonem.
2583 3483 2728 3550 Quid
2749 3486 2922 3540 vero?
2947 3501 3133 3540 annon
3155 3487 3224 3542 de
3250 3505 3318 3544 eo
3333 3504 3460 3542 cum
3489 3489 3627 3558 ipsis

2022 3567 2394 3625 disseruerat?
2411 3571 2515 3626 Sed
2531 3573 2622 3628 hic
2638 3575 2915 3644 quoddam
2930 3576 3166 3632 alterum
3181 3578 3499 3635 subindicat
3515 3597 3626 3652 my-

2020 3661 2581 3729 sterium.Quodnam
2604 3676 2788 3720 autem
2815 3667 2924 3722 hoc
2947 3670 3070 3722 est?
3100 3667 3238 3734 Quia
3260 3687 3356 3724 nos
3382 3672 3472 3742 qui
3502 3673 3624 3726 vivi-

2023 3769 2160 3818 mus,
2184 3755 2274 3824 qui
2306 3757 2501 3811 residui
2523 3775 2728 3824 sumus,
2768 3759 2970 3830 inquit,
3004 3763 3059 3815 in
3077 3766 3364 3817 adventum
3379 3763 3616 3830 Domini,

2024 3861 2128 3899 non
2147 3849 2528 3918 prwveniemus
2542 3868 2648 3916 eos,
2665 3855 2756 3924 qui
2781 3853 3114 3909 dormierunt
3131 3855 3506 3927 (v.1.i).Atque
3519 3875 3619 3912 no-

2019 3935 2106 3993 bis
2118 3938 2342 4009 quidem
2358 3941 2754 4000 sulIicitsermo
2770 3949 3197 4003 resurrectionis
3208 3949 3274 4004 ad
3293 3966 3418 4004 eum
3435 3967 3617 4006 conso-

2029 4029 2246 4086 landum
2268 4032 2359 4102 qui
2381 4033 2651 4088 cruciatur
2670 4032 2888 4090 dolore:
2912 4036 3108 4091 sufficit
3130 4041 3288 4093 etiam
3314 4041 3454 4111 quod
3479 4058 3622 4097 nunc

2029 4123 2224 4178 dicitur
2251 4125 2486 4181 maxime
2527 4125 2632 4182 ﬁde
2669 4127 2884 4198 dignam
2912 4128 3114 4184 faciens
3143 4133 3614 4188 resurrectionem.

2033 4213 2266 4269 Primum
2289 4229 2468 4276 autem
2488 4215 2639 4280 illud,
2657 4229 2707 4270 ut
2732 4219 2862 4286 ipse,
2884 4219 3124 4272 dicamus
3145 4219 3424 4275 :Nolninns
3446 4234 3618 4277 autem

2029 4321 2114 4359 vos
2137 4307 2392 4376 ignorare,
2422 4307 2628 4375 fratres.
2655 4308 2718 4360 de
2744 4308 3128 4375 dormientibus,
3153 4321 3204 4362 ut
3228 4328 3328 4365 non
3355 4315 3619 4368 contriste-

2029 4402 2154 4454 mini
2182 4399 2309 4454 sicut
2329 4407 2374 4452 et
2397 4401 2564 4453 cceteri
2583 4400 2669 4471 qui
2685 4416 2826 4469 spem
2853 4417 2954 4453 non
2978 4401 3325 4458 liabent.\'ide
3353 4421 3513 4475 quam
3534 4407 3619 4463 hic

2031 4505 2243 4561 quoque
2269 4490 2515 4560 loquatur
2543 4489 2734 4544 leuiter
2764 4500 2816 4545 et
2838 4491 3066 4560 placide.
3098 4493 3215 4549 Non
3249 4495 3384 4551 dixit
3413 4539 3428 4563 ,
3467 4497 3611 4554 Estis

2031 4582 2166 4636 adeo
2187 4582 2334 4636 stulti
2371 4579 2518 4651 (Gal.
2550 4583 2599 4637 5-
2638 4583 2716 4648 3),
2754 4584 2892 4637 sicut
2917 4583 2983 4638 ad
3010 4585 3341 4651 Corinthios,
3371 4589 3508 4644 adeo
3541 4589 3620 4644 in-

2032 4675 2287 4744 sipientes
2313 4716 2327 4737 ,
2360 4673 2502 4744 quod
2529 4689 2650 4729 cum
2677 4675 2858 4730 sciatis
2885 4680 3333 4734 resurrectionem
3359 4722 3375 4746 ,
3414 4682 3553 4735 sicut
3584 4684 3618 4737 ii

2032 4767 2121 4834 qui
2153 4783 2257 4822 non
2285 4767 2534 4833 credunt,
2564 4767 2754 4822 dolore
2783 4767 3126 4831 afficiamini;
3159 4769 3254 4824 sed
3287 4771 3356 4822 ita
3391 4771 3618 4839 placide,

2035 4859 2198 4926 Nolo,
2223 4859 2358 4914 dixit
2383 4901 2400 4926 ,
2433 4859 2592 4913 aliam
2621 4875 2806 4914 eorum
2837 4859 3084 4912 virtutem
3114 4875 3390 4916 reverens.
3420 4861 3487 4914 Et
3513 4878 3622 4916 non

2035 4955 2192 5016 dixit,
2229 4954 2303 5008 De
2332 4953 2560 5006 mortuis
2580 4994 2595 5017 ,
2621 4951 2802 5005 statim
2832 4966 2864 5004 a
2894 4949 3171 5020 protentiis
3191 4951 3401 5021 jaciens
3431 4952 3622 5008 funda-

2038 5057 2276 5102 mentum
2305 5045 2709 5100 consolationis.

2111 5141 2304 5196 Μονιυὶ
2326 5156 2426 5192 non
2446 5133 2871 5208 plangendi.—U
2875 5139 2893 5188 ι
2911 5151 3011 5190 non
3027 5135 3408 5204 contristemini,
3433 5138 3625 5208 inquit,

2035 5235 2166 5288 sicut
2188 5242 2234 5287 et
2264 5231 2431 5286 cieteri
2454 5230 2538 5300 qui
2567 5246 2706 5300 spem
2725 5244 2824 5282 non
2843 5227 3046 5281 habent.
3072 5227 3331 5298 Plangere
3347 5246 3475 5299 ergo
3507 5247 3630 5299 prn-

2040 5339 2158 5398 pter
2177 5341 2270 5383 eos
2286 5325 2375 5397 qui
2398 5333 2882 5387 excesserunt,non
2902 5333 2981 5377 est
2996 5336 3182 5378 eorum
3206 5331 3352 5376 certe
3369 5324 3456 5392 qui
3476 5341 3628 5392 spem

2042 5421 2276 5484 habent;
2305 5426 2360 5473 et
2387 5416 2598 5470 merito.
2630 5415 2820 5469 Anima
2848 5414 2988 5468 enim
3019 5429 3137 5484 qua:
3167 5412 3300 5468 nihil
3323 5413 3423 5468 scit
3448 5413 3517 5468 de
3549 5431 3631 5468 rc-

2042 5509 2375 5566 surrectione
2401 5549 2415 5575 ,
2446 5507 2541 5562 sed
2567 5506 2706 5562 hanc
2738 5517 2966 5562 mortem
3007 5516 3234 5560 mortem
3278 5519 3398 5560 esse
3431 5515 3580 5574 putat
3613 5549 3630 5571 ,

2046 5605 2239 5660 merito
2265 5601 2468 5673 plangit
2493 5611 2548 5655 et
2580 5601 2904 5655 lamentatur
2934 5609 2990 5653 et
3029 5598 3176 5669 luget
3219 5597 3631 5653 intolerabiliter

2048 5707 2316 5765 tamquam
2343 5693 2413 5749 de
2442 5694 2507 5748 iis
2545 5693 2635 5764 qui
2665 5691 2942 5763 perierunt
2969 5709 2981 5744 :
3012 5698 3066 5744 tu
3095 5696 3274 5744 autem
3318 5689 3407 5760 qui
3438 5706 3629 5759 exspe-

2047 5809 2158 5856 ctas
2187 5790 2656 5854 resurrectionem,
2685 5803 2779 5843 cur
2799 5779 3154 5841 lanmntarist
3183 5782 3324 5855 Ergo
3355 5784 3537 5856 lugere
3554 5791 3631 5839 est
