4140 6492
513 365 607 422 ιδι
1233 356 1289 410 S.
1332 351 1610 411 JOANNIS
1649 349 2089 409 CIIRYSOSTON

2198 348 2482 410 iRCfllEl‘.
2523 352 3062 416 CONSTANTINOP.

511 491 697 531 eorum
723 475 810 545 qni
842 488 992 543 spem
1016 487 1118 524 nou
1145 469 1358 526 habent.
1387 467 1598 530 Audite,
1623 483 1655 520 ο
1676 467 1944 528 mulieres,
1971 481 2091 535 quae

515 571 761 625 lubenter
790 563 1173 627 lamentamini,
1195 577 1314 632 qua!
1343 562 1474 616 estis
1503 561 1764 630 proclives
1789 568 1844 612 et
1866 573 2096 628 propen-

503 678 586 714 sa:
635 657 1036 714 intolerabiliter
1076 653 1142 708 ad
1193 653 1367 708 luctus
1397 692 1411 718 ,
1449 650 1590 722 quod
1630 666 1691 705 ea
1723 649 1930 705 faciatis
1973 663 2094 719 qua:

510 751 726 806 ethnici.
758 748 814 802 Si
839 757 1014 801 autem
1037 745 1218 800 dolere
1244 752 1460 814 propter
1485 757 1578 797 eos
1605 742 1696 812 qui
1724 747 2090 804 excesserunt,

510 853 592 894 est
612 841 972 900 ethnicorum,
1007 838 1259 907 plangere
1284 845 1338 890 et
1363 850 1528 905 genas
1561 835 1802 889 lacerare
1831 848 2089 903 quorum-

513 947 633 984 nam
659 940 740 985 est
763 972 780 994 ,
809 928 1145 998 dic,qu:eso?
1184 927 1290 981 Cur
1313 927 1620 981 lamentaris
1645 967 1660 991 ,
1687 926 1730 979 si
1758 925 1937 980 credis
1965 939 2087 978 eum

509 1035 632 1077 esse
659 1029 1088 1078 resurrecturum
1121 1020 1144 1072 ‘l
1187 1019 1230 1072 si
1258 1017 1438 1074 credis
1462 1032 1584 1072 eum
1615 1031 1719 1069 non
1751 1015 1973 1082 periisse
2000 1054 2016 1079 ,
2043 1013 2088 1066 si

509 1130 627 1169 eam
650 1129 760 1166 rem
790 1127 911 1165 esse
932 1125 1176 1164 sonnuun
1199 1107 1682 1163 etdormitionem?
1711 1107 1936 1174 Propter
1963 1120 2092 1158 con-

509 1205 849 1260 suetudinem
879 1204 1153 1266 amissam,
1189 1201 1402 1270 inquit,
1444 1201 1768 1266 tutelamque
1809 1207 1864 1252 et
1911 1212 2088 1250 rerum

509 1305 784 1359 curam,et
810 1311 971 1350 omne
991 1293 1134 1348 aliud
1162 1293 1417 1346 officium.
1447 1292 1669 1358 Quando
1695 1305 1824 1360 ergo
1844 1290 2088 1344 amiseris

511 1390 676 1442 filium
707 1388 756 1440 in
790 1387 1068 1440 immatura
1097 1393 1273 1446 aetate,
1306 1384 1395 1452 qui
1423 1383 1656 1436 nondum
1690 1390 1864 1452 potest
1888 1380 2085 1450 aliquid

509 1495 686 1548 agere,
709 1492 806 1530 cur
835 1475 1181 1529 lamentaris?
1210 1474 1336 1544 quid
1366 1473 1630 1544 requiris?
1653 1473 2086 1542 Bonam,-inquit,

509 1585 656 1638 Spem
685 1567 1012 1629 ostenderat,
1045 1577 1099 1620 et
1126 1565 1406 1633 Sperabam
1437 1565 1551 1619 fore
1577 1575 1631 1618 ιιι
1654 1567 1756 1620 mei
1785 1581 1968 1619 curam
1991 1580 2088 1635 ge-

509 1669 654 1714 reret
716 1659 1002 1727 Propterea
1050 1673 1236 1727 qumro
1281 1659 1452 1710 virum
1479 1699 1494 1721 ,
1537 1667 1820 1726 propterea
1874 1657 2042 1711 filimu
2069 1699 2082 1720 ,

511 1762 790 1821 propterea
827 1750 1019 1819 plango
1042 1759 1094 1804 et
1121 1749 1406 1814 lamentor,
1441 1763 1544 1802 non
1577 1749 1717 1818 quod
1746 1764 1850 1803 non
1873 1749 2087 1801 credam

509 1843 909 1904 resurrectioni,
942 1842 1035 1897 sed
1060 1843 1201 1913 quod
1225 1842 1325 1895 sim
1353 1841 1608 1896 destituta
1658 1842 1727 1896 ab
1763 1842 1964 1896 auxilio
1988 1884 2007 1909 ,
2036 1852 2090 1896 et

507 1934 778 1987 amiserim
809 1942 1112 1988 curatorem
1143 1942 1197 1988 et
1221 1932 1563 1987 defensorem
1585 1973 1600 1998 ,
1633 1933 1720 2002 qui
1752 1948 1959 1987 mecum
1990 1935 2085 1986 ha-

511 2025 727 2086 bitabat,
760 2025 848 2092 qui
881 2039 1060 2079 rerum
1093 2025 1331 2077 omnium
1354 2034 1467 2077 erat
1498 2025 1698 2089 socius,
1729 2025 1817 2094 qui
1851 2041 1936 2079 me
1958 2041 2088 2078 con-

506 2115 818 2168 solaba‘tur:
852 2114 964 2167 hzee
997 2114 1172 2183 lugeo.
1207 2114 1332 2167 Scio
1364 2111 1480 2167 fore
1505 2125 1558 2167 ut
1590 2124 1852 2184 resurgat,
1877 2115 1969 2169 sed
2003 2116 2086 2169 in-

511 2206 824 2260 termedium
852 2220 956 2258 non
977 2207 1089 2258 fero
1107 2205 1499 2274 separationem
1519 2224 1530 2258 :
1550 2205 1720 2261 afﬂuit
1733 2206 1894 2259 multa
1910 2223 1985 2260 rei
2001 2223 2091 2260 um

510 2297 664 2351 tutba
690 2337 704 2359 ,
738 2312 856 2348 sum
879 2297 1120 2363 exposita
1154 2295 1362 2364 injuria:
1389 2299 1628 2349 omnium
1659 2296 1751 2364 qui
1779 2298 2047 2351 voluerint
2073 2315 2086 2351 :

509 2389 596 2456 qui
624 2387 769 2455 prius
800 2385 1061 2440 timebant
1088 2386 1292 2450 famuli,
1321 2402 1461 2440 nunc
1483 2386 1790 2454 despiciunt.
1820 2397 1874 2442 et
1915 2389 2086 2442 insul-

511 2492 621 2534 tant
653 2498 665 2533 :
696 2481 738 2535 si
758 2483 839 2533 (τιιί
861 2479 1142 2545 benefecit,
1172 2479 1214 2532 is
1231 2491 1312 2533 est
1333 2479 1529 2533 oblitus
1548 2481 1665 2548 ejus
1685 2480 2087 2537 beneficiorum:

508 2576 551 2627 si
580 2574 698 2644 quis
723 2574 790 2627 ab
814 2589 880 2628 eo
911 2573 1050 2626 male
1075 2572 1320 2639 affectus,
1355 2573 1666 2627 recordatur
1697 2574 1922 2643 injurizn,
1952 2577 2084 2630 iram

509 2668 560 2718 in
595 2681 679 2718 me
709 2665 994 2719 convertit.
1028 2665 1150 2717 lltec
1191 2679 1296 2718 non
1348 2665 1532 2718 sinunt
1577 2681 1661 2720 me
1694 2665 1833 2719 ferre
1862 2667 2091 2721 viduita-

509 2769 636 2819 tem,
672 2773 768 2810 nec
790 2756 996 2825 placide
1026 2755 1208 2826 lugere
1240 2774 1253 2810 :
1283 2766 1565 2826 propterea
1596 2756 1813 2828 plango,
1842 2769 2088 2828 propter-

507 2854 570 2899 ea‘
595 2847 879 2900 lamentor.
911 2845 1192 2911 Quomodo
1213 2861 1341 2916 ergo
1367 2861 1459 2900 eas
1478 2847 1879 2900 consolabinmr
1905 2849 1929 2902 ?
1957 2849 2085 2919 quid

507 2938 780 2993 dicemus?
809 2937 1078 3006 quomodo
1121 2953 1304 2993 earum
1338 2937 1537 2992 luctum
1580 2939 1923 2994 arcebimus?
1968 2940 2086 2994 Pri-

509 3046 656 3084 mum
687 3045 778 3083 cas
807 3031 1043 3084 conabor
1066 3029 1386 3083 convincere
1419 3069 1435 3095 ,
1480 3028 1622 3098 quod
1655 3029 1768 3084 lucc
1793 3030 1953 3084 verba
1981 3045 2087 3084 non

509 3125 612 3174 sint
644 3121 1072 3184 lamentationis,
1116 3119 1210 3174 sed
1243 3119 1654 3174 inconsiderata:
1679 3119 1841 3174 animi
1873 3130 2088 3191 pertur-

511 3214 756 3266 hationis.
787 3212 841 3267 Si
872 3212 1014 3266 enim
1049 3211 1162 3266 haec
1186 3212 1368 3280 luges,
1397 3221 1673 3280 oporteret
1710 3227 1832 3267 eum
1859 3213 1947 3283 qni
1993 3229 2090 3268 ex-

509 3304 672 3357 Cessit
703 3313 962 3372 perpetuo
987 3303 1169 3372 lugere
1199 3303 1278 3356 :si
1309 3309 1488 3357 autem
1516 3318 1637 3358 cum
1667 3318 1840 3358 annus
1864 3315 2090 3375 printer-

512 3393 674 3458 ierit,
707 3392 1049 3446 oblivisceris
1085 3391 1309 3461 perinde
1333 3402 1494 3462 atque
1522 3393 1565 3448 si
1598 3393 1732 3448 nihil
1759 3397 2043 3450 accidisset
2073 3438 2089 3463 ,

511 3499 616 3537 non
638 3501 759 3539 eum
782 3484 872 3553 qui
901 3483 1131 3539 excessit
1163 3484 1496 3549 lamentaris,
1525 3501 1623 3540 nec
1642 3486 1758 3554 ejus
1787 3489 2006 3542 tutelam
2037 3499 2093 3544 et

510 3577 900 3631 defensionem.
935 3579 1006 3630 At
1036 3593 1140 3629 non
1171 3576 1278 3632 fers
1304 3579 1697 3647 separationem
1733 3620 1748 3646 ,
1781 3592 1834 3636 et
1865 3598 2088 3640 consue-

510 3669 708 3722 tudinis
730 3668 1202 3736 interruptionem?
1230 3669 1366 3735 Quid
1392 3670 1626 3725 dixerint
1653 3688 1773 3742 qua:
1799 3673 1867 3728 ad
1897 3691 2092 3729 secun-

509 3763 606 3815 das
665 3763 1016 3814 convolarunt
1070 3761 1332 3830 nuptias?
1379 3762 1492 3816 Non
1552 3763 1695 3817 enim
1751 3767 1956 3832 priores
2009 3783 2092 3822 rc-

510 3853 729 3918 qnirunt
781 3861 836 3907 et
883 3851 1210 3906 desiderant.
1257 3851 1360 3906 Sed
1409 3868 1477 3907 ne
1535 3855 1832 3909 orationem
1879 3857 1944 3910 ad
1999 3873 2092 3914 eas

513 3944 806 4011 dirigamus
830 3985 846 4010 ,
891 3943 984 3997 sed
1012 3943 1077 3996 ad
1104 3958 1196 3998 eas
1223 3959 1341 4014 qtue
1371 3944 1437 3999 iis
1461 3945 1550 4015 qui
1581 3958 1930 4003 excesserunt
1956 3964 2092 4004 con-

513 4045 730 4090 servant
783 4036 1210 4091 benevolentiam
1247 4052 1388 4091 :cur
1433 4037 1583 4108 luges
1639 4038 1895 4096 infantem
1930 4043 1954 4096 ?
1996 4059 2094 4097 cur

517 4126 808 4180 maritum?
837 4126 1100 4195 Quoniam
1128 4127 1219 4181 illo
1245 4128 1461 4198 quidem
1487 4128 1590 4183 frui
1621 4145 1727 4185 non
1755 4142 1837 4187 est
1866 4148 2094 4189 conces-

510 4235 628 4272 sum
658 4235 673 4286 ;
709 4219 810 4274 hoc
851 4235 982 4274 vero
1011 4223 1314 4290 ex3pectavi
1345 4222 1454 4277 fore
1490 4231 1548 4276 ut
1587 4223 1816 4293 amplius
1859 4223 2090 4282 fruerer.

521 4311 633 4365 lloc
661 4322 839 4366 autem
865 4321 1080 4382 quanta:
1106 4322 1188 4368 est
1217 4313 1546 4369 infidelitatis
1571 4357 1586 4379 ,
1617 4317 1926 4373 existimare
1947 4321 2090 4390 quod

511 4411 604 4454 aut
633 4402 857 4456 maritus
887 4412 978 4456 aut
1001 4403 1174 4456 infans
1203 4415 1253 4459 te
1281 4407 1332 4458 in
1363 4415 1475 4460 tuto
1502 4407 1755 4475 collocet,
1780 4425 1886 4464 non
1909 4422 2089 4466 autem

515 4493 697 4547 Deus?
725 4491 1003 4558 Quomodo
1032 4511 1133 4547 non
1166 4507 1320 4563 putas
1348 4505 1400 4550 te
1421 4513 1542 4551 eum
1564 4499 1814 4555 irritare?
1845 4501 2095 4572 Pr0ptcr-

511 4600 572 4635 ea
603 4584 744 4638 enim
775 4599 868 4638 eos
898 4601 1040 4655 sa'pe
1069 4587 1282 4656 accipit,
1315 4605 1380 4642 ne
1403 4591 1482 4644 eis
1508 4591 1576 4644 ita
1607 4591 1682 4645 sis
1712 4591 1870 4645 affixa
1897 4634 1912 4658 ,
1947 4605 2002 4646 nt
2025 4595 2093 4648 ah

512 4675 618 4730 illis
643 4691 790 4745 spem
812 4676 1063 4731 abducas.
1101 4678 1239 4732 Deus
1267 4680 1407 4734 enim
1439 4689 1520 4735 est
1543 4682 1759 4747 zelotes,
1779 4692 1833 4737 et
1863 4685 2093 4739 maxime

511 4768 749 4822 onmimn
778 4768 891 4823 vult
918 4784 946 4822 a
981 4769 1131 4824 nobis
1151 4771 1298 4839 diligi
1321 4791 1333 4831 ;
1360 4773 1517 4841 idque
1543 4775 1795 4843 quoniam
1821 4791 1917 4830 nos
1938 4778 2092 4833 valde

520 4859 710 4928 diligit.
744 4859 903 4915 Scitis
930 4862 1072 4915 enim
1105 4862 1246 4917 hunc
1288 4878 1409 4918 esse
1437 4880 1639 4918 morem
1671 4880 1858 4921 eorum
1889 4870 1978 4938 qui
2006 4870 2090 4924 in-

510 4963 642 5004 δτιηο
662 4950 801 5018 capti
827 4959 952 5004 sunt
970 4966 1195 5006 amore:
1226 4955 1510 5008 suntenim
1543 4956 1696 5010 valde
1727 4959 1956 5030 zelotypi
1991 5001 2004 5025 ,
2037 4969 2093 5016 et

513 5039 802 5094 maluerint
825 5041 1057 5095 animam
1089 5042 1376 5114 prodigere
1405 5085 1420 5111 ,
1449 5061 1610 5114 quam
1636 5049 1705 5104 ab
1743 5050 1851 5104 ullo
1882 5066 1948 5105 ex
1979 5053 2092 5106 suis

510 5129 766 5184 rivalibus
811 5131 1204 5188 existimatione
1243 5137 1504 5204 superari.
1539 5138 1765 5208 Pr0pter
1804 5141 1918 5198 haec
1948 5143 2092 5199 Deus

513 5235 633 5274 eum
664 5221 890 5289 accepit,
925 5234 1143 5293 propter
1171 5225 1304 5290 haec,
1337 5227 1572 5297 inquam,
1604 5232 1786 5287 verba.

581 5311 638 5364 5.
666 5309 796 5364 Nam
823 5325 939 5379 cur,
961 5312 1278 5384 dic,qu:eso,
1313 5317 1439 5371 olim
1470 5334 1575 5374 non
1605 5320 1818 5377 fuerunt
1845 5324 2081 5379 viduita-

515 5407 616 5465 tes,
648 5414 747 5454 nec
769 5400 1064 5458 immaturae
1089 5405 1378 5461 orbitates?
1405 5423 1504 5462 cur
1539 5409 1808 5466 Abraham
1852 5422 1907 5467 et
1941 5414 2086 5470 Isaac

512 5490 636 5544 sivit
661 5493 838 5548 vivere
869 5493 1085 5564 longum
1111 5498 1364 5566 tempus?
1388 5497 1650 5566 Quoniam
1671 5542 1686 5568 ,
1714 5516 1782 5558 eo
1812 5504 1972 5558 etiam
2009 5505 2092 5559 vi-

513 5591 694 5650 vente,
721 5585 988 5641 Abraham
1018 5587 1182 5644 Deum
1212 5591 1463 5659 praetulit.
1499 5592 1640 5648 Dixit
1661 5593 1898 5664 quidem,
1927 5597 2087 5654 Occi-

512 5673 604 5731 de.
619 5684 670 5727 et
682 5677 893 5731 occidit.
912 5678 1020 5732 Cur
1033 5679 1247 5736 Sarram
1263 5682 1329 5737 ad
1351 5691 1554 5739 tantum
1574 5687 1818 5755 provexit
1839 5690 2044 5745 senium
2066 5690 2091 5744 .’

514 5765 774 5828 Quoniam
796 5781 856 5822 ea
883 5770 1042 5824 etiam
1072 5771 1185 5826 viva
1214 5813 1230 5840 ,
1262 5773 1425 5828 Deum
1468 5775 1638 5844 magis
1674 5777 1877 5834 audivit
1916 5795 2078 5851 quam

3680 375 3784 429 452

2206 463 2372 531 ipsam
2414 465 2700 535 Propterea
2727 471 2938 529 diccbat
2966 477 3019 530 ei
3051 477 3189 532 Dens
3215 495 3229 532 :
3256 481 3390 534 Audi
3410 483 3625 540 Sarram
3651 505 3780 543 uxo-

2202 571 2306 606 rem
2325 564 2463 609 (nam
2491 558 2510 627 (
2544 557 2670 613 Gen.
2703 563 2792 617 2|.
2826 566 2892 619 12
2918 568 2956 633 ).
2986 568 3168 638 Neque
3190 584 3408 642 propter
3427 578 3602 633 mariti
3629 596 3783 634 amo-

2203 659 2315 696 rem
2346 685 2361 708 ,
2397 662 2570 716 neque
2605 663 2822 721 propter
2853 659 3036 713 uxoris
3063 702 3077 722 ,
3110 677 3288 730 neque
3319 675 3536 734 propter
3562 668 3783 725 infantis

2200 747 2381 787 curam
2421 735 2588 790 Deum
2625 742 2904 809 quisquam
2952 748 3018 801 ad
3065 750 3200 805 iram
3237 755 3584 821 provocabat.
3632 758 3784 815 Nune

2200 833 2379 878 autem
2403 831 2657 895 quoniam
2676 833 2809 887 adeo
2829 835 3080 893 deorsum
3105 843 3373 900 tendimus
3396 855 3451 900 et
3472 847 3787 916 dilabimur,

2199 923 2254 967 et
2285 918 2460 970 mariti
2490 935 2682 975 uxores
2709 925 2827 991 plus
2849 944 3004 994 quam
3037 930 3198 986 Deum
3229 934 3502 1004 diligimus
3524 979 3540 1004 ,
3564 949 3620 994 et
3646 958 3779 996 tum

2201 1022 2287 1060 res
2315 1015 2538 1066 maritos
2567 1015 2678 1069 Deo
2707 1020 3071 1088 pra'ferinius;
3102 1025 3222 1081 ideo
3253 1044 3351 1082 nos
3382 1031 3472 1086 vel
3495 1032 3692 1087 invitos
3714 1037 3785 1089 ad

2199 1100 2280 1150 sui
2315 1101 2478 1156 trahit
2502 1104 2849 1164 desiderium.
2882 1111 2957 1168 Ne
2983 1116 3173 1186 diligas
3203 1122 3448 1176 maritum
3479 1124 3605 1193 plus.
3620 1142 3778 1195 qmm

2203 1188 2364 1243 Deum
2394 1232 2408 1253 ,
2441 1203 2494 1247 et
2539 1213 2828 1269 numquam
2871 1207 3074 1261 senties
3114 1210 3424 1267 viduitatem
3460 1231 3480 1270 ζ
3509 1215 3617 1269 imo
3653 1233 3782 1272 vero

2197 1281 2404 1334 etiamsi
2427 1286 2702 1354 acciderit,
2727 1291 2844 1360 ejus
2868 1296 3067 1351 nullum
3091 1313 3308 1354 sensum
3332 1303 3531 1369 capies.
3562 1306 3738 1373 Quare
3759 1308 3783 1361 ἵ

2198 1371 2458 1439 Quoniam
2497 1378 2832 1439 defensorem
2876 1387 3041 1443 habes
3072 1389 3428 1449 itmuortalem
3477 1399 3566 1466 qui
3609 1401 3780 1469 magis

2197 1463 2387 1534 diligit.
2444 1468 2500 1523 Si
2549 1471 2713 1526 Deum
2772 1480 2939 1546 magis
2994 1481 3170 1552 diligis
3201 1525 3218 1549 ,
3267 1503 3334 1541 ne
3393 1488 3616 1557 lugeas:
3652 1510 3777 1547 nam

2200 1557 2288 1623 qni
2341 1561 2513 1630 magis
2562 1563 2800 1636 diligitur
2854 1583 2937 1626 cst
2997 1574 3353 1642 immortalis;
3397 1597 3496 1636 nec.
3547 1585 3672 1638 sinit
3726 1595 3782 1640 ιιι

2195 1650 2486 1718 accipiatur
2522 1671 2713 1713 sensus
2751 1662 2869 1729 ejus
2915 1666 3004 1735 qui
3045 1668 3220 1723 minus
3271 1671 3528 1743 diligitur.
3580 1676 3634 1730 lu
3688 1695 3783 1733 ex-

2200 1743 2382 1810 emplo
2439 1745 2625 1802 faciam
2669 1751 2770 1807 hoc
2825 1755 2917 1809 tibi
2974 1761 3338 1830 perspicuum.
3385 1765 3480 1820 Dic
3520 1768 3651 1822 mihi
3683 1786 3696 1820 :
3733 1769 3778 1824 si

2198 1833 2392 1890 habeas
2430 1840 2682 1897 maritum
2724 1847 2901 1901 omnia
2931 1847 3216 1906 facientem
3251 1869 3318 1908 ex
3362 1855 3526 1911 animi
3551 1858 3623 1912 tui
3648 1873 3778 1913 seu-

2199 1927 2366 1981 tentia
2389 1969 2408 1994 ,
2436 1932 2525 1999 qui
2554 1934 2625 1987 sit
2651 1935 2702 1988 in
2735 1936 2872 1992 bona
2897 1941 3295 2001 existimatione
3326 1987 3343 2012 ,
3375 1949 3464 2017 qui
3493 1959 3546 2004 te
3579 1951 3778 2006 claram

2199 2018 2393 2085 ubique
2421 2021 2626 2088 reddat,
2653 2041 2753 2080 nec
2778 2033 3224 2088 contenmendam
3249 2077 3263 2099 ,
3291 2038 3381 2107 qui
3409 2039 3478 2092 sit
3499 2041 3636 2110 apud
3665 2059 3780 2100 om-

2198 2123 2293 2166 nes
2318 2113 2566 2182 celebris,
2593 2119 2848 2186 prudens,
2880 2125 3095 2194 sapiens
3117 2168 3132 2193 ,
3164 2131 3252 2198 qui
3286 2139 3336 2183 te
3365 2131 3550 2202 diligat
3579 2144 3627 2188 ct
3656 2150 3780 2204 pro-

2199 2214 2315 2271 pter
2357 2220 2478 2259 eum
2511 2206 2661 2263 beata
2696 2215 2964 2281 reputeris
2987 2257 3001 2280 ,
3035 2227 3090 2270 et
3123 2235 3243 2272 cum
3271 2235 3336 2273 eo
3365 2224 3541 2290 parias
3565 2239 3778 2294 quoque

2199 2292 2360 2346 filitnu
2383 2311 2397 2357 ;
2421 2295 2615 2353 deinde
2639 2301 2940 2372 priusquam
2963 2305 3028 2359 ad
3057 2317 3318 2363 maturam
3343 2313 3518 2366 veniat.
3539 2292 3774 2381 tetatem,

2197 2387 2440 2452 excedat,
2473 2391 2745 2446 sentiesne
2774 2393 3017 2452 luctum?
3043 2397 3384 2468 Nequaquam
3417 2420 3430 2456 :
3462 2419 3584 2458 nam
3615 2404 3658 2456 is
3688 2406 3777 2473 qui

2199 2477 2365 2545 magis
2390 2478 2646 2549 diligitur,
2663 2483 2815 2538 illum
2837 2487 3089 2542 obscurat
3114 2500 3164 2544 et
3193 2491 3496 2547 abscondit.
3526 2495 3590 2550 Et
3615 2512 3776 2562 nunc,

2196 2571 2240 2623 si
2275 2571 2437 2626 Deum
2460 2576 2673 2644 quidem
2697 2577 2814 2646 plus
2831 2595 3150 2652 amesquam
3179 2586 3449 2654 maritum,
3467 2587 3604 2644 forte
3630 2590 3778 2645 illum

2197 2677 2302 2715 non
2343 2673 2448 2717 tam
2493 2667 2601 2720 cito
2627 2669 2835 2724 auferet
2863 2687 2876 2723 :
2907 2673 3048 2740 quod
3079 2674 3124 2728 si
3160 2675 3404 2744 auferat,
3434 2695 3540 2734 non
3573 2691 3780 2737 tantum

2197 2754 2398 2808 senties
2433 2756 2650 2812 luctum.
2675 2759 2959 2830 Propterea
2989 2764 3176 2819 beatus
3203 2766 3304 2822 Job
3331 2769 3460 2823 nihil
3490 2781 3594 2826 tatu
3618 2789 3780 2843 grave

2197 2860 2386 2914 passus
2417 2856 2518 2913 est,
2549 2865 2668 2904 cum
2701 2854 3053 2921 repentinam,
3083 2866 3136 2912 et
3159 2859 3321 2914 simul
3345 2859 3545 2916 illatam
3576 2863 3778 2918 audiis-

2198 2946 2277 2989 ενι
2328 2948 2554 2994 mortem
2602 2943 3147 3016 filiorumzquoniam
3197 2949 3372 3008 Deum.
3404 2953 3524 3023 plus
3565 2958 3781 3012 amabat

2197 3046 2354 3099 quam
2397 3032 2561 3100 ipsos.
2611 3034 2688 3088 Eo
2728 3052 2860 3108 ergo.
2900 3041 3113 3097 vivente
3151 3044 3239 3113 qui
3289 3045 3652 3116 diligebatur,
3688 3051 3778 3106 illa

2197 3137 2318 3174 eum
2349 3124 2496 3176 nullo
2525 3134 2680 3180 erant
2710 3127 2898 3184 dolore
2923 3131 3202 3188 affectum.
3233 3136 3371 3204 Quid
3391 3137 3527 3193 dicis
3547 3181 3561 3207 ,
3593 3158 3627 3194 υ
3656 3159 3775 3197 mu-

2198 3211 2295 3265 lier
2321 3219 2344 3266 ζ’
2375 3216 2598 3271 maritus
2635 3227 2690 3272 et
2728 3219 2869 3275 filius
2899 3231 2950 3277 te
2979 3223 3364 3296 defendebant,
3385 3243 3437 3286 et
3465 3234 3541 3289 tui
3587 3249 3774 3292 curam

2197 3303 2486 3372 gerebant;
2521 3307 2660 3362 Deus
2685 3321 2864 3366 autem
2907 3313 2999 3368 tibi
3043 3329 3146 3370 non
3191 3320 3397 3387 parcit?
3423 3322 3568 3376 illum
3602 3324 3777 3395 ipsum

2197 3398 2316 3465 quis
2372 3398 2465 3453 tibi
2514 3400 2704 3456 dedit?
2745 3421 2922 3459 annon
2954 3407 3112 3477 ipse?
3150 3420 3199 3466 te
3247 3421 3424 3468 autem
3463 3416 3582 3486 quis
3623 3418 3780 3476 fecit?

2198 3504 2374 3543 annon
2414 3491 2526 3561 ipse
2545 3493 2573 3546 ἲ
2594 3494 2694 3560 Qui
2723 3510 2790 3551 ex
2817 3497 2990 3553 nihilo
3016 3499 3082 3554 ad
3113 3500 3217 3558 hoc
3240 3516 3294 3557 ut
3324 3520 3480 3562 esses
3503 3508 3766 3579 adduxit,

2197 3590 2251 3634 et
2281 3583 2514 3637 animam
2538 3585 2814 3656 inspiravit
2843 3629 2857 3653 ,
2890 3598 2944 3643 et
2966 3600 3199 3647 mentem
3224 3594 3462 3664 indidit,
3487 3610 3539 3656 et
3570 3601 3652 3656 soi
3682 3619 3777 3658 co-

2195 3674 2487 3742 gnitionem
2517 3676 2612 3731 tibi
2637 3679 2814 3749 largiri
2836 3680 3082 3752 dignatus
3103 3693 3212 3750 est,
3227 3696 3280 3741 et
3309 3688 3445 3745 Filio
3465 3707 3563 3746 suo
3588 3697 3778 3768 unige-

2199 3765 2310 3818 nito
2334 3777 2550 3835 propter
2567 3778 2618 3822 te
2641 3785 2744 3822 non
2765 3775 3020 3842 pepercit,
3041 3776 3130 3830 tibi
3151 3793 3257 3833 non
3283 3782 3470 3848 parcit,
3487 3765 3780 3843 conservus

2196 3865 2374 3910 autem
2399 3857 2488 3912 tibi
2513 3861 2714 3928 parcit?
2731 3879 2886 3932 quam
2911 3880 3015 3920 non
3039 3867 3170 3922 iram
3187 3871 3422 3928 excitant
3442 3873 3559 3931 lucc
3576 3879 3733 3935 verba
3757 3882 3782 3936 ἲ

2197 3947 2336 4012 Quid
2363 3949 2466 4004 tale
2488 3949 2716 4006 habuisti
2739 3969 2767 4006 a
2789 3959 3024 4012 marito?
3055 3958 3196 4015 Nihil
3224 3965 3396 4032 possis
3413 3965 3611 4024 dicere.
3645 3969 3776 4028 Nam

2197 4040 2406 4094 etiamsi
2437 4051 2488 4096 te
2513 4043 2690 4112 aliquo
2721 4044 2900 4100 affecit
2928 4049 3189 4106 beneﬁcio
3219 4095 3235 4118 ,
3264 4055 3358 4110 sed
3391 4056 3442 4110 id
3469 4057 3595 4116 fecit
3617 4102 3633 4127 ,
3655 4076 3778 4119 cum

2199 4138 2252 4184 tu
2287 4131 2432 4199 prior
2457 4131 2750 4203 incepisses
2779 4153 2794 4190 :
2822 4137 2889 4193 de
2931 4139 3040 4195 Deo
3083 4153 3260 4198 autem
3293 4147 3425 4204 nihil
3471 4150 3576 4205 tale
3626 4153 3780 4208 dixe-

2200 4220 2270 4274 rit
2315 4222 2614 4293 quisquam.
2646 4225 2762 4280 Non
2793 4229 2935 4282 enim
2985 4231 3126 4288 Deus
3172 4237 3328 4290 nobis
3380 4238 3669 4306 benefecit,
3697 4245 3778 4300 sic

2200 4315 2345 4383 prius
2404 4315 2664 4371 beneficio
2717 4318 2976 4388 affectus;
3009 4323 3105 4379 sed
3155 4341 3275 4382 cum
3329 4331 3530 4387 nullius
3580 4345 3777 4405 egeat,

2197 4419 2266 4458 ex
2319 4407 2428 4460 sola
2495 4408 2733 4464 bonitate
2773 4411 3037 4468 benefacit
3084 4415 3360 4474 hominum
3409 4425 3611 4492 generi.
3668 4426 3776 4482 Re-

2197 4513 2357 4568 gnum
2409 4501 2500 4554 tibi
2548 4511 2629 4556 est
2672 4503 2961 4572 pollicitus,
2993 4508 3142 4564 dedit
3170 4512 3336 4566 vitam
3384 4515 3776 4583 immortalem,

2197 4589 2421 4657 gloriam
2455 4630 2470 4656 ,
2503 4592 2886 4649 fraternitatem
2920 4636 2936 4662 ,
2971 4597 3200 4656 filiorum
3229 4603 3610 4677 adoptionem,
3654 4610 3782 4666 fecit

2197 4680 2514 4736 coheredem
2541 4682 2804 4752 Unigeniti
2831 4704 2843 4739 :
2868 4699 2920 4742 tu
2949 4701 3127 4746 autem
3153 4706 3271 4763 post
3294 4705 3372 4750 tot
3396 4707 3452 4752 et
3479 4709 3620 4755 tanta
3638 4702 3779 4758 bona

2198 4771 2372 4825 adimc
2397 4775 2685 4830 metninisti
2714 4778 2927 4833 mariti?
2954 4782 3089 4848 Quid
3121 4784 3208 4840 ille
3229 4786 3446 4842 donavit
3471 4789 3779 4861 ejusmodi?

2197 4863 2375 4918 Solem
2403 4881 2559 4920 suum
2594 4867 2718 4924 fecit
2746 4871 2904 4941 oriri,
2935 4875 3164 4944 pluviam
3188 4878 3356 4945 dedit,
3385 4885 3578 4938 annuis
3608 4889 3782 4956 pascit

2197 4955 2486 5011 alimentis.
2522 4958 2612 5013 Va:
2641 4960 2795 5016 nobis
2817 4964 2887 5018 ob
2916 4974 3022 5019 tam
3053 4967 3316 5037 ingratum
3339 4973 3576 5030 animum
3598 4955 3623 5031 ιί
3650 4977 3784 5032 Pro-

2199 5057 2378 5114 pterea
2403 5057 2548 5103 tuum
2569 5051 2818 5107 maritum
2845 5056 3059 5126 accipit,
3087 5069 3144 5112 ut
3170 5075 3292 5115 eum
3322 5078 3427 5118 non
3451 5080 3661 5135 quarras
3685 5085 3699 5122 :
3722 5078 3781 5124 tu

2197 5148 2373 5190 autem
2402 5155 2524 5195 eum
2556 5142 2645 5211 qui
2682 5145 2943 5212 excessit,
2971 5146 3148 5204 adhuc
3172 5159 3418 5215 sectaris,
3453 5155 3618 5212 Deum
3647 5175 3780 5216 vero

2197 5226 2418 5282 dimittis
2429 5245 2549 5284 cum
2568 5243 2839 5304 Oporteret
2855 5235 3055 5307 gratias
3066 5253 3246 5308 agere,
3264 5256 3385 5296 cum
3404 5256 3678 5316 oporteret
3694 5258 3749 5303 to
3763 5280 3780 5292 -

2199 5328 2309 5372 tum
2334 5320 2385 5374 iu
2410 5321 2579 5390 ipsum
2597 5325 2891 5394 conjicere?
2904 5328 3038 5396 Quid
3052 5331 3193 5386 enim
3211 5343 3293 5388 est
3308 5337 3449 5405 quod
3466 5339 3718 5406 accepisti
3749 5357 3780 5395 a

2199 5414 2390 5466 marito
2403 5412 2428 5465 τ
2443 5427 2505 5484 pa
2513 5423 2625 5470 rtus
2635 5416 2870 5486 dolores,
2888 5420 3098 5477 labores
3111 5432 3165 5477 et
3178 5427 3551 5493 contumelias,
3567 5441 3622 5484 et
3636 5446 3780 5499 sepe

2199 5505 2514 5574 maledicta,
2543 5511 2938 5580 iucrepationes
2957 5555 2970 5578 ,
3002 5515 3416 5587 indignationes.
3446 5520 3634 5577 Nonne
3665 5524 3782 5579 lucc

2195 5597 2376 5652 omnia
2402 5613 2432 5653 a
2460 5601 2700 5656 maritis?
2722 5603 2826 5659 Sed
2859 5615 2984 5662 sunt
3008 5608 3184 5664 adhuc
3203 5652 3218 5676 ,
3249 5611 3455 5682 inquit,
3485 5615 3620 5670 bona
3651 5617 3778 5672 alia.

2197 5689 2451 5756 Quzenam
2466 5693 2581 5749 hzrc
2598 5696 2620 5749 ?
2641 5695 2721 5750 Me
2741 5699 3034 5769 splendidis
3051 5712 3104 5756 et
3126 5705 3371 5772 pretiosis
3388 5707 3594 5761 ornavit
3614 5709 3781 5762 vesu-

2203 5780 2399 5836 mentis
2424 5818 2438 5846 ν
2482 5786 2632 5844 faciei
2659 5806 2846 5846 aurum
2876 5793 3147 5864 imposuit,
3170 5811 3256 5852 me
3278 5795 3402 5852 fecit
3418 5797 3666 5855 omnibus
3689 5815 3780 5857 re-
