4140 6486
293 365 392 418 631

288 475 645 540 καταξαίνειν
679 474 932 546 παρειὰς,
967 474 1134 529 τίνων
1154 475 1262 546 ἀρα
1287 477 1455 541 ἐστὶν,
1487 475 1607 529 εἰπέ
1637 491 1722 545 μοι
1749 493 1763 541 ;
1791 473 1889 525 Τί-

291 579 378 625 νος
423 562 614 614 ἕνεκεν
662 559 902 629 θρηνεῖς,
953 561 1003 611 εί
1044 561 1322 622 πιστεύεις
1371 561 1454 612 ὅτι
1493 560 1883 630 ἀναστήσεται,

287 649 369 700 ὅτι
388 647 492 699 οὐκ
525 643 828 705 ἀπόλωλεν,
858 645 941 697 ὅτι
969 643 1135 706 ῦπνος
1161 646 1254 697 καὶ
1282 647 1537 715 κοίμησις
1564 644 1625 696 τὸ
1652 641 1889 712 πρᾶγμά

288 735 313 784 ἐ
333 749 444 796 ττις
474 727 776 798 Συνηθείας
800 728 1011 794 ἕνεκεν,
1039 730 1193 799 φησὶ,
1231 731 1324 782 καὶ
1350 731 1708 800 προστασίας,
1746 747 1887 799 πρα-

285 815 520 884 γμάτων
568 811 908 883 ἐπιμελείας,
958 813 1056 882 τῆς
1090 812 1257 881 ἄλλης
1300 813 1598 883 θεραπείας
1643 812 1885 881 ἁπάσης.

289 902 462 951 Ὅταν
502 893 598 950 οῦν
647 895 819 948 παῖδα
863 896 1139 968 ἀπολέσῃς
1167 898 1226 949 ἐν
1265 894 1429 967 60390)
1484 897 1694 967 ἡλικίᾳ,
1731 896 1885 949 οὐδὲν

285 983 500 1035 οὐδέπω
541 978 752 1051 πρᾶξαι
791 979 1109 1050 δυνάμενον,
1151 980 1295 1044 τίνος
1329 980 1517 1034 ἕνεκεν
1547 981 1801 1052 θρηνεῖς;
1832 980 1884 1032 τί

287 1065 605 1135 ἐπιζητεῖς;
660 1063 933 1126 Ἐλπίδας,
987 1065 1144 1135 φησὶ,
1190 1065 1434 1135 χρηστάς
1479 1064 1747 1133 ἐνέφαινε,
1789 1063 1884 1117 καὶ

289 1149 639 1220 προσεδόκων
674 1149 755 1202 ὅτι
808 1164 910 1218 μου
947 1150 1334 1220 προστήσεται.
1385 1149 1486 1202 Διὰ
1528 1149 1685 1202 τοῦτο
1733 1148 1885 1220 ζητὼ

288 1235 380 1287 τὸν
405 1233 596 1304 ἄνδρα,
639 1233 730 1287 διὰ
771 1233 932 1287 τοῦτο
973 1234 1065 1286 τὸν
1109 1235 1247 1298 υἱὸν,
1282 1234 1370 1287 διὰ
1410 1234 1569 1287 τοῦτο
1612 1235 1889 1303 κόπτομαι

290 1318 382 1369 καὶ
413 1317 620 1388 θρηνῶ,
662 1318 764 1370 οὐκ
797 1318 1105 1372 ἀπιστοῦσα
1151 1321 1217 1388 τῇ
1253 1320 1572 1380 ἀναστάσει,
1603 1319 1716 1371 ἀλλ’
1749 1319 1881 1389 ἕρη-

291 1420 385 1470 μος
416 1403 673 1474 βοηθείας
716 1406 1006 1474 γενομένη,
1045 1405 1140 1456 καὶ
1185 1402 1280 1456 τὸν
1309 1404 1623 1474 προστάτην
1671 1402 1882 1456 ἀπολω-

285 1488 496 1551 λεκυῖα,
528 1487 620 1540 τὸν
653 1489 923 1552 σύνοικον,
964 1487 1060 1540 τὸν
1100 1489 1156 1539 ἐν
1190 1488 1325 1540 πᾶσι
1359 1486 1740 1546 κοινωνοῦντα,
1789 1487 1882 1539 τὸν

287 1571 742 1640 παρηγοροῦντω
777 1570 866 1624 διά
897 1571 1072 1623 ταῦτα
1113 1570 1315 1624 πενθῶ.
1351 1565 1484 1624 Οἶδα
1511 1571 1594 1623 ὃτι
1639 1570 1882 1640 ἀναστή-

287 1672 460 1715 σεται,
494 1653 611 1706 ἀλλ’
652 1655 714 1707 οὐ
762 1654 916 1724 φέρω
961 1653 1055 1706 τὸν
1107 1654 1313 1721 μεταξὺ
1359 1655 1654 1725 χωρισμόνο
1713 1652 1881 1716 πολὺς

284 1736 392 1789 τῶν
447 1737 795 1808 πραγμάτων
836 1739 866 1788 6
901 1736 1058 1806 ὄχλος
1111 1740 1350 1810 ἐπιρρεῖ,
1398 1740 1533 1791 πᾶσι
1578 1737 1878 1808 πρόκειμαι

284 1823 395 1884 τοῖς
428 1820 780 1890 βουλομένοις
812 1820 1040 1874 ἀδικεῖνο
1073 1823 1125 1874 οί
1147 1821 1448 1886 δεδοικότες
1480 1823 1746 1893 πρότερον
1771 1820 1882 1873 τῶν

285 1905 532 1967 οἰκετῶν,
563 1905 977 1976 καταφρονοῦσι
1008 1906 1125 1971 νῦν,
1147 1907 1540 1976 ἐπεμϐαίνουσι
1563 1923 1576 1936 ’
1608 1907 1662 1960 εί
1683 1925 1766 1970 τις
1787 1905 1880 1958 εὐ-

289 1992 616 2061 ηργέτηται,
659 1992 763 2060 τῆς
802 1992 1126 2062 εὐεργεσίας
1175 1992 1527 2062 ἐπιλέλησται
1578 1993 1676 2062 τῆς
1732 1991 1876 2044 ἐκεί-

293 2091 385 2126 νου
407 2092 418 2103 ·
464 2076 516 2128 εἷ
531 2091 612 2137 τις
652 2074 838 2139 κακῶς
870 2075 1038 2130 ἔπαθε
1085 2079 1213 2147 παρ’
1245 2077 1434 2138 αὐτοῦ.
1473 2075 1553 2146 τῷ
1589 2073 1880 2128 ἀπελθόντι

298 2157 646 2226 μνησικακῶν
683 2161 766 2218 είς
803 2159 906 2230 ἐμὲ
950 2159 1051 2230 τὴν
1090 2161 1264 2232 ὀργὴν
1313 2161 1530 2231 ἀφίησι.
1562 2157 1750 2212 Ταῦτα
1778 2159 1879 2211 οὐκ

291 2240 482 2311 ἀφίησί
519 2258 587 2312 με
631 2243 733 2313 τὴν
785 2243 1015 2315 χηρείαν
1064 2245 1274 2316 φέρειν,
1313 2244 1504 2316 πράως
1558 2242 1877 2314 ὀδύρασθαιο

282 2325 368 2378 διά
393 2326 568 2379 ταῦτα
596 2327 894 2398 κόπτομαι,
936 2329 1022 2383 διά
1054 2329 1225 2384 ταῦτα
1260 2329 1466 2400 θρηνῶ.
1503 2329 1627 2392 Πῶς
1653 2324 1747 2382 οῦν
1778 2330 1878 2392 τὰς

279 2408 536 2474 τοιαύτας
563 2412 1118 2482 παραμυθησόμεθα;
1163 2413 1216 2466 τί
1246 2413 1514 2484 ὲροῦμεν;
1547 2413 1664 2474 πῶς
1695 2412 1878 2465 αὐτῶν

279 2492 374 2563 τὴν
419 2491 621 2564 ὀδύνην
663 2495 1156 2566 ἁποκρουσὸμεθα;
1199 2497 1422 2568 Πρῶτον
1456 2497 1625 2557 αὐτὰς
1669 2497 1877 2564 διελέγ-

279 2575 363 2637 ξαι
406 2575 767 2647 πειράσομαι,
815 2579 898 2633 ὅτι
939 2581 1000 2633 οὐ
1045 2581 1254 2634 τούτων
1296 2583 1444 2634 ἐστὶν
1473 2582 1502 2632 6
1543 2580 1740 2651 θρῆνος
1769 2581 1876 2634 τῶν

279 2659 566 2730 ῥημάτων,
613 2659 750 2714 ἀλλὰ
798 2662 1006 2725 πάθους
1056 2663 1367 2733 ἀλογίστου.
1429 2666 1489 2717 Εἰ
1539 2664 1647 2736 γὰρ
1699 2664 1875 2718 ταῦτα

277 2738 514 2808 πενθεῖς,
553 2746 725 2816 ἐχρῆν
765 2747 1058 2817 διαπαντὸς
1086 2748 1300 2802 πενθεῖν
1337 2752 1426 2801 τὸν
1457 2748 1763 2801 ἀπελθόντα
1783 2766 1797 2780 ·
1824 2751 1872 2802 εἰ

275 2827 330 2880 δὲ
367 2828 622 2882 ἐνιαυτοῦ
662 2830 1028 2900 παρελθόντος
1061 2831 1403 2903 ἐπιλέλησαι,
1454 2831 1530 2895 ὡς
1560 2832 1683 2885 οὐδὲ
1714 2849 1872 2900 γενο-

279 2911 440 2980 μένου
494 2913 666 2979 τινὸς,
717 2914 779 2967 οὐ
833 2915 925 2968 τὸν
972 2916 1282 2970 ἀπελθόντα
1335 2915 1577 2986 θρηνεῖς,
1617 2916 1741 2969 οὐδὲ
1773 2917 1872 2987 τὴν

278 2998 638 3065 προστασίαν.
670 3000 836 3054 Ἀλλά
856 3001 948 3054 τὸν
974 3002 1254 3073 χωρισμὸν
1286 3004 1348 3057 ού
1386 3003 1594 3073 φέρεις,
1621 3003 1745 3056 οὐδὲ
1773 3002 1874 3073 τὴν

276 3085 374 3152 τῆς
402 3083 703 3153 συνηθείας
748 3084 1058 3158 διακοπήνς
1102 3087 1168 3139 Τί
1219 3087 1266 3140 δ’
1317 3086 1383 3140 ἂν
1430 3085 1638 3140 εἴποιεν
1689 3087 1747 3139 αἱ
1779 3088 1872 3140 καὶ

275 3166 550 3238 δευτέροις
594 3169 885 3239 ὁμιλοῦσαι
928 3172 1165 3239 γάμοις;
1202 3185 1228 3212 ε
1270 3173 1482 3243 Σφόδρα
1517 3189 1581 3240 γε
1606 3188 1620 3200 ·
1662 3172 1723 3224 οὐ
1763 3175 1873 3243 γὰρ

275 3252 400 3314 τοὺς
421 3254 729 3324 προτέρους
761 3253 1135 3326 ἐπιζητοῦσιν,
1167 3256 1332 3310 Ἀλλὰ
1376 3257 1453 3328 μὴ
1500 3257 1637 3328 πρὸς
1668 3257 1873 3320 ταύτας

276 3335 368 3388 τὸν
398 3336 559 3405 λόγον
589 3338 992 3410 ἀποτείνωμεν,
1045 3340 1182 3395 ἀλλά
1226 3342 1364 3411 πρὸς
1410 3341 1511 3406 τὰς
1561 3345 1674 3405 τοῖς
1700 3342 1873 3396 ἀπελ-

279 3419 464 3474 θοῦσιν
487 3419 709 3474 εὔνοιαν
747 3422 1147 3490 φυλαττούσας.
1178 3425 1278 3477 Διά
1317 3425 1370 3478 τί
1403 3426 1624 3490 πενθεῖς
1655 3426 1717 3478 τὸ
1748 3445 1874 3480 παι-

278 3502 416 3569 δίον;
457 3503 546 3558 διὰ
579 3505 634 3558 τί
685 3504 778 3558 τὸν
830 3506 1037 3577 ἀνδρα;
1078 3507 1187 3562 Τοῦ
1215 3509 1338 3578 μὲν,
1368 3509 1558 3580 ἐπειδὴ
1611 3511 1712 3564 οὐκ
1759 3513 1872 3564 ἀπ-

277 3587 498 3650 έλαυσα,
533 3589 671 3658 φησί
696 3607 710 3622 ο
743 3589 840 3643 τοῦ
875 3590 952 3652 δὲ,
977 3592 1166 3663 ἐπειδὴ
1198 3593 1578 3664 προσεδόκησα
1613 3593 1874 3649 ἐπιπλέον

275 3671 704 3728 ἀπολαύσεσθαι.
742 3674 915 3729 Τοῦτο
955 3677 1012 3730 δὲ
1063 3677 1198 3732 αὐτὸ
1235 3678 1368 3748 ὅσης
1399 3679 1658 3742 ἀπιστίας
1694 3680 1756 3732 τὸ
1788 3697 1874 3733 νο-

278 3755 480 3825 μίζειν,
535 3756 618 3810 ὅτι
673 3759 703 3810 ὁ
768 3758 908 3830 ἀνὴρ
969 3759 1002 3831 ἤ
1061 3761 1124 3814 τὸ
1169 3761 1380 3816 παιδίον
1418 3763 1477 3815 ἐν
1518 3763 1791 3836 ἀσφαλείᾳ
1813 3781 1873 3817 σε

275 3841 535 3913 καθίστη,
570 3842 700 3896 ἀλλ’
733 3845 832 3915 οὐχ
861 3846 890 3898 6
934 3845 1096 3911 Θεός;
1137 3846 1255 3911 πῶς
1281 3848 1384 3901 οὐκ
1412 3849 1512 3901 οίει
1545 3846 1873 3918 παροξύνειν

270 3925 468 3990 αὐτόν;
505 3926 608 3980 Διὰ
653 3928 764 4000 γάρ
809 3927 970 3982 τοῦτο
1024 3929 1226 3993 αὐτοὺς
1280 3929 1552 4002 λαμϐάνει
1585 3933 1870 3998 πολλάκις,

270 4007 358 4060 ῖνα
416 4009 496 4079 μὴ
539 4008 715 4074 οὓτως
759 4011 946 4075 αὐτοῖς
1091 4014 1525 4086 προσδεδεμένη,
1573 4015 1716 4069 ὥστε
1776 4017 1872 4070 ἀπ’

269 4091 427 4166 1469]
457 4093 686 4147 ἐκείνων
718 4094 820 4166 τὴν
853 4085 1048 4150 ἐλπίδα
1077 4099 1412 4167 ἀπαγαγεῖν.
1455 4085 1588 4164 Θεὸς
1619 4101 1731 4171 γάρ
1754 4103 1872 4154 ἐστι

267 4177 547 4248 ζηλωτὴς,
569 4178 664 4232 καὶ
680 4179 898 4234 πάντων
913 4181 1148 4251 μάλιστα
1170 4181 1420 4252 βούλεται
1443 4184 1574 4253 παρ’
1602 4184 1760 4254 ήμῶν
1785 4203 1875 4253 φι-

266 4260 506 4326 λεῖσθαι,
543 4262 640 4315 καὶ
667 4262 849 4330 τοῦτο,
880 4264 1069 4336 ἐπειδὴ
1104 4265 1312 4336 σφόδρα
1341 4268 1493 4337 ἡμᾶς
1522 4267 1688 4336 φιλεῖ.
1726 4270 1872 4322 Ἵστε

263 4348 381 4417 γάρ
412 4347 497 4400 ὅτι
520 4344 684 4400 τοῦτο
713 4347 823 4400 τῶν
850 4349 1096 4420 μανικῶς
1126 4349 1428 4420 φιλούντων
1458 4352 1518 4404 τὸ
1548 4351 1670 4416 ἔθος
1689 4369 1704 4387 ο
1733 4353 1869 4423 σφό-

262 4429 374 4501 δρα.
403 4431 516 4484 εἰσὶ
539 4429 857 4502 ζηλότυποι,
889 4433 986 4488 καλ⁸
1002 4436 1242 4504 αἱροῖντο
1275 4433 1342 4488 ἂν
1366 4435 1467 4504 τὴν
1491 4435 1676 4507 ψυχὴν
1731 4455 1871 4508 προ-

266 4515 453 4579 έσθαι,
492 4515 525 4586 ἢ
559 4517 1109 4589 παρευδοκιμηθῆναι
1171 4518 1279 4572 ὑπό
1307 4537 1454 4583 τινος
1506 4519 1616 4573 τῶν
1643 4522 1873 4593 ἀντερα-

263 4599 436 4652 στῶν.
466 4601 569 4654 Διά
597 4601 770 4656 ταῦτα
800 4604 896 4657 καὶ
929 4606 958 4658 6
988 4603 1122 4668 Θεὸς
1162 4603 1326 4657 αὐτὸν
1357 4603 1541 4670 ἔλαϐε,
1579 4604 1669 4660 διὰ
1695 4606 1872 4660 ταῦτα

259 4687 333 4738 τά
373 4685 623 4755 ῥήματα.

333 4795 414 4859 γ’.
433 4789 590 4842 Ἐπεὶ
613 4790 758 4855 τίνος
785 4789 997 4855 ἕνεκεν,
1023 4791 1146 4846 είπέ
1172 4794 1355 4862 μοι,τὸ
1383 4794 1614 4848 παλαιὸν
1634 4797 1735 4850 οὐκ
1758 4796 1872 4866 ἐγίο

258 4888 429 4926 νοντο
485 4876 731 4945 χηρεῖαι,
780 4875 904 4929 οὐδὲ
961 4875 1223 4946 ὀρφανίαι
1278 4877 1479 4949 ἀωροι;
1533 4879 1623 4932 διὰ
1669 4880 1723 4932 τί
1778 4881 1872 4934 τὸν

272 4955 542 5026 Ἀϐραὰμ
591 4957 687 5010 καὶ
721 4958 913 5012 Ἰσαὰκ
965 4960 1147 5031 ἀφῆκε
1205 4959 1375 5014 πολὺν
1425 4961 1591 5031 ζῆσαι
1643 4963 1868 5034 χρόνον;

256 5041 498 5102 Πάντως
535 5041 618 5095 ὅτι
649 5043 744 5097 καὶ
764 5041 969 5109 ζῶντος
1004 5042 1204 5113 αὐτοῦ,
1238 5044 1510 5116 προετίμα
1533 5045 1562 5085 ι’
1591 5046 1682 5101 τὸν
1715 5048 1871 5103 Θεόν.

258 5121 410 5178 Εἷπε
440 5123 602 5192 γοῦν.
630 5127 850 5196 Σφάξον
883 5145 898 5159 ·
941 5128 1038 5182 καὶ
1071 5127 1299 5199 ἔσφαξε.
1325 5129 1424 5182 Διὰ
1443 5130 1496 5182 τί
1527 5131 1626 5202 τὴν
1654 5131 1872 5204 Σάρραν

253 5211 356 5262 ἐπι
383 5208 646 5262 τοσοῦτον
688 5210 868 5282 ἤγαγε
913 5213 1124 5285 γῆρας;
1165 5214 1288 5267 Ὀτι
1337 5213 1434 5266 καὶ
1479 5213 1664 5286 ζώσης
1699 5217 1872 5285 αὐτῆς

253 5294 358 5348 τοῦ
399 5293 541 5347 Θεοῦ
575 5294 781 5364 μᾶλλον
819 5297 1040 5368 ῆκουεν,
1071 5298 1104 5369 ἢ
1136 5298 1328 5370 αὐτῆς.
1379 5300 1478 5352 Διὰ
1515 5301 1676 5354 τοῦτο
1716 5300 1871 5369 ἔλεγε

253 5377 410 5447 πρὸς
439 5377 606 5430 αὐτὸν
652 5379 683 5431 6
727 5379 864 5444 Θεός
898 5398 913 5412 ·
961 5382 1259 5437 Ἄκουσον
1308 5381 1547 5451 Σάρῤας
1603 5383 1711 5452 τῆς
1767 5402 1872 5453 τυ-

252 5463 488 5528 ναικός
519 5476 660 5518 σου.
696 5461 836 5518 Οὐτε
869 5464 940 5518 δι’
968 5465 1162 5538 ἀνδρὸς
1196 5465 1402 5535 φιλίαν,
1421 5466 1546 5521 οὐτε
1575 5467 1665 5521 διὰ
1682 5485 1877 5536 γυναι-

254 5549 384 5612 κὸς,
453 5545 583 5602 οὐτε
643 5548 732 5603 διὰ
783 5551 991 5616 παιδὸς⁸
1031 5552 1373 5624 προστασίαν
1432 5554 1754 5627 παρώργιζέ
1787 5571 1874 5620 τις

252 5632 392 5686 τότε
413 5632 510 5687 τὸν
537 5632 695 5690 Θεόν.
726 5633 844 5688 Νῦν
868 5635 928 5689 δὲ
960 5637 1151 5709 ἐπειδὴ
1184 5641 1529 5709 κατωφερεῖς
1558 5639 1748 5712 ἐσμεν,
1775 5640 1872 5695 καὶ

327 5886 352 5910 ⁸
389 5879 571 5944 Inserit
605 5881 743 5931 Colb.
768 5887 819 5930 cl
844 5881 997 5944 Savil.
1027 5880 1077 5931 in
1104 5895 1240 5941 marg
1270 5919 1280 5935 .
1307 5879 1433 5944 ‘_Apa
1457 5883 1538 5931 τὸν
1557 5885 1802 5944 χωρισμόν
1826 5899 1838 5944 ;

327 5947 357 5985 ι’
391 5943 681 6008 Legebantur
699 5943 1008 6007 προετίμαοε,
1029 5945 1160 6006 quod
1183 5957 1210 5992 e
1233 5942 1674 5996 Colbﬁcorrcéiuin
1698 5942 1791 5996 cst.

1132 359 1198 414 ΙΝ
1241 357 1460 414 EI‘IS'I‘.
1498 357 1649 414 [Alt
1677 354 2020 412 TIIESSAL.
2075 357 2228 413 CM'.
2267 359 2358 415 1V.
2401 358 2639 416 IIOMIL.
2684 360 2766 416 VL
3485 356 3592 410 ιτα

1998 475 2205 546 σφόδρα
2239 478 2793 548 καταπεπτώκαμεν,
2834 478 2928 530 καὶ
2977 476 3171 545 ἄνδρες
3201 473 3465 544 γυναῖκας
3493 471 3591 525 τοῦ

1999 560 2132 612 Θεοῦ
2158 561 2320 614 πλέον
2355 561 2649 632 φιλοῦμεν,
2685 563 2776 615 καὶ
2809 563 3072 630 γυναῖκες
3098 560 3298 629 ἄνδρας
3325 557 3419 610 τοῦ
3450 557 3588 611 Θεοῦ

1998 643 2160 696 πλέον
2190 644 2571 715 προτιμῶμεν,
2615 646 2809 698 τούτου
2845 645 3003 714 χάριν
3039 643 3136 696 καὶ
3170 644 3406 704 ἄκοντας
3436 643 3589 710 ἡμᾶς

1997 733 2076 790 εἰς
2111 729 2275 782 πόθον
2307 730 2458 782 έλκει
2491 731 2582 784 τὸν
2615 730 2803 784 αὐτοῦ.
2837 731 2927 800 Μὴ
2966 727 3112 798 φίλει
3161 727 3253 778 τὸν
3288 726 3459 795 ἄνδρα
3488 724 3586 777 τοῦ

1995 815 2134 867 Θεοῦ
2164 813 2346 877 πλέον,
2378 816 2471 868 καὶ
2495 817 2597 868 οὐκ
2639 815 2878 886 αἰσθήσῃ
2905 811 3134 883 χηρείας
3177 811 3308 864 ποτέ
3335 823 3350 839 ⁸
3381 809 3586 880 μᾶλλον

1993 899 2048 952 δὲ
2075 901 2179 952 κᾶν
2211 901 2418 971 συμϐῇ,
2468 902 2529 953 οὐ
2570 900 2716 973 λήψῃ
2764 901 2860 969 τὴν
2903 898 3177 968 αἴσθησιν.
3214 894 3313 948 Διά
3344 893 3426 959 τί;
3461 895 3585 945 Ὀτι

1995 987 2311 1055 προστάτην
2341 985 2486 1056 ἔχεις
2524 987 2615 1038 τὸν
2659 985 2859 1055 μᾶλλον
2896 981 3155 1052 φιλοῦντα
3198 979 3484 1032 ἀθάνατον.
3518 978 3583 1029 El

1998 1069 2201 1137 μᾶλλον
2231 1069 2322 1122 τὸν
2353 1071 2488 1123 Θεὸν
2544 1069 2742 1138 φιλεῖς,
2796 1069 2872 1138 μὴ
2931 1066 3117 1118 πένθει
3144 1081 3156 1094 ·
3186 1066 3214 1116 6
3241 1063 3348 1132 γὰρ
3381 1061 3586 1131 μᾶλλον

1994 1152 2338 1222 φιλούμενοςν
2378 1153 2645 1216 ἀθάνατός
2675 1156 2814 1211 ἐστι,
2842 1150 3052 1203 καὶούκ
3074 1147 3272 1216 ἀφίησι
3301 1145 3394 1197 τοῦ
3418 1140 3585 1214 ἦττον

1993 1237 2322 1308 φιλουμένου
2361 1238 2546 1291 λαϐεῖν
2581 1237 2870 1301 αἴσθησιν·
2922 1233 3047 1286 Ἐπὶ
3077 1227 3476 1298 ὐποδείγματός
3500 1244 3587 1279 σοι

1990 1321 2147 1374 τοῦτο
2179 1325 2389 1391 ποιήσω
2442 1325 2695 1390 φανερόν.
2732 1319 2866 1374 Εἰπέ
2925 1335 3036 1386 μοι,
3085 1317 3134 1368 εί
3183 1313 3348 1384 ἄνδρα
3380 1311 3522 1380 ἔχεις
3554 1319 3578 1347 ⁸

1993 1405 2134 1457 κατὰ
2161 1406 2388 1476 γνώμην
2415 1423 2498 1458 σοι
2540 1407 2717 1459 πάντα
2782 1406 3113 1474 πράττοντα,
3161 1396 3578 1465 εὐδοκιμοῦντα,

1991 1491 2083 1540 καὶ
2122 1491 2380 1542 ποιοῦντά
2412 1506 2472 1541 σε
2495 1489 2755 1559 λαμπρὰν
2793 1483 3096 1554 πανταχοῦ,
3132 1483 3229 1535 καὶ
3257 1479 3580 1548 ἀκαταφρό-

1990 1591 2170 1642 νητον,
2207 1573 2600 1644 εὐδοκιμοῦντα
2654 1572 2809 1641 παρὰ,
2877 1572 3038 1634 πᾶσι,
3097 1564 3339 1622 συνετὸν.
3393 1563 3582 1631 σοφὸν,

1990 1660 2250 1727 φιλοῦντά
2309 1677 2392 1724 σε,
2455 1658 2871 1730 μακαριζομένη
2929 1657 2996 1709 δι’
3053 1655 3244 1713 αὐτὸν,
3295 1650 3390 1703 καὶ
3440 1648 3582 1717 μετὰ

1988 1743 2180 1796 τούτου
2233 1745 2399 1814 τέκῃς
2451 1745 2545 1796 καὶ
2599 1743 2834 1805 παιδίον,
2894 1738 3015 1794 εἶτα
3076 1739 3208 1808 πρὶν
3249 1735 3394 1806 ἢείς
3429 1733 3580 1803 ὥραν

1989 1828 2163 1880 ἐλθεῖν
2215 1829 2433 1898 ἡλικίας
2487 1828 2720 1882 ἀπέλθοι
2777 1827 2960 1889 τοῦτο,
3018 1819 3129 1892 ἆρα
3189 1820 3428 1889 αἰσθήσῃ
3483 1817 3581 1869 τοῦ

1990 1913 2252 1979 πένθους;
2285 1913 2550 1984 Οὐδαμῶς
2574 1929 2588 1943 ·
2611 1914 2642 1966 6
2672 1911 2786 1982 γὰρ
2811 1909 3012 1981 μᾶλλον
3048 1906 3374 1976 φιλούμενος
3403 1903 3580 1954 ἐκεῖνο

1989 1995 2356 2068 ἀποκρύπτει.
2396 1997 2506 2050 Καὶ
2545 1996 2642 2048 νῦν
2679 1996 2775 2048 τὸν
2816 1993 2950 2055 Θεὸν
2997 1991 3063 2045 ἂν
3099 1989 3263 2042 πλέον
3297 1987 3457 2057 φιλῇς
3482 1984 3578 2036 τοῦ

1990 2082 2205 2150 ἀνδρὸς,
2240 2080 2478 2150 μάλιστα
2523 2080 2624 2151 μὲν
2665 2081 2727 2133 οὐ
2768 2077 2979 2147 ταχέως
3025 2074 3186 2128 αὐτὸν
3222 2072 3491 2140 λήψεται*
3531 2068 3583 2120 εί

1987 2165 2042 2217 δὲ
2075 2166 2182 2234 ἄρα
2213 2163 2307 2217 καὶ
2343 2163 2520 2229 λάϐοι,
2563 2165 2664 2233 οὐχ
2711 2162 2854 2228 ἕξεις
2887 2160 3143 2228 αἴσθησιν
3184 2154 3278 2208 τοῦ
3323 2153 3576 2215 πένθους.

1990 2250 2088 2301 Διὰ
2119 2248 2278 2302 τοῦτο
2306 2249 2402 2301 καὶ
2425 2250 2453 2301 6
2493 2247 2764 2317 μακάριος
2809 2243 2938 2298 Ἰὼϐ
2961 2241 3116 2296 οὐδὲν
3142 2240 3350 2308 ἔπασχε
3378 2237 3578 2295 δεινὸν.
3628 2243 3635 2249 ’

1988 2333 2094 2384 τῶν
2130 2333 2338 2386 παίδων
2364 2333 2430 2385 άθ
2441 2333 2562 2402 ρόον
2586 2331 2678 2384 τὸν
2705 2330 2937 2384 θάνατον
2978 2324 3242 2388 ἀκούσας,
3270 2321 3460 2389 ἐπειδὴ
3492 2319 3584 2371 τὸν

1987 2418 2120 2470 Θεὸν
2174 2417 2347 2486 ἐφίλει
2393 2416 2557 2470 πλέον
2615 2413 2821 2468 αὐτῶν.
2874 2410 2984 2464 Τοῦ
3031 2408 3215 2462 τοίνυν
3249 2402 3582 2486 φιλουμένύ

1987 2485 2401 2568 ζώντος,οὐδέν
2454 2499 2680 2570 ἔμελλεν
2726 2499 2913 2550 ἐκεῖνα
2957 2494 3228 2564 λυπήσειν
3288 2489 3475 2545 αὐτόν.
3514 2485 3582 2540 Τί

1985 2587 2184 2655 λέγεις,
2248 2579 2294 2639 ὦ
2353 2584 2552 2654 γύναι;
2601 2585 2630 2637 6
2677 2582 2820 2652 ἀνὴρ
2864 2580 2956 2633 καὶ
3011 2579 3042 2631 6
3095 2579 3222 2638 παῖς
3284 2570 3584 2656 προΐστατό

1988 2689 2103 2733 σου,
2137 2674 2166 2725 6
2200 2671 2259 2725 δὲ
2290 2670 2423 2733 Θεὸς
2455 2669 2517 2723 οὐ
2545 2667 2788 2737 φείδεταί
2818 2662 2844 2702 ἀ
2877 2682 2973 2718 σου
3003 2681 3017 2720 ;
3061 2661 3225 2716 αὐτὸν
3269 2658 3335 2729 δὴ
3371 2659 3583 2710 ἐκεῖνον

1985 2759 2069 2820 τίς
2130 2773 2215 2810 σοι
2259 2755 2498 2820 ἐδωκεν;
2545 2753 2672 2824 οὐχὶ
2715 2751 2909 2816 αὐτός;
2954 2751 3011 2802 σὲ
3057 2748 3114 2800 δὲ
3164 2746 3250 2808 τίς
3285 2744 3578 2824 ἐποίησεν;

1983 2843 2104 2914 οὐ)ίί
2137 2842 2338 2907 αὑτός
2387 2840 2446 2892 Ὀ
2506 2822 2735 2909 μὲν-ἐκ
2790 2834 2887 2890 τοῦ
2951 2834 3026 2905 μὴ
3071 2832 3224 2894 ὸντος
3249 2831 3328 2892 εἰς
3355 2830 3420 2880 τὸ
3439 2822 3580 2879 εἶναι

1985 2913 2348 3000 παραγαγὼν,
2370 2925 2463 2978 καὶ
2483 2923 2663 2993 ψυχὴν
2701 2920 2798 2992 μὲν
2832 2919 3172 2988 ἐμπνεύσας,
3198 2916 3305 3000 καὶ
3337 2913 3582 3000 διάνοιαν

1983 2998 2183 3076 ἐνθεὶς,
2215 3013 2310 3064 καὶ
2355 3010 2456 3078 τὴν
2500 3008 2667 3062 αὐτοῦ
2721 3007 2927 3073 γνῶσιν
2974 2999 3322 3066 καταξιώσας
3350 2998 3582 3069 χαρίσα-

1985 3098 2128 3157 σθαι,
2167 3097 2260 3149 καὶ
2292 3093 2384 3148 τοῦ
2422 3093 2553 3147 Υίοῦ
2588 3091 2755 3146 αὐτοῦ
2786 3091 2881 3144 τοῦ
2913 3087 3236 3162 μονογενοῦς
3273 3087 3360 3139 διὰ
3402 3086 3462 3138 σὲ
3504 3085 3580 3154 μὴ

1984 3181 2321 3251 φειδόμενος,
2357 3178 2452 3232 σοῦ
2486 3178 2547 3232 οὐ
2584 3176 2842 3247 φείδεται,
2889 3176 2920 3228 6
2961 3174 3018 3227 δέ
3063 3171 3355 3242 ὁμόδουλος
3389 3171 3581 3240 φείσε-

1981 3281 2105 3330 ταις
2135 3264 2308 3335 πόσης
2348 3263 2521 3316 ταῦτα
2559 3261 2729 3331 ὀργῆς
2783 3260 2849 3312 τὰ
2911 3259 3165 3330 ρήματας
3222 3255 3289 3307 Τί
3339 3253 3581 3307 τοιοῦτον

1984 3349 2141 3420 ἔσχες
2167 3347 2319 3420 παρὰ
2342 3347 2438 3401 τοῦ
2490 3345 2719 3416 ἀνδρός;
2759 3342 2928 3396 Οὐδὲν
2987 3341 3055 3395 ἂν
3110 3339 3255 3409 ἔχοις
3285 3339 3480 3390 εἰπεῖν.
3516 3336 3579 3388 El

1983 3433 2092 3501 γάρ
2115 3419 2262 3506 (470)
2295 3433 2351 3485 τί
2408 3448 2467 3484 σε
2519 3430 2614 3484 καὶ
2662 3428 3062 3500 εὐηργέτησεν,
3119 3423 3235 3477 ἀλλ’
3268 3419 3326 3477 εὖ
3367 3420 3577 3506 παθὼν,

1983 3517 2120 3571 ἀλλὰ
2146 3515 2582 3586 προῦπαρξάσης
2607 3530 2701 3566 σου
2731 3530 2746 3543 ·
2780 3513 2870 3565 ἐπὶ
2901 3511 2957 3564 δὲ
2980 3508 3115 3563 Θεοῦ
3144 3509 3303 3562 οὐδὲν
3336 3505 3579 3560 τοιοῦτον

1982 3601 2048 3654 ἄν
2077 3619 2161 3664 τις
2191 3601 2305 3670 ἔχοι
2331 3599 2531 3666 λέγειν.
2584 3597 2660 3650 Οὐ
2715 3595 2826 3666 γὰρ
2879 3590 2938 3648 εὐ
2989 3592 3177 3647 παθὼν
3212 3595 3241 3646 6
3270 3591 3403 3654 Θεὸς
3435 3591 3579 3659 παρ’

1983 3684 2163 3754 ἡμῶν,
2188 3683 2362 3746 οὕτως
2389 3683 2536 3753 ἡμᾶς
2590 3681 2898 3753 εὐεργετεῖ,
2947 3678 3066 3732 ἀλλ’
3114 3677 3369 3746 ἀνενδεὴς
3393 3673 3491 3736 ὢν,
3519 3674 3580 3737 ἐξ

1981 3767 2318 3839 ἀγαθότητος
2346 3767 2513 3837 μόνης
2549 3761 2609 3819 εὖ
2644 3765 2789 3817 ποιεῖ
2828 3762 2890 3816 τὸ
2924 3763 3035 3816 τῶν
3066 3759 3369 3833 ἀνθρώπων
3397 3758 3576 3826 γένος.

1983 3854 2271 3908 Βασιλείαν
2311 3870 2392 3906 σοι
2423 3851 2808 3921 ἐπηγγείλατο,
2867 3847 3011 3917 ζωὴν
3058 3845 3348 3907 ἀθάνατον,
3395 3843 3576 3908 δόξαν,

1984 3941 2342 4009 ἀδελφότητα,
2393 3935 2669 3990 υἱοθεσίαν
2716 3934 2917 3998 ἔδωκε,
2981 3931 3429 4002 συγκληρονόμον
3480 3930 3578 3983 τοῦ

1983 4023 2324 4094 Μονογενοῦς
2357 4022 2584 4094 ἐποίησε
2619 4040 2632 4052 ·
2665 4022 2730 4074 σὺ
2754 4020 2810 4074 δὲ
2835 4018 2929 4072 τοῦ
2958 4017 3154 4090 ἀνδρὸς
3180 4017 3261 4070 ἔτι
3299 4017 3577 4088 μέμνησαι

1987 4111 2126 4182 μετά
2164 4108 2403 4163 τοσαῦτα
2437 4107 2648 4172 ἀγαθάς
2685 4105 2751 4158 Τί
2814 4103 3055 4157 τοιοῦτον
3119 4103 3328 4164 ἐκεῖνος
3379 4101 3576 4172 ἐχαρί-

1984 4210 2147 4258 σατο;
2183 4193 2288 4245 Τὸν
2323 4191 2474 4263 ἣλιον
2517 4187 2684 4243 αὐτοῦ
2739 4186 3002 4249 ἀνέτειλε,
3056 4186 3148 4238 τὸν
3199 4186 3354 4237 ὑετὸν
3382 4185 3576 4249 ἔδωκε,

1979 4281 2103 4344 ταῖς
2146 4276 2384 4343 ἐτησίοις
2441 4277 2672 4346 τροφαῖς
2719 4273 2934 4342 τρέφει.
2995 4271 3130 4324 Οὐαὶ
3181 4271 3314 4340 ἡμῖν
3372 4271 3436 4323 ἐκ
3476 4271 3578 4340 τῆς

1984 4362 2184 4432 πολλῆς
2215 4359 2578 4431 ἀχαριστίαςί
2614 4356 2714 4410 Διά
2749 4357 2910 4408 τοῦτο
2951 4353 3218 4424 λαμϐάνει
3260 4353 3350 4407 τὸν
3378 4354 3574 4424 ἄνδρα,

1981 4447 2073 4501 ἵνα
2100 4443 2264 4499 αὐτὸν
2293 4443 2368 4514 μὴ
2398 4442 2570 4513 ζητῇς
2611 4458 2625 4472 ο
2661 4442 2726 4494 σὺ
2761 4439 2818 4492 δὲ
2859 4436 3187 4500 ἀπελθόντος
3226 4437 3326 4510 ἔχῃ
3354 4437 3457 4498 ἔτι,
3482 4436 3579 4490 καὶ

1980 4531 2073 4584 τὸν
2093 4528 2227 4582 Θεὸν
2255 4527 2444 4597 ἀφίης,
2471 4525 2591 4579 δέον
2635 4524 3006 4594 εὐχαριστεῖν,
3057 4520 3177 4575 δέον
3229 4522 3290 4574 τὸ
3339 4523 3448 4574 πᾶν
3478 4521 3580 4575 ἐπ’

1982 4615 2145 4669 αὐτὸν
2177 4613 2560 4681 ἐπιῤῥίπτειν;
2593 4608 2658 4661 Τί
2691 4609 2801 4678 γάρ
2824 4611 2972 4659 ἐστιν
3000 4606 3028 4659 ὃ
3055 4607 3206 4678 παρὰ
3237 4604 3332 4659 τοῦ
3385 4606 3578 4676 ἀνδρὸς

1982 4699 2212 4763 ἔλαϐες
2253 4697 2462 4758 ώδῖνες,
2486 4695 2581 4749 καὶ
2608 4694 2782 4757 πόνοι,
2817 4693 2910 4746 καὶ
2938 4689 3147 4761 ὕϐρεις.
3193 4692 3288 4744 καὶ
3313 4690 3575 4762 λοιδορίαι

1984 4782 2265 4848 πολλάκις,
2318 4781 2414 4833 καὶ
2462 4778 2835 4847 ἐπιτιμήσεις,
2891 4775 2987 4828 καὶ
3041 4775 3468 4843 ἀγανακτήσεις.
3501 4774 3575 4826 Οὐ

1980 4867 2157 4920 ταῦτα
2206 4865 2278 4918 τὰ
2320 4863 2474 4935 παρᾶ
2494 4863 2606 4915 τῶν
2635 4859 2880 4930 ἁνδρῶνς
2916 4858 3059 4909 Ἀλλ’
3096 4858 3236 4922 ἐστι,
3271 4859 3431 4928 φησὶ,
3478 4860 3576 4910 καὶ

1981 4953 2147 5021 ’έτερα
2211 4950 2445 5022 χρηστά.
2515 4950 2650 5002 Ποῖα
2709 4947 2772 5016 δὴ
2835 4943 3045 5008 ταῦτα;
3100 4943 3450 4998 ἐκαλλώπισέ
3512 4960 3576 4997 σε

1983 5036 2223 5106 ἱματίοις
2237 5031 2555 5086 πολυτελέσι
2577 5049 2590 5094 ;
2611 5029 2810 5100 χρυσία
2842 5027 3136 5098 περιέθηκε
3155 5027 3234 5097 τῷ
3257 5026 3538 5097 προσώπῳ
3556 5065 3575 5092 ,

1982 5118 2268 5188 αἰδέσιμον
2297 5117 2463 5169 πᾶσιν
2486 5114 2744 5182 ἐποίησεν
2764 5129 2779 5176 ;
2801 5111 2945 5164 Ἀλλ’
2968 5111 3035 5163 ἂν
3063 5110 3245 5183 θέλῃς,
3276 5110 3373 5162 καὶ
3401 5111 3574 5165 ἀπελ-

1983 5205 2166 5264 θόντος
2219 5199 2490 5267 κοσμήσει
2545 5197 2737 5266 κόσμῳ
2795 5195 2929 5250 πολὺ
2986 5195 3266 5264 βελτίονι·
3300 5193 3412 5249 τῶν
3466 5197 3575 5265 γὰρ

1981 5287 2224 5360 χρυσίων
2251 5282 2436 5353 πολλῷ
2484 5281 2942 5353 θαυμασιωτέραν
2992 5282 3094 5351 τὴν
3147 5281 3382 5352 ἔχουσαν
3417 5281 3449 5350 ἡ
3484 5296 3577 5332 σε-

1985 5373 2188 5443 μνότης
2223 5369 2388 5423 ποιεῖ.
2421 5369 2573 5438 Ἔχει
2612 5367 2708 5420 καὶ
2751 5362 2907 5429 οὗτος
2927 5369 2956 5420 6
2985 5365 3238 5434 βασιλεὺς
3272 5365 3484 5435 ἱμάτια.
3511 5365 3573 5418 οὐ

1980 5455 2230 5520 τοιαῦτα,
2261 5453 2400 5510 ἀλλὰ
2423 5452 2606 5518 πολλῷ
2632 5452 2826 5522 βελτίω
2855 5469 2870 5484 ο
2911 5452 3114 5518 ἐκεῖνα,
3147 5452 3214 5506 ἂν
3241 5451 3454 5525 ἐθέλῃς,
3479 5467 3580 5502 πε-

1984 5538 2232 5614 ριϐαλοῦ.
2263 5539 2400 5592 ιιοῖα
2432 5537 2498 5606 δὴ
2523 5535 2731 5602 τσῦτα;
2761 5535 3077 5606 Ἰματισμός
3107 5539 3222 5590 ἐστι
3251 5534 3578 5606 διαχρύσους

1984 5626 2253 5699 κροσσοὺς
2281 5622 2462 5694 ἔχων·
2511 5622 2610 5676 ἐὰν
2671 5621 2884 5694 ἐθέλῃς,
2943 5621 3118 5691 τούτῳ
3172 5619 3434 5693 περίϐαλε
3479 5617 3578 5689 τὴν

2051 5885 2072 5913 ⁸
2102 5879 2390 5942 Legendum
2412 5880 2553 5942 ἔχοις,
2581 5884 2633 5942 (τι
2653 5877 2978 5933 ἱιιίτίιπέκοις.

2051 5945 2076 5983 ιι
2097 5939 2234 5995 Colb.
2262 5949 2317 5992 el
2336 5939 2490 6005 marg.
2517 5939 2668 5992 Savil.
2700 5941 2754 5990 ού
2781 5942 3010 6007 φείσεται.
3460 6007 3465 6012 _
3497 5949 3560 6021 λ.
