4140 6488
325 358 432 417 153

308 478 630 539 verendam.
650 474 756 531 Sed
779 474 823 528 si
848 472 1001 537 velis,
1027 470 1183 540 longe
1207 468 1419 535 meliori
1442 476 1494 523 te
1513 465 1786 522 decorabit
1806 480 1898 518 or-

313 580 589 634 namento,
616 582 776 637 quam
798 565 844 618 is
867 564 956 633 qui
977 561 1209 616 excessit
1235 579 1247 615 :
1268 560 1425 628 longe
1444 559 1588 612 enim
1609 554 1899 610 admirabio

310 668 502 722 liorem
527 674 688 731 quam
730 672 923 710 aurum
956 652 1136 708 reddit
1166 652 1441 705 honestas.
1468 648 1639 703 Habet
1666 647 1751 701 hic
1778 647 1895 700 Rex

311 769 509 820 vestes,
534 767 639 807 non
671 750 805 806 tales
836 789 851 815 ,
880 746 974 803 sed
1011 746 1168 815 longe
1197 741 1597 813 prazstantiores
1631 758 1644 795 :
1677 740 1781 793 illis
1811 778 1826 804 ,
1856 738 1901 791 si

318 850 462 908 velis,
494 843 738 898 induere.
762 838 1019 908 Quasnam
1041 845 1220 895 autem
1248 844 1370 889 sum
1390 831 1533 886 illae?
1559 830 1650 885 Est
1678 829 1900 884 vestitus

312 952 503 993 aureas
553 933 760 988 habens
800 929 1042 984 fimbrias
1073 947 1087 985 :
1118 941 1184 981 eo
1210 926 1253 980 si
1287 925 1419 979 velis
1450 922 1612 980 indue
1641 922 1898 979 animam.

314 1036 380 1087 At
404 1028 584 1083 effecit
611 1034 670 1080 ut
696 1041 802 1079 non
826 1020 1157 1090 contemptui
1178 1017 1451 1073 habereris
1468 1015 1536 1073 ab
1555 1013 1904 1069 hominibus?

312 1122 377 1176 Et
412 1118 543 1189 quid
589 1116 693 1171 hoc
726 1113 1021 1184 magnum?
1050 1110 1279 1165 viduitas
1321 1119 1469 1165 certe
1517 1124 1624 1161 non
1670 1106 1795 1159 sivit
1847 1113 1906 1159 ut

312 1211 639 1280 contemptui
672 1208 919 1263 habearis
951 1220 981 1259 a
1009 1202 1364 1259 daemonibus.
1400 1201 1548 1256 Tunc
1569 1199 1901 1254 dominatum

311 1302 592 1359 obtinebas
622 1302 672 1353 in
707 1309 827 1352 tuos
853 1295 1085 1351 famulos
1111 1334 1127 1360 ,
1156 1294 1201 1347 si
1236 1293 1395 1349 modo
1436 1292 1659 1345 omnino
1697 1290 1906 1345 obtine-

316 1398 442 1451 bas:
477 1406 621 1449 nunc
650 1400 835 1447 autem
869 1402 963 1457 pro
993 1386 1204 1440 famulis
1232 1384 1567 1439 dominatum
1604 1381 1817 1435 obtines
1851 1380 1901 1433 in

316 1494 660 1557 incorporeas
692 1484 944 1547 virtutes,
969 1480 1323 1551 principatus,
1357 1485 1651 1549 potestates
1679 1516 1693 1536 ,
1728 1483 1902 1529 recto-

316 1598 421 1636 rem
448 1578 606 1647 hujus
635 1574 819 1631 mundi
852 1583 1021 1627 tenes.
1046 1570 1313 1625 Molestias
1343 1579 1521 1625 autem
1545 1582 1649 1621 non
1670 1565 1823 1628 dicis,
1852 1566 1902 1617 in

315 1674 500 1745 quibus
527 1667 691 1725 simul
718 1682 839 1723 cum
868 1681 934 1720 eo
960 1663 1263 1719 versabaris
1296 1705 1310 1728 ,
1346 1663 1392 1715 si
1423 1660 1637 1731 quando
1669 1658 1905 1713 vexabat

320 1777 482 1820 uictus
529 1762 976 1832 magistratuum,
1024 1757 1069 1811 si
1118 1755 1333 1826 quando
1369 1755 1666 1807 vicinorum
1711 1751 1904 1809 melior

320 1854 653 1911 existimatio.
692 1851 773 1905 Ab
800 1850 883 1903 his
914 1848 1163 1909 onmibus
1192 1862 1333 1901 nunc
1353 1861 1413 1899 es
1442 1845 1665 1899 liberata
1694 1885 1707 1908 ,
1738 1858 1765 1896 a
1798 1852 1903 1897 ter-

324 1966 439 2003 rore
466 1958 517 2001 et
544 1954 712 2002 metu.
732 1943 837 2000 Sed
861 1941 1088 1996 sollicita
1120 1954 1180 1995 es
1202 1940 1323 2010 quis
1350 1940 1566 1992 relictos
1592 1937 1682 1991 tibi
1707 1938 1903 1991 nutriet

331 2042 488 2105 titius,
521 2039 673 2093 Pater
700 2035 1092 2104 orphanorum.
1116 2033 1246 2099 Quis
1273 2032 1414 2086 enim
1438 2031 1582 2100 ipsos
1611 2029 1901 2097 dedit,dic,

335 2131 535 2200 qtneso?
558 2145 659 2187 non
692 2128 848 2187 audis
877 2127 1147 2182 Christum
1175 2126 1441 2181 dicentem
1474 2126 1525 2179 in
1563 2124 1857 2194 Evangelia
1887 2142 1900 2177 :

334 2222 501 2277 Nonne
533 2222 708 2275 anima
753 2228 827 2274 est
861 2219 975 2289 plus
991 2235 1151 2289 quant
1166 2233 1302 2285 esca,
1332 2228 1378 2273 et
1416 2233 1599 2287 corpus
1628 2233 1781 2287 quam
1820 2217 1901 2269 in-

322 2315 599 2366 dumentum
620 2310 705 2379 (Μ
710 2312 840 2363 attft.
865 2311 918 2365 6.
940 2308 1033 2381 25)
1054 2308 1076 2359 ?

383 2410 433 2462 4.
466 2407 627 2462 Vides
654 2405 1092 2460 lamentationem
1126 2419 1230 2457 non
1262 2418 1382 2457 esse
1403 2418 1462 2458 ex
1495 2402 1902 2464 consuetudine,

318 2501 403 2555 sed
429 2517 491 2555 ex
523 2496 946 2553 incredulitate?
980 2499 1047 2549 At
1078 2494 1167 2548 filii
1202 2511 1305 2548 non
1338 2504 1455 2547 sunt
1488 2510 1641 2563 mque
1676 2496 1805 2549 clari
1852 2505 1906 2550 et

314 2595 541 2651 illustres
558 2634 572 2657 ,
598 2607 721 2646 cum
752 2598 905 2660 pater
931 2589 1247 2648 (lt-cesserit.
1271 2588 1489 2654 Quare?
1519 2591 1683 2644 Deum
1707 2588 1905 2643 habent

318 2686 541 2749 Patrem,
567 2694 620 2737 et
646 2699 752 2738 non
782 2690 906 2737 sunt
936 2681 1062 2735 clari
1090 2693 1143 2735 et
1172 2681 1449 2735 illustres?
1496 2697 1655 2750 quam
1707 2682 1905 2736 multos

316 2779 398 2831 tibi
428 2776 712 2832 ostendam
744 2791 772 2830 a
803 2776 976 2829 viduis
1006 2774 1261 2828 educatos
1284 2816 1298 2839 ,
1347 2776 1437 2844 qui
1484 2775 1701 2833 fuerunt
1749 2776 1904 2831 home

312 2869 759 2923 existimationis?
801 2883 961 2938 quam
1008 2868 1207 2921 multos
1234 2877 1413 2923 autem
1442 2883 1469 2921 a
1500 2868 1738 2938 patribus
1766 2869 1902 2924 edu-

313 2971 469 3027 catos,
510 2960 600 3029 qui
632 2958 943 3029 perierunt?
972 2956 1027 3012 Si
1059 2960 1200 3011 enim
1223 2974 1317 3013 eos
1337 2959 1554 3024 educas,
1584 2968 1642 3014 ut
1670 2972 1902 3030 oportet,

311 3066 338 3104 a
368 3053 533 3121 prima
564 3052 782 3105 ineunte
829 3059 1023 3114 aetate,
1076 3050 1267 3119 majori
1314 3049 1558 3105 fruentur
1602 3052 1904 3119 beneficio,

312 3159 457 3212 quam
488 3158 557 3197 ex
590 3156 717 3195 cura
749 3152 992 3217 paterna.
1024 3141 1176 3209 Quod
1208 3143 1351 3196 enim
1383 3144 1483 3198 hoc
1510 3145 1579 3198 sit
1627 3146 1903 3200 viduarum

315 3250 500 3288 Iltllltus
526 3275 542 3298 ,
596 3248 792 3302 nempe
819 3234 957 3287 filios
982 3233 1151 3297 alere,
1179 3236 1302 3289 audi
1338 3234 1560 3290 Paulum
1589 3237 1852 3292 dicentem
1889 3256 1902 3292 :

315 3330 367 3383 Si
395 3332 531 3403 ﬁlios
558 3330 790 3397 educavit
814 3344 833 3393 ;
861 3338 916 3384 et
948 3345 1153 3394 rursus,
1186 3329 1485 3384 Solvabitur
1514 3343 1682 3385 autem
1706 3350 1795 3401 per
1837 3335 1906 3403 ﬁ-

316 3421 485 3474 liorum
518 3422 1064 3492 generationem(non
1114 3421 1290 3489 dixit,
1342 3423 1444 3477 Per
1487 3425 1817 3497 maritum),
1864 3427 1909 3481 si

320 3515 679 3580 permanserint
709 3516 760 3567 in
788 3515 890 3583 ﬁde
916 3525 962 3568 et
1006 3517 1217 3568 caritate
1258 3526 1305 3568 et
1348 3517 1747 3585 sanctiﬁcatione
1792 3537 1906 3573 cum

316 3608 638 3676 temperantia
669 3608 754 3678 (1.
783 3605 919 3660 Tim.
948 3608 1003 3663 5.
1030 3607 1116 3662 10.
1147 3619 1193 3661 et
1229 3608 1282 3662 2.
1319 3610 1445 3679 15).
1479 3610 1647 3665 ludite
1689 3613 1768 3666 cis
1815 3613 1905 3669 Dei

314 3700 556 3756 timorem
582 3701 650 3765 ab
683 3702 902 3756 ineunte
933 3711 1090 3757 actate
1110 3745 1123 3765 ,
1156 3712 1210 3757 et
1241 3703 1285 3757 is
1314 3719 1407 3760 eos
1432 3706 1600 3775 magis
1642 3707 1909 3762 custodiet

310 3807 457 3860 quam
485 3794 665 3861 quivis
697 3803 884 3861 pater:
919 3794 1004 3848 hic
1030 3796 1125 3849 crit
1163 3812 1345 3850 murus
1373 3796 1651 3853 infractus.
1681 3799 1907 3865 Quando

310 3889 443 3937 enim
470 3888 617 3937 intus
643 3886 1063 3940 fueritresideus
1093 3898 1295 3952 custos,
1335 3891 1464 3944 nihil
1497 3893 1651 3951 nobis
1672 3895 1908 3953 externis

306 3988 433 4042 Opus
480 3984 570 4028 est
618 3976 1005 4031 munitionibus
1039 3996 1052 4033 :
1087 3979 1130 4032 si
1183 3988 1361 4036 autem
1415 4000 1519 4037 non
1571 3986 1678 4050 sit,
1713 3986 1906 4043 frustra

307 4078 421 4118 sunt
452 4083 816 4137 qumcumquc
848 4080 1096 4123 externa.
1132 4070 1243 4125 lloc
1272 4074 1375 4127 erit
1403 4076 1480 4129 eis
1512 4084 1567 4131 et
1613 4077 1813 4133 divitia:
1855 4091 1909 4134 et

306 4157 468 4226 gloria
502 4168 559 4213 et
603 4171 977 4213 ornamentum
1011 4181 1023 4214 :
1057 4162 1155 4216 hoc
1188 4180 1281 4218 eos
1313 4166 1467 4223 faciet
1496 4169 1672 4223 claros
1699 4182 1747 4224 et
1783 4173 1906 4226 illu-

306 4259 465 4314 stres,
494 4265 603 4302 non
630 4250 681 4303 in
714 4259 878 4314 terra,
912 4253 1005 4307 sed
1035 4255 1197 4308 etiam
1228 4257 1276 4307 in
1310 4259 1475 4311 ca-lis.
1508 4258 1582 4312 Ne
1611 4262 1740 4314 mibi
1764 4262 1904 4316 enim

305 4341 366 4394 ad
398 4343 521 4396 illos
550 4343 836 4411 aspexeris
864 4344 951 4413 qui
981 4346 1138 4399 cincti
1167 4356 1288 4400 sunt
1319 4350 1467 4402 zonis
1494 4350 1689 4417 aureis,
1719 4368 1819 4414 nec
1841 4355 1904 4407 ad

303 4448 394 4486 eos
424 4434 517 4503 qui
549 4432 821 4488 vehuntur
848 4437 998 4506 equis
1024 4477 1039 4501 ,
1071 4452 1169 4491 nec
1196 4438 1261 4492 ad
1293 4454 1386 4494 eos
1415 4441 1499 4511 qui
1532 4441 1812 4510 Splt-lttimll
1855 4445 1905 4498 in

308 4526 445 4594 regia
482 4534 706 4593 propter
735 4536 935 4596 patres,
969 4544 1069 4583 nec
1095 4529 1160 4583 ad
1192 4546 1285 4586 eos
1315 4533 1401 4603 qui
1431 4536 1666 4589 asseclas
1708 4535 1907 4592 habent

304 4627 354 4670 et
378 4618 726 4687 pa-dagogos.
753 4618 879 4674 llaec
905 4621 1047 4675 enim
1080 4623 1307 4678 fortasse
1332 4626 1518 4679 viduas
1548 4628 1808 4687 induerint
1853 4640 1910 4684 ut

305 4709 564 4779 plangant
588 4721 809 4778 propter
833 4712 1127 4782 orphanos,
1159 4716 1237 4770 sic
1259 4719 1554 4787 cogitantes
1586 4740 1597 4774 :
1630 4722 1725 4777 llic
1758 4741 1908 4779 meus

306 4801 477 4866 filius,
528 4803 573 4856 si
626 4812 776 4871 pater
822 4806 869 4859 ei
902 4805 1088 4862 fuisset
1117 4820 1421 4880 superstes,
1456 4821 1654 4882 tantam
1683 4816 1908 4886 adeptus

303 4905 447 4948 esset
477 4895 906 4961 beatitudinem;
941 4913 1083 4953 nunc
1108 4909 1286 4954 autem
1334 4912 1419 4956 est
1467 4905 1517 4957 in
1568 4922 1802 4962 maerore
1855 4920 1909 4964 et

302 4994 641 5053 contemptu,
674 4995 730 5039 et
761 4987 812 5040 in
838 4987 978 5042 nulla
1005 4990 1418 5047 existimatione.
1443 4994 1518 5054 Nc
1544 4996 1658 5061 ha-c
1679 5002 1904 5069 cogites,

303 5090 336 5128 ο
362 5076 582 5140 mulier,
615 5077 707 5129 sed
735 5080 1057 5147 cogitatione
1083 5084 1227 5147 aperi
1252 5086 1367 5137 caeli
1396 5098 1594 5151 portas.
1619 5090 1766 5145 disce
1789 5109 1905 5147 eam

304 5182 425 5235 qua:
458 5167 569 5235 illic
592 5180 671 5222 est
698 5169 937 5240 Regiam,
970 5185 1153 5241 reputa
1182 5191 1249 5229 an
1280 5177 1313 5230 ii
1343 5179 1431 5247 qui
1465 5189 1588 5234 sunt
1630 5182 1682 5236 in
1726 5192 1866 5238 terra
1886 5227 1902 5251 ,

307 5259 517 5323 possint
546 5275 669 5314 esse
690 5260 948 5321 clariores
978 5264 1086 5319 filio
1112 5274 1200 5320 tuo
1226 5269 1313 5338 qui
1365 5270 1471 5323 illic
1510 5284 1628 5340 est,
1676 5284 1729 5327 et
1776 5285 1904 5331 tunc

305 5346 650 5415 ingemiscc:
699 5352 741 5404 si
775 5362 953 5407 autem
982 5355 1033 5408 in
1080 5365 1217 5411 terra
1266 5360 1373 5412 sint
1416 5361 1576 5432 aliqui
1628 5364 1900 5433 illustres,

305 5438 424 5506 ejus
456 5439 532 5495 rei
558 5442 702 5495 nulla
730 5454 812 5496 est
841 5445 1079 5500 habenda
1120 5450 1254 5502 ratio
1284 5469 1295 5504 :
1331 5451 1453 5506 licet
1473 5455 1515 5507 si
1544 5456 1676 5510 velis
1722 5458 1893 5528 ipsum

306 5533 543 5589 militare
576 5535 626 5588 in
655 5537 831 5600 cadis,
866 5542 915 5591 in
962 5541 1100 5596 illius
1131 5545 1402 5601 exercitus
1449 5563 1729 5605 numerum
1776 5567 1898 5608 eum

1138 355 1202 413 ΙΝ
1243 351 1458 413 EPIST.
1503 354 1543 410 Ι.
1585 353 1675 408 AD
1714 350 2047 408 TIIESS.\L.
2090 342 2243 407 CAP.
2286 352 2373 408 IV.
2421 353 2653 411 llOMIL.
2701 356 2789 413 Vl.

3500 365 3608 423 454

2015 463 2237 519 referre.
2272 465 2403 520 Nam
2432 469 2522 538 qui
2556 470 2607 522 in
2639 470 2787 524 illum
2816 486 3098 527 numerum
3123 474 3430 533 referuntur
3451 519 3467 545 ,
3499 494 3609 535 non

2013 556 2167 626 equis
2197 555 2484 624 vehuntur,
2520 559 2614 614 sed
2641 560 2886 616 feruntur
2908 562 2959 616 in
3002 564 3271 632 nubibus;
3306 583 3412 622 non
3461 568 3605 623 lmmi

2012 646 2360 716 gradiuntur,
2392 648 2487 704 sed
2519 652 2796 720 rapiuntur
2820 654 2873 707 in
2904 654 3095 709 carlum
3127 671 3141 709 :
3175 672 3279 711 non
3304 658 3501 713 habent
3526 660 3606 714 fa-

2015 737 2189 792 mulos
2216 738 2305 807 qui
2333 740 2477 808 ipsos
2513 742 2848 811 praecedant,
2883 744 2976 799 sed
3004 745 3150 815 ipsos
3187 750 3445 819 angelos;
3495 767 3605 807 non

2012 831 2273 885 assistunt
2300 832 2413 901 regi
2442 833 2677 900 mortali,
2711 835 2805 891 sed
2836 836 3123 893 immortali
3144 881 3160 905 ,
3202 840 3333 911 Regi
3376 824 3560 913 regum
3587 886 3604 910 ,

2014 932 2069 977 et
2098 923 2323 978 Domino
2353 925 2780 994 dominantium;
2810 945 2916 985 non
2961 930 3160 986 habent
3204 934 3345 989 circa
3394 935 3607 989 lumbos

2014 1030 2202 1068 zonam
2237 1016 2544 1086 pelliceam,
2578 1019 2671 1074 sed
2702 1020 2925 1091 gloriam
2958 1023 3099 1078 illam
3143 1025 3501 1092 ineffabilem,
3552 1040 3607 1083 et

2013 1107 2227 1176 regibus
2255 1108 2388 1163 fiunt
2411 1110 2845 1180 splendidiores;
2875 1124 2929 1168 et
2960 1115 3024 1169 iis
3055 1118 3146 1187 qui
3169 1118 3454 1187 aliquando
3486 1118 3606 1175 fue-

2014 1209 2140 1253 runt
2167 1200 2215 1253 in
2250 1200 2458 1258 honore
2481 1213 2536 1257 et
2574 1204 2988 1261 existimatione.
3043 1206 3098 1261 In
3141 1209 3230 1263 illa
3274 1213 3417 1264 enim
3462 1212 3606 1282 regia

2013 1306 2117 1344 non
2145 1303 2459 1361 quzeruntur
2483 1294 2682 1349 divitia:
2703 1337 2717 1362 ,
2751 1313 2924 1367 neque
2950 1300 3222 1361 nobilitas,
3250 1316 3421 1370 neque
3450 1302 3610 1371 quid-

2011 1399 2168 1454 quam
2197 1386 2361 1452 aliud,
2397 1387 2490 1441 sed
2522 1388 2695 1443 solum
2723 1392 2982 1459 quieritur
3008 1393 3208 1456 virtus;
3243 1403 3293 1447 et
3321 1394 3365 1447 si
3404 1409 3465 1447 ea
3511 1393 3609 1448 ad-

2012 1477 2112 1542 sit,
2150 1477 2281 1532 nihil
2308 1478 2461 1533 deest
2503 1480 2570 1534 ad
2614 1481 2815 1549 primas
2861 1492 3037 1551 partes
3086 1483 3427 1538 obtinendas.
3468 1484 3609 1539 Nihil

2012 1580 2094 1625 est
2124 1570 2280 1626 nobis
2306 1571 2528 1628 difticile
2557 1573 2600 1627 si
2628 1574 2856 1629 velimus
2882 1576 3272 1648 pliilOSOpltari.
3303 1578 3527 1648 Suspice
3554 1580 3607 1633 in

2010 1665 2221 1725 czclum.
2252 1676 2304 1720 et
2337 1666 2455 1721 vide
2485 1678 2742 1737 quantum
2773 1686 2954 1740 regum
2985 1670 3193 1740 fastigio
3221 1671 3323 1726 hoc
3349 1673 3419 1727 sit
3466 1688 3609 1743 prta-

2010 1756 2227 1810 clarius.
2261 1756 2314 1812 Si
2340 1768 2520 1813 autem
2552 1774 2906 1830 supernorum
2935 1777 3117 1833 regum
3136 1763 3502 1834 pavimentum
3525 1774 3605 1819 cst

2014 1846 2324 1903 inferiorum
2358 1865 2541 1920 regum
2597 1852 2904 1921 pavimento
2947 1862 3094 1907 tanto
3140 1855 3563 1927 magnificentius
3589 1897 3607 1921 ,

2012 1947 2072 1992 ut
2098 1938 2198 1993 hoc
2227 1955 2342 2010 prce
2372 1941 2464 1995 illo
2489 1956 2703 1997 ccenum
2736 1943 3073 1998 exiSIimetur
3103 1959 3117 1996 :
3147 1944 3193 1998 si
3217 1945 3479 2015 quispiam
3526 1945 3609 2000 di-

2011 2046 2149 2102 gnus
2167 2031 2234 2089 sit
2254 2033 2466 2087 habitus
2494 2034 2585 2104 qui
2612 2046 2800 2090 exacte
2827 2045 2879 2090 et
2905 2046 3154 2091 accurate
3184 2037 3360 2091 videat
3383 2040 3607 2109 regiam,

2011 2140 2241 2193 quanam
2272 2142 2376 2181 non
2405 2127 2509 2181 erit
2539 2128 2730 2199 dignus
2760 2129 3129 2185 beatitudine?
3159 2131 3287 2197 Qua:
3311 2142 3501 2197 autem,
3538 2134 3608 2187 im

2011 2215 2144 2284 quit,
2174 2225 2245 2270 est
2274 2233 2389 2271 vere
2417 2218 2591 2283 vidua,
2626 2229 2672 2273 et
2704 2220 2932 2289 desolata
2958 2263 2973 2288 ,
3003 2233 3174 2291 sperat
3202 2227 3254 2277 in
3300 2222 3468 2278 Deum
3513 2231 3610 2294 (1.

2014 2303 2147 2358 Tim.
2181 2308 2237 2362 5.
2269 2308 2368 2377 5).
2402 2308 2514 2365 lloc
2537 2310 2857 2381 quibusnam
2904 2328 2935 2366 a
2983 2329 3071 2369 me
3112 2314 3315 2375 dictum
3368 2316 3495 2371 est?
3541 2317 3612 2372 lis

2011 2412 2131 2467 qua:
2163 2398 2363 2453 habent
2389 2399 2565 2467 filios,
2598 2403 2738 2472 quod
2770 2405 2925 2475 longe
2972 2407 3311 2477 probatiores
3354 2409 3461 2463 sint
3486 2451 3501 2475 ,
3556 2420 3613 2465 et

2013 2490 2273 2559 majorem
2314 2491 2550 2548 habeant
2579 2499 2920 2551 occasionem
2966 2500 3210 2569 piacendi
3262 2501 3411 2566 Deo;
3464 2504 3609 2572 quod

2011 2584 2090 2637 eis
2118 2586 2297 2639 omnia
2330 2587 2503 2640 soluta
2531 2590 2641 2644 sint
2664 2591 2895 2654 vincula,
2928 2607 3086 2647 nemo
3116 2594 3185 2647 sit
3210 2595 3300 2663 qui
3342 2595 3607 2660 retineat,

2012 2691 2184 2744 neque
2210 2678 2296 2745 qui
2320 2689 2476 2749 cogat
2504 2680 2858 2736 illastrahere
2888 2694 3125 2737 catenas.
3169 2684 3427 2754 Separata
3470 2702 3529 2741 es
3576 2705 3608 2741 a

2011 2768 2125 2819 viro
2148 2809 2163 2833 ,
2199 2770 2292 2821 sed
2325 2772 2471 2823 unita
2504 2788 2563 2825 es
2596 2774 2705 2825 Deo
2737 2791 2748 2825 :
2783 2790 2889 2827 non
2939 2776 3103 2829 babes
3154 2792 3481 2832 conservum
3533 2789 3611 2835 te-

2010 2874 2131 2912 cum
2167 2860 2450 2917 habentem
2481 2866 2948 2934 Consuetudinem,
2982 2869 3076 2922 sed
3113 2870 3276 2924 babes
3304 2872 3607 2926 Dominum.

2010 2950 2233 3019 Quando
2259 2969 2380 3009 oras
2401 2996 2417 3021 ,
2450 2972 2629 3012 nonne
2660 2975 2779 3014 cum
2815 2960 2925 3014 Deo
2957 2961 3190 3029 loqueris
3212 3001 3226 3026 ,
3259 2962 3364 3023 dic,
3386 2967 3611 3033 quaeso?

2010 3046 2223 3114 quando
2252 3047 2402 3116 legis,
2428 3050 2548 3102 audi
2572 3067 2693 3104 eum
2719 3061 2892 3106 tecum
2925 3054 3250 3123 loquentem.
3271 3057 3407 3124 Quid
3430 3067 3608 3112 autem

2011 3136 2176 3191 dicit?
2209 3138 2379 3193 Verba
2414 3142 2508 3194 viri
2545 3144 2723 3197 verbis
2769 3145 2939 3199 multo
2989 3148 3158 3215 magis
3205 3148 3603 3208 desiderabilia.

2010 3228 2142 3283 Nam
2174 3230 2253 3284 vir
2273 3232 2507 3301 quidem,
2543 3236 2751 3289 etiamsi
2795 3236 3065 3305 aduletur,
3098 3255 3205 3294 non
3259 3257 3485 3311 magnus
3526 3256 3608 3298 est

2012 3321 2220 3388 honor;
2251 3333 2334 3378 est
2359 3324 2501 3379 enim
2529 3340 2823 3381 conservus
2861 3346 2874 3381 :
2904 3330 3119 3398 quando
3145 3340 3322 3386 autem
3353 3334 3610 3389 Dominus

2012 3413 2228 3469 famulae
2253 3418 2522 3483 adulatur,
2555 3430 2682 3474 tunc
2706 3437 2893 3491 magna
2916 3433 2997 3477 est
3018 3438 3144 3477 cura
3164 3434 3216 3478 et
3246 3424 3606 3482 observantia.

2012 3506 2293 3573 Quomodo
2315 3525 2443 3579 ergo
2467 3528 2564 3565 nos
2591 3523 2744 3567 curat
2772 3524 2825 3568 et
2850 3514 3137 3570 observat?
3168 3518 3304 3573 Audi
3339 3534 3432 3588 per
3456 3536 3608 3590 qua:-

2013 3616 2135 3654 nam
2166 3602 2283 3657 lucc
2306 3604 2430 3656 facit
2459 3620 2472 3657 :
2516 3604 2707 3672 Venite,
2743 3608 2933 3677 inquit,
2964 3611 3031 3662 ad
3061 3627 3139 3664 me
3168 3629 3338 3666 omnes
3358 3616 3445 3682 qui
3469 3616 3609 3669 labo-

2012 3693 2136 3745 ratis
2166 3704 2213 3745 et
2243 3695 2437 3746 onerati
2465 3697 2607 3760 estis,
2637 3708 2681 3749 et
2708 3714 2799 3767 ego
2838 3701 3068 3767 reﬁciant
3109 3718 3194 3755 eos
3240 3702 3465 3772 (Matth.
3519 3709 3606 3760 Η.

2010 3784 2137 3854 ἓνζ).
2172 3787 2234 3839 Et
2264 3802 2453 3841 rursus
2485 3804 2579 3859 per
2612 3789 2927 3859 prophetam
2961 3794 3178 3859 clamat,
3214 3795 3398 3850 dicens
3420 3840 3435 3864 ,
3466 3798 3610 3853 Nam

2014 3881 2333 3933 obliviscetur
2354 3882 2538 3937 mulier
2567 3884 2791 3939 misereri
2816 3887 3025 3955 fletuum
3047 3888 3236 3941 ventris
3266 3890 3345 3943 sui
3365 3890 3390 3943 ?
3413 3894 3547 3967 quod
3568 3896 3610 3947 si

2014 3974 2165 4024 etiam
2193 3972 2351 4026 oblita
2375 3975 2531 4044 fuerit
2564 3976 2764 4041 mulier,
2798 3977 2886 4029 sed
2915 3994 3004 4049 ego
3036 3996 3136 4032 non
3168 3980 3456 4049 obliviscar,
3490 3986 3612 4038 dicit

2016 4062 2463 4132 DontimtsUsai.
2519 4067 2609 4119 49.
2662 4068 2785 4135 15).
2834 4068 3026 4134 Quanti
3077 4072 3283 4131 amoris
3329 4085 3451 4127 sunt
3496 4075 3614 4131 hll'c

2014 4158 2216 4211 verba?
2250 4159 2313 4210 lit
2337 4174 2545 4220 rursus,
2571 4158 2930 4213 Convertimini
2957 4162 3024 4213 ad
3043 4179 3154 4229 me;
3175 4175 3225 4221 et
3247 4180 3431 4217 rursus
3456 4168 3608 4231 alibi,

2014 4249 2311 4303 Convertere
2335 4250 2403 4303 ad
2426 4267 2523 4314 me,
2556 4261 2601 4305 et
2631 4252 2801 4305 salvus
2827 4254 2923 4306 eris
2951 4253 2968 4322 (
2995 4253 3122 4305 Isai.
3159 4255 3214 4308 4.
3242 4256 3293 4309 5.
3328 4256 3418 4308 2‘2.
3444 4268 3491 4310 et
3514 4259 3603 4312 4i.

2011 4341 2081 4394 2:).
2103 4340 2143 4409 ).
2175 4342 2230 4395 Si
2259 4342 2380 4411 quis
2406 4353 2582 4395 autem
2610 4346 2774 4397 etiam
2802 4359 2867 4397 ex
2898 4344 3131 4400 Canticis
3151 4348 3607 4420 vclitexcerpere,

2012 4435 2213 4499 audiet,
2248 4435 2416 4503 magis
2445 4436 2666 4505 mystica
2697 4436 2972 4505 excipiens
3007 4456 3021 4490 :
3069 4436 3297 4493 Pulchra
3333 4458 3445 4495 mea
3470 4484 3485 4507 ,
3518 4460 3611 4496 co-

2013 4526 2181 4580 lumbo
2210 4541 2319 4577 mea
2351 4524 2539 4594 (Cant.
2568 4529 2622 4580 9..
2646 4526 2744 4597 10)
2768 4547 2779 4591 ;
2813 4528 2992 4583 audiet
3017 4546 3137 4585 cum
3162 4547 3481 4604 unaquaque
3508 4536 3610 4589 sibi

2013 4619 2365 4673 conveniente
2393 4620 2568 4674 anima
2600 4620 2978 4678 disserentem.
3008 4625 3144 4690 Quid
3196 4625 3277 4681 his
3314 4629 3491 4683 verbis
3524 4630 3612 4698 jn-

2013 4711 2280 4765 cundius'?
2309 4711 2470 4767 Vides
2503 4713 2593 4767 Dei
2621 4729 2742 4768 cum
2787 4714 3005 4771 homine
3047 4718 3420 4789 colloquium?
3469 4720 3608 4787 Quid

2013 4800 2578 4876 autem,dic,qu:eso?
2614 4823 2719 4861 non
2749 4808 2898 4862 vides
2929 4827 3085 4877 quam
3132 4812 3284 4865 multi
3329 4811 3608 4869 beatorum

2014 4895 2223 4949 illarum
2258 4896 2541 4951 mulierum
2577 4898 2667 4952 filii
2700 4899 3068 4964 decesserunt,
3100 4910 3153 4952 ct
3182 4915 3305 4955 sunt
3334 4904 3384 4955 in
3424 4908 3609 4974 sepul-

2014 4989 2163 5043 cris?
2192 4998 2321 5059 quot
2344 4990 2597 5043 mulieres
2623 4992 2873 5060 graviora
2903 5007 3071 5060 passa:
3099 5003 3241 5054 sunt,
3273 5004 3327 5048 ct
3351 5012 3470 5050 cum
3498 5014 3614 5051 ma-

2014 5081 2131 5135 ritis
2163 5081 2300 5135 filios
2329 5097 2539 5150 quoque
2565 5082 2906 5136 amiserunt?
2932 5083 3025 5138 llis
3048 5085 3408 5155 attendamus,
3436 5088 3503 5143 de
3527 5090 3610 5147 his

2014 5171 2180 5225 simus
2198 5170 2413 5226 solliciti
2440 5188 2455 5235 ;
2488 5180 2542 5225 et
2571 5171 2703 5226 nihil
2731 5174 2836 5227 erit
2866 5176 3020 5229 nobis
3051 5177 3368 5243 molestum,
3402 5181 3493 5234 sed
3524 5191 3608 5235 to-

2016 5272 2125 5316 tum
2157 5272 2365 5333 tempus
2391 5278 2709 5333 peragamus
2739 5264 2996 5333 degentes
3037 5283 3157 5322 cum
3201 5270 3399 5339 gaudio
3446 5273 3610 5341 spiri-

2018 5354 2163 5419 tuali,
2196 5365 2251 5409 et
2278 5355 2432 5409 bonis
2458 5354 2700 5410 fruemur
2725 5360 2942 5412 internis
2972 5375 2988 5416 ;
3019 5376 3138 5429 quzc
3167 5362 3322 5417 nobis
3346 5365 3599 5422 omnibus

2014 5444 2168 5500 detur
2190 5446 2443 5518 consequi
2466 5447 2632 5517 gratia
2661 5458 2715 5502 et
2742 5448 3090 5520 benignitate,
3130 5461 3236 5507 etc.
