4140 6484
513 388 580 446 45
591 392 616 442 ‘i

2355 240 2381 254 κ

1265 382 1324 437 S.
1365 376 1646 435 JOANNIS
1679 366 2160 430 CllRYSOSTOMI
2199 367 2516 427 ARCIIIEP.
2547 369 3073 432 CONS'I‘ANTINOP.
3709 386 3814 446 43d

527 529 3799 562 'W

1922 601 2270 667 HOMILIA
2315 602 2448 668 VII.

523 773 654 831 CAP.
686 774 733 828 ι.
767 787 820 825 v.
852 770 938 826 19..
971 768 1108 824 ΝοΙο
1130 777 1296 822 autem
1333 781 1418 819 vos
1466 764 1702 834 ignorare
1722 801 1738 825 ,
1778 761 1964 828 fratres
1988 794 2003 817 ,
2047 750 2111 804 de

597 865 958 919 dormientibus
979 904 991 924 ,
1020 873 1073 914 ut
1100 877 1201 913 non
1227 853 1594 912 contristemini
1615 893 1632 917 ,
1681 857 1810 903 sicut
1859 857 1905 900 et
1945 842 2114 898 cu'teri

597 957 683 1024 qui
707 971 843 1024 spent
874 971 975 1008 non
1005 952 1208 1005 habent.

603 1054 655 1106 1.
686 1049 863 1103 Multa:
897 1062 981 1101 res
1011 1055 1135 1099 sunt
1163 1043 1319 1097 nobis
1349 1041 1590 1095 inolestte
1613 1051 1678 1091 ex
1713 1033 1825 1089 sola
1856 1031 2112 1100 ignoran-

527 1147 597 1199 tia
633 1163 644 1196 :
679 1140 820 1212 quod
848 1141 892 1195 si
924 1151 1016 1194 eas
1042 1147 1191 1191 recte
1218 1133 1595 1193 didicerimus,
1625 1127 1864 1182 dolorem
1898 1118 2114 1190 propul-

521 1237 782 1290 sabimus.
818 1233 930 1286 l-loc
955 1246 1084 1300 ergo
1110 1228 1303 1283 Paulus
1332 1239 1544 1296 quoque
1576 1221 1838 1281 indicans,
1862 1213 2067 1268 dicebat
2093 1226 2105 1261 :

528 1327 576 1379 Ν
583 1328 664 1380 olo
694 1341 780 1378 vos
809 1325 1064 1393 ignorare,
1096 1331 1149 1373 ut
1179 1337 1279 1372 non
1306 1313 1684 1376 contristemini,
1716 1313 1845 1363 sicut
1873 1318 1920 1361 et
1941 1305 2112 1360 ctctcri

523 1419 608 1484 qui
637 1433 776 1486 spem
803 1432 901 1467 non
933 1414 1132 1465 habent.
1168 1409 1304 1478 Quid
1347 1423 1451 1460 non
1500 1406 1578 1458 vis
1627 1404 1772 1472 ipsos
1826 1395 2112 1469 ignomre?

524 1509 863 1568 Sermonem,
899 1502 1086 1572 inquit,
1116 1501 1182 1554 de
1214 1497 1624 1553 resurrectione.
1674 1495 1784 1547 Cur
1831 1505 1960 1544 vero
2003 1503 2110 1541 non

523 1601 658 1656 dicis
704 1597 1024 1668 supplicium
1079 1594 1220 1665 quod
1281 1604 1365 1646 est
1415 1591 1710 1658 repositum
1754 1599 1816 1639 ac
1871 1593 2110 1652 paratum

524 1691 890 1763 ignorantibus
936 1687 1156 1741 verbum
1204 1679 1659 1738 resurrectionis?
1704 1676 1838 1744 Quia
1885 1675 1986 1727 hoc
2031 1681 2112 1726 cst

523 1785 647 1839 inde
668 1782 1030 1843 manifestum,
1073 1789 1127 1833 ct
1165 1780 1216 1833 iu
1245 1776 1493 1830 confesso
1520 1785 1599 1826 est
1634 1787 1646 1823 :
1681 1769 1890 1824 interim
1932 1777 2109 1820 autem

521 1876 627 1929 erit
654 1889 867 1943 quoque
895 1871 1020 1926 inde
1049 1887 1153 1924 non
1181 1884 1364 1938 parum
1396 1864 1546 1920 lucri.
1581 1861 1714 1917 Nam
1745 1857 1996 1928 quoniam
2028 1872 2113 1909 re-

520 1964 838 2020 surrectioni
867 1963 1080 2032 quidem
1107 1960 1264 2014 Iidem
1301 1957 1606 2017 habebant,
1657 1951 1751 2007 sed
1800 1961 1976 2004 tamen
2035 1949 2113 2000 la-

521 2055 929 2119 mentabantur,
961 2062 1241 2123 pr0pterea
1268 2051 1346 2104 sic
1375 2048 1529 2102 dicit.
1556 2047 1728 2100 Aliter
1773 2043 1986 2114 quidem
2029 2041 2112 2094 lo-

519 2146 702 2217 quitur
730 2161 979 2200 cumnon
1008 2143 1390 2205 credentibus,
1434 2141 1594 2193 aliter
1641 2153 1770 2192 vero
1817 2150 1938 2188 cum
1984 2134 2109 2186 his:

524 2256 645 2293 nam
677 2253 771 2292 eos
799 2239 890 2308 qui
911 2237 1226 2307 quterebaut
1254 2235 1321 2288 de
1355 2233 1682 2303 temporibus
1703 2229 1874 2300 palam
1902 2226 2111 2282 esthoc

521 2331 769 2385 scit-isse.
820 2329 907 2384 15.
961 2327 1024 2382 Si
1068 2328 1198 2381 enim
1228 2326 1514 2388 credimus,
1547 2324 1749 2392 inquit,
1795 2321 1930 2390 quod
1961 2317 2112 2372 Jesus

523 2431 755 2474 mortuus
781 2430 850 2474 est
875 2430 921 2472 et
945 2419 1223 2472 resurrexit
1250 2428 1297 2470 et
1322 2417 1444 2470 visit
1470 2432 1490 2469 :
1516 2416 1586 2468 ita
1613 2425 1658 2467 et
1696 2413 1828 2467 Deus
1857 2429 1940 2466 eos
1963 2453 1978 2477 ,
2025 2411 2112 2478 qui

521 2514 838 2567 dormierunt
867 2529 955 2578 per
976 2509 1012 2562 Ι
1017 2527 1174 2572 esum,
1209 2509 1428 2562 adducet
1455 2524 1570 2560 eum
1591 2523 1670 2559 eo.
1706 2505 1802 2560 Ubi
1847 2514 1970 2558 sunt
2018 2503 2107 2570 qui

519 2621 736 2660 carm-ni
763 2604 1052 2673 reprobant
1078 2611 1132 2656 et
1158 2599 1449 2670 rejiciunt?
1477 2599 1608 2652 Nam
1649 2596 1694 2651 si
1743 2611 1962 2651 carnem
2007 2610 2111 2646 non

521 2697 758 2764 accepit,
792 2712 888 2749 nec
916 2703 996 2748 est
1025 2703 1268 2748 mortuus
1299 2711 1311 2746 :
1342 2690 1387 2744 si
1420 2705 1524 2743 non
1552 2698 1637 2744 est
1689 2698 1932 2742 mortuus
1953 2727 1966 2749 ,
2015 2701 2115 2739 nec

521 2786 838 2841 resurrexit.
868 2785 1149 2852 Quomodo
1177 2800 1307 2853 ergo
1338 2797 1435 2836 nos
1461 2798 1524 2836 ex
1561 2781 1642 2834 his
1682 2780 1999 2833 adhortatur
2042 2778 2108 2830 ad

523 2879 681 2934 ﬁdem
706 2877 729 2930 ?
756 2893 963 2940 annon,
997 2875 1138 2946 quod
1166 2874 1232 2928 ad
1281 2890 1470 2928 eorum
1519 2873 1708 2926 attinet
1754 2871 2073 2924 sententiam
2095 2912 2110 2934 ,

523 2979 607 3025 est
636 2969 811 3038 potius
837 2976 1063 3036 nugator
1088 2977 1140 3021 et
1168 2966 1460 3035 impostor?
1488 2964 1616 3018 Nam
1644 2965 1687 3018 si
1711 2974 2114 3017 mortunmesse

523 3070 607 3113 est
637 3059 862 3130 peccati,
891 3058 1136 3114 Christus
1161 3068 1338 3112 autem
1385 3075 1488 3111 non
1536 3057 1808 3126 peccavit,
1839 3059 2112 3126 quomodo

524 3168 624 3206 nos
643 3168 783 3205 nunc
800 3149 1152 3206 adhortatur?
1169 3151 1434 3218 Quorsum
1461 3166 1588 3202 vero
1609 3150 1768 3202 etiam
1787 3149 1936 3212 dicit,
1962 3147 2111 3202 Sicut

526 3245 707 3313 reliqui
728 3245 816 3313 qui
840 3261 980 3312 spem
1003 3260 1102 3296 non
1131 3244 1312 3294 habent
1336 3242 1360 3294 ἱ)
1388 3241 1548 3308 Quasi
1581 3241 1806 3305 diceret,
1841 3241 2111 3307 Quosnam

523 3336 734 3391 defletis
757 3377 772 3401 ,
806 3353 838 3389 ο
867 3334 1152 3390 homines?
1186 3350 1280 3403 pro
1311 3334 1628 3402 quibusnam
1674 3347 1906 3387 maerore
1944 3332 2112 3384 affici-

525 3429 698 3484 mini?
728 3444 822 3498 pro
854 3427 1245 3498 peccatoribus,
1277 3444 1344 3480 an
1372 3442 1466 3494 pro
1493 3425 1554 3477 iis
1603 3434 1806 3477 tantum
1851 3423 1942 3492 qui
1995 3439 2111 3475 tuo-

523 3520 780 3576 riuntur?
814 3519 886 3573 illi
916 3521 1076 3589 igitur
1101 3534 1361 3588 quosnam
1397 3516 1632 3571 deflent?
1659 3515 1818 3570 Certe
1843 3524 1964 3568 sunt
2009 3513 2114 3567 illis

524 3614 702 3667 omnia
737 3611 933 3665 inania.
973 3610 1381 3681 I’rimogeuitus,
1415 3609 1608 3677 inquit,
1637 3625 1700 3660 ea:
1721 3608 1931 3660 mortuis
1963 3605 2108 3676 (Col.

526 3708 578 3760 1.
614 3704 752 3776 18);
788 3705 837 3758 id
869 3713 972 3768 est,
1004 3703 1272 3771 primitiae.
1307 3703 1450 3772 Ergo
1476 3711 1528 3756 et
1555 3709 1782 3754 czeteros
1804 3714 1923 3753 esse
1951 3713 2112 3766 opor-

527 3808 623 3851 tet.
658 3796 790 3850 Vide
813 3805 992 3850 autem
1020 3795 1290 3864 quomodo
1319 3793 1404 3848 hic
1428 3792 1562 3847 nihil
1604 3791 1847 3845 adstruat
1887 3790 2110 3844 rationi-

528 3887 648 3954 bus,
682 3889 932 3958 quoniam
964 3899 1120 3944 erant
1152 3890 1307 3941 mites
1343 3897 1396 3942 et
1423 3887 1616 3958 placidi
1650 3903 1662 3938 :
1693 3887 1758 3939 ad
1803 3884 2111 3939 Corinthios

527 3991 707 4036 autem
737 3981 978 4036 scribens
1002 4021 1018 4046 ,
1050 3982 1212 4035 multa
1252 3981 1471 4052 agitavit
1512 3980 1836 4044 rationibus,
1890 3992 1946 4033 et
1985 3991 2111 4032 tunc

525 4073 803 4141 snbjunxit
835 4091 848 4126 :
875 4071 1136 4143 [nsipiens
1166 4083 1242 4138 tu,
1275 4073 1411 4142 quod
1440 4072 1660 4125 seminus
1697 4089 1796 4125 non
1826 4073 2111 4131 viviﬁcatur

525 4166 544 4231 (
569 4166 620 4220 1.
649 4165 767 4219 Cor.
803 4165 886 4220 l5.
915 4166 1031 4236 56).
1065 4166 1174 4220 Iloe
1204 4167 1346 4219 enim
1377 4177 1458 4220 est
1489 4165 1693 4220 ﬁrmius
1717 4178 1766 4220 et
1797 4166 1992 4233 aptius,
2015 4164 2110 4219 sed

524 4260 737 4328 quando
758 4259 1126 4328 disputatcum
1156 4260 1400 4313 ﬁdelibus
1436 4277 1448 4311 :
1481 4259 1619 4328 apud
1647 4267 1902 4313 externos
1929 4270 2108 4312 autem

523 4366 683 4418 quam
713 4351 815 4403 vim
851 4349 952 4405 hoc
983 4351 1272 4405 habuerit?
1303 4350 1384 4404 Ita
1414 4361 1461 4405 et
1491 4350 1626 4404 Deus
1649 4367 1754 4414 eos,
1776 4353 1862 4420 qui
1888 4351 2110 4404 dormie-

522 4453 642 4494 runt
669 4460 757 4511 per
775 4441 973 4507 Iesum,
1004 4443 1218 4496 adducet
1245 4461 1357 4496 eum
1381 4459 1458 4498 eo.
1491 4443 1697 4498 Rursus
1717 4486 1732 4508 ,
1760 4445 1861 4509 Qui
1885 4445 2108 4497 domtie-

523 4545 691 4588 runt:
727 4551 986 4604 nusquam
1019 4535 1181 4601 dicit,
1211 4536 1400 4589 Μοιιυί
1445 4546 1586 4589 sunt.
1638 4536 1745 4590 Sed
1792 4537 1842 4589 in
1891 4535 2110 4589 Christo

523 4625 738 4695 quidem
766 4625 962 4696 posuit,
995 4626 1232 4680 Mortuus
1257 4639 1349 4689 est,
1380 4631 1629 4697 quoniam
1661 4628 1798 4682 dixit
1845 4644 1968 4682 eum
2019 4643 2108 4683 re-

521 4717 823 4771 surrexisse
853 4735 866 4770 :
899 4717 983 4772 hic
1015 4733 1139 4772 vero
1161 4761 1174 4781 ,
1217 4717 1320 4772 Eos
1342 4721 1427 4788 qui
1449 4720 1763 4772 dormierunt
1790 4735 1880 4789 per
1903 4718 2105 4773 Jesum.

524 4806 618 4859 Vel
647 4807 748 4862 hoc
772 4807 919 4873 dicit,
944 4810 1082 4878 quod
1109 4811 1160 4863 in
1191 4812 1292 4865 lide
1318 4811 1445 4866 Jesu
1467 4812 1658 4865 mortui
1689 4813 1796 4864 sint
1819 4827 1834 4875 ;
1866 4812 1944 4867 vel
1963 4814 2103 4882 quod

522 4915 616 4964 per
641 4897 823 4952 Jesum
857 4899 1180 4954 adducturus
1203 4903 1273 4956 sit
1301 4917 1397 4954 eos
1419 4903 1504 4971 qui
1533 4902 1889 4966 dormierunt,
1923 4903 1972 4957 id
1997 4913 2100 4967 est,

521 4987 728 5044 ﬁdeles.
765 4989 862 5044 llic
889 4990 1120 5046 ha:retici
1152 4993 1439 5062 significari
1469 4995 1652 5047 dicunt
1697 5009 1791 5048 eos
1840 4997 1928 5066 qui
1978 5007 2104 5050 sunt

519 5080 792 5149 baptizati.
826 5083 954 5137 Illud
984 5100 1113 5138 vero
1133 5127 1146 5149 ,
1181 5084 1266 5138 Ita
1289 5128 1302 5146 ,
1329 5086 1596 5155 quomodo
1623 5087 1908 5141 consistit?
1945 5086 2103 5143 Jesus

518 5173 661 5226 enim
690 5189 794 5227 non
817 5173 1070 5228 dormivit
1099 5191 1193 5244 per
1221 5177 1562 5244 baptismum.
1597 5177 1706 5232 Cur
1743 5192 1873 5248 ergo
1917 5179 2047 5232 dicit
2083 5194 2096 5230 :

533 5264 633 5332 Qui
659 5267 1017 5320 dormierunt?
1043 5269 1223 5336 Itaque
1247 5283 1350 5322 non
1377 5269 1443 5324 dc
1473 5270 1728 5337 generali,
1757 5270 1849 5325 sed
1885 5270 1953 5324 de
1988 5271 2101 5323 sin-

531 5355 696 5421 gulari
725 5370 818 5409 seu
847 5359 1148 5424 particulari
1182 5359 1416 5426 loquitur
1441 5361 1856 5416 resurrectione.
1887 5359 1990 5414 Eos
2015 5361 2102 5431 qui

522 5454 836 5507 dot-inierunt
863 5471 953 5524 per
976 5453 1154 5508 Jesum
1180 5454 1428 5517 adducet,
1475 5453 1643 5524 inquit
1673 5469 1687 5505 :
1717 5462 1771 5507 et
1818 5453 1998 5507 multis
2049 5454 2098 5506 in

517 5542 647 5597 locis
673 5545 742 5598 ita
772 5543 922 5598 dicit.
952 5545 1034 5598 M.
1073 5543 1184 5598 Hoc
1203 5545 1334 5597 enim
1355 5543 1488 5597 vobis
1517 5543 1729 5595 dicimus
1751 5544 1803 5596 in
1827 5543 1972 5596 verbo
1999 5542 2104 5595 Do-

515 5639 657 5700 mini,
685 5638 821 5705 quod
845 5653 934 5690 nos
957 5637 1044 5706 qui
1069 5638 1298 5699 vivimus,
1325 5638 1412 5706 qui
1432 5635 1621 5690 residui
1646 5653 1816 5689 smnus
1837 5636 1888 5688 in
1906 5635 2096 5688 adven-

516 5739 621 5779 tum
671 5728 921 5796 Domini,
968 5748 1068 5784 non
1114 5732 1470 5800 prtereuiemus
1518 5746 1600 5782 eos
1641 5729 1727 5798 qui
1755 5727 2090 5782 dormierunt.

521 5817 766 5885 Loquens
795 5819 860 5873 de
889 5819 1130 5874 lldelilsus
1169 5823 1333 5886 d'cit,
1386 5820 1486 5875 Eos
1527 5822 1611 5889 qui
1654 5821 2000 5884 dormierunt;
2046 5830 2099 5874 et

2222 761 2428 815 rursus,
2464 749 2957 827 Mortuimurgent.
2993 757 3196 815 Deinde
3221 775 3327 814 non
3372 762 3544 816 solum
3590 767 3700 834 agit
3739 765 3808 820 de

2219 845 2631 909 resurrectione,
2663 847 2757 900 sed
2786 857 2840 902 et
2865 849 2932 903 de
2957 854 3354 908 resurrectione
3398 864 3452 908 et
3496 855 3704 910 honore
3751 857 3802 912 ir

2217 931 2404 1002 gloria.
2437 934 2608 1005 Atque
2637 941 3033 995 resurrectione
3062 942 3277 1010 quidem
3309 958 3497 999 omnes
3526 945 3803 1014 fruentur,

2219 1023 2423 1092 inquit;
2457 1041 2564 1081 non
2595 1043 2782 1084 omnes
2810 1043 2986 1085 autem
3013 1043 3172 1087 erunt
3201 1033 3252 1088 in
3279 1036 3447 1105 gloria
3468 1078 3484 1103 ,
3515 1038 3610 1092 sed
3633 1081 3646 1102 ,
3705 1039 3805 1107 Qui

2218 1117 2269 1168 in
2292 1115 2513 1171 Christo.
2546 1119 2809 1186 Quoniam
2842 1139 2971 1193 ergo
3000 1125 3142 1193 ipsos
3187 1127 3299 1180 vult
3341 1129 3647 1194 consolari,
3696 1147 3802 1183 non

2217 1223 2280 1262 ex
2317 1209 2415 1264 hoc
2440 1211 2616 1266 solum
2646 1214 2958 1268 consolatur
2979 1257 2994 1281 ,
3030 1217 3122 1270 scd
3153 1230 3206 1270 et
3234 1233 3297 1271 ex
3327 1219 3493 1274 multo
3521 1221 3724 1276 honore
3750 1233 3806 1277 et

2217 1314 2281 1353 ex
2309 1301 2614 1366 velocitate,
2641 1306 2893 1374 quoniam
2921 1306 3053 1361 illud
3080 1310 3340 1363 sciebant.
3375 1310 3505 1364 Nam
3545 1313 3688 1382 quod
3737 1331 3803 1369 ex

2218 1392 2420 1447 honore
2443 1395 2587 1465 ipsos
2616 1398 3042 1465 velitconsolari,
3072 1401 3199 1456 dicit
3220 1403 3554 1470 procedens:
3586 1404 3654 1458 Et
3674 1423 3805 1460 sem-

2216 1502 2306 1554 per
2329 1502 2444 1539 cum
2475 1485 2692 1541 Domino
2715 1491 2920 1554 erimus,
2945 1503 3019 1557 et,
3044 1491 3107 1546 In
3138 1494 3350 1548 nubibus
3375 1497 3632 1561 rapientur
3654 1498 3797 1569 (Cor.

2217 1591 2265 1628 υ,
2303 1576 2411 1646 16).
2441 1578 2723 1642 Quomodo
2739 1592 2918 1634 autem
2941 1581 3123 1637 ﬁdeles
3159 1599 3255 1654 per
3277 1584 3458 1639 Jesum
3485 1588 3755 1643 dormiunt
3779 1591 3802 1642 1'

2219 1669 2329 1725 lloc
2359 1679 2442 1725 est
2464 1713 2478 1736 ,
2511 1673 2782 1727 Christum
2823 1676 2872 1727 iu
2900 1689 2956 1728 se
2983 1675 3264 1734 habentes.
3301 1678 3430 1734 Illud
3461 1691 3664 1747 autem,
3696 1683 3805 1736 Αιι-

2217 1759 2364 1814 ducet
2386 1779 2500 1814 cum
2527 1779 2620 1827 eo,
2652 1765 2884 1819 ostendit
2915 1766 3102 1820 adduci
3155 1783 3220 1822 ex
3266 1771 3446 1824 multis
3491 1771 3644 1826 locis.
3693 1773 3807 1828 lloe

2218 1853 2350 1905 enim
2375 1854 2510 1906 robis
2531 1895 2545 1915 ,
2576 1855 2746 1925 inquit
2765 1897 2778 1918 ,
2813 1859 3026 1912 dicimus
3059 1861 3109 1912 in
3141 1862 3288 1914 verbo
3312 1861 3539 1916 Domini.
3572 1864 3682 1918 Hoc
3711 1882 3806 1922 no-

2216 1959 2339 1998 vum
2364 1957 2417 1998 et
2445 1945 2743 2001 inauditum
2776 1959 2885 2002 erat
2915 1949 3193 2017 dicturus;
3227 1964 3506 2022 propterea
3536 1956 3699 2010 efficit
3749 1970 3806 2012 ut

2217 2035 2286 2088 sit
2312 2035 2414 2090 ﬁde
2440 2037 2680 2106 dignum.
2714 2038 2780 2092 In
2803 2041 2948 2094 verbo
2969 2084 2984 2106 ,
3019 2042 3186 2112 inquit
3214 2087 3228 2109 ,
3263 2043 3492 2099 Domini.
3527 2047 3638 2101 lloc
3683 2061 3761 2102 est
3787 2091 3802 2112 ,

2217 2127 2332 2182 Non
2359 2145 2387 2180 a
2419 2131 2570 2184 nobis
2599 2131 2761 2200 ipsis,
2795 2133 2889 2186 sed
2938 2149 2966 2189 a
3021 2133 3235 2190 Christo
3283 2137 3460 2192 edocti
3492 2179 3506 2202 ,
3555 2139 3806 2194 dicimus.

2221 2219 2370 2285 Quod
2395 2239 2486 2274 nos
2510 2224 2596 2290 qui
2625 2225 2832 2279 vivimus
2854 2268 2866 2288 ,
2898 2229 2985 2295 qui
3014 2229 3202 2282 residui
3227 2247 3400 2285 sumus
3447 2231 3500 2285 in
3537 2233 3806 2286 adventura

2219 2311 2448 2378 Domini,
2480 2332 2581 2369 non
2614 2320 2974 2385 prwtveniemus
3013 2337 3098 2374 eos
3145 2323 3232 2391 qui
3277 2325 3608 2381 dormierunt.
3651 2328 3804 2392 Quod

2218 2405 2434 2473 quidem
2461 2406 2590 2460 dicit
2614 2409 2666 2461 in
2699 2408 2934 2477 Epistula
2963 2412 3028 2464 ad
3059 2412 3365 2468 Corinthios
3397 2431 3410 2468 :
3437 2414 3503 2469 In
3533 2427 3805 2483 momento,

2217 2500 2270 2550 in
2305 2499 2408 2550 ictu
2449 2501 2584 2552 oculi
2625 2499 2802 2570 (Ibid.
2858 2503 2986 2566 5‘2).
3019 2503 3114 2558 llic
3144 2505 3246 2560 ﬁde
3276 2507 3490 2576 dignam
3533 2509 3812 2566 constituit

2219 2593 2666 2648 resurrectionem
2694 2609 2758 2647 ex
2791 2593 2950 2648 modo
2977 2611 3203 2665 quoque.

2288 2683 2341 2736 Ξ.
2375 2683 2505 2737 Nam
2535 2686 2785 2753 quoniam
2809 2686 3087 2741 videbatur
3117 2703 3205 2742 res
3229 2703 3349 2743 esse
3371 2689 3628 2756 difﬁcilis,
3653 2692 3806 2755 dicit,

2221 2773 2288 2828 Ut
2313 2787 2394 2828 est
2424 2774 2578 2829 facile
2607 2779 2773 2845 utqui
2816 2778 2998 2831 vivant
3043 2781 3411 2844 sustollantur,
3453 2784 3531 2835 sic
3558 2785 3717 2836 etiam
3754 2793 3811 2837 nt

2223 2867 2254 2918 ii
2277 2867 2367 2936 qui
2398 2867 2767 2924 decesserunt.
2819 2870 2950 2924 illud
2981 2880 3182 2937 autem,
3215 2872 3346 2936 Nos,
3397 2889 3502 2928 non
3534 2874 3601 2930 de
3626 2876 3810 2944 seipso

2219 2957 2346 3011 dicit
2376 2978 2388 3012 :
2421 2975 2525 3013 non
2561 2961 2704 3013 enim
2750 2971 2867 3015 erat
2909 2977 3194 3016 mansurus
3247 2979 3416 3033 usque
3462 2965 3528 3019 ad
3561 2980 3809 3021 resurre-

2219 3051 2486 3114 ctionem;
2519 3052 2614 3105 sed
2641 3052 2773 3106 dicit
2814 3053 3018 3107 fideles.
3049 3054 3335 3124 Propterea
3369 3056 3538 3122 addit,
3573 3059 3672 3123 Qui
3713 3075 3804 3112 su.

2221 3158 2329 3194 mus
2356 3143 2545 3196 residui
2570 3144 2623 3196 in
2644 3145 2912 3197 adventum
2943 3145 3164 3206 Domini,
3201 3163 3298 3199 non
3330 3151 3690 3215 prwt'eniemus
3724 3168 3808 3205 eos

2218 3235 2302 3304 qui
2328 3236 2659 3290 dormierunt.
2688 3238 2848 3305 Quasi
2874 3239 3080 3293 diceret
3108 3257 3121 3292 :
3157 3239 3231 3292 Ne
3255 3240 3531 3295 existimes
3558 3257 3678 3296 esse
3702 3243 3806 3297 ali-

2218 3347 2375 3399 quam
2409 3331 2483 3384 rei
2514 3329 2902 3398 difﬁcultatem,
2935 3332 3060 3385 dum
3083 3333 3256 3397 audis,
3290 3333 3430 3400 quod
3459 3335 3548 3403 qui
3574 3344 3699 3388 tunc
3729 3335 3805 3389 vi-

2221 3431 2370 3487 vunt,
2401 3438 2505 3475 non
2537 3423 2864 3491 pra-venient
2892 3437 2988 3476 eos
3016 3423 3106 3492 qui
3135 3433 3254 3476 sunt
3288 3423 3556 3488 dissoluti,
3591 3427 3679 3494 qui
3708 3443 3808 3494 pu-

2221 3513 2447 3578 trefacti,
2482 3515 2572 3584 qui
2619 3526 2743 3568 sunt
2788 3515 2985 3570 mortui
3030 3517 3145 3586 plus
3191 3534 3349 3585 quam
3383 3517 3567 3586 decem
3611 3517 3808 3572 abhinc

2217 3621 2476 3659 annorum
2507 3606 2742 3661 millibus
2766 3624 2779 3660 :
2805 3607 2944 3661 Deus
2969 3616 3051 3661 est
3078 3607 3168 3677 qui
3202 3607 3342 3661 facit.
3361 3608 3465 3662 Sed
3489 3609 3626 3662 sicut
3652 3609 3810 3664 facile

2217 3706 2301 3750 est
2329 3696 2596 3752 adducere
2628 3698 2752 3755 illos
2779 3697 2871 3766 qui
2919 3707 3042 3751 sunt
3088 3699 3306 3766 perfecti
3361 3707 3411 3752 ct
3463 3699 3676 3768 integri,
3733 3700 3804 3752 ita

2217 3791 2377 3843 etiam
2419 3805 2513 3844 eos
2559 3790 2649 3860 qui
2698 3800 2824 3844 sunt
2867 3789 3131 3843 dissoluti.
3168 3789 3272 3844 Sed
3307 3799 3429 3844 sunt
3467 3791 3682 3859 quidam
3713 3793 3804 3859 qui

2218 3897 2328 3936 rem
2362 3898 2467 3935 non
2493 3881 2738 3942 credunt,
2756 3882 3005 3950 quoniam
3032 3882 3195 3936 Deum
3216 3883 3476 3937 nesciunt.
3502 3884 3636 3949 Quid
3659 3885 3803 3937 enim

2215 3982 2319 4038 est,
2360 3971 2675 4042 dic,qu:eso,
2708 3972 2935 4035 facilius,
2979 3989 3046 4026 an
3075 3989 3140 4026 ex
3187 3973 3354 4026 nihilo
3385 3973 3449 4026 ad
3484 3973 3582 4026 hoc
3610 3984 3665 4026 ut
3695 3976 3804 4028 sint

2215 4064 2505 4127 deducere,
2539 4080 2605 4118 an
2635 4065 2893 4118 dissoluta
2922 4067 3160 4118 excitare
3190 4064 3589 4119 etrestituere?

2288 4157 2652 4227 Argumentum
2679 4157 3014 4226 quorumdam
3035 4156 3122 4221 qui
3142 4157 3554 4209 resurrectionem
3576 4173 3676 4209 non
3695 4173 3805 4209 creo

2216 4251 2418 4304 dabant.
2477 4250 2928 4319 Metempsycltosis
2971 4247 3284 4302 Grtecorum.
3312 4277 3382 4287 —-
3421 4249 3484 4301 At
3535 4247 3663 4316 quid
3717 4249 3801 4302 di-

2215 4344 2383 4397 cunt?
2412 4343 2507 4398 [lle
2538 4358 2725 4412 passus
2753 4353 2836 4395 est
2880 4341 3235 4410 naufragium,
3267 4350 3319 4394 et
3346 4356 3464 4395 cum
3495 4340 3800 4406 cecidisset,

2215 4435 2367 4488 tnulti
2398 4450 2518 4488 eum
2547 4441 2874 4502 exceperunt
2899 4433 3071 4501 pisces
3096 4447 3111 4495 ;
3134 4441 3189 4485 et
3209 4431 3432 4501 quilibet
3453 4431 3612 4500 piscis
3633 4446 3802 4483 lllt‘lll-

2214 4527 2368 4580 brum
2395 4525 2648 4578 comedit.
2685 4523 2885 4578 Deinde
2921 4539 2987 4576 ex
3027 4523 3110 4578 his
3155 4523 3284 4590 ipsis
3313 4523 3449 4576 alius
3486 4519 3700 4591 quidem
3745 4522 3799 4576 in

2215 4617 2316 4671 hoc
2337 4617 2480 4680 sinu,
2509 4615 2645 4669 alius
2675 4631 2802 4669 vero
2831 4614 2882 4668 in
2931 4615 3021 4668 illo
3047 4623 3129 4668 cst
3157 4614 3602 4682 comprehensus,
3650 4621 3704 4665 ct
3729 4613 3801 4666 ab

2212 4709 2317 4762 alio
2338 4707 2648 4762 devoratus.
2681 4707 2744 4761 Et
2775 4707 2859 4761 isti
2892 4722 3077 4760 rursus
3103 4706 3155 4760 in
3187 4706 3308 4759 aliis
3338 4705 3468 4760 locis
3489 4714 3614 4759 sunt
3647 4719 3796 4758 mor-

2214 4802 2310 4864 tui,
2343 4810 2400 4854 et
2428 4800 2525 4870 ipsi
2559 4799 2789 4854 fortasse
2835 4815 2864 4852 a
2896 4798 3088 4853 belluis
3113 4801 3282 4860 exesi,
3326 4799 3414 4866 qui
3445 4795 3801 4851 eomederunt

2212 4891 2406 4961 pisces,
2433 4892 2521 4961 qui
2555 4892 2726 4945 virum
2774 4889 3087 4945 escderaut.
3115 4889 3246 4942 Cum
3279 4897 3423 4941 tanta
3467 4896 3644 4940 autem
3675 4885 3796 4938 fue-

2211 4983 2277 5036 rit
2303 4982 2543 5037 confusio
2571 4991 2626 5037 et
2668 4981 2952 5051 dispersio,
2997 4980 3268 5050 quomodo
3323 4980 3402 5032 vir
3456 4978 3547 5032 ille
3600 4977 3796 5031 iterum

2210 5073 2488 5144 resurget?
2509 5075 2628 5143 quis
2654 5073 2926 5142 pulverem
2960 5071 3237 5126 reduxerit
3262 5071 3284 5123 ?
3309 5070 3418 5123 Cur
3449 5069 3549 5122 hoc
3575 5067 3729 5130 dicis,
3760 5082 3796 5120 o

2211 5169 2391 5234 homo,
2424 5176 2478 5222 et
2508 5183 2764 5237 nugarum
2820 5167 3062 5219 contexis
3108 5175 3376 5227 catenam,
3423 5171 3475 5216 et
3522 5169 3792 5230 tamquam

2209 5277 2321 5315 rem
2357 5261 2508 5330 ponis
2541 5260 2696 5329 plane
2739 5258 3210 5327 inexplicabilem?
3249 5256 3403 5323 Nam,
3435 5256 3522 5310 dic
3552 5255 3704 5321 mihi,
3748 5255 3798 5310 si

2211 5367 2314 5406 non
2341 5353 2392 5406 in
2422 5367 2569 5406 mare
2594 5351 2868 5411 ceciderit,
2897 5350 2938 5403 si
2974 5349 3133 5418 piscis
3159 5365 3280 5403 eum
3324 5365 3428 5402 non
3474 5346 3791 5409 comederit,

2209 5462 2386 5516 neque
2411 5460 2595 5499 rursus
2638 5443 2796 5497 fuerit
2822 5443 2985 5514 piscis
3034 5442 3319 5496 devoratus
3368 5441 3436 5496 ab
3486 5439 3793 5494 hominibus

2208 5536 2711 5600 innumerabilibus,
2740 5535 2833 5588 sed
2859 5535 3019 5603 jnstis
3059 5534 3210 5588 factis
3238 5533 3398 5588 fuerit
3429 5534 3511 5585 vir
3538 5532 3626 5585 ille
3650 5529 3795 5600 posi-

2209 5639 2293 5683 tus
2319 5629 2370 5683 in
2401 5643 2554 5693 urna,
2583 5638 2636 5682 et
2663 5641 2836 5697 neque
2863 5641 3096 5692 vermes,
3139 5641 3311 5696 neque
3336 5624 3540 5694 aliquid
3573 5619 3713 5674 aliud
3741 5619 3790 5672 ci

2207 5723 2367 5778 fuerit
2397 5723 2704 5786 molestum,
2735 5720 3005 5792 quomodo
3033 5729 3277 5789 resurget
3315 5717 3457 5788 quod
3488 5715 3586 5770 fuit
3615 5711 3791 5766 disso-

2212 5817 2416 5879 lutum;
2468 5813 2734 5885 quomodo
2787 5813 2959 5882 pulvis
3009 5821 3060 5866 et
3104 5810 3240 5866 cinis
3292 5800 3794 5879 conglutinabittzr?
