4162 6488
573 394 674 446 775

573 518 642 568 39
671 515 832 575 acad.
864 514 1154 579 Oportebat
1183 516 1326 569 cnim
1361 513 1532 575 illum,
1557 524 1740 579 utpote
1775 530 2013 575 servum.
2038 534 2141 571 non

574 584 854 638 Dominica
893 583 994 637 frui
1023 587 1399 654 praerogativa.
1431 584 1686 638 Dominus
1717 587 1887 644 enim.
1913 596 1966 639 ιιι
1992 587 2147 650 polli-

575 657 716 708 citus
737 664 877 716 erat,
906 657 1064 708 tertia
1107 656 1193 709 die
1234 656 1573 718 resurrexit;
1616 655 1704 708 hic
1761 671 1887 708 vero
1939 659 2144 722 quatri-

573 726 784 779 dttanus
808 727 1080 791 resargit:
1115 725 1257 778 aliud
1305 727 1444 778 enim
1497 735 1577 776 est
1623 739 1833 788 servus,
1870 725 2012 777 aliud
2039 726 2140 777 Do.

573 796 769 848 minus.
810 792 1004 847 Dicttut
1043 795 1090 849 ci
1121 839 1132 848 .
1167 794 1408 853 Domine.
1445 795 1835 860 quatriduanus
1879 805 1953 849 est
1979 837 1993 860 ,
2035 795 2143 860 iant

572 864 735 934 Ῑωιρι.
771 862 894 934 Haec
935 867 1074 933 apud
1111 865 1276 920 Deum
1328 880 1489 931 parva
1536 874 1680 918 sunt.
1735 864 1978 917 Nondum
2023 880 2144 919 ossa

572 933 699 989 Sunt
727 933 876 986 arida
897 975 911 996 ,
956 936 1192 988 nondum
1233 935 1488 988 carnibus
1511 943 1565 986 et
1603 935 1784 989 nervis
1819 935 2025 1001 privata
2048 974 2062 993 ,
2091 944 2145 986 ιιι

573 1004 702 1057 olim
747 1005 887 1070 apud
937 1004 1275 1058 Ezechielem
1315 1016 1650 1056 mortuorum
1697 1004 1970 1057 exercitus
1996 1005 2144 1056 lmmi

573 1075 780 1141 iacens.
816 1083 864 1127 et
891 1076 1142 1130 omnibus
1168 1075 1436 1142 privatus,
1463 1074 1668 1138 anima,
1701 1088 1886 1136 sensu,
1911 1074 2148 1140 patroci-

577 1145 705 1208 nio,
735 1143 949 1196 viviﬁco
989 1145 1180 1211 spiritu
1204 1185 1217 1206 ,
1254 1144 1405 1196 stetit
1441 1145 1504 1194 ad
1551 1150 1982 1204 monttmentum,
2035 1142 2146 1208 jatu

579 1213 774 1265 futurae
817 1214 1234 1267 resurrectionis
1285 1214 1490 1265 clarum
1549 1212 1856 1280 exemplum
1900 1212 2143 1265 daturus.

579 1282 745 1338 Siluit
768 1281 999 1341 Martha,
1031 1295 1084 1335 et
1109 1283 1247 1349 lapis
1277 1291 1515 1334 remotus
1539 1290 1656 1334 cst:
1686 1296 1874 1334 omnes
1897 1282 2146 1346 suSpcnsi

579 1353 763 1406 animo
797 1362 972 1414 erant,
1007 1354 1206 1406 mortui
1241 1353 1506 1415 viventes,
1541 1350 1789 1414 fortequc
1827 1350 1942 1418 ipse
1981 1350 2146 1402 infcr-

577 1438 680 1475 uus
709 1421 991 1483 attonitus,
1026 1420 1276 1486 cumjam
1305 1431 1475 1484 μοι-ιω
1501 1421 1693 1471 mortis
1722 1419 1914 1472 soluta!
1943 1429 2146 1470 essent.

575 1488 644 1559 Et
691 1491 867 1559 primo
914 1491 1174 1545 Dominus
1208 1489 1366 1544 Jesns
1413 1505 1440 1539 a
1491 1489 1887 1552 gloriﬁcatione
1939 1489 2147 1559 incipit.

575 1558 852 1630 Elevavit.
895 1561 1107 1630 inquit,
1151 1559 1339 1630 oculos
1384 1560 1436 1610 in
1467 1559 1697 1630 cmlnm,
1723 1560 2018 1630 descetsus
2045 1558 2148 1630 sui

575 1629 794 1684 modum
831 1627 1079 1684 indicans
1106 1669 1120 1691 ,
1151 1629 1357 1696 gratias
1387 1643 1483 1693 pro
1524 1628 1680 1681 nobis
1713 1643 1879 1697 agens
1913 1627 2055 1680 Patri
2088 1642 2150 1680 ac

576 1699 800 1768 dicens:
836 1697 1038 1764 Pater,
1079 1701 1281 1768 gratias
1315 1714 1412 1764 oga
1455 1699 1583 1758 tibi,
1631 1699 1758 1767 quia
1799 1698 2003 1768 ntulisti
2047 1713 2147 1750 me.

574 1767 709 1822 Cum
739 1766 1217 1832 pote5tatcm‘vit:c
1243 1783 1407 1836 penes
1454 1782 1511 1818 se
1540 1768 1763 1821 habcrct
1792 1806 1807 1823 .
1845 1766 1947 1820 hoc
1979 1766 2107 1819 facit
2137 1805 2152 1827 ,

577 1839 707 1905 quia
741 1836 906 1891 Maria
938 1849 988 1892 ct
1037 1838 1250 1892 Martha
1303 1838 1548 1905 «litterati!
1589 1837 1689 1902 ipsi
1727 1836 1972 1890 :Scimus
2028 1851 2159 1905 quo-

577 1904 720 1960 niam
770 1922 1108 1973 quietumque
1158 1907 1370 1970 petieris
1419 1924 1449 1958 (ι
1500 1904 1638 1966 Deo,
1685 1907 1831 1958 dabit
1879 1905 1995 1958 tibi.
2030 1904 2157 1958 Ideo

578 1976 935 2030 inﬁrmiorem
991 1979 1205 2031 illarum
1255 1985 1489 2030 mentem
1557 1976 1746 2029 vitlcus
1777 1976 1946 2029 dicit:
1992 1974 2158 2029 Sritis

577 2047 766 2115 utique
791 2047 912 2111 quia
937 2047 1320 2115 quodcumque
1346 2045 1800 2115 pcticroa_Patre
1823 2045 1968 2115 dabit
1994 2045 2153 2115 mihi:

580 2113 765 2169 mente
787 2131 927 2184 ergo
958 2113 1202 2170 accedite
1230 2113 1296 2168 ad
1319 2131 1405 2168 me
1430 2125 1477 2168 et
1508 2114 1572 2167 ad
1608 2113 1848 2167 Patrem.
1876 2113 1940 2166 Et
1965 2113 2158 2184 deinde

566 2185 738 2249 dicit,
763 2180 980 2239 Gratias
1011 2187 1108 2240 tibi
1130 2202 1253 2250 ago,
1296 2185 1477 2247 Pater,
1526 2185 1650 2253 quia
1681 2184 1882 2237 audiui
1917 2199 2016 2235 me.
2045 2180 2160 2247 Ego

579 2265 754 2308 autem
799 2255 1026 2309 sciebam
1075 2257 1443 2325 quia__semner
1495 2269 1575 2306 me
1601 2253 1755 2325 audis
1781 2294 1795 2317 ,
1827 2255 1918 2306 sed
1951 2261 2161 2317 propter

582 2325 992 2378 circumstantes
1021 2322 1155 2377 diiri.
1188 2322 1378 2376 Videu’
1401 2322 1669 2388 quomodo
1719 2338 1822 2376 non
1854 2332 2010 2388 egeat
2037 2336 2160 2374 ora-

569 2392 747 2457 tione,
782 2393 875 2446 sed
911 2395 1010 2447 hoc
1037 2393 1200 2446 faciat
1227 2392 1294 2445 ob
1315 2393 1658 2458 prementium
1687 2390 2163 2446 incredulitatem?

577 2461 788 2514 Audisti
829 2476 914 2514 me
941 2501 955 2524 ,
993 2463 1203 2532 inquit,
1234 2476 1465 2532 semper.
1496 2460 1573 2513 Ne
1606 2476 1814 2528 quan-as
1844 2500 1858 2524 ,
1895 2459 2108 2529 quando
2144 2477 2157 2514 :

552 2529 1083 2598 δηιιιιηιιιιιιοιιιιιιιιιιῐ
1132 2532 1276 2584 enim
1323 2529 1706 2598 exploremus,
1752 2545 1856 2583 non
1907 2543 2160 2595 compre-

580 2602 894 2654 hendimus.
931 2599 1002 2655 Ut
1047 2599 1190 2654 ﬁlius
1231 2600 1530 2654 secundum
1581 2610 1828 2652 naturam
1869 2600 2108 2665 precaris
2145 2616 2158 2652 :

555 2678 784 2732 κειτιιιιειιι
814 2685 942 2721 vero
995 2671 1318 2722 uu-moravit
1356 2669 1617 2722 honorem
1671 2669 1769 2735 ipsi
1809 2669 2073 2731 referens,
2105 2679 2160 2722 ut

569 2737 697 2790 'l’ilii
729 2736 1015 2807 Patrisque
1040 2739 1388 2792 concordiam
1437 2738 1814 2804 ignorantibus
1853 2737 2159 2793 exhiberet.

577 2807 649 2860 Ut
676 2821 804 2858 vero
843 2807 999 2860 ﬁdem
1044 2809 1300 2872 ﬁrmavit,
1334 2816 1388 2861 et
1410 2807 1743 2860 audientium
1774 2818 2009 2860 mentem
2037 2819 2159 2858 cer-

577 2878 768 2929 tiorem
804 2875 952 2940 fecit,
997 2879 1214 2932 demum
1263 2878 1329 2931 ad
1373 2892 1508 2944 opus
1531 2876 1700 2929 venit.
1753 2875 2000 2938 Lazare,
2047 2876 2163 2928 veni

554 2945 748 3013 foras.
775 2944 889 2998 Non
917 2947 1140 3002 iteravit
1166 2961 1476 3001 sermonem
1507 2984 1524 3008 ,
1556 2953 1613 2997 ιιι
1639 2961 1777 2999 unus
1803 2947 1952 2999 solus
1978 2959 2162 2997 resur-

575 3025 749 3081 geret,
779 3023 835 3066 ct
872 3031 938 3068 ne
970 3030 1310 3071 mortuorum
1340 3015 1573 3083 populus
1596 3013 2012 3083 incompositum
2036 3029 2158 3064 cur-

575 3100 696 3135 sum
734 3094 1067 3151 capesceret.
1097 3085 1270 3140 Unum
1306 3100 1493 3152 quiero
1526 3095 1799 3136 mortuum
1824 3125 1838 3148 ,
1876 3100 1946 3138 ne
1977 3083 2162 3152 venia-

565 3153 646 3206 -tis
694 3150 885 3209 omnes
920 3171 932 3206 :
973 3155 1213 3208 nondum
1253 3150 1400 3210 enim
1453 3161 1666 3213 tempus
1715 3154 1845 3206 illud
1906 3150 2157 3214 advenit,

575 3237 697 3274 cum
747 3225 944 3277 mortui
1002 3226 1223 3278 audient
1272 3239 1461 3280 vocem
1507 3221 1630 3276 Filii
1685 3223 1942 3286 hominis,
1979 3232 2034 3275 et
2067 3222 2157 3287 qui

573 3291 872 3359 audierint,
898 3294 1104 3348 vivent.
1135 3293 1283 3348 Unus
1322 3305 1500 3347 tamen
1532 3294 1747 3346 interim
1773 3295 1954 3346 veniat
1982 3309 1996 3344 :
2021 3306 2160 3345 unus

558 3363 815 3415 solvatur
839 3371 1060 3433 propter
1081 3364 1378 3418 amicitiam
1405 3379 1528 3418 cum
1556 3362 1870 3433 Uuigenito,
1897 3377 2003 3416 uno
2023 3377 2156 3430 egro

597 3523 950 3534 I_———-—.-—

2053 400 2174 456 SPl'
2189 401 2320 460 illi.

3734 413 3838 468 776

2251 521 2448 570 vincto.
2483 517 2651 571 Nemo
2691 519 2741 569 in
2793 516 2985 572 inferis
3035 519 3287 583 obsistat,
3334 537 3439 575 non
3468 523 3726 580 ostiarius
3751 527 3836 580 in-

2250 590 2495 662 visibilis,
2528 586 2820 662 uou‘tiurus
2843 599 3025 642 custos
3053 591 3311 662 carceris,
3344 606 3448 646 nou
3472 592 3724 662 clavigeri
3756 597 3832 648 iu-

2255 659 2516 722 females,
2551 657 2639 722 qui
2665 671 2879 726 semper
2907 673 3101 726 capere
3129 660 3477 717 meditantur.
3504 657 3662 718 Disc'e
3686 679 3839 720 meos

2256 729 2488 796 primum
2523 728 2670 780 dare.
2706 725 2783 798 Tu
2819 725 3252 798 verminferne,
3293 739 3447 794 tace,
3483 733 3835 798 obmutesce,

2253 798 2381 851 nihil
2420 799 2610 869 durum
2661 796 2888 869 patiens,
2919 797 3143 869 Domino
3185 799 3522 868 obsequens,
3553 803 3684 854 nihil
3739 796 3835 869 ag?-

2248 870 2521 933 gredtens,
2548 866 2707 938 homo
2729 864 2838 938 jam
2867 881 2896 919 ιι
2921 866 3198 938 liminibus
3226 864 3580 938 tuis'aufugit.
3606 864 3834 933 Lazare.

2252 939 2364 990 ι·εηὶ
2406 937 2572 1002 foras.
2613 935 2730 988 Meo
2753 935 2904 1003 jussu
2938 937 3091 990 vince
3111 946 3360 1002 mortem,
3397 935 3549 994 vince
3574 950 3828 1003 mortem,

2253 1006 2556 1074 cvspoliato
2599 1005 2833 1058 inferno.
2864 1005 3059 1076 Adhuc
3085 1006 3297 1061 vinctus
3314 1023 3435 1062 cum
3466 1009 3578 1076 jam
3616 1010 3707 1062 illo
3737 1011 3788 1062 in
3809 1040 3832 1049 -

2250 1076 2362 1126 vito
2387 1083 2677 1128 coronatus
2701 1113 2716 1135 ,
2747 1089 2938 1127 maneo
2965 1115 2979 1137 ,
3013 1075 3135 1129 sint.
3169 1076 3310 1130 Exiit
3341 1075 3581 1132 Lazarus
3607 1081 3820 1132 vinctus

2249 1144 2644 1207 ctamhttlaus;
2687 1144 2820 1196 exiit
2862 1145 3086 1198 omnino
3117 1145 3329 1201 vinctus
3358 1187 3371 1209 ,
3401 1159 3456 1201 et
3499 1156 3643 1201 totus
3712 1164 3834 1201 sese

2253 1228 2494 1267 movens.
2542 1212 2770 1266 Prorsus
2801 1213 2946 1266 enim
2975 1214 3200 1277 pedibus
3233 1224 3288 1270 et
3334 1217 3581 1271 manibus
3609 1217 3827 1271 vinctus

2251 1294 2394 1346 erat,
2429 1282 2727 1337 secundum
2773 1283 3010 1351 regionis
3060 1287 3534 1339 consuetudinem.
3583 1285 3832 1339 Nerulum

2256 1363 2434 1405 tamen
2483 1367 2706 1420 prorsus
2741 1361 2875 1421 erat_
2909 1361 3064 1406 extra
3115 1363 3347 1421 mortem
3388 1367 3439 1409 et
3477 1355 3832 1421 sepulturam.

2256 1422 2463 1475 littrsns
2486 1419 2686 1474 novum
2725 1421 2813 1473 dat
2847 1419 3010 1474 Jcsus
3053 1419 3389 1487 mandatum,
3429 1419 3630 1478 Soluite
3654 1425 3832 1483 illum,

2251 1491 2489 1561 Mnsiuite
2523 1491 2696 1561 abire._
2727 1491 2836 1542 (Zur
2859 1506 2961 1542 non
2997 1505 3091 1557 per
3122 1507 3182 1544 se
3227 1494 3455 1546 solvitur
3484 1495 3573 1561 qui
3604 1503 3835 1546 mortem

2251 1559 2462 1624 etl'ugit.
2490 1561 2579 1629 qui
2617 1558 2886 1629 infernam
2919 1561 3222 1614 custodiam
3249 1558 3548 1615 Suhvertitl
3595 1561 3699 1616 Vos
3726 1561 3835 1614 sol-

2253 1632 2359 1680 vite
2388 1632 2476 1698 qui
2513 1628 2700 1696 nuper
2757 1628 2986 1698 ligastis,
3041 1640 3098 1681 ιιι
3151 1631 3492 1684 vinculorum
3527 1643 3832 1683 vestrorum

2257 1695 2418 1759 signa
2444 1699 2770 1766 agnosratis.
2805 1695 2871 1749 Ut
2897 1706 3076 1750 autem
3101 1699 3214 1753 haec
3240 1702 3523 1753 audierunt
3551 1701 3838 1760 [-‘ltarismi,

2261 1783 2458 1822 novum
2497 1768 2783 1822 concilium
2813 1767 3051 1836 inierunt
3081 1769 3325 1822 dicentes
3356 1786 3369 1821 :
3405 1770 3546 1833 Quid
3587 1769 3835 1836 facimus,

2258 1840 2380 1916 quia
2431 1839 2513 1891 hic
2545 1840 2700 1916 homo
2746 1834 2882 1888 talia
2919 1840 3069 1916 signa
3124 1837 3282 1916 facil_
3312 1838 3510 1907 (Joan.
3689 1837 3845 1916 i7)?

2262 1907 2449 1975 Magna
2482 1906 2708 1959 crimina
2740 1922 2754 1959 :
2784 1907 3014 1975 mortuis
3040 1906 3329 1961 suscitatis
3367 1923 3512 1975 mors
3555 1906 3828 1962 interimi-

2261 1973 2370 2039 tur,
2421 1985 2474 2029 et
2527 1975 2766 2028 Lazarus
2815 1973 2990 2042 Surgit
3035 1990 3063 2027 a
3122 1976 3394 2030 mortuis:
3432 1974 3602 2030 Judtci
3653 1985 3840 2028 autem

2261 2049 2436 2100 anima
2480 2054 2800 2099 caecantur.
2852 2042 2962 2097 Nec
3010 2044 3386 2111 imperfectum
3456 2060 3586 2113 ergo
3639 2045 3841 2098 iueatis

2261 2115 2572 2176 concilium,
2598 2114 2694 2168 sed
2729 2113 2909 2166 addite
2957 2114 3206 2166 criminis
3242 2115 3506 2169 rationem
3543 2116 3789 2168 dicentes
3820 2130 3840 2167 :

2267 2186 2410 2249 Quid
2471 2183 2720 2247 faciams,
2753 2182 2876 2250 quia
2922 2191 3043 2249 post
3091 2198 3292 2250 paucos
3326 2185 3442 2238 dies
3487 2184 3566 2238 sol
3621 2197 3840 2238 sursum

2263 2254 2666 2314 ohscurabitur,
2715 2262 2969 2318 terraque
3013 2251 3265 2306 deorsum
3293 2263 3510 2316 tremet,
3534 2268 3623 2306 res
3650 2260 3836 2320 gestas

2265 2339 2368 2377 non
2404 2324 2605 2384 ferens,
2643 2322 2783 2374 intra
2815 2320 3070 2386 templum
3115 2320 3288 2376 velum
3328 2323 3613 2375 sciudetur
3639 2364 3653 2387 ,
3691 2335 3843 2373 mor-

2266 2403 2479 2446 tuorum
2514 2389 2745 2459 populus
2787 2389 2852 2443 ad
2890 2391 3056 2442 vitam
3104 2391 3446 2444 revertetur?
3479 2391 3713 2444 Rursum
3760 2391 3846 2440 di—

2263 2464 2414 2515 cite:
2459 2461 2598 2526 Quid
2651 2459 2902 2520 facimus,
2947 2460 3070 2524 quia
3113 2463 3367 2526 templum
3413 2462 3662 2523 solvitur,
3713 2460 3844 2524 quia

2265 2531 2442 2584 cultus
2471 2540 2648 2584 cessat
2673 2569 2688 2591 ,
2720 2530 2844 2597 quia
2872 2529 2999 2580 urbs
3035 2528 3338 2583 incenditur
3362 2569 3377 2594 ,
3405 2531 3531 2598 quia
3565 2545 3662 2582 nos
3692 2528 3845 2598 ejicig

2266 2616 2406 2660 mur,
2434 2609 2486 2652 et
2523 2599 2611 2651 alii
2658 2609 2904 2650 nostrum
2946 2598 3061 2650 vice
3115 2598 3357 2653 baredes
3399 2597 3856 2665 constituuntur?

2264 2668 2404 2733 Quid
2433 2669 2683 2724 facimus.
2711 2667 2834 2733 quia
2867 2666 3046 2736 omnia
3079 2666 3498 2732 transferuntur,
3534 2666 3835 2736 prophettc,

2265 2739 2518 2806 apostoli,
2542 2737 2932 2800 sacerdoﬁum,
2961 2735 3253 2803 jejunium,
3279 2735 3589 2800 celebritas,
3614 2735 3848 2806 cultus?

2265 2804 2317 2861 ei
2351 2809 2493 2862 Deus
2527 2808 2640 2860 lucc
2663 2805 2935 2858 admittet.
2970 2806 3046 2859 De
3075 2806 3162 2860 his
3195 2805 3415 2860 solliciti
3440 2815 3640 2869 estote,
3669 2805 3734 2856 de
3755 2804 3847 2856 his

2265 2877 2554 2931 concilium
2615 2876 2767 2928 inite.
2821 2873 2973 2929 Dicta
3008 2875 3151 2929 enim
3201 2875 3410 2929 inutilia
3457 2885 3585 2930 sunt
3637 2874 3840 2928 vobis:

2266 2946 2534 3001 sententia
2586 2953 2765 2998 manet
2801 2961 2814 2996 :
2850 2959 2974 2997 nam
3001 2944 3225 3014 verbum
3257 2945 3401 3011 quod
3430 2944 3688 3014 profertis
3728 2958 3845 3014 non

2271 3027 2454 3069 manet
2501 3016 2556 3067 in
2588 3014 2761 3066 vobis.
2800 3014 2980 3082 Semel
3011 3013 3175 3082 igitur
3205 3014 3353 3066 dedit
3379 3013 3523 3069 Deus
3554 3013 3618 3067 iis
3648 3013 3852 3081 quibus

2271 3084 2450 3147 libuit,
2480 3094 2538 3136 ut
2567 3096 2780 3151 semper
2825 3081 3052 3148 festum,
3077 3096 3292 3150 semper
3310 3083 3684 3138 celebritatem
3713 3095 3848 3151 age-

2270 3163 2412 3216 rent,
2449 3149 2786 3220 singulisque
2854 3152 3012 3205 annis
3043 3149 3334 3207 celebritas
3388 3161 3743 3206 renovaretur
3793 3149 3850 3220 in

2267 3223 2486 3293 Christo
2515 3219 2901 3293 Jesu‘Domino
2933 3231 3143 3286 nostro,
3189 3222 3275 3276 cui
3322 3221 3499 3293 gloria
3539 3222 3593 3277 itt
3646 3219 3848 3276 saecula

2269 3292 2615 3347 saeculorum.
2649 3289 2842 3346 Amen.

1697 3653 1762 3699 IN
1805 3654 2307 3707 QUATRIDUANUM
2350 3654 2641 3698 LAZARU’M
2677 3652 2741 3696 Ῑῐ.

629 3814 879 3879 'Dilecti,
940 3812 1398 3883 quemadmodum
1461 3823 1638 3867 mater
1694 3813 1861 3878 prolis
1930 3827 2158 3875 amans,

577 3898 873 3936 mammam
907 3881 1158 3951 prtrbens
1203 3881 1432 3945 infanti,
1480 3883 1818 3945 delectatur,
1861 3884 1971 3936 ﬁlio
2011 3893 2162 3935 true-

584 3967 702 4005 rum
739 3951 896 4006 lactis
945 3953 1264 4005 alimentum
1316 3960 1542 4018 sugente
1578 3969 1592 4004 :
1637 3953 1725 4004 tthi
1764 3967 1891 4005 vero
1941 3965 2166 4016 grumos

561 4019 740 4072 ‘lactis
776 4021 828 4073 itt
887 4037 1105 4074 caseutn
1141 4029 1468 4086 concretus,
1511 4035 1758 4073 mammtc
1808 4021 2022 4074 canales
2070 4019 2166 4072 ob-

569 4088 785 4160 struit,
823 4099 950 4144 tunc
993 4088 1250 4160 puerulus
1297 4089 1512 4160 plorat,
1544 4099 1598 4142 et
1643 4100 1816 4143 mater
1849 4089 2160 4160 cruciatur,

583 4158 763 4212 alendi
792 4158 1008 4227 Semper
1043 4160 1283 4218 habens,
1325 4159 1642 4212 alimentum
1695 4158 2029 4227 propositum
2066 4173 2162 4208 au-

586 4236 692 4282 tem
755 4243 862 4282 non
929 4229 1224 4296 procedere
1262 4242 1533 4282 cernens:
1570 4229 1649 4281 sic
1697 4238 1750 4281 ct
1786 4243 1884 4281 nos
1933 4228 2162 4293 pristina

584 4297 672 4351 die
707 4298 907 4352 mentis
932 4312 1221 4351 mammam
1253 4297 1402 4350 vobis
1428 4299 1780 4352 admoventes
1827 4297 2164 4356 la-tahauutr,

574 4367 741 4420 ‘-\‘tii)i8
785 4369 866 4420 lac
897 4368 1041 4420 verbi
1077 4366 1431 4432 surgentibus;
1468 4369 1557 4420 ubi
1597 4381 1727 4420 vero
1754 4366 2167 4419 uubesoblivio.-

583 4435 670 4489 nis
709 4437 762 4488 itt
811 4445 1043 4489 mentem
1093 4437 1311 4488 subiens
1358 4436 1581 4490 verbum
1627 4435 1902 4503 przecidit,
1952 4446 2076 4487 tunc
2113 4443 2167 4485 rt

585 4519 681 4560 vos
723 4505 988 4573 indignati
1023 4506 1188 4566 estis,
1228 4515 1416 4571 utpote
1471 4506 1667 4573 privati
1729 4504 2164 4572 evangelii-orum

584 4575 899 4639 dogmatum
949 4575 1272 4643 sententiis;
1322 4582 1371 4627 et
1419 4589 1514 4626 nos
1549 4588 1694 4643 aegre
1739 4574 1960 4627 tulimus
1988 4613 2001 4635 ,
2029 4575 2165 4643 dum

582 4643 769 4696 studio
799 4643 1018 4698 dicendi
1074 4642 1319 4710 prtediti,
1356 4641 1619 4696 mentem'
1643 4653 1881 4698 vestram
1931 4641 2167 4695 vidimus

588 4713 861 4766 oblivione
891 4713 1164 4766 obrutam.
1199 4711 1306 4764 Sed
1343 4710 1596 4765 fortassis
1640 4713 1692 4766 id
1741 4711 1938 4765 accidit
1975 4711 2128 4763 nobis
2151 4747 2166 4773 ,

573 4793 648 4836 :ut
680 4783 918 4836 sciamus
949 4785 1090 4851 quod
1128 4779 1245 4833 Non
1286 4780 1504 4833 uolentis
1537 4797 1698 4851 neque
1747 4781 2167 4851 cut-rettti§,_ne-

574 4867 685 4919 que
707 4848 1080 4921 persequentis,
1109 4851 1199 4902 sed
1220 4851 1530 4921 misereutis,
1562 4848 1638 4904 est
1661 4850 1750 4903 Dei
1775 4849 1949 4920 (flant.
1977 4849 2030 4904 9.
2053 4848 2164 4918 i6).

589 4924 700 4984 Age
733 4919 899 4989 ergo,
934 4921 1057 4989 quia
1088 4920 1393 4973 dicentibus
1445 4919 1588 4974 Dcus
1628 4921 1719 4972 dat
1755 4921 1984 4984 gratiam
2011 4960 2027 4984 ,
2063 4934 2166 4972 non

579 4991 660 5042 ob
698 4990 973 5058 loquentis
1015 4989 1332 5058 dignitatem
1359 5029 1373 5050 ,
1415 4990 1510 5043 sed
1542 4991 1610 5044 ob
1659 4989 2036 5044 necessitatem
2069 5003 2167 5039 au-

584 5059 894 5140 tiicnﬁtimnj,
942 5060 1117 5140 ipsum
1153 5059 1400 5140 precati”,
1437 5060 1505 5113 ab
1533 5059 1843 5140 evangelica
1883 5059 2040 5140 modo
2077 5072 2154 5134 vo-

584 5129 674 5183 bis
700 5127 1112 5198 factalectione,
1143 5143 1238 5195 pro
1263 5129 1401 5182 virili
1433 5139 1618 5198 potum
1651 5129 1913 5198 doctriuze
1948 5127 2164 5198 hauria-

588 5214 735 5252 ntus.
777 5217 795 5248 ι
826 5197 978 5261 Erat,
1020 5198 1230 5264 inquit,
1268 5195 1492 5262 quidam
1529 5199 1791 5264 languens
1829 5214 1855 5248 a
1885 5195 2166 5257 Bethania,

583 5269 657 5319 de
701 5268 925 5321 castello
960 5267 1144 5321 Mariae
1196 5278 1251 5319 et
1301 5267 1527 5322 Martha:
1561 5268 1764 5321 sororis
1807 5267 1941 5335 ejus.
1993 5265 2162 5335 Maria

590 5346 768 5390 autem
807 5347 961 5404 erat,
1012 5349 1134 5406 quae
1168 5336 1328 5406 unxit
1363 5338 1645 5406 hominum
1669 5333 1942 5402 unguento
1968 5372 1990 5406 ,_
2014 5333 2167 5400 cujus

583 5405 761 5462 frater
807 5403 1049 5460 Lazarus
1097 5405 1497 5462 iullrmabatur.
1554 5403 1700 5460 Dixit
1745 5416 1922 5459 autem
1965 5403 2164 5458 Jesus:

587 5475 887 5530 inﬁrmitas
920 5476 1170 5544 liaacgnou
1213 5485 1293 5530 est
1331 5478 1397 5529 ad
1438 5485 1667 5530 mortem
1695 5516 1710 5542 ,
1749 5475 1842 5528 sed
1872 5490 1968 5544 pro
1995 5473 2165 5544 gloria

593 5546 728 5610 Dei,
787 5553 845 5600 ut
878 5542 1212 5609 gloriﬁcetur
1270 5544 1410 5600 Deus
1451 5561 1548 5612 per
1599 5560 1742 5600 eam.
1781 5563 1799 5595 ι
1841 5542 2039 5613 (Joati.
2079 5545 2166 5595 tl.

592 5617 647 5667 ί.
686 5617 846 5684 sqq.).
887 5615 1191 5670 iiesumens
1237 5615 1360 5668 dico
1401 5615 1745 5668 :~luﬁrmitas
1789 5615 1904 5668 iure
1944 5630 2047 5667 non
2089 5622 2172 5666 est

591 5683 659 5737 ad
700 5683 950 5748 mortem,
983 5684 1076 5739 sed
1109 5699 1206 5753 pro
1235 5684 1403 5752 gloria
1433 5685 1526 5736 Dei
1563 5703 1574 5736 :
1612 5701 1713 5739 non
1743 5692 1827 5739 est
1860 5684 2170 5746 inﬁrmitas,

591 5757 687 5804 sed
739 5754 910 5807 bonus
944 5756 1195 5818 nuntius;
1231 5770 1334 5807 non
1385 5765 1467 5807 est
1511 5753 1838 5818 inﬁrmitas,
1882 5753 1972 5806 sed
2015 5767 2171 5804 secu-

593 5820 741 5875 ritas.
790 5823 835 5873 0
867 5823 1190 5893 inﬁrmitas,
1218 5838 1492 5894 aegrorum
1522 5824 1792 5880 medicina
1815 5862 1829 5889 ,
1871 5821 1997 5879 ﬁdei
2022 5824 2124 5878 dux
2152 5861 2166 5886 ,

2269 3807 2431 3862 morti
2464 3804 2773 3875 adversaria
2799 3844 2814 3867 ,
2844 3801 3051 3875 diaboli
3102 3803 3264 3858 ultrix
3290 3845 3306 3869 ,
3341 3805 3532 3860 salutis
3557 3807 3849 3875 princeps!

2267 3896 2300 3932 ο
2330 3874 2640 3945 inﬁrmitas,
2671 3871 2889 3945 virtutis
2924 3871 3339 3945 fu_ndamenlum
3361 3914 3376 3936 ,
3403 3875 3524 3945 ﬁdei
3558 3871 3853 3945 magistra,

2271 3946 2489 4017 pietatis
2520 3941 2933 4017 dispensatritg._
2957 3940 3337 4017 E_cclesiarum_
3365 3944 3455 3998 Dei
3481 3940 3805 4017 adiﬁcatrix
3836 3946 3850 3999 ι

2267 4010 2300 4071 ὸ
2341 4010 2632 4070 inﬁrmitas
2661 4050 2675 4074 ,
2706 4027 2827 4080 qua:
2867 4010 3060 4083 febrim
3091 4012 3284 4083 animm
3315 4012 3498 4083 fugat,
3532 4023 3588 4068 et
3623 4015 3853 4069 sudores

2267 4083 2610 4155 baptismatis
2631 4079 3140 4155 [oreperfundibct
3167 4079 3476 4155 splendidas
3501 4084 3632 4136 texit
3657 4084 3853 4155 animae

2271 4148 2486 4209 vestes!
2513 4167 2546 4206 ο
2575 4148 2866 4204 infirmitas
2894 4148 3172 4220 ccclestetu
3201 4153 3446 4216 praebens
3478 4167 3690 4220 panem,
3721 4152 3848 4205 ﬁdei

2271 4225 2491 4278 lucerna
2526 4221 2727 4290 optima
2759 4218 3009 4290 ,_diabo|i_
3037 4218 3260 4290 laqueus
3279 4258 3296 4282 ,
3326 4231 3380 4273 et
3408 4218 3644 4274 hominis
3669 4222 3852 4290 signa-

2268 4292 2484 4346 culum!
2520 4288 2590 4343 Ut
2616 4287 3060 4359 audivit,_iuquit,
3089 4287 3267 4359 Jesus,
3308 4301 3432 4359 tunc
3453 4291 3662 4359 quidem
3693 4287 3855 4359 nian-

2269 4365 2338 4416 sit
2371 4363 2424 4414 in
2467 4360 2642 4413 eodem
2677 4357 2789 4410 loco
2831 4357 3031 4410 duobus
3059 4358 3239 4410 diebus
3265 4358 3435 4424 (Joan
3464 4356 3558 4412 il.
3595 4361 3624 4410 6
3651 4374 3684 4417 ).
3712 4356 3855 4424 Quid

2270 4444 2493 4487 necesse
2529 4439 2647 4481 erat
2693 4437 2749 4480 Ill
2797 4427 2896 4478 hoc
2941 4427 3123 4478 atulito
3173 4427 3242 4479 ibi
3289 4437 3535 4480 maneret
3573 4426 3857 4490 Dominus,

2270 4511 2324 4555 et
2367 4515 2467 4553 cur
2509 4514 2615 4552 non
2661 4497 2844 4550 statim
2888 4495 2954 4547 ad
3015 4494 3287 4548 inﬁrmum
3331 4510 3390 4549 se
3442 4496 3702 4550 contulit?
3745 4495 3857 4550 Sed

2269 4569 2492 4624 omnino
2539 4576 2766 4619 mortem
2807 4563 2995 4616 Lazari
3042 4568 3424 4632 exspectabat,
3471 4575 3530 4618 ιιι
3574 4565 3626 4618 in
3681 4575 3854 4619 morte

2271 4639 2388 4708 cjus
2422 4635 2679 4708 majorem
2716 4649 2813 4702 per
2847 4633 3737 4708 miracula__fid_etu__spectantibus
3773 4635 3854 4686 iu-

2271 4701 2444 4762 tleret.
2480 4701 2608 4759 Post
2634 4701 2746 4756 haec
2774 4717 2904 4756 vero
2936 4701 3070 4754 dicit
3097 4703 3376 4770 discipulis
3399 4703 3589 4757 Jesus:
3618 4702 3857 4756 Lazarus

2271 4778 2470 4830 amicus
2512 4785 2688 4827 noster
2722 4771 2953 4832 dormit;
2980 4771 3071 4822 sed
3098 4773 3254 4832 cado,
3287 4781 3342 4823 ut
3368 4789 3399 4824 a
3430 4789 3612 4826 somno
3635 4773 3859 4825 excitem

2271 4863 2390 4901 eum
2422 4845 2574 4917 (ibid.
2605 4840 2799 4917 ut“).
2837 4841 2970 4893 Vere
3000 4854 3403 4917 namquetnors
3430 4844 3732 4903 hominum,
3762 4855 3850 4917 so-

2273 4907 2438 4970 ntuus'
2463 4931 2491 4967 a
2531 4907 2767 4967 Domino
2787 4917 3086 4979 reputatur.
3145 4907 3310 4974 Vada,
3335 4919 3394 4962 ut
3433 4928 3464 4964 a
3489 4927 3669 4965 somno
3708 4910 3856 4962 circi-

2278 4997 2375 5039 tem
2415 5001 2555 5038 eum.
2624 4982 2763 5048 Quid
2813 4979 3001 5034 enim?
3055 4994 3234 5032 annon
3279 4992 3436 5046 potes
3487 4982 3577 5034 hic
3626 4992 3857 5032 manens

2280 5065 2551 5108 .nortuum
2591 5047 2892 5106 suscitare?
2925 5047 3030 5102 Sed
3071 5065 3175 5102 non
3212 5050 3283 5101 ita
3319 5052 3551 5117 gratiam
3580 5048 3862 5114 accipiunt

2275 5123 2443 5176 Jtuta-i
2487 5137 2572 5175 me
2605 5123 2834 5176 absente
2861 5137 2872 5171 :
2926 5120 3157 5172 fortasse
3186 5120 3332 5172 enim
3367 5119 3482 5185 ipso
3515 5127 3860 5186 resurgente,

2279 5193 2543 5258 putabttut
2569 5207 2630 5244 ex
2683 5189 2960 5242 accidente
2986 5189 3238 5256 quopiam
3271 5187 3537 5240 Lazarum
3570 5187 3858 5258 revixisse.

2279 5255 2390 5330 Ego
2421 5262 2585 5332 igitur
2616 5261 2832 5317 vadaw,
2859 5269 2914 5309 ιιι
2945 5274 3030 5311 tne
3061 5255 3326 5332 przcseute
3361 5266 3700 5332 spectatores
3724 5255 3862 5332 facti

2277 5325 2661 5385 miraculorum
2703 5343 2982 5390 meorum,
3014 5325 3071 5379 et,
3099 5328 3332 5397 gratiam
3363 5343 3394 5378 a
3447 5325 3860 5397 megaccipicn-

2278 5413 2377 5465 tes,
2413 5401 2568 5454 ﬁdem
2601 5401 2811 5452 firmam
2841 5394 3145 5450 obtineant.
3181 5394 3424 5449 Lazarus
3453 5395 3654 5465 amicus
3681 5406 3867 5465 noster

2276 5462 2470 5523 dormit
2503 5484 2521 5523 :
2551 5471 2642 5522 sed
2667 5467 2801 5521 vado
2823 5477 2879 5519 ut
2905 5481 3139 5520 asomno
3175 5467 3397 5518 excitem
3426 5481 3566 5518 eum.
3598 5462 3862 5529 Discipuli

2287 5555 2416 5594 vero
2445 5541 2729 5592 audientes
2758 5537 3013 5590 dixerunt
3051 5554 3064 5588 :
3096 5536 3335 5596 Domine,
3357 5534 3404 5586 si
3437 5533 3656 5595 dormit,
3681 5532 3863 5584 salsus

2280 5612 2380 5663 erit
2417 5608 2580 5680 (Ibid.
2621 5624 2670 5660 υ.
2705 5607 2815 5680 12).
2848 5605 2962 5680 Non
3003 5615 3109 5680 tam
3134 5606 3241 5680 pie,
3269 5619 3428 5680 quam
3455 5603 3663 5656 medice.
3685 5600 3862 5680 _lo_cuti

2281 5670 2435 5733 sunt:
2464 5677 2700 5732 Somnus
2727 5670 2871 5730 enim
2905 5678 3104 5729 nimius
3132 5670 3444 5742 lethargicis
3471 5680 3653 5742 uocet,
3683 5670 3865 5723 febres

2287 5765 2412 5802 tero
2451 5749 2622 5816 magis
2655 5747 2813 5800 solvit
2854 5763 3022 5815 quam
3074 5747 3259 5799 sudor.
3299 5741 3432 5816 Quia
3487 5741 3648 5816 igitur
3678 5751 3865 5816 puta-

2281 5821 2413 5873 baut
2442 5812 2688 5886 discipuli
2738 5812 3026 5871 Dominum
3061 5817 3123 5870 dc
3156 5827 3347 5868 sonzno
3374 5815 3539 5881 loqui,
3582 5812 3718 5865 dixit
3745 5823 3868 5863 tua-
