4162 6486
427 450 531 508 777

427 575 622 626 nil'este
660 588 672 622 :
702 566 940 621 Lazarus
977 565 1178 618 amicus
1211 575 1388 619 uoster
1413 578 1652 622 mortuus
1679 579 1784 631 est;
1818 580 1864 623 et
1891 586 2020 637 gau-

427 645 525 696 deo
556 648 768 711 pmpter
803 653 916 711 vos,
949 646 1003 688 ut
1033 637 1290 711 credatis,
1315 639 1565 711 quoniam
1595 654 1698 711 n_on
1732 657 1875 690 eram
1907 639 2023 711 ibi»:

428 713 518 768 sed
555 704 735 764 eamus
771 708 840 761 ad
867 724 983 778 eum
1027 704 1196 774 (Ibid.
1247 724 1293 760 υ.
1332 708 1418 760 14.
1455 707 1566 778 {5).
1608 709 1708 773 Qui
1752 725 1856 762 non
1914 709 2028 761 vult

431 792 664 836 mortem
697 777 1022 848 peccatoris,
1067 792 1212 830 nunc
1249 778 1450 842 gaudet
1502 777 1570 831 de
1613 790 1786 833 morte
1818 779 2027 832 amici?

432 852 662 908 Gaudeo
687 889 703 912 ,
743 863 848 900 non
901 857 1126 914 propter
1174 862 1280 909 me,
1319 861 1421 901 nec
1467 858 1692 916 promer
1728 861 2023 908 mortuum,

430 922 526 976 sed
553 927 776 987 propter
808 931 943 987 vos;
993 928 1115 969 utor
1147 918 1290 987 enim
1332 930 1508 971 morte
1552 919 1618 970 ad
1661 918 1784 972 ﬁdei
1833 929 2027 971 vestrm

431 985 872 1046 fundamentum.
911 986 955 1042 Ο
996 1002 1144 1042 mors
1189 985 1392 1041 Christi
1445 988 1779 1042 exsultatio!
1817 1003 1849 1042 ο
1881 1003 2027 1043 mors

433 1063 556 1115 vitae
607 1059 798 1128 plena!
836 1073 868 1108 o
917 1071 1068 1128 mors
1123 1058 1314 1128 mortis
1363 1058 1598 1121 solutio,
1651 1058 1845 1113 salutis
1891 1059 2023 1122 dux,

433 1127 707 1198 lapsorum
769 1127 1142 1198 resurrecﬁo,
1193 1127 1461 1198 lassorum
1503 1131 1659 1193 quies
1686 1171 1699 1190 ,
1742 1129 2027 1181 ἰιιῐίιιιιιιιιο

436 1196 570 1254 tium
611 1200 782 1250 robur
807 1240 821 1264 ,
846 1196 1116 1263 justorunt
1155 1196 1498 1262 refrigerium
1530 1199 1543 1253 l
1575 1215 1605 1250 o
1648 1214 1796 1252 mors
1824 1198 2025 1251 diaboli

433 1269 670 1332 eversio,
705 1269 1012 1321 (hetnonum
1041 1267 1362 1330 destructio,
1390 1269 1548 1334 primi
1577 1270 1812 1322 hominis
1836 1269 2024 1320 Adami

437 1338 754 1396 renovatio!
789 1352 822 1388 ο
855 1352 1003 1391 mors
1032 1336 1236 1406 ltetitize
1261 1339 1563 1406 operatrix,
1600 1339 2027 1406 incorruptionis

435 1411 650 1468 nuntia,
689 1407 872 1474 gaudii
910 1405 1214 1471 proma.Ut
1250 1405 1432 1461 autem
1474 1410 1797 1476 compendio
1827 1405 2024 1469 dicam,

434 1479 586 1533 venit
629 1477 790 1532 Jesus
838 1478 890 1528 in
925 1477 1270 1538 Bethaniam,
1323 1488 1678 1532 occurrerunt
1719 1481 1768 1532 ei
1809 1493 2028 1532 sorores

435 1549 656 1608 Lazari,
691 1546 1036 1615 prociderunt
1067 1550 1117 1600 itt
1155 1563 1329 1614 genua
1357 1563 1541 1601 coram
1569 1548 1796 1603 Domino
1836 1549 2030 1604 ﬂentes

451 1635 515 1672 ac
546 1620 792 1670 dicentes
822 1634 833 1669 :
865 1616 1109 1676 Domine,
1140 1618 1187 1669 si
1228 1616 1416 1685 fuisses
1453 1618 1538 1671 Itic
1564 1658 1578 1682 ,
1623 1618 1794 1685 frater
1843 1630 2024 1673 uoster

437 1705 542 1742 non
565 1697 699 1741 esset
739 1697 976 1740 mortuus
1016 1685 1181 1754 (Ibid.
1211 1704 1258 1740 υ.
1294 1686 1406 1754 21).
1440 1685 1577 1740 Nunt
1624 1690 1694 1742 ibi
1729 1706 1833 1743 non
1871 1689 2032 1743 erat?

436 1759 680 1821 Corpore
739 1757 956 1825 quidem
1025 1773 1130 1810 non
1173 1767 1320 1819 era';
1395 1756 1682 1812 divinitate
1742 1775 1871 1814 vero
1923 1775 2026 1812 non

438 1829 602 1882 modo
627 1828 739 1881 illic
761 1868 774 1892 ,
811 1828 904 1879 sed
937 1828 1102 1880 etiam
1141 1828 1192 1879 itt
1230 1828 1404 1880 cretis.
1431 1826 1715 1894 Quomodo
1747 1831 1892 1883 enim
1928 1845 2028 1882 no-

439 1898 606 1952 visset
643 1896 838 1950 Lauri
882 1907 1110 1950 martem
1139 1935 1154 1957 ,
1194 1897 1296 1950 nisi
1336 1897 1407 1950 ibi
1455 1898 1684 1962 fuisset,
1725 1898 2024 1953 secundum

439 1967 770 2022 iuvisibilcm
811 1966 916 2019 vim
971 1967 1312 2020 divinitatis?
1343 1966 1408 2020 Et
1454 1968 1705 2021 dicebant
1740 1969 2024 2034 :Domine,

439 2039 486 2092 si
516 2037 706 2106 fuisses
737 2036 841 2099 hic,
877 2037 1043 2106 [mter
1072 2046 1249 2088 uoster
1277 2053 1379 2090 non
1421 2047 1551 2091 esset
1591 2049 1852 2092 mortuus.
1882 2037 2028 2091 Dixit

441 2105 548 2163 illis
593 2107 852 2160 Dominus
878 2127 901 2176 γε
941 2105 1197 2168 Credite,
1236 2116 1290 2159 et
1323 2107 1573 2161 videbitis
1612 2109 1838 2176 gloriam
1879 2108 1970 2161 Dei
2011 2127 2026 2164 ε

446 2179 635 2231 dicens
683 2177 841 2230 fidem
876 2175 1139 2228 bonorum
1185 2192 1410 2245 operum
1442 2192 1566 2232 esse
1594 2175 1936 2246 principium.
1965 2179 2032 2233 Et

441 2247 635 2301 videns
663 2260 756 2299 cas
790 2246 1098 2312 plorantes,
1149 2257 1553 2316 prarsentesque
1587 2245 1820 2306 Judzeo’s.
1853 2247 2030 2316 Infre-

445 2317 574 2370 muit
603 2317 836 2387 spiritu,
857 2325 908 2387 et
955 2317 1182 2368 turbarit
1215 2318 1466 2387 seipsum,
1500 2319 1774 2386 dixitque,
1811 2316 1911 2371 Ubi
1935 2335 2032 2387 po-

443 2383 777 2440 suistiseum
823 2383 994 2455 (Ibid.
1038 2401 1084 2437 r.
1109 2387 1198 2440 55.
1238 2386 1374 2453 δρυῒ
1407 2386 1546 2453 Quid
1594 2383 1696 2442 sibi
1727 2390 1841 2442 vult
1879 2383 2030 2448 illud,

444 2455 738 2527 Infremuit
787 2455 1017 2527 spiritu?
1041 2455 1333 2527 Exspecta,
1359 2458 1594 2527 dilecte,
1635 2467 1686 2510 et
1719 2459 1879 2527 paulo
1912 2469 2034 2524 post

444 2525 657 2579 videbis
692 2524 1013 2594 qumstionis
1055 2525 1403 2579 solutionem.
1457 2524 1731 2580 Turbabit'
1756 2529 2032 2594 seipsum;

447 2610 554 2649 non
589 2603 646 2647 ttt
691 2609 790 2648 nos
819 2610 846 2646 a
883 2593 1078 2648 timore
1109 2595 1190 2647 vel
1223 2595 1407 2664 dolore
1438 2597 1751 2661 turbamur;
1787 2593 1881 2650 sed
1919 2597 2034 2664 ipse

448 2664 689 2731 seipsum
724 2665 983 2727 turbavit,
1015 2674 1070 2717 et
1095 2665 1230 2718 dixit
1259 2681 1275 2718 :
1307 2662 1680 2732 Ubi‘pnsuistis
1706 2665 1871 2720 eum?
1897 2662 2032 2719 Num

447 2733 735 2804 ignorabat
770 2734 877 2804 ubi
917 2734 1162 2804 sepultus
1197 2743 1360 2797 esset,
1392 2737 1482 2802 qui
1516 2736 2032 2804 novitquandonam

447 2803 697 2858 mortuus
735 2803 852 2856 sit?
904 2803 1008 2858 Sed
1046 2804 1241 2858 minuit
1278 2805 1510 2857 humana
1548 2803 1716 2858 verba
1750 2807 1802 2858 itt
1836 2806 2036 2859 divinis

447 2873 732 2945 prodigiis,
755 2884 826 2945 fut
861 2875 1120 2945 ostendat
1152 2890 1210 2928 se
1253 2875 1416 2926 etiam
1455 2876 1728 2928 hominem
1755 2876 1938 2939 fuisse,
1978 2885 2036 2928 ιιι

453 2943 583 2997 dicit
613 2944 901 3010 propheta.
941 2944 1002 2994 Et
1036 2943 1191 2996 homo
1221 2955 1319 3002 est.
1339 2954 1386 2996 et
1417 2946 1534 3013 quis
1571 2958 1843 3012 cognoscet
1869 2962 1986 2998 eum
2013 2946 2037 2998 ?

449 3013 572 3083 Hoc
594 3021 773 3066 autem
809 3013 1068 3082 przemisit
1109 3023 1166 3067 ut
1216 3015 1552 3083 signitiearet
1589 3032 1648 3068 se
1692 3018 1857 3068 etiam
1891 3015 2034 3067 aliud

449 3082 726 3150 quidpiam
771 3097 912 3148 esse,
966 3099 1159 3152 nempe
1207 3082 1393 3138 Deum.
1439 3083 1540 3138 Ubi
1574 3087 1827 3152 posuistis
1868 3086 2034 3138 eum?

451 3153 620 3207 Maria
655 3166 786 3224 vero
813 3155 936 3224 ait;
972 3151 1200 3224 Veni,et
1233 3154 1367 3215 uide,
1401 3151 1639 3209 Domine.
1681 3155 1743 3208 I'Jt
1773 3156 2038 3224 Iacrgma-

449 3236 534 3276 tus
569 3230 648 3275 est
681 3221 836 3276 Jesus
867 3221 1064 3292 (Joau.
1114 3223 1202 3276 il.
1238 3224 1308 3276 55
1335 3224 1372 3290 ).
1401 3225 1670 3290 Quorsum
1712 3225 1840 3279 ﬂere
1890 3221 2036 3288 eum,

449 3308 610 3364 quem
642 3293 800 3360 paulo
835 3302 955 3360 post
980 3293 1344 3364 suscitaturus
1377 3295 1539 3347 erat?
1571 3295 1674 3348 Sed
1709 3297 2037 3364 lacrymatus

450 3375 536 3418 est
557 3362 734 3434 Jesus,
771 3372 828 3415 ttt
856 3362 1401 3434 cotntttiserationem
1420 3372 1474 3416 et
1500 3362 1884 3431 benignitatem
1912 3380 2035 3434 erga

451 3431 790 3488 contribules
819 3432 974 3486 nobis
1005 3435 1319 3502 ostenderet
1350 3451 1364 3486 :
1393 3433 1721 3502 lacrymatns
1748 3444 1830 3488 est
1853 3431 2036 3499 Jesns,

453 3512 515 3555 nt
550 3501 722 3569 magis
759 3517 815 3556 rc
847 3517 1009 3570 quam
1037 3501 1218 3556 verbis
1244 3505 1463 3557 doceret
1501 3501 1736 3558 flendum
1767 3521 1888 3558 esse
1914 3521 2036 3557 cmr.

454 3573 709 3642 ﬂantibus
744 3585 761 3623 :
796 3570 1127 3642 lacrymattts
1172 3583 1254 3626 est
1303 3572 1497 3635 Jcsns,
1538 3591 1640 3626 non
1682 3575 1815 3627 luxit
1867 3591 2034 3642 :ltattt

451 3644 572 3697 sine
605 3641 858 3712 lacrymis
890 3640 1114 3713 omnino
1141 3656 1260 3696 esse
1297 3654 1352 3694 ttt
1405 3644 1758 3696 iubntnanum
1798 3640 2033 3713 respuit,

452 3714 636 3782 Ingere
670 3726 798 3766 vero
822 3722 879 3763 ut
931 3712 1180 3781 ignavum
1213 3713 1423 3780 reiicit;
1459 3725 1514 3766 ut
1550 3717 1770 3767 modum
1802 3730 2033 3768 coinnn-

1967 3878 2016 3883 -__
2031 3879 2050 3882 _
2059 3876 2420 3884 -_.——_———_———-—

1490 441 1555 497 IN
1599 444 2158 512 QUATRIDUANUM
2201 445 2533 501 l..\'l..-\Rli.\l
2575 444 2659 500 lll.
3623 449 3689 501 77

2137 566 2410 636 sitrationi
2443 575 2666 628 statuat,
2702 566 3056 636 lacrymalttt‘.
3089 565 3248 621 Venit
3290 567 3340 620 itt
3374 567 3683 636 speluncam
3712 609 3728 632 ,

2130 650 2181 690 et
2226 640 2366 690 videt
2399 635 2632 703 lapidem
2670 635 2983 701 impositum
3031 635 3595 692 monttmcnto.’Jubet
3627 637 3729 691 Ju-

2132 709 2274 759 dieos
2310 723 2593 760 removere
2650 707 2881 772 lapidem
2922 709 2988 759 ab
3033 708 3176 761 ostio
3234 712 3590 761 monumenti.
3629 707 3730 771 Qui

2131 777 2290 837 dicis,
2317 777 2372 828 Si
2415 778 2573 844 [idem
2605 777 2846 829 habeatis
2895 787 2948 828 ut
2986 794 3213 845 granum
3265 779 3464 846 sinapis
3491 819 3506 836 .
3546 777 3730 829 dicetis

2130 848 2253 899 Ituic
2287 849 2471 904 monti,
2509 847 2716 900 Tollere
2744 858 2791 898 et
2840 851 3047 899 mittere
3098 849 3153 899 in
3183 863 3327 900 mare
3351 888 3364 910 ,
3389 857 3438 902 et
3471 849 3560 912 ﬁet
3592 849 3730 900 vobis

2132 918 2151 980 (
2184 916 2375 970 Matth.
2416 917 2498 969 ΓΙ.
2529 918 2628 982 19)
2663 935 2676 970 :
2707 919 2982 986 quomodo
3042 932 3184 970 nunc
3221 932 3326 969 non
3371 928 3528 986 potcs
3554 931 3728 970 remo-

2133 1002 2262 1039 vere
2293 987 2564 1056 lapidem?
2588 987 2691 1041 Sed
2740 1003 2842 1039 tt0n
2869 988 3013 1056 quod
3065 1004 3170 1040 non
3201 988 3403 1055 possim
3430 1027 3444 1048 ,
3485 988 3556 1040 ita
3595 1002 3727 1053 ago,

2139 1058 2318 1125 inquit
2348 1076 2362 1112 ;
2399 1058 2491 1111 sed
2526 1072 2588 1110 ne
2613 1066 2798 1123 putent
2825 1074 2936 1110 rem
2965 1071 3086 1110 esse
3115 1059 3457 1124 phantasiam
3483 1097 3497 1117 ,
3536 1056 3729 1124 pracci-

2130 1129 2221 1195 pio
2271 1128 2322 1195 ip
2358 1127 2403 1180 is
2453 1126 2657 1181 Juda-is
2704 1138 2760 1178 ιιι
2813 1130 2927 1181 suis
2968 1129 3220 1181 manibus
3268 1127 3500 1194 lapidem
3551 1141 3730 1180 remo-

2131 1208 2316 1261 \eant,
2363 1199 2659 1251 maximum
2704 1199 2922 1267 signum
2961 1197 3094 1249 tnibi
3157 1212 3467 1262 reservans,
3521 1206 3578 1251 ttt
3626 1195 3728 1264 ipsi

2134 1267 2427 1320 testetsint
2458 1268 2738 1335 signorum
2776 1284 2803 1320 a
2834 1281 2918 1321 me
2946 1276 3307 1336 patratorum.
3332 1268 3536 1320 Deinde
3579 1275 3731 1334 post-

2131 1353 2294 1406 quam
2330 1340 2610 1391 revolutus
2646 1338 2747 1392 fttit
2796 1339 2950 1403 lapis,
2986 1338 3286 1401 respiciens
3319 1337 3480 1392 Jesns
3522 1338 3572 1389 in
3613 1351 3730 1406 cate

2134 1405 2242 1461 lum
2273 1407 2411 1477 dixit
2445 1425 2458 1460 :
2501 1406 2718 1461 Gratias
2762 1410 2855 1461 tibi
2880 1425 3002 1474 ago,
3038 1407 3219 1471 Pater,
3250 1411 3500 1477 quoniam
3529 1405 3732 1477 audisti

2133 1494 2214 1532 me
2242 1476 2426 1547 (Joan.
2465 1478 2552 1531 Η.
2589 1479 2703 1547 41).
2736 1477 3092 1544 Qttaudunam
3128 1475 3308 1532 autem
3339 1477 3553 1530 oravit?
3582 1475 3735 1531 Nunc

2133 1546 2323 1615 accipe
2348 1587 2362 1609 ,
2399 1548 2597 1603 dilecte
2622 1588 2637 1610 ,
2660 1546 2822 1616 quam
2861 1548 3020 1600 modo
3049 1549 3334 1615 quaerebas
3385 1548 3535 1600 verbl
3585 1546 3734 1601 soln-

2138 1619 2341 1671 tionem
2377 1635 2390 1670 :
2423 1635 2544 1672 cum
2579 1621 2724 1671 enim
2761 1617 3254 1686 infremttitspiritu
3285 1659 3300 1681 ,
3330 1628 3454 1670 tttnc
3481 1626 3733 1685 precatus

2133 1697 2238 1743 est.
2287 1686 2348 1740 Et
2401 1688 2513 1742 lucc
2558 1704 2678 1740 cmn
2733 1689 2975 1748 dixisset,
3032 1688 3278 1742 clamavit
3327 1703 3445 1741 voce
3486 1702 3677 1752 magna
3707 1725 3722 1747 ,

2136 1757 2366 1816 Lazare.
2410 1759 2523 1811 reui
2555 1759 2719 1826 foras.
2749 1757 2816 1810 Et
2839 1760 3021 1811 statim
3049 1759 3243 1827 prodiit
3276 1759 3366 1825 qui
3395 1757 3566 1822 fuerat
3600 1770 3737 1827 mor-

2136 1839 2278 1888 tuus,
2319 1829 2513 1892 ligatus
2544 1831 2697 1896 pedes
2721 1837 2769 1881 et
2803 1845 2991 1880 manus
3015 1830 3232 1881 institis.
3257 1829 3301 1881 0
3325 1827 3472 1880 vocis
3510 1829 3613 1878 vim
3651 1826 3734 1877 in-

2137 1898 2279 1951 feros
2310 1899 2728 1966 dirumpcntem,
2763 1908 2951 1967 portas
2973 1913 3111 1950 atras
3134 1906 3529 1958 conterentem,
3551 1904 3736 1948 vectes

2136 1968 2345 2020 ferreos
2391 1969 2869 2038 confringentem,
2919 1967 3194 2022 diabolum
3246 1977 3730 2038 prosternentem,

2136 2047 2368 2090 mortem
2396 2040 2461 2089 de
2496 2037 2671 2091 medio
2700 2037 3002 2101 tollentem,
3031 2047 3304 2090 mortuum
3333 2037 3689 2091 suscitantem
3715 2037 3729 2088 !

2134 2123 2166 2160 o
2204 2109 2358 2179 vocis
2386 2109 2516 2169 vim,
2552 2123 2673 2179 qua:
2712 2109 2932 2160 diducta
2958 2109 3198 2179 membra
3231 2108 3282 2160 itt
3311 2122 3474 2159 unum
3505 2106 3736 2179 cogitet

2135 2177 2322 2246 erigit,
2381 2189 2435 2230 et
2494 2175 2706 2233 cx'non
2759 2177 3105 2230 exstantibus
3131 2177 3197 2231 ad
3235 2192 3359 2232 esse
3386 2175 3668 2246 producit!
3702 2189 3736 2229 0

2138 2245 2284 2301 vocis
2339 2249 2442 2300 vim
2478 2287 2492 2308 ,
2534 2265 2654 2318 quae
2690 2249 3112 2318 quatriduanum
3175 2258 3451 2318 mortuum
3489 2245 3642 2318 quasi
3706 2261 3734 2297 tt

2136 2332 2332 2370 somno
2367 2315 2570 2372 exritat
2594 2358 2608 2382 ,
2656 2329 2710 2372 et
2754 2317 2960 2370 institis
2993 2319 3236 2370 vinctum
3259 2356 3274 2378 ,
3303 2316 3456 2385 quasi
3489 2315 3726 2369 solutum

2137 2397 2190 2440 et
2223 2388 2456 2442 celerem
2488 2403 2798 2451 cursorem,
2829 2403 2893 2440 ex
2920 2387 3171 2452 sepulcro
3216 2386 3433 2440 educit!
3475 2385 3730 2438 Animum

2141 2461 2260 2509 voci
2291 2474 2320 2512 a
2347 2458 2510 2518 lbibe,
2541 2459 2756 2517 dilecte.
2789 2466 2843 2511 et
2889 2456 3140 2510 invenies
3194 2457 3370 2524 ipsum
3413 2457 3636 2508 verbum
3684 2455 3736 2506 in

2143 2530 2327 2578 mundi
2375 2529 2656 2580 creatione
2699 2527 2996 2594 prolatum,
3049 2524 3173 2578 Fiat
3236 2526 3350 2590 lux,
3397 2533 3447 2577 et
3485 2526 3631 2594 facta
3655 2534 3731 2577 est

2138 2595 2271 2658 luat;
2299 2595 2461 2648 Fiant
2505 2597 2791 2648 luminaria
2838 2597 2890 2647 ιιι
2935 2597 3272 2663 ﬁrmamento
3318 2596 3435 2648 caeli
3472 2595 3646 2663 (Cen.
3687 2595 3735 2647 1.

2139 2664 2193 2718 5.
2217 2667 2238 2719 1
2258 2667 2324 2727 ii,
2346 2679 2398 2718 et
2427 2667 2566 2718 facta
2598 2675 2751 2724 sunt;
2788 2667 2986 2733 ipsum,
3010 2665 3481 2732 inquam,dicens,
3513 2665 3736 2725 Lazare,

2140 2737 2256 2787 veni
2281 2738 2446 2806 foras.
2475 2735 2538 2789 Et
2564 2736 2741 2790 sanies
2772 2752 2836 2806 ex
2872 2735 3129 2806 carnibus
3157 2735 3330 2788 [luetis
3363 2751 3496 2787 cava
3535 2735 3734 2806 iterum

2148 2804 2428 2872 replebat;
2465 2817 2519 2859 et
2560 2806 2650 2874 qui
2695 2805 3013 2860 deciderant
3045 2804 3227 2859 crines
3251 2848 3265 2868 ,
3300 2819 3455 2858 suum
3481 2805 3736 2856 ordinem

2141 2885 2516 2944 agnoverunt,
2565 2877 2731 2943 inque
2777 2875 3036 2928 membris
3090 2878 3268 2926 denuo
3313 2874 3728 2942 plantabantur.

2148 2942 2376 3006 Lazare,
2404 2948 2518 2997 reni
2551 2942 2720 3012 foras.
2762 2945 2826 2996 Et
2874 2954 3120 2997 mortuus
3153 2945 3487 3007 resurrexit,
3517 2953 3572 2996 et
3603 2958 3741 3010 quau

2142 3016 2431 3068 triduanus
2475 3031 2573 3082 par
2633 3025 2750 3069 erat
2803 3016 2850 3067 ci
2907 3015 2996 3080 qui
3050 3030 3147 3067 nec
3208 3024 3458 3067 mortuus
3527 3013 3739 3067 fuisset.

2146 3083 2376 3146 Lazare,
2402 3087 2515 3137 ιυριιί
2544 3085 2689 3151 foras
2718 3100 2736 3138 :
2764 3094 2814 3135 et
2859 3087 3035 3136 anima
3069 3093 3144 3136 ex'
3187 3083 3374 3138 inferis
3413 3085 3634 3138 reducta
3663 3094 3746 3136 est

2143 3172 2249 3208 ttott
2276 3156 2686 3208 contradicente
2732 3155 2968 3215 diabolo,
2998 3171 3101 3205 ttott
3135 3165 3470 3222 repugnante
3503 3151 3740 3216 inferno,

2145 3235 2198 3277 et
2231 3229 2476 3294 gaudens
2511 3225 2848 3277 domicilium
2899 3240 3056 3277 suum
3091 3228 3331 3288 agnovit.
3361 3222 3472 3277 Hoc
3500 3225 3743 3276 tt'tiraeu-

2147 3296 2320 3347 lorum
2355 3311 2491 3362 Opus
2525 3298 2765 3347 divinum
2806 3294 3205 3362 contemplatus
3234 3333 3246 3355 ,
3286 3296 3512 3355 dilecte,
3554 3295 3621 3346 de
3655 3308 3740 3345 re-

2144 3368 2488 3418 surrectione
2520 3380 2587 3418 ne
2617 3365 2851 3418 dubites.
2883 3366 2964 3416 Sit
2991 3364 3082 3418 tibi
3113 3364 3391 3432 Speculum
3422 3363 3663 3416 Lazarus
3689 3373 3743 3415 et

2149 3436 2202 3488 itt
2241 3435 2329 3486 illo
2373 3438 2605 3502 teipsttttt
2660 3435 2986 3504 respiciens,
3040 3435 3503 3487 resurrectionem
3549 3437 3732 3487 crede.

2149 3505 2349 3557 Eadem
2371 3508 2516 3558 enim
2542 3505 2653 3572 ipsa
2685 3503 2786 3557 vox
2821 3521 2917 3557 nos
2944 3521 3133 3556 omnes
3186 3504 3494 3563 susritabit,
3521 3513 3578 3553 ut
3603 3503 3745 3571 Apo-

2145 3577 2318 3628 stolus
2339 3576 2413 3627 ait
2455 3594 2467 3628 :
2512 3573 2657 3626 Tuba
2683 3586 2831 3626 cauet
2868 3575 3026 3638 enim,
3049 3583 3096 3627 et
3125 3575 3319 3625 mortui
3345 3581 3613 3639 resurgeut
3659 3575 3742 3624 in-

2143 3646 2378 3711 corrupti
2413 3646 2474 3711 (ι
2516 3643 2642 3698 Cor.
2677 3644 2764 3697 15.
2794 3644 2866 3698 5‘2
2890 3646 2931 3712 ),
2959 3644 3131 3712 gratia
3169 3643 3378 3696 Domini
3419 3643 3586 3696 nostri
3619 3641 3746 3696 Jestt

2141 3715 2342 3768 Christi
2374 3755 2385 3777 ,
2431 3716 2515 3768 eui
2566 3714 2734 3784 gloria
2787 3715 2839 3768 itt
2882 3713 3079 3768 saecula
3117 3714 3461 3767 szcculorum.
3494 3713 3692 3765 Amen.

2801 3875 3242 3883 ,ο--ρ-ψ--ρναν-υ--ο-
3261 3876 3270 3880 -
3285 3875 3430 3882 υο--ου
3451 3874 3712 3883 ,μς----αα--ς

1575 4003 1637 4046 ιΝ
1673 4002 2178 4056 ρὶῗὲίὶῖἱιιηὶλῖξιέλι
2210 4000 2502 4044 LAZARUM
2546 4001 2633 4045 ΙΙΙ.

531 4177 706 4232 Solvit
758 4175 1022 4229 Lazarum
1061 4179 1186 4243 lux;
1238 4179 1329 4232 sed
1363 4188 1588 4231 vocatus
1623 4180 1694 4230 ita
1747 4178 2045 4240 festinavit,

461 4259 519 4300 ιιι
554 4248 747 4316 ligatus
805 4261 1092 4314 curreret,
1134 4250 1224 4318 qui
1266 4265 1359 4316 per
1411 4248 1761 4317 quatriduum
1805 4248 2046 4316 putrefa-

460 4331 582 4370 ctus
619 4319 668 4369 in
709 4329 1082 4378 monumento,
1127 4335 1190 4372 ex
1228 4320 1529 4372 visceribus
1583 4321 1750 4371 multa
1787 4334 1814 4371 a
1851 4320 2050 4370 vermi-

461 4389 562 4441 bus
602 4402 827 4440 corrosa
884 4387 1160 4454 habebat;
1229 4399 1452 4456 totaque
1513 4389 1756 4456 corporis
1821 4388 2048 4454 (Iisjccta

462 4458 662 4519 forma,
695 4465 746 4508 el
774 4459 1142 4523 corruptionis
1175 4469 1362 4514 testem
1391 4458 1598 4513 ferebat
1630 4458 1861 4525 sepulcri
1913 4459 2050 4512 feto-

466 4543 600 4580 t'ctn.
637 4525 742 4580 Sed
779 4528 952 4580 bonus
983 4527 1103 4580 vita:
1137 4532 1272 4582 odor
1315 4539 1588 4581 mortuum
1637 4529 1932 4594 olfacieus,
1976 4530 2053 4580 vi-

464 4613 678 4667 scerum
706 4596 1030 4649 solutionem
1061 4599 1399 4652 reformavit.
1430 4599 1841 4652 Monumentum
1862 4599 2048 4667 jacen-

466 4667 535 4720 tis
566 4665 666 4719 fnit
697 4675 924 4736 uterus;
961 4676 1014 4720 et
1045 4671 1196 4736 quasi
1233 4669 1285 4722 in
1318 4681 1478 4723 utero
1509 4679 1682 4735 salus,
1717 4687 1818 4721 non
1854 4665 1906 4720 in
1944 4683 2051 4720 mo-

466 4745 746 4800 numento,
792 4735 1036 4789 Lazarus
1063 4735 1272 4793 recens
1306 4740 1570 4792 formatus
1605 4740 1828 4792 exsiliit.
1863 4741 1907 4792 Ο
1953 4755 2049 4790 no-

465 4821 590 4856 vum
620 4807 865 4859 miraculi
895 4821 1061 4873 genus
1095 4808 1107 4862 l
1145 4809 1416 4862 hominem
1463 4809 1614 4862 nobis
1647 4811 1696 4861 itt
1727 4810 1890 4860 vitam
1921 4809 2055 4862 cmi-

464 4877 538 4928 sit
589 4876 922 4946 sepulcrum,
978 4877 1181 4932 institis
1229 4878 1622 4946 sepulcralibtts
1670 4891 1727 4931 ttt
1787 4877 2049 4931 infantem

469 4945 790 4998 involutum.
829 4947 1041 4998 Domini
1080 4945 1313 5015 namque
1352 4964 1450 5000 vox
1503 4961 1717 5000 mortuo
1748 4959 1896 5006 nom,
1932 4965 2044 5000 cum

470 5016 656 5087 fasciis
690 5016 865 5084 ipsum
890 5030 953 5068 ex
993 5029 1348 5070 monumento
1380 5019 1563 5070 traxit.
1597 5017 1824 5081 Lazare,
1859 5019 2051 5087 inquit,

467 5087 579 5140 reui
615 5086 806 5155 foras:
839 5097 894 5139 ct
921 5102 1040 5138 cum
1069 5092 1234 5141 verbo
1280 5088 1462 5142 statim
1514 5098 1758 5142 mortuus
1802 5086 2055 5155 (:grcSStts

467 5166 551 5208 est
588 5174 601 5209 :
637 5157 878 5209 membra
918 5158 967 5208 in
1012 5157 1262 5224 sepulcro
1286 5159 1351 5210 ad
1381 5158 1626 5211 ordinem
1662 5173 1818 5211 suum
1866 5173 2057 5211 curre-

468 5228 623 5287 bant,
656 5229 847 5280 oculus
876 5243 1033 5281 suum
1061 5230 1353 5296 occupavit
1385 5228 1584 5288 locum,
1623 5244 1783 5281 nares
1822 5229 2008 5280 itidem
2038 5245 2052 5281 ι

469 5297 535 5347 ad
573 5297 802 5363 primam
837 5297 1067 5350 fortnam
1105 5313 1256 5365 genae
1299 5309 1482 5351 statim
1520 5298 1819 5356 redierunt,
1853 5298 2052 5352 collum

470 5381 592 5417 cttnt
646 5366 827 5433 capite
869 5376 920 5420 et
958 5367 1201 5420 humeris
1242 5384 1360 5421 sese
1410 5369 1706 5436 copulavit,
1762 5384 1952 5421 manus
1988 5367 2055 5419 ad

469 5447 720 5491 mutuum
759 5445 964 5490 motum
1003 5449 1206 5505 parata:
1251 5447 1398 5503 sunt,
1437 5440 1785 5492 articulorum
1839 5441 2056 5491 harmo—

471 5508 560 5559 nia
605 5505 832 5571 coaluit,
885 5506 1176 5575 digitorum
1215 5513 1348 5563 ordc
1391 5511 1676 5563 restitutus
1720 5518 1823 5572 est,
1864 5522 2058 5561 nervo-

470 5589 596 5648 rum
623 5589 829 5629 .tnutua
875 5579 1052 5631 tensio
1078 5579 1462 5648 colligabatur,
1492 5580 1694 5632 ossium
1747 5592 1938 5632 natura
1973 5579 2055 5630 iu-

474 5646 763 5708 duebatur,
792 5646 1227 5702 extettdcbantur
1247 5665 1366 5702 cum
1393 5650 1543 5702 Venis
1566 5651 1801 5715 arteriae,
1822 5649 2054 5701 medulla

473 5716 900 5781 reformabatur,
930 5719 1263 5772 membratuc
1298 5722 1642 5782 texebantur,
1667 5722 1846 5786 capilli
1897 5736 2054 5772 suum

474 5787 809 5853 recipiebant
849 5789 1124 5843 decorem.
1164 5788 1352 5858 Longo
1384 5807 1638 5845 sermone
1686 5791 2052 5844 tnembrorunt

475 5869 695 5911 cursum
730 5873 956 5926 apparo.
1014 5858 1168 5914 Sicut
1217 5865 1430 5914 calcare
1476 5877 1667 5928 equus,
1716 5861 1794 5915 sic
1841 5859 2054 5913 Domini

460 5941 608 6006 _vocc
649 5940 880 5999 punctus
939 5935 1185 5989 mortuu~
1215 5933 1438 5987 exsiliit.
1478 5932 1702 6001 Lazare,
1736 5935 1850 5990 rcui
1887 5932 2056 6002 foras.

2165 4182 2468 4250 Antequam
2503 4181 2665 4243 dicat,
2699 4179 2941 4248 Resurge
2967 4217 2982 4241 ,
3013 4180 3172 4250 exire
3220 4178 3403 4247 jubet;
3449 4181 3622 4234 adhuc
3665 4179 3749 4247 ja-

2161 4249 2371 4303 centem
2411 4262 2564 4318 urget
2593 4252 2656 4303 ad
2705 4265 2949 4301 cursum.
3002 4249 3216 4302 Suscita
3276 4251 3424 4301 illutn
3477 4252 3650 4316 prius,
3697 4262 3750 4301 et
3809 4306 3811 4308 _

2163 4329 2289 4372 tunc
2323 4324 2643 4374 suscitattnn
2674 4333 2897 4371 currere
2918 4318 3158 4385 jnbebis.
3184 4319 3314 4379 Cur,
3347 4320 3593 4382 Domine,
3619 4333 3746 4373 ante

2162 4391 2642 4452 resurrectionem,
2676 4389 2879 4456 jaccnti
2932 4389 3138 4441 exitum
3199 4389 3469 4441 mandas?
3509 4389 3746 4448 Jacenti,

2161 4460 2358 4526 inquit,
2409 4461 2664 4528 prtecipio
2699 4467 2754 4509 ιιι
2783 4468 2987 4522 currat,
3029 4475 3101 4528 ne
3137 4459 3246 4512 duo
3302 4460 3552 4511 mandata
3607 4460 3743 4510 dans

2161 4541 2398 4594 mortuo,
2447 4531 2651 4582 exitum
2704 4529 2997 4581 retardent.
3061 4527 3184 4582 Non
3249 4529 3368 4580 dico
3411 4531 3504 4590 illi,
3553 4529 3747 4595 Surge.

2161 4609 2214 4651 ct
2255 4601 2374 4653 veni
2412 4600 2595 4664 iuras;
2648 4611 2704 4652 ιιι
2754 4599 2992 4652 velocius
3043 4609 3246 4653 currat.
3289 4609 3341 4651 ct
3385 4600 3640 4664 surgendi
3694 4609 3748 4651 et

2158 4671 2417 4722 Currendi
2469 4687 2634 4722 unum
2686 4669 2961 4734 accipiens
3021 4671 3358 4720 mandatum.
3414 4667 3553 4720 llinc
3589 4669 3745 4736 quasi

2161 4739 2340 4792 alatus
2381 4738 2621 4793 Lazarus
2657 4755 2726 4794 ex
2782 4750 3132 4791 monumento
3178 4738 3400 4804 prodiit,
3457 4741 3638 4806 potius
3693 4750 3748 4788 nt

2161 4819 2365 4869 custos,
2392 4826 2554 4876 quam
2609 4821 2662 4860 ttt
2707 4819 2975 4868 mortuus,
3015 4809 3064 4860 itt
3110 4808 3360 4875 sepulcro
3394 4809 3746 4860 decumbens.

2162 4879 2406 4931 Infetnus
2439 4896 2586 4941 vero,
2639 4891 2695 4930 ttt
2743 4880 2974 4938 videtur,
3033 4889 3304 4929 tnortttttnt
3346 4879 3638 4931 restituens
3682 4882 3750 4928 ab

2161 4949 2266 5000 into
2294 4950 2606 5001 clamabat:
2641 4950 2772 5013 Quis
2805 4962 2885 5000 est
2918 4949 3025 5010 hic,
3058 4951 3146 5015 qui
3183 4962 3314 4999 voce
3359 4963 3454 4998 sua
3504 4958 3749 4999 mortuos

2158 5033 2223 5070 ex
2273 5021 2558 5084 sepulcris,
2614 5019 2768 5087 quasi
2821 5019 3157 5071 dormientes
3206 5017 3455 5071 excitat?
3505 5035 3626 5085 quts
3663 5029 3746 5069 est

2161 5089 2265 5149 hic,
2301 5091 2390 5156 qui
2443 5089 2586 5155 leges
2639 5101 2974 5140 moriuorutn
3008 5099 3216 5140 veteres
3257 5087 3461 5140 solvit?
3500 5089 3622 5156 quis
3666 5099 3750 5139 est

2161 5159 2268 5219 hic,
2295 5159 2385 5225 qui
2417 5170 2618 5210 tantum
2661 5157 2980 5224 resnrgcndi
3021 5167 3352 5225 pr:cccpttttn
3379 5159 3472 5209 dat
3517 5159 3746 5209 mortuis

2160 5231 2222 5280 ad
2260 5231 2533 5281 reditum?
2565 5230 2686 5298 quis
2728 5240 2812 5280 est
2849 5229 2955 5298 hic,
2996 5230 3085 5297 qui
3138 5228 3378 5294 sepultos
3426 5229 3743 5298 assuel'acit,

2161 5310 2216 5350 ut
2248 5300 2310 5350 ad
2341 5299 2504 5352 vitam
2551 5297 3018 5365 ret-nrrant?qnis
3063 5309 3144 5352 est
3197 5297 3306 5361 hic,
3352 5297 3441 5361 qtti
3501 5308 3746 5349 mortuos

2168 5385 2315 5421 meos
2344 5372 2414 5421 ita
2449 5369 2602 5422 facile
2636 5367 2835 5422 solvit?
2858 5368 2980 5434 quis
3003 5379 3082 5420 est
3121 5369 3207 5420 hic
3236 5367 3325 5434 qui
3355 5379 3572 5420 veteres
3604 5383 3747 5417 tuor-

2165 5449 2284 5491 tuos
2307 5454 2453 5492 meos
2472 5440 2627 5508 jussu
2653 5439 2919 5491 abstrabit
2942 5439 2964 5490 ?
2989 5438 3268 5492 Abseessit
3295 5453 3322 5488 a
3347 5453 3451 5499 me,
3485 5438 3744 5508 ttt_video,

2160 5519 2435 5575 sceptrum
2475 5506 2792 5579 tyrannidis
2843 5523 2975 5562 mea:
3027 5510 3075 5561 in
3134 5509 3431 5561 homines:
3487 5506 3748 5579 eth-actus

2162 5581 2292 5631 tttihi
2329 5587 2413 5633 est
2448 5577 2637 5633 carcer
2683 5580 2895 5632 mortis.
2952 5579 3097 5631 Elias
3135 5589 3406 5631 mortumn
3456 5577 3744 5632 suscitavit

2165 5649 2216 5700 in
2255 5651 2486 5720 gratiam
2525 5649 2768 5703 mulieris
2802 5666 2814 5701 :
2867 5664 3055 5702 rursus
3110 5650 3335 5702 Iilisatus
3384 5658 3573 5720 raptor
3604 5663 3747 5698 tuor-

2163 5719 2381 5773 tnorum
2411 5720 2682 5773 secundus
2711 5729 2930 5787 paratus
2965 5729 3047 5772 est
3085 5736 3096 5771 :
3139 5734 3281 5770 mute
3314 5719 3566 5772 acerbior
3598 5733 3747 5769 mor-

2166 5800 2380 5841 tuorum
2412 5791 2626 5857 :tdjtttor
2660 5807 2744 5840 tne
2772 5800 3064 5858 oppugnat,
3091 5791 3180 5857 qui
3220 5789 3466 5856 ptttridos
3501 5796 3746 5840 mortuos

2163 5862 2505 5924 sull'uratt-tr;
2551 5859 2966 5927 periculumque
2996 5871 3081 5913 est
3129 5869 3185 5911 ut
3221 5873 3288 5912 ne
3325 5859 3374 5910 in
3411 5858 3606 5912 fetidos
3632 5858 3746 5925 qui-

2165 5933 2283 5986 dem
2338 5941 2578 5985 mortuos
2652 5931 2938 6001 imperium
2988 5933 3286 5985 obtineant.
3345 5928 3554 5999 Raptus
3597 5927 3743 5981 enim
