4068 6390
347 364 395 372 _
416 366 557 374 ‘——"
592 369 673 376 _
690 371 843 379 -‘.
862 372 1101 383 m‘
1126 377 1495 390 "—-—-———
1606 385 2413 403 ——-——.—-—~_.H~W__.____.
2453 395 2539 402 σω-
2558 396 2589 401 ._
2614 397 3365 407 —_w*mw—.—.——

319 374 3561 456 M

1329 664 2501 854 PBfEFATIO

314 1151 525 1278 AD
606 1159 1385 1297 HOMILIAS
1469 1171 1599 1300 S.
1683 1174 2345 1370 JOANNIS
2431 1189 3567 1327 CHRYSOSTOMI

984 1615 1096 1694 IN
1153 1613 1749 1702 EPISTOLAM
1814 1629 2117 1707 PAULI
2175 1634 2310 1709 AD
2369 1634 2895 1721 EPHESIOS.

387 2362 594 2424 lit-rex
625 2364 963 2428 selectiora
1001 2367 1281 2437 doctoris
1312 2372 1517 2434 nostri
1556 2374 1625 2435 in
1669 2375 1985 2453 Epistolas
2018 2378 2193 2441 Pauli
2234 2385 2684 2447 commentaria
2717 2389 2969 2451 censeri
3002 2389 3240 2455 debent
3273 2395 3568 2463 Homilia':

305 2485 376 2546 in
418 2487 766 2564 Epistolam
810 2488 885 2549 ad
938 2489 1287 2568 Ephesios;
1320 2502 1455 2554 tum
1484 2494 1640 2573 quia
1688 2495 1753 2557 in
1800 2497 1900 2558 his
1950 2515 2051 2559 res
2084 2500 2355 2563 uberius
2401 2506 2730 2583 expendit,
2764 2517 2826 2570 et
2864 2509 3137 2589 explicat
3168 2520 3564 2598 accuratius;

301 2623 448 2675 tum
494 2615 651 2695 quia
697 2616 893 2679 multa
942 2625 1004 2677 et
1045 2618 1397 2697 singularia
1440 2620 1678 2698 passim
1728 2622 1990 2695 indicat,
2034 2641 2181 2704 quae
2213 2627 2459 2702 possint
2488 2636 2598 2691 aut
2630 2630 2704 2692 ad
2746 2631 2990 2694 beatam
3018 2642 3130 2698 aut
3156 2638 3236 2700 ad
3267 2640 3563 2708 miseram

303 2736 507 2799 vitam
541 2754 669 2800 non
702 2755 926 2817 parum
958 2740 1184 2802 aﬂ'erre
1211 2742 1542 2804 momenti.

387 2901 659 2963 Orditur
700 2911 918 2965 autem
964 2904 1042 2965 ab
1086 2904 1337 2983 Epheso
1382 2905 1565 2981 urbe,
1599 2923 1791 2986 quam
1846 2912 1916 2969 ut
1951 2909 2119 2971 Asiae
2164 2912 2547 2989 metropolin
2584 2914 2882 2979 celebrat.
2937 2924 3264 2983 Auxerant
3297 2924 3566 2987 celebri-

303 3031 502 3086 tatem
540 3025 750 3104 primo
782 3028 842 3090 S.
876 3030 1156 3090 Joannes
1194 3031 1609 3108 evangelista,
1655 3031 1891 3093 deinde
1940 3031 2344 3107 Timotheus,
2377 3035 2490 3113 qui
2541 3036 2683 3098 istic
2721 3037 2910 3100 sedes
2956 3053 3322 3120 posuerant.
3374 3049 3560 3110 Fama

304 3165 425 3225 per
463 3148 686 3209 orbem
741 3156 887 3211 nota
918 3157 1050 3211 erat
1090 3149 1382 3229 Ephesus
1423 3169 1460 3213 a
1489 3152 1667 3213 cultu
1702 3153 1937 3229 Dianae,
1969 3172 2163 3234 quam
2212 3156 2552 3234 Ephesium
2600 3162 2927 3238 vocabant,
2972 3173 3164 3245 atque
3210 3186 3245 3230 a
3284 3170 3567 3248 philoso-

305 3269 585 3347 phorum
630 3270 950 3350 plurimis.
991 3275 1105 3353 qui
1134 3275 1272 3338 illic
1321 3286 1707 3353 manserant,
1765 3297 1798 3341 a
1832 3281 2181 3359 Pythagora
2224 3280 2460 3354 Samio,
2504 3298 2540 3343 a
2574 3285 2974 3362 Parmenide,
3021 3291 3302 3367 Zenone,
3341 3294 3566 3356 Demo-

303 3395 471 3453 crito
506 3414 524 3453 :
555 3392 858 3473 additque
894 3393 1410 3474 Chrysostomus,
1445 3398 1652 3462 adhuc
1683 3417 1802 3461 suo
1839 3408 2126 3481 tempore
2158 3400 2582 3482 philosophos
2612 3405 2849 3486 Ephesi
2883 3410 3246 3475 considere.

386 3560 527 3619 Jam
559 3560 873 3639 quaeritur
900 3577 1014 3640 pro
1046 3579 1222 3625 more
1250 3564 1693 3628 Antiochiaene
1721 3583 1800 3628 an
1834 3567 2389 3648 ConstantinOpoli
2423 3569 2651 3633 habita:
2678 3569 2923 3636 fuerint
2956 3578 3299 3641 conciones
3323 3581 3387 3642 in
3418 3584 3568 3660 Epl-

304 3681 538 3742 stolam
572 3682 651 3744 ad
686 3683 1024 3760 Ephesios.
1056 3686 1380 3762 Optimum
1403 3686 1496 3749 Cl.
1522 3690 1598 3749 V.
1626 3689 2078 3754 Tillemontius
2103 3693 2344 3771 profert
2374 3705 2820 3774 argumentum
2846 3698 2923 3759 ad
2958 3700 3354 3777 probandum
3379 3705 3564 3769 hasce

306 3803 608 3867 homilias
642 3808 998 3871 Antiochia!
1030 3809 1229 3872 dictas
1273 3809 1524 3873 fuisse:
1562 3813 1713 3892 quia
1744 3830 1973 3893 nempe
2010 3817 2076 3881 in
2113 3819 2377 3882 homilia
2411 3822 2748 3884 undecima
2785 3826 3093 3889 acerrime
3124 3829 3452 3895 invehitur
3498 3835 3564 3897 in

304 3943 444 4001 eos,
478 3928 589 4006 qui
624 3928 973 3992 Ecclesiam
1009 3932 1077 3993 in
1106 3951 1230 4013 qua
1262 3934 1374 3996 ille
1400 3947 1555 3999 tunc
1585 3937 2109 4016 concionabatur,
2141 3941 2539 4018 scindebant,
2590 3945 2789 4025 inque
2830 3949 3116 4012 diversas
3157 3961 3368 4030 partes
3398 3956 3568 4019 divi-

306 4061 525 4109 serant
558 4056 621 4109 et
663 4050 941 4114 schisma
971 4055 1351 4133 effecerant;
1384 4059 1449 4121 id
1482 4059 1656 4138 quod
1684 4059 1763 4121 de
1801 4061 2083 4126 Ecclesia
2112 4064 2816 4146 Constantiuopolitans
2851 4071 3129 4152 intelligi
3161 4090 3288 4138 non
3332 4080 3558 4157 possit.

308 4172 561 4252 Hicque
603 4176 869 4238 omnino
898 4176 1078 4257 loqui
1114 4180 1373 4242 videtur
1405 4183 1485 4243 de
1522 4182 1863 4245 schismate
1900 4188 2320 4252 Eustathiano
2357 4202 2507 4255 tunc
2558 4196 2919 4259 Antiochiae
2966 4197 3436 4279 perseverante,
3482 4210 3562 4268 de

309 4311 441 4371 quo
468 4296 670 4358 multa
702 4298 987 4361 diximus
1021 4302 1085 4362 in
1120 4303 1364 4365 Monito
1402 4305 1476 4366 ad
1510 4306 1882 4382 Homiliam,
1915 4314 2003 4372 De
2032 4331 2161 4374 non
2190 4317 2795 4381 anathematizandis
2821 4323 2980 4384 vivis
3009 4332 3192 4404 atque
3220 4326 3557 4405 defunctis,

308 4435 456 4497 quas
486 4420 591 4482 hic
629 4422 911 4484 breviter
944 4428 1283 4502 repetenda
1304 4437 1478 4489 sunt.

388 4590 763 4652 Eustathius
786 4591 1130 4671 episcopus
1162 4591 1632 4667 Antiochenus,
1660 4592 1758 4654 vir
1793 4601 2048 4657 sanctus
2077 4603 2269 4675 atque
2292 4596 2666 4674 catholicus,
2687 4600 2965 4682 ideoque
2998 4606 3254 4669 Arianis
3280 4610 3558 4689 invisus,

304 4712 605 4791 ipsorum
642 4729 835 4793 Opera
862 4715 926 4775 in
973 4715 1277 4777 exsilium
1316 4723 1495 4777 actus
1528 4715 1673 4789 fuit,
1720 4732 1889 4777 anno
1929 4716 2185 4778 circiter
2211 4718 2354 4789 330,
2391 4719 2455 4780 in
2493 4722 2763 4802 ejusque
2796 4723 3006 4785 locum
3039 4729 3429 4794 substitutus
3462 4745 3560 4795 est

303 4840 656 4918 episc0pus
692 4841 993 4903 Arianus.
1028 4841 1348 4920 Deinceps
1386 4858 1537 4904 vero
1570 4843 1788 4905 Ariani
1833 4842 2120 4921 episcOpi
2151 4843 2380 4920 sedem
2414 4850 2784 4919 tenuerunt,
2832 4846 3267 4912 Eustathianis
3302 4853 3558 4917 interim

301 4979 605 5025 seorsum
635 4962 937 5025 collectas
975 4963 1338 5043 agentibus,
1389 4964 1595 5027 donec
1654 4965 1869 5027 Ariani
1909 4969 2167 5030 tandem
2208 4968 2567 5043 Meletium,
2601 4988 2795 5049 quem
2837 4988 2971 5033 suae
3016 4982 3207 5036 sectas
3256 4980 3559 5053 putabant

298 5104 474 5159 esse,
515 5086 899 5166 episcopum
932 5088 1427 5150 constituerunt.
1461 5093 1540 5150 At
1573 5089 1682 5151 ubi
1720 5100 2113 5168 compertum
2153 5090 2277 5153 fuit
2316 5092 2648 5153 Meletium
2679 5100 2743 5152 et
2786 5092 3183 5157 Catholicum
3210 5102 3271 5157 et
3299 5098 3560 5161 Arianis

298 5210 617 5274 infestum
670 5227 837 5284 esse,
870 5211 935 5273 in
990 5213 1294 5276 exsilium
1348 5212 1538 5291 pulso
1580 5212 1865 5287 Meletio,
1905 5214 2220 5297 Euzoium
2276 5215 2582 5276 Arianum
2629 5214 3006 5293 episcopum
3056 5218 3552 5282 constituerunt.

299 5336 491 5395 Tunc
524 5341 654 5393 tres
690 5333 757 5393 in
792 5343 1000 5410 partes
1036 5336 1329 5399 distracta
1371 5336 1592 5398 civitas
1634 5337 1781 5400 fuit.
1828 5338 2039 5399 Prima
2074 5342 2208 5399 erat
2245 5337 2833 5411 Eustathianorum,
2862 5340 3144 5401 secunda
3179 5340 3559 5403 Meletiano—

298 5471 474 5527 rum,
498 5455 685 5515 tertia
711 5455 1115 5519 Arianorum.
1150 5459 1307 5520 Cum
1336 5468 1549 5521 autem
1590 5467 1732 5537 post
1753 5458 1883 5521 haec
1914 5458 2169 5522 Lucifer
2206 5460 2623 5535 Calaritanus,
2658 5460 3150 5523 reclamantibus
3183 5462 3326 5524 licet
3367 5463 3559 5524 Atha-

298 5583 489 5645 nasio
522 5582 803 5663 aliisque
839 5585 1187 5663 episcoliis,
1221 5589 1559 5651 Paulinum
1618 5590 2108 5652 Eustatbianum
2140 5590 2521 5669 episcopum
2559 5592 2943 5667 ordinasset,
2988 5601 3113 5653 tres
3154 5592 3343 5653 simul
3376 5591 3557 5654 fuere

298 5705 595 5785 episcOpi
632 5706 1043 5782 Antiocheni,
1076 5710 1397 5785 Meletius,
1434 5712 1742 5775 Paulinus
1787 5723 1849 5776 et
1890 5713 2193 5776 Euzoius.
2232 5712 2522 5793 Cumque
2554 5722 2775 5791 postea
2819 5714 3263 5776 deficientibus
3294 5715 3564 5776 Ariano-

633 5827 902 5889 ΡΑτιιοι..
944 5831 1059 5893 (in.
1106 5834 1297 5895 LXII.

3157 5831 3191 5894 1

1546 6154 1621 6227 θ’)
1656 6151 1735 6188 γ⁸⁵ί
1775 6150 1854 6225 "7"
1890 6154 1969 6226 Η
2005 6152 2078 6219 ίί³

1549 6228 1621 6267 ...ν
1686 6195 1723 6267 ἔ
1800 6230 1829 6267 Δ
1894 6222 1965 6265 «μοι
2008 6222 2025 6251 '~
2052 6204 2081 6264 3

1800 6222 1829 6268 ἦ
1894 6222 1969 6265 “ihj
2008 6222 2025 6251 ἲ

1549 6240 1621 6293 ’ἓν
