4068 6390
499 393 529 449 Ἰ
1348 392 1351 395 ’
1926 393 2105 449 PIUEI

2128 393 2319 451 Ἀτιο.
3700 401 3734 451 Ω

494 527 633 571 rum
668 509 977 587 partibus,
1016 509 1237 572 nullus
1277 509 1557 571 Arianus
1586 510 1930 589 episcOpus
1960 517 2154 583 esset,
2189 508 2488 571 Meletius
2527 515 2589 571 et
2620 509 2950 583 Paulinus,
2978 511 3264 591 episcopi
3319 529 3638 588 mansere,
3669 536 3740 580 ac

493 643 939 715 perseverante
982 635 1607 716 schismate,;ambaa
1656 624 1978 715 partes‘se
2018 632 2203 703 rixis,
2250 632 2538 694 dicteriis
2586 639 2648 694 et
2698 631 3112 694 contumeliis
3163 635 3538 697 lacerabant.
3589 639 3739 701 Hth

492 758 661 820 haud
693 756 886 819 dubie
918 757 1210 836 deplorat
1248 757 1770 838 Chrysostomus,
1807 757 1968 820 hanc
2008 772 2128 818 ceu
2165 753 2588 816 calamitatem
2629 753 2920 815 omnium
2956 753 3317 826 maximam,
3348 752 3514 817 fusis
3542 758 3735 819 etiam

493 882 790 963 lacrymis
822 882 1262 962 prosequitur,
1293 890 1529 945 tantam
1558 882 1673 945 ille
1704 881 2028 944 miseriam
2059 878 2487 958 perhorrescit
2519 886 2589 941 ut
2617 884 3020 958 praesentem.
3053 878 3236 953 Quod
3272 888 3440 944 certe
3481 883 3742 946 nonnisi

492 1006 572 1067 de
607 1004 1005 1067 Antiochena
1035 1004 1322 1067 Ecclesia
1351 1004 1634 1083 intelligi
1667 1010 1900 1082 potest.

573 1193 768 1255 Aliud
796 1194 984 1256 etiam
1008 1211 1126 1257 nec
1155 1194 1296 1257 leve
1329 1193 1645 1257 indicium
1676 1201 1794 1268 est,
1816 1210 1946 1274 quo
1978 1193 2285 1274 probetur
2312 1194 2666 1257 Antiochia)
2696 1193 2938 1256 habitas
2966 1194 3268 1257 homilias
3298 1193 3539 1268 fuisse;
3568 1196 3740 1274 quod

494 1315 796 1379 videlicet
828 1317 1171 1380 monachos
1214 1317 1279 1378 in
1314 1316 1641 1380 montibus
1686 1334 1979 1396 asperam
2024 1326 2435 1398 sanctamque
2476 1318 2671 1380 vitam
2708 1324 2969 1395 agentes
3010 1316 3251 1396 passim
3284 1316 3532 1388 laudet;
3564 1317 3736 1395 quod

496 1440 564 1501 in
597 1440 1319 1518 ConstantinOpolitanis
1359 1440 1645 1503 homiliis
1677 1442 1785 1503 vix
1815 1440 2295 1521 deprehendas;
2343 1439 2477 1503 imo
2506 1456 2660 1503 vero
2689 1438 3035 1501 monachos
3070 1438 3627 1517 Constantinopoli
3654 1438 3746 1501 vi-

496 1564 677 1626 cinos
723 1580 889 1643 saepe
926 1565 1331 1645 graviterque
1365 1565 1735 1639 insectatur,
1769 1571 1991 1644 utpote
2023 1565 2136 1645 qui
2170 1580 2205 1626 a
2237 1562 2444 1640 prisco
2477 1562 2622 1624 vita)
2661 1560 2958 1623 instituto
2998 1577 3129 1623 non
3176 1578 3399 1640 parum
3446 1559 3746 1622 deflexis-

498 1694 671 1761 sent;
700 1687 765 1748 in
800 1687 1028 1748 vicinis
1058 1694 1271 1749 autem
1305 1687 1860 1766 ConstantinOpoli
1894 1688 2245 1763 montibus,
2279 1686 2335 1748 si
2363 1686 2528 1749 bene
2552 1686 2843 1761 memini,
2877 1685 3218 1748 monachos
3249 1702 3393 1748 esse
3424 1701 3743 1764 nusquam

498 1810 675 1875 dicit.
708 1810 826 1872 Hic
852 1828 1002 1873 vero
1036 1808 1273 1889 passim
1308 1808 1458 1871 illos
1492 1808 1802 1872 encomiis
1827 1807 2131 1884 celebrat,
2156 1816 2217 1872 et
2253 1809 2537 1871 Homilia
2574 1808 2884 1888 vigesima
2920 1808 3120 1887 prima
3150 1808 3481 1871 Julianum
3519 1822 3745 1887 quem-

500 1934 640 1994 dam
680 1932 1116 1996 admirandum
1158 1942 1464 1997 memorat
1493 1935 1896 2008 monachum,
1931 1933 2047 2013 qui
2090 1946 2235 1995 cum
2270 1930 2336 1991 in
2382 1930 2669 1992 civitates
2712 1929 3183 2009 ingrederetur,
3220 1930 3285 1992 id
3324 1930 3499 2009 quod
3530 1944 3745 2009 perra-

502 2072 641 2117 rum
674 2062 829 2131 erat,
868 2055 1033 2118 miro
1064 2054 1352 2117 omnium
1376 2072 1697 2118 concursu
1723 2061 1785 2117 et
1816 2054 2037 2133 populi
2068 2052 2434 2136 frequentia
2458 2053 2919 2133 excipiebatur.

580 2244 1133 2307 Antiochenorum
1168 2261 1378 2307 mores
1411 2260 1641 2322 pravos
1664 2260 1832 2323 saepe
1867 2241 2239 2315 insectatur,
2273 2248 2344 2304 ut
2386 2249 2446 2303 et
2489 2241 2645 2303 alibi
2685 2241 2924 2319 passim
2973 2241 3278 2315 vidimus,
3317 2240 3427 2301 illa
3464 2238 3742 2303 maxime

502 2387 647 2449 qua)
670 2368 748 2430 ab
779 2347 1054 2430 ethnicis
1085 2372 1146 2427 et
1182 2363 1539 2428 idololatris
1571 2369 2044 2443 promanarant,
2077 2370 2145 2424 ut
2173 2369 2379 2423 sortes
2410 2368 2473 2423 et
2508 2360 2996 2436 incantationes,
3028 2360 3151 2424 col.
3190 2360 3289 2436 £8,
3326 2360 3521 2425 fatum
3553 2366 3745 2429 etiam

504 2501 563 2551 et
595 2488 1201 2569 metempsychosin,
1235 2486 1357 2549 col.
1389 2487 1470 2548 92
1495 2508 1511 2547 :
1541 2485 1964 2565 dicebantque
1995 2485 2093 2545 illi
2126 2485 2339 2547 omnia
2370 2483 2544 2546 nulla
2572 2484 2708 2563 geri
2747 2485 3185 2562 providentia;
3216 2485 3327 2547 alii
3359 2503 3511 2548 vero
3539 2488 3744 2550 Deum

503 2628 645 2672 esse
677 2627 908 2687 corpus
934 2609 1200 2687 impune
1229 2607 1625 2669 asserebant.
1663 2610 1750 2668 lle
1774 2605 2100 2667 ominibus
2126 2612 2337 2667 autem
2366 2613 2426 2668 et
2463 2606 2790 2686 prassagiis
2821 2624 2966 2685 quas
2996 2606 3149 2669 dicit
3179 2607 3372 2687 digna
3400 2618 3570 2684 sunt,
3601 2630 3746 2693 quas

503 2733 607 2793 hic
631 2731 1021 2793 referantur:
1056 2730 1280 2791 Multis
1308 2728 1684 2803 terroribus,
1716 2727 1952 2807 inquit,
1977 2727 2164 2806 plena
2193 2736 2281 2786 est
2308 2745 2515 2787 eorum
2537 2700 2766 2790 anima.
2798 2728 2871 2789 Ut
2900 2738 3082 2807 puta,
3106 2730 3204 2791 hic
3234 2737 3344 2790 aut
3374 2729 3481 2791 ille
3500 2734 3744 2809 primus

502 2854 657 2915 mihi
688 2852 970 2912 occurrit
1011 2852 1191 2911 domo
1236 2852 1515 2925 exeunti,
1550 2852 1797 2912 omnino
1842 2851 2202 2926 contingere
2248 2860 2494 2929 oportet
2535 2848 2700 2909 mala
2748 2850 3255 2912 innumerabilia.
3297 2852 3481 2914 Nunc
3527 2874 3743 2917 servus

506 2977 926 3037 exsecrandus
955 2975 1112 3036 dans
1153 2977 1308 3037 mihi
1348 2976 1608 3049 calceos,
1636 2976 1915 3054 primum
1949 2972 2243 3052 porrexit
2264 2981 2510 3050 partem
2538 2971 2888 3045 sinistram,
2917 2990 3137 3051 graves
3171 2974 3615 3053 signiﬁcantur
3637 2999 3744 3040 ca-

507 3097 815 3159 lamitates
849 3106 907 3157 et
951 3097 1360 3158 contumeliae.
1396 3098 1529 3175 Ego
1561 3097 1696 3175 ipse
1728 3098 1971 3169 exiens,
2003 3096 2265 3156 sinistro
2308 3092 2524 3172 priori
2562 3095 2843 3171 processi
2879 3093 3035 3171 pede
3063 3115 3083 3154 :
3125 3096 3238 3157 hoc
3268 3116 3508 3179 quoque
3540 3113 3628 3162 est
3658 3104 3747 3165 si—

505 3235 693 3294 gnum
727 3215 1171 3276 calamitatum.
1219 3215 1301 3274 Et
1344 3215 1467 3275 hac
1489 3214 1733 3293 quidem
1774 3213 1942 3274 domi
1970 3224 2118 3275 sunt
2134 3214 2297 3275 mala
2318 3237 2338 3276 :
2364 3218 2539 3296 foras
2562 3226 2770 3277 autem
2800 3233 3070 3295 egresso,
3102 3218 3325 3281 dexter
3356 3223 3509 3284 mihi
3528 3226 3747 3286 oculus

506 3340 747 3417 inferne
786 3338 932 3399 salit
967 3358 987 3398 :
1029 3338 1143 3399 hoc
1180 3349 1269 3399 est
1318 3337 1625 3400 indicium
1667 3338 2110 3418 laerymarum.
2168 3340 2468 3401 Mulieres
2511 3357 2772 3420 quoque,
2816 3340 3063 3419 quando
3113 3352 3338 3404 sonant
3375 3344 3619 3417 calami,
3664 3345 3747 3407 ad

509 3467 777 3517 textura:
807 3468 977 3519 recta
1004 3458 1175 3538 ligna
1204 3458 1401 3533 allisi,
1432 3461 1528 3520 vel
1562 3480 1699 3521 cum
1725 3464 1876 3539 ipsa:
1910 3466 2159 3542 pectine
2183 3460 2641 3533 discriminant,
2675 3464 2789 3524 hoc
2817 3481 2937 3541 pro
2985 3464 3163 3543 signo
3206 3464 3455 3528 habent.
3501 3469 3745 3528 Rursus

494 3573 751 3651 quando
784 3574 1140 3654 subtegmen
1169 3578 1421 3656 pectine
1452 3579 1843 3652 concutiunt,
1892 3590 1949 3639 et
1990 3580 2058 3641 id
2087 3583 2335 3662 faciunt
2369 3584 2815 3653 vehementius;
2861 3584 3088 3648 deinde
3139 3590 3250 3667 qui
3290 3600 3435 3650 sunt
3478 3610 3745 3669 superne

506 3698 733 3758 calami
770 3698 842 3759 ob
886 3699 1199 3759 intensum
1237 3700 1430 3759 ictum
1468 3699 1656 3761 edunt
1690 3704 2049 3782 strepitum,
2092 3704 2265 3765 allisi
2303 3705 2384 3765 ad
2424 3716 2664 3767 rectum
2704 3717 3044 3770 structura:
3078 3711 3340 3789 lignum,
3378 3714 3491 3774 hoc
3521 3716 3747 3777 habent

493 3836 625 3897 .pro
669 3819 848 3896 signo
875 3840 894 3879 :
940 3826 997 3878 et
1024 3817 1152 3881 alia
1175 3820 1659 3883 innumerabilia
1681 3822 1873 3901 digna
1914 3843 2047 3904 qua:
2074 3827 2428 3892 rideantur.
2460 3830 2545 3891 Et
2590 3833 2648 3892 si
2681 3833 2901 3893 asinus
2940 3835 3405 3909 exc/amaverit,
3440 3846 3497 3896 et
3521 3839 3578 3899 si
3604 3840 3746 3915 gal-

510 3943 631 4015 lus,
666 3943 803 4003 etsi
844 3942 981 4021 quis
1012 3945 1483 4019 sternutaverit,
1518 3954 1572 4005 et
1614 3946 1876 4026 quodvis
1905 3949 2103 4023 aliud,
2139 3959 2431 4030 tanquam
2460 3952 2660 4014 decies
2705 3955 2875 4015 mille
2910 3957 3107 4017 vincti
3145 3959 3439 4034 vinculis,
3468 3970 3541 4021 ut
3580 3959 3745 4036 dixi,

509 4066 925 4145 tanquamqui
965 4074 1295 4126 teneantur
1322 4068 1390 4129 in
1416 4068 1711 4146 tenebris,
1740 4073 1946 4133 omnia
1984 4073 2213 4136 habent
2253 4086 2569 4156 suspecta,
2604 4087 2661 4138 et
2706 4090 2854 4142 sunt
2890 4082 3085 4159 magis
3129 4084 3386 4145 serviles
3430 4104 3613 4166 quam
3642 4091 3747 4149 in-

497 4208 766 4250 .numera
800 4189 1140 4267 mancipia.
1234 4214 1241 4219 ·

586 4380 655 4439 1η
692 4377 955 4439 homilia
1002 4387 1216 4441 autem
1259 4378 1600 4459 vigesima,
1643 4383 1757 4443 ubi
1805 4384 1885 4445 de
1932 4384 2327 4447 instituenda
2373 4401 2574 4446 uxore
2616 4385 2814 4446 multa
2859 4383 3097 4463 profert
3144 4388 3440 4467 praeclara
3482 4397 3544 4451 et
3582 4390 3751 4453 lectu

508 4490 911 4578 dignissima,
948 4502 1171 4564 luxum
1206 4513 1269 4565 et
1297 4503 1528 4566 fastum
1557 4506 2106 4570 Antiochenorum
2136 4506 2550 4569 vehementer
2581 4508 2956 4582 insectatur,
2992 4525 3267 4587 quorum
3303 4511 3568 4588 plurimi
3607 4515 3751 4580 licet

508 4624 757 4686 vilioris
793 4625 984 4687 sortis
1014 4626 1336 4702 homines,
1367 4629 1479 4708 qui
1523 4646 1781 4709 magnas
1812 4632 1932 4692 sibi
1984 4636 2358 4711 paraverant
2393 4628 2746 4704 facultates,
2780 4646 2936 4692 auro
2984 4631 3203 4692 onusti
3252 4649 3399 4696 cum
3440 4638 3782 4699 uxoribus.

505 4746 871 4826 prodibant,
904 4746 974 4808 in
1015 4766 1208 4810 curru
1243 4748 1436 4811 mulis
1465 4750 1629 4813 albis
1653 4755 1901 4831 juncto,
1926 4752 2228 4832 gregibus
2258 4752 2646 4815 famulorum
2676 4759 2739 4815 et
2769 4753 3134 4831 agminibus
3165 4758 3609 4820 eunuchorum
3641 4761 3755 4820 sti-

510 4870 662 4945 pati.
704 4871 867 4929 Tum
900 4872 1207 4932 acerrime
1240 4871 1568 4934 invehitur
1597 4874 1664 4934 in
1698 4888 1809 4935 eos
1830 4874 1944 4952 qui
1966 4874 2285 4950 nuptiales
2316 4874 2713 4937 cmrimonias
2742 4874 3121 4937 Christianis
3153 4876 3449 4956 indignas
3484 4879 3752 4941 induxe-

507 5000 683 5064 rant;
732 4991 1107 5052 saltationes
1150 4999 1212 5053 et
1262 4992 1564 5072 tripudia,
1618 4993 1977 5071 impudicas
2033 4994 2407 5068 cantilenas,
2460 5003 2524 5056 et
2570 5003 2795 5057 uetera
2854 4997 3151 5071 traducit,
3205 5014 3348 5077 quas
3403 5000 3751 5075 nuptialem

507 5125 717 5176 torum
786 5116 1303 5178 dehonestarent.
1356 5118 1427 5176 In
1483 5132 1719 5178 uxores
1763 5134 2024 5196 quoque
2072 5117 2333 5181 illorum
2380 5136 2606 5198 aspere
2656 5119 3010 5195 invehitur,
3068 5139 3212 5202 qum
3263 5122 3330 5183 in
3372 5120 3641 5184 famulas
3691 5132 3754 5185 et

509 5240 773 5301 ancillas
811 5239 897 5301 ita
941 5240 1311 5310 saeviebant,
1352 5247 1422 5300 ut
1462 5238 1685 5319 ligatas
1716 5250 1777 5302 et
1819 5241 2086 5302 nudatas
2118 5259 2325 5303 coram
2369 5242 2610 5303 maritis
2639 5242 2947 5304 acerrime
2988 5244 3416 5317 verberarem,
3442 5244 3566 5305 col.
3612 5248 3750 5321 110,

510 5364 916 5425 Thessalidas
970 5378 1286 5438 vocantes,
1356 5382 1499 5445 quas
1550 5382 1670 5426 vox
1717 5366 1888 5443 apud
1942 5365 2431 5444 AristOphanem
2495 5365 2805 5426 veneﬁcas
2859 5374 2919 5427 et
2978 5365 3488 5445 praastigiatrices
3540 5366 3753 5445 signi-

510 5486 669 5547 ticat.

587 5670 690 5732 Sic
721 5669 829 5731 ille
860 5670 1293 5733 Antiochenos
1330 5672 1616 5745 incessit,
1650 5672 1763 5751 qui
1802 5670 2338 5752 intemperantius
2373 5670 2511 5731 suis
2543 5671 2774 5750 Opibus
2813 5672 3191 5747 utebantur;
3226 5678 3360 5733 tum
3394 5672 3588 5735 etiam
3618 5688 3753 5738 non

509 5809 770 5872 paucos,
802 5793 917 5874 qui
946 5793 1132 5859 bonis
1161 5794 1392 5858 alienis
1426 5795 1853 5859 imminerent.
1892 5794 1981 5857 Ad
2015 5794 2142 5857 alia
2162 5811 2307 5857 vero
2329 5793 2460 5874 jam
2486 5793 2899 5857 veniendum.
2933 5795 3003 5857 ιιι
3042 5793 3304 5859 homilia
3338 5802 3575 5874 octava,
3612 5813 3743 5861 om-
