4068 6390
373 383 408 438 9
1810 381 2197 438 PBAEFATIO.
3548 382 3617 437 10

372 497 551 559 nium
586 481 989 575 longissima,
1020 500 1085 560 in
1126 497 1258 562 haec
1297 500 1505 584 verba,
1538 501 1670 580 Ego
1706 501 1959 561 vinctus
1997 499 2069 560 in
2094 497 2387 571 Domino,
2420 499 2486 559 in
2521 497 2801 559 vinculis
2832 494 3010 559 Pauli
3054 494 3420 572 laudandis,
3452 497 3618 560 cele-

370 616 655 682 brandis.
690 627 876 683 totam
925 621 1252 699 profundit
1283 624 1595 685 orationis
1636 630 1868 695 artem;
1910 622 2043 683 imo
2098 639 2229 686 non
2277 628 2498 696 artem,
2540 622 2654 684 sed
2703 619 3024 700 quidquid
3072 619 3302 681 ardens
3336 620 3616 694 animus,

368 740 689 819 quidquid
723 757 832 802 cor
856 742 1216 807 vehementi
1251 746 1633 810 concitatum
1672 758 1888 805 amore
1923 749 2235 825 suggerit,
2262 748 2611 827 imparatus
2639 746 2882 826 profert
2913 746 2982 807 in
3013 744 3323 815 medium,
3355 745 3476 807 col.
3509 750 3617 810 57:

365 861 440 922 Si
463 854 605 943 quis
634 867 789 929 mihi
808 866 1075 943 dederit,
1104 869 1341 949 inquit,
1370 887 1540 931 nunc
1562 878 1636 929 ut
1657 866 1950 927 suscitem
1972 878 2279 943 mortuos,
2309 886 2440 929 non
2467 869 2584 932 hoc
2625 867 2936 947 elegerim,
2968 864 3079 927 sed
3120 875 3418 929 catenam.
3445 868 3518 929 Si
3545 869 3619 929 ab

380 988 817 1051 ecclesiasticis
859 993 1037 1053 curis
1068 1010 1258 1053 essem
1294 1001 1592 1066 remotus,
1632 999 1688 1052 et
1721 996 1876 1049 esset
1912 987 2067 1055 mihi
2104 1008 2334 1070 corpus
2380 1006 2602 1051 sanum
2651 996 2711 1051 et
2754 987 3054 1063 validum,
3093 1006 3223 1049 non
3277 991 3621 1051 recusarim

372 1108 538 1169 hanc
559 1111 879 1189 suscipere
903 1115 1498 1192 peregrinationem,
1532 1125 1607 1178 ut
1645 1119 1847 1181 solum
1867 1117 2141 1181 viderem
2170 1120 2447 1188 catenas,
2490 1118 2567 1173 ut
2607 1126 2920 1172 carcerem
2944 1111 3014 1171 in
3044 1126 3164 1187 quo
3193 1108 3318 1188 fuit
3346 1108 3617 1167 vinctus.

365 1226 565 1304 Atqui
595 1226 727 1306 ejus
761 1230 1215 1293 miraculorum
1259 1234 1459 1294 multa
1505 1235 1723 1298 multis
1768 1238 1836 1299 in
1867 1239 2023 1301 locis
2052 1244 2203 1300 sunt
2230 1236 2437 1315 signa.
2469 1234 2581 1297 sed
2607 1252 2737 1296 non
2785 1242 2937 1296 sunt
2989 1243 3115 1295 tam
3155 1228 3619 1298 desiderabilia,

366 1363 553 1424 quam
591 1349 972 1427 stigmatum.
1016 1352 1101 1415 Et
1144 1354 1214 1416 in
1243 1355 1599 1436 Scripturis
1626 1376 1755 1419 non
1796 1358 1891 1421 ita
1927 1378 2020 1421 me
2047 1359 2309 1423 delectat
2336 1356 2483 1419 dum
2510 1358 2669 1438 facit
2697 1356 3027 1429 miracula,
3068 1373 3254 1437 quam
3285 1352 3432 1414 dum
3465 1349 3621 1409 male

364 1464 639 1540 patitur,
668 1467 892 1546 ﬂagris
924 1471 1190 1535 caeditur
1215 1484 1400 1556 atque
1443 1484 1764 1556 raptatur.
1801 1479 1951 1540 Vere
1986 1481 2307 1544 mirabilia
2339 1488 2490 1542 sunt
2517 1480 2696 1541 illius
2732 1481 3023 1558 corporis
3048 1476 3317 1540 sudaria
3358 1485 3417 1536 et
3445 1473 3620 1533 semi-

368 1585 626 1662 cinctio,
651 1607 786 1668 quis
825 1593 1133 1672 stupenda
1155 1594 1422 1675 pdtrant
1449 1619 1470 1659 :
1490 1610 1641 1663 sunt
1667 1602 1792 1663 hac
1819 1620 1959 1663 vere
1984 1600 2329 1673 mirabilia,
2358 1597 2470 1661 sed
2494 1618 2625 1661 non
2655 1608 2730 1660 ut
2755 1599 2871 1662 illa
2895 1598 3219 1678 (vincula).

451 1747 805 1816 Occasione
839 1754 1247 1820 vinculorum
1285 1759 1557 1841 loquens
1587 1761 1666 1824 de
1688 1768 1907 1825 sancto
1935 1761 2170 1843 Babyla
2203 1768 2504 1841 martyre,
2536 1760 2721 1841 cujus
2749 1760 2958 1821 Vitam
2993 1758 3106 1819 ille
3138 1754 3397 1833 scripsit
3425 1761 3493 1817 ut
3513 1752 3624 1814 ha-

374 1867 559 1932 betur
588 1889 783 1952 supra
821 1878 1001 1941 Tom.
1032 1880 1349 1958 secundo,
1384 1884 1564 1957 dicit,
1604 1883 1727 1947 col.
1765 1885 1866 1959 71,
1908 1883 2095 1946 illum
2134 1882 2421 1947 vinctum
2450 1881 2680 1959 fuisse,
2712 1883 2880 1945 sicut
2908 1883 3217 1942 Joannem
3249 1877 3620 1957 Baptistam,

372 1990 526 2066 quia
556 2010 786 2075 nempe
822 2016 1039 2079 regem
1074 2002 1509 2084 redarguerat,
1544 2012 1606 2067 et
1636 2006 2017 2069 morientem
2050 2004 2479 2081 mandavisse,
2508 2014 2584 2066 ut
2622 2002 2876 2066 vincula
2900 2010 3291 2082 ponerentur
3337 2018 3476 2061 cum
3504 2014 3619 2059 suo

372 2125 660 2189 corpore,
693 2126 755 2178 et
783 2136 1015 2200 corpus
1042 2124 1421 2203 sepeliretur
1447 2128 1750 2190 vinctum.
1793 2128 1876 2188 Et
1904 2144 2072 2190 nunc
2102 2129 2217 2191 siti
2241 2136 2391 2189 sunt
2417 2128 2739 2207 compedes
2766 2145 2905 2189 cum
2935 2127 3143 2187 cinere
3168 2145 3189 2184 :
3218 2131 3460 2184 tantum
3490 2129 3633 2183 erat

372 2230 432 2291 ei
459 2230 839 2301 desiderium
865 2243 1263 2309 vinculorum
1278 2259 1554 2329 propter
1575 2249 1917 2314 Christum.
1944 2251 2213 2312 Ferrum
2237 2252 2624 2330 pertransiit
2653 2251 2867 2311 anima
2892 2249 3046 2329 ejus,
3078 2252 3198 2309 etc.
3563 2218 3567 2222 i

450 2403 635 2467 Hom.
669 2408 943 2485 decima,
979 2412 1100 2476 col.
1136 2417 1237 2490 78,
1270 2415 1447 2491 dicit,
1479 2426 1770 2499 ἀγάλματα
1799 2436 1916 2482 seu
1939 2417 2201 2497 ﬁguras,
2239 2423 2301 2479 et
2329 2422 2567 2480 statuas
2591 2418 2690 2480 vel
2721 2414 3037 2495 imagines
3070 2414 3137 2475 in
3159 2410 3426 2475 ecclesia
3453 2425 3623 2484 esse,

370 2544 586 2609 neque
627 2532 808 2610 plura
834 2533 1053 2616 adjicit
1082 2537 1149 2600 in
1183 2555 1273 2612 re,
1305 2556 1497 2618 quam
1533 2538 1829 2618 pluribus
1859 2556 2208 2618 expensam
2236 2537 2443 2603 fuisse
2476 2539 2728 2603 vellem.
2763 2537 3112 2599 Haereticos
3144 2535 3380 2615 passim
3411 2532 3627 2613 exagi-

369 2662 483 2730 tat,
518 2658 931 2734 Marcionem,
962 2660 1383 2724 Manichmum
1412 2679 1530 2724 seu
1554 2663 1899 2737 Manetem,
1929 2663 2374 2737 Valentinum,
2409 2662 2735 2736 Catharos,
2768 2678 2888 2723 seu
2924 2660 3339 2734 Novatianos,
3375 2657 3623 2733 Arium,

370 2784 468 2846 uti
500 2785 663 2848 solet
698 2785 767 2847 in
807 2786 1111 2849 omnibus
1156 2802 1324 2865 pene
1369 2788 1772 2852 orationibus
1810 2796 1872 2851 et
1912 2787 2226 2863 bomiliis,
2269 2788 2567 2867 aliosque
2613 2785 2803 2848 etiam
2849 2783 3204 2846 haereticos.

451 2951 752 3018 Gentiani
784 2954 1046 3021 Herveti
1077 2954 1362 3020 Latinam
1400 2956 1995 3037 interpretationem
2030 2956 2248 3020 multis
2280 2956 2359 3017 in'
2386 2956 2544 3019 locis
2577 2950 2811 3033 passim
2848 2951 3326 3032 castigavimus.
