4060 6400
439 349 3678 400 Μ

1334 552 1747 645 SANCTI
1827 551 2254 644 PATRIS
2327 550 2768 648 NOSTRI

429 729 1562 1098 JOANNIS
1665 885 3679 1121 CHRYSOSTOMI.

584 1327 1681 1447 ARCHIEPISCOPI
1745 1330 3514 1476 CONSTANTINOPOLITANI,

1795 1617 2027 1674 OPERA
2065 1617 2302 1674 OMNIA.

1925 1824 2188 1841 ..ἀι-..-

775 2019 881 2097 IN
951 2015 1540 2096 EPISTOLAM
1623 2019 1751 2093 AD
1814 2013 2306 2096 EPHESIOS
2369 2007 3182 2096 COMMENTARIUS
3221 2001 3328 2095 (α).

1854 2284 2243 2321 -—-<ae-——

950 2515 1475 2604 argumentum.

492 2651 734 2721 Ephesus
770 2659 854 2706 est
879 2647 1092 2720 quidem
1125 2647 1264 2701 Asia:
1291 2642 1621 2713 metropolis.
1672 2641 1800 2695 Erat
1828 2648 2004 2694 autem

419 2743 661 2798 dedicata
715 2743 936 2807 Dianae,
988 2747 1045 2794 et
1093 2738 1231 2792 hanc
1283 2737 1436 2791 deam
1499 2735 1605 2790 illic
1658 2732 1904 2787 colebant
1951 2742 2008 2783 nt

423 2833 744 2888 maximam:
789 2840 1042 2902 tantaque
1083 2843 1271 2885 eorum
1313 2834 1431 2882 erat
1469 2824 1775 2894 superstitio
1799 2863 1813 2886 ,
1842 2831 1896 2876 ut
1939 2837 2007 2876 ne

422 2928 562 2982 illius
607 2925 824 2996 quidem
877 2939 1070 2979 nomen
1123 2924 1209 2993 qui
1261 2921 1375 2991 ejus
1402 2920 1657 2990 templum
1697 2916 2008 2972 combusse-

422 3029 524 3082 rat.
553 3018 890 3072 manifestum
936 3030 1056 3070 esse
1099 3015 1404 3069 voluerint:
1451 3013 1620 3065 fuerat
1672 3009 1812 3065 enim
1859 3022 2004 3062 com-

423 3110 663 3163 bustum.
694 3109 864 3163 Porro
901 3109 1088 3162 beatus
1133 3121 1346 3177 quoque
1393 3103 1626 3159 Joannes
1679 3101 2004 3170 evangelism

423 3199 708 3268 plurimum
765 3197 873 3252 illic
911 3205 996 3252 est
1043 3205 1326 3252 versatus:
1361 3210 1483 3249 nam
1520 3203 1576 3249 et
1621 3193 1729 3248 illic
1765 3191 1864 3246 fuit
1915 3207 2002 3245 rc-

423 3291 626 3360 legatus
657 3299 713 3344 et
741 3289 972 3345 decessit
993 3287 1090 3360 (b).
1123 3287 1458 3343 Timotheum
1511 3299 1721 3355 quoque
1764 3283 1874 3338 illic
1915 3299 2004 3337 re--

423 3382 575 3450 liquit
619 3382 851 3446 Paulus,
907 3389 966 3436 ut
1015 3379 1148 3435 dicit
1195 3379 1261 3433 ad
1312 3379 1484 3448 ipsum
1530 3376 1808 3432 scribens:
1856 3374 2003 3429 Sicut

422 3473 595 3542 rogavi
623 3483 670 3526 te
695 3482 750 3526 ut
771 3487 1000 3526 maneres
1029 3470 1222 3541 Ephesi
1240 3469 1318 3543 (1.
1353 3469 1483 3523 Tim.
1510 3469 1562 3522 1.
1594 3469 1669 3536 3).
1699 3465 1764 3520 Et
1791 3466 2003 3535 plurimi

419 3581 484 3619 ex
518 3565 866 3635 pliilosOphis,
899 3565 1128 3619 maxime
1153 3564 1188 3618 ii
1212 3563 1374 3634 quiin
1405 3562 1530 3616 Asia
1555 3560 1866 3620 ﬂoruerunt,
1897 3559 2005 3613 illic

422 3667 590 3709 erant.
619 3656 748 3710 Nam
766 3655 961 3710 dicitur
977 3654 1192 3725 quidem
1213 3663 1270 3708 et
1303 3653 1609 3737 indeOI'uissc
1633 3652 1962 3722 Pythagoras
1986 3669 1999 3703 :

421 3750 609 3801 Samus
635 3747 805 3812 enim,
839 3746 981 3800 unde
1022 3755 1173 3800 ortus
1204 3744 1296 3799 ille
1323 3753 1440 3798 erat
1463 3785 1479 3809 ,
1537 3743 1712 3798 Ionica
1760 3753 1876 3797 erat
1924 3743 2004 3796 in-

421 3842 536 3893 sula
569 3839 666 3910 (c).
699 3837 1070 3894 Parmenidem
1096 3853 1309 3908 quoque
1348 3847 1402 3890 et
1429 3835 1699 3890 Zenonem
1725 3846 1778 3889 et
1811 3835 2001 3889 Demo—

482 3955 556 4016 (a)
581 3952 652 4001 Ad
675 3951 908 4016 Hpinilias
932 3953 984 4016 in.
1004 3949 1268 4016 Epistolam
1292 3949 1352 4016 ad
1383 3949 1622 4016 Ephesios
1659 3947 2004 4016 emaculandas

420 4011 503 4064 usi
519 4011 686 4064 simius
708 4014 1011 4065 Coisliniatiis
1027 4011 1284 4064 Codicibus
1303 4011 1494 4072 duobus
1508 4049 1521 4068 ,
1545 4024 1748 4072 quorum
1773 4023 1897 4058 unus
1913 4011 1964 4058 3i
1987 4047 2001 4069 ,

421 4078 545 4126 alter
568 4079 630 4125 75
663 4084 889 4133 notatur,
916 4083 970 4124 et
1013 4088 1121 4123 cum
1165 4073 1342 4124 Codice
1379 4071 1660 4124 Colbertino
1691 4086 1826 4133 num.
1861 4071 2000 4121 4112.

421 4138 731 4189 Colhertinus
773 4132 1116 4200 argumentum
1153 4136 1358 4195 omittit,
1386 4142 1440 4184 et
1475 4146 1503 4183 a
1527 4134 1679 4195 prima
1702 4132 1900 4182 homilia
1928 4133 2002 4182 in-

415 4202 553 4263 cipit.

486 4263 557 4325 (b)
582 4261 636 4311 Id
662 4269 754 4325 est,
777 4269 831 4309 In
850 4259 1077 4325 equitium
1095 4257 1270 4308 missus
1290 4259 1410 4309 istuc
1435 4257 1575 4308 venit.
1600 4255 1824 4325 Joannes
1839 4257 1886 4304 in
1909 4256 2003 4305 Pa-

423 4319 550 4434 phon
598 4319 801 4372 insulam
832 4322 1083 4432 relegamus
1106 4329 1184 4370 est
1221 4335 1236 4378 ;
1276 4328 1545 4383 posteaque
1582 4321 1718 4368 venit
1738 4319 2002 4380 Ephesum.

447 4386 788 4434 .hrvsostomus
808 4397 928 4433 vero
984 4396 1056 4433 asc
1080 4385 1284 4434 carptim
1306 4393 1595 4434 recensens,
1618 4394 1716 4429 non
1739 4389 1835 4430 tam
1857 4393 2002 4430 accu-

447 4386 788 4448 lhrysostomus
808 4397 928 4433 vero
951 4385 1056 4433 haec
1080 4385 1284 4444 carptim
1306 4393 1595 4439 recensens,
1618 4394 1716 4429 non
1739 4389 1835 4430 tam
1857 4393 2004 4430 accu-

422 4455 529 4496 rate
551 4448 710 4496 omnia
733 4452 934 4508 profert.

487 4511 558 4569 (ε)
581 4503 948 4571 Chrysbstonius
971 4507 1167 4571 carptim
1187 4505 1410 4571 loquens,
1425 4511 1481 4571 et
1498 4503 1742 4571 Ephesum
1763 4518 2008 4571 commen-

423 4566 549 4638 dans
562 4566 1206 4638 dicit'philosophosmultos
1227 4566 1322 4617 illic
1343 4566 1587 4638 ﬂoruisse,
1607 4575 1659 4638 ut
1684 4566 2005 4638 Pythagoram

424 4633 511 4704 qui
530 4645 593 4680 ex
614 4627 770 4704 insula
787 4627 984 4704 quidem
1009 4631 1154 4704 Samo
1175 4639 1308 4704 erat;
1333 4629 1423 4677 sed
1446 4628 1614 4704 Samos
1640 4627 1798 4704 Ionica
1825 4637 1937 4704 erat.
1953 4635 2008 4678 ut

423 4689 678 4754 Ephesus;
698 4689 820 4755 ἱιιιι›,’
829 4695 956 4755 quod
979 4706 1072 4740 non
1097 4691 1226 4740 addit
1249 4691 1634 4755 Chrysostomus,
1662 4689 1858 4755 Epheso
1881 4691 2006 4755 adeo

425 4751 584 4804 vicina
607 4751 671 4804 ut
686 4769 748 4804 ex
773 4751 861 4802 illa
879 4755 1006 4804 urbe
1039 4756 1426 4816 wnspiceretur.
1450 4751 1528 4801 De
1561 4753 1756 4800 caeteris
1777 4765 1900 4812 quos
1919 4752 2005 4800 ad-

2113 2500 2328 2566 critum,
2352 2512 2405 2556 et
2435 2503 2633 2559 multos
2660 2520 2800 2560 nunc
2825 2507 2999 2563 adhuc
3021 2509 3127 2564 illic
3157 2512 3423 2568 inveneris
3455 2515 3696 2584 philoso-

2114 2591 2268 2660 phos.
2303 2591 2426 2646 Hinc
2453 2602 2629 2648 autem
2657 2611 2762 2650 non
2802 2597 2921 2651 sine
2946 2613 3106 2653 causa
3133 2600 3272 2655 dicta
3303 2613 3426 2657 sunt
3463 2621 3490 2658 a
3521 2607 3693 2669 nobis,

2113 2681 2206 2736 sed
2235 2691 2291 2736 ut
2316 2684 2657 2740 ostenderem
2684 2686 2853 2742 multo
2881 2689 3060 2743 studio
3088 2705 3223 2760 opus
3252 2691 3416 2748 fuisse
3441 2694 3606 2749 Paulo
3629 2698 3699 2750 ad

2111 2789 2205 2828 eos
2251 2776 2526 2832 scribenti.
2594 2777 2797 2834 Dicitur
2837 2789 3016 2835 autem
3067 2783 3439 2850 profundiores
3487 2801 3700 2856 quoque

2111 2878 2301 2920 sensus
2324 2866 2404 2920 eis
2431 2865 2747 2931 credidisse,
2773 2877 2956 2938 utpote
2979 2873 3068 2938 qui
3092 2873 3204 2939 jam
3223 2876 3586 2932 catecliumeni
3605 2892 3697 2932 es-

2111 2965 2250 3011 sent.
2284 2956 2380 3011 Est
2404 2972 2566 3026 porro
2607 2960 2830 3029 epistola
2864 2961 3020 3032 plena
3069 2963 3385 3021 sublimibus
3413 2973 3696 3026 sententiis

2107 3056 2164 3103 et
2189 3046 2549 3118 dogmatibus.
2581 3050 2777 3106 Scribit
2814 3062 2993 3107 autem
3024 3056 3304 3126 epistolam
3360 3058 3546 3115 Romae
3576 3064 3693 3117 vin-

2108 3148 2226 3194 ctus
2248 3180 2264 3205 ,
2296 3140 2435 3194 sicut
2458 3150 2514 3196 et
2541 3141 2656 3211 ipse
2680 3142 2812 3198 dicit
2841 3161 2854 3197 :
2891 3143 3047 3199 Orate
3071 3163 3164 3215 pro
3185 3164 3265 3201 me
3303 3162 3357 3202 ut
3400 3152 3548 3204 detur
3573 3155 3712 3208 mihi.

2114 3245 2270 3282 sermo
2309 3231 2362 3284 iu
2400 3234 2660 3301 apertione
2683 3235 2786 3288 oris
2814 3236 2931 3301 mei,
2963 3253 3078 3290 cum
3107 3239 3301 3306 ﬁducia
3327 3252 3501 3295 natum
3530 3245 3697 3314 facere

2109 3323 2401 3391 mysterium
2421 3325 2667 3396 evangelii
2695 3365 2712 3392 ,
2745 3343 2837 3397 pro
2863 3343 2960 3397 quo
2989 3329 3240 3400 legatione
3269 3334 3459 3403 [ungor
3505 3338 3558 3388 in
3603 3352 3694 3389 ca-

2110 3424 2224 3466 tena
2249 3413 2463 3486 (Ephes.
2495 3417 2548 3471 6.
2600 3417 2686 3472 19.
2725 3417 2842 3490 20).
2871 3420 2940 3474 Et
2968 3422 3255 3477 admodum
3297 3425 3421 3479 altis
3463 3437 3517 3480 et
3562 3430 3695 3482 emi-

2112 3506 2359 3562 nentibus
2408 3507 2563 3577 plena
2595 3518 2677 3564 est
2723 3511 2969 3565 sensibus
2997 3513 3038 3567 ¹.
3088 3512 3219 3567 Nam
3263 3530 3382 3583 qua:
3433 3531 3694 3586 nusquam

2109 3595 2222 3652 fere
2250 3609 2333 3652 est
2361 3598 2633 3668 loquutus,
2660 3615 2725 3655 ea
2755 3603 2843 3656 hic
2888 3602 3111 3671 profert,
3156 3613 3213 3657 ut
3256 3605 3469 3674 quando
3513 3607 3644 3663 dicit
3675 3628 3688 3664 :

2117 3689 2184 3744 Ut
2210 3691 2490 3747 innotescat
2520 3709 2655 3746 nunc
2681 3694 3049 3764 principatibus
3074 3708 3120 3750 et
3151 3699 3473 3767 potestatibus
3499 3700 3554 3754 in
3597 3717 3695 3756 εω-

2109 3782 2315 3836 lestibus
2341 3799 2432 3850 per
2460 3782 2744 3838 Ecclesiam
2762 3785 2906 3839 varia
2926 3795 2971 3840 et
2998 3789 3246 3856 mutiplea:
3289 3787 3387 3843 Dei
3411 3792 3704 3860 sapientia;

2109 3883 2164 3928 et
2192 3889 2398 3942 rursus,
2427 3873 2849 3932 Conresuscitavit
2870 3888 2918 3932 et
2947 3881 3216 3935 consedere
3234 3883 3353 3952 fecit
3382 3899 3475 3936 nos
3513 3886 3566 3937 in
3594 3901 3695 3939 ca:-

2109 3966 2317 4021 lestibus
2339 3984 2360 4032 ;
2389 3976 2464 4031 et,
2497 3967 2647 4034 Quod
2683 3970 2801 4024 aliis
2837 3971 3242 4042 generationibus
3266 3990 3369 4027 non
3395 3975 3493 4045 fuit
3515 3979 3693 4047 cogni-

2111 4068 2235 4124 tum,
2267 4075 2400 4114 nunc
2441 4061 2715 4115 revelatum
2739 4061 2839 4132 fuit
2868 4065 3116 4133 apostolis
3140 4067 3332 4120 sanctis
3357 4075 3406 4120 et
3434 4070 3695 4138 prophetis

2107 4149 2161 4202 in
2190 4149 2392 4220 Spiritu
2411 4192 2426 4216 ,
2452 4163 2622 4223 gentes
2659 4170 2766 4208 esse
2787 4156 3092 4220 coheredes,
3135 4168 3182 4212 et
3222 4162 3608 4230 concorporales
3649 4173 3697 4215 et

2110 4245 2498 4389 cogtpgrticipes
2517 4245 2626 4314 ejus
2654 4246 2943 4304 [meditatis
2972 4249 3027 4303 in
3050 4248 3246 4305 Christo
3271 4251 3488 4321 (Ep/tes.
3515 4255 3568 4310 '5.
3601 4255 3694 4313 10.

2110 4343 2155 4386 et
2217 4371 2231 4386 .
2301 4375 2314 4389 .
2346 4345 2392 4389 et
2423 4337 2475 4389 5.
2507 4337 2559 4389 5.
2587 4337 2668 4389 6i.

2109 4343 2155 4386 et
2176 4337 2231 4386 2.
2262 4337 2314 4390 6.
2346 4345 2392 4389 et
2423 4337 2475 4391 5.
2507 4337 2559 4393 5.
2587 4337 2668 4409 6).

2108 4447 2180 4522 dit
2202 4446 2674 4522 philosoiihislmul'ta
2707 4450 2805 4522 dici
2830 4455 3051 4522 possent,
3077 4453 3163 4501 sed
3181 4453 3422 4522 adeantur
3439 4455 3698 4520 Diogenes

2112 4511 2338 4580 laertius
2374 4518 2426 4558 et
2469 4511 2570 4560 alii.
2607 4511 2686 4561 De
2707 4511 2995 4574 quibusdam
3017 4521 3156 4564 certe
3175 4549 3190 4574 ,
3227 4525 3280 4566 ut
3303 4518 3366 4566 de
3389 4511 3699 4580 Democrito,

2108 4570 2343 4633 disputari
2367 4577 2546 4633 potest.

2626 4633 2783 4700 altero
2817 4633 3037 4700 legitur:
3066 4634 3157 4684 Illa
3180 4643 3340 4700 autem
3365 4638 3574 4700 Epistola
3596 4656 3692 4692 ηοη

2107 4692 2252 4763 modo
2271 4693 2624 4763 sublimioribus
2646 4692 2946 4759 dogmatibus
2963 4697 3103 4760 plena
3113 4704 3200 4759 est,
3213 4699 3300 4750 sed
3317 4692 3464 4752 etiam
3483 4704 3699 4755 sensibus

2107 4755 2419 4806 eminentibus
2439 4757 2668 4806 abundat.

427 4881 3702 4913 ____________________——__________________

1858 4948 2204 5009 HOMILIA
2246 4950 2274 5010 Ι

429 5102 558 5158 Cn.
590 5103 615 5156 1
662 5117 716 5156 v.
748 5101 798 5155 1.
837 5099 1315 5169 Paulus,apostolus
1339 5097 1464 5151 Iesu
1488 5094 1672 5150 Christi
1707 5111 1796 5164 per
1829 5094 2010 5146 volun-

505 5203 656 5247 tatem
701 5192 800 5246 Dci
823 5234 839 5259 ,
888 5193 1074 5245 sanctis
1104 5191 1188 5261 qui
1213 5200 1329 5244 sunt
1361 5187 1590 5258 Ephesi,
1620 5196 1665 5240 et
1701 5186 1930 5254 ﬁdelibus
1962 5185 2013 5238 in

505 5283 704 5337 Christo
732 5282 860 5336 Jesu
889 5297 910 5337 .'
935 5279 992 5334 2.
1041 5281 1207 5352 gratia
1233 5279 1368 5333 vobis
1411 5289 1458 5333 et
1507 5293 1610 5349 pax
1633 5293 1666 5330 a
1716 5274 1826 5331 Deo
1858 5274 2016 5328 Patre

507 5386 678 5429 nostra
707 5384 756 5428 et
782 5373 1001 5427 Domino
1040 5371 1167 5426 Jesu
1192 5369 1412 5426 Christo.

506 5471 560 5523 1.
603 5468 742 5522 Ecce
771 5467 931 5532 illud,
969 5484 1078 5538 per,
1105 5466 1251 5521 dedit
1292 5465 1459 5521 Patri.
1498 5465 1636 5542 Quid
1676 5463 1844 5535 ergo?
1867 5463 2015 5518 dice-

439 5575 630 5616 musue
654 5575 775 5613 eum
806 5560 1104 5613 minorem?
1143 5558 1376 5613 Minime.
1421 5557 1647 5624 Sanctis,
1694 5556 1894 5626 inquit,
1933 5556 2019 5622 qui

437 5661 554 5704 sunt
585 5649 796 5717 Ephesi,
819 5659 866 5704 et
893 5649 1125 5717 ﬁdelibus
1152 5649 1204 5702 in
1234 5649 1432 5703 Christo
1455 5646 1602 5702 Jesu.
1636 5647 1773 5702 Ecce
1807 5656 2020 5700 sanctos

437 5753 596 5797 vocat
626 5742 770 5795 viros
798 5743 888 5811 qui
929 5742 1125 5797 habent
1156 5751 1210 5796 et
1237 5742 1373 5796 lilios
1408 5752 1462 5795 et
1490 5755 1682 5796 uxores
1711 5749 1764 5793 et
1792 5753 1977 5793 servos
2006 5755 2019 5790 :

441 5847 500 5892 et
553 5833 654 5890 hoc
703 5845 914 5892 constat
969 5853 1032 5892 ex
1088 5837 1194 5892 line
1244 5834 1522 5906 epistola,
1570 5843 1626 5888 ut
1665 5831 1878 5904 quando
1937 5829 2021 5885 di-

2115 5093 2188 5146 cit
2216 5133 2228 5145 .
2257 5093 2496 5147 Mulieres
2525 5093 2644 5147 viris
2673 5096 2777 5157 suis
2816 5097 2916 5149 sint
2941 5098 3198 5164 subditis;
3236 5108 3292 5154 et
3316 5117 3520 5169 rursus,
3552 5103 3702 5173 Filii,

2117 5184 2311 5238 obedite
2361 5185 2650 5254 parentibus
2697 5188 2912 5251 vestris;
2968 5197 3059 5252 et,
3113 5189 3260 5243 Servi
3287 5232 3302 5254 ,
3351 5191 3545 5246 obedite
3600 5197 3697 5250 do-

2119 5279 2270 5332 minis
2301 5277 2527 5345 (Ephes.
2573 5279 2626 5333 5.
2665 5277 2752 5332 22.
2782 5288 2826 5332 et
2853 5279 2906 5334 6.
2939 5281 2991 5334 1.
3019 5281 3053 5335 5
3086 5285 3124 5351 ).
3180 5283 3489 5352 Cogitemus
3509 5303 3700 5357 quan-

2121 5382 2174 5425 ta
2227 5385 2323 5425 nos
2376 5379 2524 5426 tenet
2569 5373 2853 5437 socordia,
2904 5382 2958 5426 et
3009 5389 3167 5443 quam
3217 5390 3334 5428 rara
3396 5376 3468 5430 sit
3509 5379 3701 5447 virtus,

2123 5473 2180 5518 et
2208 5472 2440 5533 quantus
2482 5471 2610 5518 tunc
2652 5474 2795 5518 esset
2837 5475 3123 5534 proventus
3159 5465 3421 5522 bonorum
3467 5470 3704 5527 virorum

2127 5564 2183 5608 et
2209 5555 2408 5608 virtute
2444 5553 2824 5624 prmditorum,
2864 5564 2923 5609 ut
2972 5556 3134 5610 etiam
3173 5558 3428 5614 mundani
3469 5577 3562 5616 seu
3600 5579 3708 5618 δω-

2130 5645 2342 5700 cnlares
2388 5654 2514 5699 tunc
2565 5647 2734 5700 sancti
2789 5647 3094 5702 dicerentur
3141 5658 3195 5704 et
3264 5648 3470 5706 ﬁdeles.
3535 5653 3715 5710 Gratia

2133 5737 2271 5793 vobis
2295 5747 2341 5791 et
2367 5753 2470 5808 pas;
2505 5754 2537 5790 a
2567 5737 2674 5791 Deo
2703 5737 2852 5792 Patre
2891 5748 3062 5794 nostro
3087 5749 3135 5794 et
3165 5741 3385 5796 Domino
3409 5742 3534 5798 Iesu
3561 5745 3712 5800 Citri-

2143 5841 2241 5886 sto.
2293 5829 2530 5886 Gratiam
2567 5829 2735 5900 dixit,
2775 5840 2828 5887 et
2872 5831 3086 5888 Patrem
3134 5832 3304 5890 Deum
3349 5836 3605 5893 vocavit:
3653 5839 3718 5894 il-
