4060 6400
386 390 440 441 11
1091 388 1147 446 S.
1188 386 1464 454 JOANNIS
1498 385 1974 444 CllRYSOSTOMl
2010 384 2330 448 AliClllEP.
2370 377 2902 458 CONSTANTINOP.
3595 397 3664 452 {2

383 502 485 556 lius
515 498 662 553 enim
686 499 870 569 gratia:
911 498 1013 558 hoc
1040 508 1125 556 est
1161 500 1437 556 indicium.
1464 499 1785 568 Quomodo?
1829 497 1969 554 Audi

384 609 512 649 eum
537 591 663 646 alibi
692 592 960 648 dicentem
993 610 1008 649 :
1043 591 1298 660 Quoniam
1337 603 1509 647 autem
1541 594 1659 648 estis
1688 593 1788 663 ﬁlii
1829 590 1972 658 Dei,

381 685 525 740 misit
549 685 688 738 Deus
723 684 978 753 Spiritum
1000 683 1128 738 Filii
1151 685 1231 739 sui
1249 685 1303 739 in
1329 686 1488 740 corda
1511 695 1676 740 uestra
1699 725 1715 750 ,
1742 682 1974 738 claman-

377 793 501 843 tem,
532 778 672 830 Abba
708 776 863 830 Pater
889 775 1031 848 (Gal.
1059 778 1114 833 4.
1143 777 1222 849 6).
1274 776 1345 831 Ει
1389 777 1600 834 Domini
1645 779 1804 832 nostri
1847 776 1975 831 .Icsu

384 866 592 922 Christi.
620 868 843 937 Propter
867 883 966 923 nos
993 869 1138 924 enim
1176 868 1419 924 Christus
1453 868 1624 924 factus
1652 877 1770 933 est,
1820 877 1876 922 et
1918 869 1974 924 in

383 974 546 1014 carne
573 959 720 1012 visus
749 968 849 1014 est.
874 960 927 1013 5.
959 958 1263 1014 Benedictus
1303 958 1463 1026 Deus,
1496 959 1702 1029 inquit,
1729 967 1776 1012 et
1814 957 1975 1013 Pater

382 1050 592 1103 Domini
622 1051 781 1104 nostri
817 1049 944 1104 Jesu
969 1050 1178 1105 Christi.
1205 1051 1348 1106 Ecce
1369 1091 1384 1116 ,
1418 1052 1558 1104 Deus
1585 1049 1700 1118 ejus
1730 1051 1821 1120 qui
1851 1064 1974 1104 car-

352 1123 360 1166 ῗ
388 1156 514 1196 nem
549 1142 805 1210 suscepit.
834 1140 1056 1209 Quodsi
1087 1155 1192 1195 non
1226 1140 1342 1207 vis,
1391 1148 1447 1193 at
1471 1140 1566 1194 Dei
1601 1138 1760 1194 Verbi
1791 1139 1970 1195 Pater.

384 1235 485 1300 Qui
531 1233 780 1288 benedixit
825 1249 917 1286 nos
964 1232 1017 1286 in
1060 1232 1198 1286 omni
1236 1230 1578 1285 benedictione
1621 1230 1875 1299 spirituali
1920 1230 1974 1284 in

383 1325 661 1381 catlestibus
698 1324 752 1378 in
780 1323 1004 1379 Christo.
1035 1322 1311 1378 Judaicam
1351 1320 1440 1377 hic
1480 1321 1784 1377 subindicat
1811 1321 1974 1376 bene-

382 1418 670 1472 dictionem
706 1434 720 1469 :
755 1431 876 1470 nam
914 1423 1032 1470 erat
1080 1414 1299 1484 quidem
1337 1413 1675 1481 benedictio,
1722 1413 1819 1468 sed
1863 1428 1972 1468 non

387 1508 702 1578 spiritualis.
735 1506 873 1574 Quid
901 1508 1043 1562 enim
1071 1505 1240 1561 dicit?
1270 1505 1544 1561 Benedicat
1581 1515 1629 1560 te
1665 1505 1802 1560 Deus
1823 1547 1838 1574 ,
1868 1504 1973 1560 Be-

383 1600 578 1654 uedicet
619 1604 770 1672 [cetus
798 1601 926 1654 uteri
954 1600 1028 1652 tui
1050 1599 1241 1669 (Num.
1269 1599 1322 1655 6.
1351 1599 1506 1653 Deut.
1532 1600 1585 1654 7.
1619 1597 1734 1672 15),
1767 1599 1973 1654 benedi-

377 1700 460 1746 cet
486 1692 749 1744 introitum
775 1701 917 1744 tuum
945 1699 994 1745 et
1013 1691 1200 1744 exitum
1221 1700 1381 1745 tuum.
1413 1690 1510 1746 Hic
1529 1699 1706 1746 autem
1728 1705 1835 1746 non
1863 1690 1970 1756 sic;

385 1783 482 1838 sed
512 1784 676 1853 quid?
723 1782 790 1837 In
819 1784 959 1838 ontni
990 1783 1333 1838 benedictione
1358 1784 1634 1856 spirituali.
1662 1784 1801 1853 Quid
1828 1784 1972 1840 enim

387 1877 562 1931 adhuc
597 1876 690 1930 tibi
720 1876 916 1932 deest?
946 1875 1142 1931 Factus
1165 1890 1226 1931 es
1252 1876 1588 1940 immortalis,
1621 1875 1793 1931 factus
1816 1891 1875 1931 es
1910 1876 1975 1930 li-

387 1967 504 2033 her,
532 1965 703 2021 lactus
725 1982 785 2022 es
838 1965 999 2032 ﬁlius,
1027 1966 1196 2020 factus
1240 1981 1300 2020 es
1333 1967 1527 2036 justus,
1561 1965 1732 2021 l'actus
1763 1981 1825 2022 es
1869 1966 1976 2022 Ira-

388 2070 489 2125 ter,
513 2058 681 2113 lactus
711 2073 770 2113 es
793 2059 1020 2113 coheres
1045 2075 1059 2112 :
1086 2058 1244 2112 simul
1275 2072 1487 2128 regnas,
1518 2057 1677 2112 simul
1706 2057 1975 2128 gloriﬁca-

387 2153 500 2207 ris:
533 2152 710 2206 omnia
751 2151 847 2206 tibi
897 2150 1063 2221 gratis
1087 2150 1324 2205 donavit.
1375 2151 1640 2216 Quomodo
1675 2166 1776 2204 non
1821 2152 1975 2204 etiam

385 2258 501 2294 eum
529 2241 661 2311 ipso,
686 2241 877 2310 inquit,
908 2239 1079 2294 omnia
1115 2239 1258 2293 nobis
1284 2238 1491 2293 donabit
1522 2239 1709 2311 (Rom.
1739 2240 1794 2295 8.
1838 2239 1975 2312 52)?

389 2333 642 2386 l’rimitia:
671 2341 770 2386 tua:
812 2330 1102 2384 adorantur
1140 2330 1208 2384 ab
1234 2330 1473 2400 angelis,
1501 2345 1532 2385 a
1561 2329 1878 2386 Cherubinis
1921 2340 1976 2386 et

390 2423 704 2494 Seraphinis
734 2441 747 2476 :
781 2423 906 2493 quid
933 2423 1110 2478 adhuc
1139 2422 1333 2478 deest?
1361 2421 1428 2477 In
1469 2424 1606 2477 omni
1634 2423 1976 2479 benedictione

386 2515 660 2585 spirituali.
696 2514 836 2568 Nihil
862 2523 946 2569 est
974 2514 1062 2568 hic
1085 2515 1320 2570 carnale.
1357 2514 1646 2585 Propterea
1671 2517 1849 2570 omnia
1887 2516 1974 2571 illa

390 2609 588 2662 exemit
613 2606 828 2671 dicens,
861 2604 928 2659 In
968 2605 1158 2660 ntundo
1198 2622 1487 2674 pressuram
1513 2604 1752 2660 habebitis
1778 2605 1970 2676 (Joan.

392 2700 481 2753 16.
515 2700 631 2769 55),
680 2709 736 2752 ut
765 2699 855 2767 qui
885 2713 985 2752 nos
1009 2697 1076 2752 ad
1121 2697 1237 2752 hazc
1278 2697 1510 2752 duxerit.
1541 2696 1675 2752 Nam
1718 2697 1858 2752 sicut
1885 2699 1975 2768 qui

391 2789 655 2844 habebant
681 2789 936 2855 carnalia,
969 2787 1268 2858 spiritualia
1322 2787 1509 2843 audire
1547 2803 1654 2843 non
1683 2797 1928 2859 poterant
1957 2809 1971 2844 :

389 2884 464 2936 ita
485 2881 576 2951 qui
602 2890 962 2950 assequuntur
987 2879 1309 2949 spiritualia,
1339 2895 1403 2934 ea
1431 2895 1539 2934 non
1574 2891 1798 2950 possunt
1824 2897 1975 2937 asse-

389 2973 513 3042 qui,
560 2972 661 3026 nisi
703 2973 849 3041 prius
892 2969 1174 3025 discedant
1215 2985 1247 3024 a
1294 2971 1623 3026 carnalibus.
1675 2972 1811 3040 Quid
1856 2981 1974 3041 est,

390 3063 699 3119 benedictio.
747 3063 1041 3134 spiritualis
1073 3063 1126 3116 in
1170 3062 1518 3117 caelestibus?
1544 3062 1662 3118 Non
1709 3064 1765 3118 in
1812 3075 1975 3134 terra,

389 3154 604 3224 inquit,
647 3153 785 3208 sicut
821 3152 962 3223 apud
1010 3152 1226 3208 Judteos
1263 3170 1277 3207 :
1328 3152 1475 3207 Bona
1517 3164 1665 3209 terra:
1711 3159 1978 3212 comedetis

395 3245 546 3312 (lsai.
578 3247 630 3299 1.
661 3244 750 3314 19)
776 3261 788 3297 :
821 3243 888 3297 In
911 3254 1097 3298 terram
1117 3245 1358 3313 ﬂuentem
1382 3244 1530 3300 melle
1553 3258 1601 3300 et
1621 3247 1750 3301 lacte
1775 3247 1974 3312 (Exod.

391 3341 480 3394 55.
510 3340 568 3407 5)
597 3357 610 3393 :
641 3337 909 3392 Benedicet
956 3336 1096 3390 Deus
1137 3346 1324 3390 terram
1374 3347 1513 3391 tuam
1545 3336 1732 3407 (Psal.
1763 3340 1853 3394 84.
1886 3342 1974 3396 15.

391 3433 547 3486 Deut.
598 3431 687 3486 15.
718 3431 798 3500 4).
843 3429 939 3484 llic
977 3438 1158 3484 autem
1185 3428 1319 3482 nihil
1351 3429 1490 3496 tale;
1527 3430 1623 3486 sed
1670 3432 1838 3501 quid?
1879 3433 1980 3499 Qui

395 3525 562 3594 diligit
591 3539 689 3587 mc,
721 3521 966 3574 mandata
1009 3536 1120 3574 mea
1161 3520 1396 3586 servabit,
1426 3530 1474 3576 et
1516 3538 1607 3593 ego
1634 3533 1682 3576 et
1713 3523 1868 3579 Pater
1910 3527 1978 3580 ad

392 3633 508 3670 eum
527 3617 800 3678 veniemus,
819 3623 867 3667 et
889 3614 1201 3668 mansionem
1220 3614 1362 3683 apud
1382 3630 1497 3668 eum
1523 3616 1767 3685 faciemus
1793 3617 1976 3689 (Joan.

392 3709 486 3762 M.
513 3706 628 3772 25).
670 3705 769 3772 Qui
798 3704 942 3757 audit
969 3704 1076 3757 lucc
1103 3719 1214 3757 mea
1238 3704 1405 3771 verba,
1439 3715 1486 3759 et
1515 3722 1574 3759 ea
1603 3710 1813 3777 fecerit,
1849 3711 1978 3764 assi-

391 3800 652 3855 milabitur
697 3799 804 3852 viro
846 3796 1116 3867 prudenti,
1165 3797 1251 3866 qui
1278 3798 1548 3866 aediﬁcavit
1596 3799 1803 3854 domum
1834 3818 1976 3856 suam

392 3909 550 3962 supra
586 3901 800 3960 petram,
832 3897 878 3941 et
902 3888 1148 3956 ﬂaverant
1168 3887 1300 3940 venti
1322 3925 1340 3954 ,
1381 3898 1428 3942 et
1454 3900 1692 3943 venerunt
1721 3891 1866 3960 ﬂuvii
1887 3934 1902 3957 ,
1933 3902 1979 3947 et

392 3989 686 4055 irruperunt
734 3983 788 4034 in
816 3980 1020 4033 domum
1054 3978 1228 4044 illam,
1254 3987 1300 4033 et
1328 3995 1430 4032 non
1481 3980 1660 4034 cecidit
1691 3995 1710 4036 :
1761 3983 1979 4051 fundata

395 4077 530 4130 enim
571 4082 679 4128 erat
723 4088 881 4140 supra
923 4071 1125 4139 ﬁrmam
1161 4077 1355 4139 petram
1383 4068 1594 4140 (Matth.
1649 4071 1701 4123 7.
1741 4071 1831 4125 24.
1861 4072 1975 4144 25).

392 4168 548 4222 Petra
577 4173 756 4219 autem
800 4175 1046 4232 quaenam
1099 4168 1213 4224 est,
1263 4159 1368 4214 nisi
1416 4175 1504 4215 res
1550 4160 1813 4228 caelestes,
1858 4178 1979 4233 qua:

393 4267 521 4312 sunt
548 4255 861 4324 superiores
879 4253 1066 4322 quavis
1093 4251 1437 4306 mutatione?
1467 4251 1569 4318 Qui
1594 4255 1736 4308 enim
1781 4259 1978 4324 confes-

393 4368 479 4404 sus
504 4365 581 4401 me
611 4347 785 4418 fuerit,
817 4344 1009 4412 inquit,
1041 4358 1214 4396 coram
1258 4342 1573 4408 hominibus,
1614 4345 1889 4412 con/itebor
1929 4355 1978 4400 et

390 4460 482 4513 ego
503 4457 617 4495 eum
641 4454 813 4491 coram
844 4435 1003 4488 Patre
1031 4449 1140 4488 meo
1164 4433 1249 4503 qui
1271 4444 1343 4488 est
1365 4437 1419 4487 in
1464 4433 1623 4488 cwlis.
1655 4435 1724 4487 Et
1750 4436 1978 4504 quicum-

390 4552 487 4605 que
511 4550 590 4587 me
617 4530 868 4600 negaverit
892 4571 908 4596 ,
942 4544 1032 4599 ego
1061 4543 1253 4595 quoque
1281 4542 1395 4579 eum
1416 4527 1607 4594 negabo
1637 4527 1856 4596 (Matth.
1882 4528 1971 4584 10.

395 4629 483 4683 52.
521 4624 634 4698 55).
663 4626 728 4679 Et
759 4637 944 4677 rursus
968 4639 982 4673 :
1013 4620 1159 4674 Beati
1186 4620 1374 4674 mundo
1396 4621 1567 4686 corde,
1595 4623 1834 4690 quoniam
1877 4623 1976 4692 ipsi

391 4722 558 4775 Deum
587 4717 822 4773 uidebunt
857 4713 1072 4785 (Matth.
1104 4713 1158 4770 5.
1190 4713 1283 4783 8);
1314 4721 1371 4767 et
1395 4713 1621 4778 iterum,
1671 4712 1818 4769 Beati
1845 4731 1975 4784 pau-

389 4830 530 4882 peres
555 4811 772 4882 spiritu,
822 4808 1063 4877 quoniam
1091 4807 1324 4875 ipsorum
1365 4814 1439 4859 est
1481 4822 1689 4876 regnum
1737 4808 1974 4862 caelorum

385 4904 547 4972 (Ibid.
582 4921 627 4956 υ.
661 4900 749 4969 5);
782 4908 837 4953 et
872 4911 1079 4962 rursus,
1103 4895 1248 4957 Beati
1270 4897 1356 4965 qui
1400 4899 1833 4967 persequutionem
1882 4918 1975 4969 pa-

391 5001 581 5051 tiuntur
624 5002 827 5064 propter
859 4992 1149 5062 justitiam,
1186 4989 1427 5059 quoniam
1456 5006 1640 5045 merces
1684 5004 1844 5046 vestra
1888 5012 1974 5048 co-

303 5095 309 5101 '
385 5094 530 5160 piosa
568 5099 640 5143 est
682 5088 732 5140 in
760 5085 896 5142 caelis
927 5082 1090 5156 (Ibid.
1123 5099 1171 5136 υ.
1198 5079 1308 5153 10).
1339 5081 1501 5136 Vides
1545 5083 1739 5153 ubique
1785 5086 1968 5151 cados,

385 5197 646 5252 tuisquam
677 5191 904 5240 terram,
939 5190 1112 5244 neque
1151 5189 1271 5244 qua:
1310 5184 1435 5228 sunt
1462 5175 1514 5228 in
1559 5184 1719 5231 terra.
1755 5177 1822 5230 Et
1848 5193 1970 5232 rur-

383 5291 476 5330 sus
507 5293 519 5327 :
549 5271 742 5326 Nostra
771 5267 1083 5323 conversatio
1127 5275 1201 5320 est
1229 5266 1284 5319 in
1309 5265 1470 5332 ccelis,
1503 5268 1638 5320 unde
1668 5268 1818 5321 etiam
1849 5269 1969 5323 Sal-

383 5377 607 5420 uatorem
651 5370 1000 5430 exspectamus
1043 5356 1324 5413 Dominum
1370 5357 1549 5412 Jesum
1591 5359 1862 5432 (Philipp.
1911 5364 1964 5417 5.

380 5458 473 5510 ‘20.
511 5455 622 5524 l9).
659 5454 726 5507 Et
751 5465 957 5514 rursus,
992 5448 1110 5504 Non
1141 5459 1354 5504 terrena
1397 5451 1690 5520 sapientes,
1721 5453 1819 5508 sed
1847 5469 1966 5523 quae

380 5560 508 5602 sunt
536 5548 588 5600 in
612 5545 777 5600 caelis.
812 5543 881 5596 In
909 5541 1111 5596 Christo
1133 5539 1280 5595 Jesu.
1311 5540 1423 5595 Hoc
1449 5552 1549 5608 est,
1576 5558 1670 5612 per
1693 5541 1962 5600 Christum

383 5640 589 5702 desum,
621 5651 725 5691 non
756 5650 848 5704 per
876 5633 1096 5705 Moysen
1123 5642 1238 5688 erat
1279 5634 1393 5687 haec
1431 5635 1750 5689 benedictio.
1789 5639 1965 5703 Quare

378 5749 486 5788 non
518 5729 690 5784 solum
719 5727 995 5798 qualitate,
1040 5726 1135 5780 sed
1164 5724 1325 5779 etiam
1354 5726 1708 5780 intercessore
1737 5728 1959 5782 excelli-

381 5840 522 5885 mus.
557 5824 708 5884 Sicut
731 5822 892 5880 etiam
922 5819 1051 5877 dicit
1075 5819 1130 5876 in
1155 5818 1395 5890 Epistola
1433 5818 1500 5874 ad
1529 5819 1783 5877 llebrteos
1832 5839 1844 5874 :
1891 5819 1958 5876 Et

2085 501 2290 573 Moyses
2313 503 2515 572 quidem
2541 503 2708 572 ﬁdelis
2732 505 2786 558 in
2816 515 2921 560 tota
2963 507 3116 576 domo
3136 524 3247 576 sua,
3273 510 3405 566 sicut
3434 513 3664 568 minister

2077 595 2133 649 in
2156 596 2496 650 testimonium
2523 613 2700 652 eorum
2723 614 2836 667 qua:
2859 612 3004 654 erant
3031 601 3244 657 dicenda
3269 619 3288 660 :
3314 607 3542 662 Christus
3569 626 3664 663 au-

2080 695 2178 742 tem
2203 697 2465 758 tamquam
2491 690 2629 756 ﬁlius
2669 707 2823 761 super
2849 692 3054 747 domum
3081 711 3244 761 suam,
3291 700 3439 770 cujus
3481 701 3664 757 domus

2079 793 2254 833 sumus
2280 795 2372 834 nos
2392 778 2579 849 (Hebr.
2611 782 2664 836 5.
2775 781 2855 854 6).
2887 784 2943 840 4.
2976 783 3123 841 Sicut
3159 789 3307 858 elegit
3335 806 3428 844 nos
3455 792 3509 845 in
3551 793 3663 862 ipso

2079 879 2197 924 ante
2234 872 2410 926 mundi
2449 873 2885 943 constitutionem,
2919 885 2978 930 ut
3027 894 3246 935 essemus
3272 884 3434 936 sancti
3475 894 3524 938 et
3565 886 3664 938 im-

2078 962 2323 1018 maculati
2339 963 2394 1018 in
2423 975 2695 1036 conspectu
2719 968 2850 1038 ejus.
2879 968 2993 1026 Hoc
3011 980 3094 1025 est
3119 981 3299 1027 autem
3325 974 3467 1044 quod
3492 975 3659 1032 dicit:

2079 1054 2184 1111 Per
2208 1071 2368 1127 quem
2395 1072 2496 1113 nos
2521 1057 2830 1127 benedixit,
2861 1076 2959 1132 per
2987 1078 3108 1118 eum
3146 1065 3307 1120 etiam
3335 1067 3514 1138 elegit.
3543 1068 3663 1138 Ipse

2077 1161 2208 1219 ergo
2231 1148 2386 1204 nobis
2417 1149 2527 1204 illic
2553 1151 2732 1206 omnia
2755 1151 2977 1209 donabit
3008 1173 3022 1209 :
3052 1155 3168 1226 ipse
3187 1165 3271 1212 est
3288 1157 3481 1225 Judex,
3504 1170 3558 1216 et
3578 1161 3662 1216 di-

2078 1247 2166 1293 cet
2189 1258 2200 1292 :
2221 1237 2408 1306 Venite,
2429 1240 2677 1296 benedicti
2686 1241 2862 1297 Patris
2873 1245 2992 1314 mei,
3011 1247 3261 1316 possidete
3275 1260 3507 1319 paratum
3523 1252 3662 1307 vobis

2075 1347 2287 1403 regnum
2307 1349 2341 1386 a
2368 1334 2724 1391 constitutione
2764 1336 2944 1390 mundi
2983 1336 3195 1410 (Matth.
3227 1341 3280 1396 1.
3311 1340 3403 1397 25.
3431 1342 3576 1414 54);
3607 1354 3662 1400 et

2077 1437 2284 1491 rursus,
2335 1423 2435 1480 Ubi
2462 1441 2575 1480 sum
2601 1441 2727 1497 ego),
2768 1428 2882 1484 volo
2910 1437 2964 1483 ut
3002 1429 3057 1485 hi
3095 1447 3292 1502 quoque
3331 1434 3433 1490 sint
3477 1435 3660 1508 (Joan.

2077 1515 2166 1570 t7.
2193 1515 2309 1588 et).
3079 1512 3083 1517 '

2147 1606 2202 1662 2.
2234 1607 2303 1663 Ει
2327 1608 2383 1663 in
2405 1609 2655 1666 omnibus
2680 1610 2796 1669 fere
2819 1614 3060 1684 epistolis
3106 1616 3289 1673 studet
3336 1618 3439 1675 hoc
3480 1630 3662 1677 osten-

2076 1699 2240 1766 dere,
2268 1701 2413 1771 quod
2445 1712 2628 1759 nostra
2655 1719 2764 1761 non
2792 1706 2902 1761 sint
2929 1709 3202 1777 recentia,
3246 1709 3343 1766 sed
3377 1711 3489 1782 jam
3531 1713 3658 1769 olim

2076 1793 2354 1851 ell'ormata
2383 1797 2493 1852 sint
2516 1806 2572 1852 et
2589 1813 2840 1868 expressa
2866 1816 2881 1866 ;
2923 1815 3097 1871 neque
3117 1817 3182 1856 ex
3206 1818 3272 1858 eo
3309 1804 3452 1874 quod
3490 1805 3658 1862 Deum

2079 1886 2415 1956 ptenituerit,
2446 1887 2542 1944 sed
2562 1905 2650 1944 res
2697 1890 2770 1946 ita
2808 1890 3007 1947 fuerint
3050 1892 3373 1963 dispensata:
3417 1905 3471 1951 et
3521 1912 3660 1966 prte-

2077 1979 2378 2035 destinatze.
2409 1981 2523 2037 lloc
2547 1990 2727 2037 autem
2755 1992 2838 2038 est
2884 1985 3066 2039 multa:
3109 1986 3480 2056 providentiae.
3521 1989 3661 2057 Quid

2078 2078 2161 2124 est
2185 2111 2200 2136 ,
2228 2069 2395 2142 Elegit
2426 2072 2479 2125 in
2509 2073 2620 2142 ipso
2642 2074 2668 2127 Ρ
2700 2073 2803 2128 l’er
2829 2073 2986 2129 lidem
3013 2075 3066 2129 in
3093 2074 3266 2146 ipsum
3295 2076 3537 2134 Christus
3560 2081 3663 2136 hoc

2077 2161 2334 2232 przeclare
2358 2165 2524 2233 gessit
2547 2163 2854 2234 priusquam
2897 2165 3022 2220 facti
3061 2180 3339 2235 essemus,
3385 2170 3493 2225 imo
3534 2186 3664 2227 vero

2079 2253 2385 2322 priusquam
2429 2255 2751 2310 constitutus
2791 2265 2935 2311 esset
2971 2257 3223 2314 mundus.
3273 2258 3439 2315 Recte
3483 2271 3664 2317 autem

2076 2347 2511 2402 constitutionem
2552 2349 2836 2418 appellavit
2881 2357 3148 2412 καταϐολὴν
3182 2392 3198 2418 ,
3245 2351 3298 2406 id
3341 2362 3463 2416 est,
3517 2353 3664 2423 deje-

2077 2439 2331 2505 ctionem,
2356 2448 2623 2510 tamquam
2644 2456 2674 2493 a
2702 2456 2888 2511 magna
2909 2441 3084 2513 aliqua
3102 2443 3381 2500 altitudine
3397 2444 3662 2514 deiectum

2079 2531 2250 2599 ipsum
2275 2531 2582 2586 ostendens.
2613 2531 2798 2602 Magna
2826 2533 2970 2588 enim
2999 2544 3084 2589 est
3105 2574 3120 2600 ,
3153 2544 3208 2589 et
3243 2551 3364 2605 qua:
3403 2536 3510 2591 diei
3556 2555 3661 2593 non

2079 2631 2274 2691 potest,
2299 2623 2394 2678 Dei
2421 2623 2684 2689 altitudo,
2731 2639 2840 2680 non
2884 2626 3043 2693 loco,
3084 2627 3180 2682 sed
3225 2628 3368 2698 quod
3418 2631 3664 2700 superius

2077 2724 2262 2770 evecta
2291 2716 2362 2770 sit
2389 2715 2507 2785 ejus
2534 2725 2758 2782 natura;
2807 2725 2863 2772 et
2905 2733 3157 2786 magnum
3201 2729 3284 2774 est
3319 2721 3665 2777 interstitium

2079 2807 2218 2862 inter
2243 2823 2358 2861 rem
2385 2815 2620 2862 creatam
2651 2816 2706 2863 et
2731 2818 3052 2864 creatorem.
3103 2811 3438 2867 Erubescant
3489 2814 3664 2871 luere-

2081 2899 2170 2952 tiei
2201 2897 2278 2968 (tt)
2311 2900 2426 2952 lucc
2451 2897 2754 2952 audientes.
2779 2898 2917 2964 Quid
2955 2913 3136 2958 autem
3186 2901 3388 2972 elegit?
3431 2902 3498 2958 Ut
3533 2920 3666 2959 esse-

2081 3007 2191 3044 mus
2214 2991 2379 3045 sancti
2404 3001 2450 3044 ct
2473 2993 2783 3046 immaculati
2821 2993 2874 3046 itt
2907 3005 3178 3064 conspectu
3226 2998 3361 3066 ejus.
3414 2997 3492 3053 Ne
3536 3015 3666 3069 ergo

2079 3083 2302 3138 audiens
2329 3085 2468 3153 quod
2496 3084 2750 3155 elegerit,
2793 3085 2951 3140 ﬁdem
2979 3088 3149 3142 solam
3179 3089 3428 3147 sufﬁcere
3471 3103 3623 3163 putes
3645 3134 3664 3161 ,

2081 3179 2241 3232 vitam
2287 3178 2447 3232 etiam
2505 3179 2653 3234 addit
2687 3197 2701 3236 :
2730 3180 3065 3252 Propterea,
3115 3185 3319 3255 inquit,
3361 3203 3461 3244 nos
3506 3191 3668 3260 elegit

2080 3271 2241 3325 etiam
2267 3271 2332 3326 ad
2361 3271 2464 3326 hoc
2483 3311 2497 3336 ,
2531 3282 2588 3326 ut
2615 3287 2858 3329 essemus
2885 3275 3055 3331 sancti
3085 3285 3140 3332 et
3167 3279 3512 3334 immaculati.
3537 3281 3665 3337 Ele—

2081 3365 2156 3433 git
2198 3366 2362 3420 etiam
2407 3365 2699 3434 aliquando
2746 3365 2983 3421 Judzeos.
3028 3368 3358 3435 Quomodo?
3406 3371 3660 3438 Gentem,

2081 3458 2285 3527 inquit,
2335 3457 2472 3511 hanc
2517 3458 2678 3528 elegit
2720 3473 2786 3514 ex
2825 3459 3073 3529 gentibus
3102 3462 3120 3530 (
3145 3461 3298 3518 Deut.
3325 3465 3379 3520 7.
3420 3464 3474 3519 6.
3499 3477 3544 3518 et
3578 3468 3662 3521 14.

2080 3550 2116 3602 2
2136 3551 2178 3619 ).
2207 3549 2261 3604 Si
2290 3559 2469 3603 autem
2508 3549 2755 3605 homines
2781 3551 3042 3621 eligentes
3070 3569 3189 3623 qua:
3214 3564 3338 3610 sunt
3373 3557 3571 3627 optima
3612 3568 3666 3613 et

2085 3642 2440 3711 pulcherrima
2463 3643 2703 3711 eligunt,
2733 3644 2899 3700 multo
2929 3645 3099 3715 magis
3127 3646 3288 3702 Deus.

2154 3733 2332 3789 Sancti
2354 3735 2561 3804 quinam
2583 3715 2693 3788 vere
2713 3735 2833 3788 sint.
2857 3765 2928 3774 —
2952 3735 3166 3791 Eiectos
3186 3753 3397 3808 quoque
3421 3753 3560 3806 esse,
3584 3751 3667 3794 est

2085 3835 2140 3878 et
2166 3827 2256 3880 llei
2283 3825 2625 3895 benignitatis
2653 3841 2716 3880 ac
2739 3826 3039 3880 clementia:
3083 3837 3136 3880 et
3174 3827 3412 3896 ipsorum
3452 3830 3664 3883 virtutis

2084 3917 2381 3972 indicium:
2421 3916 2640 3972 omnino
2687 3917 2828 3971 enim
2885 3917 3134 3986 probatos
3193 3918 3389 3988 elegit,
3447 3919 3666 3991 ipseque

2088 4027 2184 4066 nos
2216 4011 2338 4065 fecit
2367 4021 2615 4074 sanctos;
2647 4008 2741 4064 sed
2765 4018 2974 4079 oportet
3012 4025 3226 4064 manere
3266 4020 3497 4066 sanctos.
3526 4012 3663 4067 San-

2082 4116 2200 4159 ctus
2229 4111 2313 4158 est
2339 4103 2431 4173 qui
2456 4111 2541 4158 est
2560 4104 2830 4173 particeps
2857 4102 3000 4169 ﬁdei,
3029 4102 3120 4172 qui
3148 4111 3233 4158 est
3260 4104 3659 4169 immaculatns,

2081 4196 2173 4266 qui
2202 4195 2364 4250 vitam
2393 4195 2553 4249 habet
2576 4196 2628 4248 in
2657 4209 2814 4264 quam
2838 4193 2983 4248 nulla
3005 4194 3146 4249 cadit
3168 4195 3537 4264 reprehensio.
3558 4197 3665 4252 Sed

2083 4305 2187 4343 non
2220 4298 2423 4342 tantum
2455 4287 2647 4356 quaerit
2688 4286 3064 4352 sanctitatem,
3117 4294 3171 4340 et
3214 4296 3272 4341 ut
3319 4288 3450 4342 nulli
3495 4288 3666 4343 simus

2081 4380 2273 4434 al‘lines
2299 4377 2732 4447 reprehensioni,
2764 4377 2859 4432 sed
2893 4385 2950 4431 ut
2976 4393 3158 4432 coram
3184 4377 3302 4448 ipso
3327 4380 3461 4435 tales
3500 4396 3666 4451 appa-

2081 4486 2314 4526 reamus.
2344 4469 2480 4524 Sunt
2505 4468 2649 4523 enim
2675 4468 2845 4523 sancti
2870 4478 2924 4523 et
2949 4467 3274 4523 immaculati
3294 4510 3309 4534 ,
3337 4469 3430 4525 sed
3460 4471 3550 4541 qui
3588 4472 3666 4526 sic

2079 4563 2454 4618 existimantur
2481 4561 2549 4616 ab
2573 4561 2912 4627 hominibus,
2957 4561 3046 4630 qui
3077 4571 3201 4616 sunt
3236 4561 3440 4617 similes
3479 4564 3662 4634 sepul-

2079 4657 2188 4715 cris
2215 4654 2510 4720 dealbatis,
2551 4655 2698 4710 velut
2726 4654 2817 4724 qui
2864 4653 3032 4723 pelles
3067 4651 3264 4707 habent
3307 4655 3506 4710 ovium.
3554 4656 3662 4710 Sed

2081 4765 2187 4804 non
2229 4747 2422 4818 quatrit
2477 4746 2645 4813 tales,
2704 4761 2890 4801 verum
2939 4745 3128 4815 quales
3170 4745 3300 4800 dicit
3360 4747 3660 4817 propheta,

2083 4841 2147 4894 Et
2177 4840 2456 4895 secundum
2484 4840 2757 4910 puritatem
2780 4855 3022 4892 munuunt
3058 4855 3287 4893 mearum
3333 4838 3516 4911 (Psal.
3569 4842 3658 4895 17.

2077 4932 2205 5003 9.5).
2259 4931 2601 5000 Quamnam?
2644 4929 2849 4998 Quaarit
2897 4930 3236 4984 sanctitatem
3294 4947 3414 5000 qua:
3464 4943 3549 4986 est
3605 4933 3660 4986 in

2078 5031 2369 5092 conspectu
2398 5021 2677 5076 oculorum
2707 5022 2860 5090 ejus,
2907 5035 3066 5089 quam
3116 5020 3212 5076 Dei
3260 5022 3408 5076 videt
3446 5024 3658 5078 oculus.

2081 5117 2282 5170 llorum
2319 5116 2572 5185 prwclara
2598 5122 2748 5184 gesta
2774 5113 2948 5180 dixit,
2987 5123 3042 5168 et
3084 5129 3270 5169 rursus
3318 5114 3384 5168 ad
3431 5116 3658 5184 gratiam

2077 5209 2319 5266 ascendit
2344 5218 2398 5265 et
2425 5209 2502 5262 ait
2529 5225 2542 5261 :
2575 5206 2642 5260 In
2671 5207 2882 5260 caritate
2902 5248 2918 5274 ,
2944 5207 2999 5262 5.
3027 5207 3116 5277 qui
3137 5206 3512 5276 praedestinavit
3547 5224 3656 5261 nos.

2076 5304 2191 5358 Non
2223 5305 2364 5357 enim
2390 5301 2799 5357 ﬁtalaboribus
2839 5311 2894 5354 et
2938 5302 3132 5370 gestis,
3172 5300 3266 5355 sed
3317 5315 3347 5354 a
3391 5303 3656 5366 caritate;

2077 5411 2249 5464 neque
2281 5410 2312 5448 a
2340 5395 2565 5448 caritate
2592 5393 2766 5448 solum
2787 5433 2802 5457 ,
2830 5392 2924 5448 sed
2951 5393 3113 5447 etiam
3140 5406 3170 5445 a
3217 5402 3398 5447 nostra
3436 5393 3654 5446 virtute.

2075 5486 2205 5539 Nam
2232 5485 2276 5538 si
2308 5501 2335 5538 a
2367 5484 2591 5538 caritate
2616 5483 2752 5550 sola,
2777 5492 3053 5552 oporteret
3072 5497 3259 5538 omnes
3285 5497 3404 5538 esse
3433 5483 3611 5537 salvos
3638 5499 3652 5535 :

2072 5582 2114 5633 si
2143 5589 2319 5633 autem
2353 5593 2538 5631 rursus
2569 5592 2597 5629 a
2624 5588 2805 5632 noStra
2835 5578 2950 5631 sola
2973 5576 3190 5643 virtute,
3215 5591 3655 5645 supervacaneus

2070 5672 2260 5726 luisset
2285 5669 2400 5739 ejus
2431 5668 2712 5735 adventus,
2741 5676 2797 5723 et
2821 5682 3172 5739 quaecumque
3214 5666 3351 5724 facta
3391 5677 3515 5723 sunt
3559 5682 3651 5737 per

2133 5828 2202 5892 (α)
2229 5827 2506 5878 nauichwos
2527 5825 2603 5875 hic
2626 5831 2796 5875 notare
2816 5822 3026 5875 videtur.
