4068 6390
416 323 481 383 1⁸3
1066 327 1126 383 8.
1160 325 1441 382 JOANNIS
1477 322 1963 380 CHRYSOSTOMI
1998 322 2314 381 ARCHIEP.
2351 328 2891 392 CONSTANTINOP.
3494 316 3502 323 ς
3580 346 3645 403 H

413 442 521 495 ἀπὸ
560 442 757 513 ἔχθρας
800 444 879 507 είς
921 443 1191 498 υἱοθεσίαν
1236 446 1484 513 ἀγαγεῖν,
1530 443 1977 515 ὑπερϐαλλούσης

411 533 579 593 δντως
606 532 845 601 ἀγάπης.
891 533 986 585 Ἐν
1022 532 1247 602 ἀγάπῃ,
1271 536 1425 604 φησὶ,
1457 535 1782 601 προορίσας
1820 530 1980 599 ἡμᾶς

410 621 496 683 εἰς
515 619 822 673 υἱοθεσίαν
839 618 937 671 διὰ
972 620 1167 686 Ἰησοῦ
1196 620 1457 688 Χριστοῦ
1478 623 1565 685 εἰς
1584 621 1793 673 αὐτόν.
1823 619 1986 690 Ὁρᾷς

412 707 529 770 πῶς
549 708 700 760 οὐδὲν
720 707 847 760 ἄνευ
869 707 1135 779 Χριστοῦ;
1158 708 1277 771 πῶς
1296 708 1449 761 οὐδὲν
1471 709 1597 763 ἄνευ
1620 707 1714 761 τοῦ
1736 707 1985 776 Πατρός;

425 795 659 858 Ἐκεῖνος
706 796 1027 867 προώρισεν,
1066 789 1221 857 οὗτος
1267 796 1611 866 προσήγαγε.
1662 795 1774 848 Καὶ
1812 796 1985 849 ταῦτα

407 886 624 952 τίθησιν
656 884 900 954 ἐπαίρων
942 883 1013 938 τὰ
1042 884 1408 953 γεγενημένα,
1439 883 1695 954 καθάπερ
1739 884 1835 937 καὶ
1863 884 1984 937 ἐτέ-

416 971 545 1041 ρωθί
579 985 743 1040 φησιν
767 987 782 1002 ·
839 974 922 1025 Οὐ
962 972 1158 1040 μόνον
1192 970 1281 1034 δὲ,
1309 973 1471 1027 ἀλλὰ
1502 973 1602 1025 καὶ
1632 974 1989 1044 καυχώμεθα

412 1060 508 1112 διὰ
528 1060 633 1115 τοῦ
652 1062 873 1130 Κυρίου
905 1058 1076 1130 ἡμῶν
1110 1062 1306 1128 Ἰησοῦ
1328 1063 1606 1130 Χριστοῦ.
1635 1064 1865 1133 Μεγάλα
1888 1066 1989 1136 μὲν

410 1147 520 1218 7&9
548 1148 614 1200 1&
654 1148 899 1210 δοθέντα,
935 1149 1118 1219 πολλῷ
1153 1149 1210 1202 δὲ
1262 1149 1485 1220 μείζονα
1530 1152 1742 1219 γίνεται
1776 1151 1855 1222 τῷ
1898 1152 1989 1205 διά

408 1235 503 1288 τοῦ
534 1236 770 1306 Χριστοῦ
801 1236 1024 1307 δοθῆναι
1046 1251 1062 1269 ⁴
1097 1239 1180 1291 ὅτι
1206 1240 1307 1291 οὐκ
1336 1237 1550 1308 ἔπεμψέ
1576 1254 1699 1293 τινα
1724 1239 1836 1293 τῶν
1866 1234 1987 1293 δού-

410 1320 516 1377 λων
544 1326 680 1397 πρὸς
718 1327 844 1389 τοὺς
883 1326 1124 1391 δούλους,
1177 1327 1293 1381 ἀλλ’
1333 1328 1499 1380 αὐτὸν
1545 1327 1641 1382 τὸν
1678 1328 1985 1397 Μονογενῆ.

408 1414 575 1467 Κατὰ
600 1413 715 1479 τὴν
739 1410 1043 1479 εὐδοκίαν,
1070 1416 1228 1485 φησὶ,
1262 1415 1370 1469 τοῦ
1408 1413 1741 1485 θελήματος
1774 1415 1984 1471 αὐτοῦ.

409 1497 721 1566 Τουτέστιν,
761 1502 849 1555 διά
901 1498 965 1555 τὸ
999 1502 1246 1574 σφοδρῶς
1301 1502 1547 1573 θελῆσαι.
1602 1501 1670 1556 Ἦ
1721 1502 1991 1574 ἐπιθυμία

407 1588 595 1655 αὑτοῦ,
642 1589 718 1655 ὡς
748 1589 814 1643 ἄν
857 1603 946 1653 τις
985 1589 1151 1656 εἴποι,
1192 1588 1334 1660 αὕτη
1376 1588 1531 1644 ἐστί·
1567 1590 1845 1661 πανταχοῦ
1878 1590 1989 1660 7&9

408 1679 625 1733 εὐδοκία
652 1679 712 1731 τὸ
741 1676 956 1750 θέλημά
980 1678 1096 1749 ἐρτι
1127 1678 1190 1731 τὸ
1219 1677 1657 1750 προηγούμενον.
1691 1679 1850 1732 Ἔστι
1878 1678 1991 1750 γὰρ

408 1772 503 1824 καὶ
527 1770 658 1824 ἄλλο
690 1767 903 1841 θέλημα
921 1785 936 1800 ο
963 1763 1097 1833 οἷον,
1130 1766 1346 1839 θέλημα
1375 1769 1615 1839 πρῶτον,
1647 1767 1710 1822 τὸ
1746 1767 1822 1840 μὴ
1851 1769 1990 1822 όιπο⁴

406 1854 595 1912 λέσθαι
627 1855 1017 1929 ἡμαρτηκότας
1042 1868 1061 1885 '
1099 1855 1314 1927 θέλημα
1352 1854 1626 1926 δεύτερον,
1660 1855 1724 1909 τδ
1755 1857 1987 1928 γενομέα

406 1960 529 2007 νους
559 1945 765 2006 κακοὺς
809 1942 1130 1998 ἀπολέσθαι.
1172 1944 1245 1997 Οὐ
1275 1942 1388 2014 γὰρ
1428 1942 1494 2014 δὴ
1532 1942 1750 2012 ἀνάγκη
1790 1943 1990 2007 αὐτοὺς

406 2031 648 2097 κολάζει,
667 2030 804 2084 ἀλλά
834 2030 1064 2101 θέλημα.
1092 2028 1348 2083 Τοιοῦτον
1374 2030 1469 2083 καὶ
1497 2030 1591 2083 ἐπὶ
1609 2029 1823 2084 Παύλου
1845 2029 1993 2083 ἐστιν

409 2120 558 2185 ιδεῖν,
621 2116 732 2173 οἷον
777 2117 853 2184 ὡς
902 2120 1034 2172 ὅταν
1072 2118 1211 2190 λέγῃ
1235 2133 1253 2148 ⁸
1288 2119 1450 2172 Θέλω
1493 2118 1725 2185 πάντας
1772 2117 1993 2187 ἀνθρώ-

406 2222 562 2275 πους
607 2205 764 2262 εἶναι
832 2208 913 2273 ὡς
960 2206 1060 2261 καὶ
1099 2206 1367 2276 ἐμαυτόν
1386 2221 1401 2237 ·
1446 2206 1544 2259 καὶ
1587 2206 1777 2270 πάλιν,
1827 2206 1993 2260 Θέλω

406 2296 696 2365 νεωτέρας
749 2295 980 2366 γαμεῖν,
1035 2294 1434 2365 τεκνογονεῖν.
1486 2294 1753 2348 Εὑδοκίαν
1790 2289 1885 2349 οὖν
1928 2295 1991 2348 τὸ

406 2384 624 2449 πρῶτον
664 2383 880 2455 θέλημά
928 2400 1085 2454 φησι,
1131 2382 1192 2436 τὸ
1224 2383 1454 2455 σφοδρὸν
1493 2382 1729 2454 θέλημα,
1760 2383 1821 2437 τὸ
1851 2383 1990 2454 μετὰ

407 2473 704 2543 ἐπιθυμίας
726 2473 962 2543 θέλημα,
987 2471 1050 2525 τό
1075 2473 1284 2543 πεῖσμα
1306 2488 1321 2503 ⁸
1344 2472 1406 2526 οὐ
1430 2472 1543 2543 γὰρ
1568 2472 1988 2544 παραιτήσομαι

406 2563 501 2615 καὶ
524 2560 811 2632 κοινοτέρῳ
830 2560 975 2625 λέξει
997 2560 1307 2631 χρήσασθαι
1341 2560 1641 2631 σαφηνείας
1666 2560 1855 2614 ἕνεκεν
1879 2559 1987 2613 τῶν

405 2649 819 2721 ἀφελεστέρων⁶
854 2648 997 2702 οὕτω
1022 2648 1131 2719 γὰρ
1164 2648 1260 2702 καὶ
1292 2649 1453 2720 ἡμεῖς
1480 2648 1581 2719 τὴν
1612 2649 1863 2702 ἐπίτασιν
1890 2647 1986 2702 τοῦ

408 2737 713 2807 θελήματος
747 2736 1057 2806 δηλοῦντες,
1091 2736 1253 2790 Κατά
1286 2736 1349 2789 τὸ
1388 2738 1595 2807 πεῖσμα
1616 2737 1798 2808 ήμῶν,
1831 2737 1987 2805 λέγοι

410 2842 527 2894 μεν.
567 2826 634 2877 Ὃ
662 2820 756 2877 οὖν
778 2824 950 2893 λέγει,
982 2824 1141 2877 τοῦτό
1167 2825 1283 2878 ἐστι
1305 2840 1319 2854 ·
1350 2825 1563 2896 Σφόδρα
1592 2826 1829 2895 ἐφίεται,
1855 2825 1987 2895 σφό-

405 2907 507 2984 δρα
540 2911 801 2981 ἐπιθυμεῖ
827 2912 927 2981 τῆς
963 2912 1241 2983 σωτηρίας
1268 2913 1369 2982 τῆς
1405 2913 1710 2985 ἡμετέρας.

476 3027 636 3089 Τίνος
671 3021 769 3080 οὖν
816 3026 1005 3080 ἕνεκεν
1049 3024 1222 3091 οὕτως
1252 3025 1400 3098 ἡμᾶς
1428 3030 1643 3101 ἀγαπᾷ,
1684 3030 1779 3084 καὶ
1823 3031 1987 3085 πόθεν

406 3114 549 3167 οὓτω
598 3113 780 3183 φιλεῖ;
825 3113 958 3166 Ἀπὸ
993 3114 1334 3185 ἀγαθότητος
1381 3116 1549 3187 μόνης
1574 3136 1588 3151 ο
1621 3121 1655 3191 ή
1684 3118 1793 3191 7&9
1827 3119 1989 3192 χάρις

407 3200 745 3270 ἀγαθότητός
792 3201 932 3256 ἐστι.
976 3203 1074 3255 Διὰ
1106 3202 1267 3255 τοῦτό
1313 3220 1499 3274 φησιν,
1535 3208 1642 3272 Είς
1675 3208 1991 3262 υἱοθεσίαν

407 3288 567 3359 ἡμᾶς
591 3288 906 3357 προώρισε,
950 3289 1139 3354 θέλων,
1173 3291 1263 3345 καὶ
1298 3293 1505 3364 σφόδρα
1537 3293 1699 3349 τοῦτο
1732 3295 1990 3368 βουλόμε-

408 3395 521 3443 νος,
551 3377 639 3430 ἴνα
660 3379 694 3448 ἡ
716 3375 819 3447 τῆς
843 3377 1066 3449 χάριτος
1087 3377 1257 3433 αὑτοῦ
1282 3379 1411 3445 δόξα
1436 3381 1643 3453 δειχθῇ.
1682 3384 1846 3438 Κατὰ
1876 3385 1989 3454 τὴν

409 3465 694 3518 εὐδοκίαν
727 3464 835 3518 τοῦ
864 3465 1202 3537 θελήματος
1224 3467 1434 3533 αὐτοῦ,
1477 3472 1662 3542 φησὶν,
1700 3474 1787 3538 είς
1816 3472 1986 3529 ἐπαι-

409 3568 521 3605 νον
550 3551 735 3621 δόξης
767 3551 877 3621 τῆς
913 3552 1156 3623 χάριτος
1195 3557 1405 3625 αὐτοῦ,
1433 3558 1504 3612 ἐν
1542 3553 1585 3632 ᾗ
1624 3560 1990 3629 ἐχαρίτωσεν

409 3640 567 3709 ἡμᾶς
593 3642 663 3693 ἐν
714 3640 795 3707 τῷ
817 3642 1201 3713 ἠγαπημένῳ.
1232 3645 1348 3699 Ἵνα
1374 3650 1407 3717 ὴ
1438 3648 1540 3718 τῆς
1576 3649 1797 3719 χάριτος
1823 3651 1991 3704 αὐτοῦ

408 3729 537 3793 δόξα
586 3729 794 3801 δειχθῇ,
842 3732 1031 3801 φησὶν,
1080 3727 1207 3807 ἐνῇ
1256 3733 1591 3805 ἐχαρίτωσεν
1626 3739 1773 3809 ἡμᾶς
1810 3739 1868 3793 ὲν
1911 3740 1995 3809 τῷ

409 3816 773 3887 ἠγαπημένφσ

482 3932 551 3993 γ’.
569 3924 779 3979 Οὐκοῦν
792 3927 932 3990 είείς
950 3926 1108 3980 τοῦτο
1122 3929 1477 4000 ἐχαρίτωσεν,
1500 3932 1580 3994 είς
1600 3932 1820 3987 έπαινον
1830 3934 1989 4005 δόξης

412 4015 430 4087 ξ
437 4014 492 4087 6]
524 4014 622 4084 τῆς
643 4014 864 4085 χάριτος
881 4015 1067 4080 αὐτοῦ,
1092 4019 1187 4069 καὶ
1208 4016 1294 4070 ἴνα
1319 4016 1470 4092 δείξῃ
1492 4019 1592 4091 τήν
1612 4021 1773 4093 χάριν
1797 4023 1986 4091 αὑτοῦ,

415 4102 689 4171 μείνωμεν
706 4102 764 4154 ἐν
776 4101 937 4173 αὐτῇ.
954 4103 1058 4169 Εἰς
1076 4103 1335 4158 ἔπαινον
1347 4104 1553 4174 δόξης.
1580 4106 1645 4161 Τί
1660 4112 1775 4162 ἐστι
1795 4111 1955 4165 τοῦτο
1971 4128 1995 4177 ;.

413 4190 500 4241 ἵνα
554 4206 641 4252 τις
693 4188 861 4242 αὑτὸν
895 4189 1197 4261 ἐπαινέσῃ;
1248 4192 1337 4246 ἵνα
1384 4210 1470 4257 τις
1517 4194 1750 4267 δοξάσηὲ
1801 4200 1985 4269 ἡμεῖςν

415 4276 656 4344 ἄγγελοι,
705 4276 1061 4346 ἁρχάγγελοι,
1113 4278 1253 4333 ἀλλά
1294 4280 1448 4336 πᾶσα
1473 4283 1507 4353 ή
1545 4283 1754 4350 κτίσις;
1785 4287 1896 4339 Καὶ
1935 4288 1990 4342 τί

413 4364 603 4429 10510;
631 4365 796 4418 Οὐδέν
824 4381 839 4397 ο
868 4365 1118 4429 ἀνενδεές
1144 4365 1252 4436 7&9
1280 4367 1340 4420 τὸ
1366 4368 1542 4424 Θεῖον.
1565 4370 1722 4434 Τίνος
1744 4370 1839 4427 οὖν
1873 4374 1986 4428 ἓνε-

414 4464 507 4533 κεν
538 4450 784 4522 βούλεται
803 4453 1150 4508 ἐπαινεῖσθαι
1170 4455 1266 4509 καὶ
1285 4455 1607 4521 δοξάζεσθαι
1634 4461 1767 4530 παρ’
1796 4462 1987 4533 ήμῶν-;

417 4532 578 4591 Ὥστε
601 4538 702 4607 τὴν
728 4540 865 4610 πρὸς
894 4540 1055 4594 αὑτὸν
1081 4542 1304 4614 ἀγάπην
1323 4543 1663 4618 θερμοτέραν
1679 4550 1811 4618 ἡμῖν
1827 4532 1987 4620 έγγε-

412 4627 619 4680 νέσθαι.
649 4628 875 4692 Οὐδενὸς
909 4629 1018 4700 γὰρ
1050 4631 1259 4700 ἐφίεται
1289 4632 1399 4687 τῶν
1430 4636 1562 4705 παρ’
1591 4637 1773 4706 ήμῶν,
1806 4639 1920 4693 ἀλλ’
1954 4642 1987 4711 ἢ

412 4714 510 4784 τῆς
562 4714 835 4785 σωτηρίας
882 4715 1073 4786 μόνης,
1123 4719 1185 4771 οὐ
1219 4719 1519 4786 διακονίας,
1569 4724 1631 4775 οὑ
1665 4724 1843 4795 δόξης,
1889 4729 1989 4784 οὑκ

412 4802 574 4856 ἄλλου
619 4803 856 4867 οὐδενὸς,
889 4805 984 4857 καὶ
1019 4807 1200 4861 πάντα
1236 4808 1327 4861 διὰ
1372 4810 1539 4863 τοῦτο
1566 4814 1731 4867 ποιεῖ.
1781 4815 1841 4868 '0
1877 4815 1988 4886 7&9

412 4894 649 4946 ἐπαινῶν
681 4894 773 4946 καὶ
802 4894 1099 4965 θαυμάζων
1128 4896 1226 4968 τὴν
1253 4900 1333 4963 εἰς
1373 4900 1537 4953 αὐτὸν
1571 4903 1734 4973 χάριν
1759 4919 1988 4975 γεγενη-

416 4981 605 5061 μένην,
651 4982 1156 5056 προσεκτικώτερος
1208 4984 1363 5039 ἔσται
1403 4988 1498 5040 καὶ
1545 4990 1985 5061 σπουδαιότερος.

413 5056 526 5133 *Ης
554 5071 922 5139 ἐχαρίτωσεν
952 5074 1126 5143 ἡμᾶς,
1158 5076 1342 5147 φησίν.
1384 5080 1499 5131 Οὐκ
1524 5074 1699 5145 εἶπεν,
1725 5075 1834 5144 ’Ἡς
1858 5056 1987 5152 ἐχα-

416 5155 619 5224 ρίσατο,
655 5158 795 5225 ἀλλ’,
834 5161 1226 5230 Ἑχαρίτωσεν
1251 5164 1443 5234 ἡμᾶς·
1478 5166 1755 5221 τουτέστιν
1788 5170 1849 5220 σὺ
1888 5172 1991 5239 μόον

411 5259 499 5293 νον
525 5244 938 5317 ἁμαρτημάτων
980 5249 1314 5320 ἀπήλλαξεν,
1356 5253 1494 5306 ἁλλά
1520 5255 1615 5307 καὶ
1646 5256 1987 5327 ἐπεράστους

413 5330 658 5399 ἐποίησε.
727 5334 996 5405 Καθάπερ
1063 5336 1129 5389 ἂν
1184 5340 1237 5392 εί
1301 5356 1386 5402 τις
1451 5340 1630 5395 λαϐὼν
1692 5343 1987 5414 γψωραλέον

410 5417 553 5482 τινά,
586 5420 681 5471 καὶ
722 5420 897 5493 λοιμῷ
945 5426 1038 5478 καὶ
1075 5426 1214 5497 νόσῳ
1243 5427 1661 5501 διεφθαρμένον,
1697 5434 1792 5486 καὶ
1838 5435 1991 5505 γήρᾳ

412 5505 506 5593 καὶ
534 5506 701 5579 πενίᾳ
731 5508 827 5562 καὶ
856 5510 1023 5581 λιμῷ,
1060 5512 1267 5577 εὐθέως
1297 5515 1573 5588 εὔμορφον
1599 5519 1865 5591 νεώτερον
1893 5523 1985 5593 ἐρ-

412 5591 659 5677 γάσαιτο,
686 5595 891 5660 πάντας
905 5597 1225 5669 ἀνθρώπους
1255 5603 1492 5656 νικῶντα
1513 5605 1589 5675 τῷ
1619 5607 1826 5673 κάλλει,
1858 5591 1985 5677 σφο-

412 5672 542 5747 δρὰν
565 5693 590 5719 δ
617 5681 718 5750 μὲν
740 5683 839 5753 τὴν
862 5685 1034 5755 αὐγὴν
1066 5688 1295 5756 ἀφιέντα
1321 5690 1427 5744 ἀπὸ
1457 5692 1561 5745 τῶν
1591 5696 1854 5766 παρειῶν,
1890 5699 1980 5750 καὶ

474 5886 504 5922 ο
527 5878 679 5934 More}
704 5925 713 5945 ,
747 5890 948 5945 σφόδρα.

2083 443 2183 507 τὰς
2223 455 2594 520 μαρμαρυγὰς
2631 457 2724 509 τοῦ
2760 460 2909 529 ἡλίου
2940 460 3358 534 ἀποκρύπτοντα
3393 470 3508 533 ταῖς
3539 473 3647 528 τῶν

2083 535 2375 633 οφθαλμῶν
2396 541 2613 633 βολαῖς,
2644 541 2762 601 εἶτα
2787 550 2844 601 ἐν
2867 551 3014 621 αὐτῷ
3051 559 3408 627 καταστήσειε
3436 560 3514 630 τῷ
3547 562 3648 633 τῆς

2085 624 2493 718 ήλικίαςάνθει,
2530 633 2625 685 καὶ
2656 636 2796 702 μετά
2828 637 2985 691 τοῦτο
3028 624 3319 713 ἁλουργίδα
3363 624 3649 718 περίὸάλοι

2085 715 2180 766 καὶ
2208 714 2446 788 διάδημα
2486 720 2582 773 καὶ
2626 723 2805 776 πάντα
2834 725 2928 780 τὸν
2961 728 3166 798 κόσμον
3196 732 3287 785 τὸν
3328 714 3609 803 βασιλικόν
3632 752 3647 767 ·

2083 803 2575 895 οὖτωςᾼέξήσκησε
2619 812 2717 882 τὴν
2755 813 2932 886 ψυχὴν
2959 817 3143 888 ήμῶν,
3187 823 3282 875 καὶ
3331 824 3506 895 καλὴν
3556 827 3651 879 καὶ

2083 890 2340 983 ποθεινὴν
2369 896 2464 949 καὶ
2493 898 2794 970 ἐπέραστον
2823 904 3099 976 ἐποίησεν.
3154 890 3511 979 Ἐπιθυμοῦίῒι
3542 912 3654 983 γὰρ

2085 979 2307 1072 ἄγγελοι
2328 985 2649 1057 παρακύψαι
2667 990 2803 1061 πρὸς
2828 992 2927 1063 τὴν
2947 995 3204 1067 τοιαύτην
3219 996 3419 1070 ψυχὴν,
3444 979 3652 1072 ἀρχάγλ-

2084 1068 2258 1135 γελοι,
2308 1073 2479 1127 πᾶσαι
2529 1075 2588 1127 αἱ
2627 1075 2784 1131 ἄλλαι
2823 1078 3101 1152 δυνάμεις.
3146 1068 3654 1157 Οὕτως-ἡμᾶςκαὶ

2085 1159 2412 1229 ἐπιχάριτας
2452 1162 2701 1232 ἐποίησε,
2737 1166 2833 1219 καὶ
2864 1167 3044 1240 έαυτῷ
3076 1169 3380 1236 ποθεινούς.
3420 1174 3652 1228 Ἐπιθυ-

2080 1248 2269 1318 μήσει
2294 1251 2425 1322 γὰρ,
2460 1256 2646 1325 φησὶν,
2675 1259 2709 1310 ό
2728 1257 3029 1325 βασιλεὺς
3066 1261 3172 1315 τοῦ
3211 1262 3479 1329 κάλλους
3513 1281 3651 1320 σου.

2088 1339 2231 1411 Ὅρα
2249 1340 2359 1414 γὰρ
2386 1336 2473 1396 οἷα
2502 1344 2610 1414 πρὸ
2635 1345 2829 1399 τούτου
2858 1347 3127 1419 ἐπιϐλαὸἦ
3155 1348 3534 1421 φθεγγόμενοι,
3566 1348 3656 1409 οἷα,

2085 1430 2504 1500 κεχαριτωμένα
2524 1431 2747 1505 ῥήματα
2766 1434 3115 1505 φθεγγόμεθα
3135 1438 3248 1493 νῦν.
3272 1441 3467 1494 Οὐκέτι
3492 1442 3657 1495 πλοῦ-

2086 1534 2179 1571 τον
2213 1517 2586 1591 θαυμάζομεν,
2618 1523 2802 1576 οὐκέτι
2830 1524 2900 1577 τά
2926 1525 3181 1593 ἐνταῦθα,
3216 1527 3354 1582 ἀλλά
3393 1530 3460 1583 τὰ
3489 1532 3655 1601 οὐράς

2086 1625 2177 1663 νια
2212 1611 2307 1664 καὶ
2342 1610 2413 1665 τὰ
2443 1613 2502 1666 ἐν
2533 1615 2646 1677 τοῖς
2689 1614 2960 1685 οὐρανοῖς.
2995 1616 3130 1687 Οὐχὶ
3161 1618 3353 1689 χαρίεν
3376 1621 3552 1672 ἐκεῖνο
3595 1621 3657 1673 τὸ

2086 1699 2302 1756 παιδίον
2326 1694 2467 1755 εἷναί
2493 1718 2696 1772 φαμεν,
2727 1705 2866 1777 ὅπερ
2894 1705 2960 1759 ἂν
2995 1707 3133 1777 μετά
3158 1707 3261 1778 τῆς
3284 1708 3378 1761 τοῦ
3406 1706 3658 1780 σώματος

2088 1785 2238 1859 ὥρας
2264 1788 2363 1842 καὶ
2404 1789 2606 1861 πολλὴν
2657 1790 2770 1861 ἔχει
2813 1793 2917 1862 τὴν
2959 1794 3018 1847 ἐν
3044 1796 3159 1859 τοῖς
3200 1796 3410 1867 ῥήμασι
3459 1798 3656 1868 χάριν;

2088 1876 2332 1931 Τοιοῦτοί
2363 1878 2500 1933 είσιν
2525 1882 2573 1933 οί
2607 1881 2808 1935 πιστοί.
2846 1884 2988 1953 Ὅρα
3010 1880 3099 1938 οἵα
3131 1884 3455 1955 φθέγγονται
3484 1888 3533 1940 οἱ
3562 1906 3655 1958 με·

2076 1966 2381 2038 .μυημένοι.
2416 1964 2482 2021 τί
2517 1968 2632 2041 γάρ
2654 1968 3004 2043 χαριέστερον
3038 1973 3248 2028 ἐκείνου
3272 1975 3365 2029 τοῦ
3394 1977 3661 2047 στόματος

2089 2058 2285 2126 γένοιτ’
2313 2059 2400 2123 ἂν,
2446 2058 2541 2111 τοῦ
2578 2059 2650 2112 τὰ
2687 2058 2973 2131 θαυμαστά
3004 2062 3221 2134 ῥήματα
3248 2063 3521 2133 ἀφιέντος,
3566 2069 3660 2121 καὶ

2090 2144 2303 2217 καθαρᾷ
2323 2145 2520 2217 καρδίᾳ
2553 2146 2649 2201 καὶ⁵
2673 2148 2936 2220 καθαροῖς
2966 2150 3169 2221 χείλεσι
3209 2153 3659 2224 μεταλαμϐάνον-

2089 2248 2179 2297 τος
2195 2233 2474 2305 τραπέζης
2493 2235 2763 2305 μυστικῆς
2778 2236 3031 2308 τοιαύτης
3047 2238 3185 2307 μετά
3200 2239 3402 2311 πολλῆς
3418 2243 3517 2312 τῆς
3528 2243 3594 2295 λα
3603 2261 3663 2314 μ-

2090 2323 2359 2395 πρότητος
2378 2325 2474 2377 καὶ
2488 2321 2589 2394 τῆς
2616 2326 2963 2396 παρῤησίας;
2987 2327 3040 2382 τί
3061 2329 3410 2401 χαριέστερον
3430 2331 3540 2386 τῶν
3565 2335 3662 2404 91;-

2092 2414 2297 2484 μάτων,
2318 2414 2384 2467 δι’
2412 2405 2491 2469 ὧν
2506 2414 2926 2486 ἀποτασσόμεθα
2945 2414 3023 2487 τῷ
3053 2415 3315 2490 διασόλῳ;
3336 2420 3403 2474 δι’
3430 2414 3505 2475 ὧν
3532 2439 3657 2476 συν-

2084 2502 2397 2574 τασσόμεθα
2412 2502 2489 2575 τῷ
2508 2503 2733 2577 Χριστῷ
2748 2523 2763 2571 ;
2782 2508 2881 2575 τῆς
2892 2508 3183 2578 ὁμολογίας
3205 2510 3420 2582 ἐκείνης
3437 2515 3536 2583 τῆς
3552 2508 3661 2581 πρό

2084 2593 2180 2646 τοῦ
2198 2592 2456 2665 λουτροῦ;
2485 2593 2587 2665 τῆς
2614 2596 2753 2665 μετά
2770 2596 2832 2650 τδ
2858 2597 3109 2667 λουτρόν;
3154 2597 3526 2672 Ἐννοήσωμεν
3544 2603 3659 2656 ὅσοι

2084 2682 2470 2754 διεφθείραμεν
2493 2683 2554 2737 τὸ
2578 2684 2882 2756 βάπτισμα,
2901 2689 2995 2743 καὶ
3018 2690 3381 2761 στενάξωμεν,
3397 2691 3485 2747 ἵνα
3502 2693 3660 2764 δυνη-

2087 2774 2271 2847 θῶμεν
2302 2774 2435 2828 αὐτδ
2455 2775 2619 2829 πάλιν
2643 2776 2953 2835 ἀναλαδεῖν.
2981 2778 3087 2833 Διὰ
3115 2781 3220 2835 τοῦ
3248 2780 3661 2852 ἠγαπημένον,

2086 2871 2270 2939 φησὶν,
2326 2869 2397 2921 ἐν
2445 2861 2493 2934 ᾧ
2531 2869 2753 2937 ἔχομεν
2801 2869 2919 2937 τὴν
2963 2870 3374 2938 ἀπολύτρωσιν
3412 2872 3510 2927 διὰ
3553 2871 3661 2928 τοῦ

2085 2957 2330 3025 αἵματος
2365 2955 2572 3009 αὐτοῦ.
2611 2956 2770 3023 Πῶς;
2797 2957 2871 3009 υὺ
2911 2957 3071 3026 μόνον
3099 2960 3181 3012 ὅτι
3210 2958 3301 3011 τὸν
3331 2957 3459 3011 Υἱὸν
3492 2959 3659 3013 ἔδωκε

2085 3044 2418 3114 θαυμαστὸν,
2443 3044 2559 3096 ἀλλ’
2584 3044 2665 3098 ὅτι
2695 3044 2788 3097 καὶ
2811 3042 2985 3116 τούτῳ
3010 3045 3086 3115 τῷ
3115 3046 3320 3116 τρόπῳ,
3351 3045 3493 3100 ὥστε
3526 3065 3663 3115 σφα-

2084 3132 2250 3202 γῆναι
2279 3134 2306 3172 b
2333 3132 2495 3186 αὑτὸν
2523 3130 2615 3186 τδν
2652 3132 3033 3202 ἀγαπώμενον.
3070 3132 3248 3204 Πολλὴ
3279 3137 3310 3203 ἡ
3345 3136 3614 3207 ὑπερϐολή
3642 3153 3656 3168 ο

2084 3218 2177 3276 τδν
2206 3216 2568 3292 ἀγαπώμενον
2594 3219 2732 3292 ὑπὲρ
2759 3222 2866 3274 τῶν
2899 3221 3239 3292 μισουμένων
3270 3222 3489 3279 ἔδωκεν.
3521 3226 3660 3296 Ὅρα

2086 3309 2257 3361 πόσου
2306 3309 2453 3378 ἡμᾶς
2497 3310 2742 3378 τιμᾶται.
2784 3309 2997 3383 Είηὸτε
3028 3308 3189 3361 αὐτὸν
3228 3310 3525 3380 ἐμισοῦμεν
3564 3312 3662 3365 καὶ

2088 3398 2272 3470 ἐχθροὶ
2297 3389 2331 3467 ἧ
2341 3415 2459 3467 μεν,
2487 3397 2582 3451 καὶ
2601 3395 2966 3467 ἀγαπώμενον
2991 3394 3071 3468 [7]
3111 3396 3277 3451 ἔδωκε
3302 3413 3316 3427 '
3347 3398 3397 3450 τί
3420 3399 3481 3453 οὗ
3507 3401 3661 3470 ποιή-

2089 3501 2172 3541 σει
2197 3486 2402 3549 λοιπὸν,
2432 3486 2562 3539 ὅταν
2586 3486 2765 3556 τούτῳ
2798 3485 3229 3555 καταλλαγῶμεν
3258 3487 3344 3540 διὰ
3371 3488 3472 3556 τῆς
3501 3490 3659 3559 χάρι-

2085 3588 2211 3641 τος;
2279 3575 2398 3641 Τὴν
2463 3571 2703 3642 ἄφεσιν,
2765 3574 2920 3644 φησὶ,
2972 3571 3089 3627 τῶν
3151 3576 3660 3641 παραπτωμάτων.

2091 3663 2332 3717 Ἀνωθεν
2382 3663 2533 3717 κάτω
2577 3661 2822 3716 κάτεισι·
2870 3663 3133 3734 πρότερον
3179 3661 3449 3717 υἱοθεσίαν
3492 3664 3663 3719 εἰπὼν

2088 3754 2184 3806 καὶ
2221 3750 2491 3823 ἀγιασμδν
2531 3751 2625 3805 καὶ
2654 3750 2940 3822 ἀμώμους,
2986 3750 3083 3806 καὶ
3118 3752 3243 3805 τότε
3273 3752 3334 3806 τὸ
3367 3754 3557 3819 πάθος,
3598 3757 3659 3807 ού

2090 3840 2430 3912 μειῶν,.οὐδὲ
2471 3840 2580 3894 ἀπὸ
2627 3840 2735 3894 τῶν
2788 3839 3037 3910 μεγάλων
3069 3841 3163 3893 ἐπὶ
3197 3840 3265 3894 τά
3313 3841 3483 3913 μικρὰ
3526 3860 3660 3896 κατ-ο

2089 3931 2238 3998 ἀγων
2266 3928 2356 3983 τὸν
2382 3929 2559 3998 λόγον,
2578 3929 2696 3982 ἀλλ’
2725 3929 2834 3983 ἀπὸ
2858 3927 2968 3982 τῶν
2990 3928 3200 3999 μικρῶν
3230 3929 3323 3982 ἐπὶ
3349 3929 3419 3983 τὰ
3448 3930 3664 4001 μεγάλα

2088 4017 2275 4071 ἀνιών.
2314 4016 2480 4070 Οὐδὲν
2509 4018 2616 4086 γὰρ
2644 4015 2786 4069 οὕτω
2823 4015 2984 4086 μέγα,
3012 4014 3088 4080 ὠς
3107 4014 3167 4069 τὸ
3197 4010 3336 4086 αἷμα
3364 4017 3664 4087 ἐκχυθῆναι

2090 4106 2183 4159 τοῦ
2229 4103 2365 4158 Θεοῦ
2394 4116 2418 4145 ο
2456 4104 2597 4176 ὑπὲρ
2627 4103 2787 4174 ἡμῶν
2812 4122 2827 4136 ·
2862 4103 2957 4157 καὶ
2990 4102 3088 4174 τῆς
3118 4103 3390 4170 υἱοθεσίας
3432 4106 3527 4159 καὶ
3553 4106 3670 4161 τῶν

2089 4195 2267 4251 ἀλλων
2298 4193 2515 4264 δωρεῶν
2550 4192 2708 4247 τοῦτο
2741 4195 2946 4264 μεῖζον,
2991 4192 3054 4247 τό
3083 4194 3217 4265 μηδὲ
3260 4194 3354 4249 τοῦ
3384 4196 3515 4249 Υῖοῦ
3548 4199 3664 4266 φεί-

2092 4283 2312 4339 σασθαι.
2349 4281 2509 4350 Μέγα
2536 4283 2645 4355 7&9
2672 4281 2734 4336 τὸ
2762 4282 3031 4352 ἀφεθῆναι
3074 4282 3185 4336 τῶν
3221 4284 3663 4357 ἁμαρτημάτων,

2090 4370 2230 4429 ἀλλά
2257 4372 2321 4426 τὸ
2346 4372 2553 4443 μεῖζον,
2586 4372 2646 4425 τὸ
2680 4370 2769 4425 διά
2800 4372 2896 4426 τοῦ
2929 4371 3158 4441 αἵματος
3177 4371 3272 4425 τοῦ
3305 4374 3656 4428 Δεσποτικοῦ.

2092 4457 2215 4516 Ὅτι
2243 4461 2352 4533 7&9
2378 4460 2537 4513 τοῦτο
2559 4458 2738 4529 πολλῷ
2770 4457 2952 4529 μεῖζον
2978 4457 3252 4521 ἁπάντων,
3286 4460 3391 4531 δρα
3421 4463 3539 4524 πῶς
3569 4464 3664 4515 καὶ

2092 4551 2326 4607 ἐνταῦθα
2343 4550 2604 4622 ἀνεϐόησε
2622 4549 2798 4618 λέγων
2818 4565 2835 4582 ο
2851 4548 3015 4603 Κατὰ
3034 4550 3140 4601 τὸν
3160 4550 3428 4604 πλοῦτον
3444 4551 3550 4619 τῆς
3567 4548 3666 4620 χά-

2083 4641 2468 4713 ριτοςαύτοῦ,
2484 4632 2557 4713 ἧς
2572 4640 3105 4708 ἐπερίσσευσενείς
3118 4634 3294 4707 ἡμᾶς.
3306 4640 3542 4702 Πλοῦτος
3564 4644 3665 4712 μὲν

2092 4731 2199 4801 7&9
2244 4731 2513 4796 κάκεῖνος,
2552 4726 2732 4797 πολλῷ
2762 4727 2820 4780 δὲ
2862 4726 3025 4778 πλέον
3057 4720 3229 4789 οὗτος.
3274 4720 3379 4793 τΗς
3421 4728 3664 4795 ἐπερίσ-

2091 4832 2303 4882 σευσε,
2334 4817 2530 4888 φησὶν,
2571 4818 2659 4881 είς
2689 4812 2868 4883 ἡμᾶς.
2901 4814 3011 4867 Καὶ
3040 4812 3289 4877 πλοῦτος,
3322 4814 3437 4879 καὶ,
3486 4814 3662 4867 Ἐπε-

2084 4908 2408 4977 ρίσσευσε,
2454 4904 2726 4968 τουτέστι,
2775 4903 2999 4971 ἀφάτως
3032 4902 3286 4972 ἐξεχύθη.
3324 4905 3439 4957 Οὐκ
3486 4903 3663 4957 ἔνεστι

2090 4997 2232 5066 λόγῳ
2265 4992 2637 5066 παραστῆσαι,
2681 4987 2756 5047 ὧν
2782 4990 2871 5046 διά
2916 4991 3023 5045 τῶν
3057 4990 3235 5061 ἔργων
3264 4992 3661 5063 ἐπειράθημεν.

2090 5082 2329 5146 Πλοῦτος
2380 5080 2489 5151 γάρ
2550 5081 2688 5142 ἐστι,
2745 5077 2976 5142 πλοῦτος
3012 5077 3373 5148 περισσεύων,
3429 5079 3661 5144 πλοῦτος

2090 5172 2188 5224 οὐκ
2216 5168 2539 5242 ἀνθρώπων,
2581 5166 2719 5220 ἀλλὰ
2757 5165 2915 5232 Θεοῦ,
2949 5162 3090 5219 ὥστε
3129 5166 3469 5236 πανταχόθεν
3508 5168 3659 5237 ἀμήο

2088 5274 2250 5327 χανον
2274 5257 2433 5309 αὺτὸν
2464 5254 2739 5324 λεχθῆναι.
2769 5253 2995 5316 Δεικνὺς
3018 5253 3076 5306 δὲ
3099 5251 3214 5314 πῶς
3236 5253 3319 5314 εἰς
3339 5253 3659 5324 περισσείαν

2089 5345 2308 5405 ἔδωκεν,
2372 5344 2476 5396 Ἐν
2522 5343 2694 5407 πάσῃ
2738 5341 2929 5408 σοφίᾳ
2981 5340 3080 5392 καί
3128 5338 3444 5406 φρονήσει,
3499 5343 3663 5410 φησὶ,

2088 5431 2385 5500 γνωρίσας
2411 5427 2554 5498 ἡμῖν
2586 5427 2653 5480 τὸ
2684 5426 3024 5494 μυστήριον
3054 5422 3161 5479 τοῦ
3185 5425 3521 5495 θελήματος
3547 5430 3661 5481 αὐ-

2086 5519 2226 5573 τοῦ’
2273 5516 2541 5578 τουτέστι,
2588 5515 2785 5583 σοφοὺς
2825 5517 2917 5567 καὶ
2961 5514 3258 5585 φρονίμους
3294 5517 3527 5586 ποιήσας
3558 5516 3661 5588 τὴν

2086 5604 2253 5668 ὅντως
2282 5606 2493 5675 σοφίαν,
2526 5604 2624 5673 τὴν
2651 5603 2817 5665 ὅντως
2851 5603 3125 5672 φρόνησιν.

2150 5776 2175 5815 b
2203 5770 2406 5834 Quidam
2430 5786 2565 5829 mss.,
2596 5774 2781 5834 σφάξαι,
2804 5774 2949 5834 male.

2150 5840 2169 5862 ε
2191 5833 2574 5903 ‘Al_i_i,_105.)‘105.
2616 5832 2739 5903 Infra
2766 5832 2912 5903 Sgn'il.
2944 5839 2993 5903 εί
3018 5832 3368 5903 Μαι-(ξίκῐηειε.
3397 5838 3459 5895 μή
3483 5838 3571 5903 γὰρ
3596 5840 3661 5889 τὸ

2096 5898 2228 5958 ἀφεθ.
2251 5896 2591 5951 ί.ὀἱειιιιὶιιιιυς,
2618 5897 2735 5955 μέγα
2755 5896 2862 5957 γάρ,
2888 5903 2939 5944 ει
2956 5898 3027 5944 sic
3049 5896 3168 5956 legit
3194 5896 3462 5957 imerpreo.
