4060 6400
316 380 385 436 l3
1235 379 1303 436 ΙΝ
1341 378 1556 437 εριετ.
1600 384 1691 438 AD
1732 382 1868 438 EPH

2016 383 2166 441 CAP.
2214 386 2255 443 l.
2300 390 2529 446 ιιοιιηι.
2573 391 2614 444 ἴ.
3514 404 3583 458 N

310 495 788 565 dispensationem.
823 493 931 550 Sed
955 508 1129 565 neque
1152 511 1181 549 a
1205 496 1315 550 sola
1344 497 1566 552 caritate
1594 538 1606 561 ,
1654 512 1824 565 neque
1862 486 1915 550 a-

311 600 491 642 nostra
540 589 769 651 virtute,
821 588 913 642 sed
951 604 1017 642 ex
1061 587 1322 659 utrisque.
1371 587 1536 659 Elegit
1580 590 1722 643 enim
1765 606 1888 655 nos,

311 683 483 753 inqmt
516 700 529 735 :
558 682 647 752 qui
677 690 855 737 autem
882 682 1064 752 eligit,
1093 684 1195 736 scit
1217 684 1340 752 qttid
1364 684 1543 753 eligat.
1572 683 1637 737 In
1659 683 1888 747 caritate,

307 774 499 843 inquit,
532 773 907 845 prwdestinavit
934 791 1042 829 nos.
1079 774 1290 830 Nullum
1320 776 1461 830 enim
1490 776 1697 829 salvum
1724 777 1889 832 fecis-

306 876 387 919 set
413 865 601 932 virtus,
636 865 735 919 nisi
765 875 909 921 esset
937 867 1154 921 caritas.
1201 865 1368 933 Nam,
1417 868 1504 922 dic
1549 868 1712 933 mihi,
1761 867 1889 938 quid

306 958 595 1026 profuisset
622 957 808 1023 Paulo,
841 969 892 1012 et
919 957 1045 1028 quid
1077 958 1340 1013 eli'ecisset
1364 999 1379 1023 ,
1412 960 1511 1013 nisi
1544 960 1716 1030 ipsum
1761 974 1889 1013 evo-

301 1062 476 1104 casset
501 1058 531 1104 e
556 1051 783 1119 superis,
814 1059 867 1105 et
892 1049 1144 1105 dilectum
1162 1050 1229 1106 ad
1255 1067 1311 1106 se
1334 1053 1626 1109 traxisset?
1649 1053 1886 1123 alioquin

301 1150 505 1209 autem,
535 1142 678 1212 quod
703 1154 807 1198 tam
840 1143 1020 1198 multis
1044 1142 1291 1213 dignatus
1329 1143 1429 1209 sit,
1470 1144 1708 1199 caritatis
1748 1144 1844 1198 fuit
1866 1184 1883 1211 ,

302 1250 406 1287 non
438 1242 637 1288 nostrze
666 1234 898 1288 virtutis.
933 1233 1062 1288 Nam
1093 1233 1255 1289 fuisse
1272 1235 1441 1291 bonos
1461 1246 1514 1290 et
1534 1235 1729 1290 virtute
1752 1252 1887 1305 prac-

300 1328 440 1383 ditos
485 1337 539 1383 et
578 1328 879 1383 credidisse
924 1336 979 1382 et
1022 1329 1357 1394 accessisse,
1408 1328 1507 1383 fuit
1536 1328 1637 1384 hoc
1663 1328 1884 1399 quidem

300 1420 417 1487 ejus
444 1418 536 1489 qui
566 1420 779 1474 vocavit
799 1462 811 1483 ,
846 1419 937 1474 sed
962 1430 1202 1474 nostrum
1229 1435 1440 1491 quoque
1474 1438 1487 1475 :
1519 1422 1661 1491 quod
1701 1432 1880 1476 autem

298 1528 419 1566 ctun
448 1512 863 1568 accessissemus
888 1525 994 1568 tam
1009 1515 1191 1568 multis
1211 1515 1458 1586 dignatus
1479 1516 1547 1570 sit
1565 1515 1880 1581 honoribus,

300 1616 355 1656 ut
399 1603 679 1658 confestim
716 1620 780 1658 ex
831 1605 1106 1660 inimicitia
1136 1606 1357 1662 duceret
1391 1606 1459 1662 ad
1504 1607 1733 1675 ﬁliorum
1780 1607 1880 1661 ad-

296 1696 604 1763 optionem,
632 1706 714 1752 est
765 1713 823 1753 re
850 1714 973 1754 vera
1000 1699 1371 1769 exsuperantis
1395 1700 1652 1755 caritatis.
1688 1700 1790 1768 Qui
1830 1702 1883 1755 in

293 1789 527 1854 caritate,
558 1790 749 1859 inquit,
783 1791 1159 1861 prwdestinavit
1190 1807 1281 1845 nos
1308 1791 1362 1845 in
1390 1792 1715 1863 adoptiuum
1740 1793 1883 1861 [ilio-

294 1896 408 1933 rnm
454 1898 545 1950 per
585 1880 762 1936 Iesum
809 1881 1063 1938 Christum
1109 1884 1163 1936 in
1206 1883 1391 1953 ipsum.
1426 1882 1585 1939 Vides
1609 1884 1881 1954 quomodo

295 1973 425 2025 nihil
457 1974 574 2028 sine
604 1974 855 2028 Christo?
882 1975 1153 2045 quomodo
1197 1975 1327 2029 nihil
1373 1975 1490 2031 sine
1538 1976 1736 2032 Patre?
1785 1977 1879 2033 Ille

292 2065 727 2136 praedestinavit,
762 2067 847 2121 hic
872 2067 1112 2122 adduxit.
1149 2068 1213 2123 Et
1258 2067 1373 2123 haec
1417 2070 1565 2139 ponit
1614 2071 1878 2125 extollens

290 2174 410 2227 qna:
440 2157 577 2211 facta
607 2170 763 2226 sunt,
795 2159 929 2215 sicut
956 2160 1119 2215 etiam
1162 2160 1293 2216 dicit
1336 2161 1464 2216 alibi
1495 2179 1509 2216 :
1544 2160 1667 2216 Non
1713 2164 1876 2217 solum

290 2261 478 2310 autem,
510 2249 599 2304 sed
623 2252 769 2304 etiam
799 2251 1077 2320 gloriamur
1107 2270 1197 2321 per
1224 2252 1500 2308 Dominum
1526 2265 1754 2310 nostrum
1779 2255 1875 2311 Je-

289 2359 403 2397 smn
432 2342 688 2396 Christum
729 2341 922 2412 (Rom.
971 2346 1025 2400 5.
1077 2346 1202 2415 ll).
1248 2346 1378 2400 Nam
1428 2363 1617 2418 magna
1658 2350 1873 2418 quidem

289 2446 413 2489 sunt
438 2451 557 2505 qua:
585 2435 707 2489 data
735 2445 888 2502 sunt,
920 2438 1086 2493 multo
1113 2449 1288 2493 autem
1322 2442 1456 2493 ﬁunt
1483 2441 1705 2511 majora,
1733 2442 1874 2512 quod

289 2526 410 2580 data
441 2530 548 2581 sint
577 2544 672 2597 per
699 2526 1004 2594 Christum;
1039 2532 1176 2598 quod
1209 2549 1310 2585 non
1338 2534 1640 2603 quempiam
1671 2550 1735 2589 ex
1761 2550 1875 2589 ser-

286 2619 369 2673 vis
394 2619 599 2674 miserit
623 2619 690 2674 ad
720 2635 931 2688 servos,
959 2620 1054 2676 sed
1083 2624 1255 2691 ipsum
1288 2622 1647 2695 Unigenitum.
1679 2626 1875 2681 Secun-

288 2724 409 2763 (tum
455 2714 790 2781 prepositum,
840 2715 1032 2782 inquit,
1064 2715 1339 2769 voluntatis
1367 2732 1496 2781 sum;
1522 2718 1577 2773 id
1609 2728 1711 2786 est,
1743 2734 1870 2789 pro-

289 2812 469 2871 pterea
498 2804 639 2874 quod
670 2805 824 2860 valde
854 2808 999 2861 Velit.
1043 2807 1157 2863 Hoc
1179 2818 1282 2872 est,
1317 2820 1372 2863 ut
1400 2810 1472 2865 ita
1508 2812 1679 2866 dicam
1707 2853 1722 2879 ,
1754 2814 1871 2882 ejus

286 2894 630 2949 desiderium.
665 2896 872 2966 Ubique
922 2899 1063 2952 etaim
1111 2904 1300 2954 εὐδοκία
1330 2900 1472 2971 (hoc
1519 2904 1661 2958 enim
1714 2920 1873 2959 voca-

286 2987 467 3040 Indum
502 2988 586 3042 hic
628 3000 852 3058 usurpat
882 2989 1119 3062 Paulus)
1149 3002 1229 3046 est
1261 2995 1506 3049 voluntas
1539 2998 1789 3067 princeps
1818 3009 1871 3052 et

284 3096 403 3149 qnze
429 3082 681 3150 praecedit
704 3100 715 3134 :
737 3093 820 3138 est
845 3085 987 3138 enim
1013 3086 1172 3139 etiam
1199 3086 1300 3140 alia
1330 3088 1579 3144 voluntas
1611 3106 1623 3142 :
1659 3100 1866 3160 utputa,

284 3176 529 3229 voluntas
554 3176 720 3245 prima
768 3187 871 3243 est,
904 3188 962 3232 ut
989 3194 1096 3232 non
1130 3190 1350 3249 pereant
1393 3182 1482 3251 qui
1533 3197 1819 3251 peccarunt
1850 3202 1863 3239 :

282 3268 529 3322 voluntas
568 3270 800 3324 secunda
831 3282 932 3337 est,
967 3282 1023 3325 ut
1045 3273 1134 3341 qui
1166 3272 1286 3327 facti
1316 3284 1440 3328 sunt
1468 3276 1589 3329 mali
1618 3286 1861 3346 pereant.

279 3358 398 3416 Non
443 3364 585 3416 enim
637 3379 729 3420 eos
773 3366 994 3435 Castigat
1021 3366 1313 3421 necessitas
1335 3409 1350 3433 ,
1381 3368 1474 3422 sed
1507 3370 1775 3424 voluntas.
1810 3370 1866 3425 ld

279 3454 444 3505 etiam
477 3452 656 3509 videre
704 3455 832 3511 licet
881 3455 933 3509 in
962 3457 1146 3523 Paulo,
1175 3466 1233 3511 ut
1274 3460 1488 3527 quando
1532 3461 1679 3527 dicit,
1738 3460 1865 3515 Volo

279 3558 455 3596 enines
498 3544 724 3599 homines
769 3561 875 3599 esse
918 3547 1049 3599 sicut
1076 3548 1324 3618 meipsum
1348 3565 1369 3615 ;
1393 3558 1447 3604 et
1476 3565 1661 3605 rursus
1687 3593 1700 3613 ,
1740 3551 1864 3605 Volo

270 3636 507 3706 juniores
542 3637 742 3701 nubere,
798 3638 933 3707 ﬁlios
984 3640 1293 3709 procreare(
1328 3641 1380 3694 1.
1430 3639 1547 3695 Cor.
1590 3641 1643 3696 7.
1694 3643 1756 3701 7;
1810 3644 1861 3698 1.

278 3724 415 3780 Tim.
450 3728 504 3782 5.
538 3727 658 3799 ll).
684 3731 914 3783 Εὺδοκιαν
940 3746 1068 3801 ergo
1096 3732 1320 3801 primam
1345 3731 1474 3786 dicit
1501 3734 1826 3788 voluntatem
1846 3777 1861 3802 ,

279 3820 424 3873 illam
455 3835 573 3888 qum
598 3829 682 3875 est
724 3820 1014 3876 vehemens
1042 3830 1097 3877 et
1116 3823 1387 3878 desiderio
1421 3824 1606 3894 juncta
1639 3841 1864 3895 persua-

276 3914 486 3965 sionem
521 3929 535 3965 :
566 3926 675 3966 non
726 3912 869 3966 enim
919 3914 1179 3968 recusabo
1219 3913 1452 3969 dictione
1499 3914 1577 3970 uti
1623 3931 1863 3972 cominu-

277 4003 452 4065 uiore,
486 4010 543 4056 ut
570 4002 987 4071 simplicioribus
1018 4020 1104 4058 res
1132 4005 1201 4058 sit
1228 4005 1512 4060 dilucidior
1540 4024 1555 4061 :
1584 4007 1662 4062 sic
1683 4008 1824 4062 enim
1844 4049 1860 4073 ,

275 4110 380 4149 nos
404 4094 648 4158 dicimus,
681 4103 808 4151 κατὰ
831 4106 885 4150 τὸ
911 4111 1086 4158 πεῖσμα
1116 4100 1273 4165 ἡμῶν,
1304 4098 1356 4152 id
1400 4108 1484 4153 est
1507 4141 1522 4164 ,
1565 4102 1859 4157 secundum

278 4185 684 4253 persuasionem
726 4195 986 4241 nostram.
1034 4186 1147 4241 Hoc
1190 4203 1318 4257 ergo
1370 4189 1469 4244 sibi
1519 4191 1674 4246 vult:
1706 4191 1863 4249 valde

276 4278 447 4346 cupit,
477 4278 629 4333 valde
655 4279 924 4333 desiderat
948 4290 1183 4335 nostram
1209 4280 1457 4335 salutem.

354 4369 529 4423 Gratia
549 4381 672 4425 esta
697 4372 1142 4427 bonitate.-Cur
1180 4372 1258 4428 sic
1283 4388 1384 4428 nos
1423 4376 1609 4429 amat?
1648 4390 1746 4431 cur
1783 4378 1863 4434 sic

276 4478 381 4517 nos
401 4463 609 4533 diligit?
636 4465 680 4518 A
709 4465 821 4519 sola
853 4464 1090 4520 bonitate
1118 4482 1133 4519 :
1158 4465 1329 4535 gratia
1354 4465 1496 4521 enim
1523 4475 1605 4521 est
1629 4483 1659 4522 a
1702 4470 1859 4524 boni-

276 4563 409 4607 tate.
439 4554 724 4623 Propterea
751 4554 918 4621 dicit,
965 4552 1354 4611 Prtedestinavit
1394 4574 1485 4612 nos
1524 4558 1577 4611 in
1622 4560 1863 4628 adoptio-

275 4663 393 4700 nem
424 4648 665 4713 ﬁliorum,
702 4647 919 4712 volens,
952 4656 1006 4702 et
1031 4646 1318 4703 admodum
1345 4651 1533 4705 volens
1552 4691 1566 4715 ,
1596 4661 1655 4705 ut
1682 4665 1863 4709 osten-

274 4737 438 4792 datur
458 4738 624 4808 gloria
650 4736 765 4807 ejus
787 4738 995 4807 gratite.
1025 4738 1318 4793 Secundum
1348 4743 1663 4809 propositum
1684 4744 1864 4797 volun-

274 4832 395 4884 tatis
422 4846 546 4896 sum,
579 4831 768 4900 inquit,
800 4831 853 4885 6.
883 4832 937 4883 in
964 4831 1166 4884 laudem
1194 4833 1373 4903 gloria:
1396 4834 1575 4903 gratim
1620 4851 1726 4889 sum
1748 4878 1762 4901 ,
1808 4839 1863 4893 in

272 4941 378 4993 qua
420 4924 723 4994 gratiﬁcavit
761 4941 853 4979 nos
897 4926 952 4978 in
997 4925 1199 4980 dilecto.
1252 4925 1323 4982 Ut
1370 4928 1719 4993 ostendatur,
1776 4930 1861 4983 in-

273 5017 413 5086 quit,
441 5014 612 5086 gloria
642 5015 757 5085 ejus
784 5016 1001 5087 gratite,
1034 5017 1089 5071 in
1115 5032 1217 5086 qua
1266 5033 1365 5073 nos
1407 5029 1591 5089 gratos
1637 5019 1764 5075 fecit
1807 5022 1858 5075 in

275 5109 492 5162 ddeeto.

350 5202 404 5255 3.
438 5200 577 5269 Ergo
605 5199 648 5253 si
676 5198 742 5252 ad
777 5198 878 5253 hoc
906 5206 1087 5267 gratos
1117 5199 1272 5264 fecit,
1323 5200 1377 5254 in
1419 5200 1627 5255 laudem
1676 5202 1860 5271 gloria:

275 5295 463 5362 gratim
486 5292 603 5361 ejus
626 5331 642 5357 ,
672 5302 726 5345 et
756 5301 811 5345 ut
834 5291 1145 5346 ostenderet
1182 5293 1299 5362 ejus
1340 5294 1597 5363 gratiam;
1643 5309 1859 5347 manea-

277 5405 399 5440 mus
426 5387 477 5440 in
511 5388 645 5453 ipsa.
677 5385 757 5439 Ad
786 5385 990 5439 laudent
1020 5385 1217 5455 gloriae.
1247 5387 1382 5453 Quid
1414 5386 1514 5440 sibi
1545 5387 1657 5440 vult
1686 5385 1860 5438 illud?

276 5490 337 5531 ut
361 5478 481 5547 quis
504 5478 674 5546 ipsum
709 5477 932 5531 laudet?
971 5487 1025 5530 ut
1070 5476 1190 5545 quis
1236 5477 1407 5546 ipsum
1460 5478 1756 5546 gloriﬁeet?
1804 5486 1865 5531 ut

279 5584 401 5634 nos,
435 5568 642 5638 angeli,
676 5567 1024 5637 archangeli?
1049 5568 1143 5622 sed
1174 5578 1226 5622 et
1253 5569 1427 5623 omnis
1467 5568 1750 5623 creatura?
1800 5568 1863 5622 Et

276 5664 408 5733 quid
443 5662 581 5716 hoc?
609 5659 751 5716 Nihil
782 5677 794 5712 :
827 5661 966 5715 Dens
1009 5661 1150 5714 enim
1202 5661 1347 5714 nullo
1397 5671 1536 5730 eget.
1580 5660 1689 5715 Cur
1733 5676 1863 5729 ergo

279 5757 444 5811 vulta
476 5753 630 5808 nobis
655 5751 857 5806 laudari
883 5761 938 5804 et
967 5750 1289 5820 glorificari?
1334 5750 1399 5806 Ut
1429 5752 1479 5805 in
1508 5753 1677 5821 ipsum
1727 5754 1864 5805 cari-

284 5857 372 5898 tas
392 5849 459 5901 sit
488 5845 541 5901 in
571 5844 724 5900 nobis
749 5841 1063 5899 ferventior.
1097 5843 1174 5898 Ex
1194 5844 1393 5899 nostris
1410 5846 1548 5899 enim
1566 5843 1694 5898 nihil
1721 5843 1862 5899 aliud

2002 501 2149 568 cupit
2171 518 2328 571 quam
2362 515 2597 559 n05tram
2629 508 2855 563 salutem
2889 525 2900 561 :
2935 526 3038 564 non
3070 511 3446 579 ministerium,
3475 534 3581 572 non

1997 591 2241 661 gloriam,
2267 611 2372 650 non
2403 598 2602 666 aliquid
2631 600 2794 666 aliud,
2823 611 2876 655 et
2903 615 3119 672 propter
3150 604 3252 661 hoc
3302 608 3427 662 facit
3466 624 3585 664 om-

1998 684 2105 740 nia.
2138 685 2269 740 Nam
2300 689 2388 757 qui
2431 690 2611 745 laudat
2662 701 2717 746 et
2766 695 3062 750 admiratur
3105 712 3223 753 eam
3270 716 3389 769 quae
3430 702 3481 756 in
3516 713 3576 754 se

1997 773 2135 831 facta
2165 788 2246 832 est
2282 780 2528 849 gratiam,
2561 786 2814 839 attentior
2839 785 2942 840 erit
2980 797 3034 842 et
3080 786 3409 859 diligentior.
3462 794 3578 858 Qua

1994 869 2298 938 gratiﬁcaeit
2326 888 2441 937 nos,
2472 873 2662 944 inquit.
2695 875 2809 932 Non
2837 878 2989 944 dixit,
3014 884 3068 941 ἧς
3089 885 3364 953 δχαρίσατο,
3396 883 3447 937 id
3475 896 3577 951 est,

1994 974 2152 1028 quam
2181 962 2346 1032 gratis
2375 963 2629 1031 donavit,
2657 968 2750 1021 sed
2789 974 3099 1040 δχαρίτωσιν,
3131 971 3185 1025 id
3229 982 3343 1039 est,
3394 984 3581 1044 gratos

1994 1048 2120 1104 fecit
2152 1068 2165 1103 :
2203 1052 2303 1107 hoc
2333 1064 2434 1119 est,
2468 1071 2572 1110 non
2598 1059 2769 1112 solum
2801 1060 3052 1116 liberavit
3076 1078 3105 1116 a
3156 1066 3388 1133 peccantis
3413 1108 3428 1132 ,
3479 1068 3573 1121 sed

1992 1142 2153 1197 etiam
2186 1143 2310 1201 fecit
2345 1148 2623 1205 amabiles.
2662 1150 3123 1218 Quemadmodum
3176 1159 3319 1212 enim
3369 1160 3412 1213 si
3458 1163 3577 1229 quis

1992 1235 2293 1292 scabiosum
2319 1248 2374 1295 et
2400 1250 2549 1309 peste
2571 1258 2635 1297 ac
2665 1245 2854 1299 morbo
2893 1248 3155 1318 senioque
3183 1261 3238 1303 et
3263 1262 3576 1319 paupertate

1989 1341 2052 1381 ac
2081 1326 2223 1384 fame
2246 1331 2549 1388 confectum
2573 1345 2626 1390 et
2656 1337 2940 1406 perditum,
2971 1342 3150 1394 statim
3175 1340 3470 1398 formosum
3498 1346 3577 1399 fe-

1987 1419 2124 1475 cerit
2149 1420 2423 1491 juvenem,
2451 1441 2640 1482 omnes
2669 1427 2914 1483 homines
2936 1432 3333 1500 pulchritudine
3353 1436 3578 1493 vincen-

1990 1520 2117 1579 tem,
2149 1528 2180 1567 e
2208 1514 2591 1595 genisquidem
2618 1520 2957 1588 splendorem
3005 1525 3161 1579 valde
3198 1527 3527 1582 emittentem
3549 1569 3566 1595 ,

1987 1613 2041 1657 et
2067 1605 2374 1661 micantium
2400 1610 2674 1665 oculorum
2699 1612 3140 1682 ejaculationibus
3168 1619 3297 1674 solis
3333 1620 3574 1691 fulgores

1985 1698 2380 1766 occultantem;
2410 1701 2605 1759 deinde
2643 1720 2766 1759 eum
2811 1709 3150 1764 constituerit
3188 1712 3240 1764 in
3282 1711 3398 1781 ipso
3438 1715 3571 1770 ﬂore

1983 1790 2178 1854 aetatis,
2210 1801 2265 1846 et
2294 1802 2477 1862 postea
2509 1810 2629 1849 eum
2660 1812 2895 1867 purpura
2941 1800 3174 1856 induerit
3212 1812 3267 1858 et
3314 1805 3567 1862 diadema

1984 1877 2320 1949 imposuerit,
2350 1891 2406 1938 et
2435 1886 2580 1939 omni
2609 1888 2759 1957 regio
2801 1900 2991 1944 ornatu
3021 1889 3291 1947 decorarit
3321 1911 3335 1946 :
3366 1895 3437 1949 ita
3468 1912 3566 1951 no-

1983 1979 2147 2025 stram
2181 1967 2429 2029 instruxit
2456 1985 2511 2031 et
2538 1978 2749 2032 ornavit
2776 1982 3028 2047 animam,
3064 1983 3446 2056 pulchramque
3486 1988 3567 2043 fc-

1984 2064 2075 2130 cit,
2108 2064 2517 2123 desiderabilem
2549 2078 2603 2123 et
2630 2072 2935 2126 amabilem.
2969 2073 3204 2143 Cupiunt
3229 2078 3371 2131 enim
3393 2080 3565 2148 angeli

1984 2157 2143 2212 talem
2169 2159 2409 2228 aSpicere
2429 2161 2685 2229 animam,
2713 2163 3025 2234 archangeli
3050 2181 3264 2237 quoque
3286 2179 3342 2222 et
3378 2184 3575 2224 omnes

1981 2250 2099 2305 aliae
2120 2249 2381 2307 Virtutes.
2415 2253 2489 2307 Ita
2518 2269 2615 2310 nos
2639 2256 2799 2310 etiam
2843 2256 2969 2312 fecit
3016 2260 3467 2329 gratiOsissimos,
3512 2273 3571 2319 et

1981 2342 2081 2397 sibi
2109 2343 2510 2400 desiderabiles.
2538 2345 2867 2417 Concupiscet
2892 2350 3053 2417 enim,
3087 2352 3279 2422 inquit,
3313 2355 3423 2408 Rea:
3444 2372 3564 2425 spe-

1980 2435 2108 2488 ciem
2146 2434 2331 2506 tuam(
2354 2434 2503 2491 Psal.
2530 2438 2619 2493 44.
2673 2440 2798 2509 12).
2850 2441 2983 2495 Vide
3021 2444 3162 2497 enim
3204 2460 3364 2514 quam
3406 2448 3564 2501 noxia

1979 2534 2134 2580 antea
2164 2526 2461 2596 loquentes,
2492 2538 2687 2597 quanta
2717 2530 2869 2598 plena
2900 2534 3066 2602 gratia
3091 2549 3232 2589 nunc
3261 2535 3561 2605 loquamur.

1977 2618 2095 2673 Non
2124 2620 2350 2689 amplius
2378 2620 2707 2675 admiramur
2726 2622 2939 2678 divitias
2959 2664 2974 2689 ,
3022 2640 3127 2680 non
3169 2627 3400 2697 amplius
3442 2646 3564 2700 qua:

1979 2710 2065 2766 hic
2108 2720 2269 2776 sunt,
2316 2713 2409 2767 sed
2435 2714 2669 2769 caelestia
2695 2725 2749 2769 et
2773 2732 2892 2781 qua:
2920 2728 3045 2771 sunt
3075 2718 3125 2771 in
3165 2720 3333 2774 caelis.
3372 2720 3567 2778 Nonne

1979 2817 2204 2872 puerum
2230 2803 2378 2857 illum
2409 2803 2638 2859 dicimus
2664 2820 2786 2860 esse
2816 2806 3004 2860 scitum
3028 2816 3081 2861 et
3107 2810 3398 2876 gratiosum
3418 2850 3435 2874 ,
3471 2812 3563 2879 qni

1976 2910 2098 2951 cum
2130 2896 2389 2966 elegantia
2421 2906 2475 2952 et
2503 2895 2699 2953 decore
2725 2900 3002 2968 corporis,
3038 2902 3261 2954 multam
3294 2905 3451 2956 etiam
3503 2906 3554 2956 in

1977 2989 2156 3044 verbis
2186 2988 2346 3045 habet
2366 2991 2632 3061 gratiam?
2662 2991 2819 3045 Tales
2844 3002 2971 3047 sunt
2995 2992 3202 3049 ﬁdeles.
3228 2994 3360 3049 Vide
3383 2997 3567 3065 qualia

1977 3080 2268 3152 loquuntur
2295 3083 2383 3151 qui
2412 3091 2536 3136 sunt
2567 3082 2756 3136 initiati
2785 3084 3075 3154 mysteriis.
3119 3085 3254 3152 Quid
3284 3086 3446 3142 fuerit
3470 3088 3565 3140 illo

1974 3188 2071 3228 ore
2098 3174 2382 3243 gratiosius
2402 3214 2417 3240 ,
2450 3174 2593 3244 quod
2630 3175 2793 3230 verba
2839 3178 3038 3232 emittit
3073 3178 3407 3234 admirabilia
3436 3219 3453 3246 ,
3505 3192 3563 3236 et

1972 3266 2174 3319 mundo
2216 3265 2378 3320 corde
2426 3276 2480 3321 et
2532 3268 2744 3322 mundis
2800 3268 2956 3325 labiis
3000 3271 3264 3339 ejusmodi
3319 3275 3561 3343 mystica:

1973 3372 2173 3412 mensae
2202 3368 2284 3412 est
2310 3359 2597 3429 particeps,
2624 3376 2744 3415 cum
2763 3362 2930 3415 multo
2956 3363 3241 3431 splendore
3257 3374 3311 3420 et
3330 3366 3517 3421 ﬁducia
3538 3364 3570 3421 τ

1972 3449 2097 3518 quid
2127 3450 2305 3505 verbis
2330 3450 2435 3503 illis
2455 3451 2757 3520 gratiosius,
2785 3467 2881 3521 per
2898 3468 3019 3522 quae
3043 3454 3257 3510 diabolo
3280 3457 3554 3511 abrenun-

1973 3542 2203 3595 tiamus?
2256 3556 2351 3611 per
2376 3558 2496 3612 quas
2524 3543 2579 3596 in
2605 3540 2800 3597 Christi
2852 3544 3080 3598 militum
3129 3562 3408 3601 numerum
3454 3552 3551 3602 ad-

1972 3632 2300 3687 scribimur?
2329 3632 2669 3688 confessione
2700 3634 2789 3688 illa
2817 3650 2936 3703 qua:
2970 3634 3027 3687 ﬁt
3070 3645 3195 3691 ante
3241 3637 3550 3704 lavacrum,

1970 3732 2026 3779 et
2052 3724 2141 3778 illa
2167 3739 2286 3794 qua:
2312 3733 2433 3794 post
2478 3725 2797 3780 lavacrum?
2841 3725 3147 3797 Cogitemus
3189 3744 3346 3799 quam
3400 3732 3553 3787 multi

1969 3818 2233 3887 baptisma
2259 3818 2624 3887 corrupimus,
2662 3826 2716 3874 et
2745 3833 3048 3889 gemanms,
3089 3832 3145 3876 ut
3185 3821 3237 3875 id
3283 3823 3559 3893 possimus

1970 3910 2233 3980 recipere.
2269 3906 2335 3964 In
2362 3910 2564 3976 dilecto,
2597 3910 2788 3980 inquit,
2817 3912 2869 3965 7.
2892 3912 2945 3964 in
2971 3928 3071 3982 quo
3097 3913 3335 3968 habemus
3353 3918 3555 3969 redem-

1971 4004 2191 4073 ptionem
2221 4018 2312 4073 per
2330 4002 2629 4072 sanguinem
2652 4002 2836 4071 ipsius.
2865 4002 3185 4069 Quomodo?
3222 4004 3338 4060 Non
3376 4007 3551 4061 solum

1968 4102 2052 4150 est
2079 4092 2392 4149 admirabile
2417 4093 2559 4163 quod
2588 4093 2785 4149 Filium
2814 4094 3060 4161 dederit,
3095 4096 3190 4152 sed
3219 4098 3361 4168 quod
3390 4100 3560 4153 etiam

1968 4199 2035 4239 eo
2062 4182 2221 4239 modo
2246 4183 2473 4249 dederit,
2500 4194 2559 4239 ut
2584 4184 2702 4254 ipse
2730 4185 2961 4241 dilectus
2986 4196 3249 4243 mactatus
3276 4190 3367 4243 sit.
3390 4189 3552 4245 Multa

1968 4288 2053 4335 est
2078 4278 2370 4351 hyperbole
2401 4297 2414 4331 :
2449 4278 2701 4333 dilectum
2726 4279 2873 4333 dedit
2897 4296 2996 4350 pro
3032 4280 3096 4333 iis
3139 4282 3227 4350 qui
3282 4281 3553 4337 habeban-

1969 4380 2055 4426 tur
2083 4372 2227 4426 odio.
2256 4370 2389 4426 Vide
2418 4371 2601 4441 quanti
2624 4386 2723 4427 nos
2752 4373 3001 4427 aestimet.
3032 4372 3112 4441 Si,
3142 4373 3354 4443 quando
3375 4373 3559 4444 ipsum

1969 4463 2296 4520 habebamus
2322 4463 2447 4519 odio
2476 4471 2533 4518 et
2556 4479 2770 4518 eramus
2796 4464 2996 4518 inimici
3022 4507 3037 4531 ,
3079 4465 3229 4520 dedit
3259 4480 3413 4521 suum
3468 4469 3561 4522 di-

1968 4555 2188 4621 lectum,
2218 4554 2343 4624 quid
2379 4570 2485 4609 non
2512 4554 2767 4623 deinceps
2810 4553 3003 4622 faciet,
3031 4570 3150 4610 cum
3202 4556 3458 4611 fuerimus
3501 4560 3563 4606 et

1968 4645 2297 4703 reconciliati
2329 4658 2422 4713 per
2449 4645 2713 4715 gratiam?
2741 4645 3124 4711 "emissionem,
3152 4647 3342 4718 inquit,
3372 4664 3558 4716 pecca-

1968 4747 2153 4790 torum.
2186 4738 2231 4790 A
2259 4736 2506 4805 supernis
2532 4735 2813 4792 descendit
2833 4736 2899 4791 ad
2930 4737 3181 4792 inferiora
3211 4757 3225 4793 :
3258 4740 3557 4811 cumprin

1967 4831 2164 4885 dixerit
2204 4830 2433 4883 ﬁliorum
2479 4830 2824 4901 adoptionem
2875 4840 2929 4885 et
2972 4831 3451 4887 sanctiﬁcationem
3493 4843 3557 4890 et

1970 4924 2361 4987 immaculatos,
2397 4932 2522 4977 tunc
2570 4936 2783 4991 quoque
2826 4921 3017 4976 vitium
3061 4923 3228 4987 dicit;
3285 4940 3391 4980 non
3446 4927 3550 4979 mi-

1967 5030 2160 5080 nuens,
2189 5029 2361 5083 neque
2386 5031 2414 5066 a
2445 5013 2650 5083 magnis
2676 5013 2741 5067 ad
2763 5028 2924 5083 parva
2940 5012 3214 5071 deducens
3228 5017 3550 5085 orationem,

1967 5106 2061 5161 sed
2106 5121 2135 5160 a
2178 5106 2357 5176 parvis
2400 5105 2696 5159 ascendens
2734 5105 2801 5159 ad
2840 5120 3050 5175 magna.
3098 5106 3239 5163 Nihil
3279 5120 3362 5162 est
3408 5114 3549 5163 enim

1968 5212 2120 5267 reque
2149 5211 2400 5266 magnum
2430 5204 2588 5264 atque
2611 5195 2701 5249 Dei
2728 5197 3039 5266 sanguinem
3087 5213 3185 5268 pro
3231 5199 3384 5253 nobis
3434 5216 3555 5254 esse

1968 5288 2232 5353 eﬂusum;
2264 5297 2319 5343 et
2346 5286 2575 5342 ﬁliorum
2608 5287 2894 5358 adoptione
2927 5299 2981 5343 et
3009 5289 3126 5343 aliis
3155 5290 3310 5345 donis
3338 5292 3440 5346 hoc
3471 5302 3559 5347 est

1970 5382 2177 5452 majus,
2217 5380 2359 5450 quod
2386 5395 2452 5435 ne
2472 5378 2610 5435 Filio
2632 5380 2844 5450 quidem
2879 5383 3199 5451 pepercerit.
3239 5383 3424 5453 Magna
3465 5401 3553 5440 res

1968 5483 2052 5529 est
2078 5473 2302 5527 remissa
2333 5485 2453 5527 esse
2481 5483 2727 5541 peccata,
2777 5473 2873 5527 sed
2923 5474 3094 5542 majus
3137 5484 3219 5527 est
3263 5474 3401 5542 quod
3457 5491 3552 5546 per

1968 5563 2281 5633 sanguinem
2314 5564 2670 5618 Dominicuin.
2703 5564 2831 5618 Nam
2860 5566 3002 5633 quod
3031 5566 3131 5618 hoc
3158 5566 3228 5619 sit
3257 5565 3412 5637 longe
3433 5584 3553 5621 ma-

1964 5657 2053 5727 jus
2078 5653 2347 5721 omnibus,
2376 5655 2499 5711 vide
2529 5658 2797 5724 tummodo
2845 5656 2930 5709 hic
2966 5671 3177 5725 quoque
3203 5659 3545 5723 exclamavit,

1972 5751 2156 5805 dicens
2192 5768 2204 5805 :
2236 5749 2527 5805 Secundum
2556 5752 2756 5802 divitias
2790 5750 2967 5819 gratia:
2996 5751 3105 5818 ejus
3125 5793 3138 5818 ,
3172 5751 3227 5807 8.
3257 5769 3371 5822 qua:
3396 5768 3550 5820 supe-

1974 5842 2275 5899 rabundavit
2310 5843 2360 5897 in
2387 5843 2549 5907 nobis.
2578 5840 2708 5895 Evam
2749 5840 2851 5896 ill.e
2895 5857 3108 5913 quoque
3150 5856 3273 5899 Sunt
3316 5844 3553 5914 divinat,
