4060 6400
3356 296 3362 331 l

515 348 582 404 ἐξ
1314 346 1373 402 S.
1400 341 1678 401 JOANNIS
1704 339 2179 398 CIIRYSOSTOMI
2217 340 2532 401 ARCHIEP.
2570 347 3104 410 CONSTANTINOP.
3702 358 3758 415 16

506 469 601 525 sed
628 470 714 523 hae
739 464 911 521 multo
934 463 1125 534 magis.
1156 463 1284 529 Quae
1309 462 1765 534 superabundavit,
1796 460 1987 531 inquit,
2031 459 2087 513 in

507 562 671 617 nobis.
696 561 762 616 Et
787 559 988 617 divitia:
1009 568 1157 623 sunt,
1177 566 1234 613 et
1254 555 1774 629 superabundantes,
1805 555 1857 610 id
1884 562 1988 620 est,
2016 552 2089 609 af-

507 656 655 710 fatim
677 654 878 709 eﬂ'usac.
896 652 1088 708 Verbis
1114 650 1338 721 exprimi
1367 666 1473 706 non
1500 657 1725 720 possunt
1750 663 1833 714 ea,
1850 661 1968 716 qua:
1989 660 2089 701 nos

507 762 567 801 re
594 745 800 814 experti
840 758 1045 798 sumus.
1079 741 1286 796 Divitia:
1315 740 1459 795 enim
1483 746 1629 803 sunt,
1670 738 1869 793 divitiae
1896 751 2088 806 super-

507 838 857 902 ubundantes,
888 835 1088 892 divitiae
1113 851 1221 891 non
1242 834 1541 899 hominum,
1559 832 1653 888 sed
1675 832 1789 897 Dei,
1806 846 1926 903 quae
1945 829 2089 884 nullo

506 931 668 987 modo
724 932 899 988 verbis
960 929 1183 1000 exprimi
1235 928 1458 998 possint.
1514 925 1809 983 Ostenderc
1865 933 2043 979 autem
2068 964 2089 991 ,

506 1024 691 1079 volens
738 1021 1005 1093 quomodo
1060 1020 1557 1091 superabundanter
1608 1018 1797 1083 dedit,
1827 1015 1897 1071 In
1949 1015 2088 1070 omni

505 1116 755 1186 sapientia
781 1124 828 1168 et
851 1114 1142 1183 prudentia,
1171 1113 1363 1183 inquit,
1394 1111 1449 1167 9.
1477 1121 1531 1165 ut
1558 1120 1733 1165 notum
1755 1114 1941 1182 faceret
1986 1124 2083 1161 no-

505 1209 581 1262 bis
602 1220 973 1262 sacramentum
984 1207 1255 1262 voluntatis
1275 1222 1401 1261 sum.
1422 1205 1533 1260 Hoc
1549 1215 1652 1269 est,
1673 1219 1795 1259 cum
1818 1202 2085 1271 sapientes

507 1299 721 1355 iecisset
746 1308 801 1353 et
831 1297 1122 1367 prudentes
1154 1297 1206 1352 in
1237 1312 1299 1352 ea
1322 1312 1443 1368 quae
1464 1312 1587 1351 vere
1612 1304 1695 1351 est
1720 1294 2001 1366 sapientia,
2032 1293 2084 1347 in

506 1404 571 1445 ea
596 1404 717 1460 qua:
738 1404 867 1444 vere
888 1397 972 1443 est
998 1387 1299 1458 prudentia.

577 1481 634 1534 4.
691 1479 892 1549 Papae!
942 1487 1139 1548 quanta
1193 1476 1471 1532 amicitia!
1533 1476 1698 1532 Nobis
1747 1478 1890 1532 enim
1955 1473 2084 1530 dicit

504 1584 603 1625 sua
642 1570 917 1641 mysteria.
974 1568 1255 1624 Voluntatis
1298 1583 1438 1635 suae,
1488 1568 1696 1638 inquit;
1728 1568 1806 1623 'ac
1853 1568 1899 1623 si
1946 1567 2086 1621 dice-

504 1673 628 1730 ret,
672 1670 796 1718 nota
843 1661 998 1717 nobis
1046 1661 1172 1717 fecit
1207 1677 1327 1731 quae
1366 1670 1492 1715 sunt
1534 1662 1588 1716 in
1617 1676 1715 1715 suo
1742 1660 1947 1715 corde:
1980 1659 2084 1714 hoc

504 1757 648 1811 enim
686 1764 770 1811 est
795 1755 1105 1826 mysterium
1135 1754 1275 1824 quod
1306 1753 1518 1823 plenum
1560 1765 1642 1808 est
1684 1754 1831 1808 omni
1870 1753 2084 1822 sapien-

504 1848 576 1902 tia
603 1856 658 1902 et
684 1846 983 1917 prudentia.
1015 1845 1154 1913 Quid
1181 1846 1325 1902 enim
1356 1860 1451 1916 par
1494 1846 1644 1901 dices
1691 1844 1813 1901 huic
1863 1844 2084 1914 sapien-

504 1938 633 1993 tiae?
681 1938 773 2008 qui
819 1938 1016 1992 nullius
1061 1946 1217 1993 erant
1264 1937 1457 2008 pretii,
1504 1951 1599 1992 eos
1643 1937 1845 1992 invenit
1869 1945 1925 1990 ut
1955 1950 2083 2005 pro-

507 2031 727 2087 veheret
771 2030 838 2085 ad
889 2030 1127 2087 divitias.
1186 2030 1324 2099 Quid
1372 2040 1548 2101 potest
1596 2030 1912 2101 aequiparari
1960 2029 2084 2086 huic

502 2124 687 2179 solerti
709 2123 982 2179 facilitati?
1006 2124 1097 2195 qui
1118 2134 1233 2180 erat
1260 2124 1526 2191 inimicus,
1553 2124 1643 2194 qui
1665 2139 1883 2189 exosus,
1914 2122 1963 2178 is
1989 2139 2083 2179 re-

502 2225 663 2285 pente
691 2230 904 2270 sursum
930 2216 1191 2271 ascendit.
1222 2214 1333 2271 Nec
1361 2218 1463 2271 hoc
1489 2216 1664 2271 solum
1682 2257 1697 2281 ,
1726 2214 1821 2270 sed
1842 2216 2000 2271 etiam
2029 2216 2082 2271 in

501 2310 603 2363 hoc
629 2316 897 2376 tempore;
928 2307 1087 2378 idque
1110 2317 1226 2363 erat
1253 2306 1528 2376 sapientiae
1545 2348 1563 2373 ,
1590 2315 1647 2362 et
1668 2307 1809 2377 quod
1834 2322 1929 2377 per
1957 2322 2083 2362 cru-

498 2415 638 2456 cem.
668 2400 882 2456 Prolixa
921 2401 1008 2456 hic
1045 2417 1107 2457 se
1150 2400 1305 2456 oil‘ert
1343 2401 1516 2456 oratio
1553 2399 1619 2455 ad
1648 2400 2038 2456 ostendendum
2063 2441 2081 2467 ,

498 2492 767 2562 quomodo
797 2493 899 2549 hoc
925 2503 1043 2550 erat
1070 2495 1378 2565 sapientiae,
1411 2503 1466 2548 et
1491 2493 1761 2563 quomodo
1809 2509 1908 2547 nos
1949 2492 2080 2548 clie-

497 2584 573 2638 cit
624 2585 910 2654 sapientes.
958 2585 1255 2641 Secundum
1285 2584 1651 2654 beneplacitum
1680 2600 1851 2649 suum,
1880 2585 2076 2655 inquit,

496 2676 635 2746 quod
665 2678 926 2747 proposuit
955 2677 1010 2731 in
1051 2678 1182 2746 ipso.
1212 2676 1324 2731 Hoc
1369 2685 1481 2741 est,
1528 2676 1629 2731 hoc
1666 2677 1933 2747 cupiebat,
1978 2677 2081 2733 hoc

494 2767 847 2836 parturiehat,
878 2775 937 2822 ut
989 2768 1061 2822 ita
1111 2778 1290 2838 posset
1339 2768 1494 2822 nobis
1542 2767 1692 2822 θῆαι-ί
1741 2768 2075 2839 mysterium.

494 2858 814 2925 Quodnam?
837 2860 991 2928 Quod
1014 2860 1286 2915 hominem
1309 2862 1435 2916 velit
1455 2861 1595 2931 apud
1615 2877 1841 2930 superos
1863 2862 2074 2919 sedere.

494 2951 608 3006 Hoc
635 2963 812 3007 autem
852 2953 1048 3008 factum
1079 2963 1197 3019 est,
1230 2954 1316 3009 10.
1357 2954 1421 3008 In
1461 2955 1887 3024 dispensationem
1916 2956 2080 3027 pleni-

493 3045 683 3099 tudinis
724 3054 1038 3114 temporum,
1077 3047 1363 3101 instaurare
1400 3050 1571 3101 omnia
1608 3047 1663 3101 in
1699 3047 1920 3115 Christo,
1964 3064 2079 3119 qua:

489 3138 545 3190 in
582 3137 751 3201 caelis,
783 3147 830 3191 et
857 3154 969 3209 qua:
1004 3138 1057 3191 in
1084 3147 1219 3191 terra
1254 3150 1371 3193 sunt
1411 3140 1464 3192 in
1502 3140 1633 3208 ipso.
1663 3138 1913 3194 Abscissa
1957 3138 2075 3194 fue-

490 3237 648 3293 rant,
691 3229 893 3298 inquit,
939 3229 1177 3285 caelestia
1203 3245 1234 3285 a
1263 3231 1637 3297 terrestribus,
1672 3247 1777 3286 non
1809 3231 2078 3288 habebant

491 3335 655 3373 unum
693 3331 872 3388 caput.
906 3320 1038 3375 Nam
1075 3321 1217 3391 quod
1244 3322 1434 3377 attinet
1463 3322 1679 3391 quidem
1714 3322 1781 3378 ad
1810 3324 2072 3379 rationem

487 3414 796 3476 creationis,
829 3430 966 3469 unus
992 3426 1108 3470 erat
1135 3415 1310 3480 Deus;
1342 3416 1483 3485 quod
1508 3426 1687 3472 autem
1715 3417 1780 3471 ad
1810 3418 2073 3473 rationem

485 3506 899 3575 coniunctionis,
926 3521 1032 3561 non
1055 3507 1182 3562 item
1205 3524 1218 3561 :
1244 3523 1366 3562 nam
1388 3524 1572 3563 errore
1592 3509 1835 3578 gentium
1855 3508 2068 3576 diﬂ‘uso,

483 3597 707 3651 ahscissi
734 3608 889 3652 erant
916 3599 984 3653 ab
1018 3599 1135 3669 ejus
1170 3598 1496 3655 obedientia.
1525 3598 1592 3654 In
1620 3601 2065 3671 dispensationem,

483 3689 684 3755 inquit,
714 3688 1044 3757 plenitudinis
1084 3700 1384 3761 temporum.
1427 3691 1817 3747 Pleuitudinem
1863 3703 2070 3763 tempo-

484 3794 601 3832 rum
650 3779 820 3849 ipsam
864 3780 1155 3850 appellavit
1198 3781 1676 3852 dispensationem.
1729 3784 1863 3841 Vide
1905 3801 2065 3855 quam

482 3879 733 3927 accurate
760 3873 1028 3942 loquatur.
1060 3873 1276 3928 Etcum
1306 3876 1633 3931 ostendisset
1655 3877 1873 3948 quidem
1904 3892 1934 3931 a
1960 3878 2066 3932 Pa-

482 3972 563 4016 tre
592 3963 938 4033 principium,
972 3965 1305 4034 propositum
1325 4006 1340 4029 ,
1372 3967 1688 4034 consilium,
1721 3968 1953 4038 primum
1985 3969 2067 4023 in-

479 4052 857 4119 citamentum;
888 4069 1007 4109 eam
1045 4064 1224 4130 autem
1245 4097 1261 4123 ,
1300 4072 1422 4127 quae
1448 4072 1542 4126 per
1567 4072 1732 4128 opera
1762 4059 1823 4113 ﬁt
1844 4101 1860 4125 ,
1893 4059 2065 4114 adim-

481 4144 769 4213 pletionem
821 4160 914 4215 per
951 4145 1277 4201 Christum:
1332 4163 1594 4219 nusquam
1645 4165 1768 4206 eum
1826 4152 2066 4208 nominat

480 4236 805 4291 ministrum.
833 4236 945 4291 Nos
963 4238 1135 4309 elegit,
1166 4239 1355 4309 inquit,
1386 4241 1439 4294 in
1460 4241 1594 4311 ipso,
1624 4258 1737 4295 cum
1757 4258 1850 4296 nos
1871 4245 2062 4313 prcede-

476 4332 710 4384 stinasset
752 4330 820 4382 ad
855 4331 1080 4395 ﬁliorum
1120 4331 1444 4401 adeptionem
1474 4350 1565 4403 per
1603 4333 1857 4389 Christum
1883 4334 2062 4390 Iesum

477 4422 531 4472 in
578 4421 689 4489 ipso
712 4462 728 4484 ,
774 4431 821 4475 et
857 4422 926 4474 ad
955 4422 1159 4477 laudent
1187 4424 1365 4493 gloria:
1399 4426 1577 4496 gratia:
1620 4426 1780 4495 ipsius
1812 4443 1832 4482 :
1860 4428 1915 4481 in
1961 4445 2061 4499 quo

478 4509 716 4565 habemus
742 4511 1135 4581 redemptionem
1167 4530 1257 4583 per
1282 4517 1581 4586 sanguineus
1605 4520 1733 4588 ejus,
1765 4534 1918 4589 quam
1941 4536 2060 4588 pro-

478 4603 646 4672 posuit
666 4604 719 4656 in
735 4604 1160 4675 dispensationem
1180 4609 1511 4678 plenitudinis
1533 4620 1834 4680 temporum,
1860 4614 2059 4667 instau-

475 4710 589 4749 rare
616 4696 788 4750 omnia
828 4698 881 4750 in
918 4696 1137 4753 Christo.
1166 4699 1234 4755 Et
1263 4716 1519 4772 nusquam
1552 4718 1673 4758 eum
1712 4704 1846 4760 dixit
1896 4707 2057 4761 mini-

475 4795 668 4841 strum.
700 4788 755 4843 Si
785 4797 961 4844 autem
990 4800 1043 4845 et
1080 4792 1135 4845 in
1162 4803 1218 4846 et
1246 4809 1335 4861 per
1360 4802 1484 4848 sunt
1522 4796 1772 4861 ministri,
1803 4796 1925 4853 vide
1949 4813 2057 4868 quo

476 4894 567 4936 res
605 4878 793 4935 redeat
821 4880 917 4948 (α).
953 4880 1087 4937 Nam
1126 4884 1179 4938 in
1210 4885 1470 4956 principio
1494 4877 1736 4957 epistulze
1764 4888 1918 4956 dixit,
1952 4890 2057 4945 Per

535 5012 611 5082 (α)
634 5012 688 5061 Id
707 5019 874 5082 autem
898 5015 1426 5082 dicit__Chrysnstomus,
1452 5022 1563 5082 quia
1590 5021 1750 5072 Ariani
1774 5031 1824 5073 ct
1846 5025 1924 5073 alii
1948 5025 2051 5073 hm-

469 5076 612 5125 retici
636 5080 717 5138 qui
740 5077 968 5140 dicebant
990 5076 1231 5129 Christum
1267 5094 1372 5129 rem
1399 5076 1587 5140 iaciam,
1614 5094 1667 5134 et
1691 5087 1926 5135 minorem
1956 5088 2049 5135 Pa-

464 5146 549 5207 tre
571 5139 1012 5207 ςιιιιιιιιιιιίιιὶδιιςιιῃ]
1039 5141 1144 5201 ejus
1165 5156 1305 5207 esse,
1334 5147 1611 5205 pugnabant
1644 5148 1816 5207 etiam,
1844 5148 1977 5204 illud,
2002 5148 2055 5199 in

462 5198 675 5281 gltristu,
694 5205 746 5281 et
763 5212 847 5261 per
868 5198 1127 5281 '(‘hristnhn
1142 5217 1258 5281 qum
1274 5198 1564 5281 lrcqticutcr
1586 5198 1844 5281 occurrunt
1861 5212 1905 5257 in
1919 5198 2053 5261 Novo

461 5261 780 5334 Testamento
800 5296 814 5315 .
838 5263 1111 5334 sigrdlimrc
1150 5261 1387 5334 Christum
1416 5282 1553 5334 esse
1598 5271 1898 5327 ministrum;
1925 5287 2051 5334 quos

469 5322 577 5439 ipsi:
600 5324 817 5383 putribus
838 5323 1051 5375 confutat
1075 5327 1121 5374 in
1157 5327 1375 5378 Homiliis
1396 5330 1459 5379 de
1484 5322 1972 5395 lncomprcheusibili
1996 5342 2050 5387 et

469 5400 535 5436 at
572 5402 607 5435 ι.

467 5400 585 5436 ειιωι
597 5423 607 5434 .

2195 461 2502 517 voluntatem
2549 464 2740 521 Patris.
2780 467 2957 538 Pater,
2999 471 3191 542 inquit,
3231 472 3441 542 voluit;
3483 472 3651 532 Filius
3687 488 3756 533 est

2194 563 2469 623 Ope-ratus.
2511 555 2617 613 Sed
2646 574 2744 613 nec
2780 562 3031 630 quoniam
3064 562 3223 618 Pater
3252 565 3455 633 voluit,
3492 566 3660 622 Filius
3685 578 3757 624 est

2194 651 2344 699 extra
2373 646 2738 716 operationem
2766 666 2781 715 ;
2809 666 3006 723 neque,
3048 656 3302 724 quoniam
3330 656 3501 713 Filius
3522 668 3606 714 est
3638 674 3757 730 ope-

2194 745 2363 804 ratus,
2385 739 2659 797 voluntate
2684 743 2920 812 privatus
2939 755 3033 800 est
3048 745 3207 801 Pater
3229 765 3244 813 ;
3282 747 3377 805 sed
3397 749 3572 806 Patris
3600 762 3652 806 et
3676 749 3755 806 Fi-

2195 827 2253 882 lii
2273 832 2575 886 communia
2606 842 2730 888 sunt
2753 836 2930 890 omnia
2965 854 2979 891 :
3012 853 3134 892 nam
3161 839 3347 895 Omnia
3367 858 3481 897 mea
3517 853 3606 897 tua
3629 855 3756 909 sunt,

2194 921 2398 991 inquit,
2448 933 2496 1011 et
2539 933 2626 978 tua
2664 942 2773 980 mea
2813 937 2932 982 sunt
2974 928 3174 1001 (Joan.
3208 932 3295 987 17.
3329 934 3397 988 10
3420 933 3461 1005 ).
3495 934 3759 992 Plenitudo

2193 1026 2371 1070 autem
2400 1025 2696 1089 temporum
2722 1030 2837 1076 erat
2861 1022 2976 1092 ejus
3005 1022 3283 1080 adventus.
3312 1025 3445 1092 Quia
3475 1026 3633 1098 igitur
3658 1044 3761 1083 om-

2196 1107 2282 1161 nia
2313 1107 2535 1177 fecerat,
2558 1121 2610 1165 et
2639 1128 2732 1181 per
2759 1114 2999 1183 angelos,
3033 1123 3089 1169 et
3124 1132 3219 1184 per
3256 1117 3566 1188 prophetas,
3594 1132 3646 1175 et
3674 1136 3761 1191 per

2195 1200 2364 1271 legem
2389 1243 2405 1266 ,
2455 1212 2511 1257 et
2560 1203 2691 1259 nihil
2733 1206 3083 1274 proﬁciebat;
3124 1216 3180 1264 et
3206 1210 3503 1279 periculum
3550 1226 3665 1267 erat
3704 1229 3763 1270 ne

2194 1300 2398 1347 temere
2421 1291 2590 1348 factus
2608 1305 2752 1350 esset
2779 1295 2957 1362 homo,
2978 1312 3047 1352 ne
3066 1307 3270 1355 temere
3291 1309 3436 1356 esset
3461 1302 3760 1372 productus,

2196 1382 2303 1437 imo
2341 1399 2469 1439 vero
2500 1385 2556 1440 in
2597 1401 2746 1441 suam
2775 1389 3069 1458 perniciem
3095 1432 3110 1457 ,
3140 1392 3487 1461 pereuntibus
3524 1396 3762 1452 omnibus

2192 1483 2248 1528 et
2274 1476 2441 1545 magis
2470 1491 2629 1547 quam
2658 1477 2710 1532 in
2738 1478 2961 1546 diluvio,
2994 1481 3132 1538 hanc
3148 1483 3601 1554 dispensationem
3628 1486 3764 1544 inve-

2194 1566 2288 1630 nit,
2319 1582 2439 1636 quae
2468 1566 2525 1621 ﬁt
2555 1584 2653 1639 per
2671 1571 2917 1640 gratiam,
2947 1588 3015 1628 ne
3042 1582 3244 1629 temere
3269 1583 3324 1630 et
3348 1576 3541 1631 frustra
3562 1589 3765 1635 creatus

2193 1664 2354 1711 esset.
2388 1656 2538 1713 lianc
2578 1668 2879 1730 temporum
2908 1662 3293 1733 plenitudinem
3320 1665 3451 1722 dicit
3474 1677 3530 1723 et
3557 1670 3763 1740 sapien-

2195 1747 2342 1803 tiam.
2383 1748 2594 1818 Quare?
2624 1751 2779 1819 Quia,
2811 1754 3024 1823 quando
3066 1756 3298 1811 maxime
3340 1767 3493 1812 erant
3521 1761 3758 1830 perituri,

2194 1848 2322 1894 tunc
2363 1841 2496 1895 salvi
2540 1840 2774 1897 fuerunt.
2803 1849 3353 1918 ’Λνακεεραλαιὼσασοαι,
3401 1849 3591 1920 inquit.
3636 1851 3765 1918 Quid

2191 1941 2274 1987 est
2295 1935 2799 2004 ἀνακεφαὶαιώσασθαι
2826 1935 2850 1989 ?
2879 1935 3233 2008 Conjnngere.
3264 1938 3531 1996 Caeterum
3560 1941 3766 1997 studea-

2193 2038 2313 2078 mus
2354 2039 2514 2095 quam
2560 2027 2806 2096 proxime
2852 2028 3115 2084 accedere
3158 2029 3225 2085 ad
3269 2029 3439 2101 ipsam
3471 2034 3763 2090 veritatem.

2192 2112 2322 2168 Nam
2355 2130 2385 2169 a
2416 2116 2571 2171 nobis
2593 2116 2833 2187 quidem,
2868 2129 2924 2172 ut
2949 2119 3109 2174 etiam
3141 2119 3195 2175 in
3234 2137 3385 2177 more
3414 2132 3495 2178 est
3518 2125 3764 2193 positum,

2191 2205 2387 2261 dicitur
2410 2210 2828 2281 ἀνακεφαλαίωσις,
2852 2226 2972 2281 qua:
3000 2211 3201 2281 prolixe
3220 2213 3362 2268 dicta
3390 2217 3585 2270 suntin
3612 2216 3769 2273 breve

2191 2302 2548 2366 contrahere,
2595 2312 2650 2358 et
2679 2304 2859 2358 omnia
2890 2321 3010 2374 qua:
3039 2306 3249 2376 prolixe
3293 2307 3435 2361 dicta
3471 2318 3596 2363 sunt
3623 2324 3767 2363 com-

2191 2396 2448 2466 pendiose
2491 2395 2694 2452 dicere.
2743 2396 2875 2452 Nam
2906 2398 3010 2453 hoc
3052 2414 3265 2469 quoque
3308 2401 3378 2454 ita
3421 2401 3580 2457 habet
3610 2421 3623 2455 :
3653 2418 3769 2472 quze

2191 2489 2335 2543 enim
2373 2489 2531 2560 longo
2567 2497 2810 2561 tempore
2838 2490 3285 2561 dispensahantur
3314 2496 3366 2548 in
3397 2495 3512 2564 ipso
3546 2498 3768 2569 ἀνειεςκι-

2191 2590 2447 2650 λαιώςατο,
2474 2583 2574 2637 hoc
2595 2595 2697 2650 est,
2727 2583 2778 2638 in
2810 2597 3073 2639 summam
3102 2586 3327 2658 redegit.
3358 2587 3592 2644 Verbum
3623 2590 3766 2645 enim

2190 2690 2592 2743 consummans,
2626 2686 2680 2731 et.
2719 2678 2771 2731 in
2799 2677 3006 2748 justitia
3034 2679 3374 2748 abbrevians,
3416 2692 3469 2737 et
3501 2684 3589 2737 illa
3620 2699 3769 2739 com-

2191 2766 2515 2836 prehendit,
2547 2778 2603 2823 et
2628 2769 2730 2822 alia
2758 2769 2981 2824 addidit.
3011 2771 3124 2827 Hoc
3147 2780 3230 2826 est
3250 2814 3266 2839 ,
3294 2776 3689 2846 ἀνακεφαλαίωσις
3716 2784 3772 2832 et

2189 2859 2431 2913 reductio
2462 2860 2512 2914 in
2548 2874 2834 2915 summam.
2865 2861 2960 2916 Est
2987 2871 3043 2917 et
3078 2862 3221 2917 aliud
3248 2863 3389 2933 quod
3421 2865 3767 2934 signiﬁcatur.

2188 2949 2467 3017 Quodnam
2496 2949 2599 3005 hoc
2626 2952 2649 3003 ?
2694 2950 2870 3007 Unum
2896 2952 3144 3008 omnibus
3170 2954 3345 3023 posuit
3369 2965 3547 3024 caput,
3578 2971 3771 3027 nempe

2184 3040 2455 3096 Christum
2481 3042 2772 3097 secundum
2790 3058 3029 3112 carnem,
3052 3054 3109 3099 et
3126 3044 3329 3114 angelis
3352 3056 3405 3101 et
3428 3046 3766 3104 hominibus:

2188 3132 2290 3188 hoc
2319 3143 2420 3201 est,
2454 3144 2508 3189 et
2535 3135 2738 3205 angelis
2770 3150 2934 3191 unum
2964 3136 3112 3191 dedit
3140 3137 3483 3207 principium,
3512 3150 3567 3194 et
3596 3138 3772 3194 homi-

2185 3227 2384 3283 nibus:
2416 3227 2501 3283 his
2538 3228 2753 3298 quidem
2796 3228 2848 3284 id
2893 3229 3036 3300 quod
3079 3239 3162 3285 est
3190 3231 3483 3287 secundum
3524 3248 3765 3302 carnem,

2184 3320 2290 3374 illis
2327 3332 2504 3374 autem
2542 3321 2715 3376 Deum
2744 3320 2974 3376 Verbum
2999 3322 3038 3375 ί.
3072 3321 3142 3378 Ut
3184 3321 3230 3376 si
3278 3321 3425 3377 dicas
3474 3323 3540 3379 de
3582 3324 3766 3394 domo,

2183 3426 2303 3481 quae
2344 3411 2536 3480 partim
2582 3411 2797 3481 quidem
2826 3422 2911 3469 est
2953 3413 3190 3468 marcida
3226 3429 3291 3468 ac
3329 3414 3541 3481 debilis,
3574 3418 3768 3487 partim

2183 3514 2359 3558 autem
2390 3504 2563 3558 valida
2593 3514 2648 3560 et
2674 3504 2846 3571 fortis,
2876 3505 3103 3560 Domum
3135 3506 3498 3575 retedilicavit,
3531 3508 3635 3562 hoc
3659 3518 3765 3576 est,

2182 3596 2457 3650 fortiorem
2502 3594 2660 3663 fecit,
2700 3594 2978 3651 fortiorem
3021 3596 3276 3667 imposuit
3315 3597 3481 3653 basim
3514 3616 3527 3652 :
3572 3599 3644 3655 ita
3674 3599 3767 3655 hic

2181 3703 2394 3758 quoque
2422 3704 2613 3743 omnes
2645 3688 2736 3744 uni
2764 3688 2993 3758 subjecit
3020 3690 3201 3759 capiti.
3232 3690 3307 3744 Ita
3338 3691 3480 3745 enim
3512 3692 3604 3747 tiet
3637 3708 3765 3747 unt-

2181 3790 2283 3849 tas,
2310 3783 2380 3835 ita
2410 3790 2658 3836 accurata
2681 3791 2734 3837 et
2756 3783 2988 3851 perfecta
3015 3781 3177 3838 fuerit
3196 3784 3525 3854 conjunctio,
3548 3785 3767 3855 quando

2178 3873 2356 3929 omnia
2381 3873 2593 3929 redacta
2618 3873 2814 3929 fuerint
2833 3875 2934 3929 sub
2955 3890 3117 3929 unum
3139 3886 3318 3946 caput,
3344 3890 3575 3946 superne
3591 3878 3769 3946 quod-

2176 3969 2299 4024 dam
2326 3968 2683 4024 necessarium
2702 3967 2948 4024 habentia
2967 3968 3258 4024 vinculum.
3284 3969 3457 4026 Tanto
3473 3985 3600 4042 ergo
3615 3971 3767 4027 dono

2175 4061 2400 4131 dignati,
2432 4070 2579 4115 tanto
2603 4060 2829 4127 honore,
2859 4069 3003 4114 tanta
3024 4060 3374 4139 benignitate,
3404 4077 3472 4116 ne
3494 4060 3766 4119 dedecore

2175 4155 2471 4209 afﬁciamus
2495 4169 2616 4209 eum
2646 4153 2735 4223 qui
2765 4168 2862 4208 nos
2891 4152 3071 4208 allecit
3093 4153 3373 4219 beneﬁcio,
3403 4168 3472 4209 ne
3498 4153 3765 4211 faciamus

2175 4255 2233 4302 ut
2275 4256 2419 4301 tanta
2460 4245 2531 4301 sit
2567 4245 2723 4301 nobis
2769 4246 2941 4301 inanis
2970 4246 3175 4317 gratia,
3203 4247 3365 4301 vitam
3407 4247 3762 4305 ostendamus

2172 4338 2467 4408 angelicam
2489 4346 2543 4393 et
2561 4337 2853 4408 angelicam
2883 4337 3159 4405 virtutem,
3188 4347 3243 4393 et
3264 4339 3389 4393 vita:
3415 4339 3632 4410 agendae
3661 4355 3761 4395 ra-

2174 4434 2408 4499 tionem;
2442 4448 2678 4504 rogoque
2704 4442 2758 4489 et
2781 4448 2965 4505 quaeso
2984 4474 3000 4500 ,
3030 4449 3097 4489 ne
3124 4433 3243 4489 haec
3267 4435 3445 4489 omnia
3469 4435 3575 4489 sint
3599 4435 3766 4490 nobis

2172 4526 2227 4581 in
2247 4525 2507 4595 judicium
2532 4536 2587 4581 et
2611 4524 3113 4581 condemnationem
3136 4567 3151 4591 ,
3180 4526 3276 4581 sed
3311 4525 3378 4581 ad
3405 4527 3766 4583 fruendorunu

2170 4618 2431 4674 bonorum
2458 4618 2859 4688 perceptionem
2885 4635 2898 4672 :
2929 4632 3048 4685 qua:
3069 4617 3269 4672 utinam
3291 4633 3389 4673 nos
3408 4633 3595 4674 omnes
3615 4632 3761 4672 con-

2168 4726 2470 4781 sequamur,
2516 4711 2685 4781 gratia
2719 4718 2775 4765 et
2799 4709 3125 4781 benignitate
3154 4710 3361 4765 Domini
3407 4710 3577 4766 nostri
3621 4710 3767 4767 Iesu

2166 4802 2389 4869 Christi,
2420 4818 2543 4858 cum
2566 4818 2675 4875 quo
2704 4801 2849 4858 Patri
2874 4812 2929 4859 et
2953 4800 3174 4872 Spiritui
3204 4812 3391 4858 sancto
3409 4802 3610 4874 gloria,
3646 4802 3761 4857 im-

2166 4898 2372 4966 perium
2392 4939 2409 4964 ,
2438 4905 2544 4952 etc.

2230 5077 2244 5105 ι
2282 5073 2444 5123 Codex
2472 5084 2612 5125 unus,
2636 5069 2723 5118 hoc
2746 5069 3064 5131 esl,raitcrnm
3107 5068 3290 5131 'nqelit,
3314 5070 3519 5119 alterum
3544 5063 3766 5118 homini-

2166 5135 2253 5185 bus
2274 5131 2566 5197 principium
2589 5131 2722 5181 dedit
2754 5144 2771 5180 :
2801 5130 2875 5181 his
2896 5132 3091 5197 quidem
3126 5131 3188 5197 id
3213 5134 3448 5197 (prodeat
3480 5132 3768 5184 secundum

2162 5193 2387 5259 carnem,
2426 5194 2525 5244 illis
2568 5202 2728 5243 autem
2760 5194 3025 5259 secmtdum
3066 5193 3312 5259 spiritum,
3332 5193 3546 5245 Verbum
3569 5202 3771 5246 Deum.

2163 5262 2281 5319 Qua:
2303 5257 2452 5308 lectio
2465 5270 2558 5306 non
2574 5255 2864 5319 spernenda.
