4060 6400
230 423 300 480 15
1183 426 1254 483 IN
1290 427 1507 485 EPIST.
1543 427 1634 483 AD
1667 425 1801 482 EPH

1954 426 2108 485 CAP.
2145 431 2190 492 1,
2234 429 2465 490 llOMlL.
2508 432 2551 486 1.
3399 426 3470 479 16

297 534 361 591 δ’.
381 533 577 600 Βαϐαὶ,
593 534 734 607 πόση
753 537 904 606 φιλία
924 538 936 592 !
967 538 1047 593 Τά
1062 540 1168 612 γάρ
1186 544 1463 615 μυστήρια
1481 543 1644 597 αὐτοῦ
1661 545 1796 614 ἡμῖν

226 620 396 688 λέγει.
417 619 528 673 Τοῦ
549 617 883 689 θελήματος
901 624 1109 690 αὐτοῦ,
1133 626 1297 696 φησίν
1317 643 1331 657 ·
1355 628 1430 691 ώς
1450 627 1516 680 ἂν
1532 629 1673 682 είποι
1689 626 1793 693 τὶς,

228 701 312 755 Τὰ
327 702 384 752 ἐν
406 703 472 772 τῇ
497 701 695 773 καρδίᾳ
713 703 877 756 αὐτοῦ
896 707 1030 774 ἡμῖν
1053 707 1336 778 ἐγνώρισε.
1360 708 1532 762 Τοῦτο
1549 709 1658 780 γάρ
1680 710 1796 761 ἐστι

227 786 292 838 τὸ
324 785 624 855 μυστήριον
661 785 722 838 τὸ
754 787 935 857 πάσης
975 789 1166 857 σοφίας
1194 809 1254 844 τε
1282 792 1449 863 γέμον
1477 795 1570 847 καὶ
1597 793 1798 866 φρονή-

230 885 389 930 σεως.
416 868 480 920 Τί
502 868 609 938 γὰρ
632 887 838 940 ταύτης
859 871 957 941 τῆς
984 874 1177 941 σοφίας
1203 877 1318 929 ῐσον
1349 878 1530 947 ἐρείς;
1558 879 1684 941 τοὺς
1711 878 1800 930 οὐ·

229 949 379 1012 δενὸς
405 950 592 1015 ἀξίους
622 951 801 1017 ὄντας,
833 953 1057 1018 τούτους
1093 951 1249 1027 εῦρεν
1274 959 1422 1022 ὅπως
1465 962 1546 1023 είς
1572 960 1799 1013 πλοῦτον

229 1033 501 1106 ἀναγάγῃ.
527 1034 594 1086 Τί
619 1034 823 1106 ταύτης
853 1036 954 1106 τῆς
985 1038 1322 1109 εὐμηχανίας
1348 1041 1493 1108 ῐσον;
1523 1045 1552 1096 ό
1585 1043 1796 1114 ἐχθρὸς,

228 1128 258 1178 ό
287 1127 682 1198 μεμισημένος,
718 1123 875 1194 οὗτος
907 1131 1168 1204 ἐξαίφνης
1194 1136 1306 1189 ἄνω
1342 1137 1556 1206 γέγονε.
1605 1138 1716 1194 Καὶ
1737 1138 1798 1191 οὐ

228 1209 390 1294 τοῦτο
451 1211 631 1281 μόνον,
689 1214 825 1294 άλλά
879 1218 974 1269 καὶ
1027 1218 1086 1270 ἐν
1110 1219 1287 1291 τούτῳ
1328 1221 1406 1291 τῷ
1470 1223 1647 1294 καιρῷ
1670 1224 1802 1277 ’καὶ

228 1292 634 1378 τοῦτο-σοφίας
683 1292 774 1367 ἦν,
822 1299 917 1352 καὶ
965 1300 1026 1353 τὸ
1085 1302 1176 1356 διά
1230 1306 1486 1375 σταυροῦ.
1571 1292 1802 1378 Μακρὸς

230 1375 464 1458 ἐνταῦθα
507 1377 676 1444 δεῖξαι
725 1382 753 1432 ό
789 1379 965 1447 λόγος,
995 1385 1112 1448 πῶς
1152 1387 1344 1455 σοφίας
1384 1384 1452 1458 ἦν
1487 1388 1663 1453 τοῦτο,
1710 1375 1804 1444 καὶ

231 1457 351 1521 πῶς
398 1462 596 1528 σοφοὺς
627 1463 774 1532 ἡμᾶς
812 1465 1126 1535 είργάσατο.
1169 1470 1261 1522 Διὸ
1283 1457 1466 1536 πάλιν,
1495 1473 1658 1526 Κατὰ
1690 1474 1805 1540 τὴν

230 1540 514 1596 εὐδοκίαν
557 1545 762 1610 αὑτοῦ,
812 1547 995 1616 φησὶν,
1058 1547 1139 1617 ἢν
1178 1552 1459 1619 προέθετο
1504 1555 1575 1608 ἐν
1623 1554 1802 1622 αὐτῷ.

232 1627 514 1692 Τουτέστι,
571 1632 727 1682 τοῦτο
778 1633 1066 1704 ἐπεθύμει,
1132 1637 1290 1691 τοῦτο
1335 1637 1542 1703 ὤδινεν,
1605 1642 1681 1705 ώς
1738 1641 1806 1696 ἂν

232 1710 346 1794 έχοι
395 1710 626 1774 ἐξειπεῖν
673 1715 803 1784 ἡμῖν
840 1716 902 1768 τὸ
941 1719 1259 1790 μυστήριον,
1317 1722 1474 1774 Ποῖον
1508 1723 1572 1794 δὴ
1615 1725 1803 1790 τοῦτο;

235 1792 358 1845 Ὅτι
403 1794 686 1864 ἄνθρωπον
737 1796 850 1850 ἀνω
901 1799 1122 1853 καθίσαι
1179 1801 1446 1870 βούλεται.
1519 1792 1690 1858 Τοῦτο
1748 1807 1806 1859 δὲ

233 1875 480 1944 γέγονεν,
533 1879 636 1942 Εἰς
690 1881 1034 1949 οἰκονομίαν
1081 1884 1190 1937 τοῦ
1251 1887 1644 1956 πληρώματος
1689 1889 1807 1941 τῶν

232 1958 474 2026 καιρῶν,
527 1959 1171 2030 ἀνακεφαλαιώσασθαι
1225 1969 1299 2022 τὰ
1353 1970 1550 2024 πάντα
1603 1972 1675 2024 ἐν
1726 1971 1807 2036 τῷ

232 2039 482 2108 Χριστῷ.
507 2044 591 2123 ,τὰ
619 2043 688 2097 ἐν
720 2045 846 2112 τοῖς
879 2047 1176 2115 οὐρανοῖς,
1206 2051 1307 2103 καὶ
1332 2051 1405 2105 τὰ
1433 2053 1530 2106 ἐπὶ
1561 2053 1672 2120 τῆς
1695 2053 1807 2123 γῆς

234 2123 305 2176 ἐν
371 2122 552 2189 αὐτῷ.
624 2127 964 2198 Ἀπέσχιστο,
1024 2132 1181 2200 φησι,
1232 2134 1301 2186 τὰ
1346 2135 1649 2204 ἐπουράνια
1700 2122 1808 2188 τῶν

233 2207 514 2275 ἐπιγείων,
561 2209 663 2262 οὐκ
705 2205 817 2280 εἷχε
861 2211 990 2280 μίαν
1040 2214 1301 2284 κεφαλήν.
1368 2217 1526 2270 Κατά
1563 2218 1661 2288 μὲν
1698 2218 1808 2288 γάρ

232 2291 323 2343 τὸν
375 2292 476 2361 τῆς
516 2291 877 2364 δημιουργίας
910 2295 1066 2362 λόγον
1105 2292 1187 2361 εἷς
1230 2298 1362 2362 Θεὸς
1401 2294 1471 2370 ἦν
1495 2315 1510 2329 ⁶
1562 2302 1705 2354 κατὰ
1750 2302 1808 2354 δὲ

230 2375 324 2426 τὸν
363 2374 461 2444 τῆς
504 2375 828 2438 οἰκειώσεως
865 2378 1071 2445 οὐκέτι,
1113 2381 1211 2450 τῆς
1245 2381 1562 2453 Ἑλληνικῆς
1601 2384 1809 2454 πλάνης

233 2474 364 2526 κεχυ
373 2457 561 2528 μένης,
579 2459 689 2512 ἀλλ’
704 2462 1092 2532 ἀπεσχισμένοι
1107 2458 1246 2532 ἦσαν
1257 2463 1355 2533 τῆς
1369 2466 1609 2538 ὑπακοῆς
1619 2468 1807 2523 αὐτοῦ.

232 2543 338 2606 Εἰς
351 2543 716 2610 οἰκονομίαν,
738 2561 811 2613 φη
820 2545 890 2608 σὶ,
910 2545 1014 2598 τοῦ
1030 2545 1422 2615 πληρώματος
1435 2547 1551 2603 τῶν
1567 2550 1806 2620 καιρῶν.

235 2622 515 2692 Ιιλήρωμα
571 2624 679 2676 τῶν
724 2626 933 2696 καιρῶν
975 2629 1106 2681 αὐτὸ
1149 2628 1428 2686 ἐκάλεσεν,
1493 2632 1634 2703 Ὅρα
1686 2634 1805 2696 πῶς

233 2706 476 2773 ἀκριὸῶς
530 2707 848 2777 φθέγγεται.
901 2711 1012 2764 Καὶ
1048 2710 1147 2781 τὴν
1192 2713 1292 2783 μὲν
1344 2713 1517 2784 ἀρχὴν
1559 2717 1667 2769 ἀπὸ
1711 2716 1808 2770 τοῦ

235 2791 450 2859 Πατρός
505 2789 708 2856 δείξας,
741 2790 821 2863 [8]
857 2793 956 2862 τὴν
990 2794 1268 2864 πρόθεσιν,
1298 2796 1398 2867 τὴν
1451 2797 1668 2869 βουλὴν,
1711 2799 1810 2870 τὴν

234 2873 462 2944 πρώτην
505 2875 701 2944 ὁρμὴν,
742 2875 840 2944 τὴν
883 2875 938 2928 δὲ
986 2877 1074 2931 διά
1109 2877 1218 2932 τῶν
1247 2877 1424 2950 ἔργων
1467 2882 1812 2952 ἐκπλήρωσιν

235 2957 322 3010 διὰ
369 2957 463 3009 τοῦ
503 2958 758 3028 Χριστοῦ,
784 2959 1020 3029 οὐδαμοῦ
1049 2961 1294 3016 διάκονον
1335 2963 1497 3018 αὐτὸν
1529 2965 1806 3036 ὀνομάζει.

247 3039 597 3102 Ἐ’ξελέξατο
642 3039 822 3109 ἡμᾶς,
893 3043 1076 3113 φησὶν,
1132 3045 1203 3098 ἐν
1246 3043 1425 3113 αὐτῷ,
1482 3050 1809 3117 προορίσας

237 3122 396 3191 ἡμᾶς
414 3125 502 3188 εὶς
529 3125 836 3177 υἱοθεσίαν
867 3124 964 3179 διὰ
987 3127 1244 3193 Χριστοῦ
1281 3129 1475 3196 Ἰησοῦ
1497 3133 1584 3197 εἰς
1603 3133 1811 3198 αὐτὸν,

237 3206 335 3260 καί
359 3209 439 3270 εὶς
481 3205 731 3260 ἔπαινον
771 3206 957 3274 δόξης
992 3208 1102 3277 τῆς
1133 3209 1374 3279 χάριτος
1407 3215 1614 3276 αὐτοῦ,
1659 3215 1728 3268 ὲν
1764 3208 1815 3283 ᾧ

236 3290 458 3358 ἔχομεν
484 3289 599 3355 τὴν
619 3291 1044 3357 ἀπολύτρωσιν
1071 3293 1168 3347 διὰ
1194 3294 1300 3349 τοῦ
1328 3297 1575 3365 αἵματος
1601 3298 1812 3364 αὐτοῦ,

239 3371 321 3438 ῆν
349 3373 632 3437 προέθετο
663 3372 733 3425 ἐν
757 3372 915 3437 αὑτῷ
939 3375 1026 3439 εὶς
1056 3377 1403 3444 οἰκονομίαν
1439 3379 1548 3433 τοῦ
1582 3379 1814 3448 πληρώ-

235 3471 426 3524 ματος
449 3453 567 3506 τὼν
586 3453 822 3523 καιρῶν,
851 3457 1493 3526 ἀνακεφαλαιώσασθαι
1516 3463 1588 3518 τὰ
1621 3463 1816 3518 πάντα

239 3540 311 3593 ἐν
334 3539 416 3604 τῷ
449 3536 700 3607 Χριστῷ.
755 3539 864 3592 Καὶ
894 3540 1130 3610 οὐδαμοῦ
1156 3543 1403 3597 διάκονον
1433 3546 1595 3598 αὐτὸν
1638 3544 1812 3603 εἶπεν.

243 3622 308 3676 El
339 3622 395 3674 δὲ
421 3621 613 3688 τδ,ὲν,
657 3622 751 3675 καὶ
773 3623 854 3686 τὸ,
899 3623 1018 3686 διὰ,
1060 3624 1309 3679 διακόνου
1348 3629 1516 3694 ἐστὶν,
1565 3631 1666 3700 ὅρα
1709 3632 1813 3684 ποῦ

243 3705 435 3773 τρέπει
482 3703 544 3756 τὸ
607 3706 858 3776 πρᾶγμα.
913 3707 1236 3778 Ἀρχόμενος
1291 3710 1400 3781 γὰρ
1455 3711 1657 3776 εὐθέως
1713 3715 1815 3784 τῆς

255 3786 598 3856 Ἐπιστολῆς,
622 3789 727 3841 Διὰ
755 3788 860 3843 τοῦ
889 3790 1240 3860 θελήματος,
1265 3789 1407 3858 εἷπε,
1436 3793 1542 3848 τοῦ
1563 3798 1813 3864 Πατρός.

257 3871 316 3924 '0
351 3872 540 3941 Πατὴρ
575 3871 830 3940 ἠθέλησε,
877 3875 1062 3943 φησὶν,
1087 3877 1115 3928 ὁ
1144 3876 1272 3939 Υίὸς
1304 3879 1628 3948 ἐνήργησεν.
1678 3881 1815 3934 Ἀλλ’

246 3954 389 4016 οὔτε,
421 3955 606 4024 ἐπειδὴ
629 3957 657 4007 ό
691 3957 876 4029 Πατὴρ
914 3958 1169 4028 ἠθέλησε,
1202 3962 1299 4031 τῆς
1348 3963 1627 4033 ἐνεργείας
1661 3966 1818 4030 ἐκτός

247 4039 392 4090 ἐστιν
439 4039 468 4092 ό
515 4039 680 4101 Υἱός·
714 4037 837 4092 οὔτε
889 4041 1075 4112 ἐπειδὴ
1118 4044 1146 4095 ό
1198 4043 1328 4108 Υἱὸς
1381 4047 1677 4117 ἐνήργησε,
1721 4049 1816 4102 τοῦ

249 4121 551 4190 θελήματος
578 4124 943 4194 ἀπεστέρηται
964 4128 992 4179 ὁ
1019 4127 1228 4198 Πατὴρ,
1257 4129 1392 4182 ἀλλὰ
1427 4132 1580 4184 κοινά
1607 4133 1815 4204 Πατρὸς

249 4205 343 4258 καὶ
375 4205 505 4258 Υίοῦ
537 4207 712 4260 πάντα
731 4224 744 4236 ·
794 4209 998 4263 Πάντα
1020 4218 1126 4282 γὰρ
1149 4213 1219 4265 τὰ
1242 4213 1353 4281 ἐμὰ
1373 4213 1456 4267 σά
1485 4216 1635 4280 ἐστι,
1661 4221 1812 4286 φησι,

248 4287 350 4343 καὶ
385 4289 456 4343 τὰ
487 4288 569 4343 σὰ
595 4289 707 4360 ἐμά
731 4332 746 4346 .
807 4293 1086 4366 Πλήρωμα
1120 4294 1174 4347 δὲ
1197 4295 1303 4349 τῶν
1325 4297 1531 4368 καιρῶν
1554 4301 1589 4370 ὴ
1616 4317 1816 4372 παρουι

1898 544 1987 598 σία
2003 547 2169 600 αὐτοῦ
2183 543 2272 619 ἦν.
2306 547 2461 602 Ἐπεὶ
2477 542 2569 603 οῦν
2585 547 2765 603 πάντα
2781 546 2982 620 ἔπραξε
3003 545 3094 600 καὶ
3109 544 3176 597 δι’
3195 543 3466 612 ἀγγέλων,

1896 631 1989 681 καὶ
2025 629 2113 684 διά
2153 631 2471 700 προφητῶν,
2505 633 2598 684 καὶ
2633 632 2720 684 διά
2753 632 2942 701 νόμου,
2994 627 3089 682 καὶ
3119 628 3272 680 οὐδὲν
3305 626 3468 680 πλέον

1896 711 2134 780 ἐγένετο,
2170 714 2285 768 ἀλλ’
2315 713 2648 767 ἐκινδύνευεν
2668 713 2791 784 εἱκῆ
2818 712 3142 784 γεγενῆσθαι
3162 710 3465 782 ἄνθρωπος,

1897 793 2021 864 είκῆ
2063 795 2362 866 παρῆχθαι,
2417 796 2615 865 μᾶλλον
2671 795 2728 849 δὲ
2757 797 2848 850 καὶ
2891 797 2983 849 ἐπὶ
3025 793 3202 865 κακῷ,
3251 793 3470 846 πάντων
3541 815 3555 863 _--

1899 876 2280 948 ἀπολλυμένων
2318 879 2524 946 ἁπλῶς,
2569 879 2664 934 καὶ
2687 879 2962 950 ,μειζόνως
2992 878 3025 948 ἦ
3057 878 3148 930 ἐπὶ
3177 875 3270 928 τοῦ
3299 890 3470 928 κατα-

1898 959 2166 1030 κλυσμοῦ,
2199 955 2322 1032 εῦρε
2353 962 2554 1034 ταύτην
2605 964 2704 1034 τὴν
2745 961 3054 1028 οίκονομίαν
3096 960 3194 1031 τὴν
3235 958 3325 1011 διὰ
3369 957 3472 1026 τῆς

1897 1044 2140 1114 χάριτος,
2168 1045 2306 1098 ὥστε
2339 1047 2414 1117 μὴ
2445 1048 2566 1118 είκῆ
2610 1046 2744 1117 μηδὲ
2785 1046 2962 1116 μάτην
2995 1043 3159 1098 αὐτὸν
3191 1041 3468 1110 γενέσθαι.

1900 1126 1976 1178 Τὸ
2022 1126 2296 1199 πλήρωμα
2335 1129 2444 1184 τῶν
2489 1129 2696 1202 καιρῶν
2733 1128 2893 1182 τοῦτο
2936 1129 3104 1195 λέγει,
3132 1126 3227 1180 καὶ
3255 1123 3464 1194 σοφίαν.

1901 1208 2054 1274 Πῶς;
2089 1211 2209 1263 ’Ὀτι
2247 1212 2337 1265 ὅτε
2385 1212 2617 1282 μάλιστα
2668 1211 2891 1282 ἔμελλον
2941 1208 3293 1271 ἀπόλλυσθαι,
3348 1205 3471 1258 τότε

1900 1291 2256 1363 διεσώθησαν.
2293 1295 2974 1364 Ἀνακεφαλαιώσασθαι,
2997 1293 3184 1364 φησίν.
3212 1292 3276 1344 Τί
3302 1291 3469 1352 ἐστιν,

1916 1375 2618 1444 Ἀνακεφαλαιώσασθαι;
2659 1377 2924 1448 Συνάψαι.
2964 1376 3111 1447 Πλὴν
3139 1374 3274 1428 ἀλλά
3305 1388 3470 1423 σπου-

1905 1459 2160 1529 δάσωμεν
2192 1463 2358 1529 ἐγγὺς
2387 1462 2556 1533 αὐτῆς
2581 1461 2831 1531 γενέσθαι
2859 1462 2957 1531 τῆς
2995 1457 3265 1528 ἀληθείας.
3309 1455 3468 1525 Παρά

1908 1543 2006 1613 μὲν
2031 1542 2139 1614 γὰρ
2163 1545 2296 1613 ἡμῖν
2317 1546 2410 1597 καὶ
2439 1545 2498 1597 ἐν
2523 1548 2590 1616 τῇ
2621 1545 2877 1615 συνηθείᾳ
2902 1541 3367 1611 ἀνακεφαλαίωσις
3389 1537 3468 1589 λέο

1904 1642 2060 1694 γεται
2109 1627 2206 1678 καὶ
2245 1626 2317 1679 τά
2363 1627 2452 1680 διὰ
2493 1627 2720 1699 μακρῶν
2751 1627 3016 1695 λεγόμενα
3049 1627 3127 1688 εἰς
3173 1622 3345 1694 βραχὺ
3374 1637 3470 1672 συ-

1908 1710 2134 1772 στεῖλαι,
2158 1711 2252 1763 καὶ
2273 1711 2448 1765 πάντα
2472 1712 2540 1764 τά
2560 1711 2648 1764 διὰ
2668 1711 2878 1764 πολλῶν
2905 1710 3170 1780 λεγόμενα
3197 1706 3476 1774 συντόμως

1906 1795 2100 1848 εἰπεῖν.
2142 1795 2297 1846 Ἐστι
2331 1794 2428 1864 μὲν
2455 1795 2564 1866 γὰρ
2590 1796 2685 1847 καὶ
2714 1795 2869 1848 τοῦτο
2887 1809 2902 1824 ο
2931 1794 2999 1846 τά
3024 1793 3132 1863 γάρ
3153 1791 3238 1844 διὰ
3262 1787 3477 1860 μακροῦ

1905 1877 2097 1946 χρόνου
2149 1877 2574 1948 οίκονομούμενα
2615 1877 3123 1945 ἀνεκεφαλαιώσατο
3176 1877 3234 1927 ὲν
3276 1873 3474 1942 ἐαυτῷ,

1905 1960 2172 2024 τουτέστι,
2206 1962 2485 2031 συνέτεμε.
2520 1963 2690 2030 Λόγον
2715 1963 2824 2032 γὰρ
2846 1960 3130 2021 συντελῶν,
3165 1958 3260 2012 καὶ
3292 1957 3481 2010 συντέ-

1910 2059 2058 2112 μνων
2083 2044 2140 2096 ἐν
2164 2043 2497 2117 δικαιοσύνῃ,
2529 2046 2621 2098 καὶ
2646 2047 2828 2098 ἐκεῖνα
2848 2043 3160 2115 περιέλαϐε,
3193 2042 3285 2096 καὶ
3315 2041 3479 2110 ἕτερα

1908 2125 2238 2196 προσέθηκε.
2270 2127 2441 2180 Τοῦτό
2481 2129 2628 2180 ἐστιν
2651 2126 3145 2195 ἀνακεφαλαίωσις.
3194 2125 3350 2176 Ἔστι
3381 2124 3479 2176 καὶ

1905 2208 2092 2280 ἔτερόν
2136 2228 2189 2262 τι
2231 2210 2580 2281 δηλούμενον.
2626 2212 2786 2263 Ποῖον
2814 2210 3007 2275 τοῦτο;
3055 2209 3199 2262 Μίαν
3236 2207 3482 2275 κεφαλὴν

1908 2291 2110 2346 ἅπασιν
2146 2293 2383 2364 ἐπέθηκε
2405 2295 2466 2346 τὸ
2503 2295 2644 2347 κατὰ
2686 2295 2864 2364 σάρκα
2907 2293 3160 2364 Χριστὸν,
3203 2292 3296 2344 καὶ
3319 2289 3480 2358 ἀγγέ-

1907 2376 2020 2440 λοις
2065 2377 2160 2431 καὶ
2206 2376 2552 2448 ἀνθρὼποις’
2590 2378 2855 2441 τουτέστι,
2908 2377 3002 2429 καὶ
3055 2375 3306 2443 ἀγγέλοις
3351 2373 3481 2444 μίαν

1907 2458 2081 2529 ἀρχὴν
2109 2460 2328 2524 έδωκεν,
2360 2461 2454 2514 καὶ
2478 2460 2804 2531 ἀνθρώποις,
2839 2461 2949 2521 τοῖς
2976 2458 3074 2529 μὲν
3100 2458 3160 2510 τὸ
3184 2456 3325 2509 κατά
3352 2457 3482 2524 σάρ’

1909 2561 2000 2607 κα,
2028 2547 2140 2608 τοῖς
2161 2545 2216 2596 δέ
2237 2545 2326 2596 τὸν
2352 2545 2485 2598 Θεὸν
2509 2547 2679 2613 Λόγον
2701 2557 2748 2585 ι·
2772 2545 2847 2606 ὡς
2868 2544 2933 2597 ἂν
2959 2543 3086 2613 περὶ
3105 2541 3280 2603 οίκίας
3307 2557 3390 2602 τις
3413 2540 3482 2591 εἵ-

1909 2643 2000 2678 ποι
2028 2625 2098 2679 τά
2127 2626 2226 2696 μὲν
2255 2627 2449 2696 σαθρά,
2471 2627 2539 2680 τὰ
2581 2628 2638 2679 δέ
2678 2627 2872 2697 ίσχυρά
2900 2625 3129 2695 ἐχούσης
3149 2640 3162 2652 ·
3195 2621 3484 2692 Ἀνῳκοδό-

1913 2725 2053 2779 μησε
2084 2709 2182 2778 τὴν
2209 2709 2401 2773 οἰκίαν,
2433 2710 2726 2795 τουτέστιν,
2777 2708 3129 2795 ἰσχυροτέραν
3168 2705 3479 2795 εἰργάσατο,

1914 2790 2266 2861 ἰσχυροτέραν
2302 2791 2542 2862 κρηπῖδα
2580 2789 2888 2860 ὑπέθηκενο
2912 2789 3057 2842 οὕτω
3103 2789 3200 2841 καὶ
3248 2786 3485 2840 ἐνταῦθα

1912 2876 2118 2939 πάντας
2145 2876 2248 2929 ὑπὸ
2279 2876 2410 2946 μίαν
2435 2877 2611 2947 ἤγαγε
2645 2875 2909 2946 κεφαλήν.
2971 2873 3126 2929 Οῦτω
3157 2874 3264 2943 γὰρ
3290 2872 3354 2926 ἂν
3383 2871 3482 2940 γέ-

1911 2975 2054 3011 νοιτο
2087 2959 2300 3026 ἐνωσις,
2339 2957 2512 3022 οὕτως
2544 2959 2637 3030 [ἂν
2665 2958 2898 3031 γένοιτο]
2929 2958 3160 3029 ἀκριϐὴς
3196 2957 3482 3025 συνάφεια,

1913 3042 2042 3095 ὅταν
2059 3041 2163 3094 ὑπὸ
2181 3043 2308 3112 μίαν
2330 3043 2545 3097 ἅπαντα
2559 3042 2751 3113 ἀχθείη
2767 3041 3032 3112 κεφαλὴν,
3057 3040 3346 3111 σύνδεσμόν
3361 3055 3485 3092 τινα

1917 3122 1994 3196 [9]
2021 3125 2313 3193 ἀναγκαῖον
2352 3125 2563 3180 ἄνωθεν
2593 3125 2801 3196 ἔχοντα.
2828 3123 3107 3194 Τοσαύτης
3123 3124 3298 3177 τοίνυν
3320 3122 3484 3186 ἀξιω-

1914 3208 2096 3272 θέντες
2123 3209 2350 3280 δωρεᾶς,
2378 3209 2648 3280 τοσαύτης
2671 3208 2858 3280 τιμῆς,
2885 3208 3152 3278 τοσαύτης
3182 3205 3371 3276 φιλανθ
3382 3223 3485 3273 pm-

1912 3292 2066 3359 πίας,
2101 3293 2176 3366 μὴ
2209 3294 2658 3364 καταισχύνωμεν
2681 3293 2774 3346 τὸν
2807 3292 3263 3364 εὐεργετήσαντα,
3303 3289 3377 3358 μὴ
3400 3291 3482 3352 είς

1913 3377 2067 3431 κενὸν
2094 3379 2194 3448 τὴν
2223 3378 2490 3448 τοσαύτην
2509 3379 2669 3449 χάριν
2692 3378 3029 3448 ποιήσωμεν,
3063 3374 3348 3443 ἀγγελικὸν
3371 3372 3485 3443 βίον

1914 3459 2331 3530 ἐπιδειξώμεθα,
2363 3460 2662 3532 ἀγγελικὴν
2695 3459 2896 3530 ἀρετὴν
2927 3461 3021 3513 καὶ
3049 3457 3324 3510 πολιτείαν
3350 3473 3365 3486 ·
3395 3456 3486 3508 ναὶ

1913 3543 2104 3614 δέομαι
2128 3545 2223 3596 καὶ
2245 3542 2530 3606 ἀντιϐολῶ,
2561 3544 2648 3595 ἵνα
2680 3542 2754 3612 μὴ
2795 3543 2877 3604 είς
2907 3543 3081 3610 κρῖμα
3117 3541 3236 3609 μηδ’
3278 3540 3357 3601 εἰς
3382 3555 3485 3590 καο

1914 3629 2159 3700 τάκριμα
2185 3630 2406 3701 γένηται
2425 3630 2596 3684 ταῦτα
2618 3631 2794 3684 πάντα
2820 3631 2973 3700 ἡμῖν,
3005 3628 3119 3682 ἀλλ’
3147 3631 3224 3690 είς
3244 3627 3483 3681 ἀπόλαυ-

1917 3729 2002 3765 σιν
2026 3712 2244 3781 ἀγαθῶν
2267 3729 2282 3743 ·
2313 3707 2388 3767 ὧν
2417 3714 2625 3782 γένοιτο
2653 3713 2861 3776 πάντας
2881 3713 3027 3782 ἡμᾶς
3056 3714 3350 3780 ἐπιτυχεῖν,
3384 3711 3485 3780 χά-

1921 3812 2025 3864 ριτι
2051 3796 2144 3848 καὶ
2173 3796 2553 3867 φιλανθρωπίᾳ
2581 3795 2676 3849 τοῦ
2708 3795 2912 3866 Κυρίου
2947 3795 3104 3865 ἡμῶν
3144 3793 3317 3863 Ἰησοῦ
3356 3795 3487 3863 Χρι-

1919 3879 2068 3945 στοῦ,
2121 3880 2240 3949 μεθ’
2279 3873 2342 3934 οῦ
2379 3880 2458 3951 τῷ
2497 3882 2694 3951 Πατρὶ,
2741 3880 2858 3953 ἅμα
2891 3879 2968 3952 τῷ
3009 3877 3152 3950 ἁγίῳ
3184 3877 3484 3948 Πνεύματι,

1916 3964 2064 4032 δόξα,
2088 3965 2308 4036 κράτος,
2333 3967 2426 4019 καὶ
2454 3965 2521 4020 τὰ
2547 3964 2692 4037 ἑξῆς.

1980 4193 2006 4222 α
2028 4181 2191 4249 Code‘x
2214 4195 2359 4241 unus,
2380 4184 2601 4249 τουτέστι
2622 4182 2702 4228 καὶ
2727 4181 2940 4249 ἀγγέλοις
2963 4177 3307 4249 ἀρχὴνὶέδωκεν
3328 4176 3486 4245 ἑτέραν

1918 4244 2000 4289 καὶ
2025 4243 2300 4308 ἀνθρώποις·
2327 4245 2424 4302 τοῖς
2444 4246 2527 4308 μὲν
2552 4245 2608 4292 τὸ
2627 4244 2749 4291 κατά
2773 4240 2946 4306 σάρκα,
2967 4240 3065 4296 τοῖς
3093 4240 3144 4288 δὲ
3165 4240 3288 4286 κατὰ
3305 4240 3488 4298 πνεῦμα

1916 4305 1997 4351 τὸν
2021 4305 2138 4352 Θεὸν
2160 4307 2329 4366 Λόγον.
