  <div class='ocr_page' id='page_1' title='image "/cluster/home/n/w/nwhite01/storage/ocr_20150623/62/nnc1.0046979654/023.png"; bbox 0 0 4060 6400; ppageno 0'>
   <div class='ocr_carea' id='block_1_1' title="bbox 564 290 3782 356">
    <p class='ocr_par' dir='ltr' id='par_1_1' title="bbox 564 290 3782 356">
     <span class='ocr_line' id='line_1_1' title="bbox 564 290 3782 356; baseline -0.001 -1"><span class='ocrx_word' id='word_1_1' title='bbox 564 298 632 356; x_wconf 72' lang='grc' dir='ltr'><em>Π</em></span> <span class='ocrx_word' id='word_1_2' title='bbox 1246 294 1305 351; x_wconf 88' lang='lat' dir='ltr'><em>S.</em></span> <span class='ocrx_word' id='word_1_3' title='bbox 1344 291 1629 347; x_wconf 81' lang='lat' dir='ltr'><em>JOANNIS</em></span> <span class='ocrx_word' id='word_1_4' title='bbox 1666 291 2156 349; x_wconf 77' lang='lat' dir='ltr'><em>CIIRYSOSTOMI</em></span> <span class='ocrx_word' id='word_1_5' title='bbox 2195 290 2515 349; x_wconf 78' lang='lat' dir='ltr'><em>ARCHIEP.</em></span> <span class='ocrx_word' id='word_1_6' title='bbox 2559 292 3107 350; x_wconf 72' lang='lat' dir='ltr'><em>CONSTANTINOP.</em></span> <span class='ocrx_word' id='word_1_7' title='bbox 3726 293 3782 352; x_wconf 69' lang='grc' dir='ltr'><em>ιε</em></span> 
     </span>
    </p>
   </div>
   <div class='ocr_carea' id='block_1_2' title="bbox 2064 508 2425 565">
    <p class='ocr_par' dir='ltr' id='par_1_2' title="bbox 2064 508 2425 565">
     <span class='ocr_line' id='line_1_2' title="bbox 2064 508 2425 565; baseline 0.006 -3"><span class='ocrx_word' id='word_1_8' title='bbox 2064 508 2311 562; x_wconf 83' lang='lat' dir='ltr'><em>OMIAIA</em></span> <span class='ocrx_word' id='word_1_9' title='bbox 2347 508 2425 565; x_wconf 89' lang='lat' dir='ltr'><em>B&#39;.</em></span> 
     </span>
    </p>
   </div>
   <div class='ocr_carea' id='block_1_3' title="bbox 563 617 2125 691">
    <p class='ocr_par' dir='ltr' id='par_1_3' title="bbox 563 617 2125 691">
     <span class='ocr_line' id='line_1_3' title="bbox 563 617 2125 691; baseline -0.001 -14"><span class='ocrx_word' id='word_1_10' title='bbox 563 621 668 677; x_wconf 85' lang='grc' dir='ltr'><em>Ἐν</em></span> <span class='ocrx_word' id='word_1_11' title='bbox 690 617 738 691; x_wconf 83' lang='grc' dir='ltr'>ᾧ</span> <span class='ocrx_word' id='word_1_12' title='bbox 771 624 868 678; x_wconf 81' lang='grc' dir='ltr'><em>καὶ</em></span> <span class='ocrx_word' id='word_1_13' title='bbox 902 622 1323 691; x_wconf 86' lang='grc' dir='ltr'><em>ἐκληρώθημεν</em></span> <span class='ocrx_word' id='word_1_14' title='bbox 1352 623 1806 690; x_wconf 77' lang='grc' dir='ltr'><em>προορισθέντες</em></span> <span class='ocrx_word' id='word_1_15' title='bbox 1824 621 1973 677; x_wconf 84' lang='grc' dir='ltr'><em>κατὰ</em></span> <span class='ocrx_word' id='word_1_16' title='bbox 1988 622 2125 691; x_wconf 91' lang='grc' dir='ltr'><em>πρό-</em></span> 
     </span>
    </p>
   </div>
   <div class='ocr_carea' id='block_1_4' title="bbox 624 692 2123 782">
    <p class='ocr_par' dir='ltr' id='par_1_4' title="bbox 624 692 2123 782">
     <span class='ocr_line' id='line_1_4' title="bbox 624 692 2123 782; baseline 0 -35"><span class='ocrx_word' id='word_1_17' title='bbox 624 697 796 782; x_wconf 70' lang='grc' dir='ltr'><em>θεσιν</em></span> <span class='ocrx_word' id='word_1_18' title='bbox 814 693 918 773; x_wconf 59' lang='grc' dir='ltr'><em>τοῦ</em></span> <span class='ocrx_word' id='word_1_19' title='bbox 943 696 1015 782; x_wconf 39' lang='grc' dir='ltr'><em>τῚά</em></span> <span class='ocrx_word' id='word_1_20' title='bbox 1037 692 1240 782; x_wconf 52' lang='grc' dir='ltr'><em>πάντα</em></span> <span class='ocrx_word' id='word_1_21' title='bbox 1258 693 1649 782; x_wconf 67' lang='grc' dir='ltr'><em>ἐνεργοῦντος</em></span> <span class='ocrx_word' id='word_1_22' title='bbox 1672 694 1957 782; x_wconf 43' lang='grc' dir='ltr'><em>κατὰττὴν</em></span> <span class='ocrx_word' id='word_1_23' title='bbox 1973 695 2123 782; x_wconf 66' lang='grc' dir='ltr'><em>,βου-</em></span> 
     </span>
    </p>
   </div>
   <div class='ocr_carea' id='block_1_5' title="bbox 623 760 2125 833">
    <p class='ocr_par' dir='ltr' id='par_1_5' title="bbox 623 760 2125 833">
     <span class='ocr_line' id='line_1_5' title="bbox 623 760 2125 833; baseline 0.001 -16"><span class='ocrx_word' id='word_1_24' title='bbox 623 764 747 830; x_wconf 79' lang='grc' dir='ltr'><em>λὴν</em></span> <span class='ocrx_word' id='word_1_25' title='bbox 788 763 895 817; x_wconf 88' lang='grc' dir='ltr'><em>τοῦ</em></span> <span class='ocrx_word' id='word_1_26' title='bbox 954 763 1286 833; x_wconf 74' lang='grc' dir='ltr'><em>θελήματος</em></span> <span class='ocrx_word' id='word_1_27' title='bbox 1342 760 1552 825; x_wconf 84' lang='grc' dir='ltr'><em>αὑτοῦ,</em></span> <span class='ocrx_word' id='word_1_28' title='bbox 1587 767 1673 830; x_wconf 82' lang='grc' dir='ltr'><em>είς</em></span> <span class='ocrx_word' id='word_1_29' title='bbox 1692 765 1759 818; x_wconf 87' lang='grc' dir='ltr'><em>τὸ</em></span> <span class='ocrx_word' id='word_1_30' title='bbox 1786 760 1937 818; x_wconf 82' lang='grc' dir='ltr'><em>εἶναι</em></span> <span class='ocrx_word' id='word_1_31' title='bbox 1964 762 2125 833; x_wconf 73' lang='grc' dir='ltr'><em>ἡμᾶς</em></span> 
     </span>
    </p>
   </div>
   <div class='ocr_carea' id='block_1_6' title="bbox 622 831 2126 902">
    <p class='ocr_par' dir='ltr' id='par_1_6' title="bbox 622 831 2126 902">
     <span class='ocr_line' id='line_1_6' title="bbox 622 831 2126 902; baseline 0 -16"><span class='ocrx_word' id='word_1_32' title='bbox 622 836 711 899; x_wconf 82' lang='grc' dir='ltr'><em>είς</em></span> <span class='ocrx_word' id='word_1_33' title='bbox 732 834 986 902; x_wconf 72' lang='grc' dir='ltr'><em>ἔπαινον</em></span> <span class='ocrx_word' id='word_1_34' title='bbox 1004 831 1114 900; x_wconf 83' lang='grc' dir='ltr'><em>τῆς</em></span> <span class='ocrx_word' id='word_1_35' title='bbox 1147 831 1333 899; x_wconf 78' lang='grc' dir='ltr'><em>δόξης</em></span> <span class='ocrx_word' id='word_1_36' title='bbox 1360 833 1566 902; x_wconf 64' lang='grc' dir='ltr'><em>αὐτοῦ,</em></span> <span class='ocrx_word' id='word_1_37' title='bbox 1589 834 1731 900; x_wconf 88' lang='grc' dir='ltr'><em>τοὺς</em></span> <span class='ocrx_word' id='word_1_38' title='bbox 1758 831 2126 902; x_wconf 83' lang='grc' dir='ltr'><em>προηλπικό-</em></span> 
     </span>
    </p>
   </div>
   <div class='ocr_carea' id='block_1_7' title="bbox 621 896 2126 974">
    <p class='ocr_par' dir='ltr' id='par_1_7' title="bbox 621 896 2126 974">
     <span class='ocr_line' id='line_1_7' title="bbox 621 896 2126 974; baseline -0.01 -3"><span class='ocrx_word' id='word_1_39' title='bbox 621 896 731 970; x_wconf 76' lang='grc' dir='ltr'><em>τάς</em></span> <span class='ocrx_word' id='word_1_40' title='bbox 788 905 859 957; x_wconf 72' lang='grc' dir='ltr'><em>ἐν</em></span> <span class='ocrx_word' id='word_1_41' title='bbox 908 900 990 974; x_wconf 74' lang='grc' dir='ltr'><em>τῷ</em></span> <span class='ocrx_word' id='word_1_42' title='bbox 1022 896 1257 974; x_wconf 67' lang='grc' dir='ltr'><em>Χριίῖτῷ</em></span> <span class='ocrx_word' id='word_1_43' title='bbox 1283 896 1398 955; x_wconf 45' lang='grc' dir='ltr'><em>ἶὲν</em></span> <span class='ocrx_word' id='word_1_44' title='bbox 1509 896 1608 974; x_wconf 62' lang='grc' dir='ltr'><em>καί</em></span> <span class='ocrx_word' id='word_1_45' title='bbox 1632 896 2126 974; x_wconf 70' lang='grc' dir='ltr'><em>ὑμεῖς’ᾀκούσαν-</em></span> 
     </span>
    </p>
   </div>
   <div class='ocr_carea' id='block_1_8' title="bbox 622 970 2123 1044">
    <p class='ocr_par' dir='ltr' id='par_1_8' title="bbox 622 970 2123 1044">
     <span class='ocr_line' id='line_1_8' title="bbox 622 970 2123 1044; baseline -0.001 -16"><span class='ocrx_word' id='word_1_46' title='bbox 622 992 721 1039; x_wconf 89' lang='grc' dir='ltr'><em>τες</em></span> <span class='ocrx_word' id='word_1_47' title='bbox 752 977 861 1028; x_wconf 90' lang='grc' dir='ltr'><em>τὸν</em></span> <span class='ocrx_word' id='word_1_48' title='bbox 882 970 1201 1044; x_wconf 55' lang='grc' dir='ltr'><em>λόγον-τῆς</em></span> <span class='ocrx_word' id='word_1_49' title='bbox 1221 973 1529 1044; x_wconf 70' lang='grc' dir='ltr'><em>ἀληθείας,</em></span> <span class='ocrx_word' id='word_1_50' title='bbox 1548 972 1615 1026; x_wconf 73' lang='grc' dir='ltr'><em>τὸ</em></span> <span class='ocrx_word' id='word_1_51' title='bbox 1642 970 1996 1044; x_wconf 70' lang='grc' dir='ltr'><em>εὖαγγέλιον</em></span> <span class='ocrx_word' id='word_1_52' title='bbox 2014 972 2123 1042; x_wconf 83' lang='grc' dir='ltr'><em>τῆς</em></span> 
     </span>
    </p>
   </div>
   <div class='ocr_carea' id='block_1_9' title="bbox 621 1035 2124 1112">
    <p class='ocr_par' dir='ltr' id='par_1_9' title="bbox 621 1035 2124 1112">
     <span class='ocr_line' id='line_1_9' title="bbox 621 1035 2124 1112; baseline -0.001 -15"><span class='ocrx_word' id='word_1_53' title='bbox 621 1035 919 1112; x_wconf 79' lang='grc' dir='ltr'><em>σωτηρίας</em></span> <span class='ocrx_word' id='word_1_54' title='bbox 968 1035 1188 1112; x_wconf 58' lang='grc' dir='ltr'><em>υμῶν-ζ’</em></span> <span class='ocrx_word' id='word_1_55' title='bbox 1212 1044 1282 1095; x_wconf 81' lang='grc' dir='ltr'><em>ἐν</em></span> <span class='ocrx_word' id='word_1_56' title='bbox 1423 1035 1521 1096; x_wconf 76' lang='grc' dir='ltr'><em>κάι</em></span> <span class='ocrx_word' id='word_1_57' title='bbox 1570 1035 2007 1110; x_wconf 78' lang='grc' dir='ltr'><em>πιστεύσαντες</em></span> <span class='ocrx_word' id='word_1_58' title='bbox 2021 1035 2124 1096; x_wconf 59' lang='grc' dir='ltr'><em>ἐσὲ</em></span> 
     </span>
    </p>
   </div>
   <div class='ocr_carea' id='block_1_10' title="bbox 620 1111 2123 1183">
    <p class='ocr_par' dir='ltr' id='par_1_10' title="bbox 620 1111 2123 1183">
     <span class='ocr_line' id='line_1_10' title="bbox 620 1111 2123 1183; baseline -0.001 -17"><span class='ocrx_word' id='word_1_59' title='bbox 620 1111 989 1183; x_wconf 76' lang='grc' dir='ltr'><em>φραγίσθητε</em></span> <span class='ocrx_word' id='word_1_60' title='bbox 1011 1111 1110 1177; x_wconf 85' lang='grc' dir='ltr'><em>τῷ</em></span> <span class='ocrx_word' id='word_1_61' title='bbox 1161 1113 1460 1183; x_wconf 80' lang='grc' dir='ltr'><em>Πνεύματι</em></span> <span class='ocrx_word' id='word_1_62' title='bbox 1495 1111 1607 1180; x_wconf 84' lang='grc' dir='ltr'><em>τῆς</em></span> <span class='ocrx_word' id='word_1_63' title='bbox 1644 1114 2005 1183; x_wconf 75' lang='grc' dir='ltr'><em>ἐπαγγελίας</em></span> <span class='ocrx_word' id='word_1_64' title='bbox 2030 1112 2123 1183; x_wconf 65' lang='grc' dir='ltr'><em>⁸τῷ</em></span> 
     </span>
    </p>
   </div>
   <div class='ocr_carea' id='block_1_11' title="bbox 619 1181 2120 1253">
    <p class='ocr_par' dir='ltr' id='par_1_11' title="bbox 619 1181 2120 1253">
     <span class='ocr_line' id='line_1_11' title="bbox 619 1181 2120 1253; baseline -0.002 -15"><span class='ocrx_word' id='word_1_65' title='bbox 619 1181 789 1253; x_wconf 71' lang='grc' dir='ltr'><em>ἀγίφ,</em></span> <span class='ocrx_word' id='word_1_66' title='bbox 822 1183 1043 1236; x_wconf 60' lang='grc' dir='ltr'><em>ὅιὲστιν</em></span> <span class='ocrx_word' id='word_1_67' title='bbox 1069 1181 1343 1253; x_wconf 78' lang='grc' dir='ltr'><em>άρῤαϐῲν</em></span> <span class='ocrx_word' id='word_1_68' title='bbox 1365 1181 1478 1251; x_wconf 83' lang='grc' dir='ltr'><em>τῆς</em></span> <span class='ocrx_word' id='word_1_69' title='bbox 1499 1181 1903 1253; x_wconf 87' lang='grc' dir='ltr'><em>κληρονομίας</em></span> <span class='ocrx_word' id='word_1_70' title='bbox 1929 1181 2120 1253; x_wconf 77' lang='grc' dir='ltr'><em>ἡμῶν,</em></span> 
     </span>
    </p>
   </div>
   <div class='ocr_carea' id='block_1_12' title="bbox 619 1250 2125 1321">
    <p class='ocr_par' dir='ltr' id='par_1_12' title="bbox 619 1250 2125 1321">
     <span class='ocr_line' id='line_1_12' title="bbox 619 1250 2125 1321; baseline 0 -14"><span class='ocrx_word' id='word_1_71' title='bbox 619 1250 709 1320; x_wconf 79' lang='grc' dir='ltr'><em>είς</em></span> <span class='ocrx_word' id='word_1_72' title='bbox 767 1253 1190 1319; x_wconf 76' lang='grc' dir='ltr'><em>ἀπολύτρωσιν</em></span> <span class='ocrx_word' id='word_1_73' title='bbox 1236 1250 1349 1320; x_wconf 86' lang='grc' dir='ltr'><em>τῆς</em></span> <span class='ocrx_word' id='word_1_74' title='bbox 1378 1250 1833 1321; x_wconf 81' lang='grc' dir='ltr'><em>περιποιήσεως,</em></span> <span class='ocrx_word' id='word_1_75' title='bbox 1856 1250 2125 1320; x_wconf 72' lang='grc' dir='ltr'><em>είςέπιιι-</em></span> 
     </span>
    </p>
   </div>
   <div class='ocr_carea' id='block_1_13' title="bbox 618 1321 1307 1393">
    <p class='ocr_par' dir='ltr' id='par_1_13' title="bbox 618 1321 1307 1393">
     <span class='ocr_line' id='line_1_13' title="bbox 618 1321 1307 1393; baseline -0.004 -14"><span class='ocrx_word' id='word_1_76' title='bbox 618 1341 731 1379; x_wconf 85' lang='grc' dir='ltr'><em>νον</em></span> <span class='ocrx_word' id='word_1_77' title='bbox 754 1322 858 1393; x_wconf 80' lang='grc' dir='ltr'><em>τῆς</em></span> <span class='ocrx_word' id='word_1_78' title='bbox 890 1322 1077 1389; x_wconf 78' lang='grc' dir='ltr'><em>δόξης</em></span> <span class='ocrx_word' id='word_1_79' title='bbox 1100 1321 1307 1376; x_wconf 84' lang='grc' dir='ltr'><em>αὐτοῦ.</em></span> 
     </span>
    </p>
   </div>
   <div class='ocr_carea' id='block_1_14' title="bbox 618 1478 2123 1552">
    <p class='ocr_par' dir='ltr' id='par_1_14' title="bbox 618 1478 2123 1552">
     <span class='ocr_line' id='line_1_14' title="bbox 618 1478 2123 1552; baseline -0.002 -15"><span class='ocrx_word' id='word_1_80' title='bbox 618 1487 691 1537; x_wconf 85' lang='grc' dir='ltr'><em>α’.</em></span> <span class='ocrx_word' id='word_1_81' title='bbox 730 1479 1015 1551; x_wconf 83' lang='grc' dir='ltr'><em>Πανταχοῦ</em></span> <span class='ocrx_word' id='word_1_82' title='bbox 1045 1479 1145 1549; x_wconf 79' lang='grc' dir='ltr'><em>τὴν</em></span> <span class='ocrx_word' id='word_1_83' title='bbox 1168 1481 1376 1549; x_wconf 83' lang='grc' dir='ltr'><em>ἄφατον</em></span> <span class='ocrx_word' id='word_1_84' title='bbox 1403 1478 1499 1533; x_wconf 91' lang='grc' dir='ltr'><em>τοῦ</em></span> <span class='ocrx_word' id='word_1_85' title='bbox 1534 1479 1669 1533; x_wconf 81' lang='grc' dir='ltr'><em>Θεοῦ</em></span> <span class='ocrx_word' id='word_1_86' title='bbox 1711 1478 2123 1552; x_wconf 79' lang='grc' dir='ltr'><em>φιλανθρωπίαν</em></span> 
     </span>
    </p>
   </div>
   <div class='ocr_carea' id='block_1_15' title="bbox 549 1561 2123 1635">
    <p class='ocr_par' dir='ltr' id='par_1_15' title="bbox 549 1561 2123 1635">
     <span class='ocr_line' id='line_1_15' title="bbox 549 1561 2123 1635; baseline 0 -19"><span class='ocrx_word' id='word_1_87' title='bbox 549 1564 881 1618; x_wconf 79' lang='grc' dir='ltr'><em>ἐσπούδασεν</em></span> <span class='ocrx_word' id='word_1_88' title='bbox 904 1566 932 1617; x_wconf 92' lang='lat'><em>6</em></span> <span class='ocrx_word' id='word_1_89' title='bbox 962 1561 1175 1627; x_wconf 80' lang='grc' dir='ltr'><em>Παῦλος</em></span> <span class='ocrx_word' id='word_1_90' title='bbox 1195 1562 1293 1634; x_wconf 83' lang='grc' dir='ltr'><em>τὴν</em></span> <span class='ocrx_word' id='word_1_91' title='bbox 1314 1564 1444 1633; x_wconf 77' lang='grc' dir='ltr'><em>περὶ</em></span> <span class='ocrx_word' id='word_1_92' title='bbox 1476 1564 1627 1633; x_wconf 78' lang='grc' dir='ltr'><em>ἡμᾶς</em></span> <span class='ocrx_word' id='word_1_93' title='bbox 1651 1562 1849 1628; x_wconf 79' lang='grc' dir='ltr'><em>δεῖξαι,</em></span> <span class='ocrx_word' id='word_1_94' title='bbox 1872 1562 1947 1625; x_wconf 86' lang='grc' dir='ltr'><em>ὡς</em></span> <span class='ocrx_word' id='word_1_95' title='bbox 1970 1563 2123 1635; x_wconf 85' lang='grc' dir='ltr'><em>αὐτῷ</em></span> 
     </span>
    </p>
   </div>
   <div class='ocr_carea' id='block_1_16' title="bbox 546 1643 2125 1719">
    <p class='ocr_par' dir='ltr' id='par_1_16' title="bbox 546 1643 2125 1719">
     <span class='ocr_line' id='line_1_16' title="bbox 546 1643 2125 1719; baseline -0.001 -17"><span class='ocrx_word' id='word_1_96' title='bbox 546 1649 794 1703; x_wconf 88' lang='grc' dir='ltr'><em>δυνατόν.</em></span> <span class='ocrx_word' id='word_1_97' title='bbox 818 1648 942 1701; x_wconf 85' lang='grc' dir='ltr'><em>Ὅτι</em></span> <span class='ocrx_word' id='word_1_98' title='bbox 974 1649 1084 1719; x_wconf 85' lang='grc' dir='ltr'><em>γὰρ</em></span> <span class='ocrx_word' id='word_1_99' title='bbox 1117 1646 1258 1718; x_wconf 84' lang='grc' dir='ltr'><em>μετὰ</em></span> <span class='ocrx_word' id='word_1_100' title='bbox 1290 1646 1572 1716; x_wconf 75' lang='grc' dir='ltr'><em>ἀκριϐείας</em></span> <span class='ocrx_word' id='word_1_101' title='bbox 1593 1646 1690 1718; x_wconf 80' lang='grc' dir='ltr'><em>οὐχ</em></span> <span class='ocrx_word' id='word_1_102' title='bbox 1715 1643 1826 1702; x_wconf 75' lang='grc' dir='ltr'><em>οἷόν</em></span> <span class='ocrx_word' id='word_1_103' title='bbox 1846 1667 1925 1715; x_wconf 86' lang='grc' dir='ltr'><em>τε,</em></span> <span class='ocrx_word' id='word_1_104' title='bbox 1959 1650 2125 1703; x_wconf 78' lang='grc' dir='ltr'><em>ἄκου-</em></span> 
     </span>
    </p>
   </div>
   <div class='ocr_carea' id='block_1_17' title="bbox 550 1728 2121 1799">
    <p class='ocr_par' dir='ltr' id='par_1_17' title="bbox 550 1728 2121 1799">
     <span class='ocr_line' id='line_1_17' title="bbox 550 1728 2121 1799; baseline 0.002 -16"><span class='ocrx_word' id='word_1_105' title='bbox 550 1748 643 1785; x_wconf 91' lang='grc' dir='ltr'><em>σον</em></span> <span class='ocrx_word' id='word_1_106' title='bbox 695 1730 747 1783; x_wconf 91' lang='grc' dir='ltr'><em>τί</em></span> <span class='ocrx_word' id='word_1_107' title='bbox 797 1747 962 1799; x_wconf 85' lang='grc' dir='ltr'><em>φησιν</em></span> <span class='ocrx_word' id='word_1_108' title='bbox 1002 1732 1201 1795; x_wconf 83' lang='grc' dir='ltr'><em>αὐτός·</em></span> <span class='ocrx_word' id='word_1_109' title='bbox 1233 1731 1301 1784; x_wconf 86' lang='grc' dir='ltr'><strong><em>Ὦ</em></strong></span> <span class='ocrx_word' id='word_1_110' title='bbox 1329 1728 1526 1796; x_wconf 81' lang='grc' dir='ltr'><em>βάθος</em></span> <span class='ocrx_word' id='word_1_111' title='bbox 1577 1731 1851 1786; x_wconf 86' lang='grc' dir='ltr'><em>πλούτου</em></span> <span class='ocrx_word' id='word_1_112' title='bbox 1891 1732 1989 1785; x_wconf 77' lang='grc' dir='ltr'><em>καί</em></span> <span class='ocrx_word' id='word_1_113' title='bbox 2013 1746 2121 1786; x_wconf 79' lang='grc' dir='ltr'><em>σο-</em></span> 
     </span>
    </p>
   </div>
   <div class='ocr_carea' id='block_1_18' title="bbox 546 1812 2121 1882">
    <p class='ocr_par' dir='ltr' id='par_1_18' title="bbox 546 1812 2121 1882">
     <span class='ocr_line' id='line_1_18' title="bbox 546 1812 2121 1882; baseline 0.003 -16"><span class='ocrx_word' id='word_1_114' title='bbox 546 1815 689 1882; x_wconf 68' lang='grc' dir='ltr'><em>φίας</em></span> <span class='ocrx_word' id='word_1_115' title='bbox 742 1814 839 1867; x_wconf 78' lang='grc' dir='ltr'><em>καὶ</em></span> <span class='ocrx_word' id='word_1_116' title='bbox 888 1813 1165 1882; x_wconf 83' lang='grc' dir='ltr'><em>γνώσεως</em></span> <span class='ocrx_word' id='word_1_117' title='bbox 1193 1812 1387 1867; x_wconf 67' lang='grc' dir='ltr'><em>Θεοῦ]</em></span> <span class='ocrx_word' id='word_1_118' title='bbox 1437 1812 1520 1879; x_wconf 86' lang='grc' dir='ltr'><em>ὡς</em></span> <span class='ocrx_word' id='word_1_119' title='bbox 1572 1812 2018 1882; x_wconf 84' lang='grc' dir='ltr'><em>ἀνεξερεύνητα</em></span> <span class='ocrx_word' id='word_1_120' title='bbox 2045 1816 2121 1870; x_wconf 81' lang='grc' dir='ltr'><em>τὰ</em></span> 
     </span>
    </p>
   </div>
   <div class='ocr_carea' id='block_1_19' title="bbox 547 1895 2121 1966">
    <p class='ocr_par' dir='ltr' id='par_1_19' title="bbox 547 1895 2121 1966">
     <span class='ocr_line' id='line_1_19' title="bbox 547 1895 2121 1966; baseline 0.001 -18"><span class='ocrx_word' id='word_1_121' title='bbox 547 1897 800 1966; x_wconf 73' lang='grc' dir='ltr'><em>κρίματα</em></span> <span class='ocrx_word' id='word_1_122' title='bbox 826 1897 1032 1957; x_wconf 86' lang='grc' dir='ltr'><em>αὐτοῦ,</em></span> <span class='ocrx_word' id='word_1_123' title='bbox 1060 1896 1156 1951; x_wconf 78' lang='grc' dir='ltr'><em>καὶ</em></span> <span class='ocrx_word' id='word_1_124' title='bbox 1189 1895 1641 1965; x_wconf 80' lang='grc' dir='ltr'><em>ἀνεξιχνίαστοι</em></span> <span class='ocrx_word' id='word_1_125' title='bbox 1656 1900 1716 1950; x_wconf 78' lang='grc' dir='ltr'><em>αἱ</em></span> <span class='ocrx_word' id='word_1_126' title='bbox 1739 1896 1868 1951; x_wconf 77' lang='grc' dir='ltr'><em>όδοὶ</em></span> <span class='ocrx_word' id='word_1_127' title='bbox 1894 1898 2121 1953; x_wconf 74' lang='grc' dir='ltr'><em>αὐτοῦ]</em></span> 
     </span>
    </p>
   </div>
   <div class='ocr_carea' id='block_1_20' title="bbox 546 1974 2122 2050">
    <p class='ocr_par' dir='ltr' id='par_1_20' title="bbox 546 1974 2122 2050">
     <span class='ocr_line' id='line_1_20' title="bbox 546 1974 2122 2050; baseline 0.003 -19"><span class='ocrx_word' id='word_1_128' title='bbox 546 1981 684 2050; x_wconf 80' lang='grc' dir='ltr'><em>πλὴν</em></span> <span class='ocrx_word' id='word_1_129' title='bbox 720 1980 834 2034; x_wconf 87' lang='grc' dir='ltr'><em>ἀλλ’</em></span> <span class='ocrx_word' id='word_1_130' title='bbox 857 1980 930 2041; x_wconf 81' lang='grc' dir='ltr'><em>ὡς</em></span> <span class='ocrx_word' id='word_1_131' title='bbox 980 1974 1093 2032; x_wconf 75' lang='grc' dir='ltr'><em>οἷόν</em></span> <span class='ocrx_word' id='word_1_132' title='bbox 1133 1980 1195 2033; x_wconf 84' lang='grc' dir='ltr'><em>τέ</em></span> <span class='ocrx_word' id='word_1_133' title='bbox 1225 1981 1346 2032; x_wconf 86' lang='grc' dir='ltr'><em>ἐστι</em></span> <span class='ocrx_word' id='word_1_134' title='bbox 1401 1979 1663 2032; x_wconf 87' lang='grc' dir='ltr'><em>δείκνυσι.</em></span> <span class='ocrx_word' id='word_1_135' title='bbox 1696 1980 1762 2032; x_wconf 84' lang='grc' dir='ltr'><em>Τί</em></span> <span class='ocrx_word' id='word_1_136' title='bbox 1790 1976 1883 2034; x_wconf 83' lang='grc' dir='ltr'><em>οῦν</em></span> <span class='ocrx_word' id='word_1_137' title='bbox 1919 1983 2068 2035; x_wconf 87' lang='grc' dir='ltr'><em>ἐστιν</em></span> <span class='ocrx_word' id='word_1_138' title='bbox 2092 1982 2122 2035; x_wconf 84' lang='grc' dir='ltr'><strong>ὃ</strong></span> 
     </span>
    </p>
   </div>
   <div class='ocr_carea' id='block_1_21' title="bbox 542 2056 2119 2132">
    <p class='ocr_par' dir='ltr' id='par_1_21' title="bbox 542 2056 2119 2132">
     <span class='ocr_line' id='line_1_21' title="bbox 542 2056 2119 2132; baseline 0.004 -18"><span class='ocrx_word' id='word_1_139' title='bbox 542 2063 712 2130; x_wconf 75' lang='grc' dir='ltr'><em>λέγει,</em></span> <span class='ocrx_word' id='word_1_140' title='bbox 788 2064 892 2118; x_wconf 84' lang='grc' dir='ltr'><em>Ἐν</em></span> <span class='ocrx_word' id='word_1_141' title='bbox 923 2056 971 2129; x_wconf 86' lang='grc' dir='ltr'>ᾦ</span> <span class='ocrx_word' id='word_1_142' title='bbox 1001 2063 1102 2117; x_wconf 73' lang='grc' dir='ltr'><em>καὶ</em></span> <span class='ocrx_word' id='word_1_143' title='bbox 1149 2061 1573 2131; x_wconf 76' lang='grc' dir='ltr'><em>ἐκληρώθημεν</em></span> <span class='ocrx_word' id='word_1_144' title='bbox 1618 2064 2119 2132; x_wconf 84' lang='grc' dir='ltr'><em>προορισθέντες;</em></span> 
     </span>
    </p>
   </div>
   <div class='ocr_carea' id='block_1_22' title="bbox 542 2143 2114 2220">
    <p class='ocr_par' dir='ltr' id='par_1_22' title="bbox 542 2143 2114 2220">
     <span class='ocr_line' id='line_1_22' title="bbox 542 2143 2114 2220; baseline 0.003 -21"><span class='ocrx_word' id='word_1_145' title='bbox 542 2143 729 2211; x_wconf 79' lang='grc' dir='ltr'><em>Εἵπεν,</em></span> <span class='ocrx_word' id='word_1_146' title='bbox 758 2146 1117 2211; x_wconf 77' lang='grc' dir='ltr'><em>Ἐξελέξατο</em></span> <span class='ocrx_word' id='word_1_147' title='bbox 1142 2146 1324 2214; x_wconf 76' lang='grc' dir='ltr'><em>ἡμᾶς,</em></span> <span class='ocrx_word' id='word_1_148' title='bbox 1343 2146 1599 2217; x_wconf 81' lang='grc' dir='ltr'><em>ἀνωτέρω</em></span> <span class='ocrx_word' id='word_1_149' title='bbox 1618 2164 1631 2177; x_wconf 88' lang='grc'><strong>·</strong></span> <span class='ocrx_word' id='word_1_150' title='bbox 1658 2147 1892 2202; x_wconf 85' lang='grc' dir='ltr'><em>ἐνταῦθά</em></span> <span class='ocrx_word' id='word_1_151' title='bbox 1918 2167 2081 2220; x_wconf 77' lang='grc' dir='ltr'><em>φησιν</em></span> <span class='ocrx_word' id='word_1_152' title='bbox 2099 2166 2114 2181; x_wconf 73' lang='grc' dir='ltr'><strong><em>ο</em></strong></span> 
     </span>
    </p>
   </div>
   <div class='ocr_carea' id='block_1_23' title="bbox 554 2228 2117 2303">
    <p class='ocr_par' dir='ltr' id='par_1_23' title="bbox 554 2228 2117 2303">
     <span class='ocr_line' id='line_1_23' title="bbox 554 2228 2117 2303; baseline 0.003 -22"><span class='ocrx_word' id='word_1_153' title='bbox 554 2229 1025 2298; x_wconf 84' lang='grc' dir='ltr'><em>Ἐκληρώθημεν.</em></span> <span class='ocrx_word' id='word_1_154' title='bbox 1067 2228 1206 2282; x_wconf 82' lang='grc' dir='ltr'><em>Ἀλλ’</em></span> <span class='ocrx_word' id='word_1_155' title='bbox 1268 2229 1455 2300; x_wconf 85' lang='grc' dir='ltr'><em>ἐπειδὴ</em></span> <span class='ocrx_word' id='word_1_156' title='bbox 1497 2231 1526 2282; x_wconf 92' lang='lat'><em>6</em></span> <span class='ocrx_word' id='word_1_157' title='bbox 1564 2230 1765 2299; x_wconf 85' lang='grc' dir='ltr'><em>κλῆρος</em></span> <span class='ocrx_word' id='word_1_158' title='bbox 1826 2234 2117 2303; x_wconf 81' lang='grc' dir='ltr'><em>συντυχίας</em></span> 
     </span>
    </p>
   </div>
   <div class='ocr_carea' id='block_1_24' title="bbox 539 2311 2117 2385">
    <p class='ocr_par' dir='ltr' id='par_1_24' title="bbox 539 2311 2117 2385">
     <span class='ocr_line' id='line_1_24' title="bbox 539 2311 2117 2385; baseline 0.002 -20"><span class='ocrx_word' id='word_1_159' title='bbox 539 2315 773 2383; x_wconf 80' lang='grc' dir='ltr'><em>πρᾶγμά</em></span> <span class='ocrx_word' id='word_1_160' title='bbox 822 2317 990 2377; x_wconf 85' lang='grc' dir='ltr'><em>ἐστιν,</em></span> <span class='ocrx_word' id='word_1_161' title='bbox 1025 2312 1086 2365; x_wconf 93' lang='lat'><em>06</em></span> <span class='ocrx_word' id='word_1_162' title='bbox 1136 2311 1512 2382; x_wconf 79' lang='grc' dir='ltr'><em>προαιρέσεως</em></span> <span class='ocrx_word' id='word_1_163' title='bbox 1562 2312 1683 2366; x_wconf 85' lang='lat'><strong>0666</strong></span> <span class='ocrx_word' id='word_1_164' title='bbox 1728 2315 1933 2385; x_wconf 82' lang='grc' dir='ltr'><em>ἀρετῆς</em></span> <span class='ocrx_word' id='word_1_165' title='bbox 1967 2330 1981 2343; x_wconf 88' lang='grc'><strong>·</strong></span> <span class='ocrx_word' id='word_1_166' title='bbox 2017 2318 2117 2385; x_wconf 87' lang='grc' dir='ltr'><em>ἁγ-</em></span> 
     </span>
    </p>
   </div>
   <div class='ocr_carea' id='block_1_25' title="bbox 538 2397 2116 2472">
    <p class='ocr_par' dir='ltr' id='par_1_25' title="bbox 538 2397 2116 2472">
     <span class='ocr_line' id='line_1_25' title="bbox 538 2397 2116 2472; baseline 0.004 -23"><span class='ocrx_word' id='word_1_167' title='bbox 538 2399 686 2460; x_wconf 82' lang='grc' dir='ltr'><em>νοίας</em></span> <span class='ocrx_word' id='word_1_168' title='bbox 726 2397 835 2468; x_wconf 87' lang='grc' dir='ltr'><em>γὰρ</em></span> <span class='ocrx_word' id='word_1_169' title='bbox 864 2398 960 2450; x_wconf 76' lang='grc' dir='ltr'><em>καὶ</em></span> <span class='ocrx_word' id='word_1_170' title='bbox 985 2398 1272 2467; x_wconf 86' lang='grc' dir='ltr'><em>ἐπιτυχίας</em></span> <span class='ocrx_word' id='word_1_171' title='bbox 1304 2398 1507 2467; x_wconf 83' lang='grc' dir='ltr'><em>ἐχεται,</em></span> <span class='ocrx_word' id='word_1_172' title='bbox 1545 2399 1639 2451; x_wconf 80' lang='grc' dir='ltr'><em>καὶ</em></span> <span class='ocrx_word' id='word_1_173' title='bbox 1666 2399 1795 2461; x_wconf 81' lang='grc' dir='ltr'><em>τοὺς</em></span> <span class='ocrx_word' id='word_1_174' title='bbox 1824 2401 2116 2472; x_wconf 84' lang='grc' dir='ltr'><em>ἐναρέτους</em></span> 
     </span>
    </p>
   </div>
   <div class='ocr_carea' id='block_1_26' title="bbox 537 2479 2114 2551">
    <p class='ocr_par' dir='ltr' id='par_1_26' title="bbox 537 2479 2114 2551">
     <span class='ocr_line' id='line_1_26' title="bbox 537 2479 2114 2551; baseline 0.003 -18"><span class='ocrx_word' id='word_1_175' title='bbox 537 2481 800 2544; x_wconf 78' lang='grc' dir='ltr'><em>πολλάκις</em></span> <span class='ocrx_word' id='word_1_176' title='bbox 837 2480 1021 2550; x_wconf 81' lang='grc' dir='ltr'><em>ἀφεὶς,</em></span> <span class='ocrx_word' id='word_1_177' title='bbox 1054 2482 1182 2543; x_wconf 83' lang='grc' dir='ltr'><em>τοὺς</em></span> <span class='ocrx_word' id='word_1_178' title='bbox 1211 2479 1426 2543; x_wconf 81' lang='grc' dir='ltr'><em>οὐδενὸς</em></span> <span class='ocrx_word' id='word_1_179' title='bbox 1465 2481 1650 2545; x_wconf 77' lang='grc' dir='ltr'><em>ἀξίους</em></span> <span class='ocrx_word' id='word_1_180' title='bbox 1679 2482 1861 2551; x_wconf 85' lang='grc' dir='ltr'><em>λόγου,</em></span> <span class='ocrx_word' id='word_1_181' title='bbox 1893 2484 2114 2549; x_wconf 81' lang='grc' dir='ltr'><em>τούτους</em></span> 
     </span>
    </p>
   </div>
   <div class='ocr_carea' id='block_1_27' title="bbox 536 2564 2107 2637">
    <p class='ocr_par' dir='ltr' id='par_1_27' title="bbox 536 2564 2107 2637">
     <span class='ocr_line' id='line_1_27' title="bbox 536 2564 2107 2637; baseline 0.004 -21"><span class='ocrx_word' id='word_1_182' title='bbox 536 2567 616 2628; x_wconf 85' lang='grc' dir='ltr'><em>εἰς</em></span> <span class='ocrx_word' id='word_1_183' title='bbox 672 2565 836 2634; x_wconf 80' lang='grc' dir='ltr'><em>μέσον</em></span> <span class='ocrx_word' id='word_1_184' title='bbox 895 2565 1221 2636; x_wconf 83' lang='grc' dir='ltr'><em>παρήγαγεν</em></span> <span class='ocrx_word' id='word_1_185' title='bbox 1253 2580 1267 2594; x_wconf 88' lang='grc'>·</span> <span class='ocrx_word' id='word_1_186' title='bbox 1304 2564 1406 2635; x_wconf 84' lang='grc' dir='ltr'><em>ὅρα</em></span> <span class='ocrx_word' id='word_1_187' title='bbox 1451 2564 1570 2625; x_wconf 84' lang='grc' dir='ltr'><em>πῶς</em></span> <span class='ocrx_word' id='word_1_188' title='bbox 1602 2565 1733 2617; x_wconf 87' lang='grc' dir='ltr'><em>αὐτὸ</em></span> <span class='ocrx_word' id='word_1_189' title='bbox 1780 2566 2107 2637; x_wconf 84' lang='grc' dir='ltr'><em>διορθοῦται.</em></span> 
     </span>
    </p>
   </div>
   <div class='ocr_carea' id='block_1_28' title="bbox 533 2648 2112 2717">
    <p class='ocr_par' dir='ltr' id='par_1_28' title="bbox 533 2648 2112 2717">
     <span class='ocr_line' id='line_1_28' title="bbox 533 2648 2112 2717; baseline 0.001 -16"><span class='ocrx_word' id='word_1_190' title='bbox 533 2648 1027 2717; x_wconf 88' lang='grc' dir='ltr'><em>Προορισθέντες,</em></span> <span class='ocrx_word' id='word_1_191' title='bbox 1054 2648 1210 2716; x_wconf 81' lang='grc' dir='ltr'><em>φησὶ,</em></span> <span class='ocrx_word' id='word_1_192' title='bbox 1243 2650 1393 2701; x_wconf 86' lang='grc' dir='ltr'><em>κατὰ</em></span> <span class='ocrx_word' id='word_1_193' title='bbox 1422 2648 1713 2712; x_wconf 80' lang='grc' dir='ltr'><em>πρόθεσιν</em></span> <span class='ocrx_word' id='word_1_194' title='bbox 1734 2648 1841 2702; x_wconf 86' lang='grc' dir='ltr'><em>τοῦ</em></span> <span class='ocrx_word' id='word_1_195' title='bbox 1872 2651 1944 2703; x_wconf 88' lang='lat' dir='ltr'><em>td</em></span> <span class='ocrx_word' id='word_1_196' title='bbox 1971 2650 2112 2703; x_wconf 83' lang='grc' dir='ltr'><em>πάν-</em></span> 
     </span>
    </p>
   </div>
   <div class='ocr_carea' id='block_1_29' title="bbox 531 2730 2111 2805">
    <p class='ocr_par' dir='ltr' id='par_1_29' title="bbox 531 2730 2111 2805">
     <span class='ocr_line' id='line_1_29' title="bbox 531 2730 2111 2805; baseline 0.001 -20"><span class='ocrx_word' id='word_1_197' title='bbox 531 2748 606 2785; x_wconf 92' lang='grc' dir='ltr'><em>τα</em></span> <span class='ocrx_word' id='word_1_198' title='bbox 635 2731 1048 2800; x_wconf 83' lang='grc' dir='ltr'><em>ἐνεργοῦντος.</em></span> <span class='ocrx_word' id='word_1_199' title='bbox 1082 2730 1394 2782; x_wconf 80' lang='grc' dir='ltr'><em>Τουτέστιν·</em></span> <span class='ocrx_word' id='word_1_200' title='bbox 1433 2731 1544 2801; x_wconf 74' lang='grc' dir='ltr'><em>Οὐχ</em></span> <span class='ocrx_word' id='word_1_201' title='bbox 1572 2730 1757 2793; x_wconf 81' lang='grc' dir='ltr'><em>ἁπλῶς</em></span> <span class='ocrx_word' id='word_1_202' title='bbox 1796 2732 2111 2805; x_wconf 82' lang='grc' dir='ltr'><em>ἐκληρώθη·-</em></span> 
     </span>
    </p>
   </div>
   <div class='ocr_carea' id='block_1_30' title="bbox 535 2809 2110 2888">
    <p class='ocr_par' dir='ltr' id='par_1_30' title="bbox 535 2809 2110 2888">
     <span class='ocr_line' id='line_1_30' title="bbox 535 2809 2110 2888; baseline 0.003 -22"><span class='ocrx_word' id='word_1_203' title='bbox 535 2809 638 2884; x_wconf 85' lang='grc' dir='ltr'><em>μεν</em></span> <span class='ocrx_word' id='word_1_204' title='bbox 696 2814 885 2885; x_wconf 86' lang='grc' dir='ltr'><em>ὥσπερ</em></span> <span class='ocrx_word' id='word_1_205' title='bbox 935 2813 1061 2867; x_wconf 79' lang='grc' dir='ltr'><em>οὐδὲ</em></span> <span class='ocrx_word' id='word_1_206' title='bbox 1122 2812 1309 2875; x_wconf 86' lang='grc' dir='ltr'><em>ἁπλῶς</em></span> <span class='ocrx_word' id='word_1_207' title='bbox 1347 2812 1675 2883; x_wconf 80' lang='grc' dir='ltr'><em>ἐξελέγημεν</em></span> <span class='ocrx_word' id='word_1_208' title='bbox 1710 2830 1723 2842; x_wconf 90' lang='grc'><strong>·</strong></span> <span class='ocrx_word' id='word_1_209' title='bbox 1758 2814 1887 2878; x_wconf 78' lang='grc' dir='ltr'><em>Θεὸς</em></span> <span class='ocrx_word' id='word_1_210' title='bbox 1944 2818 2052 2888; x_wconf 84' lang='grc' dir='ltr'><em>γὰρ</em></span> <span class='ocrx_word' id='word_1_211' title='bbox 2080 2820 2110 2871; x_wconf 93' lang='lat'><em>6</em></span> 
     </span>
    </p>
   </div>
   <div class='ocr_carea' id='block_1_31' title="bbox 530 2895 2108 2972">
    <p class='ocr_par' dir='ltr' id='par_1_31' title="bbox 530 2895 2108 2972">
     <span class='ocr_line' id='line_1_31' title="bbox 530 2895 2108 2972; baseline 0.002 -23"><span class='ocrx_word' id='word_1_212' title='bbox 530 2895 898 2967; x_wconf 81' lang='grc' dir='ltr'><em>ἐκλεξάμενος</em></span> <span class='ocrx_word' id='word_1_213' title='bbox 929 2915 942 2929; x_wconf 90' lang='grc'>·</span> <span class='ocrx_word' id='word_1_214' title='bbox 972 2896 1095 2950; x_wconf 80' lang='grc' dir='ltr'><em>οὐδὲ</em></span> <span class='ocrx_word' id='word_1_215' title='bbox 1154 2896 1340 2959; x_wconf 84' lang='grc' dir='ltr'><em>ἁπλῶς</em></span> <span class='ocrx_word' id='word_1_216' title='bbox 1376 2896 1771 2967; x_wconf 80' lang='grc' dir='ltr'><em>ἐκληρώθημεν</em></span> <span class='ocrx_word' id='word_1_217' title='bbox 1803 2915 1817 2929; x_wconf 80' lang='grc' dir='ltr'><strong>ο</strong></span> <span class='ocrx_word' id='word_1_218' title='bbox 1847 2898 1978 2961; x_wconf 83' lang='grc' dir='ltr'><em>Θεὸς</em></span> <span class='ocrx_word' id='word_1_219' title='bbox 1999 2900 2108 2972; x_wconf 83' lang='grc' dir='ltr'><em>γὰρ</em></span> 
     </span>
    </p>
   </div>
   <div class='ocr_carea' id='block_1_32' title="bbox 530 2979 2106 3051">
    <p class='ocr_par' dir='ltr' id='par_1_32' title="bbox 530 2979 2106 3051">
     <span class='ocr_line' id='line_1_32' title="bbox 530 2979 2106 3051; baseline 0.003 -19"><span class='ocrx_word' id='word_1_220' title='bbox 530 2981 560 3031; x_wconf 97' lang='lat'><em>6</em></span> <span class='ocrx_word' id='word_1_221' title='bbox 598 2980 1025 3051; x_wconf 83' lang='grc' dir='ltr'><em>κληρωσάμενος</em></span> <span class='ocrx_word' id='word_1_222' title='bbox 1052 2996 1066 3011; x_wconf 79' lang='grc'><strong>⁸</strong></span> <span class='ocrx_word' id='word_1_223' title='bbox 1101 2979 1239 3034; x_wconf 87' lang='grc' dir='ltr'><em>ἀλλά</em></span> <span class='ocrx_word' id='word_1_224' title='bbox 1271 2981 1411 3033; x_wconf 86' lang='grc' dir='ltr'><em>κατὰ</em></span> <span class='ocrx_word' id='word_1_225' title='bbox 1431 2979 1705 3050; x_wconf 87' lang='grc' dir='ltr'><em>πρόθεσιν.</em></span> <span class='ocrx_word' id='word_1_226' title='bbox 1733 2980 1903 3033; x_wconf 89' lang='grc' dir='ltr'><em>Τοῦτο</em></span> <span class='ocrx_word' id='word_1_227' title='bbox 1930 2983 2024 3035; x_wconf 84' lang='grc' dir='ltr'><em>καὶ</em></span> <span class='ocrx_word' id='word_1_228' title='bbox 2049 2985 2106 3037; x_wconf 85' lang='grc' dir='ltr'><em>ἐν</em></span> 
     </span>
    </p>
   </div>
   <div class='ocr_carea' id='block_1_33' title="bbox 528 3063 2108 3134">
    <p class='ocr_par' dir='ltr' id='par_1_33' title="bbox 528 3063 2108 3134">
     <span class='ocr_line' id='line_1_33' title="bbox 528 3063 2108 3134; baseline 0.003 -20"><span class='ocrx_word' id='word_1_229' title='bbox 528 3066 596 3133; x_wconf 83' lang='grc' dir='ltr'><em>τῇ</em></span> <span class='ocrx_word' id='word_1_230' title='bbox 640 3063 775 3133; x_wconf 90' lang='grc' dir='ltr'><em>πρὸς</em></span> <span class='ocrx_word' id='word_1_231' title='bbox 813 3063 1117 3133; x_wconf 88' lang='grc' dir='ltr'><em>Ῥωμαίους</em></span> <span class='ocrx_word' id='word_1_232' title='bbox 1174 3063 1459 3133; x_wconf 77' lang='grc' dir='ltr'><em>Ἐπιστολῇ</em></span> <span class='ocrx_word' id='word_1_233' title='bbox 1510 3064 1737 3132; x_wconf 85' lang='grc' dir='ltr'><em>γράφων</em></span> <span class='ocrx_word' id='word_1_234' title='bbox 1770 3065 1937 3134; x_wconf 81' lang='grc' dir='ltr'><em>φησί’</em></span> <span class='ocrx_word' id='word_1_235' title='bbox 1978 3066 2108 3134; x_wconf 85' lang='grc' dir='ltr'><em>Τοῖς</em></span> 
     </span>
    </p>
   </div>
   <div class='ocr_carea' id='block_1_34' title="bbox 530 3142 2109 3214">
    <p class='ocr_par' dir='ltr' id='par_1_34' title="bbox 530 3142 2109 3214">
     <span class='ocr_line' id='line_1_34' title="bbox 530 3142 2109 3214; baseline 0.003 -16"><span class='ocrx_word' id='word_1_236' title='bbox 530 3145 682 3198; x_wconf 86' lang='grc' dir='ltr'><em>κατὰ</em></span> <span class='ocrx_word' id='word_1_237' title='bbox 708 3147 997 3214; x_wconf 77' lang='grc' dir='ltr'><em>πρόθεσιν</em></span> <span class='ocrx_word' id='word_1_238' title='bbox 1025 3147 1269 3214; x_wconf 80' lang='grc' dir='ltr'><em>κλητοῖς</em></span> <span class='ocrx_word' id='word_1_239' title='bbox 1299 3142 1501 3201; x_wconf 86' lang='grc' dir='ltr'><em>οὖσιν.</em></span> <span class='ocrx_word' id='word_1_240' title='bbox 1521 3146 1640 3212; x_wconf 86' lang='grc' dir='ltr'><em>Οὒς</em></span> <span class='ocrx_word' id='word_1_241' title='bbox 1665 3147 1941 3214; x_wconf 83' lang='grc' dir='ltr'><em>ἐκάλεσε,</em></span> <span class='ocrx_word' id='word_1_242' title='bbox 1970 3151 2109 3214; x_wconf 78' lang='grc' dir='ltr'><em>τού-</em></span> 
     </span>
    </p>
   </div>
   <div class='ocr_carea' id='block_1_35' title="bbox 528 3229 2109 3299">
    <p class='ocr_par' dir='ltr' id='par_1_35' title="bbox 528 3229 2109 3299">
     <span class='ocr_line' id='line_1_35' title="bbox 528 3229 2109 3299; baseline 0.004 -18"><span class='ocrx_word' id='word_1_243' title='bbox 528 3246 674 3294; x_wconf 90' lang='grc' dir='ltr'><em>τους</em></span> <span class='ocrx_word' id='word_1_244' title='bbox 703 3231 801 3282; x_wconf 79' lang='grc' dir='ltr'><em>καὶ</em></span> <span class='ocrx_word' id='word_1_245' title='bbox 828 3229 1182 3285; x_wconf 82' lang='grc' dir='ltr'><em>ἐδικαίωσεν</em></span> <span class='ocrx_word' id='word_1_246' title='bbox 1222 3247 1235 3261; x_wconf 70' lang='grc'><strong>⁸</strong></span> <span class='ocrx_word' id='word_1_247' title='bbox 1260 3230 1370 3295; x_wconf 85' lang='grc' dir='ltr'><em>οὓς</em></span> <span class='ocrx_word' id='word_1_248' title='bbox 1406 3230 1475 3283; x_wconf 84' lang='grc' dir='ltr'><em>δὲ</em></span> <span class='ocrx_word' id='word_1_249' title='bbox 1494 3230 1827 3297; x_wconf 81' lang='grc' dir='ltr'><em>ἐδικαίωσε,</em></span> <span class='ocrx_word' id='word_1_250' title='bbox 1855 3232 2109 3299; x_wconf 85' lang='grc' dir='ltr'><em>τούτους</em></span> 
     </span>
    </p>
   </div>
   <div class='ocr_carea' id='block_1_36' title="bbox 527 3312 2108 3384">
    <p class='ocr_par' dir='ltr' id='par_1_36' title="bbox 527 3312 2108 3384">
     <span class='ocr_line' id='line_1_36' title="bbox 527 3312 2108 3384; baseline 0.003 -20"><span class='ocrx_word' id='word_1_251' title='bbox 527 3312 628 3365; x_wconf 74' lang='grc' dir='ltr'><em>καὶ</em></span> <span class='ocrx_word' id='word_1_252' title='bbox 650 3312 928 3377; x_wconf 83' lang='grc' dir='ltr'><em>ἐδόξασε.</em></span> <span class='ocrx_word' id='word_1_253' title='bbox 957 3314 1228 3384; x_wconf 86' lang='grc' dir='ltr'><em>Πρότερον</em></span> <span class='ocrx_word' id='word_1_254' title='bbox 1252 3312 1445 3376; x_wconf 89' lang='grc' dir='ltr'><em>εἰπὼν,</em></span> <span class='ocrx_word' id='word_1_255' title='bbox 1488 3314 1615 3378; x_wconf 87' lang='grc' dir='ltr'><em>Τοῖς</em></span> <span class='ocrx_word' id='word_1_256' title='bbox 1645 3316 1796 3369; x_wconf 86' lang='grc' dir='ltr'><em>κατὰ</em></span> <span class='ocrx_word' id='word_1_257' title='bbox 1816 3316 2108 3382; x_wconf 85' lang='grc' dir='ltr'><em>πρόθεσιν</em></span> 
     </span>
    </p>
   </div>
   <div class='ocr_carea' id='block_1_37' title="bbox 526 3392 2106 3469">
    <p class='ocr_par' dir='ltr' id='par_1_37' title="bbox 526 3392 2106 3469">
     <span class='ocr_line' id='line_1_37' title="bbox 526 3392 2106 3469; baseline 0.003 -20"><span class='ocrx_word' id='word_1_258' title='bbox 526 3396 777 3463; x_wconf 78' lang='grc' dir='ltr'><em>κλητοῖς</em></span> <span class='ocrx_word' id='word_1_259' title='bbox 802 3392 1004 3462; x_wconf 86' lang='grc' dir='ltr'><em>οὖσιν,</em></span> <span class='ocrx_word' id='word_1_260' title='bbox 1037 3397 1174 3467; x_wconf 86' lang='grc' dir='ltr'><em>ὁμοῦ</em></span> <span class='ocrx_word' id='word_1_261' title='bbox 1200 3397 1376 3451; x_wconf 75' lang='grc' dir='ltr'><em>καὶτὸ</em></span> <span class='ocrx_word' id='word_1_262' title='bbox 1404 3396 1681 3467; x_wconf 79' lang='grc' dir='ltr'><em>ἐξαίρετον</em></span> <span class='ocrx_word' id='word_1_263' title='bbox 1701 3408 1720 3429; x_wconf 84' lang='grc'><strong><em>⁸</em></strong></span> <span class='ocrx_word' id='word_1_264' title='bbox 1740 3398 1803 3451; x_wconf 89' lang='grc' dir='ltr'><em>τὸ</em></span> <span class='ocrx_word' id='word_1_265' title='bbox 1823 3398 1959 3469; x_wconf 89' lang='grc' dir='ltr'><em>πρὸς</em></span> <span class='ocrx_word' id='word_1_266' title='bbox 1980 3399 2106 3462; x_wconf 81' lang='grc' dir='ltr'><em>τοὺς</em></span> 
     </span>
    </p>
   </div>
   <div class='ocr_carea' id='block_1_38' title="bbox 525 3478 2103 3552">
    <p class='ocr_par' dir='ltr' id='par_1_38' title="bbox 525 3478 2103 3552">
     <span class='ocr_line' id='line_1_38' title="bbox 525 3478 2103 3552; baseline 0.003 -20"><span class='ocrx_word' id='word_1_267' title='bbox 525 3479 717 3541; x_wconf 80' lang='grc' dir='ltr'><em>ἄλλους</em></span> <span class='ocrx_word' id='word_1_268' title='bbox 753 3479 989 3551; x_wconf 86' lang='grc' dir='ltr'><em>δηλῶσαι</em></span> <span class='ocrx_word' id='word_1_269' title='bbox 1027 3480 1368 3550; x_wconf 84' lang='grc' dir='ltr'><em>βουλόμενος,</em></span> <span class='ocrx_word' id='word_1_270' title='bbox 1403 3486 1497 3534; x_wconf 79' lang='grc' dir='ltr'><em>καὶ</em></span> <span class='ocrx_word' id='word_1_271' title='bbox 1521 3481 1721 3552; x_wconf 82' lang='grc' dir='ltr'><em>κλῆρον</em></span> <span class='ocrx_word' id='word_1_272' title='bbox 1758 3478 1932 3547; x_wconf 76' lang='grc' dir='ltr'><em>εἶπεν,</em></span> <span class='ocrx_word' id='word_1_273' title='bbox 1963 3482 2103 3536; x_wconf 85' lang='grc' dir='ltr'><em>ὥστε</em></span> 
     </span>
    </p>
   </div>
   <div class='ocr_carea' id='block_1_39' title="bbox 524 3563 2104 3636">
    <p class='ocr_par' dir='ltr' id='par_1_39' title="bbox 524 3563 2104 3636">
     <span class='ocr_line' id='line_1_39' title="bbox 524 3563 2104 3636; baseline 0.003 -21"><span class='ocrx_word' id='word_1_274' title='bbox 524 3563 587 3615; x_wconf 93' lang='grc' dir='ltr'><em>τὸ</em></span> <span class='ocrx_word' id='word_1_275' title='bbox 613 3563 963 3630; x_wconf 81' lang='grc' dir='ltr'><em>αὐτεξούσιον</em></span> <span class='ocrx_word' id='word_1_276' title='bbox 996 3564 1070 3634; x_wconf 80' lang='grc' dir='ltr'><em>μὴ</em></span> <span class='ocrx_word' id='word_1_277' title='bbox 1092 3565 1409 3632; x_wconf 82' lang='grc' dir='ltr'><em>ἀφελέσθαι.</em></span> <span class='ocrx_word' id='word_1_278' title='bbox 1432 3564 1611 3636; x_wconf 87' lang='grc' dir='ltr'><em>Ὅπερ</em></span> <span class='ocrx_word' id='word_1_279' title='bbox 1634 3565 1754 3617; x_wconf 77' lang='grc' dir='ltr'><em>ἐστὶ</em></span> <span class='ocrx_word' id='word_1_280' title='bbox 1780 3566 1961 3619; x_wconf 85' lang='grc' dir='ltr'><em>τοίνυν</em></span> <span class='ocrx_word' id='word_1_281' title='bbox 1999 3582 2104 3636; x_wconf 88' lang='grc' dir='ltr'><em>μα-</em></span> 
     </span>
    </p>
   </div>
   <div class='ocr_carea' id='block_1_40' title="bbox 524 3646 2103 3720">
    <p class='ocr_par' dir='ltr' id='par_1_40' title="bbox 524 3646 2103 3720">
     <span class='ocr_line' id='line_1_40' title="bbox 524 3646 2103 3720; baseline 0.002 -20"><span class='ocrx_word' id='word_1_282' title='bbox 524 3647 852 3718; x_wconf 88' lang='grc' dir='ltr'><em>καριότητος</em></span> <span class='ocrx_word' id='word_1_283' title='bbox 886 3647 1087 3718; x_wconf 78' lang='grc' dir='ltr'><em>μᾶλλον</em></span> <span class='ocrx_word' id='word_1_284' title='bbox 1109 3646 1242 3701; x_wconf 81' lang='grc' dir='ltr'><em>αὐτὸ</em></span> <span class='ocrx_word' id='word_1_285' title='bbox 1265 3647 1502 3717; x_wconf 80' lang='grc' dir='ltr'><em>τίθησιν.</em></span> <span class='ocrx_word' id='word_1_286' title='bbox 1552 3647 1611 3701; x_wconf 85' lang='lat'><em>&#39;0</em></span> <span class='ocrx_word' id='word_1_287' title='bbox 1634 3647 1746 3719; x_wconf 85' lang='grc' dir='ltr'><em>γὰρ</em></span> <span class='ocrx_word' id='word_1_288' title='bbox 1774 3648 1974 3720; x_wconf 84' lang='grc' dir='ltr'><em>κλῆρος</em></span> <span class='ocrx_word' id='word_1_289' title='bbox 2002 3650 2103 3703; x_wconf 86' lang='grc' dir='ltr'><em>οὐκ</em></span> 
     </span>
    </p>
   </div>
   <div class='ocr_carea' id='block_1_41' title="bbox 522 3729 2102 3801">
    <p class='ocr_par' dir='ltr' id='par_1_41' title="bbox 522 3729 2102 3801">
     <span class='ocr_line' id='line_1_41' title="bbox 522 3729 2102 3801; baseline 0.003 -20"><span class='ocrx_word' id='word_1_290' title='bbox 522 3729 727 3799; x_wconf 81' lang='grc' dir='ltr'><em>ἀρετῆς</em></span> <span class='ocrx_word' id='word_1_291' title='bbox 764 3729 877 3801; x_wconf 77' lang='grc'><em>[10]</em></span> <span class='ocrx_word' id='word_1_292' title='bbox 922 3732 1100 3793; x_wconf 80' lang='grc' dir='ltr'><em>ἐστιν,</em></span> <span class='ocrx_word' id='word_1_293' title='bbox 1149 3729 1286 3782; x_wconf 87' lang='grc' dir='ltr'><em>ἀλλά</em></span> <span class='ocrx_word' id='word_1_294' title='bbox 1311 3770 1326 3795; x_wconf 92' lang='grc'><em>,</em></span> <span class='ocrx_word' id='word_1_295' title='bbox 1375 3729 1453 3793; x_wconf 84' lang='grc' dir='ltr'><em>ὡς</em></span> <span class='ocrx_word' id='word_1_296' title='bbox 1487 3729 1553 3783; x_wconf 79' lang='grc' dir='ltr'><em>ἄν</em></span> <span class='ocrx_word' id='word_1_297' title='bbox 1587 3747 1673 3793; x_wconf 91' lang='grc' dir='ltr'><em>τις</em></span> <span class='ocrx_word' id='word_1_298' title='bbox 1696 3731 1860 3795; x_wconf 83' lang='grc' dir='ltr'><em>εῐποι,</em></span> <span class='ocrx_word' id='word_1_299' title='bbox 1899 3749 2102 3785; x_wconf 88' lang='grc' dir='ltr'><em>συντυ-</em></span> 
     </span>
    </p>
   </div>
   <div class='ocr_carea' id='block_1_42' title="bbox 523 3812 2100 3885">
    <p class='ocr_par' dir='ltr' id='par_1_42' title="bbox 523 3812 2100 3885">
     <span class='ocr_line' id='line_1_42' title="bbox 523 3812 2100 3885; baseline 0.004 -23"><span class='ocrx_word' id='word_1_300' title='bbox 523 3812 667 3882; x_wconf 84' lang='grc' dir='ltr'><em>χίας.</em></span> <span class='ocrx_word' id='word_1_301' title='bbox 718 3812 806 3876; x_wconf 78' lang='grc' dir='ltr'><em>Ὠς</em></span> <span class='ocrx_word' id='word_1_302' title='bbox 854 3813 920 3865; x_wconf 85' lang='grc' dir='ltr'><em>ἂν</em></span> <span class='ocrx_word' id='word_1_303' title='bbox 977 3814 1027 3866; x_wconf 80' lang='grc' dir='ltr'><em>εί</em></span> <span class='ocrx_word' id='word_1_304' title='bbox 1086 3813 1272 3881; x_wconf 78' lang='grc' dir='ltr'><em>ἐλεγεο</em></span> <span class='ocrx_word' id='word_1_305' title='bbox 1327 3812 1547 3884; x_wconf 79' lang='grc' dir='ltr'><em>Κλήρου</em></span> <span class='ocrx_word' id='word_1_306' title='bbox 1614 3815 1910 3883; x_wconf 88' lang='grc' dir='ltr'><em>γενομένου</em></span> <span class='ocrx_word' id='word_1_307' title='bbox 1950 3816 2100 3885; x_wconf 79' lang='grc' dir='ltr'><em>ἡμᾶς</em></span> 
     </span>
    </p>
   </div>
   <div class='ocr_carea' id='block_1_43' title="bbox 522 3892 2102 3969">
    <p class='ocr_par' dir='ltr' id='par_1_43' title="bbox 522 3892 2102 3969">
     <span class='ocr_line' id='line_1_43' title="bbox 522 3892 2102 3969; baseline 0.003 -22"><span class='ocrx_word' id='word_1_308' title='bbox 522 3892 817 3960; x_wconf 77' lang='grc' dir='ltr'><em>ἐξελέξατο.</em></span> <span class='ocrx_word' id='word_1_309' title='bbox 848 3896 922 3949; x_wconf 90' lang='grc' dir='ltr'><em>Τὸ</em></span> <span class='ocrx_word' id='word_1_310' title='bbox 946 3896 1002 3948; x_wconf 85' lang='grc' dir='ltr'><em>δὲ</em></span> <span class='ocrx_word' id='word_1_311' title='bbox 1025 3895 1163 3961; x_wconf 85' lang='grc' dir='ltr'><em>ὅλον,</em></span> <span class='ocrx_word' id='word_1_312' title='bbox 1204 3896 1312 3949; x_wconf 85' lang='grc' dir='ltr'><em>ἀπὸ</em></span> <span class='ocrx_word' id='word_1_313' title='bbox 1338 3897 1438 3965; x_wconf 84' lang='grc' dir='ltr'><em>τῆς</em></span> <span class='ocrx_word' id='word_1_314' title='bbox 1473 3896 1851 3967; x_wconf 86' lang='grc' dir='ltr'><em>προαιρέσεως</em></span> <span class='ocrx_word' id='word_1_315' title='bbox 1888 3916 2102 3969; x_wconf 74' lang='grc' dir='ltr'><em>προοριο</em></span> 
     </span>
    </p>
   </div>
   <div class='ocr_carea' id='block_1_44' title="bbox 522 3979 2096 4055">
    <p class='ocr_par' dir='ltr' id='par_1_44' title="bbox 522 3979 2096 4055">
     <span class='ocr_line' id='line_1_44' title="bbox 522 3979 2096 4055; baseline 0.004 -24"><span class='ocrx_word' id='word_1_316' title='bbox 522 3979 771 4046; x_wconf 81' lang='grc' dir='ltr'><em>σθέντας,</em></span> <span class='ocrx_word' id='word_1_317' title='bbox 827 3982 1125 4045; x_wconf 88' lang='grc' dir='ltr'><em>τουτέστιν,</em></span> <span class='ocrx_word' id='word_1_318' title='bbox 1174 3981 1352 4051; x_wconf 90' lang='grc' dir='ltr'><em>ἐαυτῷ</em></span> <span class='ocrx_word' id='word_1_319' title='bbox 1381 3982 1742 4053; x_wconf 78' lang='grc' dir='ltr'><em>ἐκλεξάμενος</em></span> <span class='ocrx_word' id='word_1_320' title='bbox 1770 3983 2047 4055; x_wconf 83' lang='grc' dir='ltr'><em>ἀφώρισεν</em></span> <span class='ocrx_word' id='word_1_321' title='bbox 2081 4002 2096 4017; x_wconf 77' lang='grc' dir='ltr'><strong><em>ο</em></strong></span> 
     </span>
    </p>
   </div>
   <div class='ocr_carea' id='block_1_45' title="bbox 520 4056 2092 4138">
    <p class='ocr_par' dir='ltr' id='par_1_45' title="bbox 520 4056 2092 4138">
     <span class='ocr_line' id='line_1_45' title="bbox 520 4056 2092 4138; baseline 0.007 -25"><span class='ocrx_word' id='word_1_322' title='bbox 520 4056 655 4127; x_wconf 77' lang='grc' dir='ltr'><em>οἷον,</em></span> <span class='ocrx_word' id='word_1_323' title='bbox 706 4063 853 4133; x_wconf 88' lang='grc' dir='ltr'><em>ἐώρα</em></span> <span class='ocrx_word' id='word_1_324' title='bbox 891 4065 1039 4134; x_wconf 83' lang='grc' dir='ltr'><em>ἡμᾶς</em></span> <span class='ocrx_word' id='word_1_325' title='bbox 1090 4065 1220 4134; x_wconf 74' lang='grc' dir='ltr'><em>πρὶν</em></span> <span class='ocrx_word' id='word_1_326' title='bbox 1267 4065 1584 4136; x_wconf 84' lang='grc' dir='ltr'><em>ἢγενέσθαι</em></span> <span class='ocrx_word' id='word_1_327' title='bbox 1619 4066 2092 4138; x_wconf 87' lang='grc' dir='ltr'><em>κεκληρωμένους.</em></span> 
     </span>
    </p>
   </div>
   <div class='ocr_carea' id='block_1_46' title="bbox 520 4144 2097 4219">
    <p class='ocr_par' dir='ltr' id='par_1_46' title="bbox 520 4144 2097 4219">
     <span class='ocr_line' id='line_1_46' title="bbox 520 4144 2097 4219; baseline 0.006 -23"><span class='ocrx_word' id='word_1_328' title='bbox 520 4144 819 4214; x_wconf 77' lang='grc' dir='ltr'><em>Θαυμαστὴ</em></span> <span class='ocrx_word' id='word_1_329' title='bbox 866 4145 974 4217; x_wconf 89' lang='grc' dir='ltr'><em>γάρ</em></span> <span class='ocrx_word' id='word_1_330' title='bbox 1018 4148 1051 4217; x_wconf 86' lang='grc' dir='ltr'><strong>ή</strong></span> <span class='ocrx_word' id='word_1_331' title='bbox 1093 4146 1186 4199; x_wconf 88' lang='grc' dir='ltr'><em>τοῦ</em></span> <span class='ocrx_word' id='word_1_332' title='bbox 1231 4145 1368 4198; x_wconf 85' lang='grc' dir='ltr'><em>Θεοῦ</em></span> <span class='ocrx_word' id='word_1_333' title='bbox 1414 4148 1760 4219; x_wconf 83' lang='grc' dir='ltr'><em>πρόγνωσις,</em></span> <span class='ocrx_word' id='word_1_334' title='bbox 1797 4150 1891 4204; x_wconf 77' lang='grc' dir='ltr'><em>καὶ</em></span> <span class='ocrx_word' id='word_1_335' title='bbox 1919 4153 2097 4205; x_wconf 89' lang='grc' dir='ltr'><em>πάντα</em></span> 
     </span>
    </p>
   </div>
   <div class='ocr_carea' id='block_1_47' title="bbox 457 4227 2093 4299">
    <p class='ocr_par' dir='ltr' id='par_1_47' title="bbox 457 4227 2093 4299">
     <span class='ocr_line' id='line_1_47' title="bbox 457 4227 2093 4299; baseline 0.006 -20"><span class='ocrx_word' id='word_1_336' title='bbox 457 4236 467 4246; x_wconf 91' lang='lat'><strong>&#39;</strong></span> <span class='ocrx_word' id='word_1_337' title='bbox 521 4227 692 4280; x_wconf 81' lang='grc' dir='ltr'><em>εἰδυῖα</em></span> <span class='ocrx_word' id='word_1_338' title='bbox 719 4228 849 4299; x_wconf 76' lang='grc' dir='ltr'><em>πρὶν</em></span> <span class='ocrx_word' id='word_1_339' title='bbox 877 4229 1145 4298; x_wconf 85' lang='grc' dir='ltr'><em>γενέσεως</em></span> <span class='ocrx_word' id='word_1_340' title='bbox 1185 4230 1386 4285; x_wconf 82' lang='grc' dir='ltr'><em>αὐτῶν.</em></span> <span class='ocrx_word' id='word_1_341' title='bbox 1423 4232 1496 4285; x_wconf 83' lang='grc' dir='ltr'><em>Σὺ</em></span> <span class='ocrx_word' id='word_1_342' title='bbox 1525 4232 1581 4285; x_wconf 84' lang='grc' dir='ltr'><em>δὲ</em></span> <span class='ocrx_word' id='word_1_343' title='bbox 1602 4233 1700 4286; x_wconf 83' lang='grc' dir='ltr'><em>θέα</em></span> <span class='ocrx_word' id='word_1_344' title='bbox 1732 4232 1852 4298; x_wconf 85' lang='grc' dir='ltr'><em>πῶς</em></span> <span class='ocrx_word' id='word_1_345' title='bbox 1885 4251 2093 4290; x_wconf 89' lang='grc' dir='ltr'><em>παντα-</em></span> 
     </span>
    </p>
   </div>
   <div class='ocr_carea' id='block_1_48' title="bbox 518 4311 2092 4386">
    <p class='ocr_par' dir='ltr' id='par_1_48' title="bbox 518 4311 2092 4386">
     <span class='ocr_line' id='line_1_48' title="bbox 518 4311 2092 4386; baseline 0.007 -24"><span class='ocrx_word' id='word_1_346' title='bbox 518 4311 617 4379; x_wconf 85' lang='grc' dir='ltr'><em>χοῦ</em></span> <span class='ocrx_word' id='word_1_347' title='bbox 640 4311 873 4383; x_wconf 84' lang='grc' dir='ltr'><em>σπουδὴν</em></span> <span class='ocrx_word' id='word_1_348' title='bbox 894 4315 1129 4365; x_wconf 90' lang='grc' dir='ltr'><em>ποιεῖται</em></span> <span class='ocrx_word' id='word_1_349' title='bbox 1145 4311 1421 4377; x_wconf 81' lang='grc' dir='ltr'><em>δεῖξαι,ὅτι</em></span> <span class='ocrx_word' id='word_1_350' title='bbox 1451 4314 1551 4368; x_wconf 79' lang='grc' dir='ltr'><em>οὐκ</em></span> <span class='ocrx_word' id='word_1_351' title='bbox 1578 4318 1642 4368; x_wconf 86' lang='grc' dir='ltr'><em>ἐκ</em></span> <span class='ocrx_word' id='word_1_352' title='bbox 1664 4317 2092 4386; x_wconf 86' lang='grc' dir='ltr'><em>μετανοίας,ἁλλ’</em></span> 
     </span>
    </p>
   </div>
   <div class='ocr_carea' id='block_1_49' title="bbox 517 4394 2092 4472">
    <p class='ocr_par' dir='ltr' id='par_1_49' title="bbox 517 4394 2092 4472">
     <span class='ocr_line' id='line_1_49' title="bbox 517 4394 2092 4472; baseline 0.006 -27"><span class='ocrx_word' id='word_1_353' title='bbox 517 4394 724 4447; x_wconf 82' lang='grc' dir='ltr'><em>ἀνωθεν</em></span> <span class='ocrx_word' id='word_1_354' title='bbox 734 4394 803 4446; x_wconf 81' lang='grc' dir='ltr'><em>τὰ</em></span> <span class='ocrx_word' id='word_1_355' title='bbox 816 4396 1120 4465; x_wconf 88' lang='grc' dir='ltr'><em>πράγματα</em></span> <span class='ocrx_word' id='word_1_356' title='bbox 1135 4394 1277 4448; x_wconf 78' lang='grc' dir='ltr'><em>οὕτω</em></span> <span class='ocrx_word' id='word_1_357' title='bbox 1288 4396 1584 4463; x_wconf 90' lang='grc' dir='ltr'><em>τετύπωτο,</em></span> <span class='ocrx_word' id='word_1_358' title='bbox 1602 4397 1741 4451; x_wconf 83' lang='grc' dir='ltr'><em>ὥστε</em></span> <span class='ocrx_word' id='word_1_359' title='bbox 1768 4401 1932 4470; x_wconf 84' lang='grc' dir='ltr'><em>μηδὲν</em></span> <span class='ocrx_word' id='word_1_360' title='bbox 1946 4402 1976 4453; x_wconf 88' lang='lat'><em>6</em></span> <span class='ocrx_word' id='word_1_361' title='bbox 1985 4404 2092 4472; x_wconf 80' lang='grc' dir='ltr'><em>μᾶς</em></span> 
     </span>
    </p>
   </div>
   <div class='ocr_carea' id='block_1_50' title="bbox 519 4474 2165 4546">
    <p class='ocr_par' dir='ltr' id='par_1_50' title="bbox 519 4474 2165 4546">
     <span class='ocr_line' id='line_1_50' title="bbox 519 4474 2165 4546; baseline 0.008 -20"><span class='ocrx_word' id='word_1_362' title='bbox 519 4474 663 4544; x_wconf 78' lang='grc' dir='ltr'><em>ἔχειν</em></span> <span class='ocrx_word' id='word_1_363' title='bbox 685 4476 794 4531; x_wconf 84' lang='grc' dir='ltr'><em>τῶν</em></span> <span class='ocrx_word' id='word_1_364' title='bbox 811 4478 1075 4531; x_wconf 81' lang='grc' dir='ltr'><em>Ἰουδαίων</em></span> <span class='ocrx_word' id='word_1_365' title='bbox 1107 4478 1327 4532; x_wconf 80' lang='grc' dir='ltr'><em>ἔλαττον</em></span> <span class='ocrx_word' id='word_1_366' title='bbox 1350 4479 1495 4532; x_wconf 85' lang='grc' dir='ltr'><em>κατὰ</em></span> <span class='ocrx_word' id='word_1_367' title='bbox 1521 4478 1797 4546; x_wconf 78' lang='grc' dir='ltr'><em>τοῦτο,καὶ⁵</em></span> <span class='ocrx_word' id='word_1_368' title='bbox 1822 4482 1910 4536; x_wconf 85' lang='grc' dir='ltr'><em>διὰ</em></span> <span class='ocrx_word' id='word_1_369' title='bbox 1932 4484 2092 4539; x_wconf 87' lang='grc' dir='ltr'><em>τοῦτο</em></span> <span class='ocrx_word' id='word_1_370' title='bbox 2158 4512 2165 4521; x_wconf 70' lang='grc' dir='ltr'>ι</span> 
     </span>
    </p>
   </div>
   <div class='ocr_carea' id='block_1_51' title="bbox 518 4558 2090 4635">
    <p class='ocr_par' dir='ltr' id='par_1_51' title="bbox 518 4558 2090 4635">
     <span class='ocr_line' id='line_1_51' title="bbox 518 4558 2090 4635; baseline 0.006 -24"><span class='ocrx_word' id='word_1_371' title='bbox 518 4560 695 4612; x_wconf 85' lang='grc' dir='ltr'><em>πάντα</em></span> <span class='ocrx_word' id='word_1_372' title='bbox 734 4561 873 4631; x_wconf 80' lang='grc' dir='ltr'><em>ὑπὲρ</em></span> <span class='ocrx_word' id='word_1_373' title='bbox 903 4561 1093 4615; x_wconf 84' lang='grc' dir='ltr'><em>τούτου</em></span> <span class='ocrx_word' id='word_1_374' title='bbox 1137 4564 1300 4616; x_wconf 88' lang='grc' dir='ltr'><em>ποιεῖ.</em></span> <span class='ocrx_word' id='word_1_375' title='bbox 1337 4562 1462 4626; x_wconf 84' lang='grc' dir='ltr'><em>Πῶς</em></span> <span class='ocrx_word' id='word_1_376' title='bbox 1507 4558 1600 4616; x_wconf 84' lang='grc' dir='ltr'><em>οῦν</em></span> <span class='ocrx_word' id='word_1_377' title='bbox 1651 4581 1817 4635; x_wconf 89' lang='grc' dir='ltr'><em>φησιν</em></span> <span class='ocrx_word' id='word_1_378' title='bbox 1860 4566 2027 4630; x_wconf 81' lang='grc' dir='ltr'><em>αὐτὸς</em></span> <span class='ocrx_word' id='word_1_379' title='bbox 2061 4571 2090 4622; x_wconf 89' lang='grc' dir='ltr'>ὀ</span> 
     </span>
    </p>
   </div>
   <div class='ocr_carea' id='block_1_52' title="bbox 517 4639 2091 4716">
    <p class='ocr_par' dir='ltr' id='par_1_52' title="bbox 517 4639 2091 4716">
     <span class='ocr_line' id='line_1_52' title="bbox 517 4639 2091 4716; baseline 0.007 -22"><span class='ocrx_word' id='word_1_380' title='bbox 517 4639 770 4712; x_wconf 86' lang='grc' dir='ltr'><em>Χριστὸς,</em></span> <span class='ocrx_word' id='word_1_381' title='bbox 793 4647 915 4698; x_wconf 85' lang='grc' dir='ltr'><em>Οὐκ</em></span> <span class='ocrx_word' id='word_1_382' title='bbox 935 4644 1311 4712; x_wconf 80' lang='grc' dir='ltr'><em>ἀπεστάλην,</em></span> <span class='ocrx_word' id='word_1_383' title='bbox 1336 4647 1387 4699; x_wconf 84' lang='grc' dir='ltr'><em>εί</em></span> <span class='ocrx_word' id='word_1_384' title='bbox 1408 4645 1493 4714; x_wconf 77' lang='grc' dir='ltr'><em>μὴ</em></span> <span class='ocrx_word' id='word_1_385' title='bbox 1514 4648 1602 4711; x_wconf 82' lang='grc' dir='ltr'><em>είς</em></span> <span class='ocrx_word' id='word_1_386' title='bbox 1635 4646 1709 4699; x_wconf 85' lang='grc' dir='ltr'><em>τὰ</em></span> <span class='ocrx_word' id='word_1_387' title='bbox 1732 4648 2000 4716; x_wconf 79' lang='grc' dir='ltr'><em>πρόϐατα</em></span> <span class='ocrx_word' id='word_1_388' title='bbox 2019 4652 2091 4705; x_wconf 85' lang='grc' dir='ltr'><em>τὰ</em></span> 
     </span>
    </p>
   </div>
   <div class='ocr_carea' id='block_1_53' title="bbox 517 4726 2090 4804">
    <p class='ocr_par' dir='ltr' id='par_1_53' title="bbox 517 4726 2090 4804">
     <span class='ocr_line' id='line_1_53' title="bbox 517 4726 2090 4804; baseline 0.005 -26"><span class='ocrx_word' id='word_1_389' title='bbox 517 4726 876 4781; x_wconf 82' lang='grc' dir='ltr'><em>ἀπολωλότα</em></span> <span class='ocrx_word' id='word_1_390' title='bbox 939 4728 1114 4781; x_wconf 74' lang='grc' dir='ltr'><em>οἴκου</em></span> <span class='ocrx_word' id='word_1_391' title='bbox 1150 4728 1427 4795; x_wconf 83' lang='grc' dir='ltr'><em>Ἰσραήλ;</em></span> <span class='ocrx_word' id='word_1_392' title='bbox 1455 4730 1548 4782; x_wconf 75' lang='grc' dir='ltr'><em>καὶ</em></span> <span class='ocrx_word' id='word_1_393' title='bbox 1577 4729 1741 4783; x_wconf 90' lang='grc' dir='ltr'><em>πάλιν</em></span> <span class='ocrx_word' id='word_1_394' title='bbox 1769 4734 1883 4795; x_wconf 89' lang='grc' dir='ltr'><em>τοῖς</em></span> <span class='ocrx_word' id='word_1_395' title='bbox 1915 4733 2090 4804; x_wconf 86' lang='grc' dir='ltr'><em>μαθη-</em></span> 
     </span>
    </p>
   </div>
   <div class='ocr_carea' id='block_1_54' title="bbox 516 4807 2090 4884">
    <p class='ocr_par' dir='ltr' id='par_1_54' title="bbox 516 4807 2090 4884">
     <span class='ocr_line' id='line_1_54' title="bbox 516 4807 2090 4884; baseline 0.006 -23"><span class='ocrx_word' id='word_1_396' title='bbox 516 4811 635 4871; x_wconf 86' lang='grc' dir='ltr'><em>ταῖς</em></span> <span class='ocrx_word' id='word_1_397' title='bbox 661 4807 865 4877; x_wconf 81' lang='grc' dir='ltr'><em>ἐλεγεν,</em></span> <span class='ocrx_word' id='word_1_398' title='bbox 894 4812 997 4877; x_wconf 83' lang='grc' dir='ltr'><em>Είς</em></span> <span class='ocrx_word' id='word_1_399' title='bbox 1027 4810 1172 4865; x_wconf 86' lang='grc' dir='ltr'><em>ὁδὸν</em></span> <span class='ocrx_word' id='word_1_400' title='bbox 1200 4810 1392 4865; x_wconf 83' lang='grc' dir='ltr'><em>ἐθνῶν</em></span> <span class='ocrx_word' id='word_1_401' title='bbox 1402 4811 1487 4880; x_wconf 81' lang='grc' dir='ltr'><em>μὴ</em></span> <span class='ocrx_word' id='word_1_402' title='bbox 1516 4812 1817 4881; x_wconf 83' lang='grc' dir='ltr'><em>ἀπέλθητε</em></span> <span class='ocrx_word' id='word_1_403' title='bbox 1835 4855 1849 4879; x_wconf 94' lang='grc'><em>,</em></span> <span class='ocrx_word' id='word_1_404' title='bbox 1882 4816 1981 4871; x_wconf 81' lang='grc' dir='ltr'><em>καὶ</em></span> <span class='ocrx_word' id='word_1_405' title='bbox 2003 4818 2090 4884; x_wconf 87' lang='grc' dir='ltr'><em>είς</em></span> 
     </span>
    </p>
   </div>
   <div class='ocr_carea' id='block_1_55' title="bbox 515 4892 2087 4962">
    <p class='ocr_par' dir='ltr' id='par_1_55' title="bbox 515 4892 2087 4962">
     <span class='ocr_line' id='line_1_55' title="bbox 515 4892 2087 4962; baseline 0.006 -19"><span class='ocrx_word' id='word_1_406' title='bbox 515 4892 699 4945; x_wconf 84' lang='grc' dir='ltr'><em>πόλιν</em></span> <span class='ocrx_word' id='word_1_407' title='bbox 742 4892 1121 4961; x_wconf 86' lang='grc' dir='ltr'><em>Σαμαρειτῶν</em></span> <span class='ocrx_word' id='word_1_408' title='bbox 1173 4894 1260 4962; x_wconf 84' lang='grc' dir='ltr'><em>μὴ</em></span> <span class='ocrx_word' id='word_1_409' title='bbox 1327 4894 1677 4960; x_wconf 80' lang='grc' dir='ltr'><em>είσέλθητε;</em></span> <span class='ocrx_word' id='word_1_410' title='bbox 1706 4898 1800 4949; x_wconf 82' lang='grc' dir='ltr'><em>καὶ</em></span> <span class='ocrx_word' id='word_1_411' title='bbox 1846 4900 2006 4962; x_wconf 83' lang='grc' dir='ltr'><em>αὐτὸς</em></span> <span class='ocrx_word' id='word_1_412' title='bbox 2030 4900 2087 4953; x_wconf 84' lang='grc' dir='ltr'><em>δὲ</em></span> 
     </span>
    </p>
   </div>
   <div class='ocr_carea' id='block_1_56' title="bbox 514 4973 2089 5050">
    <p class='ocr_par' dir='ltr' id='par_1_56' title="bbox 514 4973 2089 5050">
     <span class='ocr_line' id='line_1_56' title="bbox 514 4973 2089 5050; baseline 0.005 -24"><span class='ocrx_word' id='word_1_413' title='bbox 514 4974 679 5027; x_wconf 89' lang='grc' dir='ltr'><em>πάλιν</em></span> <span class='ocrx_word' id='word_1_414' title='bbox 712 4977 739 5027; x_wconf 92' lang='lat'><em>6</em></span> <span class='ocrx_word' id='word_1_415' title='bbox 768 4975 981 5039; x_wconf 83' lang='grc' dir='ltr'><em>Παῦλος</em></span> <span class='ocrx_word' id='word_1_416' title='bbox 1022 4976 1232 5045; x_wconf 71' lang='grc' dir='ltr'><em>ἔλεγεν,</em></span> <span class='ocrx_word' id='word_1_417' title='bbox 1276 4976 1433 5045; x_wconf 87' lang='grc' dir='ltr'><em>Ὑμῖν</em></span> <span class='ocrx_word' id='word_1_418' title='bbox 1448 4973 1528 5047; x_wconf 83' lang='grc' dir='ltr'><em>ἦν</em></span> <span class='ocrx_word' id='word_1_419' title='bbox 1555 4977 1886 5047; x_wconf 82' lang='grc' dir='ltr'><em>ἀναγκαῖον</em></span> <span class='ocrx_word' id='word_1_420' title='bbox 1934 4980 2089 5050; x_wconf 78' lang='grc' dir='ltr'><em>πρῶ-</em></span> 
     </span>
    </p>
   </div>
   <div class='ocr_carea' id='block_1_57' title="bbox 514 5057 2087 5133">
    <p class='ocr_par' dir='ltr' id='par_1_57' title="bbox 514 5057 2087 5133">
     <span class='ocr_line' id='line_1_57' title="bbox 514 5057 2087 5133; baseline 0.006 -24"><span class='ocrx_word' id='word_1_421' title='bbox 514 5074 622 5110; x_wconf 84' lang='grc' dir='ltr'><em>τον</em></span> <span class='ocrx_word' id='word_1_422' title='bbox 657 5057 1001 5126; x_wconf 84' lang='grc' dir='ltr'><em>λαληθῆναι</em></span> <span class='ocrx_word' id='word_1_423' title='bbox 1045 5060 1151 5114; x_wconf 86' lang='grc' dir='ltr'><em>τὸν</em></span> <span class='ocrx_word' id='word_1_424' title='bbox 1200 5060 1389 5129; x_wconf 87' lang='grc' dir='ltr'><em>λόγον</em></span> <span class='ocrx_word' id='word_1_425' title='bbox 1422 5059 1530 5113; x_wconf 87' lang='grc' dir='ltr'><em>τοῦ</em></span> <span class='ocrx_word' id='word_1_426' title='bbox 1562 5061 1710 5115; x_wconf 87' lang='grc' dir='ltr'><em>Θεοῦ</em></span> <span class='ocrx_word' id='word_1_427' title='bbox 1737 5078 1750 5090; x_wconf 85' lang='grc'><strong>·</strong></span> <span class='ocrx_word' id='word_1_428' title='bbox 1785 5064 1992 5133; x_wconf 84' lang='grc' dir='ltr'><em>ἐπειδὴ</em></span> <span class='ocrx_word' id='word_1_429' title='bbox 2019 5067 2087 5121; x_wconf 86' lang='grc' dir='ltr'><em>δέ</em></span> 
     </span>
    </p>
   </div>
   <div class='ocr_carea' id='block_1_58' title="bbox 514 5141 2084 5213">
    <p class='ocr_par' dir='ltr' id='par_1_58' title="bbox 514 5141 2084 5213">
     <span class='ocr_line' id='line_1_58' title="bbox 514 5141 2084 5213; baseline 0.006 -18"><span class='ocrx_word' id='word_1_430' title='bbox 514 5141 848 5197; x_wconf 82' lang='grc' dir='ltr'><em>ἀπωθεῖσθε</em></span> <span class='ocrx_word' id='word_1_431' title='bbox 876 5142 1080 5207; x_wconf 84' lang='grc' dir='ltr'><em>αὑτὸν,</em></span> <span class='ocrx_word' id='word_1_432' title='bbox 1133 5143 1233 5196; x_wconf 75' lang='grc' dir='ltr'><em>καὶ</em></span> <span class='ocrx_word' id='word_1_433' title='bbox 1285 5144 1396 5196; x_wconf 89' lang='grc' dir='ltr'><em>οὐκ</em></span> <span class='ocrx_word' id='word_1_434' title='bbox 1417 5141 1630 5209; x_wconf 79' lang='grc' dir='ltr'><em>ἀξίους</em></span> <span class='ocrx_word' id='word_1_435' title='bbox 1681 5148 1911 5213; x_wconf 85' lang='grc' dir='ltr'><em>κρίνετε</em></span> <span class='ocrx_word' id='word_1_436' title='bbox 1947 5148 2084 5204; x_wconf 78' lang='grc' dir='ltr'><em>ἐαυ-</em></span> 
     </span>
    </p>
   </div>
   <div class='ocr_carea' id='block_1_59' title="bbox 515 5223 2085 5299">
    <p class='ocr_par' dir='ltr' id='par_1_59' title="bbox 515 5223 2085 5299">
     <span class='ocr_line' id='line_1_59' title="bbox 515 5223 2085 5299; baseline 0.008 -23"><span class='ocrx_word' id='word_1_437' title='bbox 515 5224 656 5290; x_wconf 86' lang='grc' dir='ltr'><em>τοὺς</em></span> <span class='ocrx_word' id='word_1_438' title='bbox 676 5223 792 5292; x_wconf 79' lang='grc' dir='ltr'><em>τῆς</em></span> <span class='ocrx_word' id='word_1_439' title='bbox 841 5227 1087 5280; x_wconf 75' lang='grc' dir='ltr'><em>αἰωνίου</em></span> <span class='ocrx_word' id='word_1_440' title='bbox 1124 5225 1294 5294; x_wconf 77' lang='grc' dir='ltr'><em>ζωῆς,</em></span> <span class='ocrx_word' id='word_1_441' title='bbox 1329 5224 1459 5278; x_wconf 81' lang='grc' dir='ltr'><em>ίδοὺ</em></span> <span class='ocrx_word' id='word_1_442' title='bbox 1492 5230 1869 5297; x_wconf 72' lang='grc' dir='ltr'><em>στρεφόμεθα</em></span> <span class='ocrx_word' id='word_1_443' title='bbox 1896 5234 1985 5299; x_wconf 79' lang='grc' dir='ltr'><em>εὶς</em></span> <span class='ocrx_word' id='word_1_444' title='bbox 2012 5235 2085 5289; x_wconf 86' lang='grc' dir='ltr'><em>τὰ</em></span> 
     </span>
    </p>
   </div>
   <div class='ocr_carea' id='block_1_60' title="bbox 511 5308 2083 5388">
    <p class='ocr_par' dir='ltr' id='par_1_60' title="bbox 511 5308 2083 5388">
     <span class='ocr_line' id='line_1_60' title="bbox 511 5308 2083 5388; baseline -0.002 -26"><span class='ocrx_word' id='word_1_445' title='bbox 511 5310 655 5376; x_wconf 77' lang='grc' dir='ltr'><em>ἔθνη</em></span> <span class='ocrx_word' id='word_1_446' title='bbox 670 5323 690 5372; x_wconf 88' lang='grc'><strong><em>;</em></strong></span> <span class='ocrx_word' id='word_1_447' title='bbox 705 5308 802 5361; x_wconf 85' lang='grc' dir='ltr'><em>Διὰ</em></span> <span class='ocrx_word' id='word_1_448' title='bbox 814 5309 1090 5379; x_wconf 78' lang='grc' dir='ltr'><em>γάρτοῦτο</em></span> <span class='ocrx_word' id='word_1_449' title='bbox 1117 5308 1288 5362; x_wconf 88' lang='grc' dir='ltr'><em>ταῦτα</em></span> <span class='ocrx_word' id='word_1_450' title='bbox 1298 5309 1540 5377; x_wconf 86' lang='grc' dir='ltr'><em>λέγεται,</em></span> <span class='ocrx_word' id='word_1_451' title='bbox 1558 5311 1645 5362; x_wconf 85' lang='grc' dir='ltr'><em>ἴνα</em></span> <span class='ocrx_word' id='word_1_452' title='bbox 1671 5313 1743 5382; x_wconf 76' lang='grc' dir='ltr'><em>μὴ</em></span> <span class='ocrx_word' id='word_1_453' title='bbox 1759 5312 1834 5378; x_wconf 85' lang='grc' dir='ltr'><em>ὼς</em></span> <span class='ocrx_word' id='word_1_454' title='bbox 1851 5315 1915 5368; x_wconf 88' lang='grc' dir='ltr'><em>ἐκ</em></span> <span class='ocrx_word' id='word_1_455' title='bbox 1938 5335 2012 5371; x_wconf 91' lang='grc' dir='ltr'><em>πα</em></span> <span class='ocrx_word' id='word_1_456' title='bbox 2021 5335 2083 5388; x_wconf 88' lang='grc' dir='ltr'><em>ρ-</em></span> 
     </span>
    </p>
   </div>
   <div class='ocr_carea' id='block_1_61' title="bbox 513 5391 2079 5467">
    <p class='ocr_par' dir='ltr' id='par_1_61' title="bbox 513 5391 2079 5467">
     <span class='ocr_line' id='line_1_61' title="bbox 513 5391 2079 5467; baseline 0.009 -25"><span class='ocrx_word' id='word_1_457' title='bbox 513 5392 681 5461; x_wconf 89' lang='grc' dir='ltr'><em>ἐργου</em></span> <span class='ocrx_word' id='word_1_458' title='bbox 724 5391 921 5464; x_wconf 82' lang='grc' dir='ltr'><em>νομίσῃ</em></span> <span class='ocrx_word' id='word_1_459' title='bbox 937 5410 1020 5456; x_wconf 89' lang='grc' dir='ltr'><em>τις</em></span> <span class='ocrx_word' id='word_1_460' title='bbox 1043 5391 1201 5445; x_wconf 89' lang='grc' dir='ltr'><em>τοῦτο</em></span> <span class='ocrx_word' id='word_1_461' title='bbox 1223 5392 1572 5462; x_wconf 83' lang='grc' dir='ltr'><em>γεγενῆσθαι.</em></span> <span class='ocrx_word' id='word_1_462' title='bbox 1593 5397 1756 5449; x_wconf 83' lang='grc' dir='ltr'><em>Κατὰ</em></span> <span class='ocrx_word' id='word_1_463' title='bbox 1770 5403 2079 5467; x_wconf 88' lang='grc' dir='ltr'><em>πρόθεσιν,</em></span> 
     </span>
    </p>
   </div>
   <div class='ocr_carea' id='block_1_62' title="bbox 510 5473 2083 5554">
    <p class='ocr_par' dir='ltr' id='par_1_62' title="bbox 510 5473 2083 5554">
     <span class='ocr_line' id='line_1_62' title="bbox 510 5473 2083 5554; baseline 0.01 -30"><span class='ocrx_word' id='word_1_464' title='bbox 510 5473 665 5543; x_wconf 81' lang='grc' dir='ltr'><em>φησὶ,</em></span> <span class='ocrx_word' id='word_1_465' title='bbox 683 5476 791 5529; x_wconf 90' lang='grc' dir='ltr'><em>τοῦ</em></span> <span class='ocrx_word' id='word_1_466' title='bbox 814 5477 886 5531; x_wconf 85' lang='grc' dir='ltr'><em>τὰ</em></span> <span class='ocrx_word' id='word_1_467' title='bbox 898 5476 1097 5530; x_wconf 83' lang='grc' dir='ltr'><em>πάντα</em></span> <span class='ocrx_word' id='word_1_468' title='bbox 1116 5476 1505 5546; x_wconf 65' lang='grc' dir='ltr'><em>ἐνεργοῦντος</em></span> <span class='ocrx_word' id='word_1_469' title='bbox 1524 5477 1674 5532; x_wconf 83' lang='grc' dir='ltr'><em>κατὰ</em></span> <span class='ocrx_word' id='word_1_470' title='bbox 1701 5478 1814 5548; x_wconf 82' lang='grc' dir='ltr'><em>τὴν</em></span> <span class='ocrx_word' id='word_1_471' title='bbox 1839 5483 2083 5554; x_wconf 81' lang='grc' dir='ltr'><em>,βουλὴν</em></span> 
     </span>
    </p>
   </div>
   <div class='ocr_carea' id='block_1_63' title="bbox 508 5555 2082 5633">
    <p class='ocr_par' dir='ltr' id='par_1_63' title="bbox 508 5555 2082 5633">
     <span class='ocr_line' id='line_1_63' title="bbox 508 5555 2082 5633; baseline 0.01 -28"><span class='ocrx_word' id='word_1_472' title='bbox 508 5555 616 5608; x_wconf 86' lang='grc' dir='ltr'><em>τοῦ</em></span> <span class='ocrx_word' id='word_1_473' title='bbox 655 5558 985 5628; x_wconf 84' lang='grc' dir='ltr'><em>θελήματος</em></span> <span class='ocrx_word' id='word_1_474' title='bbox 1004 5558 1209 5613; x_wconf 86' lang='grc' dir='ltr'><em>αὑτοῦ.</em></span> <span class='ocrx_word' id='word_1_475' title='bbox 1242 5559 1558 5622; x_wconf 86' lang='grc' dir='ltr'><em>Τουτέστιν,</em></span> <span class='ocrx_word' id='word_1_476' title='bbox 1588 5560 1738 5615; x_wconf 82' lang='grc' dir='ltr'><em>οὐδὲν</em></span> <span class='ocrx_word' id='word_1_477' title='bbox 1784 5566 1921 5633; x_wconf 86' lang='grc' dir='ltr'><em>μετὰ</em></span> <span class='ocrx_word' id='word_1_478' title='bbox 1951 5568 2082 5620; x_wconf 86' lang='grc' dir='ltr'><em>ταῦ-</em></span> 
     </span>
    </p>
   </div>
   <div class='ocr_carea' id='block_1_64' title="bbox 508 5639 2073 5713">
    <p class='ocr_par' dir='ltr' id='par_1_64' title="bbox 508 5639 2073 5713">
     <span class='ocr_line' id='line_1_64' title="bbox 508 5639 2073 5713; baseline 0.01 -23"><span class='ocrx_word' id='word_1_479' title='bbox 508 5649 575 5690; x_wconf 80' lang='grc' dir='ltr'><em>τα</em></span> <span class='ocrx_word' id='word_1_480' title='bbox 600 5639 894 5713; x_wconf 74' lang='grc' dir='ltr'><em>ἐνήργησε,</em></span> <span class='ocrx_word' id='word_1_481' title='bbox 926 5643 1105 5698; x_wconf 91' lang='grc' dir='ltr'><em>πάντα</em></span> <span class='ocrx_word' id='word_1_482' title='bbox 1132 5642 1336 5698; x_wconf 82' lang='grc' dir='ltr'><em>ἄνωθεν</em></span> <span class='ocrx_word' id='word_1_483' title='bbox 1365 5642 1731 5710; x_wconf 87' lang='grc' dir='ltr'><em>διατυπώσας.</em></span> <span class='ocrx_word' id='word_1_484' title='bbox 1762 5646 1945 5713; x_wconf 75' lang='grc' dir='ltr'><em>Οὕτως</em></span> <span class='ocrx_word' id='word_1_485' title='bbox 1976 5654 2073 5705; x_wconf 76' lang='grc' dir='ltr'><em>αὑ·</em></span> 
     </span>
    </p>
   </div>
   <div class='ocr_carea' id='block_1_65' title="bbox 572 5858 1660 5924">
    <p class='ocr_par' dir='ltr' id='par_1_65' title="bbox 572 5858 1660 5924">
     <span class='ocr_line' id='line_1_65' title="bbox 572 5858 1660 5924; baseline -0.002 -13"><span class='ocrx_word' id='word_1_486' title='bbox 572 5869 597 5899; x_wconf 77' lang='grc' dir='ltr'>ι</span> <span class='ocrx_word' id='word_1_487' title='bbox 618 5858 819 5912; x_wconf 69' lang='grc' dir='ltr'><em>(Σοὶδιὶη.</em></span> <span class='ocrx_word' id='word_1_488' title='bbox 845 5875 986 5924; x_wconf 79' lang='lat' dir='ltr'><em>unus,</em></span> <span class='ocrx_word' id='word_1_489' title='bbox 1014 5862 1161 5921; x_wconf 78' lang='grc' dir='ltr'><em>οὖσιν,</em></span> <span class='ocrx_word' id='word_1_490' title='bbox 1187 5862 1311 5910; x_wconf 77' lang='grc' dir='ltr'><em>ὥστε</em></span> <span class='ocrx_word' id='word_1_491' title='bbox 1334 5860 1386 5909; x_wconf 81' lang='grc' dir='ltr'><em>τὸ</em></span> <span class='ocrx_word' id='word_1_492' title='bbox 1413 5859 1660 5923; x_wconf 62' lang='grc' dir='ltr'><em>ἐξαίρεὶον.</em></span> 
     </span>
    </p>
   </div>
   <div class='ocr_carea' id='block_1_66' title="bbox 2225 620 3788 694">
    <p class='ocr_par' dir='ltr' id='par_1_66' title="bbox 2225 620 3788 694">
     <span class='ocr_line' id='line_1_66' title="bbox 2225 620 3788 694; baseline 0.002 -20"><span class='ocrx_word' id='word_1_493' title='bbox 2225 622 2317 685; x_wconf 85' lang='grc' dir='ltr'><em>τὸς</em></span> <span class='ocrx_word' id='word_1_494' title='bbox 2348 623 2545 691; x_wconf 78' lang='grc' dir='ltr'><em>ἐπάγει</em></span> <span class='ocrx_word' id='word_1_495' title='bbox 2579 622 2640 675; x_wconf 87' lang='grc' dir='ltr'><em>τὸ</em></span> <span class='ocrx_word' id='word_1_496' title='bbox 2667 622 2817 683; x_wconf 81' lang='grc' dir='ltr'><em>τέλος</em></span> <span class='ocrx_word' id='word_1_497' title='bbox 2853 621 2993 674; x_wconf 84' lang='grc' dir='ltr'><em>κατὰ</em></span> <span class='ocrx_word' id='word_1_498' title='bbox 3019 620 3116 692; x_wconf 87' lang='grc' dir='ltr'><em>τὴν</em></span> <span class='ocrx_word' id='word_1_499' title='bbox 3153 620 3347 693; x_wconf 75' lang='grc' dir='ltr'><em>βουλὴν</em></span> <span class='ocrx_word' id='word_1_500' title='bbox 3376 620 3470 676; x_wconf 88' lang='grc' dir='ltr'><em>τοῦ</em></span> <span class='ocrx_word' id='word_1_501' title='bbox 3501 622 3788 694; x_wconf 87' lang='grc' dir='ltr'><em>θελήματος</em></span> 
     </span>
    </p>
   </div>
   <div class='ocr_carea' id='block_1_67' title="bbox 2227 704 3788 778">
    <p class='ocr_par' dir='ltr' id='par_1_67' title="bbox 2227 704 3788 778">
     <span class='ocr_line' id='line_1_67' title="bbox 2227 704 3788 778; baseline 0.003 -19"><span class='ocrx_word' id='word_1_502' title='bbox 2227 704 2417 759; x_wconf 78' lang='grc' dir='ltr'><em>αὑτοῦ.</em></span> <span class='ocrx_word' id='word_1_503' title='bbox 2444 707 2609 758; x_wconf 83' lang='grc' dir='ltr'><em>Ὥστε</em></span> <span class='ocrx_word' id='word_1_504' title='bbox 2652 707 2753 759; x_wconf 82' lang='grc' dir='ltr'><em>οὐκ</em></span> <span class='ocrx_word' id='word_1_505' title='bbox 2791 704 2977 776; x_wconf 83' lang='grc' dir='ltr'><em>ἐπειδὴ</em></span> <span class='ocrx_word' id='word_1_506' title='bbox 3014 705 3251 758; x_wconf 83' lang='grc' dir='ltr'><em>Ἰουδαῖοι</em></span> <span class='ocrx_word' id='word_1_507' title='bbox 3278 707 3338 759; x_wconf 87' lang='lat'><em>06</em></span> <span class='ocrx_word' id='word_1_508' title='bbox 3373 710 3682 778; x_wconf 85' lang='grc' dir='ltr'><em>προσεῖχον,</em></span> <span class='ocrx_word' id='word_1_509' title='bbox 3707 708 3788 763; x_wconf 83' lang='grc' dir='ltr'><em>διὰ</em></span> 
     </span>
    </p>
   </div>
   <div class='ocr_carea' id='block_1_68' title="bbox 2223 787 3789 859">
    <p class='ocr_par' dir='ltr' id='par_1_68' title="bbox 2223 787 3789 859">
     <span class='ocr_line' id='line_1_68' title="bbox 2223 787 3789 859; baseline 0.003 -19"><span class='ocrx_word' id='word_1_510' title='bbox 2223 787 2383 841; x_wconf 87' lang='grc' dir='ltr'><em>τοῦτο</em></span> <span class='ocrx_word' id='word_1_511' title='bbox 2426 789 2494 841; x_wconf 80' lang='grc' dir='ltr'><em>τὰ</em></span> <span class='ocrx_word' id='word_1_512' title='bbox 2545 789 2671 859; x_wconf 74' lang='grc' dir='ltr'><em>ἔθνη</em></span> <span class='ocrx_word' id='word_1_513' title='bbox 2713 788 3002 857; x_wconf 76' lang='grc' dir='ltr'><em>ἐκάλεσεν,</em></span> <span class='ocrx_word' id='word_1_514' title='bbox 3026 787 3147 842; x_wconf 86' lang='lat'><strong>0666</strong></span> <span class='ocrx_word' id='word_1_515' title='bbox 3174 788 3564 857; x_wconf 73' lang='grc' dir='ltr'><em>ἀναγκασθεὶς,</em></span> <span class='ocrx_word' id='word_1_516' title='bbox 3592 790 3709 845; x_wconf 90' lang='lat'><strong>0666</strong></span> <span class='ocrx_word' id='word_1_517' title='bbox 3735 791 3789 858; x_wconf 81' lang='grc' dir='ltr'><em>ἐξ</em></span> 
     </span>
    </p>
   </div>
   <div class='ocr_carea' id='block_1_69' title="bbox 2224 866 3791 944">
    <p class='ocr_par' dir='ltr' id='par_1_69' title="bbox 2224 866 3791 944">
     <span class='ocr_line' id='line_1_69' title="bbox 2224 866 3791 944; baseline 0.003 -22"><span class='ocrx_word' id='word_1_518' title='bbox 2224 870 2447 923; x_wconf 84' lang='grc' dir='ltr'><em>ἐκείνων</em></span> <span class='ocrx_word' id='word_1_519' title='bbox 2487 871 2770 941; x_wconf 86' lang='grc' dir='ltr'><em>ὁρμηθείς.</em></span> <span class='ocrx_word' id='word_1_520' title='bbox 2802 872 2905 936; x_wconf 85' lang='grc' dir='ltr'><em>Είς</em></span> <span class='ocrx_word' id='word_1_521' title='bbox 2947 869 3013 923; x_wconf 86' lang='grc' dir='ltr'><em>τὸ</em></span> <span class='ocrx_word' id='word_1_522' title='bbox 3062 866 3220 925; x_wconf 81' lang='grc' dir='ltr'><em>εἶναι</em></span> <span class='ocrx_word' id='word_1_523' title='bbox 3276 870 3688 944; x_wconf 76' lang='grc' dir='ltr'><em>ἡμᾶς,φησ“ιν,</em></span> <span class='ocrx_word' id='word_1_524' title='bbox 3712 876 3791 941; x_wconf 86' lang='grc' dir='ltr'><em>είς</em></span> 
     </span>
    </p>
   </div>
   <div class='ocr_carea' id='block_1_70' title="bbox 2224 951 3798 1024">
    <p class='ocr_par' dir='ltr' id='par_1_70' title="bbox 2224 951 3798 1024">
     <span class='ocr_line' id='line_1_70' title="bbox 2224 951 3798 1024; baseline 0.004 -20"><span class='ocrx_word' id='word_1_525' title='bbox 2224 951 2477 1005; x_wconf 78' lang='grc' dir='ltr'><em>ἔπαινον</em></span> <span class='ocrx_word' id='word_1_526' title='bbox 2499 954 2607 1021; x_wconf 81' lang='grc' dir='ltr'><em>τῆς</em></span> <span class='ocrx_word' id='word_1_527' title='bbox 2630 952 2817 1021; x_wconf 79' lang='grc' dir='ltr'><em>δόξης</em></span> <span class='ocrx_word' id='word_1_528' title='bbox 2850 952 3056 1019; x_wconf 81' lang='grc' dir='ltr'><em>αὐτοῦ,</em></span> <span class='ocrx_word' id='word_1_529' title='bbox 3081 952 3225 1019; x_wconf 88' lang='grc' dir='ltr'><em>τοὺς</em></span> <span class='ocrx_word' id='word_1_530' title='bbox 3254 957 3701 1024; x_wconf 84' lang='grc' dir='ltr'><em>προηλπικότας</em></span> <span class='ocrx_word' id='word_1_531' title='bbox 3728 957 3798 1016; x_wconf 65' lang='grc' dir='ltr'><em>ἐν⁶</em></span> 
     </span>
    </p>
   </div>
   <div class='ocr_carea' id='block_1_71' title="bbox 2223 1031 3788 1105">
    <p class='ocr_par' dir='ltr' id='par_1_71' title="bbox 2223 1031 3788 1105">
     <span class='ocr_line' id='line_1_71' title="bbox 2223 1031 3788 1105; baseline 0.004 -18"><span class='ocrx_word' id='word_1_532' title='bbox 2223 1034 2303 1100; x_wconf 83' lang='grc' dir='ltr'><em>τῷ</em></span> <span class='ocrx_word' id='word_1_533' title='bbox 2325 1036 2559 1103; x_wconf 87' lang='grc' dir='ltr'><em>Χριστῷ</em></span> <span class='ocrx_word' id='word_1_534' title='bbox 2600 1052 2614 1067; x_wconf 79' lang='grc' dir='ltr'><em>ο</em></span> <span class='ocrx_word' id='word_1_535' title='bbox 2635 1036 2705 1090; x_wconf 85' lang='grc' dir='ltr'><em>ἐν</em></span> <span class='ocrx_word' id='word_1_536' title='bbox 2726 1031 2774 1104; x_wconf 83' lang='grc' dir='ltr'>ᾧ</span> <span class='ocrx_word' id='word_1_537' title='bbox 2811 1036 2913 1091; x_wconf 75' lang='grc' dir='ltr'><em>καὶ</em></span> <span class='ocrx_word' id='word_1_538' title='bbox 2947 1036 3116 1105; x_wconf 81' lang='grc' dir='ltr'><em>ὑμεῖς</em></span> <span class='ocrx_word' id='word_1_539' title='bbox 3147 1037 3521 1105; x_wconf 85' lang='grc' dir='ltr'><em>ἀκούσαντες</em></span> <span class='ocrx_word' id='word_1_540' title='bbox 3564 1040 3672 1093; x_wconf 86' lang='grc' dir='ltr'><em>τὸν</em></span> <span class='ocrx_word' id='word_1_541' title='bbox 3693 1042 3788 1094; x_wconf 90' lang='grc' dir='ltr'><em>λό-</em></span> 
     </span>
    </p>
   </div>
   <div class='ocr_carea' id='block_1_72' title="bbox 2222 1118 3789 1194">
    <p class='ocr_par' dir='ltr' id='par_1_72' title="bbox 2222 1118 3789 1194">
     <span class='ocr_line' id='line_1_72' title="bbox 2222 1118 3789 1194; baseline 0.003 -21"><span class='ocrx_word' id='word_1_542' title='bbox 2222 1136 2334 1190; x_wconf 78' lang='grc' dir='ltr'><em>γον</em></span> <span class='ocrx_word' id='word_1_543' title='bbox 2368 1118 2479 1188; x_wconf 85' lang='grc' dir='ltr'><em>τῆς</em></span> <span class='ocrx_word' id='word_1_544' title='bbox 2519 1121 2827 1189; x_wconf 83' lang='grc' dir='ltr'><em>ἀληθείας,</em></span> <span class='ocrx_word' id='word_1_545' title='bbox 2877 1120 2945 1174; x_wconf 84' lang='grc' dir='ltr'><em>τὸ</em></span> <span class='ocrx_word' id='word_1_546' title='bbox 2987 1122 3341 1192; x_wconf 83' lang='grc' dir='ltr'><em>εὐαγγέλιον</em></span> <span class='ocrx_word' id='word_1_547' title='bbox 3379 1121 3487 1192; x_wconf 82' lang='grc' dir='ltr'><em>τῆς</em></span> <span class='ocrx_word' id='word_1_548' title='bbox 3506 1126 3789 1194; x_wconf 86' lang='grc' dir='ltr'><em>σωτηρίας</em></span> 
     </span>
    </p>
   </div>
   <div class='ocr_carea' id='block_1_73' title="bbox 2221 1198 3789 1276">
    <p class='ocr_par' dir='ltr' id='par_1_73' title="bbox 2221 1198 3789 1276">
     <span class='ocr_line' id='line_1_73' title="bbox 2221 1198 3789 1276; baseline 0.004 -19"><span class='ocrx_word' id='word_1_549' title='bbox 2221 1202 2391 1271; x_wconf 82' lang='grc' dir='ltr'><em>ὑμῶν</em></span> <span class='ocrx_word' id='word_1_550' title='bbox 2414 1218 2427 1231; x_wconf 92' lang='grc'><strong>·</strong></span> <span class='ocrx_word' id='word_1_551' title='bbox 2472 1203 2748 1268; x_wconf 84' lang='grc' dir='ltr'><em>τουτέστι,</em></span> <span class='ocrx_word' id='word_1_552' title='bbox 2788 1204 2855 1257; x_wconf 76' lang='grc' dir='ltr'><em>δι’</em></span> <span class='ocrx_word' id='word_1_553' title='bbox 2877 1198 2959 1259; x_wconf 76' lang='grc' dir='ltr'><em>οὗ.</em></span> <span class='ocrx_word' id='word_1_554' title='bbox 2999 1205 3144 1275; x_wconf 88' lang='grc' dir='ltr'><em>Ὅρα</em></span> <span class='ocrx_word' id='word_1_555' title='bbox 3170 1206 3445 1276; x_wconf 83' lang='grc' dir='ltr'><em>πανταχοῦ</em></span> <span class='ocrx_word' id='word_1_556' title='bbox 3469 1208 3640 1261; x_wconf 76' lang='grc' dir='ltr'><em>αἴτιον</em></span> <span class='ocrx_word' id='word_1_557' title='bbox 3659 1209 3789 1263; x_wconf 86' lang='grc' dir='ltr'><em>πάν-</em></span> 
     </span>
    </p>
   </div>
   <div class='ocr_carea' id='block_1_74' title="bbox 2220 1287 3790 1363">
    <p class='ocr_par' dir='ltr' id='par_1_74' title="bbox 2220 1287 3790 1363">
     <span class='ocr_line' id='line_1_74' title="bbox 2220 1287 3790 1363; baseline 0.006 -26"><span class='ocrx_word' id='word_1_558' title='bbox 2220 1301 2331 1338; x_wconf 88' lang='grc' dir='ltr'><em>των</em></span> <span class='ocrx_word' id='word_1_559' title='bbox 2368 1287 2663 1356; x_wconf 89' lang='grc' dir='ltr'><em>γενόμενον</em></span> <span class='ocrx_word' id='word_1_560' title='bbox 2718 1287 2811 1341; x_wconf 91' lang='grc' dir='ltr'><em>τὸν</em></span> <span class='ocrx_word' id='word_1_561' title='bbox 2858 1288 3112 1359; x_wconf 84' lang='grc' dir='ltr'><em>Χριστὸν,</em></span> <span class='ocrx_word' id='word_1_562' title='bbox 3166 1291 3259 1343; x_wconf 76' lang='grc' dir='ltr'><em>καὶ</em></span> <span class='ocrx_word' id='word_1_563' title='bbox 3314 1291 3552 1363; x_wconf 80' lang='grc' dir='ltr'><em>οὐδαμοῦ</em></span> <span class='ocrx_word' id='word_1_564' title='bbox 3601 1292 3664 1345; x_wconf 91' lang='grc' dir='ltr'><em>τὸ</em></span> <span class='ocrx_word' id='word_1_565' title='bbox 3700 1288 3790 1347; x_wconf 75' lang='grc' dir='ltr'><em>τοῦ</em></span> 
     </span>
    </p>
   </div>
   <div class='ocr_carea' id='block_1_75' title="bbox 2222 1367 3791 1448">
    <p class='ocr_par' dir='ltr' id='par_1_75' title="bbox 2222 1367 3791 1448">
     <span class='ocr_line' id='line_1_75' title="bbox 2222 1367 3791 1448; baseline 0.006 -28"><span class='ocrx_word' id='word_1_566' title='bbox 2222 1367 2504 1439; x_wconf 79' lang='grc' dir='ltr'><em>ὑπουργοῦ</em></span> <span class='ocrx_word' id='word_1_567' title='bbox 2563 1369 2755 1440; x_wconf 78' lang='grc' dir='ltr'><em>ὄνομα,</em></span> <span class='ocrx_word' id='word_1_568' title='bbox 2793 1370 2915 1423; x_wconf 86' lang='lat'><strong>0666</strong></span> <span class='ocrx_word' id='word_1_569' title='bbox 2944 1371 3005 1425; x_wconf 86' lang='lat'><em>16</em></span> <span class='ocrx_word' id='word_1_570' title='bbox 3025 1372 3120 1425; x_wconf 91' lang='lat'><em>106</em></span> <span class='ocrx_word' id='word_1_571' title='bbox 3151 1373 3398 1427; x_wconf 84' lang='grc' dir='ltr'><em>διακόνου</em></span> <span class='ocrx_word' id='word_1_572' title='bbox 3428 1391 3443 1407; x_wconf 89' lang='grc'><strong>·</strong></span> <span class='ocrx_word' id='word_1_573' title='bbox 3484 1374 3671 1448; x_wconf 83' lang='grc' dir='ltr'><em>ὥσπερ</em></span> <span class='ocrx_word' id='word_1_574' title='bbox 3702 1379 3791 1431; x_wconf 73' lang='grc' dir='ltr'><em>καὶ</em></span> 
     </span>
    </p>
   </div>
   <div class='ocr_carea' id='block_1_76' title="bbox 2221 1450 3790 1527">
    <p class='ocr_par' dir='ltr' id='par_1_76' title="bbox 2221 1450 3790 1527">
     <span class='ocr_line' id='line_1_76' title="bbox 2221 1450 3790 1527; baseline 0.006 -22"><span class='ocrx_word' id='word_1_575' title='bbox 2221 1450 2455 1522; x_wconf 84' lang='grc' dir='ltr'><em>ἀλλαχοῦ</em></span> <span class='ocrx_word' id='word_1_576' title='bbox 2493 1468 2657 1522; x_wconf 87' lang='grc' dir='ltr'><em>φησιν</em></span> <span class='ocrx_word' id='word_1_577' title='bbox 2694 1451 2965 1524; x_wconf 75' lang='grc' dir='ltr'><em>Ἑϐραίοις</em></span> <span class='ocrx_word' id='word_1_578' title='bbox 2993 1456 3219 1526; x_wconf 84' lang='grc' dir='ltr'><em>γράφων</em></span> <span class='ocrx_word' id='word_1_579' title='bbox 3243 1494 3259 1520; x_wconf 95' lang='grc'><em>,</em></span> <span class='ocrx_word' id='word_1_580' title='bbox 3290 1457 3373 1510; x_wconf 83' lang='grc' dir='ltr'><em>ὅτι</em></span> <span class='ocrx_word' id='word_1_581' title='bbox 3399 1456 3594 1512; x_wconf 82' lang='grc' dir='ltr'><em>Πάλαι</em></span> <span class='ocrx_word' id='word_1_582' title='bbox 3617 1460 3790 1527; x_wconf 81' lang='grc' dir='ltr'><em>λαλή-</em></span> 
     </span>
    </p>
   </div>
   <div class='ocr_carea' id='block_1_77' title="bbox 2225 1533 3789 1610">
    <p class='ocr_par' dir='ltr' id='par_1_77' title="bbox 2225 1533 3789 1610">
     <span class='ocr_line' id='line_1_77' title="bbox 2225 1533 3789 1610; baseline 0.005 -23"><span class='ocrx_word' id='word_1_583' title='bbox 2225 1549 2345 1600; x_wconf 90' lang='grc' dir='ltr'><em>σας</em></span> <span class='ocrx_word' id='word_1_584' title='bbox 2369 1533 2495 1600; x_wconf 89' lang='grc' dir='ltr'><em>τοῖς</em></span> <span class='ocrx_word' id='word_1_585' title='bbox 2517 1534 2819 1603; x_wconf 83' lang='grc' dir='ltr'><em>πατράσιν</em></span> <span class='ocrx_word' id='word_1_586' title='bbox 2842 1535 3013 1605; x_wconf 75' lang='grc' dir='ltr'><em>ἡμῶν</em></span> <span class='ocrx_word' id='word_1_587' title='bbox 3035 1538 3107 1592; x_wconf 89' lang='grc' dir='ltr'><em>ἐν</em></span> <span class='ocrx_word' id='word_1_588' title='bbox 3139 1538 3265 1605; x_wconf 89' lang='grc' dir='ltr'><em>τοῖς</em></span> <span class='ocrx_word' id='word_1_589' title='bbox 3301 1540 3634 1610; x_wconf 69' lang='grc' dir='ltr'><em>προφήταις</em></span> <span class='ocrx_word' id='word_1_590' title='bbox 3649 1581 3663 1605; x_wconf 93' lang='grc'><em>,</em></span> <span class='ocrx_word' id='word_1_591' title='bbox 3700 1542 3789 1595; x_wconf 81' lang='grc' dir='ltr'><em>ἐπ’</em></span> 
     </span>
    </p>
   </div>
   <div class='ocr_carea' id='block_1_78' title="bbox 2220 1616 3785 1693">
    <p class='ocr_par' dir='ltr' id='par_1_78' title="bbox 2220 1616 3785 1693">
     <span class='ocr_line' id='line_1_78' title="bbox 2220 1616 3785 1693; baseline 0.005 -22"><span class='ocrx_word' id='word_1_592' title='bbox 2220 1616 2498 1686; x_wconf 83' lang='grc' dir='ltr'><em>ἐσχάτων</em></span> <span class='ocrx_word' id='word_1_593' title='bbox 2550 1618 2672 1672; x_wconf 87' lang='grc' dir='ltr'><em>τῶν</em></span> <span class='ocrx_word' id='word_1_594' title='bbox 2720 1619 2957 1689; x_wconf 74' lang='grc' dir='ltr'><em>ἡμερῶν</em></span> <span class='ocrx_word' id='word_1_595' title='bbox 3010 1620 3320 1688; x_wconf 81' lang='grc' dir='ltr'><em>ἐλάλησεν</em></span> <span class='ocrx_word' id='word_1_596' title='bbox 3360 1623 3507 1693; x_wconf 72' lang='grc' dir='ltr'><em>ἡμῖν</em></span> <span class='ocrx_word' id='word_1_597' title='bbox 3545 1625 3614 1678; x_wconf 88' lang='grc' dir='ltr'><em>ἐν</em></span> <span class='ocrx_word' id='word_1_598' title='bbox 3663 1622 3785 1690; x_wconf 78' lang='grc' dir='ltr'><em>Υἱῷ.</em></span> 
     </span>
    </p>
   </div>
   <div class='ocr_carea' id='block_1_79' title="bbox 2221 1700 3784 1776">
    <p class='ocr_par' dir='ltr' id='par_1_79' title="bbox 2221 1700 3784 1776">
     <span class='ocr_line' id='line_1_79' title="bbox 2221 1700 3784 1776; baseline 0.004 -21"><span class='ocrx_word' id='word_1_599' title='bbox 2221 1701 2502 1765; x_wconf 85' lang='grc' dir='ltr'><em>Τουτέστι,</em></span> <span class='ocrx_word' id='word_1_600' title='bbox 2521 1702 2585 1755; x_wconf 84' lang='grc' dir='ltr'><em>δι’</em></span> <span class='ocrx_word' id='word_1_601' title='bbox 2612 1700 2758 1755; x_wconf 81' lang='grc' dir='ltr'><em>Υίοῦ.</em></span> <span class='ocrx_word' id='word_1_602' title='bbox 2787 1702 2897 1756; x_wconf 87' lang='grc' dir='ltr'><em>Τὸν</em></span> <span class='ocrx_word' id='word_1_603' title='bbox 2924 1703 3128 1771; x_wconf 89' lang='grc' dir='ltr'><em>λόγον,</em></span> <span class='ocrx_word' id='word_1_604' title='bbox 3157 1706 3309 1773; x_wconf 72' lang='grc' dir='ltr'><em>φησὶ,</em></span> <span class='ocrx_word' id='word_1_605' title='bbox 3341 1706 3454 1773; x_wconf 84' lang='grc' dir='ltr'><em>τῆς</em></span> <span class='ocrx_word' id='word_1_606' title='bbox 3474 1708 3753 1776; x_wconf 81' lang='grc' dir='ltr'><em>ἀληθείας</em></span> <span class='ocrx_word' id='word_1_607' title='bbox 3771 1725 3784 1739; x_wconf 90' lang='grc'><strong>·</strong></span> 
     </span>
    </p>
   </div>
   <div class='ocr_carea' id='block_1_80' title="bbox 2222 1784 3515 1857">
    <p class='ocr_par' dir='ltr' id='par_1_80' title="bbox 2222 1784 3515 1857">
     <span class='ocr_line' id='line_1_80' title="bbox 2222 1784 3515 1857; baseline 0.005 -20"><span class='ocrx_word' id='word_1_608' title='bbox 2222 1785 2413 1838; x_wconf 82' lang='grc' dir='ltr'><em>οὐκέτι</em></span> <span class='ocrx_word' id='word_1_609' title='bbox 2444 1784 2535 1837; x_wconf 90' lang='grc' dir='ltr'><em>τὸν</em></span> <span class='ocrx_word' id='word_1_610' title='bbox 2563 1784 2655 1839; x_wconf 88' lang='grc' dir='ltr'><em>τοῦ</em></span> <span class='ocrx_word' id='word_1_611' title='bbox 2682 1784 2873 1853; x_wconf 87' lang='grc' dir='ltr'><em>τύπου,</em></span> <span class='ocrx_word' id='word_1_612' title='bbox 2902 1787 3023 1840; x_wconf 71' lang='grc' dir='ltr'><em>οὐδὲ</em></span> <span class='ocrx_word' id='word_1_613' title='bbox 3044 1788 3135 1841; x_wconf 88' lang='grc' dir='ltr'><em>τὸν</em></span> <span class='ocrx_word' id='word_1_614' title='bbox 3157 1788 3258 1857; x_wconf 84' lang='grc' dir='ltr'><em>τῆς</em></span> <span class='ocrx_word' id='word_1_615' title='bbox 3288 1789 3515 1853; x_wconf 73' lang='grc' dir='ltr'><em>εἰκόνος.</em></span> 
     </span>
    </p>
   </div>
   <div class='ocr_carea' id='block_1_81' title="bbox 2297 1953 3788 2027">
    <p class='ocr_par' dir='ltr' id='par_1_81' title="bbox 2297 1953 3788 2027">
     <span class='ocr_line' id='line_1_81' title="bbox 2297 1953 3788 2027; baseline 0.003 -21"><span class='ocrx_word' id='word_1_616' title='bbox 2297 1953 2368 2006; x_wconf 87' lang='lat' dir='ltr'><strong>T6</strong></span> <span class='ocrx_word' id='word_1_617' title='bbox 2396 1954 2755 2024; x_wconf 62' lang='grc' dir='ltr'><em>εὐαγγέλιον</em></span> <span class='ocrx_word' id='word_1_618' title='bbox 2778 1954 2889 2023; x_wconf 86' lang='grc' dir='ltr'><em>τῆς</em></span> <span class='ocrx_word' id='word_1_619' title='bbox 2910 1957 3211 2027; x_wconf 88' lang='grc' dir='ltr'><em>σωτηρίας</em></span> <span class='ocrx_word' id='word_1_620' title='bbox 3245 1954 3433 2026; x_wconf 75' lang='grc' dir='ltr'><em>ἡμῶν.</em></span> <span class='ocrx_word' id='word_1_621' title='bbox 3465 1958 3579 2011; x_wconf 73' lang='grc' dir='ltr'><em>Καὶ</em></span> <span class='ocrx_word' id='word_1_622' title='bbox 3614 1958 3788 2022; x_wconf 85' lang='grc' dir='ltr'><em>καλῶς</em></span> 
     </span>
    </p>
   </div>
   <div class='ocr_carea' id='block_1_82' title="bbox 2220 2034 3788 2111">
    <p class='ocr_par' dir='ltr' id='par_1_82' title="bbox 2220 2034 3788 2111">
     <span class='ocr_line' id='line_1_82' title="bbox 2220 2034 3788 2111; baseline 0.003 -22"><span class='ocrx_word' id='word_1_623' title='bbox 2220 2034 2541 2103; x_wconf 78' lang='grc' dir='ltr'><em>εὐαγγέλιον</em></span> <span class='ocrx_word' id='word_1_624' title='bbox 2583 2035 2716 2089; x_wconf 78' lang='grc' dir='ltr'><em>αὐτὸ</em></span> <span class='ocrx_word' id='word_1_625' title='bbox 2768 2038 3043 2108; x_wconf 86' lang='grc' dir='ltr'><em>σωτηρίας</em></span> <span class='ocrx_word' id='word_1_626' title='bbox 3084 2038 3259 2102; x_wconf 88' lang='grc' dir='ltr'><em>καλεῖ,</em></span> <span class='ocrx_word' id='word_1_627' title='bbox 3284 2039 3348 2092; x_wconf 91' lang='grc' dir='ltr'><em>τὸ</em></span> <span class='ocrx_word' id='word_1_628' title='bbox 3411 2036 3509 2109; x_wconf 67' lang='grc' dir='ltr'><em>μὲν</em></span> <span class='ocrx_word' id='word_1_629' title='bbox 3532 2039 3668 2111; x_wconf 84' lang='grc' dir='ltr'><em>πρὸς</em></span> <span class='ocrx_word' id='word_1_630' title='bbox 3698 2042 3788 2093; x_wconf 84' lang='grc' dir='ltr'><em>τὸν</em></span> 
     </span>
    </p>
   </div>
   <div class='ocr_carea' id='block_1_83' title="bbox 2218 2119 3785 2193">
    <p class='ocr_par' dir='ltr' id='par_1_83' title="bbox 2218 2119 3785 2193">
     <span class='ocr_line' id='line_1_83' title="bbox 2218 2119 3785 2193; baseline 0.003 -21"><span class='ocrx_word' id='word_1_631' title='bbox 2218 2119 2383 2189; x_wconf 88' lang='grc' dir='ltr'><em>νόμον</em></span> <span class='ocrx_word' id='word_1_632' title='bbox 2444 2119 2839 2190; x_wconf 79' lang='grc' dir='ltr'><em>αἰνιττόμενος,</em></span> <span class='ocrx_word' id='word_1_633' title='bbox 2874 2120 2936 2173; x_wconf 85' lang='grc' dir='ltr'><em>τὸ</em></span> <span class='ocrx_word' id='word_1_634' title='bbox 2995 2120 3053 2174; x_wconf 89' lang='lat'><em>66</em></span> <span class='ocrx_word' id='word_1_635' title='bbox 3078 2120 3215 2193; x_wconf 90' lang='grc' dir='ltr'><em>πρὸς</em></span> <span class='ocrx_word' id='word_1_636' title='bbox 3241 2122 3342 2193; x_wconf 83' lang='grc' dir='ltr'><em>τὴν</em></span> <span class='ocrx_word' id='word_1_637' title='bbox 3378 2121 3679 2192; x_wconf 89' lang='grc' dir='ltr'><em>μέλλουσαν</em></span> <span class='ocrx_word' id='word_1_638' title='bbox 3699 2124 3785 2176; x_wconf 86' lang='grc' dir='ltr'><em>κό.</em></span> 
     </span>
    </p>
   </div>
   <div class='ocr_carea' id='block_1_84' title="bbox 2216 2200 3787 2277">
    <p class='ocr_par' dir='ltr' id='par_1_84' title="bbox 2216 2200 3787 2277">
     <span class='ocr_line' id='line_1_84' title="bbox 2216 2200 3787 2277; baseline 0.003 -24"><span class='ocrx_word' id='word_1_639' title='bbox 2216 2200 2389 2254; x_wconf 90' lang='grc' dir='ltr'><em>λασιν.</em></span> <span class='ocrx_word' id='word_1_640' title='bbox 2427 2200 2591 2254; x_wconf 81' lang='grc' dir='ltr'><em>Οὐδὲν</em></span> <span class='ocrx_word' id='word_1_641' title='bbox 2627 2202 2736 2273; x_wconf 85' lang='grc' dir='ltr'><em>γὰρ</em></span> <span class='ocrx_word' id='word_1_642' title='bbox 2764 2202 2891 2256; x_wconf 81' lang='grc' dir='ltr'><em>ἄλλο</em></span> <span class='ocrx_word' id='word_1_643' title='bbox 2918 2202 3037 2255; x_wconf 80' lang='grc' dir='ltr'><em>ἐστὶ</em></span> <span class='ocrx_word' id='word_1_644' title='bbox 3068 2203 3126 2256; x_wconf 86' lang='grc' dir='ltr'><em>τὸ</em></span> <span class='ocrx_word' id='word_1_645' title='bbox 3156 2204 3439 2275; x_wconf 84' lang='grc' dir='ltr'><em>κήρυγμα,</em></span> <span class='ocrx_word' id='word_1_646' title='bbox 3468 2205 3586 2258; x_wconf 86' lang='grc' dir='ltr'><em>ἀλλ’</em></span> <span class='ocrx_word' id='word_1_647' title='bbox 3624 2206 3656 2277; x_wconf 82' lang='grc' dir='ltr'>ἢ</span> <span class='ocrx_word' id='word_1_648' title='bbox 3686 2223 3787 2259; x_wconf 74' lang='grc' dir='ltr'><em>σωο</em></span> 
     </span>
    </p>
   </div>
   <div class='ocr_carea' id='block_1_85' title="bbox 2214 2284 3784 2355">
    <p class='ocr_par' dir='ltr' id='par_1_85' title="bbox 2214 2284 3784 2355">
     <span class='ocr_line' id='line_1_85' title="bbox 2214 2284 3784 2355; baseline 0.002 -18"><span class='ocrx_word' id='word_1_649' title='bbox 2214 2285 2413 2355; x_wconf 85' lang='grc' dir='ltr'><em>τηρίας</em></span> <span class='ocrx_word' id='word_1_650' title='bbox 2446 2284 2783 2352; x_wconf 79' lang='grc' dir='ltr'><em>εὐαγγέλιον,</em></span> <span class='ocrx_word' id='word_1_651' title='bbox 2823 2286 2905 2337; x_wconf 84' lang='grc' dir='ltr'><em>ὅτι</em></span> <span class='ocrx_word' id='word_1_652' title='bbox 2938 2284 3068 2348; x_wconf 82' lang='grc' dir='ltr'><em>τοὺς</em></span> <span class='ocrx_word' id='word_1_653' title='bbox 3096 2285 3283 2351; x_wconf 81' lang='grc' dir='ltr'><em>ἀξίους</em></span> <span class='ocrx_word' id='word_1_654' title='bbox 3339 2288 3675 2342; x_wconf 84' lang='grc' dir='ltr'><em>ἀπόλλυσθαι</em></span> <span class='ocrx_word' id='word_1_655' title='bbox 3700 2288 3784 2340; x_wconf 89' lang='lat'><strong>06-</strong></span> 
     </span>
    </p>
   </div>
   <div class='ocr_carea' id='block_1_86' title="bbox 2215 2360 3784 2440">
    <p class='ocr_par' dir='ltr' id='par_1_86' title="bbox 2215 2360 3784 2440">
     <span class='ocr_line' id='line_1_86' title="bbox 2215 2360 3784 2440; baseline 0.003 -20"><span class='ocrx_word' id='word_1_656' title='bbox 2215 2368 2333 2420; x_wconf 84' lang='grc' dir='ltr'><em>κέτι</em></span> <span class='ocrx_word' id='word_1_657' title='bbox 2358 2366 2670 2421; x_wconf 88' lang='grc' dir='ltr'><em>ἀπόλλυσιν.</em></span> <span class='ocrx_word' id='word_1_658' title='bbox 2716 2368 2820 2420; x_wconf 88' lang='grc' dir='ltr'><em>Ἐν</em></span> <span class='ocrx_word' id='word_1_659' title='bbox 2845 2360 2893 2434; x_wconf 83' lang='grc' dir='ltr'>ᾧ</span> <span class='ocrx_word' id='word_1_660' title='bbox 2920 2367 3021 2421; x_wconf 77' lang='grc' dir='ltr'><em>καὶ</em></span> <span class='ocrx_word' id='word_1_661' title='bbox 3046 2369 3483 2434; x_wconf 87' lang='grc' dir='ltr'><em>πιστεύσαντες</em></span> <span class='ocrx_word' id='word_1_662' title='bbox 3502 2370 3784 2440; x_wconf 70' lang='grc' dir='ltr'><em>ἐσφραγί-</em></span> 
     </span>
    </p>
   </div>
   <div class='ocr_carea' id='block_1_87' title="bbox 2213 2448 3785 2524">
    <p class='ocr_par' dir='ltr' id='par_1_87' title="bbox 2213 2448 3785 2524">
     <span class='ocr_line' id='line_1_87' title="bbox 2213 2448 3785 2524; baseline 0.001 -20"><span class='ocrx_word' id='word_1_663' title='bbox 2213 2456 2398 2518; x_wconf 87' lang='grc' dir='ltr'><em>σθητε</em></span> <span class='ocrx_word' id='word_1_664' title='bbox 2421 2452 2491 2505; x_wconf 87' lang='grc' dir='ltr'><em>ἐν</em></span> <span class='ocrx_word' id='word_1_665' title='bbox 2526 2448 2603 2516; x_wconf 79' lang='grc' dir='ltr'><em>τῷ</em></span> <span class='ocrx_word' id='word_1_666' title='bbox 2636 2452 2938 2522; x_wconf 84' lang='grc' dir='ltr'><em>Πνεύματι</em></span> <span class='ocrx_word' id='word_1_667' title='bbox 2977 2451 3089 2522; x_wconf 82' lang='grc' dir='ltr'><em>τῆς</em></span> <span class='ocrx_word' id='word_1_668' title='bbox 3124 2453 3488 2524; x_wconf 82' lang='grc' dir='ltr'><em>ἐπαγγελίας</em></span> <span class='ocrx_word' id='word_1_669' title='bbox 3514 2452 3592 2519; x_wconf 84' lang='grc' dir='ltr'><em>τῷ</em></span> <span class='ocrx_word' id='word_1_670' title='bbox 3617 2455 3785 2524; x_wconf 85' lang='grc' dir='ltr'><em>ἁγίῳ,</em></span> 
     </span>
    </p>
   </div>
   <div class='ocr_carea' id='block_1_88' title="bbox 2213 2534 3786 2606">
    <p class='ocr_par' dir='ltr' id='par_1_88' title="bbox 2213 2534 3786 2606">
     <span class='ocr_line' id='line_1_88' title="bbox 2213 2534 3786 2606; baseline 0.001 -18"><span class='ocrx_word' id='word_1_671' title='bbox 2213 2535 2280 2600; x_wconf 84' lang='grc' dir='ltr'><em>ὅς</em></span> <span class='ocrx_word' id='word_1_672' title='bbox 2301 2535 2471 2588; x_wconf 89' lang='grc' dir='ltr'><em>ἐστιν</em></span> <span class='ocrx_word' id='word_1_673' title='bbox 2494 2534 2767 2603; x_wconf 75' lang='grc' dir='ltr'><em>ἀρραϐὼν</em></span> <span class='ocrx_word' id='word_1_674' title='bbox 2798 2534 2909 2603; x_wconf 83' lang='grc' dir='ltr'><em>τῆς</em></span> <span class='ocrx_word' id='word_1_675' title='bbox 2952 2537 3351 2606; x_wconf 83' lang='grc' dir='ltr'><em>κληρονομίας</em></span> <span class='ocrx_word' id='word_1_676' title='bbox 3397 2536 3584 2606; x_wconf 73' lang='grc' dir='ltr'><em>ἡμῶν.</em></span> <span class='ocrx_word' id='word_1_677' title='bbox 3618 2538 3786 2590; x_wconf 88' lang='grc' dir='ltr'><em>Πάλιν</em></span> 
     </span>
    </p>
   </div>
   <div class='ocr_carea' id='block_1_89' title="bbox 2212 2618 3787 2690">
    <p class='ocr_par' dir='ltr' id='par_1_89' title="bbox 2212 2618 3787 2690">
     <span class='ocr_line' id='line_1_89' title="bbox 2212 2618 3787 2690; baseline 0 -18"><span class='ocrx_word' id='word_1_678' title='bbox 2212 2619 2415 2689; x_wconf 80' lang='grc' dir='ltr'><em>πολλῆς</em></span> <span class='ocrx_word' id='word_1_679' title='bbox 2450 2619 2710 2690; x_wconf 82' lang='grc' dir='ltr'><em>προνοίας</em></span> <span class='ocrx_word' id='word_1_680' title='bbox 2759 2618 2960 2689; x_wconf 85' lang='grc' dir='ltr'><em>δεῖγμα</em></span> <span class='ocrx_word' id='word_1_681' title='bbox 3000 2619 3060 2672; x_wconf 88' lang='grc' dir='ltr'><em>τὸ</em></span> <span class='ocrx_word' id='word_1_682' title='bbox 3115 2619 3555 2690; x_wconf 85' lang='grc' dir='ltr'><em>σφραγισθῆναι,</em></span> <span class='ocrx_word' id='word_1_683' title='bbox 3609 2620 3671 2673; x_wconf 92' lang='lat'><em>06</em></span> <span class='ocrx_word' id='word_1_684' title='bbox 3726 2620 3787 2672; x_wconf 89' lang='lat'><em>16</em></span> 
     </span>
    </p>
   </div>
   <div class='ocr_carea' id='block_1_90' title="bbox 2209 2701 3785 2775">
    <p class='ocr_par' dir='ltr' id='par_1_90' title="bbox 2209 2701 3785 2775">
     <span class='ocr_line' id='line_1_90' title="bbox 2209 2701 3785 2775; baseline 0.001 -20"><span class='ocrx_word' id='word_1_685' title='bbox 2209 2701 2739 2775; x_wconf 83' lang='grc' dir='ltr'><em>ἀφορισθῆναι,οὺδέ</em></span> <span class='ocrx_word' id='word_1_686' title='bbox 2793 2702 2855 2755; x_wconf 88' lang='lat'><em>16</em></span> <span class='ocrx_word' id='word_1_687' title='bbox 2898 2702 3247 2773; x_wconf 82' lang='grc' dir='ltr'><em>κληρωθῆναι</em></span> <span class='ocrx_word' id='word_1_688' title='bbox 3294 2704 3475 2773; x_wconf 87' lang='grc' dir='ltr'><em>μόνον,</em></span> <span class='ocrx_word' id='word_1_689' title='bbox 3516 2702 3654 2756; x_wconf 82' lang='grc' dir='ltr'><em>ἀλλὰ</em></span> <span class='ocrx_word' id='word_1_690' title='bbox 3693 2705 3785 2756; x_wconf 73' lang='grc' dir='ltr'><em>καὶ</em></span> 
     </span>
    </p>
   </div>
   <div class='ocr_carea' id='block_1_91' title="bbox 2208 2783 3785 2856">
    <p class='ocr_par' dir='ltr' id='par_1_91' title="bbox 2208 2783 3785 2856">
     <span class='ocr_line' id='line_1_91' title="bbox 2208 2783 3785 2856; baseline 0.001 -19"><span class='ocrx_word' id='word_1_691' title='bbox 2208 2785 2270 2838; x_wconf 88' lang='lat'><em>16</em></span> <span class='ocrx_word' id='word_1_692' title='bbox 2303 2784 2726 2856; x_wconf 82' lang='grc' dir='ltr'><em>σφραγισθῆναι.</em></span> <span class='ocrx_word' id='word_1_693' title='bbox 2764 2783 3033 2855; x_wconf 85' lang='grc' dir='ltr'><em>Καθάπερ</em></span> <span class='ocrx_word' id='word_1_694' title='bbox 3064 2785 3171 2856; x_wconf 83' lang='grc' dir='ltr'><em>γὰρ</em></span> <span class='ocrx_word' id='word_1_695' title='bbox 3198 2784 3356 2849; x_wconf 76' lang='grc' dir='ltr'><em>εἴτις</em></span> <span class='ocrx_word' id='word_1_696' title='bbox 3374 2787 3499 2848; x_wconf 80' lang='grc' dir='ltr'><em>τοὺς</em></span> <span class='ocrx_word' id='word_1_697' title='bbox 3521 2784 3785 2856; x_wconf 82' lang='grc' dir='ltr'><em>λαχόντας</em></span> 
     </span>
    </p>
   </div>
   <div class='ocr_carea' id='block_1_92' title="bbox 2208 2868 3784 2940">
    <p class='ocr_par' dir='ltr' id='par_1_92' title="bbox 2208 2868 3784 2940">
     <span class='ocr_line' id='line_1_92' title="bbox 2208 2868 3784 2940; baseline 0.001 -18"><span class='ocrx_word' id='word_1_698' title='bbox 2208 2869 2359 2939; x_wconf 76' lang='grc' dir='ltr'><em>αὐτῷ</em></span> <span class='ocrx_word' id='word_1_699' title='bbox 2400 2868 2594 2938; x_wconf 85' lang='grc' dir='ltr'><em>δήλους</em></span> <span class='ocrx_word' id='word_1_700' title='bbox 2636 2868 2937 2939; x_wconf 86' lang='grc' dir='ltr'><em>ποιήσειεν,</em></span> <span class='ocrx_word' id='word_1_701' title='bbox 2984 2868 3127 2922; x_wconf 77' lang='grc' dir='ltr'><em>οὕτω</em></span> <span class='ocrx_word' id='word_1_702' title='bbox 3169 2870 3311 2922; x_wconf 81' lang='grc' dir='ltr'><em>καὶὸ</em></span> <span class='ocrx_word' id='word_1_703' title='bbox 3339 2870 3470 2933; x_wconf 83' lang='grc' dir='ltr'><em>Θεὸς</em></span> <span class='ocrx_word' id='word_1_704' title='bbox 3506 2870 3784 2940; x_wconf 86' lang='grc' dir='ltr'><em>ἀφώρισεν</em></span> 
     </span>
    </p>
   </div>
   <div class='ocr_carea' id='block_1_93' title="bbox 2208 2951 3785 3025">
    <p class='ocr_par' dir='ltr' id='par_1_93' title="bbox 2208 2951 3785 3025">
     <span class='ocr_line' id='line_1_93' title="bbox 2208 2951 3785 3025; baseline 0.003 -21"><span class='ocrx_word' id='word_1_705' title='bbox 2208 2955 2285 3016; x_wconf 79' lang='grc' dir='ltr'><em>εἰς</em></span> <span class='ocrx_word' id='word_1_706' title='bbox 2316 2952 2377 3003; x_wconf 91' lang='grc' dir='ltr'><em>τὸ</em></span> <span class='ocrx_word' id='word_1_707' title='bbox 2410 2951 2719 3017; x_wconf 88' lang='grc' dir='ltr'><em>πιστεῦσαι,</em></span> <span class='ocrx_word' id='word_1_708' title='bbox 2778 2952 3115 3021; x_wconf 78' lang='grc' dir='ltr'><em>ἐσφράγισεν</em></span> <span class='ocrx_word' id='word_1_709' title='bbox 3161 2954 3242 3017; x_wconf 85' lang='grc' dir='ltr'><em>είς</em></span> <span class='ocrx_word' id='word_1_710' title='bbox 3284 2952 3344 3005; x_wconf 92' lang='grc' dir='ltr'><em>τὸ</em></span> <span class='ocrx_word' id='word_1_711' title='bbox 3374 2953 3785 3025; x_wconf 81' lang='grc' dir='ltr'><em>κληρονομῆσαι</em></span> 
     </span>
    </p>
   </div>
   <div class='ocr_carea' id='block_1_94' title="bbox 2206 3034 2595 3105">
    <p class='ocr_par' dir='ltr' id='par_1_94' title="bbox 2206 3034 2595 3105">
     <span class='ocr_line' id='line_1_94' title="bbox 2206 3034 2595 3105; baseline -0.003 -18"><span class='ocrx_word' id='word_1_712' title='bbox 2206 3037 2276 3089; x_wconf 84' lang='grc' dir='ltr'><em>τὰ</em></span> <span class='ocrx_word' id='word_1_713' title='bbox 2311 3034 2595 3105; x_wconf 83' lang='grc' dir='ltr'><em>μέλλοντα.</em></span> 
     </span>
    </p>
   </div>
   <div class='ocr_carea' id='block_1_95' title="bbox 2276 3198 3784 3273">
    <p class='ocr_par' dir='ltr' id='par_1_95' title="bbox 2276 3198 3784 3273">
     <span class='ocr_line' id='line_1_95' title="bbox 2276 3198 3784 3273; baseline 0.003 -22"><span class='ocrx_word' id='word_1_714' title='bbox 2276 3198 2342 3269; x_wconf 85' lang='grc' dir='ltr'><em>β’.</em></span> <span class='ocrx_word' id='word_1_715' title='bbox 2384 3200 2547 3271; x_wconf 82' lang='grc' dir='ltr'><em>Ὁρᾷς</em></span> <span class='ocrx_word' id='word_1_716' title='bbox 2577 3198 2714 3264; x_wconf 86' lang='grc' dir='ltr'><em>πῶς,</em></span> <span class='ocrx_word' id='word_1_717' title='bbox 2752 3199 3032 3271; x_wconf 80' lang='grc' dir='ltr'><em>προϊόντος</em></span> <span class='ocrx_word' id='word_1_718' title='bbox 3052 3198 3147 3253; x_wconf 89' lang='grc' dir='ltr'><em>τοῦ</em></span> <span class='ocrx_word' id='word_1_719' title='bbox 3194 3199 3405 3271; x_wconf 89' lang='grc' dir='ltr'><em>χρόνου,</em></span> <span class='ocrx_word' id='word_1_720' title='bbox 3436 3200 3784 3273; x_wconf 83' lang='grc' dir='ltr'><em>θαυμαστοὺς</em></span> 
     </span>
    </p>
   </div>
   <div class='ocr_carea' id='block_1_96' title="bbox 2204 3280 3861 3357">
    <p class='ocr_par' dir='ltr' id='par_1_96' title="bbox 2204 3280 3861 3357">
     <span class='ocr_line' id='line_1_96' title="bbox 2204 3280 3861 3357; baseline 0.002 -20"><span class='ocrx_word' id='word_1_721' title='bbox 2204 3284 2403 3347; x_wconf 83' lang='grc' dir='ltr'><em>αὐτοὺς</em></span> <span class='ocrx_word' id='word_1_722' title='bbox 2425 3287 2569 3337; x_wconf 89' lang='grc' dir='ltr'><em>ποιεῖ</em></span> <span class='ocrx_word' id='word_1_723' title='bbox 2599 3300 2612 3348; x_wconf 91' lang='grc'><strong>;</strong></span> <span class='ocrx_word' id='word_1_724' title='bbox 2646 3284 2789 3347; x_wconf 89' lang='grc' dir='ltr'><em>Ἕως</em></span> <span class='ocrx_word' id='word_1_725' title='bbox 2827 3284 2924 3354; x_wconf 85' lang='grc' dir='ltr'><em>μὲν</em></span> <span class='ocrx_word' id='word_1_726' title='bbox 2956 3283 3063 3354; x_wconf 85' lang='grc' dir='ltr'><em>γάρ</em></span> <span class='ocrx_word' id='word_1_727' title='bbox 3093 3280 3235 3356; x_wconf 77' lang='grc' dir='ltr'><em>ἦσαν</em></span> <span class='ocrx_word' id='word_1_728' title='bbox 3264 3286 3322 3337; x_wconf 87' lang='grc' dir='ltr'><em>ἐν</em></span> <span class='ocrx_word' id='word_1_729' title='bbox 3356 3288 3421 3356; x_wconf 82' lang='grc' dir='ltr'><em>τῇ</em></span> <span class='ocrx_word' id='word_1_730' title='bbox 3446 3285 3780 3356; x_wconf 84' lang='grc' dir='ltr'><em>προγνώσει,</em></span> <span class='ocrx_word' id='word_1_731' title='bbox 3856 3354 3861 3357; x_wconf 89' lang='lat'>_</span> 
     </span>
    </p>
   </div>
   <div class='ocr_carea' id='block_1_97' title="bbox 2203 3362 3782 3441">
    <p class='ocr_par' dir='ltr' id='par_1_97' title="bbox 2203 3362 3782 3441">
     <span class='ocr_line' id='line_1_97' title="bbox 2203 3362 3782 3441; baseline 0.003 -20"><span class='ocrx_word' id='word_1_732' title='bbox 2203 3367 2377 3421; x_wconf 69' lang='grc' dir='ltr'><em>οὐδενὶ</em></span> <span class='ocrx_word' id='word_1_733' title='bbox 2414 3362 2553 3439; x_wconf 79' lang='grc' dir='ltr'><em>ἦσαν</em></span> <span class='ocrx_word' id='word_1_734' title='bbox 2585 3366 2731 3438; x_wconf 80' lang='grc' dir='ltr'><em>δῆλοι</em></span> <span class='ocrx_word' id='word_1_735' title='bbox 2764 3382 2779 3398; x_wconf 72' lang='grc'><strong>⁸</strong></span> <span class='ocrx_word' id='word_1_736' title='bbox 2813 3366 3000 3438; x_wconf 82' lang='grc' dir='ltr'><em>ἐπειδὴ</em></span> <span class='ocrx_word' id='word_1_737' title='bbox 3027 3367 3083 3420; x_wconf 85' lang='grc' dir='ltr'><em>δὲ</em></span> <span class='ocrx_word' id='word_1_738' title='bbox 3113 3368 3588 3441; x_wconf 84' lang='grc' dir='ltr'><em>ἐσφραγίσθησαν,</em></span> <span class='ocrx_word' id='word_1_739' title='bbox 3627 3370 3782 3441; x_wconf 84' lang='grc' dir='ltr'><em>δῆλοι</em></span> 
     </span>
    </p>
   </div>
   <div class='ocr_carea' id='block_1_98' title="bbox 2203 3450 3780 3527">
    <p class='ocr_par' dir='ltr' id='par_1_98' title="bbox 2203 3450 3780 3527">
     <span class='ocr_line' id='line_1_98' title="bbox 2203 3450 3780 3527; baseline 0.003 -24"><span class='ocrx_word' id='word_1_740' title='bbox 2203 3450 2633 3520; x_wconf 77' lang='grc' dir='ltr'><em>γεγόνασιν,ἁλλ’</em></span> <span class='ocrx_word' id='word_1_741' title='bbox 2664 3453 2761 3522; x_wconf 82' lang='grc' dir='ltr'><em>οὐχ</em></span> <span class='ocrx_word' id='word_1_742' title='bbox 2783 3450 2858 3514; x_wconf 86' lang='grc' dir='ltr'><em>ὡς</em></span> <span class='ocrx_word' id='word_1_743' title='bbox 2889 3453 3080 3522; x_wconf 80' lang='grc' dir='ltr'><em>ἡμεῖς’</em></span> <span class='ocrx_word' id='word_1_744' title='bbox 3110 3451 3323 3505; x_wconf 77' lang='grc' dir='ltr'><em>ἔσονται</em></span> <span class='ocrx_word' id='word_1_745' title='bbox 3352 3452 3461 3523; x_wconf 86' lang='grc' dir='ltr'><em>γὰρ</em></span> <span class='ocrx_word' id='word_1_746' title='bbox 3489 3452 3604 3526; x_wconf 78' lang='grc' dir='ltr'><em>[Η]</em></span> <span class='ocrx_word' id='word_1_747' title='bbox 3638 3454 3780 3527; x_wconf 80' lang='grc' dir='ltr'><em>πλὴν</em></span> 
     </span>
    </p>
   </div>
   <div class='ocr_carea' id='block_1_99' title="bbox 2200 3534 3781 3608">
    <p class='ocr_par' dir='ltr' id='par_1_99' title="bbox 2200 3534 3781 3608">
     <span class='ocr_line' id='line_1_99' title="bbox 2200 3534 3781 3608; baseline 0.003 -23"><span class='ocrx_word' id='word_1_748' title='bbox 2200 3536 2397 3603; x_wconf 83' lang='grc' dir='ltr'><em>ὀλίγων</em></span> <span class='ocrx_word' id='word_1_749' title='bbox 2446 3534 2615 3605; x_wconf 85' lang='grc' dir='ltr'><em>δῆλοι.</em></span> <span class='ocrx_word' id='word_1_750' title='bbox 2655 3534 3128 3605; x_wconf 82' lang='grc' dir='ltr'><em>Ἐσφραγίσθησαν</em></span> <span class='ocrx_word' id='word_1_751' title='bbox 3178 3535 3271 3589; x_wconf 77' lang='grc' dir='ltr'><em>καὶ</em></span> <span class='ocrx_word' id='word_1_752' title='bbox 3305 3536 3352 3587; x_wconf 84' lang='grc' dir='ltr'><em>οί</em></span> <span class='ocrx_word' id='word_1_753' title='bbox 3401 3536 3781 3608; x_wconf 84' lang='grc' dir='ltr'><em>Ἰσραηλῖται,</em></span> 
     </span>
    </p>
   </div>
   <div class='ocr_carea' id='block_1_100' title="bbox 2200 3617 3783 3690">
    <p class='ocr_par' dir='ltr' id='par_1_100' title="bbox 2200 3617 3783 3690">
     <span class='ocr_line' id='line_1_100' title="bbox 2200 3617 3783 3690; baseline 0.002 -19"><span class='ocrx_word' id='word_1_754' title='bbox 2200 3617 2338 3671; x_wconf 85' lang='grc' dir='ltr'><em>ἀλλὰ</em></span> <span class='ocrx_word' id='word_1_755' title='bbox 2384 3619 2655 3690; x_wconf 82' lang='grc' dir='ltr'><em>περιτομῇ</em></span> <span class='ocrx_word' id='word_1_756' title='bbox 2684 3657 2699 3683; x_wconf 98' lang='grc'><em>,</em></span> <span class='ocrx_word' id='word_1_757' title='bbox 2734 3617 2988 3688; x_wconf 88' lang='grc' dir='ltr'><em>καθάπερ</em></span> <span class='ocrx_word' id='word_1_758' title='bbox 3018 3618 3111 3670; x_wconf 74' lang='grc' dir='ltr'><em>καὶ</em></span> <span class='ocrx_word' id='word_1_759' title='bbox 3134 3617 3204 3670; x_wconf 89' lang='grc' dir='ltr'><em>τά</em></span> <span class='ocrx_word' id='word_1_760' title='bbox 3234 3617 3559 3690; x_wconf 85' lang='grc' dir='ltr'><em>βοσκήματα</em></span> <span class='ocrx_word' id='word_1_761' title='bbox 3589 3621 3685 3675; x_wconf 73' lang='grc' dir='ltr'><em>καὶ</em></span> <span class='ocrx_word' id='word_1_762' title='bbox 3710 3622 3783 3675; x_wconf 79' lang='grc' dir='ltr'><em>τά</em></span> 
     </span>
    </p>
   </div>
   <div class='ocr_carea' id='block_1_101' title="bbox 2199 3699 3778 3772">
    <p class='ocr_par' dir='ltr' id='par_1_101' title="bbox 2199 3699 3778 3772">
     <span class='ocr_line' id='line_1_101' title="bbox 2199 3699 3778 3772; baseline 0.001 -17"><span class='ocrx_word' id='word_1_763' title='bbox 2199 3701 2369 3766; x_wconf 81' lang='grc' dir='ltr'><em>ἄλογα</em></span> <span class='ocrx_word' id='word_1_764' title='bbox 2406 3715 2420 3729; x_wconf 82' lang='lat'><strong><em>°</em></strong></span> <span class='ocrx_word' id='word_1_765' title='bbox 2459 3699 2909 3771; x_wconf 81' lang='grc' dir='ltr'><em>ἐσφραγίσθημεν</em></span> <span class='ocrx_word' id='word_1_766' title='bbox 2958 3701 3050 3753; x_wconf 82' lang='grc' dir='ltr'><em>καὶ</em></span> <span class='ocrx_word' id='word_1_767' title='bbox 3106 3702 3288 3772; x_wconf 82' lang='grc' dir='ltr'><em>ἡμεῖς,</em></span> <span class='ocrx_word' id='word_1_768' title='bbox 3352 3702 3467 3756; x_wconf 84' lang='grc' dir='ltr'><em>ἀλλ’</em></span> <span class='ocrx_word' id='word_1_769' title='bbox 3497 3702 3574 3767; x_wconf 85' lang='grc' dir='ltr'><em>ὡς</em></span> <span class='ocrx_word' id='word_1_770' title='bbox 3622 3703 3733 3756; x_wconf 73' lang='grc' dir='ltr'><em>υἱοὶ</em></span> <span class='ocrx_word' id='word_1_771' title='bbox 3761 3743 3778 3768; x_wconf 90' lang='grc'><em>,</em></span> 
     </span>
    </p>
   </div>
   <div class='ocr_carea' id='block_1_102' title="bbox 2199 3783 3781 3854">
    <p class='ocr_par' dir='ltr' id='par_1_102' title="bbox 2199 3783 3781 3854">
     <span class='ocr_line' id='line_1_102' title="bbox 2199 3783 3781 3854; baseline 0.003 -19"><span class='ocrx_word' id='word_1_772' title='bbox 2199 3783 2501 3852; x_wconf 88' lang='grc' dir='ltr'><em>Πνεύματι.</em></span> <span class='ocrx_word' id='word_1_773' title='bbox 2536 3783 2601 3834; x_wconf 88' lang='grc' dir='ltr'><em>Τί</em></span> <span class='ocrx_word' id='word_1_774' title='bbox 2650 3784 2790 3845; x_wconf 89' lang='grc' dir='ltr'><em>ἐστι,</em></span> <span class='ocrx_word' id='word_1_775' title='bbox 2844 3784 3144 3852; x_wconf 89' lang='grc' dir='ltr'><em>Πνεύματι</em></span> <span class='ocrx_word' id='word_1_776' title='bbox 3192 3785 3781 3854; x_wconf 81' lang='grc' dir='ltr'><em>ἐπαγγελίας;”Ητοι</em></span> 
     </span>
    </p>
   </div>
   <div class='ocr_carea' id='block_1_103' title="bbox 2196 3865 3783 3941">
    <p class='ocr_par' dir='ltr' id='par_1_103' title="bbox 2196 3865 3783 3941">
     <span class='ocr_line' id='line_1_103' title="bbox 2196 3865 3783 3941; baseline 0.004 -24"><span class='ocrx_word' id='word_1_777' title='bbox 2196 3865 2277 3918; x_wconf 85' lang='grc' dir='ltr'><em>ὅτι</em></span> <span class='ocrx_word' id='word_1_778' title='bbox 2320 3866 2463 3919; x_wconf 86' lang='grc' dir='ltr'><em>κατά</em></span> <span class='ocrx_word' id='word_1_779' title='bbox 2503 3866 2839 3935; x_wconf 73' lang='grc' dir='ltr'><em>ἐπαγγελίαν</em></span> <span class='ocrx_word' id='word_1_780' title='bbox 2880 3867 3011 3921; x_wconf 85' lang='grc' dir='ltr'><em>αὐτὸ</em></span> <span class='ocrx_word' id='word_1_781' title='bbox 3039 3868 3325 3938; x_wconf 77' lang='grc' dir='ltr'><em>ἐλάϐομεν.</em></span> <span class='ocrx_word' id='word_1_782' title='bbox 3358 3868 3463 3922; x_wconf 89' lang='grc' dir='ltr'><em>Δύο</em></span> <span class='ocrx_word' id='word_1_783' title='bbox 3490 3870 3596 3941; x_wconf 88' lang='grc' dir='ltr'><em>γάρ</em></span> <span class='ocrx_word' id='word_1_784' title='bbox 3635 3872 3783 3923; x_wconf 82' lang='grc' dir='ltr'><em>εἰσιν</em></span> 
     </span>
    </p>
   </div>
   <div class='ocr_carea' id='block_1_104' title="bbox 2196 3948 3783 4023">
    <p class='ocr_par' dir='ltr' id='par_1_104' title="bbox 2196 3948 3783 4023">
     <span class='ocr_line' id='line_1_104' title="bbox 2196 3948 3783 4023; baseline 0.004 -24"><span class='ocrx_word' id='word_1_785' title='bbox 2196 3948 2555 4016; x_wconf 85' lang='grc' dir='ltr'><em>ἐπαγγελίαι,</em></span> <span class='ocrx_word' id='word_1_786' title='bbox 2607 3948 2706 4019; x_wconf 86' lang='grc' dir='ltr'><em>μία</em></span> <span class='ocrx_word' id='word_1_787' title='bbox 2771 3949 2870 4020; x_wconf 77' lang='grc' dir='ltr'><em>μὲν</em></span> <span class='ocrx_word' id='word_1_788' title='bbox 2919 3950 3010 4003; x_wconf 86' lang='grc' dir='ltr'><em>διὰ</em></span> <span class='ocrx_word' id='word_1_789' title='bbox 3064 3950 3176 4004; x_wconf 84' lang='grc' dir='ltr'><em>τῶν</em></span> <span class='ocrx_word' id='word_1_790' title='bbox 3250 3953 3573 4023; x_wconf 74' lang='grc' dir='ltr'><em>προφητῶν,</em></span> <span class='ocrx_word' id='word_1_791' title='bbox 3610 3953 3783 4023; x_wconf 77' lang='grc' dir='ltr'><em>ἑτέρα</em></span> 
     </span>
    </p>
   </div>
   <div class='ocr_carea' id='block_1_105' title="bbox 2195 4030 3780 4105">
    <p class='ocr_par' dir='ltr' id='par_1_105' title="bbox 2195 4030 3780 4105">
     <span class='ocr_line' id='line_1_105' title="bbox 2195 4030 3780 4105; baseline 0.004 -22"><span class='ocrx_word' id='word_1_792' title='bbox 2195 4030 2253 4083; x_wconf 90' lang='lat'><em>66</em></span> <span class='ocrx_word' id='word_1_793' title='bbox 2306 4031 2418 4084; x_wconf 86' lang='grc' dir='ltr'><em>ἀπὸ</em></span> <span class='ocrx_word' id='word_1_794' title='bbox 2470 4030 2565 4084; x_wconf 86' lang='grc' dir='ltr'><em>τοῦ</em></span> <span class='ocrx_word' id='word_1_795' title='bbox 2618 4031 2750 4085; x_wconf 86' lang='grc' dir='ltr'><em>Υίοῦ</em></span> <span class='ocrx_word' id='word_1_796' title='bbox 2779 4048 2794 4061; x_wconf 88' lang='grc'><strong>·</strong></span> <span class='ocrx_word' id='word_1_797' title='bbox 2821 4032 2908 4084; x_wconf 84' lang='grc' dir='ltr'><em>διὰ</em></span> <span class='ocrx_word' id='word_1_798' title='bbox 2934 4032 3045 4086; x_wconf 86' lang='grc' dir='ltr'><em>τῶν</em></span> <span class='ocrx_word' id='word_1_799' title='bbox 3092 4034 3387 4105; x_wconf 85' lang='grc' dir='ltr'><em>προφητῶν</em></span> <span class='ocrx_word' id='word_1_800' title='bbox 3418 4050 3433 4066; x_wconf 85' lang='grc'><strong>·</strong></span> <span class='ocrx_word' id='word_1_801' title='bbox 3461 4035 3625 4089; x_wconf 81' lang='grc' dir='ltr'><em>ἄκουε</em></span> <span class='ocrx_word' id='word_1_802' title='bbox 3679 4037 3780 4089; x_wconf 83' lang='grc' dir='ltr'><em>τοῦ</em></span> 
     </span>
    </p>
   </div>
   <div class='ocr_carea' id='block_1_106' title="bbox 2206 4113 3781 4188">
    <p class='ocr_par' dir='ltr' id='par_1_106' title="bbox 2206 4113 3781 4188">
     <span class='ocr_line' id='line_1_106' title="bbox 2206 4113 3781 4188; baseline 0.005 -22"><span class='ocrx_word' id='word_1_803' title='bbox 2206 4113 2359 4185; x_wconf 85' lang='grc' dir='ltr'><em>Ἰωὴλ</em></span> <span class='ocrx_word' id='word_1_804' title='bbox 2403 4114 2669 4182; x_wconf 82' lang='grc' dir='ltr'><em>λέγοντος·</em></span> <span class='ocrx_word' id='word_1_805' title='bbox 2705 4114 2925 4184; x_wconf 87' lang='grc' dir='ltr'><em>Ἐκχεῶ</em></span> <span class='ocrx_word' id='word_1_806' title='bbox 2967 4116 3086 4169; x_wconf 85' lang='grc' dir='ltr'><em>ἀπὸ</em></span> <span class='ocrx_word' id='word_1_807' title='bbox 3124 4118 3232 4172; x_wconf 90' lang='grc' dir='ltr'><em>τοῦ</em></span> <span class='ocrx_word' id='word_1_808' title='bbox 3272 4119 3617 4187; x_wconf 86' lang='grc' dir='ltr'><em>Πνεύματός</em></span> <span class='ocrx_word' id='word_1_809' title='bbox 3651 4137 3781 4188; x_wconf 86' lang='grc' dir='ltr'><em>μου</em></span> 
     </span>
    </p>
   </div>
   <div class='ocr_carea' id='block_1_107' title="bbox 2193 4197 3778 4269">
    <p class='ocr_par' dir='ltr' id='par_1_107' title="bbox 2193 4197 3778 4269">
     <span class='ocr_line' id='line_1_107' title="bbox 2193 4197 3778 4269; baseline 0.004 -18"><span class='ocrx_word' id='word_1_810' title='bbox 2193 4199 2294 4251; x_wconf 82' lang='grc' dir='ltr'><em>ἐπὶ</em></span> <span class='ocrx_word' id='word_1_811' title='bbox 2340 4197 2545 4253; x_wconf 85' lang='grc' dir='ltr'><em>πᾶσαν</em></span> <span class='ocrx_word' id='word_1_812' title='bbox 2588 4198 2804 4267; x_wconf 83' lang='grc' dir='ltr'><em>σάρκα,</em></span> <span class='ocrx_word' id='word_1_813' title='bbox 2826 4199 2924 4253; x_wconf 79' lang='grc' dir='ltr'><em>καὶ</em></span> <span class='ocrx_word' id='word_1_814' title='bbox 2970 4201 3500 4269; x_wconf 70' lang='grc' dir='ltr'><em>προφητεύσουσιν</em></span> <span class='ocrx_word' id='word_1_815' title='bbox 3555 4206 3609 4257; x_wconf 77' lang='grc' dir='ltr'><em>οὶ</em></span> <span class='ocrx_word' id='word_1_816' title='bbox 3650 4204 3778 4257; x_wconf 75' lang='grc' dir='ltr'><em>υἱοὶ</em></span> 
     </span>
    </p>
   </div>
   <div class='ocr_carea' id='block_1_108' title="bbox 2195 4279 3778 4352">
    <p class='ocr_par' dir='ltr' id='par_1_108' title="bbox 2195 4279 3778 4352">
     <span class='ocr_line' id='line_1_108' title="bbox 2195 4279 3778 4352; baseline 0.004 -18"><span class='ocrx_word' id='word_1_817' title='bbox 2195 4279 2363 4350; x_wconf 84' lang='grc' dir='ltr'><em>ὑμῶν</em></span> <span class='ocrx_word' id='word_1_818' title='bbox 2398 4282 2498 4335; x_wconf 78' lang='grc' dir='ltr'><em>καὶ</em></span> <span class='ocrx_word' id='word_1_819' title='bbox 2533 4284 2594 4335; x_wconf 80' lang='grc' dir='ltr'><em>αι</em></span> <span class='ocrx_word' id='word_1_820' title='bbox 2646 4280 2964 4351; x_wconf 72' lang='grc' dir='ltr'><em>θυγατέρες</em></span> <span class='ocrx_word' id='word_1_821' title='bbox 3012 4282 3198 4352; x_wconf 81' lang='grc' dir='ltr'><em>ὑμῶν,</em></span> <span class='ocrx_word' id='word_1_822' title='bbox 3234 4286 3333 4338; x_wconf 78' lang='grc' dir='ltr'><em>καὶ</em></span> <span class='ocrx_word' id='word_1_823' title='bbox 3371 4288 3425 4339; x_wconf 86' lang='grc' dir='ltr'><em>οί</em></span> <span class='ocrx_word' id='word_1_824' title='bbox 3458 4287 3778 4340; x_wconf 86' lang='grc' dir='ltr'><em>νεανίσκοι</em></span> 
     </span>
    </p>
   </div>
   <div class='ocr_carea' id='block_1_109' title="bbox 2193 4364 3781 4440">
    <p class='ocr_par' dir='ltr' id='par_1_109' title="bbox 2193 4364 3781 4440">
     <span class='ocr_line' id='line_1_109' title="bbox 2193 4364 3781 4440; baseline 0.003 -22"><span class='ocrx_word' id='word_1_825' title='bbox 2193 4364 2360 4434; x_wconf 83' lang='grc' dir='ltr'><em>ὑμῶν</em></span> <span class='ocrx_word' id='word_1_826' title='bbox 2388 4364 2628 4433; x_wconf 84' lang='grc' dir='ltr'><em>όράσεις</em></span> <span class='ocrx_word' id='word_1_827' title='bbox 2673 4367 2926 4434; x_wconf 69' lang='grc' dir='ltr'><em>ὄψονται</em></span> <span class='ocrx_word' id='word_1_828' title='bbox 2950 4405 2965 4432; x_wconf 93' lang='grc'><em>,</em></span> <span class='ocrx_word' id='word_1_829' title='bbox 2996 4367 3096 4419; x_wconf 77' lang='grc' dir='ltr'><em>καὶ</em></span> <span class='ocrx_word' id='word_1_830' title='bbox 3116 4371 3170 4422; x_wconf 78' lang='grc' dir='ltr'><em>οὶ</em></span> <span class='ocrx_word' id='word_1_831' title='bbox 3192 4370 3578 4438; x_wconf 77' lang='grc' dir='ltr'><em>πρεσϐύτεροι</em></span> <span class='ocrx_word' id='word_1_832' title='bbox 3602 4372 3781 4440; x_wconf 72' lang='grc' dir='ltr'><em>ὑμῶν</em></span> 
     </span>
    </p>
   </div>
   <div class='ocr_carea' id='block_1_110' title="bbox 2192 4448 3777 4515">
    <p class='ocr_par' dir='ltr' id='par_1_110' title="bbox 2192 4448 3777 4515">
     <span class='ocr_line' id='line_1_110' title="bbox 2192 4448 3777 4515; baseline 0.005 -15"><span class='ocrx_word' id='word_1_833' title='bbox 2192 4448 2448 4502; x_wconf 86' lang='grc' dir='ltr'><em>ἐνύπνια</em></span> <span class='ocrx_word' id='word_1_834' title='bbox 2500 4448 3095 4515; x_wconf 82' lang='grc' dir='ltr'><em>ἐνυπνιασθήσονται</em></span> <span class='ocrx_word' id='word_1_835' title='bbox 3129 4468 3143 4482; x_wconf 78' lang='grc' dir='ltr'><strong>ο</strong></span> <span class='ocrx_word' id='word_1_836' title='bbox 3178 4452 3342 4505; x_wconf 83' lang='grc' dir='ltr'><em>ἄκουε</em></span> <span class='ocrx_word' id='word_1_837' title='bbox 3388 4452 3445 4506; x_wconf 90' lang='grc' dir='ltr'><em>δὲ</em></span> <span class='ocrx_word' id='word_1_838' title='bbox 3484 4454 3644 4508; x_wconf 87' lang='grc' dir='ltr'><em>πάλιν</em></span> <span class='ocrx_word' id='word_1_839' title='bbox 3671 4454 3777 4508; x_wconf 85' lang='grc' dir='ltr'><em>τοῦ</em></span> 
     </span>
    </p>
   </div>
   <div class='ocr_carea' id='block_1_111' title="bbox 2192 4530 3776 4605">
    <p class='ocr_par' dir='ltr' id='par_1_111' title="bbox 2192 4530 3776 4605">
     <span class='ocr_line' id='line_1_111' title="bbox 2192 4530 3776 4605; baseline 0.006 -23"><span class='ocrx_word' id='word_1_840' title='bbox 2192 4530 2430 4600; x_wconf 87' lang='grc' dir='ltr'><em>Χριστοῦ</em></span> <span class='ocrx_word' id='word_1_841' title='bbox 2474 4530 2759 4599; x_wconf 76' lang='grc' dir='ltr'><em>λέγοντοςο</em></span> <span class='ocrx_word' id='word_1_842' title='bbox 2785 4532 2898 4584; x_wconf 78' lang='grc' dir='ltr'><em>Καὶ</em></span> <span class='ocrx_word' id='word_1_843' title='bbox 2958 4533 3234 4600; x_wconf 71' lang='grc' dir='ltr'><em>λήψεσθε</em></span> <span class='ocrx_word' id='word_1_844' title='bbox 3296 4534 3553 4605; x_wconf 88' lang='grc' dir='ltr'><em>δύναμιν</em></span> <span class='ocrx_word' id='word_1_845' title='bbox 3588 4537 3776 4590; x_wconf 86' lang='grc' dir='ltr'><em>ἐπελ-</em></span> 
     </span>
    </p>
   </div>
   <div class='ocr_carea' id='block_1_112' title="bbox 2193 4613 3774 4687">
    <p class='ocr_par' dir='ltr' id='par_1_112' title="bbox 2193 4613 3774 4687">
     <span class='ocr_line' id='line_1_112' title="bbox 2193 4613 3774 4687; baseline 0.004 -19"><span class='ocrx_word' id='word_1_846' title='bbox 2193 4616 2403 4679; x_wconf 91' lang='grc' dir='ltr'><em>θόντος</em></span> <span class='ocrx_word' id='word_1_847' title='bbox 2441 4613 2548 4666; x_wconf 85' lang='grc' dir='ltr'><em>τοῦ</em></span> <span class='ocrx_word' id='word_1_848' title='bbox 2584 4614 2757 4683; x_wconf 79' lang='grc' dir='ltr'><em>ἁγίου</em></span> <span class='ocrx_word' id='word_1_849' title='bbox 2795 4616 3145 4683; x_wconf 85' lang='grc' dir='ltr'><em>Πνεύματος</em></span> <span class='ocrx_word' id='word_1_850' title='bbox 3167 4617 3260 4687; x_wconf 66' lang='grc' dir='ltr'><em>ἐφ’</em></span> <span class='ocrx_word' id='word_1_851' title='bbox 3282 4617 3457 4687; x_wconf 86' lang='grc' dir='ltr'><em>ὑμᾶς,</em></span> <span class='ocrx_word' id='word_1_852' title='bbox 3490 4621 3589 4673; x_wconf 74' lang='grc' dir='ltr'><em>καὶ</em></span> <span class='ocrx_word' id='word_1_853' title='bbox 3624 4621 3774 4674; x_wconf 81' lang='grc' dir='ltr'><em>ἔσε-</em></span> 
     </span>
    </p>
   </div>
   <div class='ocr_carea' id='block_1_113' title="bbox 2190 4694 3773 4772">
    <p class='ocr_par' dir='ltr' id='par_1_113' title="bbox 2190 4694 3773 4772">
     <span class='ocr_line' id='line_1_113' title="bbox 2190 4694 3773 4772; baseline 0.005 -23"><span class='ocrx_word' id='word_1_854' title='bbox 2190 4696 2301 4750; x_wconf 89' lang='grc' dir='ltr'><em>σθέ</em></span> <span class='ocrx_word' id='word_1_855' title='bbox 2328 4714 2427 4764; x_wconf 83' lang='grc' dir='ltr'><em>μοι</em></span> <span class='ocrx_word' id='word_1_856' title='bbox 2450 4694 2745 4764; x_wconf 83' lang='grc' dir='ltr'><em>μάρτυρες</em></span> <span class='ocrx_word' id='word_1_857' title='bbox 2761 4695 2907 4750; x_wconf 77' lang='grc' dir='ltr'><em>ἓντε</em></span> <span class='ocrx_word' id='word_1_858' title='bbox 2920 4698 3338 4769; x_wconf 84' lang='grc' dir='ltr'><em>Ἰερουσαλὴμ,</em></span> <span class='ocrx_word' id='word_1_859' title='bbox 3364 4702 3463 4756; x_wconf 84' lang='grc' dir='ltr'><em>καὶ</em></span> <span class='ocrx_word' id='word_1_860' title='bbox 3493 4702 3563 4756; x_wconf 86' lang='grc' dir='ltr'><em>ἐν</em></span> <span class='ocrx_word' id='word_1_861' title='bbox 3590 4705 3773 4772; x_wconf 76' lang='grc' dir='ltr'><em>πάσῃ</em></span> 
     </span>
    </p>
   </div>
   <div class='ocr_carea' id='block_1_114' title="bbox 2188 4778 3774 4855">
    <p class='ocr_par' dir='ltr' id='par_1_114' title="bbox 2188 4778 3774 4855">
     <span class='ocr_line' id='line_1_114' title="bbox 2188 4778 3774 4855; baseline 0.004 -23"><span class='ocrx_word' id='word_1_862' title='bbox 2188 4779 2262 4847; x_wconf 79' lang='grc' dir='ltr'><em>τῇ</em></span> <span class='ocrx_word' id='word_1_863' title='bbox 2314 4778 2572 4846; x_wconf 79' lang='grc' dir='ltr'><em>Ἰουδαίᾳ</em></span> <span class='ocrx_word' id='word_1_864' title='bbox 2607 4779 2705 4832; x_wconf 76' lang='grc' dir='ltr'><em>καὶ</em></span> <span class='ocrx_word' id='word_1_865' title='bbox 2730 4782 3044 4849; x_wconf 81' lang='grc' dir='ltr'><em>Σαμαρείᾳ,</em></span> <span class='ocrx_word' id='word_1_866' title='bbox 3084 4783 3183 4836; x_wconf 81' lang='grc' dir='ltr'><em>καὶ</em></span> <span class='ocrx_word' id='word_1_867' title='bbox 3208 4783 3325 4850; x_wconf 76' lang='grc' dir='ltr'><em>ἕως</em></span> <span class='ocrx_word' id='word_1_868' title='bbox 3360 4785 3625 4853; x_wconf 83' lang='grc' dir='ltr'><em>ἐσχάτου</em></span> <span class='ocrx_word' id='word_1_869' title='bbox 3649 4787 3774 4855; x_wconf 83' lang='grc' dir='ltr'><em>τῆς</em></span> 
     </span>
    </p>
   </div>
   <div class='ocr_carea' id='block_1_115' title="bbox 2189 4860 3773 4939">
    <p class='ocr_par' dir='ltr' id='par_1_115' title="bbox 2189 4860 3773 4939">
     <span class='ocr_line' id='line_1_115' title="bbox 2189 4860 3773 4939; baseline -0.004 -20"><span class='ocrx_word' id='word_1_870' title='bbox 2189 4860 2322 4932; x_wconf 81' lang='grc' dir='ltr'><em>γῆς.</em></span> <span class='ocrx_word' id='word_1_871' title='bbox 2361 4862 2555 4915; x_wconf 82' lang='grc' dir='ltr'><em>Καίτοι</em></span> <span class='ocrx_word' id='word_1_872' title='bbox 2590 4862 2718 4927; x_wconf 74' lang='grc' dir='ltr'><em>ἔδει,</em></span> <span class='ocrx_word' id='word_1_873' title='bbox 2752 4864 2939 4933; x_wconf 71' lang='grc' dir='ltr'><em>φησὶν,</em></span> <span class='ocrx_word' id='word_1_874' title='bbox 2970 4865 3134 4920; x_wconf 87' lang='grc' dir='ltr'><em>αὑτὸν</em></span> <span class='ocrx_word' id='word_1_875' title='bbox 3188 4867 3264 4929; x_wconf 85' lang='grc' dir='ltr'><em>ὼς</em></span> <span class='ocrx_word' id='word_1_876' title='bbox 3307 4867 3438 4920; x_wconf 81' lang='grc' dir='ltr'><em>Θεὸν</em></span> <span class='ocrx_word' id='word_1_877' title='bbox 3474 4870 3773 4939; x_wconf 76' lang='grc' dir='ltr'><em>πιστευοῆ-</em></span> 
     </span>
    </p>
   </div>
   <div class='ocr_carea' id='block_1_116' title="bbox 2190 4946 3771 5020">
    <p class='ocr_par' dir='ltr' id='par_1_116' title="bbox 2190 4946 3771 5020">
     <span class='ocr_line' id='line_1_116' title="bbox 2190 4946 3771 5020; baseline 0.004 -19"><span class='ocrx_word' id='word_1_878' title='bbox 2190 4963 2314 5001; x_wconf 89' lang='grc' dir='ltr'><em>ναι·</em></span> <span class='ocrx_word' id='word_1_879' title='bbox 2352 4946 2465 5001; x_wconf 86' lang='grc' dir='ltr'><em>ἀλλ’</em></span> <span class='ocrx_word' id='word_1_880' title='bbox 2505 4948 2605 5000; x_wconf 80' lang='lat' dir='ltr'><em>06x</em></span> <span class='ocrx_word' id='word_1_881' title='bbox 2669 4946 2778 5000; x_wconf 88' lang='grc' dir='ltr'><em>ἀπὸ</em></span> <span class='ocrx_word' id='word_1_882' title='bbox 2824 4946 3016 5000; x_wconf 86' lang='grc' dir='ltr'><em>τούτου</em></span> <span class='ocrx_word' id='word_1_883' title='bbox 3061 4948 3448 5020; x_wconf 77' lang='grc' dir='ltr'><em>διισχυρίζεται</em></span> <span class='ocrx_word' id='word_1_884' title='bbox 3474 4994 3489 5017; x_wconf 97' lang='grc'><em>,</em></span> <span class='ocrx_word' id='word_1_885' title='bbox 3530 4954 3647 5007; x_wconf 85' lang='grc' dir='ltr'><em>ἀλλ’</em></span> <span class='ocrx_word' id='word_1_886' title='bbox 3684 4956 3771 5018; x_wconf 82' lang='grc' dir='ltr'><em>ὡς</em></span> 
     </span>
    </p>
   </div>
   <div class='ocr_carea' id='block_1_117' title="bbox 2188 5028 3769 5108">
    <p class='ocr_par' dir='ltr' id='par_1_117' title="bbox 2188 5028 3769 5108">
     <span class='ocr_line' id='line_1_117' title="bbox 2188 5028 3769 5108; baseline -0.004 -24"><span class='ocrx_word' id='word_1_887' title='bbox 2188 5031 2317 5101; x_wconf 76' lang='grc' dir='ltr'><em>περὶ</em></span> <span class='ocrx_word' id='word_1_888' title='bbox 2351 5028 2639 5100; x_wconf 85' lang='grc' dir='ltr'><em>ἀνθρώπου</em></span> <span class='ocrx_word' id='word_1_889' title='bbox 2667 5028 2931 5097; x_wconf 84' lang='grc' dir='ltr'><em>ἐξετάζει,</em></span> <span class='ocrx_word' id='word_1_890' title='bbox 2962 5031 3153 5102; x_wconf 84' lang='grc' dir='ltr'><em>ὥσπερ</em></span> <span class='ocrx_word' id='word_1_891' title='bbox 3181 5034 3236 5085; x_wconf 83' lang='grc' dir='ltr'><em>ἐν</em></span> <span class='ocrx_word' id='word_1_892' title='bbox 3261 5036 3327 5103; x_wconf 84' lang='grc' dir='ltr'><em>τῇ</em></span> <span class='ocrx_word' id='word_1_893' title='bbox 3360 5037 3498 5106; x_wconf 85' lang='grc' dir='ltr'><em>πρὸς</em></span> <span class='ocrx_word' id='word_1_894' title='bbox 3538 5036 3769 5108; x_wconf 73' lang='grc' dir='ltr'><em>Ἐϐραί-</em></span> 
     </span>
    </p>
   </div>
   <div class='ocr_carea' id='block_1_118' title="bbox 2185 5111 3767 5187">
    <p class='ocr_par' dir='ltr' id='par_1_118' title="bbox 2185 5111 3767 5187">
     <span class='ocr_line' id='line_1_118' title="bbox 2185 5111 3767 5187; baseline 0.006 -21"><span class='ocrx_word' id='word_1_895' title='bbox 2185 5130 2297 5176; x_wconf 90' lang='grc' dir='ltr'><em>ους,</em></span> <span class='ocrx_word' id='word_1_896' title='bbox 2348 5112 2522 5180; x_wconf 82' lang='grc' dir='ltr'><em>λέγων</em></span> <span class='ocrx_word' id='word_1_897' title='bbox 2551 5129 2565 5142; x_wconf 70' lang='grc'><em>⁸</em></span> <span class='ocrx_word' id='word_1_898' title='bbox 2599 5113 2734 5166; x_wconf 83' lang='grc' dir='ltr'><em>Ἵνα</em></span> <span class='ocrx_word' id='word_1_899' title='bbox 2783 5111 2881 5165; x_wconf 85' lang='grc' dir='ltr'><em>διὰ</em></span> <span class='ocrx_word' id='word_1_900' title='bbox 2920 5113 3031 5168; x_wconf 91' lang='grc' dir='ltr'><em>δύο</em></span> <span class='ocrx_word' id='word_1_901' title='bbox 3072 5116 3429 5184; x_wconf 81' lang='grc' dir='ltr'><em>πραγμάτων</em></span> <span class='ocrx_word' id='word_1_902' title='bbox 3471 5119 3767 5187; x_wconf 83' lang='grc' dir='ltr'><em>ἀμεταθέ-</em></span> 
     </span>
    </p>
   </div>
   <div class='ocr_carea' id='block_1_119' title="bbox 2186 5190 3768 5271">
    <p class='ocr_par' dir='ltr' id='par_1_119' title="bbox 2186 5190 3768 5271">
     <span class='ocr_line' id='line_1_119' title="bbox 2186 5190 3768 5271; baseline 0.007 -23"><span class='ocrx_word' id='word_1_903' title='bbox 2186 5213 2320 5255; x_wconf 86' lang='grc' dir='ltr'><em>των,</em></span> <span class='ocrx_word' id='word_1_904' title='bbox 2350 5195 2420 5247; x_wconf 82' lang='grc' dir='ltr'><em>ἐν</em></span> <span class='ocrx_word' id='word_1_905' title='bbox 2454 5190 2543 5260; x_wconf 83' lang='grc' dir='ltr'><em>οἷς</em></span> <span class='ocrx_word' id='word_1_906' title='bbox 2580 5194 2880 5249; x_wconf 83' lang='grc' dir='ltr'><em>ἀδύνατον</em></span> <span class='ocrx_word' id='word_1_907' title='bbox 2914 5198 3261 5264; x_wconf 73' lang='grc' dir='ltr'><em>ψεύσασθαι</em></span> <span class='ocrx_word' id='word_1_908' title='bbox 3293 5200 3446 5253; x_wconf 81' lang='grc' dir='ltr'><em>Θεὸν</em></span> <span class='ocrx_word' id='word_1_909' title='bbox 3488 5205 3768 5271; x_wconf 80' lang='grc' dir='ltr'><em>ίσχυραν</em></span> 
     </span>
    </p>
   </div>
   <div class='ocr_carea' id='block_1_120' title="bbox 2184 5278 3766 5357">
    <p class='ocr_par' dir='ltr' id='par_1_120' title="bbox 2184 5278 3766 5357">
     <span class='ocr_line' id='line_1_120' title="bbox 2184 5278 3766 5357; baseline 0.006 -26"><span class='ocrx_word' id='word_1_910' title='bbox 2184 5278 2570 5345; x_wconf 83' lang='grc' dir='ltr'><em>παράκλησιν</em></span> <span class='ocrx_word' id='word_1_911' title='bbox 2596 5278 2843 5347; x_wconf 76' lang='grc' dir='ltr'><em>ἔχωμεν.</em></span> <span class='ocrx_word' id='word_1_912' title='bbox 2885 5278 3042 5333; x_wconf 82' lang='grc' dir='ltr'><em>Οὕτω</em></span> <span class='ocrx_word' id='word_1_913' title='bbox 3068 5282 3162 5333; x_wconf 75' lang='grc' dir='ltr'><em>καὶ</em></span> <span class='ocrx_word' id='word_1_914' title='bbox 3192 5282 3429 5338; x_wconf 82' lang='grc' dir='ltr'><em>ἐνταῦθα</em></span> <span class='ocrx_word' id='word_1_915' title='bbox 3451 5288 3766 5357; x_wconf 84' lang='grc' dir='ltr'><em>τεκμήριον</em></span> 
     </span>
    </p>
   </div>
   <div class='ocr_carea' id='block_1_121' title="bbox 2184 5360 3765 5440">
    <p class='ocr_par' dir='ltr' id='par_1_121' title="bbox 2184 5360 3765 5440">
     <span class='ocr_line' id='line_1_121' title="bbox 2184 5360 3765 5440; baseline 0.006 -26"><span class='ocrx_word' id='word_1_916' title='bbox 2184 5364 2415 5414; x_wconf 89' lang='grc' dir='ltr'><em>ποιεῖται</em></span> <span class='ocrx_word' id='word_1_917' title='bbox 2460 5360 2560 5430; x_wconf 83' lang='grc' dir='ltr'><em>τῆς</em></span> <span class='ocrx_word' id='word_1_918' title='bbox 2590 5361 2699 5414; x_wconf 88' lang='grc' dir='ltr'><em>τῶν</em></span> <span class='ocrx_word' id='word_1_919' title='bbox 2731 5360 3035 5431; x_wconf 87' lang='grc' dir='ltr'><em>μελλόντων</em></span> <span class='ocrx_word' id='word_1_920' title='bbox 3066 5364 3401 5433; x_wconf 86' lang='grc' dir='ltr'><em>ἐπαγγελίας</em></span> <span class='ocrx_word' id='word_1_921' title='bbox 3430 5369 3497 5421; x_wconf 78' lang='grc' dir='ltr'><em>τά</em></span> <span class='ocrx_word' id='word_1_922' title='bbox 3535 5370 3633 5440; x_wconf 71' lang='grc' dir='ltr'><em>ἤδη</em></span> <span class='ocrx_word' id='word_1_923' title='bbox 3663 5371 3765 5423; x_wconf 86' lang='grc' dir='ltr'><em>δε-</em></span> 
     </span>
    </p>
   </div>
   <div class='ocr_carea' id='block_1_122' title="bbox 2181 5444 3763 5528">
    <p class='ocr_par' dir='ltr' id='par_1_122' title="bbox 2181 5444 3763 5528">
     <span class='ocr_line' id='line_1_122' title="bbox 2181 5444 3763 5528; baseline 0.001 -30"><span class='ocrx_word' id='word_1_924' title='bbox 2181 5445 2399 5515; x_wconf 83' lang='grc' dir='ltr'><em>δομένα.</em></span> <span class='ocrx_word' id='word_1_925' title='bbox 2432 5444 2532 5528; x_wconf 83' lang='grc' dir='ltr'><em>Διά</em></span> <span class='ocrx_word' id='word_1_926' title='bbox 2560 5444 2734 5528; x_wconf 5' lang='grc' dir='ltr'><em>τοῦτο,</em></span> <span class='ocrx_word' id='word_1_927' title='bbox 2756 5444 2855 5528; x_wconf 62' lang='grc' dir='ltr'><em>καί</em></span> <span class='ocrx_word' id='word_1_928' title='bbox 2890 5446 3186 5517; x_wconf 76' lang='grc' dir='ltr'><em>ἀρραϐῶνα</em></span> <span class='ocrx_word' id='word_1_929' title='bbox 3218 5449 3409 5503; x_wconf 87' lang='grc' dir='ltr'><em>καλεῖ·</em></span> <span class='ocrx_word' id='word_1_930' title='bbox 3446 5455 3474 5506; x_wconf 90' lang='grc' dir='ltr'>ὁ</span> <span class='ocrx_word' id='word_1_931' title='bbox 3504 5458 3613 5525; x_wconf 86' lang='grc' dir='ltr'><em>γὰρ</em></span> <span class='ocrx_word' id='word_1_932' title='bbox 3649 5456 3763 5528; x_wconf 69' lang='grc' dir='ltr'><em>ἀρ-</em></span> 
     </span>
    </p>
   </div>
   <div class='ocr_carea' id='block_1_123' title="bbox 2184 5526 3754 5609">
    <p class='ocr_par' dir='ltr' id='par_1_123' title="bbox 2184 5526 3754 5609">
     <span class='ocr_line' id='line_1_123' title="bbox 2184 5526 3754 5609; baseline -0.011 -30"><span class='ocrx_word' id='word_1_933' title='bbox 2184 5527 2364 5597; x_wconf 77' lang='grc' dir='ltr'><em>ῥαὸὼν</em></span> <span class='ocrx_word' id='word_1_934' title='bbox 2428 5526 2591 5598; x_wconf 81' lang='grc' dir='ltr'><em>μέρος</em></span> <span class='ocrx_word' id='word_1_935' title='bbox 2634 5527 2749 5580; x_wconf 72' lang='grc' dir='ltr'><em>ἐστὶ</em></span> <span class='ocrx_word' id='word_1_936' title='bbox 2778 5527 2872 5581; x_wconf 87' lang='grc' dir='ltr'><em>τοῦ</em></span> <span class='ocrx_word' id='word_1_937' title='bbox 2919 5528 3138 5592; x_wconf 89' lang='grc' dir='ltr'><em>παντός.</em></span> <span class='ocrx_word' id='word_1_938' title='bbox 3180 5532 3470 5605; x_wconf 88' lang='grc' dir='ltr'><em>Ἦγόρασε,</em></span> <span class='ocrx_word' id='word_1_939' title='bbox 3508 5537 3578 5590; x_wconf 80' lang='grc' dir='ltr'><em>τὰ</em></span> <span class='ocrx_word' id='word_1_940' title='bbox 3610 5526 3754 5609; x_wconf 43' lang='lat' dir='ltr'><em>“ab.</em></span> 
     </span>
    </p>
   </div>
   <div class='ocr_carea' id='block_1_124' title="bbox 2182 5610 3764 5691">
    <p class='ocr_par' dir='ltr' id='par_1_124' title="bbox 2182 5610 3764 5691">
     <span class='ocr_line' id='line_1_124' title="bbox 2182 5610 3764 5691; baseline 0.011 -31"><span class='ocrx_word' id='word_1_941' title='bbox 2182 5610 2361 5681; x_wconf 80' lang='grc' dir='ltr'><em>ἡμῶν,</em></span> <span class='ocrx_word' id='word_1_942' title='bbox 2388 5611 2490 5681; x_wconf 83' lang='grc' dir='ltr'><em>τὴν</em></span> <span class='ocrx_word' id='word_1_943' title='bbox 2528 5612 2806 5680; x_wconf 85' lang='grc' dir='ltr'><em>σωτηρίαν</em></span> <span class='ocrx_word' id='word_1_944' title='bbox 2833 5611 3241 5691; x_wconf 72' lang='grc' dir='ltr'><em>τὴνῂμετέραν,</em></span> <span class='ocrx_word' id='word_1_945' title='bbox 3268 5618 3362 5670; x_wconf 77' lang='grc' dir='ltr'><em>καὶ</em></span> <span class='ocrx_word' id='word_1_946' title='bbox 3382 5618 3581 5673; x_wconf 73' lang='grc' dir='ltr'><em>ἔδωκεν</em></span> <span class='ocrx_word' id='word_1_947' title='bbox 3611 5624 3764 5691; x_wconf 79' lang='grc' dir='ltr'><em>ἡμῖν</em></span> 
     </span>
    </p>
   </div>
   <div class='ocr_carea' id='block_1_125' title="bbox 2183 5690 3763 5766">
    <p class='ocr_par' dir='ltr' id='par_1_125' title="bbox 2183 5690 3763 5766">
     <span class='ocr_line' id='line_1_125' title="bbox 2183 5690 3763 5766; baseline 0.007 -19"><span class='ocrx_word' id='word_1_948' title='bbox 2183 5692 2482 5764; x_wconf 76' lang='grc' dir='ltr'><em>ἀρραϐῶνα</em></span> <span class='ocrx_word' id='word_1_949' title='bbox 2496 5692 2650 5755; x_wconf 85' lang='grc' dir='ltr'><em>τέως.</em></span> <span class='ocrx_word' id='word_1_950' title='bbox 2681 5693 2780 5746; x_wconf 86' lang='grc' dir='ltr'><em>Διὰ</em></span> <span class='ocrx_word' id='word_1_951' title='bbox 2824 5693 2876 5746; x_wconf 87' lang='grc' dir='ltr'><em>τί</em></span> <span class='ocrx_word' id='word_1_952' title='bbox 2916 5690 3009 5747; x_wconf 82' lang='grc' dir='ltr'><em>οὖν</em></span> <span class='ocrx_word' id='word_1_953' title='bbox 3053 5695 3126 5765; x_wconf 86' lang='grc' dir='ltr'><em>μὴ</em></span> <span class='ocrx_word' id='word_1_954' title='bbox 3150 5697 3210 5750; x_wconf 92' lang='grc' dir='ltr'><em>τὸ</em></span> <span class='ocrx_word' id='word_1_955' title='bbox 3234 5698 3354 5753; x_wconf 82' lang='grc' dir='ltr'><em>ὅλον</em></span> <span class='ocrx_word' id='word_1_956' title='bbox 3386 5701 3587 5766; x_wconf 84' lang='grc' dir='ltr'><em>εὐθέως</em></span> <span class='ocrx_word' id='word_1_957' title='bbox 3611 5690 3763 5761; x_wconf 79' lang='grc' dir='ltr'><em>ἐδω-</em></span> 
     </span>
    </p>
   </div>
   <div class='ocr_carea' id='block_1_126' title="bbox 2184 5776 3761 5855">
    <p class='ocr_par' dir='ltr' id='par_1_126' title="bbox 2184 5776 3761 5855">
     <span class='ocr_line' id='line_1_126' title="bbox 2184 5776 3761 5855; baseline 0.014 -32"><span class='ocrx_word' id='word_1_958' title='bbox 2184 5796 2277 5831; x_wconf 78' lang='grc' dir='ltr'><em>κεν</em></span> <span class='ocrx_word' id='word_1_959' title='bbox 2302 5794 2315 5839; x_wconf 85' lang='grc'>;</span> <span class='ocrx_word' id='word_1_960' title='bbox 2360 5776 2571 5846; x_wconf 86' lang='grc' dir='ltr'><em>Ἐπειδὴ</em></span> <span class='ocrx_word' id='word_1_961' title='bbox 2605 5777 2742 5847; x_wconf 85' lang='grc' dir='ltr'><em>μηδὲ</em></span> <span class='ocrx_word' id='word_1_962' title='bbox 2770 5779 2929 5846; x_wconf 79' lang='grc' dir='ltr'><em>ἡμεῖς</em></span> <span class='ocrx_word' id='word_1_963' title='bbox 2958 5778 3017 5830; x_wconf 85' lang='grc' dir='ltr'><em>τὸ</em></span> <span class='ocrx_word' id='word_1_964' title='bbox 3046 5779 3166 5833; x_wconf 85' lang='grc' dir='ltr'><em>ὅλον</em></span> <span class='ocrx_word' id='word_1_965' title='bbox 3182 5783 3578 5855; x_wconf 84' lang='grc' dir='ltr'><em>εἰργασάμεθα.</em></span> <span class='ocrx_word' id='word_1_966' title='bbox 3600 5790 3761 5844; x_wconf 85' lang='grc' dir='ltr'><em>Ἐπι-</em></span> 
     </span>
    </p>
   </div>
   <div class='ocr_carea' id='block_1_127' title="bbox 2186 5860 3760 5944">
    <p class='ocr_par' dir='ltr' id='par_1_127' title="bbox 2186 5860 3760 5944">
     <span class='ocr_line' id='line_1_127' title="bbox 2186 5860 3760 5944; baseline 0.01 -31"><span class='ocrx_word' id='word_1_967' title='bbox 2186 5860 2487 5929; x_wconf 76' lang='grc' dir='ltr'><em>στεύσαμεν</em></span> <span class='ocrx_word' id='word_1_968' title='bbox 2528 5877 2541 5889; x_wconf 90' lang='grc'>·</span> <span class='ocrx_word' id='word_1_969' title='bbox 2574 5860 2731 5913; x_wconf 85' lang='grc' dir='ltr'><em>τοῦτο</em></span> <span class='ocrx_word' id='word_1_970' title='bbox 2763 5860 2907 5930; x_wconf 80' lang='grc' dir='ltr'><em>ἀρχή</em></span> <span class='ocrx_word' id='word_1_971' title='bbox 2932 5876 2945 5891; x_wconf 87' lang='grc'><strong>·</strong></span> <span class='ocrx_word' id='word_1_972' title='bbox 2981 5862 3145 5916; x_wconf 76' lang='grc' dir='ltr'><em>ἔδωκε</em></span> <span class='ocrx_word' id='word_1_973' title='bbox 3171 5866 3263 5918; x_wconf 74' lang='grc' dir='ltr'><em>καὶ</em></span> <span class='ocrx_word' id='word_1_974' title='bbox 3303 5869 3461 5934; x_wconf 71' lang='grc' dir='ltr'><em>αὐτὸς</em></span> <span class='ocrx_word' id='word_1_975' title='bbox 3486 5871 3760 5944; x_wconf 73' lang='grc' dir='ltr'><em>ἀρραϐῶ-</em></span> 
     </span>
    </p>
   </div>
  </div>
