4060 6400
262 391 326 442 ii
1224 386 1288 444 IN
1320 388 1530 444 EPIST.
1568 388 1657 442 AD
1698 387 1941 444 EPHES.
1982 388 2135 443 CAP.
2180 389 2220 443 1.
2262 389 2494 448 HOMIL.
2540 391 2606 449 11.
3467 406 3531 453 tt:
3558 452 3574 474 δ

1711 597 2060 659 HOMILIA
2103 599 2183 660 ll.

258 743 389 799 CAP.
426 746 445 796 ‘I
518 759 574 797 v.
621 745 709 799 11.
740 743 807 798 1η
842 760 941 811 quo
968 742 1120 796 etiam
1165 757 1259 795 nos
1296 749 1428 795 sorte
1450 742 1610 794 vocati
1636 755 1841 806 sumus,

331 838 675 907 prtzdestinati
701 836 977 891 secundum
1004 835 1321 904 propositum
1346 834 1477 903 ejus,
1501 830 1590 901 qui
1606 842 1844 903 operatur

330 930 503 983 omnia
546 931 824 983 secundum
866 928 1136 982 consilium
1175 927 1448 981 voluntatis
1490 941 1614 988 sum,
1667 924 1755 979 12.
1787 933 1843 976 ut

330 1023 485 1075 simus
505 1022 559 1074 in
585 1022 787 1075 laudent
808 1008 984 1091 gloria:
1019 1019 1163 1089 ejus,
1190 1034 1317 1083 nos,
1350 1017 1437 1085 qui
1463 1025 1578 1070 ante
1618 1016 1842 1084 speravi-

328 1131 440 1167 mus
466 1115 519 1166 in
568 1112 769 1168 Christo
799 1128 817 1165 :
861 1112 948 1167 i3.
991 1111 1046 1163 in
1086 1125 1185 1179 quo
1225 1118 1274 1162 et
1307 1125 1395 1163 vos
1424 1124 1537 1161 cum
1575 1107 1845 1160 audissetis

326 1206 529 1260 verbum
552 1206 804 1269 veritatis,
841 1203 1155 1273 evangelium
1179 1202 1361 1256 salutis
1403 1209 1579 1255 vestrae
1601 1238 1617 1264 ,
1667 1200 1719 1252 in
1748 1215 1845 1265 quo

329 1309 376 1353 et
423 1298 684 1352 credentes
710 1297 897 1367 signati
938 1295 1056 1349 estis
1083 1293 1285 1362 Spiritu
1330 1291 1680 1362 promissionis
1726 1307 1845 1344 san—

327 1400 429 1443 cto.
493 1389 581 1443 M.
640 1388 727 1455 qui
780 1396 850 1440 est
906 1386 1091 1456 pignus
1149 1383 1443 1438 hereditatis
1504 1391 1721 1444 nostrai,
1790 1381 1845 1433 in

325 1481 727 1550 redemptionem
754 1477 1123 1546 acquisitionis,
1159 1476 1212 1528 in
1243 1474 1441 1528 laudem
1464 1474 1640 1543 gloria,
1664 1471 1839 1540 ipsius.

332 1575 385 1627 1.
418 1572 629 1641 Ubique
676 1571 871 1626 Paulus
916 1568 1242 1623 ineil'abilem
1268 1567 1362 1622 Dei
1393 1567 1446 1620 in
1470 1579 1569 1620 nos
1599 1564 1843 1633 benigni-

259 1676 422 1721 tatem
449 1665 651 1720 studuit
671 1662 981 1728 ostendere,
1013 1660 1187 1731 quoad
1214 1659 1330 1730 ejus
1352 1659 1468 1714 ﬁeri
1498 1658 1687 1728 potuit.
1711 1656 1841 1710 Nam

257 1756 402 1827 quod
450 1764 697 1811 accurate
741 1770 847 1808 non
877 1754 1080 1823 possit,
1116 1750 1240 1806 audi
1268 1750 1396 1822 quid
1437 1752 1553 1821 ipse
1580 1748 1723 1803 dicat
1755 1767 1767 1801 :
1798 1747 1842 1800 Ο

257 1848 476 1902 altitudo
506 1849 795 1902 divitiarum
822 1856 870 1901 et
908 1846 1173 1915 sapientia:
1216 1854 1263 1897 et
1291 1844 1514 1899 scientia:
1541 1840 1636 1895 Dei
1656 1842 1676 1895 !
1693 1856 1843 1910 quam

258 1941 603 1995 inscrutabilia
629 1951 746 1994 sunt
760 1939 962 2009 judicia
986 1938 1118 2007 ejus,
1147 1947 1194 1992 et
1216 1934 1583 2005 investigabiles
1603 1934 1696 1988 via:
1734 1934 1843 2002 ejus

260 2033 278 2085 t
312 2033 462 2087 Rom.
497 2033 585 2086 11.
632 2031 770 2100 55)!
811 2040 1184 2086 verumtamen
1224 2028 1460 2083 ostendit
1515 2025 1687 2095 quoad
1728 2025 1842 2093 ejus

258 2124 372 2177 licri
420 2130 616 2190 potest.
661 2121 800 2189 Quid
854 2136 983 2191 ergo
1019 2119 1170 2181 dicit.
1216 2117 1285 2172 In
1327 2134 1427 2189 quo
1481 2127 1528 2171 et
1574 2133 1664 2169 nos
1712 2125 1843 2168 sorte

257 2218 418 2271 vocati
466 2233 639 2271 sumus
693 2214 1078 2285 prwdestinati?
1108 2212 1251 2267 Dixit
1276 2210 1523 2281 superius
1555 2226 1567 2262 :
1600 2208 1712 2262 Nos
1736 2207 1841 2261 ele-

256 2312 328 2381 git
359 2326 379 2365 :
410 2311 496 2365 hic
547 2310 707 2373 dicit,
764 2308 916 2363 Sorte
971 2307 1135 2361 vocati
1192 2322 1384 2360 sumus.
1437 2301 1542 2358 Sed
1589 2302 1840 2371 quoniam

257 2416 377 2455 sors
402 2413 485 2455 est
505 2414 684 2464 casus,
711 2415 814 2453 non
847 2398 1000 2453 liberi
1031 2397 1237 2452 arbitrii
1261 2410 1360 2450 nec
1380 2393 1624 2458 virtutis;
1658 2391 1841 2446 adlue-

258 2504 342 2549 ret
383 2495 525 2549 enim
580 2491 901 2563 iguorationi
952 2498 1008 2546 et
1057 2489 1278 2545 fortuito
1305 2488 1484 2550 casui.
1514 2496 1569 2541 et
1610 2500 1753 2555 sxepe
1776 2485 1842 2539 iis

254 2588 472 2642 omissis
493 2588 581 2655 qui
613 2596 738 2639 sunt
761 2587 958 2639 virtute
989 2583 1196 2653 praediti
1217 2625 1231 2642 .
1260 2596 1355 2637 eos
1386 2582 1435 2634 in
1458 2580 1689 2633 medium
1721 2593 1844 2646 pro-

255 2683 405 2735 ducit
435 2681 524 2747 qui
573 2679 775 2748 indigni
804 2689 925 2732 sunt
967 2693 1197 2747 quorum
1229 2677 1337 2730 ulla
1384 2673 1643 2728 habeatur
1670 2671 1838 2737 ratio;

257 2774 379 2826 vide
403 2770 671 2841 quomodo
694 2771 743 2824 id
766 2770 1016 2840 corrigat.
1048 2767 1419 2832 Prtedestinati,
1447 2765 1634 2834 inquit.
1663 2780 1844 2818 secun-

255 2865 378 2918 dum
399 2866 711 2934 propositum
733 2864 842 2932 ejus
868 2864 952 2931 qui
973 2871 1212 2929 operatur
1232 2860 1420 2913 omnia.
1451 2858 1565 2912 Hoc
1584 2866 1668 2911 est
1686 2896 1701 2922 ,
1735 2872 1840 2912 non

257 2956 474 3011 fortuito
499 2966 554 3010 et
579 2965 725 3011 sorte
751 2957 919 3009 vocati
962 2954 1044 3008 vel
1073 2952 1228 3008 electi
1268 2967 1488 3016 sumus;
1521 2951 1662 3005 Deus
1698 2950 1841 3004 enim

254 3057 340 3101 est
382 3047 473 3116 qui
515 3047 703 3117 elegit;
734 3060 907 3114 neque
952 3043 1171 3099 fortuito
1202 3043 1267 3098 ad
1298 3044 1433 3095 lianc
1468 3050 1666 3095 sortem
1690 3041 1842 3095 veni-

256 3154 415 3204 mus;
451 3140 592 3194 Deus
639 3139 781 3193 enim
806 3148 890 3192 est
912 3138 1000 3207 qui
1030 3137 1097 3191 ad
1125 3146 1323 3191 sortem
1365 3135 1570 3190 vocavit
1595 3151 1609 3199 ;
1632 3134 1725 3188 sed
1752 3148 1843 3189 se-

254 3230 488 3284 cundum
518 3230 871 3298 pr0positum.
900 3228 1011 3282 lloc
1046 3227 1205 3280 etiam
1253 3227 1305 3278 in
1334 3226 1570 3295 Epistola
1621 3224 1685 3280 ad
1732 3225 1842 3279 Ro-

258 3334 448 3375 manos
473 3319 716 3374 scribens
739 3318 870 3373 dicit
900 3336 911 3370 :
949 3318 1048 3382 Qui
1094 3318 1374 3371 secundum
1403 3316 1716 3387 propositum
1759 3331 1844 3368 vo—

254 3411 357 3463 cati
392 3419 507 3464 sunt
535 3410 718 3463 sancti.
752 3408 891 3474 Quos
917 3410 1142 3469 vocavit,
1182 3424 1266 3461 eos
1293 3416 1339 3460 et
1361 3408 1693 3477 justi/ienuit;
1720 3423 1845 3474 quos

255 3513 424 3556 autem
435 3501 765 3572 justificavit,
796 3517 880 3554 eos
897 3511 942 3553 et
964 3500 1267 3570 gloriﬁcavit
1299 3498 1484 3573 (Rom.
1506 3499 1560 3554 8.
1592 3498 1685 3554 28.
1714 3497 1780 3552 30
1799 3496 1842 3567 ).

256 3594 391 3649 Cum
436 3593 584 3662 prius
624 3592 881 3657 dixisset,
934 3590 1013 3644 lis
1061 3593 1148 3661 qui
1196 3591 1473 3646 secundum
1530 3590 1844 3660 propositum

256 3686 420 3738 vocati
446 3692 581 3749 sunt,
626 3684 783 3738 simul
816 3683 979 3742 etiam
1023 3686 1210 3740 volens
1236 3682 1523 3739 ostendere
1552 3690 1744 3752 quanta
1776 3681 1846 3734 sit

257 3793 449 3832 eorum
476 3780 821 3849 praestantia,
881 3778 926 3833 si
972 3776 1319 3833 conferantur
1366 3790 1490 3829 cum
1527 3773 1667 3840 aliis,
1712 3773 1846 3826 dixit

255 3870 419 3923 etiam
446 3878 682 3934 sortem;
708 3871 777 3923 ita
826 3878 882 3922 ut
910 3868 1138 3923 liberum
1168 3881 1271 3920 non
1305 3866 1517 3920 tolleret
1540 3863 1841 3918 arbitrium.

257 3958 414 4025 Quod
446 3960 603 4031 igitur
620 3961 791 4028 magis
809 3958 876 4013 ad
910 3956 1290 4013 beatitudinem
1320 3956 1568 4024 pertinet,
1616 3954 1717 4008 hoc
1746 3968 1843 4022 po-

262 4056 366 4105 nit.
394 4050 525 4106 Sors
558 4051 699 4105 enim
745 4065 852 4104 non
880 4058 960 4103 εει
998 4047 1232 4113 virtutis,
1262 4047 1378 4112 sed,
1427 4056 1484 4098 ut
1530 4046 1600 4098 ita
1639 4046 1839 4111 dicam,

260 4156 442 4198 casus.
473 4144 550 4196 Ac
578 4142 623 4195 si
645 4141 765 4210 quis
794 4140 1019 4204 diceret,
1047 4138 1206 4193 Sorte
1236 4137 1370 4192 facta
1402 4152 1500 4191 nos
1527 4138 1703 4207 elegit.
1737 4138 1843 4192 To—

264 4247 379 4288 tum
405 4241 582 4288 autem
609 4234 688 4287 sic
715 4231 978 4301 intelligas
997 4272 1013 4295 ,
1042 4230 1109 4283 ab
1136 4229 1302 4283 animi
1335 4230 1573 4283 instituto
1600 4240 1654 4282 et
1677 4230 1845 4283 libero

261 4325 486 4379 arbitrio
527 4324 960 4392 prazdestinatos,
990 4321 1091 4376 hoc
1115 4330 1199 4375 est
1217 4362 1233 4386 ,
1261 4320 1363 4375 sibi
1388 4319 1587 4374 electos
1612 4319 1845 4375 destina-

263 4419 343 4469 vit
385 4431 449 4469 ac
479 4415 694 4483 posuit:
729 4422 934 4483 utputa,
989 4412 1119 4466 vidit
1144 4426 1245 4465 nos
1270 4411 1577 4481 priusquam
1605 4424 1846 4465 essemus

260 4518 410 4565 sui-te
433 4508 604 4562 γορειί
636 4526 649 4559 :
682 4516 765 4561 est
798 4506 942 4561 enim
991 4504 1301 4560 admiranda
1350 4502 1444 4557 Dei
1476 4502 1805 4571 praescientia
1827 4543 1842 4565 ,

262 4618 385 4673 qua:
408 4603 586 4656 omnia
609 4602 755 4655 novit
778 4601 1083 4669 priusquam
1107 4614 1170 4654 ea
1194 4598 1403 4653 ﬁerent.
1428 4596 1508 4652 Tu
1529 4607 1705 4652 autem
1728 4596 1847 4650 vide

262 4692 536 4765 quomodo
566 4692 759 4758 ubique
789 4693 937 4761 ponit
983 4690 1218 4746 studium
1240 4730 1257 4757 ,
1309 4698 1368 4744 ut
1393 4688 1637 4743 ostendat
1661 4728 1676 4752 ,
1705 4687 1845 4757 quod

264 4804 372 4839 non
394 4801 458 4839 ex
490 4783 825 4853 pmnitentia,
855 4782 950 4839 sed
973 4798 1039 4836 ex
1063 4781 1129 4837 ab
1154 4783 1264 4836 alto
1285 4781 1451 4851 petito
1474 4780 1734 4851 principio
1765 4794 1849 4834 res

262 4892 452 4931 «niines
478 4877 549 4929 ita
570 4875 679 4929 sint
702 4872 1017 4937 eﬂ‘ormatze,
1041 4882 1098 4928 ut
1118 4874 1173 4927 in
1191 4873 1294 4928 hoc
1314 4873 1444 4929 nihil
1465 4874 1631 4928 simus
1652 4872 1849 4927 Judaeis

264 4972 535 5034 minores,
566 4976 623 5022 et
651 4967 773 5021 ideo
799 4981 897 5036 pro
921 4966 1023 5021 hoc
1043 4964 1168 5021 facit
1192 4966 1392 5021 omnia.
1419 4965 1696 5032 Quomodo
1720 4977 1849 5035 ergo

262 5061 394 5114 dicit
412 5059 529 5128 ipse
555 5058 799 5114 Christus
819 5098 834 5124 ,
863 5073 923 5113 se
951 5072 1061 5112 non
1084 5072 1203 5113 esse
1234 5059 1481 5119 missum,
1507 5056 1623 5111 Nisi
1648 5062 1716 5109 ad
1737 5072 1849 5111 oves

260 5166 377 5221 qua:
405 5151 658 5221 perierant
683 5150 860 5204 domus
882 5146 1045 5203 Israel
1068 5148 1279 5219 (Matth.
1314 5149 1401 5204 15.
1429 5147 1562 5216 24η
1591 5157 1646 5203 et
1665 5162 1848 5202 rursus

261 5244 479 5298 dicebat
505 5243 811 5312 discipulis,
840 5241 907 5296 In
941 5243 1075 5296 viam
1103 5244 1326 5313 gentium
1352 5258 1413 5296 ne
1440 5242 1686 5305 abicritis,
1718 5250 1765 5295 et
1790 5242 1848 5295 in

261 5337 513 5388 civitatem
544 5334 985 5389 Samaritanorum
1030 5350 1091 5387 ne
1136 5334 1329 5387 intretis
1358 5334 1380 5401 (
1405 5333 1594 5388 Matth.
1624 5333 1711 5387 10.
1738 5332 1849 5403 5)?

262 5439 317 5478 ct
351 5428 463 5494 ipse
490 5440 705 5495 quoque
733 5425 926 5480 Paulus
949 5425 1178 5486 dicebat,
1216 5423 1363 5478 Vobis
1391 5434 1497 5478 erat
1520 5441 1713 5478 necesse
1743 5424 1851 5501 prif

262 5536 400 5570 mum
429 5518 565 5587 loqui
590 5518 788 5571 verbum
818 5517 911 5570 Dei
939 5533 958 5569 :
987 5517 1226 5586 quoniam
1256 5527 1419 5570 autem
1450 5519 1613 5584 ipsum
1649 5516 1852 5584 repelli-

263 5612 327 5663 tis
350 5650 367 5675 ,
390 5620 435 5661 et
458 5625 544 5662 vos
567 5626 667 5662 non
690 5608 936 5677 judicutis
978 5609 1159 5679 dignos
1202 5609 1302 5660 vita
1341 5618 1529 5661 acterna
1545 5647 1564 5673 ,
1592 5623 1704 5660 ecce
1725 5624 1849 5661 con-

262 5703 505 5755 vertimur
543 5703 609 5754 ad
654 5712 823 5771 gentes
868 5702 1017 5767 (Act.
1050 5702 1134 5756 15.
1183 5699 1327 5769 46)?
1378 5699 1668 5769 Propterea
1706 5699 1848 5753 enim

265 5793 379 5847 haec
404 5793 673 5858 dicuntur,
701 5808 768 5847 nc
806 5793 927 5861 quis
955 5793 1225 5847 existimet
1250 5791 1365 5846 hac
1391 5790 1555 5846 fuisse
1587 5800 1789 5845 remota
1819 5805 1849 5845 a

264 5897 364 5938 suo
395 5884 658 5937 instituto.
690 5884 978 5938 Secundum
1012 5883 1324 5952 prOpositmn
1348 5922 1364 5947 ,
1394 5882 1581 5951 inquit,
1616 5884 1725 5949 ejus
1764 5883 1849 5952 qui

1950 749 2192 810 operatur
2237 741 2410 794 omnia
2439 743 2719 796 secundum
2766 745 3031 799 consilium
3079 747 3353 803 voluntatis
3403 766 3533 806 suae.

1951 830 2065 911 Hoc
2088 840 2192 898 est,
2218 831 2352 886 nihil
2383 844 2566 901 postea
2594 846 2845 904 operatus
2867 847 2967 902 est,
2999 839 3196 909 quippe
3222 842 3313 911 qui
3352 845 3532 897 omnia

1951 937 2161 976 sursum
2192 921 2535 992 disposuerit.
2568 924 2641 978 lta
2674 927 2786 996 ipse
2810 929 2967 983 linem
2991 930 3214 999 imponit
3239 933 3534 989 secundum

1952 1015 2233 1069 consilium
2263 1016 2549 1071 voluntatis
2576 1034 2706 1072 suae.
2749 1019 3108 1085 Quamobrem
3148 1039 3253 1079 non
3281 1028 3532 1094 quoniam

1950 1119 2055 1158 non
2081 1106 2428 1161 attendebant
2476 1108 2669 1173 Judmi,
2714 1122 2995 1179 propterea
3043 1116 3256 1170 vocavit
3304 1126 3533 1187 gentes,

1951 1213 2123 1267 neque
2149 1208 2403 1265 coactus,
2444 1216 2618 1271 neque
2659 1218 2722 1256 ex
2775 1204 2874 1260 illis
2901 1206 3181 1275 impulsus.
3224 1208 3292 1264 Ut
3344 1212 3539 1277 simus,

1952 1290 2140 1359 inquit,
2165 1306 2257 1345 nos
2278 1290 2330 1344 in
2373 1293 2576 1345 laudem
2604 1295 2779 1363 gloria:
2809 1299 2920 1364 ejus
2941 1338 2956 1362 ,
2986 1314 3077 1352 nos
3100 1300 3188 1368 qui
3212 1310 3328 1354 ante
3354 1319 3532 1372 spera-

1949 1383 2111 1435 vimus
2137 1382 2191 1436 in
2214 1382 2413 1438 Christo
2447 1386 2537 1447 ;in
2575 1402 2674 1455 quo
2703 1396 2747 1439 et
2776 1402 2861 1440 vos
2891 1405 3003 1441 cum
3034 1391 3301 1447 audissetis
3331 1394 3532 1448 verbum

1948 1475 2205 1539 veritatis,
2261 1476 2575 1547 evangelium
2622 1479 2802 1532 salutis
2854 1490 3033 1535 vestro:
3063 1498 3082 1535 :
3133 1488 3233 1539 hoc
3277 1494 3394 1551 est,
3440 1503 3533 1557 per

1948 1581 2127 1635 quem.
2168 1565 2296 1621 Vide
2323 1566 2593 1622 Christum
2617 1570 2815 1639 ubique
2836 1585 2954 1625 esse
2976 1584 3247 1628 auctorem
3270 1577 3530 1638 omnium,

1948 1667 2001 1711 et
2029 1672 2288 1727 nusquam
2319 1674 2440 1714 esse
2468 1674 2661 1715 nomen
2685 1661 3021 1729 administri,
3062 1681 3235 1735 neque
3277 1667 3528 1724 ministri.

1947 1748 2096 1804 Sicut
2121 1751 2283 1807 etiam
2311 1751 2441 1806 dicit
2465 1753 2588 1807 alibi
2611 1754 2850 1809 scribens
2867 1755 2931 1810 ad
2956 1756 3209 1812 liebraios
3240 1778 3253 1815 :
3287 1761 3386 1826 Qui
3410 1760 3529 1815 olim

1947 1843 2182 1912 loquutus
2211 1845 2439 1915 patribus
2462 1847 2648 1901 nostris
2682 1848 2733 1901 in
2772 1849 3064 1917 praphetis,
3096 1853 3377 1908 novissimis
3408 1865 3528 1909 tem-

1947 1934 2151 2002 poribus
2173 1935 2408 2005 loquutus
2427 1947 2497 1991 est
2523 1939 2662 1992 nobis
2686 1940 2738 1991 in
2772 1938 2910 1994 Filio
2937 1939 3125 2009 (Hebr.
3151 1944 3271 1998 1.1.
3302 1944 3358 2015 2)
3383 1963 3397 2011 ;
3431 1947 3531 2001 hoc

1947 2033 2051 2086 est,
2085 2040 2182 2093 per
2224 2025 2440 2081 Filium.
2490 2025 2707 2081 Verbum
2735 2028 2865 2085 dicit
2890 2031 3134 2099 veritatis,
3167 2047 3272 2087 non
3300 2036 3530 2105 amplius

1949 2117 2173 2171 verbum
2211 2116 2415 2186 ﬁgurm,
2458 2133 2559 2173 nec
2593 2120 2855 2189 imaginis.

2019 2208 2353 2280 Evangelium
2392 2211 2571 2265 salutis
2611 2228 2701 2264 cur
2751 2214 2825 2267 ita
2876 2215 3175 2269 dictum.——
3199 2214 3530 2288 Evangelium

1946 2301 2126 2354 salutis
2148 2312 2353 2356 nostrae.
2386 2302 2453 2355 Et
2478 2313 2623 2357 recte
2645 2304 2816 2372 ipsum
2840 2316 2994 2360 vocat
3014 2310 3342 2378 evangelium
3381 2310 3529 2363 salu-

1946 2392 2050 2459 tis,
2083 2393 2274 2461 partim
2310 2393 2524 2463 quidem
2545 2394 2610 2447 ad
2643 2395 2836 2465 legem,
2869 2399 3061 2466 partim
3089 2408 3265 2455 autem
3294 2401 3359 2455 ad
3383 2400 3529 2455 futu-

1947 2498 2059 2536 ram
2086 2484 2416 2552 punitionem
2432 2485 2831 2554 signiﬁcandam
2850 2488 3175 2545 subobscure
3196 2490 3531 2560 loquens.Ni-

1948 2573 2018 2628 hil
2069 2585 2154 2630 est
2205 2576 2347 2630 enim
2397 2577 2539 2630 aliud
2602 2578 2940 2647 prtedieatio,
2988 2596 3148 2651 quam
3196 2584 3527 2653 evangelium

1947 2667 2134 2720 salutis
2157 2708 2173 2731 ,
2200 2668 2340 2738 quod
2366 2682 2470 2722 non
2501 2669 2731 2737 amplius
2760 2671 2937 2740 perdit
2961 2686 3055 2726 eos
3078 2673 3165 2740 qui
3212 2673 3357 2744 digni
3405 2684 3529 2730 sunt

1946 2760 2034 2829 qui
2071 2770 2310 2829 pereant.
2336 2759 2404 2814 In
2446 2762 2581 2830 quod
2620 2772 2668 2815 et
2697 2764 2949 2818 credentes
2976 2765 3162 2835 signati
3187 2768 3301 2821 estis
3328 2766 3530 2837 Spiritu

1947 2852 2297 2919 promissionis
2348 2863 2556 2917 sancto,
2608 2855 2692 2922 qui
2739 2864 2811 2909 est
2865 2855 3047 2925 pignus
3096 2857 3384 2912 hereditatis
3431 2877 3527 2913 no-

1946 2954 2085 2997 strae.
2142 2944 2346 2999 Rursus
2391 2962 2639 3015 magnum
2697 2957 2781 3001 est
2826 2946 3082 3003 indicium
3135 2965 3277 3005 cura:
3302 2960 3357 3005 et
3406 2967 3529 3021 pro-

1947 3036 2232 3104 videnti:e,
2275 3038 2415 3108 quod
2462 3040 2568 3093 sint
2625 3040 2850 3109 signati,
2891 3055 2999 3095 non
3049 3044 3314 3111 separati;
3370 3052 3529 3113 atque

1948 3129 2090 3198 quod
2122 3144 2226 3183 non
2251 3131 2421 3185 solum
2451 3132 2559 3185 sint
2584 3142 2729 3187 sorte
2758 3134 2964 3198 vocati,
2996 3132 3091 3187 sed
3133 3137 3289 3188 etiam
3314 3134 3525 3204 signati.

1948 3221 2404 3289 Quemadmodum
2433 3224 2575 3277 enim
2602 3224 2647 3278 si
2674 3224 2795 3292 quis
2819 3239 2914 3278 eos
2939 3224 3029 3294 qui
3051 3233 3197 3279 sorte
3225 3224 3531 3294 obtigerunt

1950 3313 2259 3368 manifestos
2287 3313 2507 3376 fecerit,
2537 3315 2607 3367 ita
2651 3314 2813 3368 etiam
2863 3314 3003 3369 Deus
3044 3328 3138 3368 eos
3174 3314 3437 3382 separavit
3466 3329 3529 3369 ac

1949 3407 2178 3462 secrevit
2206 3406 2272 3460 ad
2299 3407 2623 3461 credendum
2658 3423 2671 3459 :
2700 3406 2936 3476 signavit
2968 3405 3035 3459 ad
3070 3407 3171 3460 hoc
3208 3418 3267 3459 ut
3297 3407 3404 3460 sint
3430 3405 3529 3462 he-

1950 3497 2105 3552 redes
2131 3497 2451 3552 futurorum.

2021 3590 2076 3644 2.
2114 3591 2271 3646 Vides
2317 3591 2589 3661 quomodo
2627 3590 2951 3662 procedente
2997 3602 3237 3661 tempore
3283 3606 3379 3645 eos
3407 3591 3532 3646 facit

1950 3683 2310 3738 admirabiles.
2345 3683 2477 3738 Nam
2503 3683 2753 3752 quamdiu
2798 3683 3015 3738 fuerunt
3061 3685 3114 3737 in
3171 3683 3527 3752 praescientia,

1952 3776 2081 3830 nulli
2143 3775 2357 3831 fuerunt
2414 3775 3026 3847 manifestizpostquam
3082 3787 3261 3832 autem
3320 3776 3535 3837 fuerunt

1951 3868 2162 3937 signati,
2198 3869 2408 3922 luerunt
2446 3866 2730 3932 manifesti,
2761 3867 2857 3923 sed
2887 3884 2991 3923 non
3038 3869 3174 3925 sicut
3221 3885 3315 3927 vos
3339 3892 3352 3927 :
3378 3882 3536 3928 erunt

1952 3963 2094 4016 enim
2128 3960 2392 4016 manifesti
2424 3972 2617 4031 prreter
2643 3977 2861 4028 paucos.
2895 3961 3098 4035 Signati
3130 3964 3342 4021 fuerunt
3369 3967 3531 4020 etiam

1955 4053 2227 4121 Israelitae,
2265 4052 2357 4109 sed
2389 4052 2818 4117 circumcisione,
2850 4056 2987 4111 sicut
3026 4071 3220 4125 pecora
3250 4067 3306 4112 et
3335 4057 3488 4111 bruta
3516 4075 3530 4109 :

1953 4164 2052 4202 nos
2093 4162 2306 4218 quoque
2350 4164 2534 4202 sumus
2578 4148 2792 4218 signati,
2840 4148 2933 4203 sed
2983 4149 3116 4202 sicut
3151 4148 3263 4212 lilii,
3310 4149 3530 4217 Spiritu.

1952 4236 2092 4302 Quid
2120 4245 2221 4299 est,
2254 4237 2458 4306 Spiritu
2486 4238 2874 4308 promissionis?
2911 4240 3015 4292 Aut
3039 4238 3181 4308 quod
3208 4255 3271 4291 ex
3300 4239 3533 4308 promis-

1954 4330 2106 4383 sione
2133 4327 2306 4397 ipsum
2334 4330 2720 4398 acceperimus.
2756 4330 2882 4383 Duze
2909 4331 3052 4385 enim
3082 4340 3208 4385 sunt
3232 4332 3537 4399 promissio-

1954 4433 2071 4482 nes,
2119 4434 2223 4473 una
2263 4419 2479 4489 quidem
2527 4436 2626 4490 per
2667 4420 2980 4490 praphetas,
3024 4421 3191 4476 altera
3229 4431 3407 4476 autem
3439 4437 3536 4491 per

1955 4509 2144 4564 Filium
2170 4527 2183 4563 :
2208 4524 2305 4578 per
2324 4510 2639 4580 prOpbetas;
2656 4510 2779 4565 audi
2808 4511 3012 4567 Joelem
3035 4512 3321 4579 dicentem,
3342 4510 3533 4580 Effun-

1954 4602 2072 4653 dam
2099 4616 2161 4654 ea:
2190 4600 2388 4671 Spiritu
2417 4617 2527 4654 meo
2551 4617 2703 4669 super
2740 4618 2938 4655 omnem
2964 4618 3205 4667 carnem,
3236 4614 3282 4657 et
3313 4605 3537 4674 prophe-

1959 4693 2136 4745 tabunt
2164 4692 2260 4759 ﬁlii
2296 4693 2445 4745 vestri
2474 4701 2521 4745 et
2550 4692 2675 4761 ﬁlim
2707 4701 2905 4761 vestrm,
2929 4704 2978 4747 et
3004 4694 3344 4748 adolescentes
3388 4696 3539 4750 vestri

1954 4784 2187 4837 videbunt
2232 4783 2465 4849 visiones,
2502 4794 2549 4838 et
2572 4784 2790 4838 seniores
2828 4785 2980 4838 vestri
3004 4787 3199 4839 somnia
3216 4787 3538 4842 somniabunt

1954 4874 2095 4942 (Joel
2141 4874 2197 4931 2.
2223 4873 2338 4943 28):
2379 4874 2501 4929 audi
2526 4883 2705 4931 autem
2730 4889 2916 4931 rursus
2939 4875 3207 4931 Christum
3248 4877 3534 4945 dicentem,

1957 4962 2023 5017 Et
2049 4965 2300 5035 accipietis
2330 4966 2560 5018 virtutem
2597 4967 2989 5035 supervenientis
3012 4968 3170 5022 sancti
3196 4967 3423 5037 Spiritus
3451 4987 3538 5023 su-

1956 5071 2046 5124 per
2071 5071 2177 5121 vos,
2203 5064 2253 5109 et
2278 5055 2417 5109 eritis
2433 5054 2556 5109 mihi
2583 5063 2729 5109 testes
2753 5056 2807 5109 in
2829 5056 3119 5111 Jerusalem
3144 5067 3188 5111 et
3216 5068 3321 5112 tota
3347 5058 3381 5113 Ι
3389 5060 3536 5114 udam

1955 5157 2001 5200 et
2043 5147 2281 5202 Samaria
2320 5156 2366 5201 et
2405 5163 2563 5218 usque
2605 5147 2674 5200 ad
2712 5157 2990 5201 extremum
3026 5160 3173 5202 teme
3201 5149 3336 5219 (Act.
3376 5152 3428 5206 1.
3458 5151 3537 5221 8).

1956 5242 2116 5310 Atqui
2135 5241 2418 5311 oportebat
2438 5243 2611 5309 ipsum
2628 5249 2895 5311 tamquam
2920 5241 3083 5295 Deum
3108 5257 3226 5297 esse
3242 5243 3505 5298 creditum
3525 5262 3539 5299 :

1956 5331 2052 5386 sed
2084 5331 2150 5386 de
2180 5333 2280 5386 hoc
2304 5347 2410 5386 non
2438 5331 2635 5386 acriter
2655 5331 2951 5396 contendit,
2983 5331 3077 5386 sed
3107 5333 3376 5387 examinat
3407 5343 3544 5388 tam-

1956 5440 2115 5492 quam
2133 5423 2200 5478 de
2221 5423 2459 5490 homine,
2479 5424 2615 5477 sicut
2635 5423 2686 5477 in
2710 5422 2947 5493 Epistola
2969 5423 3033 5477 ad
3058 5422 3311 5478 liebrmos
3332 5424 3537 5492 dicens,

1962 5512 2029 5567 Ut
2073 5530 2161 5583 per
2198 5514 2330 5567 duas
2358 5530 2437 5567 res
2479 5513 2778 5579 immobiles,
2820 5515 2874 5566 in
2915 5513 3096 5583 quibus
3135 5515 3441 5583 impossibile
3467 5526 3541 5570 est

1958 5604 2163 5658 mentiri
2204 5602 2387 5669 Deum,
2417 5604 2749 5673 fortissimum
2778 5604 3018 5658 solatium
3045 5604 3317 5660 habeamus
3342 5606 3537 5676 (Hebr.

1958 5695 2011 5752 6.
2039 5696 2150 5767 18).
2182 5696 2257 5751 lta
2286 5698 2445 5752 etiam
2474 5696 2561 5752 hic
2586 5713 2651 5751 ex
2677 5698 2742 5752 iis
2770 5712 2888 5767 qure
2914 5697 3037 5752 data
3067 5706 3190 5752 sunt
3213 5698 3357 5754 ducit
3381 5715 3538 5770 argu-

1961 5802 2199 5843 mentum
2241 5788 2614 5859 promissionis
2656 5788 2985 5844 futurorum.
3037 5787 3329 5858 Propterea
3372 5791 3532 5846 etiam

1960 5882 2171 5935 arrham
2221 5880 2596 5935 vocatzarrha
2647 5881 2789 5936 cnim
2840 5888 2924 5935 est
2965 5894 3090 5951 pars
3136 5881 3316 5937 totius.
3370 5878 3539 5947 Emit,
