4060 6400
507 415 518 426 .
577 338 646 392 19
1299 340 1354 395 S.
1394 338 1671 397 JOANNIS
1706 339 2108 397 CIIBYSOSTO

2220 340 2537 402 ABCIIIEP.
2577 343 3108 409 COAS'TANTINOP.
3768 356 3829 407 ΞΟ

570 457 713 527 quod
753 458 819 513 ad
863 474 961 514 nos
1005 459 1219 529 quidem
1263 458 1476 526 attinet,
1521 469 1758 515 nostram
1801 459 2050 519 salutem.
2095 468 2154 513 et

570 548 784 603 interim
831 549 990 604 nobis
1036 550 1185 604 dedit
1221 549 1459 604 arrhain.
1506 550 1620 605 Cur
1647 565 1775 619 ergo
1818 564 1925 605 non
1970 549 2151 603 statim

568 649 739 695 totum
786 641 967 695 dedit?
1006 642 1268 710 Quoniam
1317 657 1492 712 neque
1537 658 1637 698 nos
1687 652 1858 697 totum
1904 641 2147 697 fecimus.

568 731 901 787 Credidimus
926 750 938 785 ε
963 732 1065 788 hoc
1104 743 1188 789 est
1214 733 1566 804 principium;
1604 733 1752 789 dedit
1780 732 1897 803 ipse
1932 748 2149 804 quoque

565 824 794 879 arrham.
824 825 1049 899 Quando
1076 827 1232 882 fidem
1258 843 1352 897 per
1377 842 1537 897 opera
1571 828 1990 893 ostenderimus,
2019 838 2146 883 tunc

561 915 708 969 addit
750 924 941 970 totum.
972 916 1085 971 lmo
1124 933 1254 973 vero
1295 918 1440 972 aliud
1466 934 1681 988 quoque
1714 917 1862 972 dedit
1889 919 2141 986 pretium,

558 1005 839 1073 proprium
880 1007 1214 1076 sanguinem,
1244 1019 1299 1062 et
1340 1023 1524 1062 rursus
1563 1007 1706 1062 aliud
1735 1017 1818 1063 est
1848 1008 2137 1078 pollicitus.

557 1097 784 1154 Perinde
812 1115 875 1154 ac
905 1102 950 1155 si
976 1102 1225 1171 gentibus
1247 1101 1443 1156 bellum
1471 1110 1614 1156 esset
1640 1102 1897 1156 adversus
1925 1110 2135 1172 gentes,

552 1190 684 1245 dant
727 1191 1079 1247 obsides:ita
1131 1192 1276 1251 Deus
1314 1192 1460 1247 dedit
1508 1192 1698 1247 Filium
1747 1209 1902 1247 suum
1948 1192 2137 1262 pignus

551 1284 699 1353 pacis
738 1294 793 1340 et
831 1283 1116 1348 foederum,
1146 1292 1202 1339 et
1244 1283 1500 1355 Spiritum
1547 1293 1790 1339 sanctum
1832 1284 1921 1354 qui
1960 1292 2135 1339 estex

551 1377 705 1446 ipso:
731 1393 853 1432 nam
882 1377 969 1448 qui
1011 1393 1139 1433 vere
1166 1389 1291 1431 sunt
1330 1377 1560 1447 Spiritus
1605 1378 1914 1447 participes,
1957 1376 2135 1431 sciunt

547 1484 669 1523 eum
694 1484 815 1525 esse
859 1469 1071 1524 arrham
1102 1469 1435 1525 hereditatis.
1464 1469 1606 1523 Talis
1635 1478 1751 1523 erat
1795 1469 2010 1531 Paulus,
2040 1468 2130 1537 qui

547 1561 637 1615 hic
682 1570 921 1631 gustarat
963 1576 1023 1615 ea
1056 1577 1174 1631 qnze
1216 1560 1323 1615 illic
1366 1569 1609 1615 suutzet
1650 1560 1770 1615 ideo
1812 1560 2037 1631 urgebat
2075 1569 2131 1615 et

545 1653 870 1720 parturiebat
899 1664 958 1707 ut
986 1669 1103 1721 qua!
1130 1652 1213 1706 hic
1241 1661 1367 1707 sunt
1402 1652 1716 1715 dimitteret.
1745 1661 1800 1707 et
1837 1654 2083 1723 gemebat
2110 1670 2124 1705 :

543 1744 661 1798 aliis
705 1745 847 1798 enim
894 1743 1108 1799 videbat
1151 1745 1342 1809 oculis,
1389 1754 1448 1798 ut
1491 1746 1580 1814 qni
1627 1754 1860 1799 mentem
1910 1760 2125 1800 omnem

541 1836 665 1891 illuc
691 1837 1067 1891 transtulisset.
1092 1837 1287 1891 Rerum
1307 1851 1487 1891 nones
1508 1826 1774 1907 particeps
1799 1855 1812 1891 :
1842 1849 2121 1906 propterea

539 1930 698 1983 etiam
748 1943 780 1981 a
828 1928 1005 1983 verbis
1032 1928 1255 1983 excidis.
1306 1927 1361 1983 Si
1388 1942 1631 1983 essemus
1659 1943 1848 1983 omnes
1894 1927 2123 2000 Spiritus

538 2019 849 2089 participes,
894 2030 952 2074 ut
977 2020 1265 2089 participes
1293 2033 1412 2074 esse
1441 2026 1737 2089 oporteret,
1766 2028 1821 2074 et
1843 2020 2007 2075 cados
2031 2020 2117 2072 vi-

535 2112 785 2167 deremus
810 2121 864 2166 et
891 2113 1010 2181 quis
1038 2112 1144 2166 illic
1169 2113 1239 2165 sit
1265 2120 1457 2165 status.
1488 2110 1782 2180 Cujusnam
1813 2111 1892 2165 rei
1923 2119 2006 2166 est
2032 2126 2120 2165 ar-

535 2202 668 2257 rha?
691 2202 1115 2271 Redemptionis,
1146 2201 1512 2273 acquisitionis
1538 2220 1550 2253 :
1576 2216 1708 2271 pura
1734 2201 1877 2255 enim
1908 2210 2033 2257 tunc
2062 2203 2120 2257 fit

531 2295 851 2364 redemptio.
874 2293 1003 2349 Nam
1031 2308 1174 2349 nunc
1194 2293 1408 2363 quidem
1434 2303 1488 2349 et
1513 2292 1567 2347 in
1593 2292 1791 2347 mundo
1812 2307 2120 2365 versamur,

531 2400 583 2442 et
610 2389 776 2441 multa
808 2386 1039 2440 humana
1070 2386 1223 2441 nobis
1248 2385 1521 2451 accidunt,
1555 2395 1610 2440 et
1637 2398 1822 2439 sumus
1853 2399 1975 2438 cum
2008 2385 2108 2438 im-

532 2478 828 2548 piiszpura
884 2486 1062 2532 autem
1111 2485 1239 2531 tunc
1285 2485 1370 2530 est
1394 2475 1716 2545 redemptio,
1746 2474 1960 2544 quando
2010 2488 2113 2530 nec

526 2579 651 2623 sunt
694 2557 929 2638 peccaia,
975 2582 1073 2622 nec
1114 2568 1361 2621 humanae
1395 2565 1726 2629 alfectiones,
1774 2580 1950 2635 neque
1978 2581 2108 2636 pro-

528 2662 727 2717 miscue
758 2677 942 2716 sumus
962 2675 1084 2715 cum
1117 2659 1386 2713 omnibus.
1437 2658 1588 2714 Nunc
1608 2668 1784 2713 autem
1815 2669 1897 2714 est
1924 2658 2103 2714 arrha.

526 2754 652 2808 Nam
684 2764 739 2809 et
764 2768 905 2808 nunc
930 2753 996 2808 ab
1024 2753 1151 2822 ipsis
1175 2751 1449 2817 absumus,
1477 2759 1535 2806 et
1559 2751 1896 2805 conversatio
1924 2761 2106 2805 nostra

525 2863 629 2900 flOfl
656 2856 738 2901 est
752 2860 913 2916 super
929 2854 1147 2909 terram,
1171 2853 1227 2899 et
1244 2858 1383 2898 nunc
1399 2858 1582 2897 sumus
1600 2851 1749 2898 extra
1772 2844 2058 2912 prasentia
2084 2860 2099 2897 τ

521 2954 643 2992 nam
679 2953 818 2992 nunc
844 2952 1058 3007 quoque
1090 2950 1276 2990 sumus
1302 2934 1544 2988 advenae.
1586 2933 1655 2987 In
1687 2932 1892 2987 laudem
1927 2934 2106 3005 gloria:

520 3030 698 3099 ipsius.
727 3028 840 3084 Hoc
865 3029 1017 3099 ponit
1039 3027 1271 3083 assidue.
1301 3026 1542 3095 Quanam
1564 3025 1631 3081 de
1649 3028 1845 3081 causa?
1871 3026 1940 3083 Ut
1963 3027 2103 3097 quod

516 3121 647 3175 satis
672 3120 742 3174 sit
766 3119 832 3174 ad
862 3119 1159 3174 faciendam
1189 3116 1346 3172 fidem
1378 3116 1735 3172 auditoribus.
1766 3116 1897 3172 Nam
1927 3117 2068 3188 siqui
2087 3148 2102 3160 -

519 3212 639 3269 dem
670 3222 853 3268 nostra
881 3227 1041 3267 causa
1079 3212 1194 3266 lucc
1219 3212 1441 3275 faceret,
1473 3211 1665 3277 inquit,
1699 3226 1788 3266 res
1825 3226 1929 3266 non
1958 3222 2103 3267 esset

519 3304 630 3358 sine
652 3303 813 3357 dubio
843 3320 858 3357 :
885 3303 929 3357 si
955 3313 1131 3356 autem
1149 3311 1371 3372 pr0pter
1396 3315 1479 3367 se,
1507 3309 1564 3355 et
1589 3309 1646 3355 ut
1672 3314 1822 3355 suam
1853 3304 2102 3357 ostendat

517 3399 832 3463 bonitatem,
891 3406 1160 3467 tamquam
1210 3394 1479 3465 quoddam
1533 3393 1898 3466 testimonium
1951 3395 2101 3465 ponit

516 3504 725 3544 causam
748 3488 888 3560 quod
910 3488 1025 3543 haec
1050 3503 1157 3541 non
1184 3487 1339 3541 aliter
1361 3485 1495 3540 facta
1526 3485 1635 3539 sint
1662 3503 1675 3538 :
1699 3501 1820 3556 quae
1846 3487 1898 3540 in
1928 3486 2098 3541 Israe-

514 3582 621 3635 litis
646 3581 889 3636 videmus
928 3580 1239 3650 frequenter
1264 3579 1369 3633 dici
1398 3595 1412 3632 :
1448 3576 1555 3632 Fac
1580 3579 1723 3632 nobis
1754 3588 1961 3649 propter
1999 3595 2096 3632 no-

511 3687 624 3725 men
653 3682 793 3725 tuum
820 3670 992 3743 (Psal.
1024 3669 1147 3726 108.
1170 3668 1294 3740 el);
1324 3682 1619 3739 rursusque
1644 3667 1785 3723 Deus
1807 3668 1919 3738 ipse
1947 3667 2096 3723 dice-

512 3765 619 3828 bat,
651 3763 807 3818 Facio
834 3773 1040 3834 propter
1065 3778 1144 3816 me
1166 3760 1323 3832 (Isai.
1346 3761 1438 3816 48.
1462 3761 1585 3831 11);
1617 3768 1673 3816 et
1706 3760 1934 3831 Moyses,
1983 3759 2093 3814 Fac

511 3859 654 3912 nobis
690 3868 897 3928 propter
929 3872 1113 3911 nomen
1155 3866 1320 3920 tuum,
1364 3854 1575 3910 etiamsi
1626 3864 1844 3923 propter
1886 3852 2089 3908 nullum

509 3954 758 4008 alterum.
817 3950 933 4007 Hoc
980 3951 1125 4005 enim
1171 3948 1434 4005 certiores
1490 3946 1667 4001 reddit
1720 3945 1993 4000 auditores
2041 3956 2096 4001 et

507 4046 684 4117 erigit,
713 4053 771 4099 ut
789 4044 879 4115 qui
900 4042 1185 4099 didicerint
1212 4040 1354 4111 quod
1381 4046 1600 4109 propter
1627 4052 1779 4091 suam
1802 4037 2093 4091 bonitatem

508 4141 687 4195 omnia
713 4142 785 4194 sit
815 4136 1050 4192 facturus
1084 4151 1203 4205 qua:
1230 4132 1513 4205 promittit.
1559 4129 1665 4186 Sed
1703 4130 1828 4184 dum
1858 4127 1974 4184 haec
2000 4144 2096 4183 au-

507 4233 705 4295 dimus,
735 4244 804 4286 ne
828 4230 999 4284 simus
1033 4226 1168 4297 pigri
1197 4234 1251 4281 et
1280 4223 1440 4278 otiosi
1466 4240 1479 4276 :
1508 4236 1631 4276 nam
1659 4221 1760 4276 etsi
1790 4229 2008 4291 propter
2033 4234 2093 4275 se

506 4323 653 4391 facit,
682 4321 777 4377 sed
804 4330 983 4376 tamen
1010 4319 1172 4373 etiam
1201 4324 1382 4370 nostra
1409 4329 1441 4369 a
1467 4312 1625 4367 nobis
1650 4311 1834 4381 exigit.
1862 4311 1994 4366 Nam
2021 4310 2085 4377 si,

506 4416 611 4471 Eos
648 4416 734 4487 qui
757 4431 835 4469 me
859 4412 1148 4484 glorificaut
1176 4407 1492 4481 gloriﬁcabo,
1527 4404 1720 4475 inquit,
1748 4412 1796 4456 et
1831 4404 1919 4472 qui
1943 4417 2088 4473 aper-

501 4516 629 4562 nunt
673 4513 973 4578 spernentur
1017 4504 1094 4573 (1.
1138 4500 1265 4572 Reg.
1312 4498 1368 4553 2.
1414 4496 1546 4564 '50),
1601 4495 1900 4566 cogitemus
1944 4492 2088 4564 quod

502 4610 689 4656 nostra
718 4613 930 4671 quoque
956 4611 986 4650 a
1026 4596 1181 4650 nobis
1219 4593 1418 4662 exigat.
1466 4590 1609 4645 Laus
1639 4599 1722 4645 est
1763 4596 1941 4643 autem
1969 4587 2088 4657 ejus

500 4695 711 4767 gloriaz,
752 4692 932 4748 salvos
969 4689 1151 4745 facere
1186 4688 1454 4751 inimicos,
1496 4684 1592 4739 sed
1625 4697 1744 4747 eos,
1795 4682 1887 4752 qui
1935 4689 2087 4751 post-

499 4801 661 4859 quam
700 4783 828 4841 facti
866 4789 994 4839 sunt
1029 4781 1208 4845 amici,
1245 4777 1403 4833 amici
1445 4784 1683 4831 manent.
1738 4773 1891 4842 Quod
1931 4774 1977 4828 si
2016 4772 2087 4829 ad

498 4879 709 4950 priores
746 4873 1012 4932 redierint
1034 4870 1365 4935 inimicitias,
1409 4877 1614 4924 temere
1633 4872 1690 4923 et
1725 4864 1923 4921 frustra
1950 4863 2087 4919 fiunt

495 4968 702 5024 omnia.

567 5081 625 5137 5.
649 5078 767 5136 Non
789 5086 875 5134 est
893 5076 1035 5133 enim
1058 5074 1287 5129 alterum
1312 5070 1585 5126 lavacrum
1605 5107 1622 5134 ,
1649 5082 1825 5137 neque
1849 5066 2083 5122 secunda

497 5172 884 5234 reconciliatio.
910 5169 1006 5226 sed
1028 5167 1283 5249 terribilis
1312 5162 1558 5236 quaedam
1579 5160 1912 5232 exspectatio
1932 5160 2081 5230 judi-

492 5270 603 5334 cii,
648 5277 707 5324 et
744 5264 1011 5322 aemulatio
1054 5261 1193 5332 ignis
1228 5257 1440 5315 exesnri
1475 5253 1835 5312 adversarios.
1876 5252 2010 5308 Nam
2035 5253 2082 5309 si

493 5378 618 5419 cum
644 5376 711 5417 eo
738 5372 953 5428 semper
992 5364 1241 5426 gerentes
1283 5350 1625 5417 inimicitias,
1666 5348 1877 5403 veniam
1909 5346 2081 5417 impe-

492 5464 696 5510 tremus
718 5490 734 5514 ,
763 5463 873 5504 non
896 5444 1228 5503 cessabimus
1254 5442 1306 5498 ei
1333 5456 1455 5497 esse
1480 5439 1705 5506 inimici,
1734 5446 1791 5494 et
1821 5435 2082 5507 voluptati

493 5544 807 5613 indulgere,
855 5549 913 5597 et
953 5537 1071 5594 fieri
1113 5535 1411 5593 deteriores
1432 5575 1449 5601 ,
1488 5542 1543 5590 et
1579 5532 1755 5588 orbati
1803 5545 1924 5586 esse
1966 5528 2081 5585 sole

489 5635 711 5708 iustitiae
736 5632 829 5706 qui
856 5632 1106 5688 accessit.
1135 5630 1229 5685 Vis
1256 5629 1502 5697 accipere
1535 5624 1741 5681 radium
1773 5631 1897 5678 tuos
1939 5636 2073 5693 ape-

492 5731 722 5788 rientem
739 5727 959 5785 oculos?
978 5725 1087 5783 Fac
1104 5740 1197 5781 eos
1217 5720 1491 5794 pulchros,
1510 5733 1692 5786 sanos,
1719 5714 2077 5788 perspicaces.

489 5821 737 5895 ostendit
778 5821 875 5877 tibi
921 5820 1095 5876 lucem
1127 5832 1327 5875 veram:
1358 5814 1401 5871 si
1429 5828 1549 5869 eam
1592 5811 1801 5883 fugiens
1826 5807 1892 5865 ad
1922 5816 2073 5864 tene-
2122 5885 2135 5888 ᾗ

2263 457 2388 513 bras
2429 463 2724 517 accurreris
2747 505 2763 529 ,
2816 480 3060 533 quaenam
3108 468 3213 523 erit
3247 470 3554 536 excusatio,
3592 487 3818 543 quanam

2258 548 2457 602 venia?
2500 548 2655 606 Nulla
2694 554 2923 622 amplius
2957 573 2971 609 :
3002 556 3105 611 hoc
3144 568 3229 613 est
3269 560 3415 615 enim
3461 564 3674 632 signum
3720 564 3819 620 odil

2257 640 2560 697 ineﬂ'ahilis.
2609 643 2742 700 Nam
2789 647 3005 717 quando
3046 650 3214 705 Deum
3259 652 3475 723 quidem
3522 656 3820 726 nesciebas,

2252 735 2393 804 quod
2417 738 2465 791 ei
2503 752 2652 793 esses
2676 739 2924 796 inimicus
2943 781 2960 808 ,
2990 750 3281 813 utcumque
3321 745 3497 817 aliqua
3526 747 3624 802 tibi
3656 748 3812 803 danda

2251 836 2367 880 erat
2411 830 2564 883 venia
2602 847 2617 884 :
2650 843 2931 902 postquam
2974 843 3152 888 autem
3198 834 3581 907 benignitatem
3626 850 3681 896 et
3721 842 3817 898 mel

2248 920 2496 986 gustasti,
2521 919 2568 975 si
2597 921 2662 976 iis
2691 921 2929 979 dimissis
2955 923 3021 978 ad
3054 934 3201 979 tuum
3231 930 3519 984 revertaris
3543 932 3810 998 vomitum,

2247 1009 2377 1065 nihil
2408 1012 2551 1067 aliud
2581 1029 2737 1083 quam
2771 1031 2957 1086 magna
2986 1017 3193 1086 profers
3218 1019 3366 1090 signa
3394 1021 3500 1077 odii
3526 1032 3580 1078 et
3601 1036 3815 1080 contem-

2243 1112 2385 1171 ptus.
2411 1104 2548 1172 Non,
2577 1108 2764 1177 inquit,
2785 1108 2877 1163 sed
2894 1110 3263 1167 necessitatem
3286 1113 3414 1167 mihi
3432 1113 3588 1168 affert
3604 1125 3777 1171 natura
3797 1161 3810 1173 .

2240 1202 2403 1264 atque
2430 1195 2697 1251 Christum
2730 1198 2943 1268 quidem
2971 1200 3135 1273 diligo
3158 1244 3175 1268 ,
3215 1200 3381 1275 cogor
3404 1213 3582 1261 autem
3612 1222 3641 1260 a
3672 1220 3812 1264 natu.-

2239 1297 2319 1337 ra.
2367 1286 2422 1341 Si
2460 1289 2834 1345 necessitatem
2879 1302 2936 1347 et
2966 1293 3073 1347 vim
3120 1294 3424 1361 sustineas,
3474 1298 3567 1353 tibi
3612 1298 3812 1356 dabitur

2236 1368 2389 1430 venia
2422 1394 2435 1430 :
2467 1378 2512 1432 si
2536 1388 2715 1435 autem
2742 1382 2811 1436 ob
2839 1383 3143 1438 socordiam
3177 1384 3325 1440 cadis
3350 1396 3404 1442 et
3423 1388 3806 1459 negligentiam,

2234 1480 2472 1524 minime.

2306 1557 2523 1615 Peccala
2565 1580 2666 1617 non
2709 1564 2841 1633 ﬁunt
2884 1581 2948 1620 ea:
2984 1568 3518 1642 necessitate.--Age
3557 1586 3684 1642 ergo
3706 1572 3802 1629 hoc

2232 1648 2404 1717 ipsum
2447 1655 2852 1722 examinemus,
2891 1666 3182 1727 peccatane
3220 1660 3350 1715 fiant
3385 1676 3451 1717 ex
3494 1665 3806 1721 necessitate

2230 1750 2286 1794 ct
2323 1742 2608 1811 violentia,
2654 1762 2721 1800 an
2768 1763 2831 1801 ex
2875 1749 3034 1802 multa
3081 1750 3328 1805 socordia
3371 1761 3426 1807 et
3461 1754 3797 1825 negligentia.

2230 1829 2351 1885 Non
2395 1835 2590 1889 occides
2619 1834 2639 1908 (
2665 1836 2834 1891 Exod.
2860 1837 2951 1893 ’20.
2982 1840 3050 1894 15
3071 1841 3091 1909 )
3111 1880 3127 1906 ,
3160 1840 3348 1912 inquit.
3392 1842 3650 1909 Quanam
3677 1861 3799 1917 ergo

2226 1925 2553 1980 necessitas?
2615 1943 2857 1997 quaenam
2905 1931 2987 1984 vis
3036 1945 3103 1985 eo
3151 1932 3357 2003 adigit?
3410 1933 3502 1989 Vis
3550 1945 3634 1990 est
3679 1953 3800 2008 ergo

2223 2013 2488 2070 occidere.
2524 2016 2655 2084 Quis
2700 2019 2844 2072 enim
2901 2034 2996 2074 sua
3049 2031 3242 2091 sponte
3274 2023 3495 2093 elegerit
3546 2026 3798 2099 intingerc

2223 2117 2405 2159 ensem
2461 2108 2512 2160 in
2569 2117 2784 2178 gutture
2838 2112 3101 2179 proximi,
3166 2121 3221 2166 et
3282 2124 3564 2170 cruentare
3614 2116 3796 2173 dexte-

2221 2196 2379 2250 tam?
2409 2196 2596 2252 Nemo.
2646 2198 2989 2270 Videsquod
3019 2212 3205 2257 contra
3226 2244 3241 2267 ,
3289 2219 3510 2273 peccare
3550 2215 3635 2262 est
3682 2224 3794 2263 ma-

2215 2285 2300 2351 gis
2351 2289 2641 2344 necessitas
2678 2299 2734 2344 et
2774 2288 3074 2345 violentia?
3112 2292 3308 2349 indidit
3348 2295 3490 2349 enim
3520 2296 3662 2352 Deus
3707 2314 3797 2354 na-

2188 2385 2351 2431 turae
2390 2388 2586 2433 nostra:
2608 2381 2873 2449 quoddam
2916 2386 3234 2439 amatorium
3257 2426 3273 2450 ,
3301 2394 3360 2440 ut
3395 2385 3531 2442 alter
3568 2387 3791 2444 alterum

2215 2468 2444 2526 invicem
2492 2472 2776 2543 diligamus
2819 2492 2832 2528 :
2876 2474 3039 2529 Omne
3096 2475 3274 2541 enim,
3345 2477 3554 2548 inquit,
3602 2480 3796 2534 animal

2213 2562 2383 2634 diligit
2409 2564 2576 2619 simile
2602 2566 2731 2631 sibi,
2780 2577 2829 2620 et
2867 2568 3017 2620 Immo
3058 2584 3209 2621 suum
3252 2570 3541 2638 proximum
3588 2569 3607 2640 (
3629 2569 3790 2627 Eccli.

2213 2657 2301 2712 15.
2331 2656 2456 2726 19).
2488 2656 2646 2713 Vides
2681 2659 2822 2729 quod
2865 2659 2932 2714 ad
2975 2659 3224 2714 virtutem
3256 2662 3457 2715 semina
3505 2661 3794 2718 habeamus

2208 2762 2239 2801 a
2286 2750 2521 2804 natura?
2565 2751 2764 2806 Vitium
2811 2761 2989 2808 autem
3035 2763 3119 2807 est
3168 2763 3360 2822 pra-ter
3406 2762 3698 2812 naturam:
3746 2759 3790 2811 si

2209 2838 2335 2895 vitia
2360 2844 2528 2913 magis
2548 2842 2892 2900 dominantur
2913 2886 2929 2911 ,
2959 2846 3060 2900 hoc
3087 2854 3172 2900 est
3196 2853 3568 2916 argumentum
3596 2857 3793 2905 nostra:

2208 2935 2454 3005 segnitiei
2505 2952 2712 3008 magnte
2756 2947 2812 2993 et
2854 2937 3096 3009 ignaviae.
3143 2936 3280 3007 Quid
3329 2937 3500 2993 vero?
3542 2954 3787 3009 quamam

2208 3029 2497 3085 necessitas
2535 3045 2634 3085 nos
2662 3029 2809 3086 ducit
2850 3030 2917 3085 ad
2960 3030 3327 3085 adulterium?
3356 3028 3513 3086 Certe
3535 3071 3552 3098 ,
3578 3030 3785 3101 inquit,

2204 3119 2450 3190 tyrannis
2473 3120 2724 3176 libidinis.
2756 3121 2932 3189 Quare
2950 3162 2966 3185 ,
2995 3120 3083 3177 die
3103 3161 3121 3186 ,
3147 3122 3374 3193 quaeso?
3404 3136 3513 3177 non
3543 3122 3669 3178 licet
3691 3124 3786 3179 tibi

2205 3218 2292 3264 tua
2340 3212 2416 3265 uti
2465 3227 2671 3277 uxore,
2717 3223 2772 3267 et
2815 3211 3090 3268 libidinem
3137 3212 3374 3268 sedare?
3422 3212 3529 3268 Sed
3568 3214 3787 3284 capior,

2203 3303 2412 3374 inquit,
2457 3304 2686 3375 quodam
2723 3320 2906 3362 amore
2937 3304 3125 3361 uxoris
3152 3305 3402 3375 proximi.
3432 3305 3548 3361 Non
3576 3315 3660 3362 est
3684 3305 3791 3359 hoc.

2202 3396 2387 3465 utique
2416 3395 2754 3451 necessitatis
2779 3414 2795 3451 :
2824 3412 2933 3451 non
2959 3406 3042 3452 est
3065 3396 3208 3453 enim
3236 3412 3389 3452 amor
3412 3398 3747 3453 necessitatis
3771 3417 3789 3452 :

2202 3500 2360 3541 nemo
2379 3493 2523 3540 amat
2543 3486 2882 3551 necessitate,
2910 3486 3002 3543 sed
3025 3495 3217 3556 sponte
3236 3495 3290 3542 et
3308 3487 3475 3542 libera
3498 3487 3784 3543 electione.

2200 3580 2375 3651 Atque
2400 3578 2468 3635 ad
2492 3581 2692 3636 coitum
2720 3579 2933 3651 quidem
2961 3578 3187 3636 fortasse
3209 3579 3439 3650 impellit
3462 3580 3793 3647 necessitas;

2200 3683 2260 3728 ut
2286 3673 2423 3729 hanc
2448 3682 2629 3729 autem
2658 3682 2752 3728 aut
2779 3673 2922 3728 illam
2951 3687 3100 3729 ames
3119 3714 3135 3740 ,
3163 3688 3269 3728 non
3296 3683 3382 3729 est
3408 3674 3743 3730 necessitatis
3771 3694 3788 3729 :

2200 3782 2373 3838 neque
2398 3781 2462 3822 ea
2484 3781 2571 3823 res
2597 3776 2683 3822 est
2706 3765 3032 3821 desiderium
3056 3765 3229 3821 coitus
3248 3806 3264 3829 ,
3293 3764 3388 3820 sed
3417 3764 3587 3819 inanis
3612 3766 3790 3835 gloria

2198 3872 2252 3917 et
2294 3860 2614 3917 contumelia
2640 3902 2655 3923 ,
2701 3870 2757 3914 et
2800 3874 2922 3928 quae
2975 3858 3192 3913 modum
3238 3857 3507 3914 excedunt
3552 3856 3787 3913 deliciau

2196 3952 2329 4007 Nam
2358 3963 2533 4007 utrum
2561 3950 2731 4021 magis
2759 3959 2843 4005 est
2874 3947 3069 4004 rationi
3098 3958 3520 4005 consentaneum
3540 3990 3557 4015 ,
3589 3964 3777 4004 eamut

2198 4044 2396 4100 habere
2439 4057 2558 4113 quae
2601 4049 2688 4097 est
2734 4040 3040 4111 desponsa,
3088 4054 3208 4109 quae
3248 4046 3334 4093 est
3378 4038 3519 4093 socia
3551 4039 3771 4093 filiorum

2198 4133 2619 4204 procreationis,
2653 4148 2720 4187 an
2761 4147 2880 4186 eam
2911 4145 3029 4200 quae
3057 4144 3164 4185 non
3200 4140 3284 4185 est
3319 4126 3577 4201 cognita?
3606 4134 3783 4185 nesci~

2195 4227 2266 4281 lis
2308 4225 2449 4297 quod
2498 4223 2918 4280 consuetudines
2970 4222 3184 4292 pariunt
3229 4219 3531 4276 amicitias?
3576 4221 3787 4289 Quatu—

2195 4320 2381 4375 obrem
2428 4333 2535 4373 non
2566 4326 2650 4373 est
2678 4326 2906 4372 naturae.
2954 4315 3073 4370 Noli
3111 4328 3368 4370 accusare
3393 4315 3785 4383 concupiscent.

2194 4413 2365 4468 tiam:
2396 4412 2517 4468 data
2558 4421 2643 4467 est
2680 4418 2900 4482 propter
2941 4407 3342 4463 matrimonium
3364 4447 3380 4471 ,
3428 4406 3665 4463 exhibita
3697 4415 3787 4465 est

2192 4505 2260 4559 ad
2282 4503 2579 4560 liberorum
2598 4500 3024 4573 procreationem
3045 4540 3062 4566 ,
3087 4512 3192 4552 non
3217 4504 3435 4567 propter
3456 4496 3791 4555 adulteriqu

2194 4611 2367 4667 neque
2392 4603 2612 4666 propter
2632 4602 2899 4662 stuprum.
2930 4590 3118 4645 Sciunt
3140 4588 3302 4643 etiam
3329 4587 3475 4658 leges
3500 4589 3793 4657 ignoscere

2192 4688 2429 4760 peccatis
2454 4701 2574 4757 quae
2615 4684 2749 4739 ﬁunt
2774 4698 2843 4738 ex
2868 4681 3191 4737 necessitate
3219 4696 3235 4734 :
3267 4678 3375 4733 imo
3415 4692 3546 4733 vero
3573 4676 3793 4734 nullum

2192 4789 2277 4838 est
2303 4787 2580 4851 peccatum
2614 4775 2762 4848 quod
2791 4776 2883 4831 fiat
2921 4789 2988 4829 ex
3019 4772 3380 4838 necessitate,
3411 4769 3507 4826 sed
3534 4769 3719 4826 omnia
3754 4788 3791 4826 a

2190 4872 2540 4931 contumelia.
2589 4870 2706 4926 Non
2735 4869 2877 4925 enim
2906 4868 3046 4923 Deus
3074 4866 3154 4921 sic
3180 4864 3471 4920 fabricatus
3513 4871 3597 4918 est
3620 4871 3797 4918 natu-

2191 4986 2307 5027 ram
2328 5010 2344 5035 ,
2366 4978 2427 5023 ut
2445 4980 2667 5023 necesse
2695 4964 2888 5019 habeat
2912 4975 3138 5033 peccare
3166 4976 3182 5013 :
3208 4955 3406 5028 alioqui
3431 4955 3477 5012 si
3504 4956 3577 5011 ita
3607 4965 3792 5019 esset.

2192 5079 2299 5119 non
2330 5070 2477 5117 esset
2510 5073 2690 5131 pcena.
2744 5055 2819 5111 De
2847 5054 2916 5109 iis
2942 5054 3087 5109 enim
3115 5066 3235 5121 quae
3263 5049 3313 5103 vi
3344 5049 3481 5105 fiunt
3503 5056 3559 5103 et
3581 5061 3797 5103 neces-

2191 5157 2383 5220 sitate,
2436 5168 2504 5209 ne
2542 5165 2641 5206 nos
2674 5147 2889 5220 quidem
2935 5145 3197 5215 exigimus
3237 5140 3543 5205 rationem;
3576 5138 3795 5195 nedum

2193 5247 2334 5304 Deus
2358 5245 2448 5316 qui
2475 5251 2558 5299 est
2584 5240 2719 5296 adeo
2744 5238 2984 5294 clemens
3007 5277 3023 5303 ,
3071 5234 3333 5303 benignus
3362 5242 3417 5288 et
3444 5232 3639 5286 bonus.
3670 5230 3798 5287 Sed

2190 5311 2543 5410 quid,rfurari
2574 5343 2657 5389 est
2700 5327 3075 5386 necessitatis?
3120 5326 3329 5391 Etiam,
3374 5323 3625 5393 inquies;
3674 5321 3799 5378 hoc

2190 5430 2334 5488 enim
2363 5427 2490 5484 facit
2532 5432 2837 5495 paupertas.
2868 5420 2983 5476 Imo
3010 5432 3140 5473 vero
3183 5424 3467 5487 paupertas
3491 5412 3648 5468 affert
3676 5427 3799 5465 ne-

2190 5523 2494 5581 cessitatem
2537 5515 2834 5589 operandi,
2880 5528 2985 5568 non
3028 5508 3262 5565 furandi.
3309 5508 3603 5577 Paupertas
3646 5518 3799 5571 ergo

2189 5617 2320 5673 facit
2357 5611 2686 5670 contrarium
2717 5626 2731 5662 :
2761 5604 2923 5662 furari
2975 5602 3120 5658 enim
3145 5608 3232 5656 est
3276 5598 3371 5653 otii
3418 5606 3475 5653 et
3516 5593 3796 5659 desidia;

2187 5715 2470 5782 paupertas
2497 5687 2673 5757 autem
2701 5714 2807 5754 non
2836 5697 2977 5752 solet
2996 5707 3185 5765 parere
3209 5691 3377 5746 otium
3402 5697 3459 5744 et
3479 5685 3755 5782 desidiam
3778 5724 3800 5748 ,

2192 5777 2521 5858 sedilaboris
2561 5806 2824 5850 amorem.
2873 5788 3052 5856 Quare
3077 5783 3207 5841 illud
3234 5794 3446 5853 quoque
3484 5787 3566 5834 est
3591 5777 3796 5848 segni-
