  <div class='ocr_page' id='page_1' title='image "/cluster/home/n/w/nwhite01/storage/ocr_20150623/62/nnc1.0046979654/026.png"; bbox 0 0 4068 6390; ppageno 0'>
   <div class='ocr_carea' id='block_1_1' title="bbox 353 307 1921 379">
    <p class='ocr_par' dir='ltr' id='par_1_1' title="bbox 353 308 1921 379">
     <span class='ocr_line' id='line_1_1' title="bbox 353 308 1921 379; baseline -0.017 11"><span class='ocrx_word' id='word_1_1' title='bbox 353 323 423 379; x_wconf 65' lang='grc'>19</span> <span class='ocrx_word' id='word_1_2' title='bbox 1301 318 1373 375; x_wconf 81' lang='lat' dir='ltr'>IN</span> <span class='ocrx_word' id='word_1_3' title='bbox 1409 316 1627 373; x_wconf 85' lang='lat' dir='ltr'>EPIST.</span> <span class='ocrx_word' id='word_1_4' title='bbox 1668 313 1763 369; x_wconf 82' lang='lat' dir='ltr'><strong>AD</strong></span> <span class='ocrx_word' id='word_1_5' title='bbox 1792 308 1921 368; x_wconf 83' lang='lat' dir='ltr'>EPH</span> 
     </span>
    </p>
   </div>
   <div class='ocr_carea' id='block_1_2' title="bbox 2028 307 3592 379">
    <p class='ocr_par' dir='ltr' id='par_1_2' title="bbox 2028 310 3592 371">
     <span class='ocr_line' id='line_1_2' title="bbox 2028 310 3592 371; baseline -0.001 -6"><span class='ocrx_word' id='word_1_6' title='bbox 2028 349 2035 364; x_wconf 86' lang='lat'><em>.</em></span> <span class='ocrx_word' id='word_1_7' title='bbox 2068 312 2226 370; x_wconf 83' lang='lat' dir='ltr'>CAP.</span> <span class='ocrx_word' id='word_1_8' title='bbox 2267 315 2287 369; x_wconf 88' lang='lat' dir='ltr'><strong>l</strong></span> <span class='ocrx_word' id='word_1_9' title='bbox 2328 314 2557 370; x_wconf 78' lang='lat' dir='ltr'>HOMIL.</span> <span class='ocrx_word' id='word_1_10' title='bbox 2596 314 2660 371; x_wconf 86' lang='grc' dir='ltr'>ΙΙ.</span> <span class='ocrx_word' id='word_1_11' title='bbox 3519 310 3592 365; x_wconf 78' lang='grc'>20</span> 
     </span>
    </p>
   </div>
   <div class='ocr_carea' id='block_1_3' title="bbox 344 433 1918 508">
    <p class='ocr_par' dir='ltr' id='par_1_3' title="bbox 344 433 1918 508">
     <span class='ocr_line' id='line_1_3' title="bbox 344 433 1918 508; baseline -0.009 -13"><span class='ocrx_word' id='word_1_12' title='bbox 344 456 437 495; x_wconf 80' lang='grc' dir='ltr'>να.</span> <span class='ocrx_word' id='word_1_13' title='bbox 471 438 637 491; x_wconf 85' lang='grc' dir='ltr'>Ὅταν</span> <span class='ocrx_word' id='word_1_14' title='bbox 657 438 758 508; x_wconf 83' lang='grc' dir='ltr'>τὴν</span> <span class='ocrx_word' id='word_1_15' title='bbox 797 437 983 492; x_wconf 88' lang='grc' dir='ltr'>πίστιν</span> <span class='ocrx_word' id='word_1_16' title='bbox 1013 436 1102 490; x_wconf 76' lang='grc' dir='ltr'>διὰ</span> <span class='ocrx_word' id='word_1_17' title='bbox 1131 436 1243 488; x_wconf 82' lang='grc' dir='ltr'>τῶν</span> <span class='ocrx_word' id='word_1_18' title='bbox 1278 436 1456 507; x_wconf 84' lang='grc' dir='ltr'>ἐργων</span> <span class='ocrx_word' id='word_1_19' title='bbox 1480 434 1768 504; x_wconf 77' lang='grc' dir='ltr'>δείξωμεν,</span> <span class='ocrx_word' id='word_1_20' title='bbox 1797 433 1918 483; x_wconf 82' lang='grc' dir='ltr'>τότε</span> 
     </span>
    </p>
   </div>
   <div class='ocr_carea' id='block_1_4' title="bbox 345 523 1919 599">
    <p class='ocr_par' dir='ltr' id='par_1_4' title="bbox 345 523 1919 599">
     <span class='ocr_line' id='line_1_4' title="bbox 345 523 1919 599; baseline -0.006 -17"><span class='ocrx_word' id='word_1_21' title='bbox 345 530 411 582; x_wconf 88' lang='grc' dir='ltr'>τὸ</span> <span class='ocrx_word' id='word_1_22' title='bbox 439 530 550 582; x_wconf 79' lang='grc' dir='ltr'>πᾶν</span> <span class='ocrx_word' id='word_1_23' title='bbox 587 528 936 599; x_wconf 86' lang='grc' dir='ltr'>προστίθησι.</span> <span class='ocrx_word' id='word_1_24' title='bbox 972 526 1190 580; x_wconf 80' lang='grc' dir='ltr'>Μᾶλλον</span> <span class='ocrx_word' id='word_1_25' title='bbox 1225 524 1283 578; x_wconf 83' lang='grc' dir='ltr'>δὲ</span> <span class='ocrx_word' id='word_1_26' title='bbox 1319 526 1415 578; x_wconf 75' lang='grc' dir='ltr'>καὶ</span> <span class='ocrx_word' id='word_1_27' title='bbox 1455 525 1623 593; x_wconf 80' lang='grc' dir='ltr'>ἀλλην</span> <span class='ocrx_word' id='word_1_28' title='bbox 1648 523 1815 576; x_wconf 73' lang='grc' dir='ltr'>ἔδωκε</span> <span class='ocrx_word' id='word_1_29' title='bbox 1834 537 1919 573; x_wconf 89' lang='grc' dir='ltr'>τι-</span> 
     </span>
    </p>
   </div>
   <div class='ocr_carea' id='block_1_5' title="bbox 348 607 1917 687">
    <p class='ocr_par' dir='ltr' id='par_1_5' title="bbox 348 607 1917 687">
     <span class='ocr_line' id='line_1_5' title="bbox 348 607 1917 687; baseline -0.006 -18"><span class='ocrx_word' id='word_1_30' title='bbox 348 617 477 687; x_wconf 82' lang='grc' dir='ltr'>μὴν,</span> <span class='ocrx_word' id='word_1_31' title='bbox 494 615 553 669; x_wconf 83' lang='grc' dir='ltr'>τὸ</span> <span class='ocrx_word' id='word_1_32' title='bbox 583 615 714 669; x_wconf 86' lang='grc' dir='ltr'>ῐδιον</span> <span class='ocrx_word' id='word_1_33' title='bbox 739 608 902 683; x_wconf 79' lang='grc' dir='ltr'>αἷμα,</span> <span class='ocrx_word' id='word_1_34' title='bbox 927 615 1022 667; x_wconf 77' lang='grc' dir='ltr'>καὶ</span> <span class='ocrx_word' id='word_1_35' title='bbox 1050 614 1213 667; x_wconf 89' lang='grc' dir='ltr'>πάλιν</span> <span class='ocrx_word' id='word_1_36' title='bbox 1244 612 1411 682; x_wconf 83' lang='grc' dir='ltr'>ἀλλην</span> <span class='ocrx_word' id='word_1_37' title='bbox 1439 611 1727 681; x_wconf 84' lang='grc' dir='ltr'>ὑπέσχετο.</span> <span class='ocrx_word' id='word_1_38' title='bbox 1767 607 1917 661; x_wconf 82' lang='grc' dir='ltr'>Καθ-</span> 
     </span>
    </p>
   </div>
   <div class='ocr_carea' id='block_1_6' title="bbox 344 696 1919 772">
    <p class='ocr_par' dir='ltr' id='par_1_6' title="bbox 344 696 1919 772">
     <span class='ocr_line' id='line_1_6' title="bbox 344 696 1919 772; baseline -0.006 -16"><span class='ocrx_word' id='word_1_39' title='bbox 344 704 493 771; x_wconf 84' lang='grc' dir='ltr'>άπερ</span> <span class='ocrx_word' id='word_1_40' title='bbox 529 704 579 754; x_wconf 77' lang='grc' dir='ltr'>εἰ</span> <span class='ocrx_word' id='word_1_41' title='bbox 639 702 880 772; x_wconf 84' lang='grc' dir='ltr'>πόλεμος</span> <span class='ocrx_word' id='word_1_42' title='bbox 930 700 1261 772; x_wconf 79' lang='grc' dir='ltr'>είη,ἐθνεσι</span> <span class='ocrx_word' id='word_1_43' title='bbox 1315 700 1455 769; x_wconf 87' lang='grc' dir='ltr'>πρὸς</span> <span class='ocrx_word' id='word_1_44' title='bbox 1514 698 1643 769; x_wconf 82' lang='grc' dir='ltr'>ἐθνη</span> <span class='ocrx_word' id='word_1_45' title='bbox 1673 696 1919 749; x_wconf 86' lang='grc' dir='ltr'>διδόασιν</span> 
     </span>
    </p>
   </div>
   <div class='ocr_carea' id='block_1_7' title="bbox 340 780 1916 862">
    <p class='ocr_par' dir='ltr' id='par_1_7' title="bbox 340 780 1916 862">
     <span class='ocr_line' id='line_1_7' title="bbox 340 780 1916 862; baseline -0.004 -21"><span class='ocrx_word' id='word_1_46' title='bbox 340 791 587 862; x_wconf 84' lang='grc' dir='ltr'>ὁμήρους</span> <span class='ocrx_word' id='word_1_47' title='bbox 612 805 625 817; x_wconf 83' lang='grc'><strong><em>“</em></strong></span> <span class='ocrx_word' id='word_1_48' title='bbox 648 788 792 842; x_wconf 78' lang='grc' dir='ltr'>οὕτω</span> <span class='ocrx_word' id='word_1_49' title='bbox 847 788 941 842; x_wconf 80' lang='grc' dir='ltr'>καὶ</span> <span class='ocrx_word' id='word_1_50' title='bbox 970 791 999 842; x_wconf 85' lang='grc' dir='ltr'>ὁ</span> <span class='ocrx_word' id='word_1_51' title='bbox 1031 787 1165 850; x_wconf 89' lang='grc' dir='ltr'>Θεὸς</span> <span class='ocrx_word' id='word_1_52' title='bbox 1211 785 1381 840; x_wconf 81' lang='grc' dir='ltr'>ἐδωκε</span> <span class='ocrx_word' id='word_1_53' title='bbox 1435 784 1525 838; x_wconf 87' lang='grc' dir='ltr'>τὸν</span> <span class='ocrx_word' id='word_1_54' title='bbox 1567 782 1698 837; x_wconf 85' lang='grc' dir='ltr'>Υίὸν</span> <span class='ocrx_word' id='word_1_55' title='bbox 1728 780 1916 846; x_wconf 80' lang='grc' dir='ltr'>αὑτοῦ,</span> 
     </span>
    </p>
   </div>
   <div class='ocr_carea' id='block_1_8' title="bbox 338 869 1917 947">
    <p class='ocr_par' dir='ltr' id='par_1_8' title="bbox 338 869 1917 947">
     <span class='ocr_line' id='line_1_8' title="bbox 338 869 1917 947; baseline -0.004 -19"><span class='ocrx_word' id='word_1_56' title='bbox 338 878 442 945; x_wconf 81' lang='grc' dir='ltr'>τῆς</span> <span class='ocrx_word' id='word_1_57' title='bbox 474 878 697 947; x_wconf 80' lang='grc' dir='ltr'>εἰρήνης</span> <span class='ocrx_word' id='word_1_58' title='bbox 722 876 817 930; x_wconf 71' lang='grc' dir='ltr'>καὶ</span> <span class='ocrx_word' id='word_1_59' title='bbox 842 875 953 929; x_wconf 85' lang='grc' dir='ltr'>τῶν</span> <span class='ocrx_word' id='word_1_60' title='bbox 975 873 1217 928; x_wconf 84' lang='grc' dir='ltr'>σπονδῶν</span> <span class='ocrx_word' id='word_1_61' title='bbox 1241 874 1520 944; x_wconf 86' lang='grc' dir='ltr'>ἐνέχυρον,</span> <span class='ocrx_word' id='word_1_62' title='bbox 1544 873 1638 924; x_wconf 71' lang='grc' dir='ltr'>καὶ</span> <span class='ocrx_word' id='word_1_63' title='bbox 1656 871 1719 923; x_wconf 90' lang='grc' dir='ltr'>τὸ</span> <span class='ocrx_word' id='word_1_64' title='bbox 1748 869 1917 922; x_wconf 84' lang='grc' dir='ltr'>Πνεῦ-</span> 
     </span>
    </p>
   </div>
   <div class='ocr_carea' id='block_1_9' title="bbox 346 952 1920 1032">
    <p class='ocr_par' dir='ltr' id='par_1_9' title="bbox 346 952 1920 1032">
     <span class='ocr_line' id='line_1_9' title="bbox 346 952 1920 1032; baseline -0.004 -17"><span class='ocrx_word' id='word_1_65' title='bbox 346 979 425 1032; x_wconf 86' lang='grc' dir='ltr'>μα</span> <span class='ocrx_word' id='word_1_66' title='bbox 454 964 517 1016; x_wconf 91' lang='grc' dir='ltr'>τὸ</span> <span class='ocrx_word' id='word_1_67' title='bbox 560 962 717 1031; x_wconf 78' lang='grc' dir='ltr'>ἆγιον</span> <span class='ocrx_word' id='word_1_68' title='bbox 762 962 824 1014; x_wconf 90' lang='grc' dir='ltr'>τὸ</span> <span class='ocrx_word' id='word_1_69' title='bbox 860 962 921 1026; x_wconf 89' lang='grc' dir='ltr'>ἐξ</span> <span class='ocrx_word' id='word_1_70' title='bbox 944 960 1112 1015; x_wconf 82' lang='grc' dir='ltr'>αὐτοῦ</span> <span class='ocrx_word' id='word_1_71' title='bbox 1140 976 1153 989; x_wconf 91' lang='grc'><strong>·</strong></span> <span class='ocrx_word' id='word_1_72' title='bbox 1189 963 1237 1014; x_wconf 87' lang='grc' dir='ltr'>οί</span> <span class='ocrx_word' id='word_1_73' title='bbox 1270 961 1379 1031; x_wconf 86' lang='grc' dir='ltr'>γὰρ</span> <span class='ocrx_word' id='word_1_74' title='bbox 1404 959 1575 1023; x_wconf 77' lang='grc' dir='ltr'>ὅντως</span> <span class='ocrx_word' id='word_1_75' title='bbox 1600 952 1920 1027; x_wconf 87' lang='grc' dir='ltr'>Πνεύματος</span> 
     </span>
    </p>
   </div>
   <div class='ocr_carea' id='block_1_10' title="bbox 344 1043 1919 1119">
    <p class='ocr_par' dir='ltr' id='par_1_10' title="bbox 344 1043 1919 1119">
     <span class='ocr_line' id='line_1_10' title="bbox 344 1043 1919 1119; baseline -0.003 -18"><span class='ocrx_word' id='word_1_76' title='bbox 344 1049 690 1119; x_wconf 82' lang='grc' dir='ltr'>μετέχοντες,</span> <span class='ocrx_word' id='word_1_77' title='bbox 727 1048 907 1103; x_wconf 79' lang='grc' dir='ltr'>ἴσασιν</span> <span class='ocrx_word' id='word_1_78' title='bbox 952 1049 1033 1101; x_wconf 83' lang='grc' dir='ltr'>ὅτι</span> <span class='ocrx_word' id='word_1_79' title='bbox 1082 1046 1342 1118; x_wconf 76' lang='grc' dir='ltr'>ἀρραϐὼν</span> <span class='ocrx_word' id='word_1_80' title='bbox 1399 1047 1497 1116; x_wconf 82' lang='grc' dir='ltr'>τῆς</span> <span class='ocrx_word' id='word_1_81' title='bbox 1554 1043 1919 1116; x_wconf 80' lang='grc' dir='ltr'>κληρονομίας</span> 
     </span>
    </p>
   </div>
   <div class='ocr_carea' id='block_1_11' title="bbox 340 1124 1918 1209">
    <p class='ocr_par' dir='ltr' id='par_1_11' title="bbox 340 1124 1918 1209">
     <span class='ocr_line' id='line_1_11' title="bbox 340 1124 1918 1209; baseline -0.002 -21"><span class='ocrx_word' id='word_1_82' title='bbox 340 1137 502 1207; x_wconf 82' lang='grc' dir='ltr'>ἡμῶν</span> <span class='ocrx_word' id='word_1_83' title='bbox 561 1136 697 1193; x_wconf 84' lang='grc' dir='ltr'>ἐστι.</span> <span class='ocrx_word' id='word_1_84' title='bbox 729 1124 984 1202; x_wconf 85' lang='grc' dir='ltr'>Τοιοῦτος</span> <span class='ocrx_word' id='word_1_85' title='bbox 1026 1139 1056 1191; x_wconf 85' lang='grc' dir='ltr'>ὁ</span> <span class='ocrx_word' id='word_1_86' title='bbox 1103 1136 1316 1202; x_wconf 78' lang='grc' dir='ltr'>Παῦλος</span> <span class='ocrx_word' id='word_1_87' title='bbox 1367 1132 1470 1209; x_wconf 79' lang='grc' dir='ltr'>ἦν,</span> <span class='ocrx_word' id='word_1_88' title='bbox 1517 1134 1770 1190; x_wconf 83' lang='grc' dir='ltr'>ἐντεῦθεν</span> <span class='ocrx_word' id='word_1_89' title='bbox 1814 1133 1918 1204; x_wconf 83' lang='grc' dir='ltr'>ήδη</span> 
     </span>
    </p>
   </div>
   <div class='ocr_carea' id='block_1_12' title="bbox 339 1220 1918 1297">
    <p class='ocr_par' dir='ltr' id='par_1_12' title="bbox 339 1220 1918 1297">
     <span class='ocr_line' id='line_1_12' title="bbox 339 1220 1918 1297; baseline -0.001 -23"><span class='ocrx_word' id='word_1_90' title='bbox 339 1224 453 1278; x_wconf 84' lang='grc' dir='ltr'>τῶν</span> <span class='ocrx_word' id='word_1_91' title='bbox 499 1225 617 1278; x_wconf 86' lang='grc' dir='ltr'>ἐκεῖ</span> <span class='ocrx_word' id='word_1_92' title='bbox 654 1227 989 1297; x_wconf 79' lang='grc' dir='ltr'>γεγευμένος</span> <span class='ocrx_word' id='word_1_93' title='bbox 1017 1240 1031 1254; x_wconf 73' lang='grc' dir='ltr'><strong><em>ο</em></strong></span> <span class='ocrx_word' id='word_1_94' title='bbox 1077 1225 1157 1278; x_wconf 88' lang='grc' dir='ltr'>διὸ</span> <span class='ocrx_word' id='word_1_95' title='bbox 1192 1224 1284 1278; x_wconf 77' lang='grc' dir='ltr'>καὶ</span> <span class='ocrx_word' id='word_1_96' title='bbox 1324 1222 1585 1293; x_wconf 76' lang='grc' dir='ltr'>ἠπείγετο</span> <span class='ocrx_word' id='word_1_97' title='bbox 1624 1222 1721 1275; x_wconf 77' lang='grc' dir='ltr'>καὶ</span> <span class='ocrx_word' id='word_1_98' title='bbox 1759 1220 1918 1273; x_wconf 77' lang='grc' dir='ltr'>ὥδινε</span> 
     </span>
    </p>
   </div>
   <div class='ocr_carea' id='block_1_13' title="bbox 338 1307 1917 1384">
    <p class='ocr_par' dir='ltr' id='par_1_13' title="bbox 338 1307 1917 1384">
     <span class='ocr_line' id='line_1_13' title="bbox 338 1307 1917 1384; baseline -0.003 -20"><span class='ocrx_word' id='word_1_99' title='bbox 338 1312 411 1365; x_wconf 80' lang='grc' dir='ltr'>τὰ</span> <span class='ocrx_word' id='word_1_100' title='bbox 442 1313 631 1367; x_wconf 83' lang='grc' dir='ltr'>ἐνθάδε</span> <span class='ocrx_word' id='word_1_101' title='bbox 656 1316 897 1384; x_wconf 84' lang='grc' dir='ltr'>ἀφεῖναι,</span> <span class='ocrx_word' id='word_1_102' title='bbox 934 1314 1029 1367; x_wconf 75' lang='grc' dir='ltr'>καὶ</span> <span class='ocrx_word' id='word_1_103' title='bbox 1058 1313 1274 1366; x_wconf 78' lang='grc' dir='ltr'>ἔστενεν</span> <span class='ocrx_word' id='word_1_104' title='bbox 1307 1328 1320 1341; x_wconf 85' lang='grc'><em>’</em></span> <span class='ocrx_word' id='word_1_105' title='bbox 1351 1310 1561 1381; x_wconf 87' lang='grc' dir='ltr'>ἐτέροις</span> <span class='ocrx_word' id='word_1_106' title='bbox 1585 1309 1696 1379; x_wconf 83' lang='grc' dir='ltr'>γὰρ</span> <span class='ocrx_word' id='word_1_107' title='bbox 1712 1307 1917 1377; x_wconf 84' lang='grc' dir='ltr'>ὀφθαλ-</span> 
     </span>
    </p>
   </div>
   <div class='ocr_carea' id='block_1_14' title="bbox 344 1398 1919 1476">
    <p class='ocr_par' dir='ltr' id='par_1_14' title="bbox 344 1398 1919 1476">
     <span class='ocr_line' id='line_1_14' title="bbox 344 1398 1919 1476; baseline -0.005 -19"><span class='ocrx_word' id='word_1_108' title='bbox 344 1407 468 1474; x_wconf 86' lang='grc' dir='ltr'>μοῖς</span> <span class='ocrx_word' id='word_1_109' title='bbox 493 1405 662 1476; x_wconf 83' lang='grc' dir='ltr'>ἐώρα,</span> <span class='ocrx_word' id='word_1_110' title='bbox 691 1404 870 1458; x_wconf 86' lang='grc' dir='ltr'>πάντα</span> <span class='ocrx_word' id='word_1_111' title='bbox 891 1403 983 1456; x_wconf 87' lang='grc' dir='ltr'>τὸν</span> <span class='ocrx_word' id='word_1_112' title='bbox 1010 1401 1137 1456; x_wconf 82' lang='grc' dir='ltr'>νοῦν</span> <span class='ocrx_word' id='word_1_113' title='bbox 1161 1404 1504 1474; x_wconf 83' lang='grc' dir='ltr'>μεταστήσας</span> <span class='ocrx_word' id='word_1_114' title='bbox 1531 1401 1667 1453; x_wconf 85' lang='grc' dir='ltr'>ἐκεῖ.</span> <span class='ocrx_word' id='word_1_115' title='bbox 1692 1398 1766 1451; x_wconf 82' lang='grc' dir='ltr'>Οὐ</span> <span class='ocrx_word' id='word_1_116' title='bbox 1790 1414 1919 1468; x_wconf 88' lang='grc' dir='ltr'>μετ-</span> 
     </span>
    </p>
   </div>
   <div class='ocr_carea' id='block_1_15' title="bbox 339 1483 1913 1564">
    <p class='ocr_par' dir='ltr' id='par_1_15' title="bbox 339 1483 1913 1564">
     <span class='ocr_line' id='line_1_15' title="bbox 339 1483 1913 1564; baseline -0.004 -19"><span class='ocrx_word' id='word_1_117' title='bbox 339 1491 489 1562; x_wconf 73' lang='grc' dir='ltr'>έχεις</span> <span class='ocrx_word' id='word_1_118' title='bbox 530 1493 642 1545; x_wconf 83' lang='grc' dir='ltr'>τῶν</span> <span class='ocrx_word' id='word_1_119' title='bbox 697 1492 1043 1564; x_wconf 84' lang='grc' dir='ltr'>πραγμάτων</span> <span class='ocrx_word' id='word_1_120' title='bbox 1080 1505 1095 1519; x_wconf 84' lang='grc'><strong>·</strong></span> <span class='ocrx_word' id='word_1_121' title='bbox 1155 1490 1245 1544; x_wconf 83' lang='grc' dir='ltr'>διὰ</span> <span class='ocrx_word' id='word_1_122' title='bbox 1273 1487 1434 1543; x_wconf 88' lang='grc' dir='ltr'>τοῦτο</span> <span class='ocrx_word' id='word_1_123' title='bbox 1466 1488 1560 1542; x_wconf 78' lang='grc' dir='ltr'>καὶ</span> <span class='ocrx_word' id='word_1_124' title='bbox 1598 1487 1706 1539; x_wconf 85' lang='grc' dir='ltr'>τῶν</span> <span class='ocrx_word' id='word_1_125' title='bbox 1737 1483 1913 1556; x_wconf 71' lang='grc' dir='ltr'>ρημάυ</span> 
     </span>
    </p>
   </div>
   <div class='ocr_carea' id='block_1_16' title="bbox 338 1572 1918 1650">
    <p class='ocr_par' dir='ltr' id='par_1_16' title="bbox 338 1572 1918 1650">
     <span class='ocr_line' id='line_1_16' title="bbox 338 1572 1918 1650; baseline -0.005 -19"><span class='ocrx_word' id='word_1_126' title='bbox 338 1597 450 1633; x_wconf 87' lang='grc' dir='ltr'>των</span> <span class='ocrx_word' id='word_1_127' title='bbox 480 1580 788 1643; x_wconf 86' lang='grc' dir='ltr'>ἐκπίπτεις.</span> <span class='ocrx_word' id='word_1_128' title='bbox 820 1579 883 1632; x_wconf 84' lang='grc' dir='ltr'>Εί</span> <span class='ocrx_word' id='word_1_129' title='bbox 904 1578 1231 1650; x_wconf 89' lang='grc' dir='ltr'>μετείχομεν</span> <span class='ocrx_word' id='word_1_130' title='bbox 1261 1578 1463 1639; x_wconf 91' lang='grc' dir='ltr'>πάντες</span> <span class='ocrx_word' id='word_1_131' title='bbox 1481 1573 1820 1644; x_wconf 88' lang='grc' dir='ltr'>Πνεύματος,</span> <span class='ocrx_word' id='word_1_132' title='bbox 1841 1572 1918 1637; x_wconf 85' lang='grc' dir='ltr'>ὡς</span> 
     </span>
    </p>
   </div>
   <div class='ocr_carea' id='block_1_17' title="bbox 343 1657 1917 1737">
    <p class='ocr_par' dir='ltr' id='par_1_17' title="bbox 343 1657 1917 1737">
     <span class='ocr_line' id='line_1_17' title="bbox 343 1657 1917 1737; baseline -0.006 -16"><span class='ocrx_word' id='word_1_133' title='bbox 343 1668 593 1737; x_wconf 80' lang='grc' dir='ltr'>μετέχειν</span> <span class='ocrx_word' id='word_1_134' title='bbox 619 1667 756 1732; x_wconf 76' lang='grc' dir='ltr'>ἔδει,</span> <span class='ocrx_word' id='word_1_135' title='bbox 792 1665 1042 1729; x_wconf 76' lang='grc' dir='ltr'>καὶτοὺς</span> <span class='ocrx_word' id='word_1_136' title='bbox 1077 1663 1345 1734; x_wconf 83' lang='grc' dir='ltr'>οὐρανοὺς</span> <span class='ocrx_word' id='word_1_137' title='bbox 1387 1661 1649 1732; x_wconf 86' lang='grc' dir='ltr'>ἐωρῶμεν</span> <span class='ocrx_word' id='word_1_138' title='bbox 1693 1660 1787 1713; x_wconf 79' lang='grc' dir='ltr'>καὶ</span> <span class='ocrx_word' id='word_1_139' title='bbox 1818 1657 1917 1729; x_wconf 81' lang='grc' dir='ltr'>τὴν</span> 
     </span>
    </p>
   </div>
   <div class='ocr_carea' id='block_1_18' title="bbox 341 1748 1943 1825">
    <p class='ocr_par' dir='ltr' id='par_1_18' title="bbox 341 1748 1943 1825">
     <span class='ocr_line' id='line_1_18' title="bbox 341 1748 1943 1825; baseline -0.005 -16"><span class='ocrx_word' id='word_1_140' title='bbox 341 1759 466 1809; x_wconf 78' lang='grc' dir='ltr'>ἐκεῖ</span> <span class='ocrx_word' id='word_1_141' title='bbox 490 1755 846 1810; x_wconf 83' lang='grc' dir='ltr'>κατάστασιν.</span> <span class='ocrx_word' id='word_1_142' title='bbox 890 1750 1176 1825; x_wconf 78' lang='grc' dir='ltr'>Ἀῥραϐὼν</span> <span class='ocrx_word' id='word_1_143' title='bbox 1191 1751 1249 1804; x_wconf 80' lang='grc' dir='ltr'>δὲ</span> <span class='ocrx_word' id='word_1_144' title='bbox 1278 1751 1426 1813; x_wconf 90' lang='grc' dir='ltr'>τίνος</span> <span class='ocrx_word' id='word_1_145' title='bbox 1456 1750 1575 1802; x_wconf 84' lang='grc' dir='ltr'>ἐστί</span> <span class='ocrx_word' id='word_1_146' title='bbox 1602 1765 1616 1813; x_wconf 90' lang='grc'>;</span> <span class='ocrx_word' id='word_1_147' title='bbox 1644 1748 1758 1817; x_wconf 82' lang='grc' dir='ltr'>Τῆς</span> <span class='ocrx_word' id='word_1_148' title='bbox 1780 1748 1916 1801; x_wconf 87' lang='grc' dir='ltr'>ἀπο-</span> <span class='ocrx_word' id='word_1_149' title='bbox 1942 1812 1943 1815; x_wconf 21' lang='grc' dir='ltr'>η</span> 
     </span>
    </p>
   </div>
   <div class='ocr_carea' id='block_1_19' title="bbox 340 1834 1916 1915">
    <p class='ocr_par' dir='ltr' id='par_1_19' title="bbox 340 1834 1916 1915">
     <span class='ocr_line' id='line_1_19' title="bbox 340 1834 1916 1915; baseline -0.006 -20"><span class='ocrx_word' id='word_1_150' title='bbox 340 1842 667 1915; x_wconf 86' lang='grc' dir='ltr'>λυτρώσεως</span> <span class='ocrx_word' id='word_1_151' title='bbox 692 1881 707 1905; x_wconf 93' lang='grc'>,</span> <span class='ocrx_word' id='word_1_152' title='bbox 741 1841 840 1911; x_wconf 82' lang='grc' dir='ltr'>τῆς</span> <span class='ocrx_word' id='word_1_153' title='bbox 856 1840 1262 1910; x_wconf 77' lang='grc' dir='ltr'>περιποιήσεως</span> <span class='ocrx_word' id='word_1_154' title='bbox 1291 1853 1306 1868; x_wconf 87' lang='grc'><strong>·</strong></span> <span class='ocrx_word' id='word_1_155' title='bbox 1336 1839 1371 1907; x_wconf 90' lang='grc' dir='ltr'>ἡ</span> <span class='ocrx_word' id='word_1_156' title='bbox 1401 1836 1511 1908; x_wconf 88' lang='grc' dir='ltr'>γὰρ</span> <span class='ocrx_word' id='word_1_157' title='bbox 1538 1835 1755 1905; x_wconf 88' lang='grc' dir='ltr'>καθαρά</span> <span class='ocrx_word' id='word_1_158' title='bbox 1776 1834 1916 1887; x_wconf 86' lang='grc' dir='ltr'>ἀπο-</span> 
     </span>
    </p>
   </div>
   <div class='ocr_carea' id='block_1_20' title="bbox 340 1921 1917 2000">
    <p class='ocr_par' dir='ltr' id='par_1_20' title="bbox 340 1921 1917 2000">
     <span class='ocr_line' id='line_1_20' title="bbox 340 1921 1917 2000; baseline -0.006 -19"><span class='ocrx_word' id='word_1_159' title='bbox 340 1929 616 2000; x_wconf 87' lang='grc' dir='ltr'>λύτρωσις</span> <span class='ocrx_word' id='word_1_160' title='bbox 656 1928 780 1982; x_wconf 83' lang='grc' dir='ltr'>τότε</span> <span class='ocrx_word' id='word_1_161' title='bbox 818 1928 1052 1996; x_wconf 89' lang='grc' dir='ltr'>γίνεται.</span> <span class='ocrx_word' id='word_1_162' title='bbox 1094 1925 1210 1979; x_wconf 89' lang='grc' dir='ltr'>Νῦν</span> <span class='ocrx_word' id='word_1_163' title='bbox 1249 1924 1351 1994; x_wconf 84' lang='grc' dir='ltr'>μὲν</span> <span class='ocrx_word' id='word_1_164' title='bbox 1380 1924 1488 1994; x_wconf 81' lang='grc' dir='ltr'>γὰρ</span> <span class='ocrx_word' id='word_1_165' title='bbox 1517 1924 1614 1976; x_wconf 81' lang='grc' dir='ltr'>καὶ</span> <span class='ocrx_word' id='word_1_166' title='bbox 1638 1924 1696 1974; x_wconf 84' lang='grc' dir='ltr'>ἐν</span> <span class='ocrx_word' id='word_1_167' title='bbox 1724 1921 1917 1991; x_wconf 86' lang='grc' dir='ltr'>κόσμῳ</span> 
     </span>
    </p>
   </div>
   <div class='ocr_carea' id='block_1_21' title="bbox 338 2008 1919 2088">
    <p class='ocr_par' dir='ltr' id='par_1_21' title="bbox 338 2008 1919 2088">
     <span class='ocr_line' id='line_1_21' title="bbox 338 2008 1919 2088; baseline -0.008 -17"><span class='ocrx_word' id='word_1_168' title='bbox 338 2015 800 2088; x_wconf 82' lang='grc' dir='ltr'>ἀναστρεφόμεθα</span> <span class='ocrx_word' id='word_1_169' title='bbox 822 2055 838 2079; x_wconf 92' lang='grc'>,</span> <span class='ocrx_word' id='word_1_170' title='bbox 872 2016 968 2069; x_wconf 78' lang='grc' dir='ltr'>καὶ</span> <span class='ocrx_word' id='word_1_171' title='bbox 999 2012 1174 2067; x_wconf 88' lang='grc' dir='ltr'>πολλά</span> <span class='ocrx_word' id='word_1_172' title='bbox 1199 2014 1334 2082; x_wconf 89' lang='grc' dir='ltr'>ἡμῖν</span> <span class='ocrx_word' id='word_1_173' title='bbox 1356 2010 1672 2081; x_wconf 84' lang='grc' dir='ltr'>ἀνθρώπινα</span> <span class='ocrx_word' id='word_1_174' title='bbox 1714 2008 1919 2079; x_wconf 79' lang='grc' dir='ltr'>συμπί-</span> 
     </span>
    </p>
   </div>
   <div class='ocr_carea' id='block_1_22' title="bbox 343 2097 1919 2177">
    <p class='ocr_par' dir='ltr' id='par_1_22' title="bbox 343 2097 1919 2177">
     <span class='ocr_line' id='line_1_22' title="bbox 343 2097 1919 2177; baseline -0.007 -16"><span class='ocrx_word' id='word_1_175' title='bbox 343 2125 490 2171; x_wconf 84' lang='grc' dir='ltr'>πτει,</span> <span class='ocrx_word' id='word_1_176' title='bbox 524 2108 620 2159; x_wconf 78' lang='grc' dir='ltr'>καὶ</span> <span class='ocrx_word' id='word_1_177' title='bbox 652 2105 793 2177; x_wconf 86' lang='grc' dir='ltr'>μετά</span> <span class='ocrx_word' id='word_1_178' title='bbox 823 2105 1038 2159; x_wconf 84' lang='grc' dir='ltr'>ἀσεϐῶν</span> <span class='ocrx_word' id='word_1_179' title='bbox 1058 2105 1226 2172; x_wconf 82' lang='grc' dir='ltr'>ἐσμεν</span> <span class='ocrx_word' id='word_1_180' title='bbox 1258 2117 1274 2133; x_wconf 76' lang='grc' dir='ltr'><strong>ο</strong></span> <span class='ocrx_word' id='word_1_181' title='bbox 1301 2102 1336 2172; x_wconf 82' lang='grc' dir='ltr'>ἡ</span> <span class='ocrx_word' id='word_1_182' title='bbox 1365 2100 1424 2153; x_wconf 83' lang='grc' dir='ltr'>δὲ</span> <span class='ocrx_word' id='word_1_183' title='bbox 1459 2098 1674 2170; x_wconf 87' lang='grc' dir='ltr'>καθαρά</span> <span class='ocrx_word' id='word_1_184' title='bbox 1716 2097 1919 2151; x_wconf 84' lang='grc' dir='ltr'>ἀπολύ-</span> 
     </span>
    </p>
   </div>
   <div class='ocr_carea' id='block_1_23' title="bbox 339 2184 1918 2265">
    <p class='ocr_par' dir='ltr' id='par_1_23' title="bbox 339 2184 1918 2265">
     <span class='ocr_line' id='line_1_23' title="bbox 339 2184 1918 2265; baseline -0.006 -18"><span class='ocrx_word' id='word_1_185' title='bbox 339 2211 571 2265; x_wconf 87' lang='grc' dir='ltr'>τρωσις,</span> <span class='ocrx_word' id='word_1_186' title='bbox 615 2194 745 2246; x_wconf 78' lang='grc' dir='ltr'>ὅταν</span> <span class='ocrx_word' id='word_1_187' title='bbox 801 2194 939 2263; x_wconf 87' lang='grc' dir='ltr'>μήτε</span> <span class='ocrx_word' id='word_1_188' title='bbox 988 2191 1364 2261; x_wconf 82' lang='grc' dir='ltr'>ἁμαρτήματα</span> <span class='ocrx_word' id='word_1_189' title='bbox 1388 2184 1447 2259; x_wconf 80' lang='grc' dir='ltr'>ᾖ,</span> <span class='ocrx_word' id='word_1_190' title='bbox 1480 2188 1618 2257; x_wconf 85' lang='grc' dir='ltr'>μήτε</span> <span class='ocrx_word' id='word_1_191' title='bbox 1637 2186 1783 2256; x_wconf 90' lang='grc' dir='ltr'>πάθη</span> <span class='ocrx_word' id='word_1_192' title='bbox 1821 2186 1918 2239; x_wconf 80' lang='grc' dir='ltr'>ἀν-</span> 
     </span>
    </p>
   </div>
   <div class='ocr_carea' id='block_1_24' title="bbox 339 2270 1915 2355">
    <p class='ocr_par' dir='ltr' id='par_1_24' title="bbox 339 2270 1915 2355">
     <span class='ocr_line' id='line_1_24' title="bbox 339 2270 1915 2355; baseline -0.005 -18"><span class='ocrx_word' id='word_1_193' title='bbox 339 2283 616 2355; x_wconf 85' lang='grc' dir='ltr'>θρὼπινα,</span> <span class='ocrx_word' id='word_1_194' title='bbox 639 2284 775 2352; x_wconf 88' lang='grc' dir='ltr'>μήτε</span> <span class='ocrx_word' id='word_1_195' title='bbox 800 2279 1003 2350; x_wconf 70' lang='grc' dir='ltr'>ἀναμὶξ</span> <span class='ocrx_word' id='word_1_196' title='bbox 1028 2278 1167 2349; x_wconf 84' lang='grc' dir='ltr'>μετὰ</span> <span class='ocrx_word' id='word_1_197' title='bbox 1181 2277 1399 2330; x_wconf 86' lang='grc' dir='ltr'>πάντων</span> <span class='ocrx_word' id='word_1_198' title='bbox 1432 2270 1604 2345; x_wconf 82' lang='grc' dir='ltr'>ὦμεν,</span> <span class='ocrx_word' id='word_1_199' title='bbox 1634 2276 1757 2328; x_wconf 88' lang='grc' dir='ltr'>τότε</span> <span class='ocrx_word' id='word_1_200' title='bbox 1777 2274 1915 2330; x_wconf 80' lang='grc' dir='ltr'>ἐστί.</span> 
     </span>
    </p>
   </div>
   <div class='ocr_carea' id='block_1_25' title="bbox 335 2362 1920 2440">
    <p class='ocr_par' dir='ltr' id='par_1_25' title="bbox 335 2362 1920 2440">
     <span class='ocr_line' id='line_1_25' title="bbox 335 2362 1920 2440; baseline -0.007 -16"><span class='ocrx_word' id='word_1_201' title='bbox 335 2372 453 2424; x_wconf 79' lang='grc' dir='ltr'>Νῦν</span> <span class='ocrx_word' id='word_1_202' title='bbox 472 2371 531 2423; x_wconf 84' lang='grc' dir='ltr'>δὲ</span> <span class='ocrx_word' id='word_1_203' title='bbox 564 2367 841 2440; x_wconf 79' lang='grc' dir='ltr'>ἀρραϐών.</span> <span class='ocrx_word' id='word_1_204' title='bbox 875 2368 986 2419; x_wconf 74' lang='grc' dir='ltr'>Καὶ</span> <span class='ocrx_word' id='word_1_205' title='bbox 1036 2366 1147 2436; x_wconf 82' lang='grc' dir='ltr'>γὰρ</span> <span class='ocrx_word' id='word_1_206' title='bbox 1205 2366 1303 2418; x_wconf 74' lang='grc' dir='ltr'>καὶ</span> <span class='ocrx_word' id='word_1_207' title='bbox 1334 2362 1430 2417; x_wconf 92' lang='grc' dir='ltr'>νῦν</span> <span class='ocrx_word' id='word_1_208' title='bbox 1470 2362 1648 2416; x_wconf 85' lang='grc' dir='ltr'>αὐτῶν</span> <span class='ocrx_word' id='word_1_209' title='bbox 1677 2362 1920 2431; x_wconf 86' lang='grc' dir='ltr'>ἀπέστη-</span> 
     </span>
    </p>
   </div>
   <div class='ocr_carea' id='block_1_26' title="bbox 339 2450 1913 2528">
    <p class='ocr_par' dir='ltr' id='par_1_26' title="bbox 339 2450 1913 2528">
     <span class='ocr_line' id='line_1_26' title="bbox 339 2450 1913 2528; baseline -0.006 -18"><span class='ocrx_word' id='word_1_210' title='bbox 339 2476 443 2528; x_wconf 88' lang='grc' dir='ltr'>μεν</span> <span class='ocrx_word' id='word_1_211' title='bbox 478 2474 492 2487; x_wconf 88' lang='grc'><strong>·</strong></span> <span class='ocrx_word' id='word_1_212' title='bbox 516 2458 579 2509; x_wconf 82' lang='grc' dir='ltr'>οὐ</span> <span class='ocrx_word' id='word_1_213' title='bbox 609 2457 718 2526; x_wconf 89' lang='grc' dir='ltr'>γάρ</span> <span class='ocrx_word' id='word_1_214' title='bbox 748 2457 865 2508; x_wconf 81' lang='grc' dir='ltr'>ἐστι</span> <span class='ocrx_word' id='word_1_215' title='bbox 895 2454 959 2507; x_wconf 89' lang='grc' dir='ltr'>τὸ</span> <span class='ocrx_word' id='word_1_216' title='bbox 997 2454 1304 2523; x_wconf 86' lang='grc' dir='ltr'>πολίτευμα</span> <span class='ocrx_word' id='word_1_217' title='bbox 1332 2450 1490 2524; x_wconf 85' lang='grc' dir='ltr'>ήμῶν</span> <span class='ocrx_word' id='word_1_218' title='bbox 1520 2450 1615 2504; x_wconf 75' lang='grc' dir='ltr'>ἐπὶ</span> <span class='ocrx_word' id='word_1_219' title='bbox 1641 2450 1741 2521; x_wconf 82' lang='grc' dir='ltr'>τῆς</span> <span class='ocrx_word' id='word_1_220' title='bbox 1767 2450 1871 2520; x_wconf 83' lang='grc' dir='ltr'>γῆς</span> <span class='ocrx_word' id='word_1_221' title='bbox 1899 2462 1913 2477; x_wconf 77' lang='grc'><strong>⁸</strong></span> 
     </span>
    </p>
   </div>
   <div class='ocr_carea' id='block_1_27' title="bbox 337 2538 1917 2613">
    <p class='ocr_par' dir='ltr' id='par_1_27' title="bbox 337 2538 1917 2613">
     <span class='ocr_line' id='line_1_27' title="bbox 337 2538 1917 2613; baseline -0.006 -14"><span class='ocrx_word' id='word_1_222' title='bbox 337 2546 438 2599; x_wconf 76' lang='grc' dir='ltr'>καὶ</span> <span class='ocrx_word' id='word_1_223' title='bbox 465 2544 561 2597; x_wconf 89' lang='grc' dir='ltr'>νῦν</span> <span class='ocrx_word' id='word_1_224' title='bbox 580 2545 737 2606; x_wconf 87' lang='grc' dir='ltr'>ἐκτός</span> <span class='ocrx_word' id='word_1_225' title='bbox 764 2544 931 2613; x_wconf 87' lang='grc' dir='ltr'>ἐσμεν</span> <span class='ocrx_word' id='word_1_226' title='bbox 957 2540 1068 2594; x_wconf 84' lang='grc' dir='ltr'>τῶν</span> <span class='ocrx_word' id='word_1_227' title='bbox 1104 2539 1337 2593; x_wconf 83' lang='grc' dir='ltr'>ἐνταῦθα</span> <span class='ocrx_word' id='word_1_228' title='bbox 1364 2556 1379 2570; x_wconf 74' lang='grc' dir='ltr'><strong>ο</strong></span> <span class='ocrx_word' id='word_1_229' title='bbox 1412 2538 1669 2610; x_wconf 82' lang='grc' dir='ltr'>πάροικοι</span> <span class='ocrx_word' id='word_1_230' title='bbox 1689 2538 1798 2608; x_wconf 91' lang='grc' dir='ltr'>γάρ</span> <span class='ocrx_word' id='word_1_231' title='bbox 1823 2538 1917 2589; x_wconf 72' lang='grc' dir='ltr'>ἐσσ-</span> 
     </span>
    </p>
   </div>
   <div class='ocr_carea' id='block_1_28' title="bbox 340 2627 1919 2706">
    <p class='ocr_par' dir='ltr' id='par_1_28' title="bbox 340 2627 1919 2706">
     <span class='ocr_line' id='line_1_28' title="bbox 340 2627 1919 2706; baseline -0.007 -19"><span class='ocrx_word' id='word_1_232' title='bbox 340 2651 445 2706; x_wconf 80' lang='grc' dir='ltr'>μεν</span> <span class='ocrx_word' id='word_1_233' title='bbox 484 2635 580 2687; x_wconf 75' lang='grc' dir='ltr'>καὶ</span> <span class='ocrx_word' id='word_1_234' title='bbox 610 2634 727 2687; x_wconf 87' lang='grc' dir='ltr'>νῦν.</span> <span class='ocrx_word' id='word_1_235' title='bbox 756 2636 861 2698; x_wconf 81' lang='grc' dir='ltr'>Εἰς</span> <span class='ocrx_word' id='word_1_236' title='bbox 889 2632 1147 2685; x_wconf 77' lang='grc' dir='ltr'>ἔπαινον</span> <span class='ocrx_word' id='word_1_237' title='bbox 1188 2627 1300 2697; x_wconf 79' lang='grc' dir='ltr'>τῆς</span> <span class='ocrx_word' id='word_1_238' title='bbox 1323 2628 1510 2697; x_wconf 78' lang='grc' dir='ltr'>δόξης</span> <span class='ocrx_word' id='word_1_239' title='bbox 1544 2627 1753 2681; x_wconf 83' lang='grc' dir='ltr'>αὑτοῦ.</span> <span class='ocrx_word' id='word_1_240' title='bbox 1790 2627 1919 2678; x_wconf 75' lang='grc' dir='ltr'>Συνο</span> 
     </span>
    </p>
   </div>
   <div class='ocr_carea' id='block_1_29' title="bbox 338 2714 1918 2793">
    <p class='ocr_par' dir='ltr' id='par_1_29' title="bbox 338 2714 1918 2793">
     <span class='ocr_line' id='line_1_29' title="bbox 338 2714 1918 2793; baseline -0.006 -19"><span class='ocrx_word' id='word_1_241' title='bbox 338 2722 483 2793; x_wconf 84' lang='grc' dir='ltr'>εχῶς</span> <span class='ocrx_word' id='word_1_242' title='bbox 538 2722 696 2776; x_wconf 89' lang='grc' dir='ltr'>τοῦτο</span> <span class='ocrx_word' id='word_1_243' title='bbox 721 2721 922 2789; x_wconf 89' lang='grc' dir='ltr'>τίθησι.</span> <span class='ocrx_word' id='word_1_244' title='bbox 955 2718 1021 2772; x_wconf 92' lang='grc' dir='ltr'>Τί</span> <span class='ocrx_word' id='word_1_245' title='bbox 1056 2719 1299 2789; x_wconf 83' lang='grc' dir='ltr'>δήποτε;</span> <span class='ocrx_word' id='word_1_246' title='bbox 1338 2717 1459 2769; x_wconf 87' lang='grc' dir='ltr'>Ὅτι</span> <span class='ocrx_word' id='word_1_247' title='bbox 1498 2715 1682 2769; x_wconf 78' lang='grc' dir='ltr'>ἱκανὸν</span> <span class='ocrx_word' id='word_1_248' title='bbox 1713 2714 1918 2784; x_wconf 87' lang='grc' dir='ltr'>πληρο-</span> 
     </span>
    </p>
   </div>
   <div class='ocr_carea' id='block_1_30' title="bbox 340 2801 1919 2882">
    <p class='ocr_par' dir='ltr' id='par_1_30' title="bbox 340 2801 1919 2882">
     <span class='ocr_line' id='line_1_30' title="bbox 340 2801 1919 2882; baseline -0.008 -16"><span class='ocrx_word' id='word_1_249' title='bbox 340 2812 584 2882; x_wconf 81' lang='grc' dir='ltr'>φορῆσαι</span> <span class='ocrx_word' id='word_1_250' title='bbox 613 2810 740 2873; x_wconf 80' lang='grc' dir='ltr'>τοὺς</span> <span class='ocrx_word' id='word_1_251' title='bbox 768 2808 1088 2870; x_wconf 84' lang='grc' dir='ltr'>ἀκούοντας.</span> <span class='ocrx_word' id='word_1_252' title='bbox 1117 2805 1232 2877; x_wconf 73' lang='grc'>[12]</span> <span class='ocrx_word' id='word_1_253' title='bbox 1259 2806 1322 2858; x_wconf 66' lang='lat' dir='ltr'>Et</span> <span class='ocrx_word' id='word_1_254' title='bbox 1354 2804 1454 2875; x_wconf 85' lang='grc' dir='ltr'>μὲν</span> <span class='ocrx_word' id='word_1_255' title='bbox 1482 2804 1591 2874; x_wconf 82' lang='grc' dir='ltr'>γὰρ</span> <span class='ocrx_word' id='word_1_256' title='bbox 1616 2801 1773 2874; x_wconf 82' lang='grc' dir='ltr'>ἡμῶν</span> <span class='ocrx_word' id='word_1_257' title='bbox 1800 2801 1919 2855; x_wconf 83' lang='grc' dir='ltr'>ἐνε-</span> 
     </span>
    </p>
   </div>
   <div class='ocr_carea' id='block_1_31' title="bbox 340 2889 1919 2967">
    <p class='ocr_par' dir='ltr' id='par_1_31' title="bbox 340 2889 1919 2967">
     <span class='ocr_line' id='line_1_31' title="bbox 340 2889 1919 2967; baseline -0.007 -15"><span class='ocrx_word' id='word_1_258' title='bbox 340 2916 464 2962; x_wconf 90' lang='grc' dir='ltr'>κεν,</span> <span class='ocrx_word' id='word_1_259' title='bbox 492 2898 646 2967; x_wconf 76' lang='grc' dir='ltr'>φησὶ,</span> <span class='ocrx_word' id='word_1_260' title='bbox 672 2897 845 2950; x_wconf 87' lang='grc' dir='ltr'>ταῦτα</span> <span class='ocrx_word' id='word_1_261' title='bbox 876 2896 1073 2959; x_wconf 86' lang='grc' dir='ltr'>ἐποίει,</span> <span class='ocrx_word' id='word_1_262' title='bbox 1106 2894 1207 2947; x_wconf 86' lang='grc' dir='ltr'>οὐκ</span> <span class='ocrx_word' id='word_1_263' title='bbox 1233 2892 1298 2946; x_wconf 83' lang='grc' dir='ltr'>ἂν</span> <span class='ocrx_word' id='word_1_264' title='bbox 1326 2889 1395 2963; x_wconf 79' lang='grc' dir='ltr'>ἦν</span> <span class='ocrx_word' id='word_1_265' title='bbox 1424 2890 1799 2962; x_wconf 87' lang='grc' dir='ltr'>ἀναμφίϐολον</span> <span class='ocrx_word' id='word_1_266' title='bbox 1828 2906 1842 2920; x_wconf 90' lang='grc'><strong>·</strong></span> <span class='ocrx_word' id='word_1_267' title='bbox 1868 2889 1919 2941; x_wconf 90' lang='grc' dir='ltr'>εἰ</span> 
     </span>
    </p>
   </div>
   <div class='ocr_carea' id='block_1_32' title="bbox 339 2976 1918 3053">
    <p class='ocr_par' dir='ltr' id='par_1_32' title="bbox 339 2976 1918 3053">
     <span class='ocr_line' id='line_1_32' title="bbox 339 2976 1918 3053; baseline -0.008 -13"><span class='ocrx_word' id='word_1_268' title='bbox 339 2988 403 3041; x_wconf 80' lang='grc' dir='ltr'>δὲ</span> <span class='ocrx_word' id='word_1_269' title='bbox 428 2986 494 3039; x_wconf 81' lang='grc' dir='ltr'>δι’</span> <span class='ocrx_word' id='word_1_270' title='bbox 534 2987 717 3048; x_wconf 79' lang='grc' dir='ltr'>αὑτὸν,</span> <span class='ocrx_word' id='word_1_271' title='bbox 748 2985 843 3037; x_wconf 78' lang='grc' dir='ltr'>καὶ</span> <span class='ocrx_word' id='word_1_272' title='bbox 863 2982 1004 3037; x_wconf 83' lang='grc' dir='ltr'>ὥστε</span> <span class='ocrx_word' id='word_1_273' title='bbox 1030 2981 1130 3053; x_wconf 79' lang='grc' dir='ltr'>τήν</span> <span class='ocrx_word' id='word_1_274' title='bbox 1150 2978 1510 3049; x_wconf 88' lang='grc' dir='ltr'>ἀγαθωσύνην</span> <span class='ocrx_word' id='word_1_275' title='bbox 1530 2977 1695 3032; x_wconf 84' lang='grc' dir='ltr'>αὐτοῦ</span> <span class='ocrx_word' id='word_1_276' title='bbox 1725 2976 1918 3042; x_wconf 86' lang='grc' dir='ltr'>δεῖξαι,</span> 
     </span>
    </p>
   </div>
   <div class='ocr_carea' id='block_1_33' title="bbox 339 3064 1920 3145">
    <p class='ocr_par' dir='ltr' id='par_1_33' title="bbox 339 3064 1920 3145">
     <span class='ocr_line' id='line_1_33' title="bbox 339 3064 1920 3145; baseline -0.006 -18"><span class='ocrx_word' id='word_1_277' title='bbox 339 3074 538 3145; x_wconf 81' lang='grc' dir='ltr'>ὥσπερ</span> <span class='ocrx_word' id='word_1_278' title='bbox 590 3073 714 3125; x_wconf 78' lang='grc' dir='ltr'>τινὰ</span> <span class='ocrx_word' id='word_1_279' title='bbox 775 3070 1115 3143; x_wconf 85' lang='grc' dir='ltr'>μαρτυρίαν,</span> <span class='ocrx_word' id='word_1_280' title='bbox 1150 3068 1326 3132; x_wconf 65' lang='grc' dir='ltr'>αἰτίαν</span> <span class='ocrx_word' id='word_1_281' title='bbox 1368 3066 1555 3137; x_wconf 87' lang='grc' dir='ltr'>τίθησι</span> <span class='ocrx_word' id='word_1_282' title='bbox 1592 3064 1689 3118; x_wconf 87' lang='grc' dir='ltr'>τοῦ</span> <span class='ocrx_word' id='word_1_283' title='bbox 1729 3064 1806 3136; x_wconf 84' lang='grc' dir='ltr'>μὴ</span> <span class='ocrx_word' id='word_1_284' title='bbox 1852 3064 1920 3118; x_wconf 86' lang='grc' dir='ltr'>ἂν</span> 
     </span>
    </p>
   </div>
   <div class='ocr_carea' id='block_1_34' title="bbox 339 3151 1922 3229">
    <p class='ocr_par' dir='ltr' id='par_1_34' title="bbox 339 3151 1922 3229">
     <span class='ocr_line' id='line_1_34' title="bbox 339 3151 1922 3229; baseline -0.008 -13"><span class='ocrx_word' id='word_1_285' title='bbox 339 3162 523 3225; x_wconf 77' lang='grc' dir='ltr'>ἄλλως</span> <span class='ocrx_word' id='word_1_286' title='bbox 560 3160 736 3215; x_wconf 84' lang='grc' dir='ltr'>ταῦτα</span> <span class='ocrx_word' id='word_1_287' title='bbox 764 3159 1017 3229; x_wconf 85' lang='grc' dir='ltr'>γενέσθαι</span> <span class='ocrx_word' id='word_1_288' title='bbox 1050 3171 1065 3187; x_wconf 87' lang='lat'><strong><em>°</em></strong></span> <span class='ocrx_word' id='word_1_289' title='bbox 1096 3156 1239 3228; x_wconf 75' lang='grc' dir='ltr'>ἅπερ</span> <span class='ocrx_word' id='word_1_290' title='bbox 1274 3156 1366 3209; x_wconf 77' lang='grc' dir='ltr'>καὶ</span> <span class='ocrx_word' id='word_1_291' title='bbox 1391 3153 1615 3207; x_wconf 75' lang='grc' dir='ltr'>ἐπὶτῶν</span> <span class='ocrx_word' id='word_1_292' title='bbox 1651 3151 1922 3224; x_wconf 87' lang='grc' dir='ltr'>Ἰσραηλι-</span> 
     </span>
    </p>
   </div>
   <div class='ocr_carea' id='block_1_35' title="bbox 339 3239 1923 3318">
    <p class='ocr_par' dir='ltr' id='par_1_35' title="bbox 339 3239 1923 3318">
     <span class='ocr_line' id='line_1_35' title="bbox 339 3239 1923 3318; baseline -0.006 -15"><span class='ocrx_word' id='word_1_293' title='bbox 339 3250 454 3303; x_wconf 84' lang='grc' dir='ltr'>τῶν</span> <span class='ocrx_word' id='word_1_294' title='bbox 480 3249 594 3303; x_wconf 84' lang='grc' dir='ltr'>ἀνω</span> <span class='ocrx_word' id='word_1_295' title='bbox 617 3249 713 3301; x_wconf 70' lang='grc' dir='ltr'>καὶ</span> <span class='ocrx_word' id='word_1_296' title='bbox 743 3249 893 3301; x_wconf 90' lang='grc' dir='ltr'>κάτω</span> <span class='ocrx_word' id='word_1_297' title='bbox 913 3246 1128 3318; x_wconf 81' lang='grc' dir='ltr'>ὁρῶμεν</span> <span class='ocrx_word' id='word_1_298' title='bbox 1148 3243 1421 3314; x_wconf 85' lang='grc' dir='ltr'>λεγόμενα</span> <span class='ocrx_word' id='word_1_299' title='bbox 1452 3257 1465 3269; x_wconf 90' lang='grc'><strong>·</strong></span> <span class='ocrx_word' id='word_1_300' title='bbox 1487 3242 1758 3309; x_wconf 79' lang='grc' dir='ltr'>Ποίησον</span> <span class='ocrx_word' id='word_1_301' title='bbox 1778 3239 1923 3310; x_wconf 71' lang='grc' dir='ltr'>ἡμῖν</span> 
     </span>
    </p>
   </div>
   <div class='ocr_carea' id='block_1_36' title="bbox 340 3327 1917 3404">
    <p class='ocr_par' dir='ltr' id='par_1_36' title="bbox 340 3327 1917 3404">
     <span class='ocr_line' id='line_1_36' title="bbox 340 3327 1917 3404; baseline -0.008 -13"><span class='ocrx_word' id='word_1_302' title='bbox 340 3337 443 3391; x_wconf 81' lang='grc' dir='ltr'>διὰ</span> <span class='ocrx_word' id='word_1_303' title='bbox 495 3337 563 3389; x_wconf 83' lang='grc' dir='ltr'>τὸ</span> <span class='ocrx_word' id='word_1_304' title='bbox 592 3334 780 3404; x_wconf 80' lang='grc' dir='ltr'>ὄνομά</span> <span class='ocrx_word' id='word_1_305' title='bbox 807 3350 924 3388; x_wconf 88' lang='grc' dir='ltr'>σου</span> <span class='ocrx_word' id='word_1_306' title='bbox 951 3351 966 3365; x_wconf 74' lang='grc' dir='ltr'><strong>ο</strong></span> <span class='ocrx_word' id='word_1_307' title='bbox 995 3335 1091 3386; x_wconf 74' lang='grc' dir='ltr'>καὶ</span> <span class='ocrx_word' id='word_1_308' title='bbox 1117 3331 1279 3385; x_wconf 85' lang='grc' dir='ltr'>πάλιν</span> <span class='ocrx_word' id='word_1_309' title='bbox 1310 3329 1475 3391; x_wconf 83' lang='grc' dir='ltr'>αὐτὸς</span> <span class='ocrx_word' id='word_1_310' title='bbox 1502 3330 1530 3382; x_wconf 87' lang='grc' dir='ltr'><strong>ὁ</strong></span> <span class='ocrx_word' id='word_1_311' title='bbox 1562 3330 1695 3392; x_wconf 88' lang='grc' dir='ltr'>Θεὸς</span> <span class='ocrx_word' id='word_1_312' title='bbox 1726 3327 1879 3396; x_wconf 84' lang='grc' dir='ltr'>ἐλεγε</span> <span class='ocrx_word' id='word_1_313' title='bbox 1904 3344 1917 3357; x_wconf 88' lang='grc'><strong>·</strong></span> 
     </span>
    </p>
   </div>
   <div class='ocr_carea' id='block_1_37' title="bbox 342 3417 1923 3491">
    <p class='ocr_par' dir='ltr' id='par_1_37' title="bbox 342 3417 1923 3491">
     <span class='ocr_line' id='line_1_37' title="bbox 342 3417 1923 3491; baseline -0.005 -13"><span class='ocrx_word' id='word_1_314' title='bbox 342 3425 506 3479; x_wconf 84' lang='grc' dir='ltr'>Ποιῶ</span> <span class='ocrx_word' id='word_1_315' title='bbox 549 3424 756 3478; x_wconf 79' lang='grc' dir='ltr'>ἕνεκεν</span> <span class='ocrx_word' id='word_1_316' title='bbox 796 3422 944 3490; x_wconf 83' lang='grc' dir='ltr'>ἐμοῦ</span> <span class='ocrx_word' id='word_1_317' title='bbox 971 3438 984 3451; x_wconf 73' lang='grc' dir='ltr'><strong><em>ο</em></strong></span> <span class='ocrx_word' id='word_1_318' title='bbox 1020 3422 1164 3475; x_wconf 83' lang='grc' dir='ltr'>καὶὸ</span> <span class='ocrx_word' id='word_1_319' title='bbox 1186 3420 1447 3491; x_wconf 81' lang='grc' dir='ltr'>Μωϋσῆς,</span> <span class='ocrx_word' id='word_1_320' title='bbox 1477 3419 1748 3487; x_wconf 81' lang='grc' dir='ltr'>Ποίησον</span> <span class='ocrx_word' id='word_1_321' title='bbox 1778 3417 1923 3487; x_wconf 74' lang='grc' dir='ltr'>ἡμῖν</span> 
     </span>
    </p>
   </div>
   <div class='ocr_carea' id='block_1_38' title="bbox 342 3502 1918 3579">
    <p class='ocr_par' dir='ltr' id='par_1_38' title="bbox 342 3502 1918 3579">
     <span class='ocr_line' id='line_1_38' title="bbox 342 3502 1918 3579; baseline -0.006 -12"><span class='ocrx_word' id='word_1_322' title='bbox 342 3513 445 3567; x_wconf 82' lang='grc' dir='ltr'>διὰ</span> <span class='ocrx_word' id='word_1_323' title='bbox 488 3512 556 3566; x_wconf 85' lang='grc' dir='ltr'>τὸ</span> <span class='ocrx_word' id='word_1_324' title='bbox 607 3510 795 3579; x_wconf 80' lang='grc' dir='ltr'>ὄνομά</span> <span class='ocrx_word' id='word_1_325' title='bbox 834 3525 952 3563; x_wconf 93' lang='grc' dir='ltr'>σου</span> <span class='ocrx_word' id='word_1_326' title='bbox 974 3551 989 3574; x_wconf 91' lang='grc'>,</span> <span class='ocrx_word' id='word_1_327' title='bbox 1020 3510 1069 3561; x_wconf 83' lang='grc' dir='ltr'>εἰ</span> <span class='ocrx_word' id='word_1_328' title='bbox 1100 3507 1196 3560; x_wconf 74' lang='grc' dir='ltr'>καὶ</span> <span class='ocrx_word' id='word_1_329' title='bbox 1229 3507 1456 3578; x_wconf 83' lang='grc' dir='ltr'>μηδενὸς</span> <span class='ocrx_word' id='word_1_330' title='bbox 1486 3505 1676 3559; x_wconf 77' lang='grc' dir='ltr'>ἕνεκεν</span> <span class='ocrx_word' id='word_1_331' title='bbox 1706 3502 1918 3576; x_wconf 82' lang='grc' dir='ltr'>ἐτέρου.</span> 
     </span>
    </p>
   </div>
   <div class='ocr_carea' id='block_1_39' title="bbox 344 3592 1919 3671">
    <p class='ocr_par' dir='ltr' id='par_1_39' title="bbox 344 3592 1919 3671">
     <span class='ocr_line' id='line_1_39' title="bbox 344 3592 1919 3671; baseline -0.007 -17"><span class='ocrx_word' id='word_1_332' title='bbox 344 3601 693 3671; x_wconf 74' lang='grc' dir='ltr'>Πληροφορεῖ</span> <span class='ocrx_word' id='word_1_333' title='bbox 742 3597 853 3666; x_wconf 77' lang='grc' dir='ltr'>γὰρ</span> <span class='ocrx_word' id='word_1_334' title='bbox 884 3595 1045 3649; x_wconf 89' lang='grc' dir='ltr'>τοῦτο</span> <span class='ocrx_word' id='word_1_335' title='bbox 1082 3595 1208 3657; x_wconf 83' lang='grc' dir='ltr'>τοὺς</span> <span class='ocrx_word' id='word_1_336' title='bbox 1244 3593 1546 3656; x_wconf 84' lang='grc' dir='ltr'>ἀκούοντας</span> <span class='ocrx_word' id='word_1_337' title='bbox 1586 3592 1684 3645; x_wconf 73' lang='grc' dir='ltr'>καὶ</span> <span class='ocrx_word' id='word_1_338' title='bbox 1708 3592 1919 3663; x_wconf 77' lang='grc' dir='ltr'>ἀνίησι,</span> 
     </span>
    </p>
   </div>
   <div class='ocr_carea' id='block_1_40' title="bbox 348 3679 1922 3762">
    <p class='ocr_par' dir='ltr' id='par_1_40' title="bbox 348 3679 1922 3762">
     <span class='ocr_line' id='line_1_40' title="bbox 348 3679 1922 3762; baseline -0.008 -17"><span class='ocrx_word' id='word_1_339' title='bbox 348 3690 625 3762; x_wconf 79' lang='grc' dir='ltr'>μαθόντας</span> <span class='ocrx_word' id='word_1_340' title='bbox 679 3687 761 3739; x_wconf 83' lang='grc' dir='ltr'>ὅτι</span> <span class='ocrx_word' id='word_1_341' title='bbox 814 3686 905 3738; x_wconf 87' lang='grc' dir='ltr'>διά</span> <span class='ocrx_word' id='word_1_342' title='bbox 942 3684 1040 3754; x_wconf 80' lang='grc' dir='ltr'>τὴν</span> <span class='ocrx_word' id='word_1_343' title='bbox 1080 3682 1287 3737; x_wconf 86' lang='grc' dir='ltr'>οίκείαν</span> <span class='ocrx_word' id='word_1_344' title='bbox 1331 3680 1650 3752; x_wconf 84' lang='grc' dir='ltr'>ἀγαθότητα</span> <span class='ocrx_word' id='word_1_345' title='bbox 1701 3679 1922 3744; x_wconf 88' lang='grc' dir='ltr'>πάντως</span> 
     </span>
    </p>
   </div>
   <div class='ocr_carea' id='block_1_41' title="bbox 344 3767 1923 3848">
    <p class='ocr_par' dir='ltr' id='par_1_41' title="bbox 344 3767 1923 3848">
     <span class='ocr_line' id='line_1_41' title="bbox 344 3767 1923 3848; baseline -0.009 -16"><span class='ocrx_word' id='word_1_346' title='bbox 344 3781 591 3848; x_wconf 85' lang='grc' dir='ltr'>ποιήσει,</span> <span class='ocrx_word' id='word_1_347' title='bbox 641 3775 786 3844; x_wconf 79' lang='grc' dir='ltr'>ἆπερ</span> <span class='ocrx_word' id='word_1_348' title='bbox 818 3770 1236 3839; x_wconf 84' lang='grc' dir='ltr'>ἐπαγγέλλεται.</span> <span class='ocrx_word' id='word_1_349' title='bbox 1267 3768 1430 3821; x_wconf 82' lang='grc' dir='ltr'>Ἀλλά</span> <span class='ocrx_word' id='word_1_350' title='bbox 1463 3768 1538 3839; x_wconf 85' lang='grc' dir='ltr'>μὴ</span> <span class='ocrx_word' id='word_1_351' title='bbox 1586 3767 1923 3840; x_wconf 81' lang='grc' dir='ltr'>ρᾳθυμῶμεν</span> 
     </span>
    </p>
   </div>
   <div class='ocr_carea' id='block_1_42' title="bbox 346 3855 1923 3930">
    <p class='ocr_par' dir='ltr' id='par_1_42' title="bbox 346 3855 1923 3930">
     <span class='ocr_line' id='line_1_42' title="bbox 346 3855 1923 3930; baseline -0.007 -10"><span class='ocrx_word' id='word_1_352' title='bbox 346 3867 638 3927; x_wconf 81' lang='grc' dir='ltr'>ἀκούοντες</span> <span class='ocrx_word' id='word_1_353' title='bbox 673 3877 689 3893; x_wconf 86' lang='grc'>⁶</span> <span class='ocrx_word' id='word_1_354' title='bbox 727 3864 776 3914; x_wconf 85' lang='grc' dir='ltr'>εί</span> <span class='ocrx_word' id='word_1_355' title='bbox 811 3860 921 3930; x_wconf 80' lang='grc' dir='ltr'>γὰρ</span> <span class='ocrx_word' id='word_1_356' title='bbox 949 3860 1043 3911; x_wconf 75' lang='grc' dir='ltr'>καὶ</span> <span class='ocrx_word' id='word_1_357' title='bbox 1074 3857 1141 3911; x_wconf 88' lang='grc' dir='ltr'>δι’</span> <span class='ocrx_word' id='word_1_358' title='bbox 1172 3856 1365 3909; x_wconf 85' lang='grc' dir='ltr'>ἐαυτὸν</span> <span class='ocrx_word' id='word_1_359' title='bbox 1406 3858 1588 3919; x_wconf 89' lang='grc' dir='ltr'>ποιεῖ,</span> <span class='ocrx_word' id='word_1_360' title='bbox 1622 3855 1739 3909; x_wconf 86' lang='grc' dir='ltr'>ἀλλ’</span> <span class='ocrx_word' id='word_1_361' title='bbox 1772 3856 1923 3925; x_wconf 84' lang='grc' dir='ltr'>ὅμως</span> 
     </span>
    </p>
   </div>
   <div class='ocr_carea' id='block_1_43' title="bbox 346 3942 1922 4021">
    <p class='ocr_par' dir='ltr' id='par_1_43' title="bbox 346 3942 1922 4021">
     <span class='ocr_line' id='line_1_43' title="bbox 346 3942 1922 4021; baseline -0.013 -12"><span class='ocrx_word' id='word_1_362' title='bbox 346 3958 446 4010; x_wconf 71' lang='grc' dir='ltr'>καὶ</span> <span class='ocrx_word' id='word_1_363' title='bbox 492 3954 564 4006; x_wconf 84' lang='grc' dir='ltr'>τὰ</span> <span class='ocrx_word' id='word_1_364' title='bbox 609 3950 742 4021; x_wconf 88' lang='grc' dir='ltr'>παρ’</span> <span class='ocrx_word' id='word_1_365' title='bbox 766 3949 926 4020; x_wconf 84' lang='grc' dir='ltr'>ἡμῶν</span> <span class='ocrx_word' id='word_1_366' title='bbox 950 3948 1193 4000; x_wconf 86' lang='grc' dir='ltr'>ἀπαιτεῖ.</span> <span class='ocrx_word' id='word_1_367' title='bbox 1222 3946 1286 3998; x_wconf 74' lang='lat' dir='ltr'>El</span> <span class='ocrx_word' id='word_1_368' title='bbox 1303 3944 1433 4014; x_wconf 83' lang='grc' dir='ltr'>γὰρ,</span> <span class='ocrx_word' id='word_1_369' title='bbox 1458 3943 1611 4009; x_wconf 83' lang='grc' dir='ltr'>Τοὺς</span> <span class='ocrx_word' id='word_1_370' title='bbox 1638 3942 1922 4008; x_wconf 80' lang='grc' dir='ltr'>δοξάζον..</span> 
     </span>
    </p>
   </div>
   <div class='ocr_carea' id='block_1_44' title="bbox 347 4031 1924 4111">
    <p class='ocr_par' dir='ltr' id='par_1_44' title="bbox 347 4031 1924 4111">
     <span class='ocr_line' id='line_1_44' title="bbox 347 4031 1924 4111; baseline -0.008 -13"><span class='ocrx_word' id='word_1_371' title='bbox 347 4043 458 4108; x_wconf 82' lang='grc' dir='ltr'>τάς</span> <span class='ocrx_word' id='word_1_372' title='bbox 507 4058 585 4111; x_wconf 80' lang='grc' dir='ltr'>με</span> <span class='ocrx_word' id='word_1_373' title='bbox 625 4036 886 4104; x_wconf 78' lang='grc' dir='ltr'>δοξάσω,</span> <span class='ocrx_word' id='word_1_374' title='bbox 927 4036 1081 4106; x_wconf 78' lang='grc' dir='ltr'>φησὶ,</span> <span class='ocrx_word' id='word_1_375' title='bbox 1131 4034 1232 4087; x_wconf 79' lang='grc' dir='ltr'>καὶ</span> <span class='ocrx_word' id='word_1_376' title='bbox 1261 4035 1315 4087; x_wconf 78' lang='grc' dir='ltr'>οὶ</span> <span class='ocrx_word' id='word_1_377' title='bbox 1347 4031 1813 4098; x_wconf 81' lang='grc' dir='ltr'>ἐξουθενοῦντές</span> <span class='ocrx_word' id='word_1_378' title='bbox 1845 4048 1924 4102; x_wconf 80' lang='grc' dir='ltr'>με</span> 
     </span>
    </p>
   </div>
   <div class='ocr_carea' id='block_1_45' title="bbox 346 4118 1923 4196">
    <p class='ocr_par' dir='ltr' id='par_1_45' title="bbox 346 4118 1923 4196">
     <span class='ocr_line' id='line_1_45' title="bbox 346 4118 1923 4196; baseline -0.008 -11"><span class='ocrx_word' id='word_1_379' title='bbox 346 4126 935 4196; x_wconf 78' lang='grc' dir='ltr'>ἐξουθενηθήσονται</span> <span class='ocrx_word' id='word_1_380' title='bbox 966 4138 980 4151; x_wconf 89' lang='grc'><strong>·</strong></span> <span class='ocrx_word' id='word_1_381' title='bbox 1018 4122 1388 4192; x_wconf 88' lang='grc' dir='ltr'>ἐννοήσωμεν,</span> <span class='ocrx_word' id='word_1_382' title='bbox 1419 4121 1503 4174; x_wconf 83' lang='grc' dir='ltr'>ὅτι</span> <span class='ocrx_word' id='word_1_383' title='bbox 1558 4118 1655 4173; x_wconf 80' lang='grc' dir='ltr'>καὶ</span> <span class='ocrx_word' id='word_1_384' title='bbox 1696 4119 1768 4172; x_wconf 81' lang='grc' dir='ltr'>τὰ</span> <span class='ocrx_word' id='word_1_385' title='bbox 1792 4119 1923 4190; x_wconf 89' lang='grc' dir='ltr'>παρ’</span> 
     </span>
    </p>
   </div>
   <div class='ocr_carea' id='block_1_46' title="bbox 349 4207 1924 4294">
    <p class='ocr_par' dir='ltr' id='par_1_46' title="bbox 349 4207 1924 4294">
     <span class='ocr_line' id='line_1_46' title="bbox 349 4207 1924 4294; baseline -0.006 -22"><span class='ocrx_word' id='word_1_386' title='bbox 349 4220 509 4294; x_wconf 81' lang='grc' dir='ltr'>ἡμῶν</span> <span class='ocrx_word' id='word_1_387' title='bbox 551 4214 817 4285; x_wconf 78' lang='grc' dir='ltr'>ἐπιζητεῖ.</span> <span class='ocrx_word' id='word_1_388' title='bbox 852 4211 1113 4273; x_wconf 85' lang='grc' dir='ltr'>Ἐπαινός</span> <span class='ocrx_word' id='word_1_389' title='bbox 1161 4210 1280 4261; x_wconf 86' lang='grc' dir='ltr'>ἐστι</span> <span class='ocrx_word' id='word_1_390' title='bbox 1316 4209 1419 4278; x_wconf 81' lang='grc' dir='ltr'>τῆς</span> <span class='ocrx_word' id='word_1_391' title='bbox 1453 4207 1619 4280; x_wconf 88' lang='grc' dir='ltr'>δόξης</span> <span class='ocrx_word' id='word_1_392' title='bbox 1650 4208 1820 4261; x_wconf 84' lang='grc' dir='ltr'>αὑτοῦ</span> <span class='ocrx_word' id='word_1_393' title='bbox 1858 4208 1924 4262; x_wconf 88' lang='grc' dir='ltr'>τὸ</span> 
     </span>
    </p>
   </div>
   <div class='ocr_carea' id='block_1_47' title="bbox 347 4295 1925 4373">
    <p class='ocr_par' dir='ltr' id='par_1_47' title="bbox 347 4295 1925 4373">
     <span class='ocr_line' id='line_1_47' title="bbox 347 4295 1925 4373; baseline -0.01 -11"><span class='ocrx_word' id='word_1_394' title='bbox 347 4311 476 4371; x_wconf 78' lang='grc' dir='ltr'>τοὺς</span> <span class='ocrx_word' id='word_1_395' title='bbox 508 4302 737 4373; x_wconf 82' lang='grc' dir='ltr'>ἐχθροὺς</span> <span class='ocrx_word' id='word_1_396' title='bbox 772 4298 974 4362; x_wconf 83' lang='grc' dir='ltr'>σῶσαι,</span> <span class='ocrx_word' id='word_1_397' title='bbox 996 4296 1112 4350; x_wconf 81' lang='grc' dir='ltr'>ἀλλ’</span> <span class='ocrx_word' id='word_1_398' title='bbox 1146 4295 1388 4358; x_wconf 76' lang='grc' dir='ltr'>ἐκείνους</span> <span class='ocrx_word' id='word_1_399' title='bbox 1417 4296 1543 4359; x_wconf 85' lang='grc' dir='ltr'>τοὺς</span> <span class='ocrx_word' id='word_1_400' title='bbox 1575 4295 1716 4366; x_wconf 85' lang='grc' dir='ltr'>μετὰ</span> <span class='ocrx_word' id='word_1_401' title='bbox 1744 4295 1806 4349; x_wconf 87' lang='grc' dir='ltr'>τὸ</span> <span class='ocrx_word' id='word_1_402' title='bbox 1829 4312 1925 4363; x_wconf 78' lang='grc' dir='ltr'>γεσ-</span> 
     </span>
    </p>
   </div>
   <div class='ocr_carea' id='block_1_48' title="bbox 350 4382 1925 4459">
    <p class='ocr_par' dir='ltr' id='par_1_48' title="bbox 350 4382 1925 4459">
     <span class='ocr_line' id='line_1_48' title="bbox 350 4382 1925 4459; baseline -0.008 -11"><span class='ocrx_word' id='word_1_403' title='bbox 350 4394 541 4448; x_wconf 85' lang='grc' dir='ltr'>νέσθαι</span> <span class='ocrx_word' id='word_1_404' title='bbox 608 4389 790 4459; x_wconf 84' lang='grc' dir='ltr'>φίλους</span> <span class='ocrx_word' id='word_1_405' title='bbox 849 4384 1134 4456; x_wconf 87' lang='grc' dir='ltr'>μείναντας</span> <span class='ocrx_word' id='word_1_406' title='bbox 1165 4383 1352 4452; x_wconf 87' lang='grc' dir='ltr'>φίλους</span> <span class='ocrx_word' id='word_1_407' title='bbox 1375 4398 1390 4413; x_wconf 89' lang='grc'><strong>·</strong></span> <span class='ocrx_word' id='word_1_408' title='bbox 1419 4382 1514 4447; x_wconf 81' lang='grc' dir='ltr'>ὡς,</span> <span class='ocrx_word' id='word_1_409' title='bbox 1548 4385 1599 4436; x_wconf 81' lang='grc' dir='ltr'>εί</span> <span class='ocrx_word' id='word_1_410' title='bbox 1630 4382 1794 4436; x_wconf 86' lang='grc' dir='ltr'>πάλιν</span> <span class='ocrx_word' id='word_1_411' title='bbox 1831 4382 1925 4436; x_wconf 74' lang='grc' dir='ltr'>ἐπὶ</span> 
     </span>
    </p>
   </div>
   <div class='ocr_carea' id='block_1_49' title="bbox 348 4471 1925 4556">
    <p class='ocr_par' dir='ltr' id='par_1_49' title="bbox 348 4471 1925 4556">
     <span class='ocr_line' id='line_1_49' title="bbox 348 4471 1925 4556; baseline -0.006 -21"><span class='ocrx_word' id='word_1_412' title='bbox 348 4487 453 4556; x_wconf 73' lang='grc' dir='ltr'>τὴν</span> <span class='ocrx_word' id='word_1_413' title='bbox 505 4480 778 4552; x_wconf 87' lang='grc' dir='ltr'>προτέραν</span> <span class='ocrx_word' id='word_1_414' title='bbox 820 4473 1020 4545; x_wconf 73' lang='grc' dir='ltr'>ἔχθραν</span> <span class='ocrx_word' id='word_1_415' title='bbox 1046 4471 1414 4538; x_wconf 67' lang='grc' dir='ltr'>ἐπανέλθοιεν,</span> <span class='ocrx_word' id='word_1_416' title='bbox 1447 4472 1624 4526; x_wconf 85' lang='grc' dir='ltr'>πάντα</span> <span class='ocrx_word' id='word_1_417' title='bbox 1663 4471 1789 4543; x_wconf 84' lang='grc' dir='ltr'>είκῆ</span> <span class='ocrx_word' id='word_1_418' title='bbox 1828 4472 1925 4526; x_wconf 78' lang='grc' dir='ltr'>καὶ</span> 
     </span>
    </p>
   </div>
   <div class='ocr_carea' id='block_1_50' title="bbox 398 4574 557 4641">
    <p class='ocr_par' dir='ltr' id='par_1_50' title="bbox 398 4574 557 4641">
     <span class='ocr_line' id='line_1_50' title="bbox 398 4574 557 4641; baseline -0.038 -14"><span class='ocrx_word' id='word_1_419' title='bbox 398 4574 557 4641; x_wconf 83' lang='grc' dir='ltr'>άτην.</span> 
     </span>
    </p>
   </div>
   <div class='ocr_carea' id='block_1_51' title="bbox 356 4593 1924 4729">
    <p class='ocr_par' dir='ltr' id='par_1_51' title="bbox 356 4593 1924 4729">
     <span class='ocr_line' id='line_1_51' title="bbox 356 4593 1924 4729; baseline -0.008 -15"><span class='ocrx_word' id='word_1_420' title='bbox 356 4593 730 4729; x_wconf 48' lang='grc' dir='ltr'>μασῗλῗίῐτερον</span> <span class='ocrx_word' id='word_1_421' title='bbox 762 4654 871 4724; x_wconf 75' lang='grc' dir='ltr'>γὰρ</span> <span class='ocrx_word' id='word_1_422' title='bbox 899 4654 999 4706; x_wconf 83' lang='grc' dir='ltr'>οὐκ</span> <span class='ocrx_word' id='word_1_423' title='bbox 1031 4650 1150 4705; x_wconf 84' lang='grc' dir='ltr'>ἐστι</span> <span class='ocrx_word' id='word_1_424' title='bbox 1173 4649 1422 4720; x_wconf 87' lang='grc' dir='ltr'>λουτρὸν,</span> <span class='ocrx_word' id='word_1_425' title='bbox 1451 4649 1574 4702; x_wconf 83' lang='grc' dir='ltr'>οὐδὲ</span> <span class='ocrx_word' id='word_1_426' title='bbox 1608 4649 1924 4722; x_wconf 72' lang='grc' dir='ltr'>καταλλαγὴ</span> 
     </span>
    </p>
   </div>
   <div class='ocr_carea' id='block_1_52' title="bbox 352 4737 1924 4814">
    <p class='ocr_par' dir='ltr' id='par_1_52' title="bbox 352 4737 1924 4814">
     <span class='ocr_line' id='line_1_52' title="bbox 352 4737 1924 4814; baseline -0.006 -13"><span class='ocrx_word' id='word_1_427' title='bbox 352 4750 521 4807; x_wconf 65' lang='grc' dir='ltr'>πάλιν</span> <span class='ocrx_word' id='word_1_428' title='bbox 546 4745 800 4814; x_wconf 85' lang='grc' dir='ltr'>δευτέρα,</span> <span class='ocrx_word' id='word_1_429' title='bbox 824 4740 958 4794; x_wconf 81' lang='grc' dir='ltr'>ἀλλὰ</span> <span class='ocrx_word' id='word_1_430' title='bbox 989 4738 1199 4809; x_wconf 85' lang='grc' dir='ltr'>φοϐερά</span> <span class='ocrx_word' id='word_1_431' title='bbox 1224 4755 1308 4802; x_wconf 91' lang='grc' dir='ltr'>τις</span> <span class='ocrx_word' id='word_1_432' title='bbox 1331 4737 1526 4807; x_wconf 89' lang='grc' dir='ltr'>ἐκδοχὴ</span> <span class='ocrx_word' id='word_1_433' title='bbox 1556 4738 1815 4809; x_wconf 88' lang='grc' dir='ltr'>κρίσεως,</span> <span class='ocrx_word' id='word_1_434' title='bbox 1829 4740 1924 4792; x_wconf 73' lang='grc' dir='ltr'>καὶ</span> 
     </span>
    </p>
   </div>
   <div class='ocr_carea' id='block_1_53' title="bbox 353 4827 1925 4909">
    <p class='ocr_par' dir='ltr' id='par_1_53' title="bbox 353 4827 1925 4909">
     <span class='ocr_line' id='line_1_53' title="bbox 353 4827 1925 4909; baseline -0.006 -21"><span class='ocrx_word' id='word_1_435' title='bbox 353 4838 526 4909; x_wconf 79' lang='grc' dir='ltr'>πυρὸς</span> <span class='ocrx_word' id='word_1_436' title='bbox 557 4834 718 4905; x_wconf 80' lang='grc' dir='ltr'>ζῆλος</span> <span class='ocrx_word' id='word_1_437' title='bbox 746 4831 945 4884; x_wconf 80' lang='grc' dir='ltr'>ἐσθίειν</span> <span class='ocrx_word' id='word_1_438' title='bbox 978 4828 1263 4900; x_wconf 85' lang='grc' dir='ltr'>μέλλοντος</span> <span class='ocrx_word' id='word_1_439' title='bbox 1290 4828 1421 4890; x_wconf 82' lang='grc' dir='ltr'>τοὺς</span> <span class='ocrx_word' id='word_1_440' title='bbox 1453 4827 1831 4892; x_wconf 87' lang='grc' dir='ltr'>ὑπεναντίους.</span> <span class='ocrx_word' id='word_1_441' title='bbox 1859 4829 1925 4883; x_wconf 68' lang='lat' dir='ltr'>Et</span> 
     </span>
    </p>
   </div>
   <div class='ocr_carea' id='block_1_54' title="bbox 352 4913 1924 4998">
    <p class='ocr_par' dir='ltr' id='par_1_54' title="bbox 352 4913 1924 4998">
     <span class='ocr_line' id='line_1_54' title="bbox 352 4913 1924 4998; baseline -0.001 -26"><span class='ocrx_word' id='word_1_442' title='bbox 352 4927 466 4998; x_wconf 78' lang='grc' dir='ltr'>γὰρ</span> <span class='ocrx_word' id='word_1_443' title='bbox 478 4923 792 4995; x_wconf 71' lang='grc' dir='ltr'>μέλλοιμεν,</span> <span class='ocrx_word' id='word_1_444' title='bbox 813 4919 899 4972; x_wconf 76' lang='grc' dir='ltr'>ἀεὶ</span> <span class='ocrx_word' id='word_1_445' title='bbox 913 4917 1289 4987; x_wconf 85' lang='grc' dir='ltr'>ἐχθραίνοντες</span> <span class='ocrx_word' id='word_1_446' title='bbox 1309 4913 1477 4985; x_wconf 83' lang='grc' dir='ltr'>αὐτῷ,</span> <span class='ocrx_word' id='word_1_447' title='bbox 1491 4914 1773 4980; x_wconf 82' lang='grc' dir='ltr'>ἀξιοῦσθαι</span> <span class='ocrx_word' id='word_1_448' title='bbox 1791 4916 1924 4988; x_wconf 88' lang='grc' dir='ltr'>παρ’</span> 
     </span>
    </p>
   </div>
   <div class='ocr_carea' id='block_1_55' title="bbox 354 5004 1925 5077">
    <p class='ocr_par' dir='ltr' id='par_1_55' title="bbox 354 5004 1925 5077">
     <span class='ocr_line' id='line_1_55' title="bbox 354 5004 1925 5077; baseline -0.003 -13"><span class='ocrx_word' id='word_1_449' title='bbox 354 5013 524 5069; x_wconf 77' lang='grc' dir='ltr'>αὐτοῦ</span> <span class='ocrx_word' id='word_1_450' title='bbox 604 5007 955 5077; x_wconf 83' lang='grc' dir='ltr'>συγγνώμης,</span> <span class='ocrx_word' id='word_1_451' title='bbox 1024 5006 1085 5058; x_wconf 85' lang='grc' dir='ltr'>οὐ</span> <span class='ocrx_word' id='word_1_452' title='bbox 1157 5004 1483 5075; x_wconf 89' lang='grc' dir='ltr'>παυσόμεθα</span> <span class='ocrx_word' id='word_1_453' title='bbox 1543 5004 1925 5075; x_wconf 81' lang='grc' dir='ltr'>ἐχθραίνοντες</span> 
     </span>
    </p>
   </div>
   <div class='ocr_carea' id='block_1_56' title="bbox 353 5093 1926 5170">
    <p class='ocr_par' dir='ltr' id='par_1_56' title="bbox 353 5093 1926 5170">
     <span class='ocr_line' id='line_1_56' title="bbox 353 5093 1926 5170; baseline -0.004 -13"><span class='ocrx_word' id='word_1_454' title='bbox 353 5105 451 5158; x_wconf 71' lang='grc' dir='ltr'>καὶ</span> <span class='ocrx_word' id='word_1_455' title='bbox 494 5098 857 5170; x_wconf 74' lang='grc' dir='ltr'>θρυπτόμενοι</span> <span class='ocrx_word' id='word_1_456' title='bbox 900 5095 998 5149; x_wconf 75' lang='grc' dir='ltr'>καὶ</span> <span class='ocrx_word' id='word_1_457' title='bbox 1037 5093 1253 5166; x_wconf 80' lang='grc' dir='ltr'>χείρους</span> <span class='ocrx_word' id='word_1_458' title='bbox 1300 5094 1599 5165; x_wconf 82' lang='grc' dir='ltr'>γινόμενοι,</span> <span class='ocrx_word' id='word_1_459' title='bbox 1631 5095 1726 5149; x_wconf 73' lang='grc' dir='ltr'>καὶ</span> <span class='ocrx_word' id='word_1_460' title='bbox 1753 5113 1926 5170; x_wconf 88' lang='grc' dir='ltr'>πεπη-</span> 
     </span>
    </p>
   </div>
   <div class='ocr_carea' id='block_1_57' title="bbox 356 5182 1927 5264">
    <p class='ocr_par' dir='ltr' id='par_1_57' title="bbox 356 5182 1927 5264">
     <span class='ocr_line' id='line_1_57' title="bbox 356 5182 1927 5264; baseline -0.004 -20"><span class='ocrx_word' id='word_1_461' title='bbox 356 5190 596 5264; x_wconf 85' lang='grc' dir='ltr'>ρωμένοι</span> <span class='ocrx_word' id='word_1_462' title='bbox 668 5184 760 5238; x_wconf 88' lang='grc' dir='ltr'>τοῦ</span> <span class='ocrx_word' id='word_1_463' title='bbox 834 5184 987 5253; x_wconf 81' lang='grc' dir='ltr'>ἡλίου</span> <span class='ocrx_word' id='word_1_464' title='bbox 1040 5183 1139 5254; x_wconf 82' lang='grc' dir='ltr'>τῆς</span> <span class='ocrx_word' id='word_1_465' title='bbox 1218 5182 1564 5254; x_wconf 84' lang='grc' dir='ltr'>δικαιοσύνης</span> <span class='ocrx_word' id='word_1_466' title='bbox 1623 5202 1927 5257; x_wconf 84' lang='grc' dir='ltr'>παραγενο-</span> 
     </span>
    </p>
   </div>
   <div class='ocr_carea' id='block_1_58' title="bbox 360 5270 1925 5351">
    <p class='ocr_par' dir='ltr' id='par_1_58' title="bbox 360 5270 1925 5351">
     <span class='ocr_line' id='line_1_58' title="bbox 360 5270 1925 5351; baseline -0.001 -21"><span class='ocrx_word' id='word_1_467' title='bbox 360 5280 547 5351; x_wconf 80' lang='grc' dir='ltr'>μένου.</span> <span class='ocrx_word' id='word_1_468' title='bbox 596 5274 781 5327; x_wconf 83' lang='grc' dir='ltr'>Βούλει</span> <span class='ocrx_word' id='word_1_469' title='bbox 830 5271 1016 5325; x_wconf 89' lang='grc' dir='ltr'>λαϐεῖν</span> <span class='ocrx_word' id='word_1_470' title='bbox 1068 5270 1167 5341; x_wconf 82' lang='grc' dir='ltr'>τὴν</span> <span class='ocrx_word' id='word_1_471' title='bbox 1213 5272 1407 5325; x_wconf 82' lang='grc' dir='ltr'>ἀκτῖνα</span> <span class='ocrx_word' id='word_1_472' title='bbox 1449 5271 1778 5342; x_wconf 79' lang='grc' dir='ltr'>ἀνοίγουσὰν</span> <span class='ocrx_word' id='word_1_473' title='bbox 1830 5290 1925 5328; x_wconf 88' lang='grc' dir='ltr'>σου</span> 
     </span>
    </p>
   </div>
   <div class='ocr_carea' id='block_1_59' title="bbox 364 5360 1923 5434">
    <p class='ocr_par' dir='ltr' id='par_1_59' title="bbox 364 5360 1923 5434">
     <span class='ocr_line' id='line_1_59' title="bbox 364 5360 1923 5434; baseline -0.001 -16"><span class='ocrx_word' id='word_1_474' title='bbox 364 5370 481 5430; x_wconf 60' lang='lat' dir='ltr'>pob;</span> <span class='ocrx_word' id='word_1_475' title='bbox 530 5362 880 5433; x_wconf 75' lang='grc' dir='ltr'>ὀφθαλμούς;</span> <span class='ocrx_word' id='word_1_476' title='bbox 924 5360 1141 5424; x_wconf 82' lang='grc' dir='ltr'>Καλοὺς</span> <span class='ocrx_word' id='word_1_477' title='bbox 1181 5360 1379 5426; x_wconf 80' lang='grc' dir='ltr'>αὐτοὺς</span> <span class='ocrx_word' id='word_1_478' title='bbox 1433 5360 1688 5434; x_wconf 87' lang='grc' dir='ltr'>ἐργασαι,</span> <span class='ocrx_word' id='word_1_479' title='bbox 1729 5364 1923 5433; x_wconf 81' lang='grc' dir='ltr'>ὑγιεῖς,</span> 
     </span>
    </p>
   </div>
   <div class='ocr_carea' id='block_1_60' title="bbox 366 5448 1929 5524">
    <p class='ocr_par' dir='ltr' id='par_1_60' title="bbox 366 5448 1929 5524">
     <span class='ocr_line' id='line_1_60' title="bbox 366 5448 1929 5524; baseline -0.003 -14"><span class='ocrx_word' id='word_1_480' title='bbox 366 5454 691 5524; x_wconf 61' lang='grc' dir='ltr'>ὓξυδερκεῖς.</span> <span class='ocrx_word' id='word_1_481' title='bbox 726 5448 938 5514; x_wconf 83' lang='grc' dir='ltr'>Ἕδειξέ</span> <span class='ocrx_word' id='word_1_482' title='bbox 970 5464 1053 5502; x_wconf 87' lang='grc' dir='ltr'>σοι</span> <span class='ocrx_word' id='word_1_483' title='bbox 1080 5449 1142 5502; x_wconf 88' lang='grc' dir='ltr'>τὸ</span> <span class='ocrx_word' id='word_1_484' title='bbox 1166 5449 1281 5518; x_wconf 80' lang='grc' dir='ltr'>φῶς</span> <span class='ocrx_word' id='word_1_485' title='bbox 1303 5450 1366 5503; x_wconf 89' lang='grc' dir='ltr'>τὸ</span> <span class='ocrx_word' id='word_1_486' title='bbox 1394 5450 1646 5519; x_wconf 88' lang='grc' dir='ltr'>ἀληθινόν</span> <span class='ocrx_word' id='word_1_487' title='bbox 1676 5467 1691 5481; x_wconf 90' lang='grc'><strong>·</strong></span> <span class='ocrx_word' id='word_1_488' title='bbox 1723 5451 1791 5505; x_wconf 83' lang='grc' dir='ltr'>ἂν</span> <span class='ocrx_word' id='word_1_489' title='bbox 1828 5452 1929 5506; x_wconf 83' lang='grc' dir='ltr'>πά-</span> 
     </span>
    </p>
   </div>
   <div class='ocr_carea' id='block_1_61' title="bbox 364 5535 1929 5612">
    <p class='ocr_par' dir='ltr' id='par_1_61' title="bbox 364 5535 1929 5612">
     <span class='ocr_line' id='line_1_61' title="bbox 364 5535 1929 5612; baseline -0.001 -15"><span class='ocrx_word' id='word_1_490' title='bbox 364 5548 439 5596; x_wconf 75' lang='grc' dir='ltr'>λιν</span> <span class='ocrx_word' id='word_1_491' title='bbox 468 5540 603 5596; x_wconf 78' lang='grc' dir='ltr'>αὐτὸ</span> <span class='ocrx_word' id='word_1_492' title='bbox 633 5537 822 5608; x_wconf 87' lang='grc' dir='ltr'>φυγὼν</span> <span class='ocrx_word' id='word_1_493' title='bbox 847 5576 863 5602; x_wconf 93' lang='grc'>,</span> <span class='ocrx_word' id='word_1_494' title='bbox 906 5535 983 5607; x_wconf 85' lang='grc' dir='ltr'>τῷ</span> <span class='ocrx_word' id='word_1_495' title='bbox 1021 5535 1203 5591; x_wconf 88' lang='grc' dir='ltr'>σκότει</span> <span class='ocrx_word' id='word_1_496' title='bbox 1241 5538 1627 5612; x_wconf 75' lang='grc' dir='ltr'>προσδράμῃς,</span> <span class='ocrx_word' id='word_1_497' title='bbox 1659 5539 1744 5605; x_wconf 92' lang='grc' dir='ltr'>τίς</span> <span class='ocrx_word' id='word_1_498' title='bbox 1772 5540 1929 5595; x_wconf 73' lang='grc' dir='ltr'>ἔσται</span> 
     </span>
    </p>
   </div>
   <div class='ocr_carea' id='block_1_62' title="bbox 365 5624 1931 5699">
    <p class='ocr_par' dir='ltr' id='par_1_62' title="bbox 365 5624 1931 5699">
     <span class='ocr_line' id='line_1_62' title="bbox 365 5624 1931 5699; baseline -0.001 -14"><span class='ocrx_word' id='word_1_499' title='bbox 365 5628 650 5696; x_wconf 76' lang='grc' dir='ltr'>ιπολογία,</span> <span class='ocrx_word' id='word_1_500' title='bbox 681 5626 813 5680; x_wconf 89' lang='grc' dir='ltr'>ποία</span> <span class='ocrx_word' id='word_1_501' title='bbox 844 5624 1140 5697; x_wconf 84' lang='grc' dir='ltr'>συγγνώμη</span> <span class='ocrx_word' id='word_1_502' title='bbox 1166 5644 1182 5693; x_wconf 88' lang='lat'><strong>;</strong></span> <span class='ocrx_word' id='word_1_503' title='bbox 1211 5625 1450 5696; x_wconf 84' lang='grc' dir='ltr'>Οὐδεμία</span> <span class='ocrx_word' id='word_1_504' title='bbox 1468 5626 1657 5681; x_wconf 85' lang='grc' dir='ltr'>λοιπόν</span> <span class='ocrx_word' id='word_1_505' title='bbox 1687 5644 1703 5659; x_wconf 86' lang='grc'><strong>·</strong></span> <span class='ocrx_word' id='word_1_506' title='bbox 1738 5629 1931 5699; x_wconf 90' lang='grc' dir='ltr'>μίσους</span> 
     </span>
    </p>
   </div>
   <div class='ocr_carea' id='block_1_63' title="bbox 364 5712 1932 5791">
    <p class='ocr_par' dir='ltr' id='par_1_63' title="bbox 364 5712 1932 5791">
     <span class='ocr_line' id='line_1_63' title="bbox 364 5712 1932 5791; baseline -0.001 -20"><span class='ocrx_word' id='word_1_507' title='bbox 364 5717 468 5789; x_wconf 83' lang='grc' dir='ltr'>γάρ</span> <span class='ocrx_word' id='word_1_508' title='bbox 496 5718 650 5768; x_wconf 84' lang='grc' dir='ltr'>ἐστιν</span> <span class='ocrx_word' id='word_1_509' title='bbox 679 5714 919 5785; x_wconf 80' lang='grc' dir='ltr'>ἀρρήτου</span> <span class='ocrx_word' id='word_1_510' title='bbox 950 5712 1108 5767; x_wconf 88' lang='grc' dir='ltr'>τοῦτο</span> <span class='ocrx_word' id='word_1_511' title='bbox 1141 5714 1526 5784; x_wconf 77' lang='grc' dir='ltr'>σημεῖον.”οτε</span> <span class='ocrx_word' id='word_1_512' title='bbox 1558 5716 1659 5786; x_wconf 79' lang='grc' dir='ltr'>μὲν</span> <span class='ocrx_word' id='word_1_513' title='bbox 1688 5716 1805 5791; x_wconf 87' lang='grc' dir='ltr'>γὰρ</span> <span class='ocrx_word' id='word_1_514' title='bbox 1829 5717 1932 5771; x_wconf 83' lang='grc' dir='ltr'>οὐκ</span> 
     </span>
    </p>
   </div>
   <div class='ocr_carea' id='block_1_64' title="bbox 362 5800 1934 5876">
    <p class='ocr_par' dir='ltr' id='par_1_64' title="bbox 362 5800 1934 5876">
     <span class='ocr_line' id='line_1_64' title="bbox 362 5800 1934 5876; baseline 0.001 -17"><span class='ocrx_word' id='word_1_515' title='bbox 362 5806 509 5876; x_wconf 71' lang='grc' dir='ltr'>ᾕδεις</span> <span class='ocrx_word' id='word_1_516' title='bbox 559 5803 653 5858; x_wconf 85' lang='grc' dir='ltr'>τὸν</span> <span class='ocrx_word' id='word_1_517' title='bbox 697 5801 830 5855; x_wconf 92' lang='grc' dir='ltr'>Θεὸν</span> <span class='ocrx_word' id='word_1_518' title='bbox 852 5838 869 5866; x_wconf 95' lang='grc'>,</span> <span class='ocrx_word' id='word_1_519' title='bbox 902 5800 1202 5872; x_wconf 87' lang='grc' dir='ltr'>ἐχθραίνων</span> <span class='ocrx_word' id='word_1_520' title='bbox 1229 5800 1401 5872; x_wconf 80' lang='grc' dir='ltr'>αὐτῷ,</span> <span class='ocrx_word' id='word_1_521' title='bbox 1430 5803 1783 5875; x_wconf 77' lang='grc' dir='ltr'>ὀπωσδήποτέ</span> <span class='ocrx_word' id='word_1_522' title='bbox 1809 5822 1934 5861; x_wconf 89' lang='grc' dir='ltr'>τινα</span> 
     </span>
    </p>
   </div>
   <div class='ocr_carea' id='block_1_65' title="bbox 367 5882 1927 5964">
    <p class='ocr_par' dir='ltr' id='par_1_65' title="bbox 367 5882 1927 5964">
     <span class='ocr_line' id='line_1_65' title="bbox 367 5882 1927 5964; baseline 0.001 -18"><span class='ocrx_word' id='word_1_523' title='bbox 367 5890 697 5961; x_wconf 78' lang='grc' dir='ltr'>συγγνώμην</span> <span class='ocrx_word' id='word_1_524' title='bbox 733 5882 880 5959; x_wconf 78' lang='grc' dir='ltr'>εἶχες</span> <span class='ocrx_word' id='word_1_525' title='bbox 900 5901 918 5919; x_wconf 75' lang='grc' dir='ltr'><strong>ο</strong></span> <span class='ocrx_word' id='word_1_526' title='bbox 948 5887 1136 5959; x_wconf 76' lang='grc' dir='ltr'>ἐπειδὴ</span> <span class='ocrx_word' id='word_1_527' title='bbox 1150 5888 1209 5944; x_wconf 70' lang='grc' dir='ltr'>δὲ</span> <span class='ocrx_word' id='word_1_528' title='bbox 1238 5888 1450 5960; x_wconf 71' lang='grc' dir='ltr'>ἐγεύσω</span> <span class='ocrx_word' id='word_1_529' title='bbox 1494 5890 1592 5962; x_wconf 82' lang='grc' dir='ltr'>τῆς</span> <span class='ocrx_word' id='word_1_530' title='bbox 1619 5893 1927 5964; x_wconf 82' lang='grc' dir='ltr'>χρηστότη-</span> 
     </span>
    </p>
   </div>
   <div class='ocr_carea' id='block_1_66' title="bbox 2023 431 3587 504">
    <p class='ocr_par' dir='ltr' id='par_1_66' title="bbox 2023 431 3587 504">
     <span class='ocr_line' id='line_1_66' title="bbox 2023 431 3587 504; baseline 0.004 -23"><span class='ocrx_word' id='word_1_531' title='bbox 2023 446 2116 492; x_wconf 77' lang='grc' dir='ltr'>τος</span> <span class='ocrx_word' id='word_1_532' title='bbox 2145 432 2243 487; x_wconf 79' lang='grc' dir='ltr'>καὶ</span> <span class='ocrx_word' id='word_1_533' title='bbox 2269 433 2364 487; x_wconf 88' lang='grc' dir='ltr'>τοῦ</span> <span class='ocrx_word' id='word_1_534' title='bbox 2404 433 2636 503; x_wconf 86' lang='grc' dir='ltr'>μέλιτος,</span> <span class='ocrx_word' id='word_1_535' title='bbox 2664 434 2729 490; x_wconf 86' lang='grc' dir='ltr'>ἂν</span> <span class='ocrx_word' id='word_1_536' title='bbox 2760 432 2923 485; x_wconf 88' lang='grc' dir='ltr'>πάλιν</span> <span class='ocrx_word' id='word_1_537' title='bbox 2953 431 3135 502; x_wconf 80' lang='grc' dir='ltr'>ἀφεὶς,</span> <span class='ocrx_word' id='word_1_538' title='bbox 3160 431 3255 484; x_wconf 81' lang='grc' dir='ltr'>ἐπὶ</span> <span class='ocrx_word' id='word_1_539' title='bbox 3275 431 3367 487; x_wconf 90' lang='grc' dir='ltr'>τὸν</span> <span class='ocrx_word' id='word_1_540' title='bbox 3396 433 3587 504; x_wconf 75' lang='grc' dir='ltr'>ἔμετον</span> 
     </span>
    </p>
   </div>
   <div class='ocr_carea' id='block_1_67' title="bbox 2024 518 3593 596">
    <p class='ocr_par' dir='ltr' id='par_1_67' title="bbox 2024 518 3593 596">
     <span class='ocr_line' id='line_1_67' title="bbox 2024 518 3593 596; baseline 0.004 -25"><span class='ocrx_word' id='word_1_541' title='bbox 2024 518 2183 592; x_wconf 77' lang='grc' dir='ltr'>ἔλθῃς</span> <span class='ocrx_word' id='word_1_542' title='bbox 2239 522 2332 575; x_wconf 91' lang='grc' dir='ltr'>τὸν</span> <span class='ocrx_word' id='word_1_543' title='bbox 2382 520 2602 587; x_wconf 84' lang='grc' dir='ltr'>σαυτοῦ,</span> <span class='ocrx_word' id='word_1_544' title='bbox 2629 520 2781 574; x_wconf 81' lang='grc' dir='ltr'>οὐδὲν</span> <span class='ocrx_word' id='word_1_545' title='bbox 2813 521 2997 590; x_wconf 71' lang='grc' dir='ltr'>ἕτερον</span> <span class='ocrx_word' id='word_1_546' title='bbox 3027 520 3140 574; x_wconf 79' lang='grc' dir='ltr'>ἀλλ’</span> <span class='ocrx_word' id='word_1_547' title='bbox 3169 521 3202 590; x_wconf 84' lang='grc' dir='ltr'>ἢ</span> <span class='ocrx_word' id='word_1_548' title='bbox 3236 522 3472 592; x_wconf 81' lang='grc' dir='ltr'>μεγάλου</span> <span class='ocrx_word' id='word_1_549' title='bbox 3499 525 3593 596; x_wconf 72' lang='grc' dir='ltr'>μίοι</span> 
     </span>
    </p>
   </div>
   <div class='ocr_carea' id='block_1_68' title="bbox 2028 608 3595 686">
    <p class='ocr_par' dir='ltr' id='par_1_68' title="bbox 2028 608 3595 686">
     <span class='ocr_line' id='line_1_68' title="bbox 2028 608 3595 686; baseline 0.003 -25"><span class='ocrx_word' id='word_1_550' title='bbox 2028 626 2157 673; x_wconf 92' lang='grc' dir='ltr'>σους</span> <span class='ocrx_word' id='word_1_551' title='bbox 2186 611 2283 663; x_wconf 73' lang='grc' dir='ltr'>καὶ</span> <span class='ocrx_word' id='word_1_552' title='bbox 2313 611 2775 681; x_wconf 81' lang='grc' dir='ltr'>καταφρονήσεως</span> <span class='ocrx_word' id='word_1_553' title='bbox 2806 608 3061 680; x_wconf 73' lang='grc' dir='ltr'>ἐκφέρεις</span> <span class='ocrx_word' id='word_1_554' title='bbox 3106 613 3327 681; x_wconf 88' lang='grc' dir='ltr'>σημεῖα.</span> <span class='ocrx_word' id='word_1_555' title='bbox 3362 610 3457 679; x_wconf 83' lang='grc' dir='ltr'>Οὒ,</span> <span class='ocrx_word' id='word_1_556' title='bbox 3485 632 3595 686; x_wconf 85' lang='grc' dir='ltr'>φη-</span> 
     </span>
    </p>
   </div>
   <div class='ocr_carea' id='block_1_69' title="bbox 2027 697 3595 773">
    <p class='ocr_par' dir='ltr' id='par_1_69' title="bbox 2027 697 3595 773">
     <span class='ocr_line' id='line_1_69' title="bbox 2027 697 3595 773; baseline 0.004 -24"><span class='ocrx_word' id='word_1_557' title='bbox 2027 698 2135 764; x_wconf 68' lang='grc' dir='ltr'>σὶν,</span> <span class='ocrx_word' id='word_1_558' title='bbox 2166 697 2281 750; x_wconf 79' lang='grc' dir='ltr'>ἀλλ’</span> <span class='ocrx_word' id='word_1_559' title='bbox 2317 698 2422 750; x_wconf 83' lang='grc' dir='ltr'>ὑπὸ</span> <span class='ocrx_word' id='word_1_560' title='bbox 2450 698 2550 767; x_wconf 81' lang='grc' dir='ltr'>τῆς</span> <span class='ocrx_word' id='word_1_561' title='bbox 2580 697 2795 767; x_wconf 86' lang='grc' dir='ltr'>φύσεως</span> <span class='ocrx_word' id='word_1_562' title='bbox 2837 697 3221 768; x_wconf 77' lang='grc' dir='ltr'>ἀναγκάζομαι</span> <span class='ocrx_word' id='word_1_563' title='bbox 3254 714 3269 727; x_wconf 80' lang='grc'>⁶</span> <span class='ocrx_word' id='word_1_564' title='bbox 3301 700 3440 769; x_wconf 85' lang='grc' dir='ltr'>φιλῶ</span> <span class='ocrx_word' id='word_1_565' title='bbox 3491 703 3595 773; x_wconf 82' lang='grc' dir='ltr'>μὲν</span> 
     </span>
    </p>
   </div>
   <div class='ocr_carea' id='block_1_70' title="bbox 2026 784 3591 862">
    <p class='ocr_par' dir='ltr' id='par_1_70' title="bbox 2026 784 3591 862">
     <span class='ocr_line' id='line_1_70' title="bbox 2026 784 3591 862; baseline 0.006 -21"><span class='ocrx_word' id='word_1_566' title='bbox 2026 784 2122 843; x_wconf 76' lang='grc' dir='ltr'>οὖν</span> <span class='ocrx_word' id='word_1_567' title='bbox 2152 790 2244 844; x_wconf 91' lang='grc' dir='ltr'>τὸν</span> <span class='ocrx_word' id='word_1_568' title='bbox 2278 790 2534 860; x_wconf 75' lang='grc' dir='ltr'>Χριστὸν,</span> <span class='ocrx_word' id='word_1_569' title='bbox 2568 791 2950 861; x_wconf 79' lang='grc' dir='ltr'>ἀναγκάζομαι</span> <span class='ocrx_word' id='word_1_570' title='bbox 2999 791 3056 845; x_wconf 80' lang='grc' dir='ltr'>δὲ</span> <span class='ocrx_word' id='word_1_571' title='bbox 3088 792 3191 845; x_wconf 73' lang='grc' dir='ltr'>ὑπὸ</span> <span class='ocrx_word' id='word_1_572' title='bbox 3218 793 3317 862; x_wconf 80' lang='grc' dir='ltr'>τῆς</span> <span class='ocrx_word' id='word_1_573' title='bbox 3357 792 3591 861; x_wconf 83' lang='grc' dir='ltr'>φύσεως.</span> 
     </span>
    </p>
   </div>
   <div class='ocr_carea' id='block_1_71' title="bbox 2027 876 3592 954">
    <p class='ocr_par' dir='ltr' id='par_1_71' title="bbox 2027 876 3592 954">
     <span class='ocr_line' id='line_1_71' title="bbox 2027 876 3592 954; baseline 0.004 -24"><span class='ocrx_word' id='word_1_574' title='bbox 2027 878 2090 932; x_wconf 77' lang='lat' dir='ltr'>El</span> <span class='ocrx_word' id='word_1_575' title='bbox 2117 878 2361 948; x_wconf 86' lang='grc' dir='ltr'>ἀνάγκην</span> <span class='ocrx_word' id='word_1_576' title='bbox 2413 879 2508 931; x_wconf 77' lang='grc' dir='ltr'>καὶ</span> <span class='ocrx_word' id='word_1_577' title='bbox 2553 878 2673 948; x_wconf 88' lang='grc' dir='ltr'>βίαν</span> <span class='ocrx_word' id='word_1_578' title='bbox 2708 876 3019 948; x_wconf 82' lang='grc' dir='ltr'>ὑπομένεις,</span> <span class='ocrx_word' id='word_1_579' title='bbox 3055 879 3197 945; x_wconf 75' lang='grc' dir='ltr'>ἕξεις</span> <span class='ocrx_word' id='word_1_580' title='bbox 3227 881 3592 954; x_wconf 79' lang='grc' dir='ltr'>συγγνώμηνο</span> 
     </span>
    </p>
   </div>
   <div class='ocr_carea' id='block_1_72' title="bbox 2026 964 3240 1037">
    <p class='ocr_par' dir='ltr' id='par_1_72' title="bbox 2026 964 3240 1037">
     <span class='ocr_line' id='line_1_72' title="bbox 2026 964 3240 1037; baseline 0.003 -18"><span class='ocrx_word' id='word_1_581' title='bbox 2026 967 2076 1019; x_wconf 88' lang='grc' dir='ltr'>εἰ</span> <span class='ocrx_word' id='word_1_582' title='bbox 2105 966 2163 1018; x_wconf 84' lang='grc' dir='ltr'>δὲ</span> <span class='ocrx_word' id='word_1_583' title='bbox 2194 966 2301 1019; x_wconf 87' lang='grc' dir='ltr'>ἀπὸ</span> <span class='ocrx_word' id='word_1_584' title='bbox 2323 964 2593 1037; x_wconf 73' lang='grc' dir='ltr'>ῥᾳθυμίας</span> <span class='ocrx_word' id='word_1_585' title='bbox 2622 966 3004 1031; x_wconf 89' lang='grc' dir='ltr'>καταπίπτεις,</span> <span class='ocrx_word' id='word_1_586' title='bbox 3037 968 3240 1023; x_wconf 85' lang='grc' dir='ltr'>οὐκέτι.</span> 
     </span>
    </p>
   </div>
   <div class='ocr_carea' id='block_1_73' title="bbox 2096 1050 3595 1128">
    <p class='ocr_par' dir='ltr' id='par_1_73' title="bbox 2096 1050 3595 1128">
     <span class='ocr_line' id='line_1_73' title="bbox 2096 1050 3595 1128; baseline 0.005 -23"><span class='ocrx_word' id='word_1_587' title='bbox 2096 1052 2235 1124; x_wconf 74' lang='grc' dir='ltr'>Φέρε</span> <span class='ocrx_word' id='word_1_588' title='bbox 2272 1050 2386 1118; x_wconf 76' lang='grc' dir='ltr'>οὖν,</span> <span class='ocrx_word' id='word_1_589' title='bbox 2420 1054 2551 1108; x_wconf 81' lang='grc' dir='ltr'>αὐτὸ</span> <span class='ocrx_word' id='word_1_590' title='bbox 2577 1053 2640 1126; x_wconf 81' lang='grc' dir='ltr'>δὴ</span> <span class='ocrx_word' id='word_1_591' title='bbox 2680 1054 2837 1109; x_wconf 90' lang='grc' dir='ltr'>τοῦτο</span> <span class='ocrx_word' id='word_1_592' title='bbox 2877 1055 3239 1127; x_wconf 82' lang='grc' dir='ltr'>ἐξετάσωμεν,</span> <span class='ocrx_word' id='word_1_593' title='bbox 3282 1057 3506 1128; x_wconf 86' lang='grc' dir='ltr'>πότερον</span> <span class='ocrx_word' id='word_1_594' title='bbox 3534 1059 3595 1125; x_wconf 86' lang='grc' dir='ltr'>ἐξ</span> 
     </span>
    </p>
   </div>
   <div class='ocr_carea' id='block_1_74' title="bbox 2026 1142 3596 1215">
    <p class='ocr_par' dir='ltr' id='par_1_74' title="bbox 2026 1142 3596 1215">
     <span class='ocr_line' id='line_1_74' title="bbox 2026 1142 3596 1215; baseline 0.004 -20"><span class='ocrx_word' id='word_1_595' title='bbox 2026 1142 2273 1213; x_wconf 87' lang='grc' dir='ltr'>ἀνάγκης</span> <span class='ocrx_word' id='word_1_596' title='bbox 2306 1143 2401 1195; x_wconf 60' lang='grc' dir='ltr'>καὶ¹</span> <span class='ocrx_word' id='word_1_597' title='bbox 2448 1142 2571 1211; x_wconf 86' lang='grc' dir='ltr'>βίας</span> <span class='ocrx_word' id='word_1_598' title='bbox 2614 1142 2685 1195; x_wconf 79' lang='grc' dir='ltr'>τὰ</span> <span class='ocrx_word' id='word_1_599' title='bbox 2726 1143 3101 1215; x_wconf 80' lang='grc' dir='ltr'>ἁμαρτήματα</span> <span class='ocrx_word' id='word_1_600' title='bbox 3147 1144 3443 1215; x_wconf 81' lang='grc' dir='ltr'>γίνεται,ἥ</span> <span class='ocrx_word' id='word_1_601' title='bbox 3486 1147 3596 1202; x_wconf 87' lang='grc' dir='ltr'>ἀπὸ</span> 
     </span>
    </p>
   </div>
   <div class='ocr_carea' id='block_1_75' title="bbox 2029 1230 3594 1302">
    <p class='ocr_par' dir='ltr' id='par_1_75' title="bbox 2029 1230 3594 1302">
     <span class='ocr_line' id='line_1_75' title="bbox 2029 1230 3594 1302; baseline 0.005 -20"><span class='ocrx_word' id='word_1_602' title='bbox 2029 1230 2301 1302; x_wconf 77' lang='grc' dir='ltr'>ῥᾳθυμίας</span> <span class='ocrx_word' id='word_1_603' title='bbox 2359 1232 2451 1284; x_wconf 76' lang='grc' dir='ltr'>καὶ</span> <span class='ocrx_word' id='word_1_604' title='bbox 2503 1231 2798 1301; x_wconf 84' lang='grc' dir='ltr'>ὀλιγωρίας</span> <span class='ocrx_word' id='word_1_605' title='bbox 2837 1231 3061 1301; x_wconf 85' lang='grc' dir='ltr'>πολλῆς.</span> <span class='ocrx_word' id='word_1_606' title='bbox 3122 1234 3203 1287; x_wconf 86' lang='grc' dir='ltr'>Οὐ</span> <span class='ocrx_word' id='word_1_607' title='bbox 3250 1236 3594 1301; x_wconf 65' lang='grc' dir='ltr'>φονεύσεις,</span> 
     </span>
    </p>
   </div>
   <div class='ocr_carea' id='block_1_76' title="bbox 2026 1317 3595 1391">
    <p class='ocr_par' dir='ltr' id='par_1_76' title="bbox 2026 1317 3595 1391">
     <span class='ocr_line' id='line_1_76' title="bbox 2026 1317 3595 1391; baseline 0.006 -23"><span class='ocrx_word' id='word_1_608' title='bbox 2026 1318 2180 1388; x_wconf 87' lang='grc' dir='ltr'>φησί.</span> <span class='ocrx_word' id='word_1_609' title='bbox 2238 1318 2374 1371; x_wconf 89' lang='grc' dir='ltr'>Ποία</span> <span class='ocrx_word' id='word_1_610' title='bbox 2403 1317 2561 1372; x_wconf 90' lang='grc' dir='ltr'>τοῦτο</span> <span class='ocrx_word' id='word_1_611' title='bbox 2601 1318 2840 1388; x_wconf 80' lang='grc' dir='ltr'>ἀνάγκη,</span> <span class='ocrx_word' id='word_1_612' title='bbox 2878 1318 3005 1372; x_wconf 85' lang='grc' dir='ltr'>ποία</span> <span class='ocrx_word' id='word_1_613' title='bbox 3036 1319 3160 1389; x_wconf 85' lang='grc' dir='ltr'>βία;</span> <span class='ocrx_word' id='word_1_614' title='bbox 3210 1321 3310 1375; x_wconf 90' lang='grc' dir='ltr'>Βία</span> <span class='ocrx_word' id='word_1_615' title='bbox 3350 1322 3450 1391; x_wconf 82' lang='grc' dir='ltr'>μὲν</span> <span class='ocrx_word' id='word_1_616' title='bbox 3499 1320 3595 1377; x_wconf 83' lang='grc' dir='ltr'>οὖν</span> 
     </span>
    </p>
   </div>
   <div class='ocr_carea' id='block_1_77' title="bbox 2026 1404 3595 1477">
    <p class='ocr_par' dir='ltr' id='par_1_77' title="bbox 2026 1404 3595 1477">
     <span class='ocr_line' id='line_1_77' title="bbox 2026 1404 3595 1477; baseline 0.003 -20"><span class='ocrx_word' id='word_1_617' title='bbox 2026 1406 2141 1459; x_wconf 84' lang='grc' dir='ltr'>ἐστι</span> <span class='ocrx_word' id='word_1_618' title='bbox 2166 1404 2228 1458; x_wconf 92' lang='grc' dir='ltr'>τὸ</span> <span class='ocrx_word' id='word_1_619' title='bbox 2258 1405 2522 1474; x_wconf 84' lang='grc' dir='ltr'>φονεύειν.</span> <span class='ocrx_word' id='word_1_620' title='bbox 2552 1406 2649 1470; x_wconf 93' lang='grc' dir='ltr'>Τίς</span> <span class='ocrx_word' id='word_1_621' title='bbox 2686 1405 2796 1477; x_wconf 87' lang='grc' dir='ltr'>γὰρ</span> <span class='ocrx_word' id='word_1_622' title='bbox 2823 1404 2889 1459; x_wconf 86' lang='grc' dir='ltr'>ἂν</span> <span class='ocrx_word' id='word_1_623' title='bbox 2937 1406 3093 1476; x_wconf 84' lang='grc' dir='ltr'>ἡμῶν</span> <span class='ocrx_word' id='word_1_624' title='bbox 3121 1406 3295 1461; x_wconf 74' lang='grc' dir='ltr'>ἕλοιτο</span> <span class='ocrx_word' id='word_1_625' title='bbox 3334 1408 3595 1477; x_wconf 88' lang='grc' dir='ltr'>βαπτίσαι</span> 
     </span>
    </p>
   </div>
   <div class='ocr_carea' id='block_1_78' title="bbox 2027 1492 3596 1565">
    <p class='ocr_par' dir='ltr' id='par_1_78' title="bbox 2027 1492 3596 1565">
     <span class='ocr_line' id='line_1_78' title="bbox 2027 1492 3596 1565; baseline 0.002 -20"><span class='ocrx_word' id='word_1_626' title='bbox 2027 1494 2179 1561; x_wconf 86' lang='grc' dir='ltr'>ξίφος</span> <span class='ocrx_word' id='word_1_627' title='bbox 2206 1495 2285 1556; x_wconf 89' lang='grc' dir='ltr'>είς</span> <span class='ocrx_word' id='word_1_628' title='bbox 2320 1494 2412 1545; x_wconf 88' lang='grc' dir='ltr'>τὸν</span> <span class='ocrx_word' id='word_1_629' title='bbox 2454 1493 2649 1563; x_wconf 88' lang='grc' dir='ltr'>λαιμὸν</span> <span class='ocrx_word' id='word_1_630' title='bbox 2688 1492 2782 1546; x_wconf 85' lang='grc' dir='ltr'>τοῦ</span> <span class='ocrx_word' id='word_1_631' title='bbox 2824 1493 3071 1564; x_wconf 87' lang='grc' dir='ltr'>πλησίον,</span> <span class='ocrx_word' id='word_1_632' title='bbox 3104 1494 3197 1546; x_wconf 79' lang='grc' dir='ltr'>καὶ</span> <span class='ocrx_word' id='word_1_633' title='bbox 3223 1493 3452 1563; x_wconf 77' lang='grc' dir='ltr'>αἱμάξαι</span> <span class='ocrx_word' id='word_1_634' title='bbox 3497 1495 3596 1565; x_wconf 80' lang='grc' dir='ltr'>τὴν</span> 
     </span>
    </p>
   </div>
   <div class='ocr_carea' id='block_1_79' title="bbox 2024 1578 3596 1653">
    <p class='ocr_par' dir='ltr' id='par_1_79' title="bbox 2024 1578 3596 1653">
     <span class='ocr_line' id='line_1_79' title="bbox 2024 1578 3596 1653; baseline 0.001 -19"><span class='ocrx_word' id='word_1_635' title='bbox 2024 1579 2240 1645; x_wconf 86' lang='grc' dir='ltr'>δεξιάν;</span> <span class='ocrx_word' id='word_1_636' title='bbox 2276 1581 2410 1633; x_wconf 85' lang='grc' dir='ltr'><strong>Οὐδὲ</strong></span> <span class='ocrx_word' id='word_1_637' title='bbox 2449 1578 2549 1644; x_wconf 73' lang='grc' dir='ltr'>εἷς.</span> <span class='ocrx_word' id='word_1_638' title='bbox 2597 1582 2763 1653; x_wconf 79' lang='grc' dir='ltr'>Ὁρᾷς</span> <span class='ocrx_word' id='word_1_639' title='bbox 2799 1582 2880 1635; x_wconf 86' lang='grc' dir='ltr'>ὅτι</span> <span class='ocrx_word' id='word_1_640' title='bbox 2917 1581 3250 1646; x_wconf 82' lang='grc' dir='ltr'>τούναντίον,</span> <span class='ocrx_word' id='word_1_641' title='bbox 3287 1580 3502 1650; x_wconf 86' lang='grc' dir='ltr'>ἀνάγκη</span> <span class='ocrx_word' id='word_1_642' title='bbox 3534 1581 3596 1635; x_wconf 86' lang='grc' dir='ltr'>τὸ</span> 
     </span>
    </p>
   </div>
   <div class='ocr_carea' id='block_1_80' title="bbox 2026 1666 3597 1740">
    <p class='ocr_par' dir='ltr' id='par_1_80' title="bbox 2026 1666 3597 1740">
     <span class='ocr_line' id='line_1_80' title="bbox 2026 1666 3597 1740; baseline -0.001 -18"><span class='ocrx_word' id='word_1_643' title='bbox 2026 1668 2366 1740; x_wconf 86' lang='grc' dir='ltr'>ἁμαρτάνειν</span> <span class='ocrx_word' id='word_1_644' title='bbox 2411 1669 2612 1739; x_wconf 83' lang='grc' dir='ltr'>μᾶλλόν</span> <span class='ocrx_word' id='word_1_645' title='bbox 2660 1671 2778 1722; x_wconf 84' lang='grc' dir='ltr'>ἐστι</span> <span class='ocrx_word' id='word_1_646' title='bbox 2827 1668 2923 1722; x_wconf 58' lang='grc' dir='ltr'>καὶ⁵</span> <span class='ocrx_word' id='word_1_647' title='bbox 2966 1667 3090 1738; x_wconf 90' lang='grc' dir='ltr'>βία;</span> <span class='ocrx_word' id='word_1_648' title='bbox 3133 1666 3390 1738; x_wconf 88' lang='grc' dir='ltr'>Ἐνέθηκε</span> <span class='ocrx_word' id='word_1_649' title='bbox 3419 1667 3527 1739; x_wconf 85' lang='grc' dir='ltr'>γὰρ</span> <span class='ocrx_word' id='word_1_650' title='bbox 3565 1670 3597 1721; x_wconf 82' lang='grc' dir='ltr'>ὁ</span> 
     </span>
    </p>
   </div>
   <div class='ocr_carea' id='block_1_81' title="bbox 2028 1756 3595 1830">
    <p class='ocr_par' dir='ltr' id='par_1_81' title="bbox 2028 1756 3595 1830">
     <span class='ocr_line' id='line_1_81' title="bbox 2028 1756 3595 1830; baseline 0 -19"><span class='ocrx_word' id='word_1_651' title='bbox 2028 1758 2159 1820; x_wconf 89' lang='grc' dir='ltr'>Θεὸς</span> <span class='ocrx_word' id='word_1_652' title='bbox 2183 1758 2404 1830; x_wconf 79' lang='grc' dir='ltr'>φίλτρον</span> <span class='ocrx_word' id='word_1_653' title='bbox 2442 1762 2509 1830; x_wconf 85' lang='grc' dir='ltr'>τῇ</span> <span class='ocrx_word' id='word_1_654' title='bbox 2547 1757 2709 1828; x_wconf 88' lang='grc' dir='ltr'>φύσει</span> <span class='ocrx_word' id='word_1_655' title='bbox 2750 1761 2817 1829; x_wconf 86' lang='grc' dir='ltr'>τῇ</span> <span class='ocrx_word' id='word_1_656' title='bbox 2850 1758 3116 1829; x_wconf 80' lang='grc' dir='ltr'>ἡμετέρᾳ,</span> <span class='ocrx_word' id='word_1_657' title='bbox 3157 1756 3298 1810; x_wconf 82' lang='grc' dir='ltr'>ὥστε</span> <span class='ocrx_word' id='word_1_658' title='bbox 3333 1756 3595 1828; x_wconf 88' lang='grc' dir='ltr'>ἀλλήλους</span> 
     </span>
    </p>
   </div>
   <div class='ocr_carea' id='block_1_82' title="bbox 2027 1844 3596 1917">
    <p class='ocr_par' dir='ltr' id='par_1_82' title="bbox 2027 1844 3596 1917">
     <span class='ocr_line' id='line_1_82' title="bbox 2027 1844 3596 1917; baseline -0.001 -17"><span class='ocrx_word' id='word_1_659' title='bbox 2027 1846 2249 1915; x_wconf 83' lang='grc' dir='ltr'>ἀγαπᾷν</span> <span class='ocrx_word' id='word_1_660' title='bbox 2274 1865 2288 1877; x_wconf 87' lang='grc'><strong>·</strong></span> <span class='ocrx_word' id='word_1_661' title='bbox 2336 1847 2466 1901; x_wconf 85' lang='grc' dir='ltr'>Πᾶν</span> <span class='ocrx_word' id='word_1_662' title='bbox 2496 1847 2624 1917; x_wconf 82' lang='grc' dir='ltr'>γὰρ,</span> <span class='ocrx_word' id='word_1_663' title='bbox 2657 1847 2812 1916; x_wconf 80' lang='grc' dir='ltr'>φησὶ,</span> <span class='ocrx_word' id='word_1_664' title='bbox 2866 1844 3012 1907; x_wconf 78' lang='grc' dir='ltr'>ζῶον</span> <span class='ocrx_word' id='word_1_665' title='bbox 3055 1844 3256 1916; x_wconf 70' lang='grc' dir='ltr'>ἀγαπᾷ</span> <span class='ocrx_word' id='word_1_666' title='bbox 3286 1845 3356 1900; x_wconf 81' lang='grc' dir='ltr'>τὸ</span> <span class='ocrx_word' id='word_1_667' title='bbox 3388 1845 3596 1915; x_wconf 82' lang='grc' dir='ltr'>ὅμοιον</span> 
     </span>
    </p>
   </div>
   <div class='ocr_carea' id='block_1_83' title="bbox 2026 1931 3597 2014">
    <p class='ocr_par' dir='ltr' id='par_1_83' title="bbox 2026 1931 3597 2014">
     <span class='ocr_line' id='line_1_83' title="bbox 2026 1931 3597 2014; baseline 0.001 -28"><span class='ocrx_word' id='word_1_668' title='bbox 2026 1933 2235 1997; x_wconf 80' lang='grc' dir='ltr'>αὑτοῦ,</span> <span class='ocrx_word' id='word_1_669' title='bbox 2266 1934 2363 1986; x_wconf 74' lang='grc' dir='ltr'>καὶ</span> <span class='ocrx_word' id='word_1_670' title='bbox 2390 1932 2699 2002; x_wconf 82' lang='grc' dir='ltr'>ἅνθρωπος</span> <span class='ocrx_word' id='word_1_671' title='bbox 2730 1935 2838 1987; x_wconf 86' lang='grc' dir='ltr'>τὸν</span> <span class='ocrx_word' id='word_1_672' title='bbox 2870 1933 3138 2014; x_wconf 68' lang='grc' dir='ltr'>πλησίον</span> <span class='ocrx_word' id='word_1_673' title='bbox 3169 1933 3376 1988; x_wconf 84' lang='grc' dir='ltr'>αὐτοῦ.</span> <span class='ocrx_word' id='word_1_674' title='bbox 3432 1931 3597 2004; x_wconf 78' lang='grc' dir='ltr'>Ὁρᾷς</span> 
     </span>
    </p>
   </div>
   <div class='ocr_carea' id='block_1_84' title="bbox 2025 2020 3597 2092">
    <p class='ocr_par' dir='ltr' id='par_1_84' title="bbox 2025 2020 3597 2092">
     <span class='ocr_line' id='line_1_84' title="bbox 2025 2020 3597 2092; baseline 0 -19"><span class='ocrx_word' id='word_1_675' title='bbox 2025 2020 2109 2073; x_wconf 84' lang='grc' dir='ltr'>ὅτι</span> <span class='ocrx_word' id='word_1_676' title='bbox 2136 2020 2273 2091; x_wconf 85' lang='grc' dir='ltr'>πρὸς</span> <span class='ocrx_word' id='word_1_677' title='bbox 2306 2021 2407 2087; x_wconf 83' lang='grc' dir='ltr'>τὴν</span> <span class='ocrx_word' id='word_1_678' title='bbox 2429 2021 2630 2091; x_wconf 84' lang='grc' dir='ltr'>ἀρετὴν</span> <span class='ocrx_word' id='word_1_679' title='bbox 2666 2020 2861 2092; x_wconf 80' lang='grc' dir='ltr'>ἔχομεν</span> <span class='ocrx_word' id='word_1_680' title='bbox 2902 2021 3011 2074; x_wconf 85' lang='grc' dir='ltr'>ἀπὸ</span> <span class='ocrx_word' id='word_1_681' title='bbox 3037 2021 3138 2091; x_wconf 85' lang='grc' dir='ltr'>τῆς</span> <span class='ocrx_word' id='word_1_682' title='bbox 3178 2021 3396 2091; x_wconf 84' lang='grc' dir='ltr'>φύσεως</span> <span class='ocrx_word' id='word_1_683' title='bbox 3428 2020 3597 2091; x_wconf 82' lang='grc' dir='ltr'>σπέρ⁴</span> 
     </span>
    </p>
   </div>
   <div class='ocr_carea' id='block_1_85' title="bbox 2027 2106 3595 2178">
    <p class='ocr_par' dir='ltr' id='par_1_85' title="bbox 2027 2106 3595 2178">
     <span class='ocr_line' id='line_1_85' title="bbox 2027 2106 3595 2178; baseline -0.001 -18"><span class='ocrx_word' id='word_1_684' title='bbox 2027 2124 2211 2177; x_wconf 88' lang='grc' dir='ltr'>ματα;</span> <span class='ocrx_word' id='word_1_685' title='bbox 2246 2107 2327 2160; x_wconf 83' lang='grc' dir='ltr'>Τὰ</span> <span class='ocrx_word' id='word_1_686' title='bbox 2355 2108 2411 2160; x_wconf 84' lang='grc' dir='ltr'>δὲ</span> <span class='ocrx_word' id='word_1_687' title='bbox 2451 2108 2550 2178; x_wconf 84' lang='grc' dir='ltr'>τῆς</span> <span class='ocrx_word' id='word_1_688' title='bbox 2588 2108 2791 2171; x_wconf 85' lang='grc' dir='ltr'>κακίας</span> <span class='ocrx_word' id='word_1_689' title='bbox 2849 2107 3001 2178; x_wconf 84' lang='grc' dir='ltr'>παρά</span> <span class='ocrx_word' id='word_1_690' title='bbox 3031 2108 3192 2177; x_wconf 89' lang='grc' dir='ltr'>φύσιν</span> <span class='ocrx_word' id='word_1_691' title='bbox 3220 2109 3400 2161; x_wconf 80' lang='grc' dir='ltr'>ἐστίν’</span> <span class='ocrx_word' id='word_1_692' title='bbox 3443 2107 3492 2160; x_wconf 87' lang='grc' dir='ltr'>εί</span> <span class='ocrx_word' id='word_1_693' title='bbox 3534 2106 3595 2161; x_wconf 78' lang='grc' dir='ltr'>δὲ</span> 
     </span>
    </p>
   </div>
   <div class='ocr_carea' id='block_1_86' title="bbox 2024 2194 3595 2266">
    <p class='ocr_par' dir='ltr' id='par_1_86' title="bbox 2024 2194 3595 2266">
     <span class='ocr_line' id='line_1_86' title="bbox 2024 2194 3595 2266; baseline 0 -19"><span class='ocrx_word' id='word_1_694' title='bbox 2024 2195 2198 2249; x_wconf 87' lang='grc' dir='ltr'>ταῦτα</span> <span class='ocrx_word' id='word_1_695' title='bbox 2249 2194 2449 2265; x_wconf 79' lang='grc' dir='ltr'>μᾶλλον</span> <span class='ocrx_word' id='word_1_696' title='bbox 2498 2198 2726 2266; x_wconf 86' lang='grc' dir='ltr'>κρατεῖ,</span> <span class='ocrx_word' id='word_1_697' title='bbox 2775 2197 2874 2266; x_wconf 85' lang='grc' dir='ltr'>τῆς</span> <span class='ocrx_word' id='word_1_698' title='bbox 2906 2195 3109 2266; x_wconf 81' lang='grc' dir='ltr'>πολλῆς</span> <span class='ocrx_word' id='word_1_699' title='bbox 3169 2195 3325 2266; x_wconf 82' lang='grc' dir='ltr'>ἡμῶν</span> <span class='ocrx_word' id='word_1_700' title='bbox 3367 2194 3595 2259; x_wconf 89' lang='grc' dir='ltr'>νωθείας</span> 
     </span>
    </p>
   </div>
   <div class='ocr_carea' id='block_1_87' title="bbox 2024 2280 3593 2353">
    <p class='ocr_par' dir='ltr' id='par_1_87' title="bbox 2024 2280 3593 2353">
     <span class='ocr_line' id='line_1_87' title="bbox 2024 2280 3593 2353; baseline -0.001 -18"><span class='ocrx_word' id='word_1_701' title='bbox 2024 2282 2184 2335; x_wconf 89' lang='grc' dir='ltr'>τοῦτο</span> <span class='ocrx_word' id='word_1_702' title='bbox 2197 2283 2514 2353; x_wconf 80' lang='grc' dir='ltr'>τεκμήριον.</span> <span class='ocrx_word' id='word_1_703' title='bbox 2528 2283 2593 2334; x_wconf 92' lang='grc' dir='ltr'>Τί</span> <span class='ocrx_word' id='word_1_704' title='bbox 2613 2282 2670 2336; x_wconf 87' lang='grc' dir='ltr'>δὲ</span> <span class='ocrx_word' id='word_1_705' title='bbox 2686 2282 2747 2335; x_wconf 91' lang='grc' dir='ltr'>τὸ</span> <span class='ocrx_word' id='word_1_706' title='bbox 2767 2281 3036 2352; x_wconf 89' lang='grc' dir='ltr'>μοιχεύειν</span> <span class='ocrx_word' id='word_1_707' title='bbox 3057 2297 3073 2347; x_wconf 87' lang='grc'><strong>;</strong></span> <span class='ocrx_word' id='word_1_708' title='bbox 3104 2281 3231 2334; x_wconf 89' lang='grc' dir='ltr'>ποία</span> <span class='ocrx_word' id='word_1_709' title='bbox 3251 2280 3364 2353; x_wconf 79' lang='grc'>[15]</span> <span class='ocrx_word' id='word_1_710' title='bbox 3380 2281 3593 2349; x_wconf 86' lang='grc' dir='ltr'>ἀνάγκη</span> 
     </span>
    </p>
   </div>
   <div class='ocr_carea' id='block_1_88' title="bbox 2025 2367 3598 2439">
    <p class='ocr_par' dir='ltr' id='par_1_88' title="bbox 2025 2367 3598 2439">
     <span class='ocr_line' id='line_1_88' title="bbox 2025 2367 3598 2439; baseline -0.002 -16"><span class='ocrx_word' id='word_1_711' title='bbox 2025 2370 2122 2423; x_wconf 67' lang='grc' dir='ltr'>ἐπὶ¹</span> <span class='ocrx_word' id='word_1_712' title='bbox 2147 2369 2306 2423; x_wconf 88' lang='grc' dir='ltr'>τοῦτο</span> <span class='ocrx_word' id='word_1_713' title='bbox 2331 2369 2454 2438; x_wconf 82' lang='grc' dir='ltr'>ἄγει</span> <span class='ocrx_word' id='word_1_714' title='bbox 2475 2386 2489 2433; x_wconf 87' lang='grc'>;</span> <span class='ocrx_word' id='word_1_715' title='bbox 2512 2369 2642 2433; x_wconf 77' lang='grc' dir='ltr'>Ναὶ,</span> <span class='ocrx_word' id='word_1_716' title='bbox 2676 2370 2861 2439; x_wconf 73' lang='grc' dir='ltr'>φησὶν,</span> <span class='ocrx_word' id='word_1_717' title='bbox 2892 2370 2926 2439; x_wconf 88' lang='grc' dir='ltr'>ή</span> <span class='ocrx_word' id='word_1_718' title='bbox 2949 2368 3049 2439; x_wconf 79' lang='grc' dir='ltr'>τῆς</span> <span class='ocrx_word' id='word_1_719' title='bbox 3080 2367 3376 2438; x_wconf 73' lang='grc' dir='ltr'>ἐπιθυμίας</span> <span class='ocrx_word' id='word_1_720' title='bbox 3399 2384 3598 2438; x_wconf 89' lang='grc' dir='ltr'>τυραν-</span> 
     </span>
    </p>
   </div>
   <div class='ocr_carea' id='block_1_89' title="bbox 2025 2452 3598 2527">
    <p class='ocr_par' dir='ltr' id='par_1_89' title="bbox 2025 2452 3598 2527">
     <span class='ocr_line' id='line_1_89' title="bbox 2025 2452 3598 2527; baseline -0.012 -5"><span class='ocrx_word' id='word_1_721' title='bbox 2025 2458 2127 2521; x_wconf 78' lang='grc' dir='ltr'>νίς.</span> <span class='ocrx_word' id='word_1_722' title='bbox 2147 2457 2248 2510; x_wconf 78' lang='grc' dir='ltr'>Διά</span> <span class='ocrx_word' id='word_1_723' title='bbox 2278 2457 2351 2520; x_wconf 80' lang='grc' dir='ltr'>τί,</span> <span class='ocrx_word' id='word_1_724' title='bbox 2379 2458 2501 2510; x_wconf 76' lang='grc' dir='ltr'>εἰπέ</span> <span class='ocrx_word' id='word_1_725' title='bbox 2533 2474 2625 2527; x_wconf 89' lang='grc' dir='ltr'>μοι</span> <span class='ocrx_word' id='word_1_726' title='bbox 2647 2474 2661 2523; x_wconf 91' lang='grc'><strong>;</strong></span> <span class='ocrx_word' id='word_1_727' title='bbox 2694 2456 2755 2509; x_wconf 84' lang='grc' dir='ltr'>ού</span> <span class='ocrx_word' id='word_1_728' title='bbox 2776 2455 2883 2526; x_wconf 80' lang='grc' dir='ltr'>γὰρ</span> <span class='ocrx_word' id='word_1_729' title='bbox 2903 2454 3081 2508; x_wconf 70' lang='grc' dir='ltr'>ἔνεστι</span> <span class='ocrx_word' id='word_1_730' title='bbox 3105 2457 3172 2526; x_wconf 79' lang='grc' dir='ltr'>τῇ</span> <span class='ocrx_word' id='word_1_731' title='bbox 3195 2454 3369 2525; x_wconf 79' lang='grc' dir='ltr'>οἰκείᾳ</span> <span class='ocrx_word' id='word_1_732' title='bbox 3394 2452 3598 2526; x_wconf 85' lang='grc' dir='ltr'>κεχρῆ-</span> 
     </span>
    </p>
   </div>
   <div class='ocr_carea' id='block_1_90' title="bbox 2027 2542 3599 2614">
    <p class='ocr_par' dir='ltr' id='par_1_90' title="bbox 2027 2542 3599 2614">
     <span class='ocr_line' id='line_1_90' title="bbox 2027 2542 3599 2614; baseline -0.004 -15"><span class='ocrx_word' id='word_1_733' title='bbox 2027 2549 2151 2599; x_wconf 92' lang='grc' dir='ltr'>σθαι</span> <span class='ocrx_word' id='word_1_734' title='bbox 2180 2547 2420 2614; x_wconf 76' lang='grc' dir='ltr'>γυναικὶ,</span> <span class='ocrx_word' id='word_1_735' title='bbox 2459 2546 2551 2599; x_wconf 71' lang='grc' dir='ltr'>καὶ</span> <span class='ocrx_word' id='word_1_736' title='bbox 2582 2543 2788 2598; x_wconf 90' lang='grc' dir='ltr'>παῦσαι</span> <span class='ocrx_word' id='word_1_737' title='bbox 2809 2545 2909 2613; x_wconf 82' lang='grc' dir='ltr'>τὴν</span> <span class='ocrx_word' id='word_1_738' title='bbox 2936 2542 3263 2613; x_wconf 75' lang='grc' dir='ltr'>τυραννίδας</span> <span class='ocrx_word' id='word_1_739' title='bbox 3302 2542 3437 2594; x_wconf 84' lang='grc' dir='ltr'>Ἀλλ’</span> <span class='ocrx_word' id='word_1_740' title='bbox 3458 2542 3599 2613; x_wconf 84' lang='grc' dir='ltr'>ἔρως</span> 
     </span>
    </p>
   </div>
   <div class='ocr_carea' id='block_1_91' title="bbox 2030 2627 3595 2706">
    <p class='ocr_par' dir='ltr' id='par_1_91' title="bbox 2030 2627 3595 2706">
     <span class='ocr_line' id='line_1_91' title="bbox 2030 2627 3595 2706; baseline -0.004 -19"><span class='ocrx_word' id='word_1_741' title='bbox 2030 2634 2099 2706; x_wconf 90' lang='grc' dir='ltr'>μέ</span> <span class='ocrx_word' id='word_1_742' title='bbox 2138 2652 2223 2697; x_wconf 84' lang='grc' dir='ltr'>τις</span> <span class='ocrx_word' id='word_1_743' title='bbox 2256 2633 2527 2703; x_wconf 88' lang='grc' dir='ltr'>λαμϐάνει</span> <span class='ocrx_word' id='word_1_744' title='bbox 2557 2631 2660 2702; x_wconf 83' lang='grc' dir='ltr'>τῆς</span> <span class='ocrx_word' id='word_1_745' title='bbox 2696 2630 2789 2684; x_wconf 88' lang='grc' dir='ltr'>τοῦ</span> <span class='ocrx_word' id='word_1_746' title='bbox 2822 2631 3077 2703; x_wconf 87' lang='grc' dir='ltr'>πλησίον,</span> <span class='ocrx_word' id='word_1_747' title='bbox 3124 2630 3280 2700; x_wconf 72' lang='grc' dir='ltr'>φησὶ,</span> <span class='ocrx_word' id='word_1_748' title='bbox 3317 2627 3595 2696; x_wconf 85' lang='grc' dir='ltr'>γυναικὸς.</span> 
     </span>
    </p>
   </div>
   <div class='ocr_carea' id='block_1_92' title="bbox 2027 2714 3597 2789">
    <p class='ocr_par' dir='ltr' id='par_1_92' title="bbox 2027 2714 3597 2789">
     <span class='ocr_line' id='line_1_92' title="bbox 2027 2714 3597 2789; baseline 0.001 -14"><span class='ocrx_word' id='word_1_749' title='bbox 2027 2723 2224 2776; x_wconf 78' lang='grc' dir='ltr'>οὐκέτι</span> <span class='ocrx_word' id='word_1_750' title='bbox 2254 2721 2415 2776; x_wconf 90' lang='grc' dir='ltr'>τοῦτο</span> <span class='ocrx_word' id='word_1_751' title='bbox 2435 2719 2681 2789; x_wconf 89' lang='grc' dir='ltr'>ἀνάγκης</span> <span class='ocrx_word' id='word_1_752' title='bbox 2698 2734 2712 2747; x_wconf 75' lang='grc' dir='ltr'>ο</span> <span class='ocrx_word' id='word_1_753' title='bbox 2744 2717 2884 2788; x_wconf 87' lang='grc' dir='ltr'>ἐρως</span> <span class='ocrx_word' id='word_1_754' title='bbox 2903 2716 3011 2787; x_wconf 85' lang='grc' dir='ltr'>γὰρ</span> <span class='ocrx_word' id='word_1_755' title='bbox 3025 2716 3126 2769; x_wconf 82' lang='grc' dir='ltr'>οὐκ</span> <span class='ocrx_word' id='word_1_756' title='bbox 3154 2716 3300 2767; x_wconf 84' lang='grc' dir='ltr'>ἐστιν</span> <span class='ocrx_word' id='word_1_757' title='bbox 3317 2714 3559 2784; x_wconf 82' lang='grc' dir='ltr'>ἀνάγκης</span> <span class='ocrx_word' id='word_1_758' title='bbox 3579 2727 3597 2743; x_wconf 87' lang='grc'><strong>⁸</strong></span> 
     </span>
    </p>
   </div>
   <div class='ocr_carea' id='block_1_93' title="bbox 2026 2800 3600 2879">
    <p class='ocr_par' dir='ltr' id='par_1_93' title="bbox 2026 2800 3600 2879">
     <span class='ocr_line' id='line_1_93' title="bbox 2026 2800 3600 2879; baseline -0.007 -16"><span class='ocrx_word' id='word_1_759' title='bbox 2026 2811 2200 2873; x_wconf 73' lang='grc' dir='ltr'>οὐδεὶς</span> <span class='ocrx_word' id='word_1_760' title='bbox 2232 2810 2445 2879; x_wconf 86' lang='grc' dir='ltr'>ἀνάγκῃ</span> <span class='ocrx_word' id='word_1_761' title='bbox 2474 2806 2639 2878; x_wconf 85' lang='grc' dir='ltr'>φιλεῖ,</span> <span class='ocrx_word' id='word_1_762' title='bbox 2662 2805 2798 2859; x_wconf 89' lang='grc' dir='ltr'>ἀλλά</span> <span class='ocrx_word' id='word_1_763' title='bbox 2835 2804 3153 2875; x_wconf 86' lang='grc' dir='ltr'>προαιρέσει</span> <span class='ocrx_word' id='word_1_764' title='bbox 3180 2805 3274 2857; x_wconf 74' lang='grc' dir='ltr'>καὶ</span> <span class='ocrx_word' id='word_1_765' title='bbox 3307 2801 3501 2855; x_wconf 91' lang='grc' dir='ltr'>ἐκοντί.</span> <span class='ocrx_word' id='word_1_766' title='bbox 3524 2800 3600 2854; x_wconf 86' lang='grc' dir='ltr'>Τὸ</span> 
     </span>
    </p>
   </div>
   <div class='ocr_carea' id='block_1_94' title="bbox 2031 2887 3599 2970">
    <p class='ocr_par' dir='ltr' id='par_1_94' title="bbox 2031 2887 3599 2970">
     <span class='ocr_line' id='line_1_94' title="bbox 2031 2887 3599 2970; baseline -0.006 -20"><span class='ocrx_word' id='word_1_767' title='bbox 2031 2899 2128 2970; x_wconf 78' lang='grc' dir='ltr'>μὲν</span> <span class='ocrx_word' id='word_1_768' title='bbox 2148 2893 2240 2951; x_wconf 82' lang='grc' dir='ltr'>οὖν</span> <span class='ocrx_word' id='word_1_769' title='bbox 2264 2893 2559 2966; x_wconf 88' lang='grc' dir='ltr'>μίγνυσθαι</span> <span class='ocrx_word' id='word_1_770' title='bbox 2585 2894 2799 2964; x_wconf 89' lang='grc' dir='ltr'>ἀνάγκη</span> <span class='ocrx_word' id='word_1_771' title='bbox 2828 2894 2959 2956; x_wconf 90' lang='grc' dir='ltr'>ῐσως</span> <span class='ocrx_word' id='word_1_772' title='bbox 2977 2909 2991 2922; x_wconf 76' lang='grc' dir='ltr'>ο</span> <span class='ocrx_word' id='word_1_773' title='bbox 3023 2891 3085 2945; x_wconf 89' lang='grc' dir='ltr'>τὸ</span> <span class='ocrx_word' id='word_1_774' title='bbox 3104 2890 3161 2944; x_wconf 73' lang='grc' dir='ltr'>δὲ</span> <span class='ocrx_word' id='word_1_775' title='bbox 3186 2889 3342 2959; x_wconf 88' lang='grc' dir='ltr'>τήνδε</span> <span class='ocrx_word' id='word_1_776' title='bbox 3372 2889 3543 2959; x_wconf 88' lang='grc' dir='ltr'>φιλεῖν</span> <span class='ocrx_word' id='word_1_777' title='bbox 3562 2887 3599 2959; x_wconf 82' lang='grc' dir='ltr'>ἢ</span> 
     </span>
    </p>
   </div>
   <div class='ocr_carea' id='block_1_95' title="bbox 2026 2977 3603 3059">
    <p class='ocr_par' dir='ltr' id='par_1_95' title="bbox 2026 2977 3603 3059">
     <span class='ocr_line' id='line_1_95' title="bbox 2026 2977 3603 3059; baseline -0.008 -17"><span class='ocrx_word' id='word_1_778' title='bbox 2026 2989 2207 3059; x_wconf 88' lang='grc' dir='ltr'>τήνδε,</span> <span class='ocrx_word' id='word_1_779' title='bbox 2245 2988 2347 3040; x_wconf 77' lang='grc' dir='ltr'>οὐκ</span> <span class='ocrx_word' id='word_1_780' title='bbox 2380 2981 2658 3057; x_wconf 76' lang='grc' dir='ltr'>ἀνάγκηςο</span> <span class='ocrx_word' id='word_1_781' title='bbox 2695 2984 2816 3037; x_wconf 82' lang='grc' dir='ltr'>οὐδὲ</span> <span class='ocrx_word' id='word_1_782' title='bbox 2849 2981 3117 3052; x_wconf 89' lang='grc' dir='ltr'>ἐπιθυμία</span> <span class='ocrx_word' id='word_1_783' title='bbox 3150 2980 3347 3053; x_wconf 87' lang='grc' dir='ltr'>μίξεως</span> <span class='ocrx_word' id='word_1_784' title='bbox 3368 2978 3428 3032; x_wconf 89' lang='grc' dir='ltr'>τὸ</span> <span class='ocrx_word' id='word_1_785' title='bbox 3461 2977 3603 3048; x_wconf 73' lang='grc' dir='ltr'>πρᾶο</span> 
     </span>
    </p>
   </div>
   <div class='ocr_carea' id='block_1_96' title="bbox 2028 3064 3600 3147">
    <p class='ocr_par' dir='ltr' id='par_1_96' title="bbox 2028 3064 3600 3147">
     <span class='ocr_line' id='line_1_96' title="bbox 2028 3064 3600 3147; baseline -0.008 -17"><span class='ocrx_word' id='word_1_786' title='bbox 2028 3077 2148 3147; x_wconf 88' lang='grc' dir='ltr'>γμά</span> <span class='ocrx_word' id='word_1_787' title='bbox 2171 3077 2344 3141; x_wconf 86' lang='grc' dir='ltr'>ἐστιν,</span> <span class='ocrx_word' id='word_1_788' title='bbox 2373 3074 2512 3128; x_wconf 85' lang='grc' dir='ltr'>ἀλλὰ</span> <span class='ocrx_word' id='word_1_789' title='bbox 2546 3071 2825 3139; x_wconf 89' lang='grc' dir='ltr'>κενοδοξία</span> <span class='ocrx_word' id='word_1_790' title='bbox 2868 3071 2964 3125; x_wconf 76' lang='grc' dir='ltr'>καὶ</span> <span class='ocrx_word' id='word_1_791' title='bbox 2993 3068 3152 3140; x_wconf 77' lang='grc' dir='ltr'>ὕϐρις</span> <span class='ocrx_word' id='word_1_792' title='bbox 3189 3068 3285 3122; x_wconf 80' lang='grc' dir='ltr'>καὶ</span> <span class='ocrx_word' id='word_1_793' title='bbox 3316 3068 3460 3139; x_wconf 83' lang='grc' dir='ltr'>πέρα</span> <span class='ocrx_word' id='word_1_794' title='bbox 3500 3064 3600 3119; x_wconf 85' lang='grc' dir='ltr'>τοῦ</span> 
     </span>
    </p>
   </div>
   <div class='ocr_carea' id='block_1_97' title="bbox 2031 3154 3602 3237">
    <p class='ocr_par' dir='ltr' id='par_1_97' title="bbox 2031 3154 3602 3237">
     <span class='ocr_line' id='line_1_97' title="bbox 2031 3154 3602 3237; baseline -0.008 -19"><span class='ocrx_word' id='word_1_795' title='bbox 2031 3166 2231 3237; x_wconf 86' lang='grc' dir='ltr'>μέτρου</span> <span class='ocrx_word' id='word_1_796' title='bbox 2246 3164 2448 3235; x_wconf 88' lang='grc' dir='ltr'>τρυφή.</span> <span class='ocrx_word' id='word_1_797' title='bbox 2475 3163 2633 3216; x_wconf 87' lang='grc' dir='ltr'>Ποῖον</span> <span class='ocrx_word' id='word_1_798' title='bbox 2652 3160 2781 3232; x_wconf 86' lang='grc' dir='ltr'>γὰρ,</span> <span class='ocrx_word' id='word_1_799' title='bbox 2809 3158 2931 3214; x_wconf 86' lang='grc' dir='ltr'>είπέ</span> <span class='ocrx_word' id='word_1_800' title='bbox 2960 3175 3074 3231; x_wconf 89' lang='grc' dir='ltr'>μοι,</span> <span class='ocrx_word' id='word_1_801' title='bbox 3101 3157 3245 3210; x_wconf 86' lang='grc' dir='ltr'>κατά</span> <span class='ocrx_word' id='word_1_802' title='bbox 3264 3155 3421 3225; x_wconf 87' lang='grc' dir='ltr'>λόγον</span> <span class='ocrx_word' id='word_1_803' title='bbox 3445 3154 3602 3219; x_wconf 84' lang='grc' dir='ltr'>ἐστί;</span> 
     </span>
    </p>
   </div>
   <div class='ocr_carea' id='block_1_98' title="bbox 2027 3242 3597 3325">
    <p class='ocr_par' dir='ltr' id='par_1_98' title="bbox 2027 3242 3597 3325">
     <span class='ocr_line' id='line_1_98' title="bbox 2027 3242 3597 3325; baseline -0.007 -17"><span class='ocrx_word' id='word_1_804' title='bbox 2027 3254 2127 3325; x_wconf 82' lang='grc' dir='ltr'>τὴν</span> <span class='ocrx_word' id='word_1_805' title='bbox 2148 3252 2636 3322; x_wconf 87' lang='grc' dir='ltr'>κατεγγυηθεῖσαν,</span> <span class='ocrx_word' id='word_1_806' title='bbox 2658 3250 2757 3321; x_wconf 83' lang='grc' dir='ltr'>τὴν</span> <span class='ocrx_word' id='word_1_807' title='bbox 2780 3249 3038 3303; x_wconf 88' lang='grc' dir='ltr'>κοινωνὸν</span> <span class='ocrx_word' id='word_1_808' title='bbox 3050 3242 3216 3300; x_wconf 83' lang='grc' dir='ltr'>οὖσαν</span> <span class='ocrx_word' id='word_1_809' title='bbox 3232 3244 3597 3305; x_wconf 85' lang='grc' dir='ltr'>παιδοποιίας.</span> 
     </span>
    </p>
   </div>
   <div class='ocr_carea' id='block_1_99' title="bbox 2027 3333 3643 3412">
    <p class='ocr_par' dir='ltr' id='par_1_99' title="bbox 2027 3333 3643 3412">
     <span class='ocr_line' id='line_1_99' title="bbox 2027 3333 3643 3412; baseline -0.006 -17"><span class='ocrx_word' id='word_1_810' title='bbox 2027 3342 2232 3412; x_wconf 88' lang='grc' dir='ltr'>ταύτην</span> <span class='ocrx_word' id='word_1_811' title='bbox 2264 3340 2431 3411; x_wconf 81' lang='grc' dir='ltr'>ἔχειν,</span> <span class='ocrx_word' id='word_1_812' title='bbox 2463 3341 2497 3409; x_wconf 84' lang='grc' dir='ltr'>ἢ</span> <span class='ocrx_word' id='word_1_813' title='bbox 2528 3340 2628 3409; x_wconf 82' lang='grc' dir='ltr'>τὴν</span> <span class='ocrx_word' id='word_1_814' title='bbox 2661 3338 2763 3391; x_wconf 86' lang='grc' dir='ltr'>οὐκ</span> <span class='ocrx_word' id='word_1_815' title='bbox 2799 3337 3181 3407; x_wconf 86' lang='grc' dir='ltr'>ἐγνωσμένην;</span> <span class='ocrx_word' id='word_1_816' title='bbox 3223 3336 3325 3387; x_wconf 79' lang='grc' dir='ltr'>οὐκ</span> <span class='ocrx_word' id='word_1_817' title='bbox 3355 3333 3490 3394; x_wconf 86' lang='grc' dir='ltr'>ῐστε,</span> <span class='ocrx_word' id='word_1_818' title='bbox 3516 3333 3602 3386; x_wconf 84' lang='grc' dir='ltr'>ὅτι</span> <span class='ocrx_word' id='word_1_819' title='bbox 3638 3386 3643 3391; x_wconf 94' lang='lat'><em>_</em></span> 
     </span>
    </p>
   </div>
   <div class='ocr_carea' id='block_1_100' title="bbox 2030 3420 3601 3501">
    <p class='ocr_par' dir='ltr' id='par_1_100' title="bbox 2030 3420 3601 3501">
     <span class='ocr_line' id='line_1_100' title="bbox 2030 3420 3601 3501; baseline -0.007 -16"><span class='ocrx_word' id='word_1_820' title='bbox 2030 3433 2086 3485; x_wconf 85' lang='grc' dir='ltr'>αί</span> <span class='ocrx_word' id='word_1_821' title='bbox 2134 3430 2416 3501; x_wconf 84' lang='grc' dir='ltr'>συνήθειαι</span> <span class='ocrx_word' id='word_1_822' title='bbox 2454 3428 2551 3492; x_wconf 84' lang='grc' dir='ltr'>τὰς</span> <span class='ocrx_word' id='word_1_823' title='bbox 2595 3426 2781 3496; x_wconf 86' lang='grc' dir='ltr'>φιλίας</span> <span class='ocrx_word' id='word_1_824' title='bbox 2830 3425 3137 3489; x_wconf 85' lang='grc' dir='ltr'>τίκτουσιν;</span> <span class='ocrx_word' id='word_1_825' title='bbox 3183 3425 3347 3476; x_wconf 83' lang='grc' dir='ltr'>’Ὥστε</span> <span class='ocrx_word' id='word_1_826' title='bbox 3396 3422 3456 3474; x_wconf 85' lang='grc' dir='ltr'>οὐ</span> <span class='ocrx_word' id='word_1_827' title='bbox 3500 3420 3601 3490; x_wconf 79' lang='grc' dir='ltr'>τῆς</span> 
     </span>
    </p>
   </div>
   <div class='ocr_carea' id='block_1_101' title="bbox 2030 3510 3603 3589">
    <p class='ocr_par' dir='ltr' id='par_1_101' title="bbox 2030 3510 3603 3589">
     <span class='ocr_line' id='line_1_101' title="bbox 2030 3510 3603 3589; baseline -0.008 -15"><span class='ocrx_word' id='word_1_828' title='bbox 2030 3519 2246 3589; x_wconf 84' lang='grc' dir='ltr'>φύσεώς</span> <span class='ocrx_word' id='word_1_829' title='bbox 2275 3520 2413 3572; x_wconf 87' lang='grc' dir='ltr'>ἐστι.</span> <span class='ocrx_word' id='word_1_830' title='bbox 2448 3516 2542 3587; x_wconf 85' lang='grc' dir='ltr'>Μὴ</span> <span class='ocrx_word' id='word_1_831' title='bbox 2567 3514 2727 3569; x_wconf 81' lang='grc' dir='ltr'>αἰτιῶ</span> <span class='ocrx_word' id='word_1_832' title='bbox 2768 3514 2868 3585; x_wconf 78' lang='grc' dir='ltr'>τὴν</span> <span class='ocrx_word' id='word_1_833' title='bbox 2908 3513 3232 3581; x_wconf 69' lang='grc' dir='ltr'>ἐπιθυμίαν*</span> <span class='ocrx_word' id='word_1_834' title='bbox 3278 3513 3312 3583; x_wconf 83' lang='grc' dir='ltr'>ἡ</span> <span class='ocrx_word' id='word_1_835' title='bbox 3341 3511 3450 3580; x_wconf 79' lang='grc' dir='ltr'>γὰρ</span> <span class='ocrx_word' id='word_1_836' title='bbox 3482 3510 3603 3562; x_wconf 86' lang='grc' dir='ltr'>ἐπι-</span> 
     </span>
    </p>
   </div>
   <div class='ocr_carea' id='block_1_102' title="bbox 2030 3594 3599 3678">
    <p class='ocr_par' dir='ltr' id='par_1_102' title="bbox 2030 3594 3599 3678">
     <span class='ocr_line' id='line_1_102' title="bbox 2030 3594 3599 3678; baseline -0.01 -17"><span class='ocrx_word' id='word_1_837' title='bbox 2030 3608 2199 3678; x_wconf 89' lang='grc' dir='ltr'>θυμία</span> <span class='ocrx_word' id='word_1_838' title='bbox 2229 3605 2318 3660; x_wconf 88' lang='grc' dir='ltr'>διά</span> <span class='ocrx_word' id='word_1_839' title='bbox 2345 3606 2524 3675; x_wconf 84' lang='grc' dir='ltr'>γάμον</span> <span class='ocrx_word' id='word_1_840' title='bbox 2553 3603 2731 3672; x_wconf 77' lang='grc' dir='ltr'>ἐδόθη,</span> <span class='ocrx_word' id='word_1_841' title='bbox 2762 3602 2852 3655; x_wconf 83' lang='grc' dir='ltr'>διὰ</span> <span class='ocrx_word' id='word_1_842' title='bbox 2886 3600 3231 3654; x_wconf 87' lang='grc' dir='ltr'>παιδοποιίαν</span> <span class='ocrx_word' id='word_1_843' title='bbox 3261 3594 3599 3667; x_wconf 86' lang='grc' dir='ltr'>παρεσχέθη,</span> 
     </span>
    </p>
   </div>
   <div class='ocr_carea' id='block_1_103' title="bbox 2028 3683 3601 3764">
    <p class='ocr_par' dir='ltr' id='par_1_103' title="bbox 2028 3683 3601 3764">
     <span class='ocr_line' id='line_1_103' title="bbox 2028 3683 3601 3764; baseline -0.009 -16"><span class='ocrx_word' id='word_1_844' title='bbox 2028 3695 2090 3748; x_wconf 85' lang='grc' dir='ltr'>οὑ</span> <span class='ocrx_word' id='word_1_845' title='bbox 2122 3693 2213 3747; x_wconf 86' lang='grc' dir='ltr'>διὰ</span> <span class='ocrx_word' id='word_1_846' title='bbox 2243 3694 2493 3764; x_wconf 90' lang='grc' dir='ltr'>μοιχείαν</span> <span class='ocrx_word' id='word_1_847' title='bbox 2519 3690 2641 3744; x_wconf 78' lang='grc' dir='ltr'>οὐδὲ</span> <span class='ocrx_word' id='word_1_848' title='bbox 2668 3688 2992 3759; x_wconf 87' lang='grc' dir='ltr'>διαφθοράν.</span> <span class='ocrx_word' id='word_1_849' title='bbox 3023 3688 3204 3740; x_wconf 85' lang='grc' dir='ltr'>Ἰσασι</span> <span class='ocrx_word' id='word_1_850' title='bbox 3244 3683 3342 3738; x_wconf 75' lang='grc' dir='ltr'>καὶ</span> <span class='ocrx_word' id='word_1_851' title='bbox 3372 3684 3421 3737; x_wconf 76' lang='grc' dir='ltr'>οι</span> <span class='ocrx_word' id='word_1_852' title='bbox 3446 3683 3601 3753; x_wconf 85' lang='grc' dir='ltr'>νόμοι</span> 
     </span>
    </p>
   </div>
   <div class='ocr_carea' id='block_1_104' title="bbox 2028 3769 3601 3849">
    <p class='ocr_par' dir='ltr' id='par_1_104' title="bbox 2028 3769 3601 3849">
     <span class='ocr_line' id='line_1_104' title="bbox 2028 3769 3601 3849; baseline -0.008 -14"><span class='ocrx_word' id='word_1_853' title='bbox 2028 3784 2140 3845; x_wconf 90' lang='grc' dir='ltr'>τοῖς</span> <span class='ocrx_word' id='word_1_854' title='bbox 2168 3781 2226 3847; x_wconf 88' lang='grc' dir='ltr'>ἐξ</span> <span class='ocrx_word' id='word_1_855' title='bbox 2265 3781 2513 3849; x_wconf 89' lang='grc' dir='ltr'>ἀνάγκης</span> <span class='ocrx_word' id='word_1_856' title='bbox 2534 3776 2934 3846; x_wconf 81' lang='grc' dir='ltr'>συγγινώσκειν</span> <span class='ocrx_word' id='word_1_857' title='bbox 2967 3774 3330 3846; x_wconf 83' lang='grc' dir='ltr'>ἁμαρτήμασι</span> <span class='ocrx_word' id='word_1_858' title='bbox 3353 3786 3367 3800; x_wconf 75' lang='grc' dir='ltr'><strong>ο</strong></span> <span class='ocrx_word' id='word_1_859' title='bbox 3400 3769 3601 3842; x_wconf 76' lang='grc' dir='ltr'>μᾶλλον</span> 
     </span>
    </p>
   </div>
   <div class='ocr_carea' id='block_1_105' title="bbox 2029 3858 3602 3939">
    <p class='ocr_par' dir='ltr' id='par_1_105' title="bbox 2029 3858 3602 3939">
     <span class='ocr_line' id='line_1_105' title="bbox 2029 3858 3602 3939; baseline -0.009 -14"><span class='ocrx_word' id='word_1_860' title='bbox 2029 3870 2087 3925; x_wconf 83' lang='grc' dir='ltr'>δὲ</span> <span class='ocrx_word' id='word_1_861' title='bbox 2106 3869 2258 3923; x_wconf 78' lang='grc' dir='ltr'>οὐδέν</span> <span class='ocrx_word' id='word_1_862' title='bbox 2279 3870 2425 3921; x_wconf 86' lang='grc' dir='ltr'>ἐστιν</span> <span class='ocrx_word' id='word_1_863' title='bbox 2450 3866 2756 3939; x_wconf 83' lang='grc' dir='ltr'>ἁμάρτημα</span> <span class='ocrx_word' id='word_1_864' title='bbox 2775 3864 2835 3929; x_wconf 80' lang='grc' dir='ltr'>ἐξ</span> <span class='ocrx_word' id='word_1_865' title='bbox 2862 3864 3107 3932; x_wconf 86' lang='grc' dir='ltr'>ἀνάγκης</span> <span class='ocrx_word' id='word_1_866' title='bbox 3125 3862 3429 3931; x_wconf 78' lang='grc' dir='ltr'>γινόμενον,</span> <span class='ocrx_word' id='word_1_867' title='bbox 3461 3858 3602 3913; x_wconf 75' lang='grc' dir='ltr'>ἀλλὰ</span> 
     </span>
    </p>
   </div>
   <div class='ocr_carea' id='block_1_106' title="bbox 2030 3944 3602 4026">
    <p class='ocr_par' dir='ltr' id='par_1_106' title="bbox 2030 3944 3602 4026">
     <span class='ocr_line' id='line_1_106' title="bbox 2030 3944 3602 4026; baseline -0.01 -14"><span class='ocrx_word' id='word_1_868' title='bbox 2030 3958 2209 4012; x_wconf 89' lang='grc' dir='ltr'>πάντα</span> <span class='ocrx_word' id='word_1_869' title='bbox 2232 3955 2340 4011; x_wconf 86' lang='grc' dir='ltr'>ἀπὸ</span> <span class='ocrx_word' id='word_1_870' title='bbox 2375 3955 2606 4026; x_wconf 76' lang='grc' dir='ltr'>ὕϐρεως.</span> <span class='ocrx_word' id='word_1_871' title='bbox 2640 3953 2716 4007; x_wconf 84' lang='grc' dir='ltr'>Οὐ</span> <span class='ocrx_word' id='word_1_872' title='bbox 2751 3952 2859 4023; x_wconf 85' lang='grc' dir='ltr'>γὰρ</span> <span class='ocrx_word' id='word_1_873' title='bbox 2891 3950 3065 4013; x_wconf 79' lang='grc' dir='ltr'>οὕτως</span> <span class='ocrx_word' id='word_1_874' title='bbox 3092 3952 3120 4003; x_wconf 87' lang='grc' dir='ltr'><strong>ό</strong></span> <span class='ocrx_word' id='word_1_875' title='bbox 3146 3948 3280 4012; x_wconf 89' lang='grc' dir='ltr'>Θεὸς</span> <span class='ocrx_word' id='word_1_876' title='bbox 3304 3946 3404 4019; x_wconf 84' lang='grc' dir='ltr'>τὴν</span> <span class='ocrx_word' id='word_1_877' title='bbox 3437 3944 3602 4015; x_wconf 86' lang='grc' dir='ltr'>φύσιν</span> 
     </span>
    </p>
   </div>
   <div class='ocr_carea' id='block_1_107' title="bbox 2031 4034 3597 4117">
    <p class='ocr_par' dir='ltr' id='par_1_107' title="bbox 2031 4034 3597 4117">
     <span class='ocr_line' id='line_1_107' title="bbox 2031 4034 3597 4117; baseline -0.009 -17"><span class='ocrx_word' id='word_1_878' title='bbox 2031 4047 2500 4117; x_wconf 88' lang='grc' dir='ltr'>ἐδημιούργησεν,</span> <span class='ocrx_word' id='word_1_879' title='bbox 2548 4042 2626 4106; x_wconf 88' lang='grc' dir='ltr'>ὡς</span> <span class='ocrx_word' id='word_1_880' title='bbox 2698 4040 2946 4110; x_wconf 88' lang='grc' dir='ltr'>ἀνάγκην</span> <span class='ocrx_word' id='word_1_881' title='bbox 3016 4037 3161 4108; x_wconf 85' lang='grc' dir='ltr'>ἐχειν</span> <span class='ocrx_word' id='word_1_882' title='bbox 3230 4034 3597 4107; x_wconf 86' lang='grc' dir='ltr'>ἁμαρτάνειν·</span> 
     </span>
    </p>
   </div>
   <div class='ocr_carea' id='block_1_108' title="bbox 2030 4120 3602 4202">
    <p class='ocr_par' dir='ltr' id='par_1_108' title="bbox 2030 4120 3602 4202">
     <span class='ocr_line' id='line_1_108' title="bbox 2030 4120 3602 4202; baseline -0.009 -15"><span class='ocrx_word' id='word_1_883' title='bbox 2030 4133 2155 4188; x_wconf 72' lang='grc' dir='ltr'>ἐπεὶ</span> <span class='ocrx_word' id='word_1_884' title='bbox 2178 4133 2227 4185; x_wconf 84' lang='grc' dir='ltr'>εί</span> <span class='ocrx_word' id='word_1_885' title='bbox 2248 4131 2406 4185; x_wconf 89' lang='grc' dir='ltr'>τοῦτο</span> <span class='ocrx_word' id='word_1_886' title='bbox 2420 4125 2744 4202; x_wconf 79' lang='grc' dir='ltr'>ἦν,κόλασις</span> <span class='ocrx_word' id='word_1_887' title='bbox 2760 4128 2862 4181; x_wconf 83' lang='grc' dir='ltr'>οὐκ</span> <span class='ocrx_word' id='word_1_888' title='bbox 2875 4122 2965 4199; x_wconf 83' lang='grc' dir='ltr'>ἦν.</span> <span class='ocrx_word' id='word_1_889' title='bbox 2989 4124 3111 4177; x_wconf 85' lang='grc' dir='ltr'>Τῶν</span> <span class='ocrx_word' id='word_1_890' title='bbox 3139 4122 3249 4192; x_wconf 88' lang='grc' dir='ltr'>γάρ</span> <span class='ocrx_word' id='word_1_891' title='bbox 3271 4120 3411 4175; x_wconf 83' lang='grc' dir='ltr'>κατὰ</span> <span class='ocrx_word' id='word_1_892' title='bbox 3434 4120 3602 4188; x_wconf 84' lang='grc' dir='ltr'>ἀνάγ·</span> 
     </span>
    </p>
   </div>
   <div class='ocr_carea' id='block_1_109' title="bbox 2030 4208 3600 4291">
    <p class='ocr_par' dir='ltr' id='par_1_109' title="bbox 2030 4208 3600 4291">
     <span class='ocr_line' id='line_1_109' title="bbox 2030 4208 3600 4291; baseline -0.01 -16"><span class='ocrx_word' id='word_1_893' title='bbox 2030 4238 2135 4291; x_wconf 86' lang='grc' dir='ltr'>κην</span> <span class='ocrx_word' id='word_1_894' title='bbox 2171 4219 2269 4274; x_wconf 75' lang='grc' dir='ltr'>καὶ</span> <span class='ocrx_word' id='word_1_895' title='bbox 2302 4217 2425 4289; x_wconf 90' lang='grc' dir='ltr'>βίαν</span> <span class='ocrx_word' id='word_1_896' title='bbox 2471 4216 2595 4270; x_wconf 82' lang='grc' dir='ltr'>οὐδὲ</span> <span class='ocrx_word' id='word_1_897' title='bbox 2628 4217 2792 4287; x_wconf 86' lang='grc' dir='ltr'>ἡμεῖς</span> <span class='ocrx_word' id='word_1_898' title='bbox 2832 4211 3171 4283; x_wconf 85' lang='grc' dir='ltr'>ἀπαιτοῦμεν</span> <span class='ocrx_word' id='word_1_899' title='bbox 3218 4210 3404 4278; x_wconf 85' lang='grc' dir='ltr'>λόγον,</span> <span class='ocrx_word' id='word_1_900' title='bbox 3440 4208 3600 4279; x_wconf 83' lang='grc' dir='ltr'>μήτι-</span> 
     </span>
    </p>
   </div>
   <div class='ocr_carea' id='block_1_110' title="bbox 2030 4295 3603 4378">
    <p class='ocr_par' dir='ltr' id='par_1_110' title="bbox 2030 4295 3603 4378">
     <span class='ocr_line' id='line_1_110' title="bbox 2030 4295 3603 4378; baseline -0.008 -16"><span class='ocrx_word' id='word_1_901' title='bbox 2030 4325 2095 4378; x_wconf 91' lang='grc' dir='ltr'>γε</span> <span class='ocrx_word' id='word_1_902' title='bbox 2120 4309 2150 4361; x_wconf 83' lang='grc' dir='ltr'><strong>ὁ</strong></span> <span class='ocrx_word' id='word_1_903' title='bbox 2178 4307 2313 4371; x_wconf 87' lang='grc' dir='ltr'>Θεὸς</span> <span class='ocrx_word' id='word_1_904' title='bbox 2345 4305 2376 4358; x_wconf 86' lang='grc' dir='ltr'><strong>ὁ</strong></span> <span class='ocrx_word' id='word_1_905' title='bbox 2406 4303 2552 4358; x_wconf 78' lang='grc' dir='ltr'>οῦτω</span> <span class='ocrx_word' id='word_1_906' title='bbox 2600 4302 2986 4373; x_wconf 86' lang='grc' dir='ltr'>φιλάνθρωπος</span> <span class='ocrx_word' id='word_1_907' title='bbox 3025 4299 3122 4354; x_wconf 68' lang='grc' dir='ltr'>κα)⁸</span> <span class='ocrx_word' id='word_1_908' title='bbox 3168 4298 3388 4367; x_wconf 83' lang='grc' dir='ltr'>ἀγαθός.</span> <span class='ocrx_word' id='word_1_909' title='bbox 3441 4295 3603 4352; x_wconf 72' lang='grc' dir='ltr'>Ἀλλὰ</span> 
     </span>
    </p>
   </div>
   <div class='ocr_carea' id='block_1_111' title="bbox 2030 4383 3603 4462">
    <p class='ocr_par' dir='ltr' id='par_1_111' title="bbox 2030 4383 3603 4462">
     <span class='ocr_line' id='line_1_111' title="bbox 2030 4383 3603 4462; baseline -0.009 -13"><span class='ocrx_word' id='word_1_910' title='bbox 2030 4395 2123 4462; x_wconf 62' lang='lat' dir='ltr'>cf;</span> <span class='ocrx_word' id='word_1_911' title='bbox 2161 4394 2223 4449; x_wconf 87' lang='grc' dir='ltr'>τὸ</span> <span class='ocrx_word' id='word_1_912' title='bbox 2254 4394 2508 4448; x_wconf 87' lang='grc' dir='ltr'>κλέπτειν</span> <span class='ocrx_word' id='word_1_913' title='bbox 2544 4390 2792 4460; x_wconf 86' lang='grc' dir='ltr'>ἀνάγκης</span> <span class='ocrx_word' id='word_1_914' title='bbox 2819 4386 2974 4452; x_wconf 81' lang='grc' dir='ltr'>ἐστί;</span> <span class='ocrx_word' id='word_1_915' title='bbox 3003 4386 3135 4453; x_wconf 67' lang='grc' dir='ltr'>Ναὶ,</span> <span class='ocrx_word' id='word_1_916' title='bbox 3171 4384 3336 4456; x_wconf 86' lang='grc' dir='ltr'>φησίν</span> <span class='ocrx_word' id='word_1_917' title='bbox 3359 4400 3375 4415; x_wconf 89' lang='grc'><strong>·</strong></span> <span class='ocrx_word' id='word_1_918' title='bbox 3406 4384 3441 4456; x_wconf 91' lang='grc' dir='ltr'>ἡ</span> <span class='ocrx_word' id='word_1_919' title='bbox 3491 4383 3603 4454; x_wconf 86' lang='grc' dir='ltr'>γὰρ</span> 
     </span>
    </p>
   </div>
   <div class='ocr_carea' id='block_1_112' title="bbox 2030 4472 3604 4548">
    <p class='ocr_par' dir='ltr' id='par_1_112' title="bbox 2030 4472 3604 4548">
     <span class='ocr_line' id='line_1_112' title="bbox 2030 4472 3604 4548; baseline -0.008 -10"><span class='ocrx_word' id='word_1_920' title='bbox 2030 4483 2192 4538; x_wconf 83' lang='grc' dir='ltr'>πενία</span> <span class='ocrx_word' id='word_1_921' title='bbox 2207 4482 2367 4536; x_wconf 88' lang='grc' dir='ltr'>τοῦτο</span> <span class='ocrx_word' id='word_1_922' title='bbox 2378 4480 2541 4534; x_wconf 82' lang='grc' dir='ltr'>ποιεῖ.</span> <span class='ocrx_word' id='word_1_923' title='bbox 2572 4479 2638 4532; x_wconf 82' lang='grc' dir='ltr'><strong>Ἦ</strong></span> <span class='ocrx_word' id='word_1_924' title='bbox 2664 4477 2827 4532; x_wconf 90' lang='grc' dir='ltr'>πενία</span> <span class='ocrx_word' id='word_1_925' title='bbox 2858 4473 3190 4548; x_wconf 81' lang='grc' dir='ltr'>ἐργάζεσθαι</span> <span class='ocrx_word' id='word_1_926' title='bbox 3217 4472 3415 4545; x_wconf 79' lang='grc' dir='ltr'>μᾶλλον</span> <span class='ocrx_word' id='word_1_927' title='bbox 3436 4472 3604 4542; x_wconf 83' lang='grc' dir='ltr'>ἀναγ-</span> 
     </span>
    </p>
   </div>
   <div class='ocr_carea' id='block_1_113' title="bbox 2030 4560 3603 4639">
    <p class='ocr_par' dir='ltr' id='par_1_113' title="bbox 2030 4560 3603 4639">
     <span class='ocr_line' id='line_1_113' title="bbox 2030 4560 3603 4639; baseline -0.011 -10"><span class='ocrx_word' id='word_1_928' title='bbox 2030 4573 2226 4639; x_wconf 76' lang='grc' dir='ltr'>κάζει,</span> <span class='ocrx_word' id='word_1_929' title='bbox 2279 4573 2340 4625; x_wconf 80' lang='grc' dir='ltr'>οὐ</span> <span class='ocrx_word' id='word_1_930' title='bbox 2383 4570 2660 4624; x_wconf 87' lang='grc' dir='ltr'>κλέπτειν.</span> <span class='ocrx_word' id='word_1_931' title='bbox 2720 4566 2790 4621; x_wconf 86' lang='grc' dir='ltr'><strong><em>Ἥ</em></strong></span> <span class='ocrx_word' id='word_1_932' title='bbox 2845 4564 3010 4619; x_wconf 88' lang='grc' dir='ltr'>πενία</span> <span class='ocrx_word' id='word_1_933' title='bbox 3066 4563 3247 4617; x_wconf 88' lang='grc' dir='ltr'>τοίνυν</span> <span class='ocrx_word' id='word_1_934' title='bbox 3292 4560 3603 4615; x_wconf 82' lang='grc' dir='ltr'>τούναντίον</span> 
     </span>
    </p>
   </div>
   <div class='ocr_carea' id='block_1_114' title="bbox 2031 4647 3602 4730">
    <p class='ocr_par' dir='ltr' id='par_1_114' title="bbox 2031 4647 3602 4730">
     <span class='ocr_line' id='line_1_114' title="bbox 2031 4647 3602 4730; baseline -0.01 -15"><span class='ocrx_word' id='word_1_935' title='bbox 2031 4663 2205 4714; x_wconf 87' lang='grc' dir='ltr'>ποιεῖ·</span> <span class='ocrx_word' id='word_1_936' title='bbox 2238 4658 2299 4712; x_wconf 88' lang='grc' dir='ltr'>τὸ</span> <span class='ocrx_word' id='word_1_937' title='bbox 2321 4658 2431 4730; x_wconf 85' lang='grc' dir='ltr'>γὰρ</span> <span class='ocrx_word' id='word_1_938' title='bbox 2458 4657 2734 4720; x_wconf 88' lang='grc' dir='ltr'>κλέπτειν,</span> <span class='ocrx_word' id='word_1_939' title='bbox 2756 4653 2955 4726; x_wconf 85' lang='grc' dir='ltr'>ἀργίας</span> <span class='ocrx_word' id='word_1_940' title='bbox 2978 4650 3146 4714; x_wconf 74' lang='grc' dir='ltr'>ἐστὶν,</span> <span class='ocrx_word' id='word_1_941' title='bbox 3174 4652 3208 4721; x_wconf 89' lang='grc' dir='ltr'>ἡ</span> <span class='ocrx_word' id='word_1_942' title='bbox 3236 4649 3293 4703; x_wconf 81' lang='grc' dir='ltr'>δέ</span> <span class='ocrx_word' id='word_1_943' title='bbox 3321 4648 3480 4704; x_wconf 86' lang='grc' dir='ltr'>πενία</span> <span class='ocrx_word' id='word_1_944' title='bbox 3503 4647 3602 4700; x_wconf 83' lang='grc' dir='ltr'>οὑκ</span> 
     </span>
    </p>
   </div>
   <div class='ocr_carea' id='block_1_115' title="bbox 2030 4736 3603 4822">
    <p class='ocr_par' dir='ltr' id='par_1_115' title="bbox 2030 4736 3603 4822">
     <span class='ocr_line' id='line_1_115' title="bbox 2030 4736 3603 4822; baseline -0.011 -17"><span class='ocrx_word' id='word_1_945' title='bbox 2030 4750 2252 4822; x_wconf 86' lang='grc' dir='ltr'>ἀργίαν,</span> <span class='ocrx_word' id='word_1_946' title='bbox 2285 4746 2424 4802; x_wconf 82' lang='grc' dir='ltr'>ἀλλὰ</span> <span class='ocrx_word' id='word_1_947' title='bbox 2454 4744 2773 4816; x_wconf 86' lang='grc' dir='ltr'>φιλοπονίαν</span> <span class='ocrx_word' id='word_1_948' title='bbox 2797 4754 2824 4783; x_wconf 71' lang='grc' dir='ltr'>ι</span> <span class='ocrx_word' id='word_1_949' title='bbox 2852 4741 3056 4795; x_wconf 91' lang='grc' dir='ltr'>τίκτειν</span> <span class='ocrx_word' id='word_1_950' title='bbox 3076 4737 3285 4792; x_wconf 84' lang='grc' dir='ltr'>εἴωθεν.</span> <span class='ocrx_word' id='word_1_951' title='bbox 3308 4736 3473 4789; x_wconf 83' lang='grc' dir='ltr'>’Ὥστε</span> <span class='ocrx_word' id='word_1_952' title='bbox 3507 4736 3603 4789; x_wconf 73' lang='grc' dir='ltr'>καὶ</span> 
     </span>
    </p>
   </div>
   <div class='ocr_carea' id='block_1_116' title="bbox 2030 4822 3601 4909">
    <p class='ocr_par' dir='ltr' id='par_1_116' title="bbox 2030 4822 3601 4909">
     <span class='ocr_line' id='line_1_116' title="bbox 2030 4822 3601 4909; baseline -0.013 -15"><span class='ocrx_word' id='word_1_953' title='bbox 2030 4841 2190 4894; x_wconf 90' lang='grc' dir='ltr'>τοῦτο</span> <span class='ocrx_word' id='word_1_954' title='bbox 2224 4836 2496 4909; x_wconf 81' lang='grc' dir='ltr'>ῥᾳθυμίας</span> <span class='ocrx_word' id='word_1_955' title='bbox 2530 4831 2669 4887; x_wconf 79' lang='grc' dir='ltr'>ἐστί.</span> <span class='ocrx_word' id='word_1_956' title='bbox 2707 4831 2820 4886; x_wconf 73' lang='grc' dir='ltr'>Καὶ</span> <span class='ocrx_word' id='word_1_957' title='bbox 2851 4826 2953 4882; x_wconf 85' lang='grc' dir='ltr'>ὧδε</span> <span class='ocrx_word' id='word_1_958' title='bbox 2991 4827 3169 4900; x_wconf 84' lang='grc' dir='ltr'>μάθῃς</span> <span class='ocrx_word' id='word_1_959' title='bbox 3193 4841 3207 4855; x_wconf 74' lang='grc' dir='ltr'><strong><em>ο</em></strong></span> <span class='ocrx_word' id='word_1_960' title='bbox 3238 4824 3293 4877; x_wconf 91' lang='grc' dir='ltr'>τί</span> <span class='ocrx_word' id='word_1_961' title='bbox 3314 4824 3446 4898; x_wconf 85' lang='grc' dir='ltr'>γὰρ,</span> <span class='ocrx_word' id='word_1_962' title='bbox 3480 4822 3601 4876; x_wconf 83' lang='grc' dir='ltr'>είπέ</span> 
     </span>
    </p>
   </div>
   <div class='ocr_carea' id='block_1_117' title="bbox 2036 4909 3601 5000">
    <p class='ocr_par' dir='ltr' id='par_1_117' title="bbox 2036 4909 3601 5000">
     <span class='ocr_line' id='line_1_117' title="bbox 2036 4909 3601 5000; baseline -0.013 -19"><span class='ocrx_word' id='word_1_963' title='bbox 2036 4945 2148 5000; x_wconf 90' lang='grc' dir='ltr'>μοι,</span> <span class='ocrx_word' id='word_1_964' title='bbox 2193 4920 2613 4993; x_wconf 87' lang='grc' dir='ltr'>δυσκολώτερον,</span> <span class='ocrx_word' id='word_1_965' title='bbox 2647 4917 2701 4971; x_wconf 90' lang='grc' dir='ltr'>τί</span> <span class='ocrx_word' id='word_1_966' title='bbox 2755 4917 2815 4971; x_wconf 85' lang='grc' dir='ltr'>δὲ</span> <span class='ocrx_word' id='word_1_967' title='bbox 2862 4915 3211 4986; x_wconf 84' lang='grc' dir='ltr'>ἀηδέστερον,</span> <span class='ocrx_word' id='word_1_968' title='bbox 3251 4910 3348 4975; x_wconf 85' lang='grc' dir='ltr'>τὰς</span> <span class='ocrx_word' id='word_1_969' title='bbox 3400 4909 3601 4971; x_wconf 89' lang='grc' dir='ltr'>νύκτας</span> 
     </span>
    </p>
   </div>
   <div class='ocr_carea' id='block_1_118' title="bbox 2031 4996 3601 5089">
    <p class='ocr_par' dir='ltr' id='par_1_118' title="bbox 2031 4996 3601 5089">
     <span class='ocr_line' id='line_1_118' title="bbox 2031 4996 3601 5089; baseline -0.014 -17"><span class='ocrx_word' id='word_1_970' title='bbox 2031 4996 2413 5089; x_wconf 80' lang='grc' dir='ltr'>ἀγρυπνοῦντα</span> <span class='ocrx_word' id='word_1_971' title='bbox 2441 5008 2734 5082; x_wconf 86' lang='grc' dir='ltr'>περιιέναι,</span> <span class='ocrx_word' id='word_1_972' title='bbox 2764 5006 2863 5061; x_wconf 67' lang='grc' dir='ltr'>καὶ</span> <span class='ocrx_word' id='word_1_973' title='bbox 2903 5005 3118 5075; x_wconf 88' lang='grc' dir='ltr'>τοίχους</span> <span class='ocrx_word' id='word_1_974' title='bbox 3147 5001 3472 5073; x_wconf 89' lang='grc' dir='ltr'>διορύττειν,</span> <span class='ocrx_word' id='word_1_975' title='bbox 3504 4996 3601 5052; x_wconf 76' lang='grc' dir='ltr'>καὶ</span> 
     </span>
    </p>
   </div>
   <div class='ocr_carea' id='block_1_119' title="bbox 2033 5088 3599 5173">
    <p class='ocr_par' dir='ltr' id='par_1_119' title="bbox 2033 5088 3599 5173">
     <span class='ocr_line' id='line_1_119' title="bbox 2033 5088 3599 5173; baseline -0.013 -13"><span class='ocrx_word' id='word_1_976' title='bbox 2033 5108 2092 5162; x_wconf 84' lang='grc' dir='ltr'>ἐν</span> <span class='ocrx_word' id='word_1_977' title='bbox 2123 5104 2307 5159; x_wconf 86' lang='grc' dir='ltr'>σκότει</span> <span class='ocrx_word' id='word_1_978' title='bbox 2355 5101 2615 5173; x_wconf 78' lang='grc' dir='ltr'>βαδίζειν,</span> <span class='ocrx_word' id='word_1_979' title='bbox 2658 5097 2755 5152; x_wconf 75' lang='grc' dir='ltr'>καὶ</span> <span class='ocrx_word' id='word_1_980' title='bbox 2782 5097 2880 5169; x_wconf 82' lang='grc' dir='ltr'>τὴν</span> <span class='ocrx_word' id='word_1_981' title='bbox 2908 5093 3086 5165; x_wconf 77' lang='grc' dir='ltr'>ψυχὴν</span> <span class='ocrx_word' id='word_1_982' title='bbox 3128 5092 3273 5163; x_wconf 81' lang='grc' dir='ltr'>ἐχειν</span> <span class='ocrx_word' id='word_1_983' title='bbox 3316 5091 3376 5143; x_wconf 92' lang='grc' dir='ltr'>ἐν</span> <span class='ocrx_word' id='word_1_984' title='bbox 3418 5088 3599 5159; x_wconf 77' lang='grc' dir='ltr'>χερσὶ,</span> 
     </span>
    </p>
   </div>
   <div class='ocr_carea' id='block_1_120' title="bbox 2034 5174 3601 5263">
    <p class='ocr_par' dir='ltr' id='par_1_120' title="bbox 2034 5174 3601 5263">
     <span class='ocr_line' id='line_1_120' title="bbox 2034 5174 3601 5263; baseline -0.013 -15"><span class='ocrx_word' id='word_1_985' title='bbox 2034 5194 2129 5248; x_wconf 77' lang='grc' dir='ltr'>καὶ</span> <span class='ocrx_word' id='word_1_986' title='bbox 2178 5191 2317 5263; x_wconf 89' lang='grc' dir='ltr'>πρὸς</span> <span class='ocrx_word' id='word_1_987' title='bbox 2370 5189 2530 5260; x_wconf 86' lang='grc' dir='ltr'>φόνον</span> <span class='ocrx_word' id='word_1_988' title='bbox 2581 5183 3018 5258; x_wconf 88' lang='grc' dir='ltr'>παρατετάχθαι.</span> <span class='ocrx_word' id='word_1_989' title='bbox 3073 5182 3171 5235; x_wconf 74' lang='grc' dir='ltr'>καὶ</span> <span class='ocrx_word' id='word_1_990' title='bbox 3203 5179 3450 5249; x_wconf 88' lang='grc' dir='ltr'>τρέμειν,</span> <span class='ocrx_word' id='word_1_991' title='bbox 3504 5174 3601 5229; x_wconf 75' lang='grc' dir='ltr'>καὶ</span> 
     </span>
    </p>
   </div>
   <div class='ocr_carea' id='block_1_121' title="bbox 2032 5265 3599 5352">
    <p class='ocr_par' dir='ltr' id='par_1_121' title="bbox 2032 5265 3599 5352">
     <span class='ocr_line' id='line_1_121' title="bbox 2032 5265 3599 5352; baseline -0.014 -16"><span class='ocrx_word' id='word_1_992' title='bbox 2032 5279 2352 5352; x_wconf 84' lang='grc' dir='ltr'>τεθνηκέναι</span> <span class='ocrx_word' id='word_1_993' title='bbox 2380 5275 2459 5348; x_wconf 83' lang='grc' dir='ltr'>τῷ</span> <span class='ocrx_word' id='word_1_994' title='bbox 2490 5275 2623 5340; x_wconf 86' lang='grc' dir='ltr'>δέει.</span> <span class='ocrx_word' id='word_1_995' title='bbox 2665 5274 2700 5346; x_wconf 81' lang='grc' dir='ltr'>ἢ</span> <span class='ocrx_word' id='word_1_996' title='bbox 2740 5272 2921 5335; x_wconf 82' lang='grc' dir='ltr'>πόνοις</span> <span class='ocrx_word' id='word_1_997' title='bbox 2963 5269 3255 5342; x_wconf 85' lang='grc' dir='ltr'>προσέχειν</span> <span class='ocrx_word' id='word_1_998' title='bbox 3294 5265 3599 5352; x_wconf 76' lang='grc' dir='ltr'>καθημερι-</span> 
     </span>
    </p>
   </div>
   <div class='ocr_carea' id='block_1_122' title="bbox 2034 5349 3603 5434">
    <p class='ocr_par' dir='ltr' id='par_1_122' title="bbox 2034 5349 3603 5434">
     <span class='ocr_line' id='line_1_122' title="bbox 2034 5349 3603 5434; baseline -0.014 -11"><span class='ocrx_word' id='word_1_999' title='bbox 2034 5349 2293 5432; x_wconf 39' lang='grc' dir='ltr'>νοῖςξκαὶ</span> <span class='ocrx_word' id='word_1_1000' title='bbox 2331 5363 2633 5434; x_wconf 89' lang='grc' dir='ltr'>ἀσφαλείας</span> <span class='ocrx_word' id='word_1_1001' title='bbox 2668 5358 2966 5415; x_wconf 87' lang='grc' dir='ltr'>ἀπολαύειν</span> <span class='ocrx_word' id='word_1_1002' title='bbox 3015 5355 3153 5428; x_wconf 88' lang='grc' dir='ltr'>μετά</span> <span class='ocrx_word' id='word_1_1003' title='bbox 3189 5351 3408 5417; x_wconf 87' lang='grc' dir='ltr'>ἀδείας.;</span> <span class='ocrx_word' id='word_1_1004' title='bbox 3429 5349 3603 5403; x_wconf 90' lang='grc' dir='ltr'>Τοῦτο</span> 
     </span>
    </p>
   </div>
   <div class='ocr_carea' id='block_1_123' title="bbox 2036 5436 3603 5511">
    <p class='ocr_par' dir='ltr' id='par_1_123' title="bbox 2036 5436 3603 5511">
     <span class='ocr_line' id='line_1_123' title="bbox 2036 5436 3603 5511; baseline -0.013 0"><span class='ocrx_word' id='word_1_1005' title='bbox 2036 5456 2287 5511; x_wconf 62' lang='grc' dir='ltr'>εὔκολον</span> <span class='ocrx_word' id='word_1_1006' title='bbox 2337 5454 2433 5508; x_wconf 72' lang='grc' dir='ltr'>καὶ</span> <span class='ocrx_word' id='word_1_1007' title='bbox 2482 5453 2566 5505; x_wconf 85' lang='grc' dir='ltr'>ὅτι</span> <span class='ocrx_word' id='word_1_1008' title='bbox 2608 5446 2771 5503; x_wconf 86' lang='grc' dir='ltr'>τοῦτο</span> <span class='ocrx_word' id='word_1_1009' title='bbox 2818 5445 3062 5511; x_wconf 77' lang='grc' dir='ltr'>εὔκολον,</span> <span class='ocrx_word' id='word_1_1010' title='bbox 3092 5442 3143 5495; x_wconf 80' lang='grc' dir='ltr'>οἱ</span> <span class='ocrx_word' id='word_1_1011' title='bbox 3175 5439 3393 5503; x_wconf 87' lang='grc' dir='ltr'>πλείους</span> <span class='ocrx_word' id='word_1_1012' title='bbox 3442 5436 3603 5491; x_wconf 89' lang='grc' dir='ltr'>τοῦτο</span> 
     </span>
    </p>
   </div>
   <div class='ocr_carea' id='block_1_124' title="bbox 2036 5538 2680 5613">
    <p class='ocr_par' dir='ltr' id='par_1_124' title="bbox 2036 5538 2680 5613">
     <span class='ocr_line' id='line_1_124' title="bbox 2036 5538 2680 5613; baseline -0.009 -16"><span class='ocrx_word' id='word_1_1013' title='bbox 2036 5543 2385 5613; x_wconf 86' lang='grc' dir='ltr'>πράττουσιν,</span> <span class='ocrx_word' id='word_1_1014' title='bbox 2419 5540 2456 5612; x_wconf 79' lang='grc' dir='ltr'>ἡ</span> <span class='ocrx_word' id='word_1_1015' title='bbox 2484 5538 2680 5593; x_wconf 82' lang='grc' dir='ltr'>ἐκεῖνο.</span> 
     </span>
    </p>
   </div>
   <div class='ocr_carea' id='block_1_125' title="bbox 2101 5756 3603 5834">
    <p class='ocr_par' dir='ltr' id='par_1_125' title="bbox 2101 5756 3603 5834">
     <span class='ocr_line' id='line_1_125' title="bbox 2101 5756 3603 5834; baseline -0.013 -8"><span class='ocrx_word' id='word_1_1016' title='bbox 2101 5786 2128 5818; x_wconf 73' lang='grc' dir='ltr'>α</span> <span class='ocrx_word' id='word_1_1017' title='bbox 2146 5775 2303 5834; x_wconf 75' lang='lat' dir='ltr'>Edlti,</span> <span class='ocrx_word' id='word_1_1018' title='bbox 2324 5770 2664 5834; x_wconf 76' lang='grc' dir='ltr'>φιλοπτωχίαν.</span> <span class='ocrx_word' id='word_1_1019' title='bbox 2685 5768 2841 5834; x_wconf 64' lang='grc' dir='ltr'>Βεεῑο</span> <span class='ocrx_word' id='word_1_1020' title='bbox 2877 5770 3144 5834; x_wconf 60' lang='lat' dir='ltr'>augurqtug</span> <span class='ocrx_word' id='word_1_1021' title='bbox 3167 5767 3247 5834; x_wconf 66' lang='grc' dir='ltr'>εει</span> <span class='ocrx_word' id='word_1_1022' title='bbox 3285 5756 3505 5834; x_wconf 58' lang='grc' dir='ltr'>Δ8οῆὶίιξσ</span> <span class='ocrx_word' id='word_1_1023' title='bbox 3526 5758 3603 5807; x_wconf 75' lang='grc' dir='ltr'>1ο-</span> 
     </span>
    </p>
   </div>
   <div class='ocr_carea' id='block_1_126' title="bbox 2040 5822 3604 5898">
    <p class='ocr_par' dir='ltr' id='par_1_126' title="bbox 2040 5822 3604 5898">
     <span class='ocr_line' id='line_1_126' title="bbox 2040 5822 3604 5898; baseline -0.012 -12"><span class='ocrx_word' id='word_1_1024' title='bbox 2040 5822 2395 5898; x_wconf 50' lang='grc' dir='ltr'>ερηεῖιιηῇᾆεὲε</span> <span class='ocrx_word' id='word_1_1025' title='bbox 2427 5822 2717 5898; x_wconf 71' lang='grc' dir='ltr'>φιλοᾷἱονίαν.</span> <span class='ocrx_word' id='word_1_1026' title='bbox 2738 5829 2857 5880; x_wconf 78' lang='lat' dir='ltr'>Nam</span> <span class='ocrx_word' id='word_1_1027' title='bbox 2875 5822 2991 5878; x_wconf 56' lang='lat' dir='ltr'>ms}.</span> <span class='ocrx_word' id='word_1_1028' title='bbox 3025 5824 3097 5875; x_wconf 84' lang='lat' dir='ltr'><strong>sic</strong></span> <span class='ocrx_word' id='word_1_1029' title='bbox 3118 5825 3320 5884; x_wconf 76' lang='lat' dir='ltr'>habent,</span> <span class='ocrx_word' id='word_1_1030' title='bbox 3354 5827 3409 5871; x_wconf 75' lang='lat' dir='ltr'>et</span> <span class='ocrx_word' id='word_1_1031' title='bbox 3438 5822 3604 5871; x_wconf 66' lang='lat' dir='ltr'>sicsa-</span> 
     </span>
    </p>
   </div>
   <div class='ocr_carea' id='block_1_127' title="bbox 2042 5894 2684 5949">
    <p class='ocr_par' dir='ltr' id='par_1_127' title="bbox 2042 5894 2684 5949">
     <span class='ocr_line' id='line_1_127' title="bbox 2042 5894 2684 5949; baseline -0.016 0"><span class='ocrx_word' id='word_1_1032' title='bbox 2042 5894 2148 5949; x_wconf 67' lang='lat' dir='ltr'>i&#39;ies</span> <span class='ocrx_word' id='word_1_1033' title='bbox 2164 5894 2450 5948; x_wconf 66' lang='lat' dir='ltr'>desiderare</span> <span class='ocrx_word' id='word_1_1034' title='bbox 2475 5895 2684 5945; x_wconf 67' lang='lat' dir='ltr'>videtur.</span> 
     </span>
    </p>
   </div>
  </div>
