4060 6400
532 338 600 391 2!
1232 337 1293 391 Β.
1333 337 1619 395 JOANNIS
1653 335 2142 395 CHRYSOSTOMI
2179 336 2497 395 ARCHIEP.
2537 336 3084 397 CONSTANTINOP.
3710 341 3773 397 ΕΩ

593 450 659 504 δ’.
677 448 835 520 Ὁρᾷς
866 450 945 502 ὅτι
972 447 1116 502 κατά
1132 450 1295 517 φύσιν
1329 452 1425 522 μὲν
1441 454 1474 521 ἠ
1492 452 1680 524 ἀρετὴ,
1699 454 1851 525 παρὰ
1873 453 2033 522 φύσιν
2047 451 2105 506 δὲ

523 531 559 602 ἡ
584 532 770 596 κακία,
804 531 1057 603 καθάπερ
1086 535 1119 602 ή
1146 533 1300 598 νόσος
1326 536 1419 587 καὶ
1440 538 1473 605 ἡ
1500 536 1692 603 ὑγείας
1718 537 1782 589 Τί
1810 537 1868 589 δὲ
1896 537 1956 589 τὸ
1973 534 2104 605 ψεύ-

520 614 707 668 δεσθαι
742 614 839 668 καὶ
861 616 1158 686 ἐπιορκεῖν,
1182 616 1342 669 ποίαν
1374 616 1440 670 ἂν
1470 616 1584 688 ἔχοι
1623 619 1909 689 ἀνάγκην;
1939 619 2105 672 Οὐδε-

524 698 673 767 μίαν,
703 697 825 751 οὐδὲ
876 696 1020 766 βίαν,
1054 698 1168 765 ἀλλ’
1200 699 1423 763 ἑκόντες
1460 701 1555 753 ἐπὶ
1601 702 1760 756 τοῦτο
1804 701 2099 773 ἐρχόμεθα.

534 779 961 850 ’Λπιστούμεθα,
998 782 1183 852 φησίν.
1230 783 1653 854 Ἀπιστούμεθα,
1684 786 1872 856 ἐπειδὴ
1918 784 2104 855 βουλό-

523 862 665 932 μεθα
685 880 698 894 ·
726 864 852 932 ἐξῆν
878 863 990 934 γὰρ
1023 865 1132 918 ἀπὸ
1165 864 1258 918 τοῦ
1281 865 1486 936 τρόπου
1515 867 1867 923 πιστεύεσθαι
1901 867 2101 939 μᾶλλον

520 946 688 1015 ἡμᾶς,
728 947 761 1016 ἢ
807 946 916 1000 ἀπὸ
948 945 1056 1000 τῶν
1085 947 1285 1017 ὅρκων.
1319 948 1418 1000 Διά
1443 948 1495 1001 τί
1524 950 1652 1020 γάρ,
1693 950 1814 1003 εἰπέ
1846 968 1957 1021 μοι,
1986 952 2101 1013 τοῖς

523 1030 625 1099 μὲν
645 1030 768 1083 οὑδὲ
798 1029 1061 1100 ὀμνύουσι
1087 1033 1438 1101 πιστεύομεν,
1467 1034 1590 1096 τοὺς
1621 1034 1677 1086 δὲ
1699 1034 1795 1087 καὶ
1812 1034 1982 1106 χωρὶς
2003 1034 2097 1105 ὄρ·-

518 1128 631 1164 κων
663 1113 886 1177 πιστοὺς,
919 1113 1238 1184 ήγούμεθα;
1300 1115 1465 1187 Ὁρᾷς
1513 1116 1598 1169 ὅτι
1649 1117 1889 1186 οὐδαμοῦ
1934 1118 2097 1188 χρεία

514 1193 733 1263 ὄρκων;
770 1196 867 1247 Ἂν
894 1197 923 1249 6
962 1196 1111 1249 δεῖνα
1167 1196 1319 1270 εἴπῃ,
1352 1198 1507 1267 φησὶ,
1550 1199 1646 1251 καὶ
1698 1200 1867 1270 χωρὶς
1913 1200 2096 1271 ὅρκων

519 1276 795 1331 πιστεύωο
837 1280 920 1332 σοὶ
953 1278 1013 1331 δὲ
1055 1279 1175 1334 οὐδὲ
1217 1280 1337 1350 μεθ’
1369 1283 1567 1352 ὅρκων.
1602 1284 1744 1352 Ἀρα
1793 1283 2043 1354 περιττὸν
2067 1286 2097 1338 6

514 1360 697 1432 ὅρκος,
724 1360 818 1415 καὶ
841 1361 1000 1414 τοῦτο
1032 1363 1231 1433 μᾶλλον
1255 1365 1532 1427 ἀπιστίας,
1567 1365 1600 1434 ἦ
1633 1366 1870 1427 πίστεως
1888 1367 2096 1437 τεκμή-

519 1462 656 1515 ριον.
693 1443 808 1516 [14]
831 1445 905 1498 Τὸ
933 1446 1042 1517 γὰρ
1072 1445 1294 1500 εὔκολον
1338 1444 1479 1502 εἶναι
1509 1449 1647 1519 πρὸς
1670 1449 1732 1501 τὸ
1759 1449 1956 1519 ὀμόσαι
1993 1451 2093 1503 οὑκ

515 1528 711 1598 ἀφίησι
738 1528 897 1593 δόξαν
924 1530 1212 1594 εὐλαϐείας
1232 1531 1399 1601 ἔχειν.
1436 1532 1599 1585 Ὥστε
1644 1533 1673 1585 ὁ
1702 1532 1939 1601 μάλιστα
1965 1550 2088 1586 συν-

515 1611 657 1681 εχῶς
682 1612 759 1683 τῷ
784 1613 931 1683 ὅρκῳ
958 1615 1319 1685 κεχρημένος,
1351 1609 1506 1678 οὗτος
1536 1616 1774 1687 οὐδαμοῦ
1795 1617 1890 1670 τοῦ
1922 1618 2089 1689 ὅρκου

515 1696 615 1765 τὴν
663 1696 852 1765 χρείαν
901 1695 1012 1767 ἔχει
1042 1698 1350 1766 ἀναγκαίαν
1377 1715 1391 1729 ο
1425 1701 1453 1752 6
1480 1699 1539 1751 δὲ
1593 1699 1846 1770 μηδαμοῦ
1880 1718 2089 1772 κεχρη-

516 1779 701 1849 μένος,
727 1780 888 1843 αὑτὸς
909 1780 1072 1834 αὑτοῦ
1092 1781 1191 1851 τῆς
1208 1782 1396 1853 χρείας
1414 1782 1698 1837 ἀπολαύει.
1725 1783 1899 1855 Χρεία
1923 1785 2087 1855 ὅρκου

514 1862 652 1933 πρὸς
678 1862 738 1915 τὸ
765 1863 1117 1917 πιστεύεσθαι
1135 1864 1357 1931 λοιπόν;
1391 1864 1690 1935 Οὐδαμῶς·
1713 1866 1930 1937 ὁρῶμεν
1956 1867 2087 1940 γάρ,

512 1946 599 1999 ὅτι
652 1947 702 1999 οί
748 1946 824 2017 μὴ
867 1946 1200 2017 ὀμνύοντες,
1241 1942 1390 2002 οὗτοι
1454 1949 1658 2015 μᾶλλον
1720 1949 2084 2006 πιστεύονται.

527 2029 691 2082 Ἀλλά
725 2030 816 2097 τί;
865 2028 1241 2102 τὸ⁶ὑϐριστὴν
1295 2029 1435 2084 εἶναι
1479 2031 1727 2103 ἀνάγκης
1760 2033 1904 2099 ὲστί;
1956 2034 2087 2097 Ναὶ,

513 2113 698 2183 φησίν·
718 2114 748 2164 6
770 2113 879 2185 γάρ
900 2114 1070 2184 θυμὸς
1089 2114 1295 2183 ἐξάγει,
1316 2114 1412 2169 καὶ
1435 2114 1643 2184 φλέγει,
1668 2117 1761 2170 καὶ
1780 2117 1878 2171 οὐκ
1895 2118 2087 2189 ἀφίησι

512 2196 612 2264 τὴν
637 2194 812 2267 ψυχὴν
846 2197 1098 2268 ἠρεμεῖν.
1147 2198 1223 2250 Οὑ
1268 2197 1362 2250 τοῦ
1396 2197 1567 2267 θυμοῦ
1602 2200 1772 2263 ἐστιν,
1809 2200 2083 2272 ἄνθρωπε,

509 2278 649 2332 ἀλλά
674 2279 775 2350 τῆς
806 2281 1169 2352 μικροψυχίας
1195 2292 1220 2321 α
1246 2281 1307 2334 τὸ
1337 2281 1612 2351 ὑϐρίζειν·
1645 2284 1693 2335 εἰ
1724 2282 1781 2335 δὲ
1806 2283 1979 2355 θυμοῦ
1996 2279 2084 2356 ἦν,

513 2362 714 2427 πάντες
737 2364 1013 2435 ἄνθρωποι
1037 2364 1405 2436 ὀργιζόμενοι,
1431 2367 1531 2419 οὐκ
1558 2366 1624 2419 ἂν
1656 2366 1919 2421 διέλειπον
1931 2367 2087 2439 ὑϐρί-

511 2444 717 2508 ζοντες,
745 2446 929 2517 Θυμὸν
964 2446 1183 2519 ἔχομεν,
1213 2449 1311 2518 οὑχ
1338 2450 1424 2502 ἵνα
1452 2448 1764 2520 ὑϐρίζωμεν
1788 2451 1913 2513 τοὺς
1946 2451 2086 2522 πλη-

516 2528 651 2593 σίον,
696 2528 811 2582 ἀλλ’
856 2530 944 2584 ἵνα
998 2531 1126 2594 τοὺς
1174 2532 1592 2602 ἁμαρτάνοντας
1642 2533 2083 2604 ὲπιστρέφωμεν,

515 2612 601 2665 ινα
630 2610 1051 2682 διανιστώμεθα,
1091 2614 1175 2666 ἴνα
1221 2613 1295 2684 μὴ
1330 2614 1522 2675 νωθεῖς
1571 2608 1742 2685 ὦμεν.
1788 2616 1999 2685 ’Ὠσπερ
2032 2634 2085 2670 τι

508 2695 733 2767 κέντρον
763 2696 1005 2764 ἔγκειται
1038 2698 1171 2767 ἡμῖν
1210 2699 1238 2751 6
1265 2698 1457 2767 θυμὸς,
1494 2698 1579 2751 ῖνα
1617 2699 1756 2751 κατὰ
1783 2698 1878 2752 τοῦ
1905 2700 2086 2753 διαϐό-

509 2777 602 2830 λου
642 2777 930 2848 βρύχωμεν
958 2780 1086 2842 τοὺς
1123 2779 1364 2845 ὀδόντας,
1407 2782 1496 2833 ἵνα
1525 2780 1745 2850 σφοδροὶ
1773 2775 1922 2850 ὦμεν
1947 2781 2085 2852 πρὸς

508 2860 694 2923 αὐτὸν,
719 2861 816 2930 οὐχ
854 2860 940 2914 ἵνα
959 2863 1079 2914 κατ’
1108 2862 1353 2931 ἀλλήλων
1384 2861 1618 2933 στῶμεν.
1650 2863 1830 2916 Ὅπλα
1864 2863 2080 2934 ἔχομεν,

505 2942 605 3011 οὐχ
635 2943 722 2995 ἵνα
751 2944 901 3013 ἡμᾶς
931 2944 1130 3006 αὐτοὺς
1168 2945 1519 3015 πολεμῶμεν,
1558 2946 1673 2998 ἀλλ’
1707 2946 1791 2999 ἵνα
1819 2947 1962 2998 κατὰ
1986 2946 2081 2998 τοῦ

507 3025 768 3095 πολεμίου
795 3026 1059 3098 χρώμεθα
1080 3030 1145 3099 τῇ
1187 3030 1509 3101 παντευχίᾳ.
1557 3030 1802 3101 Ὀργίλος
1834 3026 1918 3095 εἷ;
1952 3031 2085 3083 Ἐσο

508 3108 647 3162 κατά
677 3108 782 3160 τῶν
815 3111 1232 3181 ἁμαρτημάτων
1274 3111 1380 3164 τῶν
1413 3112 1611 3166 σαυτοῦ
1641 3113 1881 3176 τοιοῦτος
1902 3154 1916 3175 ,
1966 3114 2084 3167 ἐπί-

509 3190 710 3261 πληττε
726 3195 789 3262 τῇ
805 3192 971 3265 ψυχῇ,
1002 3194 1230 3262 μάστιζε
1255 3196 1314 3247 τὸ
1335 3197 1594 3259 συνειδὸς,
1618 3196 1846 3267 σφοδρὸς
1862 3197 2084 3269 έσοκρι-

507 3275 607 3345 τὴς
634 3276 729 3328 καὶ
762 3278 957 3347 πικρὸς
986 3276 1246 3348 δικαστὴς
1286 3281 1399 3341 τοῖς
1446 3278 1667 3343 οἰκείοις
1698 3281 2079 3350 ἁμαρτήμασι.
2113 3310 2123 3319 -

438 3414 447 3425 ,
512 3357 683 3412 Τοῦτο
696 3359 796 3429 τῆς
817 3360 985 3429 ὀργῆς
1007 3361 1068 3412 τὸ
1088 3360 1277 3429 κέρδος
1300 3376 1314 3391 ·
1349 3361 1436 3414 διά
1453 3360 1611 3414 τοῦτο
1640 3364 1771 3431 ἡμῖν
1801 3363 1968 3432 αὐτὴν
2002 3366 2082 3418 ὲν-

508 3439 747 3510 έθηκενό
763 3441 913 3506 Θεός.
945 3442 1085 3495 Ἀλλ’
1104 3446 1137 3513 ἡ
1164 3444 1388 3514 ἁρπαγὴ
1407 3444 1466 3508 ἐξ
1492 3445 1739 3513 ἀνάγκης
1759 3446 1904 3498 ἐστίν
1928 3464 1943 3509 ;
1968 3432 2083 3499 “Οὑ-

506 3521 718 3591 δαμῶς·
752 3525 879 3577 ποία
898 3524 1005 3595 γάρ
1036 3526 1248 3596 ἀνάγκη
1268 3526 1330 3579 τὸ
1348 3527 1637 3597 ἁρπάζειν,
1662 3530 1784 3587 εἰπέ
1804 3546 1892 3598 μοι
1914 3547 1927 3594 ;
1952 3532 2082 3583 ποία

502 3603 598 3676 βία
617 3623 631 3669 ;
645 3607 833 3670 Πενία,
848 3609 1001 3678 φησὶ,
1023 3613 1185 3672 ποιεῖ,
1206 3610 1370 3663 καὶτὸ
1387 3610 1504 3672 δέος
1519 3611 1626 3664 τῶν
1638 3611 1969 3678 ἀναγκαίων.
1984 3614 2080 3666 Διά

507 3687 663 3740 τοῦτο
687 3690 784 3759 μὲν
828 3686 919 3744 οὖν
953 3693 1052 3745 οὑκ
1081 3693 1317 3761 ὀφείλεις
1351 3693 1648 3764 ἁρπάζεινο
1684 3695 1745 3748 οὐ
1774 3695 1883 3767 γάρ
1912 3697 2081 3764 ἀσφα-

506 3769 604 3840 λὴς
632 3774 659 3823 ὁ
682 3772 920 3836 τοιοῦτος
958 3774 1204 3839 πλοῦτος.
1235 3777 1305 3829 Σὺ
1346 3777 1401 3832 δὲ
1434 3778 1631 3832 ταυτὸν
1661 3782 1859 3842 ποιεῖς,
1890 3779 2079 3849 ὥσπερ

507 3853 573 3907 ἂν
606 3855 761 3919 εἴτις
786 3857 1101 3929 ἐρωτηθεὶς,
1131 3860 1184 3911 τί
1208 3860 1409 3929 δήποτε
1444 3864 1522 3926 εἰς
1544 3861 1727 3933 ἄμμον
1756 3862 1825 3915 τά
1855 3848 2079 3933 θεμέλια

504 3937 604 4005 τῆς
636 3938 812 4002 οἰκίας
848 3940 1199 4008 καταϐάλλοι,
1244 3943 1414 4008 εἴποι,
1440 3944 1524 3997 ὅτι
1562 3946 1661 3998 Διά
1693 3946 1785 3999 τὸν
1824 3947 2036 4016 κρυμὸν
2060 3984 2076 4009 ,

505 4018 593 4071 διὰ
622 4019 712 4073 τὸν
740 4021 911 4077 ὑετόν.
940 4025 1038 4077 Διά
1059 4024 1218 4078 τοῦτο
1246 4025 1344 4096 μὲν
1365 4021 1457 4079 οὖν
1480 4029 1558 4090 είς
1580 4028 1763 4099 ἄμμον
1791 4028 1891 4081 οὐκ
1911 4029 2078 4100 ἐχρῆν

507 4103 867 4159 καταϐάλλειν
890 4123 903 4137 ·
938 4110 1272 4180 ἀναστρέφει
1296 4111 1403 4181 γάρ
1421 4111 1561 4166 αὑτὰ
1588 4112 1796 4182 ταχέως
1817 4113 1911 4165 καὶ
1925 4114 2079 4176 ὑετὸς

507 4187 602 4239 καὶ
630 4188 918 4259 πνεύματα
952 4193 1046 4245 καὶ
1068 4192 1290 4262 ἄνεμος.
1320 4195 1485 4248 Ὥστε
1515 4198 1564 4248 εί
1588 4196 1841 4249 πλουτεῖν
1875 4195 2073 4260 θέλεις,

510 4270 585 4340 μὴ
617 4272 949 4329 πλεονέκτει.
979 4276 1042 4328 EE
1074 4276 1235 4330 παισὶ
1258 4276 1440 4346 βούλει
1467 4278 1802 4349 παραδοῦναι
1823 4280 2073 4344 πλοῦτον,

569 4425 724 4493 {Iam
776 4440 909 4489 sape
933 4426 1516 4542 ⁹ἀίιἰςιιυεξῦμιιιροιικιιχίιιιν
1556 4433 1682 4493 apud
1718 4430 2080 4503 ecclqsiasngos

569 4493 779 4543 rumores
817 4504 1000 4543 passun
1042 4506 1170 4543 812m
1210 4506 1323 4543 care
1372 4497 1677 4543 Simule
1717 4500 1774 4543 et.
1810 4496 2079 4543 dxssensno—

502 4484 779 4597 ;cerlﬂntores
817 4484 1000 4552 p'assim
1042 4484 1323 4557 signiﬁcari:
1355 4484 1677 4544 'sx'fnultaiem
1717 4500 1774 4545 et
1810 4493 2079 4547 dissensio—

2204 450 2413 506 δίκαιον
2459 452 2679 521 κτῆσαι,
2718 453 2772 505 εἴ
2800 455 2862 521 γέ
2910 456 2993 519 τίς
3033 458 3149 509 ἐστι
3178 455 3450 519 τοιοῦτος’
3484 445 3640 517 οὗτος
3677 474 3774 523 γορ

2210 534 2382 606 μένει,
2409 537 2502 589 καὶ
2528 537 2743 605 βέϐαιος
2763 537 3028 605 ἕστηκεν·
3056 542 3085 593 6
3116 540 3173 592 δὲ
3207 540 3282 612 μὴ
3305 538 3547 603 τοιοῦτος
3572 540 3774 609 ταχέως

2204 618 2502 672 ἀπόλλυται
2533 621 2628 673 καὶ
2671 621 3070 692 διαφθείρεται.
3120 624 3377 677 Πλουτεῖν
3427 622 3624 685 θέλεις,
3658 623 3772 675 εἰπέ

2206 719 2319 772 μοι,
2356 705 2451 755 καὶ
2482 703 2552 755 τά
2580 704 2688 755 τῶν
2728 703 2904 758 ἄλλων
2947 704 3282 776 λαμϐάνεις;
3330 705 3443 760 Καὶ
3489 706 3595 776 μὴν
3621 705 3773 758 τοῦτο

2200 785 2304 838 οὐκ
2348 784 2463 838 ἔστι
2490 786 2740 853 πλοῦτος,
2773 787 2910 840 ἀλλά
2938 789 2999 840 τὸ
3030 789 3097 842 τά
3129 790 3236 842 ἴδια
3264 789 3545 858 κατέχεινο
3577 789 3607 840 6
3628 788 3681 841 δὲ
3709 788 3772 841 τὰ

2201 867 2461 937 ἀλλότρια
2490 868 2649 938 ἔχων,
2684 870 2784 922 οὐκ
2825 870 2891 924 ἂν
2938 872 3024 939 εἴη
3066 871 3348 935 πλούσιος⁹
3383 870 3504 923 ἐπεὶ
3541 870 3684 923 οὕτω
3710 887 3771 938 γε

2201 951 2269 1004 ἂν
2306 952 2403 1004 καὶ
2424 950 2474 1003 οἱ
2502 950 2574 1004 τά
2614 952 2815 1023 σηρικὰ
2843 953 3170 1018 πωλοῦντες,
3198 954 3388 1024 ἱμάτια
3409 952 3541 1024 παρ’
3570 953 3771 1022 ἑτέρων

2199 1034 2588 1106 λαμϐάνοντες,
2608 1037 2705 1088 κα⁶ι
2732 1037 3101 1107 εὐπορώτεροι
3126 1037 3222 1090 καὶ
3243 1036 3629 1107 πλουσιώτεροι
3648 1037 3772 1089 πάν-

2197 1135 2308 1172 των
2337 1117 2581 1186 λέγοιντο
2627 1118 2693 1171 ἄν
2713 1135 2726 1148 ·
2761 1119 2937 1172 καίτοι
2970 1136 3034 1186 γε
3065 1118 3246 1173 αὐτῶν
3290 1120 3409 1172 ἐστι
3449 1119 3589 1181 τέως
3612 1158 3626 1179 .
3659 1119 3768 1172 ἀλλ’

2196 1200 2348 1270 ὅμως
2385 1200 2583 1263 αὐτοὺς
2625 1200 2687 1252 οὐ
2732 1200 3007 1271 καλοῦμεν
3061 1201 3373 1264 πλουσίους.
3422 1201 3489 1254 Τί
3536 1201 3766 1271 δήποτε;

2198 1284 2321 1337 Ὅτι
2346 1283 2416 1337 τά
2447 1282 2706 1352 ἀλλότρια
2734 1282 2968 1353 ἔχουσιν.
3002 1283 3063 1337 Et
3094 1284 3204 1354 γὰρ
3233 1285 3328 1337 καὶ
3355 1283 3426 1337 τά
3454 1285 3647 1355 ἱμάτια
3676 1285 3770 1337 αὑ-

2193 1366 2303 1420 τῶν
2335 1367 2612 1435 τυγχάνει,
2648 1366 2763 1418 ἀλλ’
2803 1366 3000 1437 ήτιμὴ
3046 1368 3147 1419 οὐκ
3179 1367 3389 1421 αὐτῶν·
3426 1368 3476 1420 εί
3512 1366 3570 1419 δὲ
3599 1368 3694 1420 καὶ
3736 1371 3766 1438 ή

2193 1449 2326 1519 τιμὴ
2354 1449 2556 1511 αὐτῶν,
2589 1448 2709 1501 ἀλλ’
2740 1441 2896 1511 οὗτος
2946 1448 3175 1513 πλοῦτος
3207 1450 3307 1503 οὐκ
3340 1448 3480 1503 ἐστι.
3517 1449 3581 1503 El
3618 1449 3675 1503 δὲ
3700 1451 3766 1502 τὰ

2196 1532 2499 1603 συμϐόλαια
2521 1532 2772 1603 διδόμενα
2794 1535 2857 1586 οὑ
2878 1535 3024 1586 ποιεῖ
3042 1533 3354 1595 πλουσίους,
3378 1531 3544 1586 διὰτὸ
3559 1534 3765 1602 ταχέως

2192 1617 2339 1686 ἡμᾶς
2380 1615 2561 1669 αὐτῶν
2603 1615 2958 1683 ἀφίστασθαι,
2990 1616 3061 1668 τὰ
3107 1616 3168 1681 ἐξ
3199 1616 3455 1687 ἁρπαγῆς
3480 1616 3599 1679 πῶς
3627 1618 3766 1669 ποιεῖ

2194 1698 2510 1765 πλουσίους;
2545 1696 2660 1769 [15]
2689 1698 2752 1751 El
2792 1698 2973 1753 δὲκαὶ
3005 1699 3143 1761 ὅλως
3184 1699 3473 1770 ἐπιθυμεῖς
3519 1698 3765 1753 πλουτεῖν

2192 1780 2275 1851 (οὐ
2297 1780 2404 1849 γάρ
2431 1780 2675 1851 ἀνάγκης
2694 1781 2757 1833 τὸ
2779 1780 3052 1851 πρᾶγμα)·
3082 1781 3226 1845 τίνος
3254 1780 3560 1835 ἀπολαῦσαι
3583 1781 3764 1853 βουλό-

2193 1879 2354 1931 μενος
2389 1861 2664 1927 πλείονος;
2695 1858 2807 1933 ἄρα
2845 1862 2992 1933 ζωῆς
3027 1864 3404 1936 μακροτέρας;
3434 1863 3545 1916 Καὶ
3581 1864 3689 1933 μὴν
3712 1865 3759 1917 οί

2188 1944 2418 1998 τοιοῦτοι
2447 1945 2655 2015 ταχέως
2688 1946 3046 2018 ὀλιγοχρόνιοι
3072 1946 3334 2014 γίνονται.
3369 1945 3635 2010 Πολλάκις
3654 1947 3762 2017 γάρ

2188 2027 2345 2097 δίκην
2382 2026 2589 2081 διδόασι
2619 2028 2719 2097 τῆς
2749 2028 3013 2099 ἁρπαγῆς
3056 2029 3150 2083 καὶ
3186 2028 3289 2098 τῆς
3322 2027 3639 2093 πλεονεξίας
3670 2029 3762 2081 τὸν

2188 2109 2366 2180 ἄωρον
2396 2109 2626 2163 θάνατον
2651 2111 2747 2163 καῖ¹
2777 2111 2838 2163 τὸ
2858 2112 2966 2164 τῶν
2991 2114 3285 2183 κτημάτων
3321 2113 3396 2182 μὴ
3426 2111 3757 2175 ἀπολαῦσαι,

2187 2193 2322 2247 ἀλλά
2355 2194 2574 2264 μικρὸν,
2617 2194 2710 2247 καὶ
2752 2194 2849 2264 τὴν
2890 2194 3115 2263 γέενναν
3163 2193 3422 2247 ἀπελθεῖν
3468 2193 3758 2256 λαϐόνταςο

2189 2274 2446 2340 πολλάκις
2484 2276 2540 2330 δὲ
2562 2278 2656 2330 καὶ
2679 2276 2787 2330 ἀπὸ
2815 2277 2914 2348 τῆς
2948 2278 3157 2348 τρυφῆς
3197 2278 3291 2330 καὶ
3316 2276 3423 2330 ἀπὸ
3450 2275 3559 2329 τῶν
3585 2277 3761 2329 πόνων

2188 2359 2284 2412 καὶ
2313 2359 2421 2412 ἀπὸ
2449 2359 2557 2413 τῶν
2585 2361 2882 2429 φροντίδων
2909 2360 3096 2423 νόσους
3129 2361 3379 2423 τεκόντες
3404 2359 3431 2399 δ
3456 2358 3757 2412 ἀπώλοντο.

2200 2442 2542 2513 Ἦϐουλόμην
2578 2443 2770 2513 μαθεῖν
2791 2443 2936 2506 τίνος
2966 2442 3154 2495 ἕνεκεν
3182 2444 3210 2495 ό
3248 2441 3477 2505 πλοῦτος
3511 2440 3762 2494 διεσπούο

2186 2525 2381 2579 δασται
2414 2528 2528 2590 τοῖς
2571 2525 2901 2597 ἀνθρώποις.
2942 2526 3138 2578 Καίτοι
3170 2528 3197 2579 6
3234 2525 3367 2588 Θεὸς
3394 2525 3481 2578 διὰ
3509 2523 3667 2577 τοῦτο
3692 2527 3757 2596 τῇ

2189 2608 2349 2680 φύσει
2393 2609 2591 2682 μέτρον
2625 2610 2718 2662 καὶ
2749 2610 2898 2680 ὅριον
2938 2608 3154 2678 ἔθηκεν,
3196 2609 3282 2662 ἵνα
3324 2607 3593 2680 μηδεμίαν
3622 2607 3758 2677 έχων

2190 2708 2287 2761 μεν
2318 2693 2566 2763 ἀνάγκην
2613 2691 2707 2745 τοῦ
2760 2693 2852 2745 τὸν
2893 2691 3121 2744 πλοῦτον
3171 2690 3471 2762 ἐπιζητεῖν,
3520 2686 3631 2743 οἷον
3677 2692 3760 2743 ἑνὶ

2188 2777 2389 2847 ίματίῳ
2416 2778 2449 2847 ἢ
2490 2778 2587 2830 καὶ
2610 2777 2847 2847 δευτέρῳ
2876 2775 3304 2847 περιϐάλλεσθαι
3347 2776 3411 2828 τὸ
3441 2773 3601 2845 σῶμα
3632 2774 3758 2827 ἐκέ-

2184 2859 2363 2923 λευσε,
2391 2862 2486 2913 καὶ
2510 2859 2766 2930 περιττοῦ
2793 2861 2853 2912 οὑ
2872 2860 3031 2931 χρεία
3059 2859 3198 2929 πρὸς
3218 2858 3318 2928 τὴν
3340 2858 3573 2927 σκέπην.
3601 2857 3759 2921 Τίνος

2185 2943 2374 2995 ἕνεκεν
2405 2943 2474 2997 τά
2508 2943 2677 3014 μυρία
2704 2943 2917 3013 ἱμάτια,
2949 2943 3134 2995 καὶτὰ
3160 2941 3512 3013 σητόϐρωτα;
3544 2943 3759 3011 Μέτρον

2182 3025 2490 3095 ὡρισμένον
2520 3026 2638 3078 ἐστὶ
2665 3026 2766 3093 τῆς
2794 3025 3057 3095 γαστρὸς,
3092 3025 3187 3078 καὶ
3214 3024 3359 3094 πέρα
3381 3022 3572 3077 τούτου
3605 3024 3759 3077 δοθὲν

2184 3109 2241 3174 ἐξ
2268 3108 2514 3179 ἀνάγκης
2548 3106 2820 3179 διέφθειρε
2846 3108 2907 3160 τὸ
2941 3109 3050 3160 πᾶν
3087 3107 3225 3171 ζῶον
3250 3123 3263 3137 '
3299 3107 3444 3171 τίνος
3483 3106 3670 3160 ἕνεκεν
3698 3109 3756 3160 αί

2183 3190 2378 3258 ἀγέλαι
2412 3191 2506 3244 καὶ
2534 3191 2603 3244 τὰ
2631 3191 2858 3260 ποίμνια
2884 3192 2978 3246 καὶ
2998 3191 3056 3244 αἱ
3080 3188 3188 3242 τῶν
3208 3189 3389 3262 κρεῶν
3414 3191 3757 3260 κατακοπαί;

2181 3275 2328 3338 Μιᾶς
2361 3274 2558 3344 στέγης
2595 3273 2870 3345 χρῄζομεν
2894 3289 2907 3303 ·
2947 3273 3095 3337 τίνος
3128 3273 3313 3326 ἕνεκεν
3352 3273 3402 3326 οἱ
3437 3272 3757 3343 περίϐολοι,

2182 3358 2278 3410 καὶ
2303 3358 2371 3410 τὰ
2390 3356 2659 3428 πολυτελῆ
2687 3356 3006 3426 οἰκημάτων
3030 3372 3045 3421 ;
3092 3356 3180 3409 ἵνα
3209 3357 3385 3424 γῦπες
3429 3359 3522 3410 καὶ
3558 3356 3760 3410 κολοιοὶ

2183 3440 2499 3503 κατοικῶσι,
2535 3442 2661 3503 τοὺς
2690 3441 2931 3511 πένητας
2961 3439 3255 3505 ἀποδύεις;
3297 3439 3409 3493 Καὶ
3452 3440 3627 3508 πόσης
3655 3440 3759 3493 οὐκ

2182 3522 2307 3590 ἄξια
2340 3523 2514 3576 ταῦτα
2556 3523 2779 3592 γεέννης
2804 3540 2819 3586 ς
2866 3523 3059 3575 Πολλοὶ
3114 3521 3378 3586 πολλάκις
3409 3523 3490 3586 είς
3516 3524 3716 3586 τόπους
3739 3564 3756 3587 ,

2183 3607 2278 3667 οὓς
2315 3608 2437 3660 οὐδὲ
2483 3602 2643 3671 εἶδον,
2694 3607 2839 3659 κίοσι
2884 3607 2981 3660 καὶ
3024 3605 3194 3670 λίθοις
3244 3606 3561 3678 πολυτίμοις
3604 3608 3757 3661 οίκο-

2178 3688 2471 3760 δομήματα
2526 3689 2971 3759 ὲξαστράπτοντα
3031 3690 3463 3761 κατεργάζονται
3515 3690 3588 3761 (τί
3643 3689 3756 3760 γάρ

2178 3773 2280 3825 οὐκ
2320 3771 2821 3843 ἐμηχανήσαντο;)
2873 3772 2968 3825 καὶ
3017 3772 3138 3826 οὐδὲ
3191 3773 3346 3826 αὐτο)⁸
3392 3772 3708 3826 ἀπέλαυσαν
3738 3814 3755 3837 ,

2179 3855 2303 3909 οὐδὲ
2334 3855 2483 3909 ἄλλοι
2520 3856 2664 3919 τινές
2685 3871 2696 3882 ·
2725 3858 2757 3926 ἡ
2794 3855 2902 3925 γάρ
2932 3856 3136 3927 ἐρημία
3158 3857 3260 3909 οὐκ
3291 3857 3515 3927 ἀφίησιν
3555 3857 3759 3919 αὐτους

2180 3937 2475 3992 ἀπελθεῖνο
2524 3940 2619 3992 καὶ
2669 3939 2789 3992 οὐδὲ
2842 3938 3016 4002 οὑτως
3068 3939 3414 4008 ἀφίστανται.
3469 3940 3631 4012 Ὀρᾷς
3669 3940 3757 3996 ὃτι

2179 4021 2299 4074 οὐδὲ
2329 4020 2715 4094 χρηματισμοῦ
2737 4021 2925 4076 ἕνεκεν
2944 4021 3116 4075 ταῦτα
3142 4023 3384 4092 γίνεται;
3423 4022 3583 4075 Ἀλλά
3612 4023 3755 4076 πάν-

2178 4120 2289 4157 των
2316 4104 2521 4158 τούτων
2566 4103 2722 4158 ἄνοια
2749 4105 2844 4158 καὶ
2876 4104 3071 4175 ἀλογία
3113 4106 3208 4160 καὶ
3252 4105 3528 4172 κενοδοξία
3562 4106 3713 4161 αἰτία
3737 4124 3753 4139 ’

2176 4186 2266 4258 ἢν,
2306 4187 2632 4259 παρακαλῶ,
2667 4187 2949 4258 φύγωμεν,
2995 4189 3082 4242 ἵνα
3115 4188 3183 4242 τά
3207 4188 3343 4243 ἄλλα
3374 4192 3563 4259 φυγεῖν
3588 4188 3755 4260 δυνη-

2176 4269 2359 4340 θῶμεν
2391 4269 2536 4323 κακά
2562 4311 2577 4335 ,
2613 4272 2707 4325 καὶ
2760 4272 2868 4325 τῶν
2918 4273 3347 4344 ἐπηγγελμένων
3392 4272 3611 4341 ἀγαθῶν
3640 4275 3753 4336 τοῖς

2174 4354 2464 4422 ἀγαπῶσιν
2486 4355 2651 4410 αὐτὸν
2673 4358 2877 4427 τυχεῖν,
2915 4358 2973 4410 ὲν
3002 4357 3225 4429 Χριστῷ
3259 4357 3435 4428 Ἰησοῦ
3459 4356 3534 4430 τῷ
3558 4356 3753 4431 Κυρίῳ

2176 4437 2357 4510 ἡμῶν·

2238 4562 2266 4603 b
2292 4559 2409 4623 Alii,
2428 4562 2587 4619 νόσοις
2606 4564 2950 4627 περιπεσόντες.
