4060 6400
307 342 370 397 2|
1235 348 1301 406 IN
1340 349 1555 407 EPIST.
1599 350 1692 405 AD
1735 347 1975 403 EPIIES.
2019 347 2170 403 CAP.
2216 348 2253 403 1.
2300 348 2529 407 llOMIL.
2572 350 2637 406 ll.
3511 359 3583 412 23

308 473 398 529 tiei
426 480 482 543 et
507 471 787 527 socordize.
820 470 981 539 quue
1006 470 1084 525 sie
1110 469 1391 523 didiceris:
1424 467 1551 538 quid
1582 466 1745 527 enim,
1776 463 1883 529 die,

304 581 523 636 quaeso,
564 572 648 619 est
691 562 992 629 difﬁcilius,
1048 562 1174 632 quid
1216 561 1594 630 injucundius,
1636 567 1892 611 noctesne

308 660 459 713 obire
478 657 787 727 vigilantem
810 666 862 711 et
883 670 1065 710 muros
1087 654 1371 725 perfudere
1389 653 1508 706 etin
1530 650 1764 705 tenebris
1785 664 1890 701 am-

306 752 513 814 bulare.
544 759 599 804 et
622 750 854 803 animam
884 748 1082 802 habere
1114 748 1166 800 in
1193 747 1457 809 manibus,
1488 755 1542 799 et
1569 743 1887 797 instructum

304 858 424 898 esse
448 844 513 896 ad
541 841 741 897 caedem
763 880 779 905 ,
812 850 866 893 et
893 849 1121 893 tremere
1145 847 1198 893 et
1225 839 1358 892 mori
1388 845 1534 890 metu
1559 849 1576 901 ;
1609 849 1675 887 an
1704 832 1886 902 quoti-

303 937 476 990 diauis
521 938 739 1004 operam
783 933 913 988 dare
958 931 1259 995 laberihus,
1305 939 1359 984 et
1390 929 1441 981 in
1471 937 1583 981 tuto
1613 940 1733 980 esse
1768 939 1887 977 cum

302 1028 629 1086 securitate?
677 1029 789 1083 Hoc
829 1036 911 1082 est
962 1026 1115 1081 facile
1147 1044 1158 1077 :
1191 1034 1246 1079 et
1283 1024 1403 1095 quia
1436 1021 1538 1076 hoc
1582 1030 1665 1075 est
1694 1018 1849 1074 facile
1870 1060 1885 1086 ,

302 1125 487 1193 plures
518 1123 619 1176 hoc
642 1120 877 1185 faciunt,
908 1134 1065 1189 quam
1098 1118 1247 1173 illud.

370 1217 427 1271 4.
454 1214 628 1268 Vim};
656 1224 728 1268 est
752 1214 1026 1266 secundum
1056 1222 1312 1272 naturam,
1337 1210 1514 1263 vitium
1532 1207 1709 1261 contra
1739 1212 1887 1259 natu-

301 1318 433 1362 ram.
447 1306 801 1361 Juramentum
824 1315 902 1359 est
926 1316 1373 1372 supervacaneum.
1406 1301 1595 1355 Contra
1615 1300 1885 1353 avaritiam

301 1410 350 1454 et
377 1400 610 1470 rapiendi
630 1399 973 1468 cupiditatem.
1001 1426 1075 1436 --
1103 1395 1266 1451 Vides
1296 1395 1434 1465 quod
1465 1394 1756 1450 secundum
1790 1410 1886 1446 na-

304 1503 479 1545 turam
530 1489 746 1561 quidem
805 1490 877 1543 sit
927 1489 1095 1543 virtus
1122 1530 1137 1551 ,
1183 1497 1379 1557 praeter
1423 1496 1667 1541 naturam
1705 1496 1881 1541 autem

303 1582 495 1637 vitium
514 1623 527 1645 ,
558 1582 696 1635 sicut
738 1581 955 1634 morbus
974 1588 1030 1634 et
1058 1580 1301 1633 Sanitas?
1327 1579 1465 1645 Quid
1494 1595 1624 1633 vero
1668 1579 1883 1632 mentiri

300 1685 356 1728 et
383 1675 645 1743 pejerare,
660 1688 943 1742 quamuam
971 1672 1201 1725 habeant
1220 1672 1629 1726 necessitatem?
1649 1670 1878 1735 Nullam,

300 1781 405 1821 nec
436 1767 570 1830 vim;
599 1767 693 1820 sed
724 1766 971 1820 lubenter
998 1766 1063 1818 ad
1093 1765 1143 1819 id
1177 1766 1441 1819 venimus.
1474 1763 1658 1828 Nobis,
1688 1763 1879 1832 inquit,

302 1856 437 1912 ﬁdes
461 1873 567 1912 non
599 1857 843 1913 habetur.
866 1857 1025 1912 Fides
1067 1872 1171 1911 non
1202 1856 1428 1911 habetur
1450 1898 1465 1923 ,
1500 1856 1750 1926 quoniam
1790 1868 1885 1909 vo-

298 1951 477 2004 lumus
508 1952 753 2014 :_licebat
794 1953 938 2006 enim
968 1951 1124 2005 nobis
1164 1952 1335 2020 magis
1386 1951 1547 2006 ﬁdem
1579 1950 1763 2005 haberi
1811 1964 1879 2005 ex

297 2044 537 2098 muribus
558 2089 571 2108 ,
619 2061 779 2113 quam
818 2048 884 2099 ex
910 2046 1254 2114 jnramentis.
1277 2046 1407 2100 Nam
1436 2061 1564 2104 cur.
1592 2046 1679 2099 dic
1706 2043 1833 2098 mihi
1860 2085 1876 2111 ,

243 2172 251 2183 .
296 2136 415 2191 aliis
462 2153 529 2191 ne
567 2138 873 2205 jttrantihus
918 2137 1136 2206 quidem
1186 2141 1493 2204 credimus;
1527 2139 1663 2191 alios
1699 2145 1878 2191 autem

295 2232 455 2285 etiam
486 2230 744 2300 injuratns
796 2229 899 2284 ﬁd‘e
944 2231 1135 2300 dignos
1182 2232 1507 2285 censemus?
1540 2231 1698 2286 Vides
1735 2230 1879 2299 quod

294 2336 629 2392 nequaquam
679 2338 813 2391 opus
856 2324 926 2377 sit
968 2323 1328 2393 jurameutis?
1372 2324 1429 2377 Si
1479 2324 1565 2379 hIC
1619 2333 1712 2378 aut
1748 2325 1874 2391 ille,

293 2416 496 2485 inquit,
546 2416 774 2480 dixerit,
822 2418 985 2472 credo
1033 2419 1194 2471 etiam
1227 2417 1491 2486 injurato;
1524 2418 1614 2471 tibi
1659 2428 1873 2483 autem,

296 2521 397 2561 nec
444 2506 492 2561 si
535 2508 819 2575 jnraveris.
856 2509 948 2562 Est
974 2524 1106 2579 ergo
1154 2510 1517 2578 juramentum
1560 2526 1877 2580 supervaca-

292 2613 490 2662 neum;
536 2611 589 2653 et
616 2598 716 2653 hoc
742 2610 823 2653 eSt
863 2602 1029 2670 magis
1058 2612 1430 2671 argumentum
1483 2604 1873 2658 incredulitatis

288 2705 451 2760 quam
483 2691 625 2745 lidei.
656 2692 953 2747 Proclivem
995 2695 1137 2747 enim
1166 2710 1287 2749 esse
1314 2697 1379 2749 ad
1412 2697 1699 2765 juraudum
1719 2740 1732 2762 ,
1766 2714 1870 2751 non

290 2786 419 2840 sinit
444 2795 503 2841 ut
528 2786 668 2841 bona
698 2789 1031 2857 concipiatur
1078 2791 1259 2856 Opinio
1304 2790 1538 2859 pietatis.
1566 2791 1742 2858 Quare
1780 2794 1868 2861 qui

292 2878 526 2933 maxime
570 2880 926 2948 jurejurando
978 2882 1191 2936 assidue
1235 2883 1431 2945 utitur,
1490 2884 1534 2936 is
1580 2883 1870 2950 juramenti

292 2983 446 3023 usum
488 2984 821 3038 nequaquam
867 2970 1028 3025 habet
1074 2973 1438 3026 necessarium
1491 2991 1504 3026 :
1552 2975 1643 3043 qui
1689 2984 1867 3029 autem

290 3062 513 3117 minime
537 3064 723 3129 utitur,
754 3063 799 3117 is
822 3063 938 3132 ejus
967 3079 1065 3118 usu
1088 3064 1302 3119 fruitur.
1330 3066 1715 3121 Juramentnne
1735 3081 1870 3137 opus

288 3163 373 3207 est
415 3163 471 3208 ut
513 3147 805 3209 credatur?
829 3156 1044 3211 Minime
1075 3174 1088 3210 :
1122 3157 1368 3211 videmus
1412 3159 1553 3211 cnim
1601 3146 1748 3228 quod
1779 3162 1867 3230 qui

287 3260 394 3298 non
429 3245 612 3315 jurant
635 3287 650 3310 ,
681 3247 747 3301 iis
774 3248 1006 3304 maxime
1048 3249 1305 3303 creditur.
1349 3250 1454 3306 Sed
1488 3249 1651 3321 quid?
1680 3263 1869 3306 contu-

285 3338 564 3393 meliosum
582 3353 701 3393 esse
724 3347 807 3394 est
832 3340 1170 3395 necessitatis
1186 3343 1210 3391 γ
1234 3341 1413 3405 Certe,
1446 3342 1615 3412 inquit
1644 3360 1659 3400 :
1690 3354 1870 3399 movet

284 3430 429 3483 enim
463 3431 540 3483 ira
569 3439 624 3484 et
650 3431 974 3497 inﬂammat,
1003 3448 1102 3487 nec
1133 3432 1262 3487 sinit
1311 3444 1367 3486 ut
1393 3436 1610 3504 quietus
1638 3444 1693 3490 et
1721 3444 1869 3490 tran-

285 3523 484 3593 quillus
512 3525 584 3579 sit
601 3525 832 3582 animus.
854 3526 1192 3583 Centumelia
1223 3528 1460 3593 allicere,
1482 3544 1514 3581 ο
1543 3528 1726 3595 homo,
1759 3545 1865 3583 non

285 3625 368 3669 est
398 3617 492 3670 ira:
515 3658 529 3680 ,
557 3618 650 3673 sed
678 3617 966 3672 simultatis
996 3635 1012 3671 :
1046 3620 1090 3673 si
1120 3628 1298 3674 autem
1340 3629 1483 3674 esset
1518 3619 1611 3673 irae
1633 3660 1647 3686 ,
1678 3634 1865 3674 omnes

285 3706 532 3762 hemines
580 3708 873 3764 irascentes
903 3724 1012 3764 non
1068 3710 1485 3765 intermitterent
1541 3713 1863 3766 contumelia

282 3798 520 3855 afﬁcere.
546 3799 683 3855 Iram
711 3801 969 3856 habemus
989 3844 1003 3867 ,
1030 3819 1135 3856 non
1168 3811 1225 3855 ut
1247 3805 1519 3871 proximos
1538 3804 1864 3858 contumelia

282 3891 582 3947 afﬁciamus
606 3934 621 3957 ,
649 3894 745 3947 sed
772 3901 830 3948 ut
858 3908 953 3950 eos
981 3896 1071 3965 qui
1104 3903 1325 3965 peccant
1363 3906 1739 3952 convertamus
1763 3937 1779 3963 ,
1810 3905 1869 3951 ut

281 3998 380 4037 nus
404 3985 720 4052 excitemus,
752 4002 821 4041 ne
849 3987 1015 4042 simus
1041 3987 1213 4058 ignavi
1243 3987 1555 4045 ethebetes.
1586 3989 1664 4043 Ira
1709 3990 1865 4045 nobis

283 4078 423 4131 inest
452 4088 723 4148 tamquam
764 4079 978 4150 quidam
1006 4081 1285 4150 stimulus,-
1314 4092 1374 4137 ut
1398 4083 1653 4137 adversus
1676 4083 1865 4137 diabo-

282 4168 390 4224 lum
416 4171 666 4228 dentibus
698 4174 1021 4231 strideamus
1044 4218 1058 4243 ,
1076 4185 1134 4230 ut
1161 4178 1211 4229 in
1241 4192 1364 4231 eum
1386 4177 1555 4233 simus
1576 4179 1864 4234 vehemen-

282 4271 396 4318 tes:
424 4280 530 4318 non
558 4274 617 4320 ut
644 4265 783 4322 alter
810 4267 860 4321 in
889 4268 1113 4323 alterum
1140 4278 1369 4325 stemus.
1395 4270 1557 4326 Arma
1581 4270 1861 4337 habemus,

280 4364 387 4409 non
416 4364 475 4409 ut
500 4373 600 4411 nos
648 4358 792 4427 ipsos
821 4358 965 4414 bello
1003 4361 1355 4428 impetamus,
1385 4361 1480 4416 sed
1509 4373 1565 4416 ut
1606 4362 1863 4419 adversus

282 4447 492 4501 hostem
522 4460 733 4503 utamur
763 4462 1051 4506 armatura.
1083 4451 1226 4506 Esne
1250 4453 1579 4508 iracundus?
1608 4454 1696 4509 Sis
1745 4456 1864 4509 talis

279 4539 538 4594 adversus
569 4552 651 4593 tua
685 4552 899 4609 peccata
924 4583 938 4608 ,
975 4544 1188 4610 increpa
1210 4544 1469 4607 animum,
1502 4545 1709 4615 ﬂagella
1735 4561 1865 4600 con-

280 4631 563 4685 scientiam
598 4649 613 4688 :
641 4634 716 4687 sis
736 4635 1028 4689 vehemens
1069 4635 1268 4705 judex,
1312 4647 1365 4691 et
1406 4636 1635 4692 acerbus
1664 4638 1865 4694 arbiter

277 4722 333 4776 in
361 4730 449 4776 tua
478 4733 717 4792 peccata.
743 4725 854 4780 Hoc
876 4736 960 4781 est
989 4728 1195 4781 lucrmn
1237 4728 1330 4783 ira:
1356 4746 1368 4781 :
1396 4738 1676 4799 propterea
1722 4729 1863 4785 Deus

277 4829 398 4868 eam
442 4816 599 4871 nobis
654 4816 867 4871 indidit.
907 4818 977 4872 At
1022 4820 1206 4888 rapina
1256 4828 1341 4874 est
1382 4835 1448 4874 ex
1495 4820 1863 4876 necessitate?

277 4907 669 4978 Nequaquam:
711 4910 840 4980 quid
886 4913 1027 4966 enim
1083 4922 1203 4978 est,
1260 4913 1347 4967 die
1388 4928 1608 4984 quazso,
1641 4930 1861 4969 necesse

277 5002 515 5071 rapere?
540 5018 788 5073 quaenam
814 5005 896 5058 vis
924 5013 975 5058 te
1006 5005 1275 5073 impellit?
1306 5006 1620 5075 Paupertas,
1662 5006 1851 5076 inquit.

276 5101 332 5148 et
356 5094 517 5147 timor
544 5094 612 5149 de
638 5094 799 5149 rebus
829 5098 1167 5151 necessariis.
1193 5096 1272 5151 Tu
1312 5105 1596 5167 prepterea
1641 5099 1854 5168 quidem

275 5194 426 5239 certe
454 5200 558 5239 non
586 5186 749 5241 debes
789 5202 982 5255 rapere
1014 5206 1026 5241 :
1057 5204 1163 5242 non
1208 5198 1335 5243 sunt
1367 5192 1510 5243 enim
1541 5190 1764 5245 stabiles
1802 5200 1857 5244 et

275 5274 445 5329 ﬁrma:
488 5276 748 5346 ejusmodi
794 5278 1012 5333 divitlm.
1033 5279 1112 5333 Tu
1140 5291 1314 5335 autem
1343 5280 1481 5335 idem
1504 5281 1665 5344 facis.
1693 5290 1853 5353 atque

275 5366 319 5420 si
350 5368 470 5437 quis
498 5380 712 5439 rogatus
736 5386 831 5427 cur
863 5372 915 5425 in
943 5385 1107 5425 arena
1152 5370 1342 5429 domus
1366 5370 1716 5429 fundamenta
1772 5372 1857 5443 ja-

1997 463 2123 529 eiat,
2153 463 2334 528 dicat,
2362 465 2587 536 Propter
2614 466 2780 537 frigus
2814 478 2868 523 et
2908 480 3125 539 propter
3154 471 3407 542 pluviam.
3445 473 3580 529 Pro-

1998 566 2116 623 pter
2146 557 2246 611 hoc
2274 557 2489 625 quidem
2520 560 2666 615 cerie
2693 575 2799 614 non
2821 563 3104 631 oportebat
3129 564 3475 621 fundamenta
3497 567 3582 637 ja~

1995 664 2121 703 cere
2149 650 2200 703 in
2232 667 2396 706 arena
2428 669 2441 705 :
2472 668 2534 706 ea
2565 653 2710 707 enim
2739 654 2847 709 cito
2871 666 3122 711 evertunt
3156 668 3212 713 et
3237 660 3487 727 procellae
3524 662 3583 715 et

1994 743 2161 797 venti.
2186 742 2364 810 Quare
2410 743 2456 798 si
2504 746 2589 799 vis
2628 761 2751 801 esse
2777 745 2965 811 dives,
3001 764 3069 804 ne
3099 750 3175 804 sis
3224 766 3449 817 avarus,
3479 758 3583 806 nec

1996 833 2147 902 plura
2191 833 2422 889 habendi
2453 836 2701 906 cupidus.
2723 836 2778 893 Si
2809 838 2890 893 vis
2918 840 3045 894 liliis
3075 841 3287 898 tradere
3321 842 3578 908 divitias,

1996 927 2208 994 posside
2230 928 2432 995 justas,
2458 930 2502 983 si
2531 930 2652 984 ulla:
2681 930 2789 985 sint
2815 932 2949 987 tales
2982 950 2997 986 :
3032 949 3111 987 ea‘.
3134 934 3277 988 enim
3309 947 3531 991 manent
3563 978 3579 999 ,

1994 1028 2243 1088 stantque
2295 1020 2462 1076 ﬁrmae
2490 1036 2554 1076 ac
2597 1024 2854 1089 stabiles;
2909 1040 3029 1095 quae
3076 1036 3256 1081 autem
3305 1045 3410 1082 non
3453 1036 3581 1082 sunt

1992 1111 2254 1181 ejusmodi
2283 1154 2298 1181 ,
2330 1115 2439 1169 cito
2486 1125 2712 1185 pereunt
2741 1125 2796 1172 et
2838 1118 3125 1174 intereunt.
3158 1120 3250 1173 Dic
3297 1120 3425 1174 mihi
3453 1161 3468 1187 ,
3497 1122 3580 1174 vis

1991 1218 2110 1258 esse
2134 1204 2285 1259 dives
2306 1247 2319 1267 ,
2349 1216 2401 1259 et
2430 1223 2548 1276 quze
2566 1218 2693 1262 sunt
2715 1210 2943 1263 aliorum
2973 1212 3260 1280 accipere?
3282 1212 3443 1282 Atqui
3473 1211 3579 1267 huc

1992 1308 2099 1355 non
2128 1312 2213 1356 est
2258 1303 2486 1369 divitiae,
2520 1304 2616 1359 sed
2665 1305 2943 1372 possidere
2971 1321 3092 1377 qua:
3139 1318 3262 1361 sunt
3311 1308 3523 1377 propria
3558 1324 3575 1361 ς

1992 1394 2082 1462 qui
2112 1404 2289 1449 autem
2320 1394 2482 1451 habet
2511 1398 2685 1452 aliena
2706 1440 2721 1463 ,
2767 1414 2872 1452 non
2916 1398 3078 1453 fuerit
3120 1400 3289 1454 dives.
3320 1400 3453 1455 Nam
3497 1401 3579 1456 sic

1994 1486 2154 1539 etiam
2184 1490 2275 1556 qui
2305 1488 2543 1542 vendunt
2573 1490 2766 1555 serica,
2797 1500 2855 1545 et
2882 1492 3202 1546 vestimenta
3232 1492 3300 1546 ab
3333 1492 3453 1547 aliis
3478 1508 3577 1547 ac~

1991 1582 2216 1650 cipiunt,
2232 1582 2598 1650 opulentiores
2616 1593 2670 1637 et
2690 1584 2915 1639 ditiores
2939 1584 3046 1639 dici
3076 1593 3366 1654 poterunt:
3394 1600 3573 1658 quam:

1993 1675 2069 1728 vis
2092 1674 2158 1728 ad
2175 1684 2383 1743 tempus
2399 1689 2585 1729 eorum
2609 1676 2717 1731 sint
2734 1676 2856 1731 :sed
2882 1685 3059 1730 tamen
3078 1692 3172 1731 eos
3196 1691 3301 1731 non
3332 1678 3574 1747 appellas

1991 1782 2111 1820 mus
2134 1767 2343 1821 divites.
2373 1768 2732 1834 Quamobrem
2755 1771 2779 1821 ’ἒ
2804 1769 3066 1836 Quoniam
3098 1770 3431 1840 habentque:
3449 1777 3575 1823 sunt

1989 1857 2183 1912 aliena.
2234 1857 2365 1912 Nam
2395 1860 2494 1913 etsi
2544 1875 2730 1913 eorum
2774 1870 2899 1914 sunt
2933 1861 3290 1924 vestimenta,
3333 1876 3441 1915 non
3490 1871 3575 1917 est

1989 1960 2168 2006 tamen
2199 1968 2384 2006 eorum
2414 1954 2640 2021 pretium
2678 1973 2690 2007 :
2720 1954 2863 2024 quod
2884 1955 2927 2008 si
2957 1956 3115 2009 etiam
3146 1955 3216 2010 sit
3235 1970 3419 2011 eorum
3445 1971 3569 2025 pre-

1988 2044 2155 2108 tium,
2188 2060 2293 2097 non
2322 2058 2448 2098 sunt
2495 2046 2577 2100 ltze
2622 2046 2848 2101 divitiae.
2885 2046 2943 2101 Si
2989 2057 3168 2103 autem
3209 2063 3330 2118 quae
3376 2048 3574 2103 dantur

1987 2144 2168 2189 mutua
2205 2150 2310 2189 non
2340 2136 2543 2190 faciunt
2588 2137 2785 2191 divites
2812 2179 2827 2203 ,
2870 2150 2937 2192 eo
2964 2139 3107 2208 quod
3135 2153 3234 2194 nos
3260 2139 3369 2195 cito
3398 2141 3465 2195 ab
3493 2141 3573 2194 eis

1986 2227 2301 2281 recedamus
2333 2245 2347 2280 ι
2374 2243 2494 2298 quae
2519 2239 2645 2283 sunt
2669 2244 2737 2284 ex
2754 2232 2939 2301 rapina
2960 2235 3231 2302 quomodo
3259 2233 3462 2288 faciunt
3485 2233 3573 2288 die

1987 2318 2175 2373 vites?
2203 2318 2260 2373 Si
2288 2329 2468 2373 autem
2496 2323 2578 2375 vis
2602 2322 2822 2376 omnino
2853 2338 2976 2378 esse
3005 2323 3194 2391 dives;
3226 2341 3400 2396 neque
3426 2327 3570 2382 enim

1983 2426 2045 2464 ea
2077 2426 2164 2466 res
2186 2421 2272 2466 est
2299 2414 2632 2468 necessitatis
2659 2431 2924 2485 :quanam
2950 2433 3011 2472 re
3040 2419 3121 2471 vis
3148 2418 3249 2472 frui
3271 2420 3573 2489 ampliore?

1984 2504 2162 2557 vitane
2206 2505 2431 2575 longiori
2468 2506 2492 2557 ?
2534 2509 2693 2577 Atqui
2741 2510 2830 2578 qui
2882 2510 3017 2564 tales
3063 2520 3225 2576 sunt,
3270 2527 3396 2566 mox
3436 2516 3572 2567 ﬁunt

1982 2598 2105 2650 vitre
2138 2596 2335 2651 brevis.
2371 2599 2527 2669 Saepe
2554 2600 2699 2653 enim
2733 2601 2864 2654 dant
2911 2616 3099 2669 paruas
3124 2603 3329 2671 rapina:
3356 2613 3411 2659 et
3438 2620 3567 2657 ava-

1984 2691 2154 2755 ritiae,
2208 2692 2350 2759 quod
2397 2704 2571 2746 morte
2623 2693 2906 2747 immatura
2952 2696 3287 2759 moriantur,
3321 2704 3377 2750 et.
3420 2696 3563 2765 quod

1980 2786 2413 2853 possessionibus
2445 2804 2549 2840 non
2581 2786 2827 2841 fruantur
2853 2788 2952 2841 nisi
2984 2803 3169 2857 parum
3194 2828 3210 2852 ,
3241 2798 3296 2842 et
3321 2788 3568 2859 gehenna

1977 2886 2198 2946 accepta
2245 2878 2546 2932 excedant:
2578 2892 2723 2947 saepe
2753 2879 2917 2933 etiam
2959 2894 3027 2933 ex
3055 2878 3264 2934 deliciis
3301 2889 3358 2934 et
3392 2894 3457 2934 ex
3484 2881 3566 2934 la-
3595 2950 3597 2953 ι

1976 2966 2197 3021 boribus
2220 2977 2276 3022 et
2295 2984 2361 3023 ex
2387 2969 2842 3025 sollicitudinibus
2859 2971 3064 3026 morbis
3088 2971 3251 3041 partis
3264 2973 3561 3042 perierunt.
3594 3008 3597 3013 ς

1979 3060 2182 3116 Vellem
2212 3062 2350 3115 scire
2378 3076 2608 3131 quanam
2648 3062 2719 3117 de
2762 3077 2925 3117 causa
2953 3063 3188 3118 studium
3220 3074 3428 3133 ponunt
3454 3064 3567 3119 'bo-

1976 3154 2151 3209 mines
2177 3154 2230 3208 in
2269 3155 2491 3211 divitiis.
2523 3155 2685 3226 Atqui
2713 3157 2855 3212 Deus
2900 3168 3183 3226 propterea
3213 3167 3418 3211 natura:
3449 3174 3566 3213 mo-

1974 3247 2101 3303 dum
2131 3254 2309 3319 posuit
2335 3262 2386 3303 σφι
2415 3250 2726 3313 terminum,
2758 3266 2826 3306 ne
2855 3250 3018 3305 ullam
3045 3250 3338 3305 habeamus
3370 3266 3562 3306 neces-

1975 3342 2190 3397 sitatem
2236 3343 2546 3413 requirendi
2598 3342 2858 3397 divitias:
2887 3358 3082 3412 nempe
3128 3352 3281 3397 veste
3328 3358 3429 3395 una
3470 3352 3564 3398 aut

1974 3438 2143 3490 altera
2165 3434 2326 3504 jussit
2352 3450 2549 3505 corpus
2578 3436 2748 3499 indui,
2778 3449 2880 3490 nec
2906 3450 2995 3498 eo,
3023 3433 3168 3504 quod
3197 3444 3278 3488 est
3305 3449 3563 3502 superva-

1973 3539 2219 3590 caneum,
2247 3541 2383 3597 opus
2407 3536 2491 3580 est
2531 3527 2598 3580 ad
2644 3535 3034 3595 tegumentum.
3067 3524 3334 3591 Quorsum
3383 3534 3562 3579 vestes

1971 3616 2417 3684 innumerabiles,
2465 3626 2520 3672 et
2550 3633 2670 3688 qu:e
2723 3617 3025 3672 exeduntur
3076 3631 3107 3670 a
3152 3615 3349 3671 tineis?
3378 3616 3561 3671 Ventri

1971 3719 2152 3763 certus
2196 3708 2389 3763 modus
2435 3719 2520 3764 est
2568 3711 2929 3771 constitutus,
2962 3718 3018 3763 et
3054 3708 3198 3778 quod
3249 3709 3386 3763 ultra
3432 3724 3560 3764 eum

1972 3801 2135 3857 fuerit
2160 3801 2341 3856 datum
2367 3842 2382 3864 ,
2417 3801 2723 3858 necessario
2764 3800 2938 3870 perdit
2960 3810 3017 3855 et
3056 3801 3354 3871 corrumpit
3398 3815 3560 3856 onme

1970 3893 2168 3946 animal
2199 3910 2212 3946 ε
2244 3906 2500 3962 quorsum
2528 3904 2720 3963 greges
2739 3901 2794 3946 et
2821 3901 2952 3947 oves
2976 3933 2994 3958 ,
3021 3898 3077 3946 et
3102 3892 3343 3946 carnium
3387 3891 3560 3946 disse-

1970 3987 2217 4041 ctioues?
2258 3985 2376 4041 Uno
2406 3994 2550 4040 tecto
2577 4001 2714 4055 opus
2740 3984 2999 4039 habemus
3017 4001 3031 4038 :
3048 3999 3275 4055 quanam
3304 3982 3374 4037 de
3396 3998 3558 4037 causa

1971 4089 2097 4134 sunt
2112 4079 2341 4134 ambitus
2355 4088 2410 4133 et
2424 4078 2753 4142 ambulacra,
2767 4086 3187 4147 sumptuosaque
3202 4083 3258 4132 et
3280 4076 3559 4145 magniﬁca

1970 4173 2194 4227 :ediﬁcia
2220 4173 2245 4226 ?
2275 4181 2331 4227 ut
2359 4173 2601 4227 vultures
2630 4179 2685 4225 et
2727 4169 2931 4240 graculi
2962 4166 3241 4233 habitent,
3289 4181 3561 4236 pauperes

1970 4267 2168 4321 exuis?
2211 4266 2474 4333 Quantam
2506 4274 2782 4319 merentur
2806 4261 2924 4317 haec
2948 4261 3249 4332 gehennam
3274 4259 3297 4313 ?
3323 4260 3390 4313 Et
3412 4273 3560 4328 saepe

1972 4361 2123 4414 multi
2153 4360 2206 4414 in
2235 4359 2368 4413 locis
2393 4374 2514 4428 quae
2544 4373 2613 4412 ne
2630 4356 2880 4411 viderunt
2907 4353 3154 4424 quidem,
3180 4352 3422 4408 efﬁciunt
3458 4366 3561 4406 cu-

1971 4454 2213 4516 lumnas,
2244 4462 2299 4507 et
2326 4451 2533 4521 lapides
2581 4449 2740 4504 valde
2785 4449 3085 4520 pretiosos,
3130 4457 3186 4502 et
3232 4447 3559 4515 fulgurantia

1970 4545 2192 4600 :edilicia
2224 4544 2377 4614 (quid
2396 4544 2537 4598 enim
2566 4558 2674 4596 non
2704 4552 2834 4598 sunt
2861 4539 3216 4609 machinati?)
3242 4549 3300 4594 et
3320 4553 3420 4594 nec
3446 4538 3549 4608 ipsi

1969 4640 2185 4710 quidem
2215 4638 2299 4692 his
2330 4638 2409 4691 usi
2438 4650 2583 4702 sunt,
2613 4651 2713 4691 nec
2742 4635 2833 4691 ulli
2863 4634 2957 4689 alii
2982 4651 2996 4687 :
3019 4632 3252 4688 solitudo
3280 4632 3424 4687 enim
3447 4647 3556 4685 non

1970 4732 2100 4787 sinit
2124 4746 2219 4785 eos
2267 4729 2458 4793 abire;
2497 4739 2552 4782 et
2599 4743 2668 4784 ne
2713 4729 2793 4783 sic
2833 4725 3051 4797 quidem
3081 4724 3367 4780 desistunt.
3396 4723 3561 4778 Vides

1970 4822 2112 4892 quod
2146 4837 2246 4877 nec
2295 4820 2407 4876 haec
2440 4820 2657 4891 quidem
2703 4829 2762 4876 ut
2806 4819 2873 4874 iis
2920 4827 3140 4874 utantur
3182 4815 3560 4872 faciant?Sed

1972 4917 2161 4970 horum
2213 4914 2452 4969 omnium
2498 4928 2659 4968 causa
2688 4921 2774 4968 est
2815 4911 3081 4975 amentia,
3110 4919 3166 4965 et
3206 4908 3433 4964 rationis
3460 4906 3558 4961 des

1970 5010 2157 5074 fectus,
2182 5017 2238 5063 et
2255 5007 2423 5078 gloria
2453 5006 2631 5061 inanis
2664 5024 2678 5060 :
2706 5021 2866 5074 quam
2903 5019 3034 5074 rogo
3058 5018 3156 5058 vos
3182 5013 3241 5057 ut
3265 5001 3557 5072 fugiamus,

1968 5111 2027 5156 ut
2056 5101 2163 5155 alia
2211 5114 2425 5170 quoque
2453 5098 2595 5155 mala
2646 5098 2914 5169 possimus
2944 5097 3164 5168 fugere,
3216 5104 3267 5150 et
3299 5090 3559 5161 consequi

1967 5194 2106 5249 bona
2132 5192 2396 5263 promissa
2426 5191 2493 5248 iis
2515 5191 2604 5263 qui
2622 5189 2796 5261 ipsum
2824 5189 3076 5261 diligunt,
3107 5188 3160 5243 in
3186 5183 3402 5243 Christo
3421 5181 3551 5238 .lesu

1968 5283 2193 5340 Domino
2222 5292 2432 5339 nostro.

1649 5620 2210 5650 *ψ-

603 5822 874 5891 ΡΔΤιισι..
919 5831 1034 5892 Gn.
1083 5832 1272 5894 LXII.
