4060 6400
383 348 506 405 "23
1138 352 1193 407 S.
1234 347 1508 407 JO.\NNIS
1541 345 2010 407 CIIRYSOSTOMI
2054 346 2366 409 ARClllEP.
2406 353 2934 417 CONSTANTINOP.
3633 348 3705 405 95

1828 552 2177 615 HOMILIA
2224 557 2331 618 Ill.

436 705 566 760 CAP.
595 707 645 760 1.
676 722 727 762 v.
755 708 842 762 l5.
868 705 1148 777 Propterea
1172 716 1220 760 et
1242 722 1334 777 ego
1358 705 1570 760 audiens
1598 702 1750 771 ﬁdem
1770 709 2010 762 vestram,

507 813 624 865 quae
661 807 733 852 est
776 800 828 851 in
866 797 1065 852 Christo
1108 796 1233 852 Jesu
1259 838 1275 864 ,
1315 807 1361 851 et
1390 796 1707 850 dilectionem
1750 793 1804 845 in
1846 807 2019 846 omnes

505 900 724 953 sanctos,
761 890 847 945 16.
872 906 973 944 non
1002 905 1138 945 cesso
1162 889 1356 960 gratias
1396 904 1555 959 agens
1582 903 1674 956 pro
1704 884 1842 938 vobis
1861 925 1875 943 ,
1907 898 2018 936 me-

507 982 721 1034 moriam
763 982 912 1035 vestri
956 981 1149 1053 faciens
1192 982 1247 1035 in
1287 981 1598 1034 orationibus
1638 980 1797 1043 meis,
1841 978 1929 1032 17.
1960 985 2015 1029 ut

509 1072 646 1126 Deus
676 1072 880 1125 Domini
906 1073 1066 1126 nostri
1088 1072 1215 1126 Jesu
1244 1072 1431 1127 Christi
1458 1111 1473 1136 ,
1503 1070 1661 1124 Pater
1700 1070 1877 1140 gloria:
1896 1109 1910 1133 ,
1934 1068 2015 1120 det

506 1166 643 1220 vobis
663 1168 898 1235 spiritum
924 1167 1186 1235 sapientia:
1208 1175 1257 1221 et
1284 1165 1598 1219 revelationis
1623 1164 1676 1217 in
1702 1162 2011 1234 agnitionem

507 1259 650 1327 ejus,
678 1258 765 1313 18.
794 1258 1107 1312 illuminatos
1129 1258 1301 1312 oculos
1339 1256 1508 1312 cordis
1551 1254 1701 1309 vestri
1723 1296 1737 1319 ,
1762 1262 1817 1306 ut
1838 1252 2014 1306 sciatis

490 1366 620 1420 qua:
660 1352 726 1404 sit
767 1369 880 1421 spes
902 1353 1177 1407 vocationis
1205 1353 1353 1423 ejus,
1385 1361 1433 1406 et
1472 1367 1589 1422 qua:
1626 1350 1812 1404 divitia:
1829 1347 2014 1419 gloria:

495 1443 805 1498 hereditatis
826 1450 935 1514 ejus
960 1445 1013 1498 in
1042 1444 1233 1498 sanctis
1256 1486 1271 1508 ,
1307 1444 1395 1499 19.
1424 1453 1470 1496 et
1493 1458 1607 1513 qua:
1632 1443 1695 1497 sit
1732 1439 2015 1509 superemi‘

494 1552 631 1591 nens
678 1539 976 1608 magnitudo
1000 1540 1198 1593 virtutis
1240 1540 1350 1607 ejus
1387 1540 1441 1591 in
1488 1553 1611 1602 nos,
1639 1535 1725 1606 qui
1763 1533 2013 1588 credimus

506 1631 779 1684 secundum
806 1633 1149 1701 operationem
1198 1631 1438 1701 potentite
1485 1630 1682 1684 virtutis
1725 1630 1868 1699 ejus,
1922 1626 2014 1681 ΞΟ.

505 1741 657 1793 quam
703 1734 943 1793 aperatus
984 1734 1057 1778 est
1105 1724 1158 1777 in
1198 1724 1438 1789 Christo,
1487 1725 1737 1777 suscitans
1797 1721 1943 1774 illum
1990 1734 2021 1771 a

511 1819 744 1870 mortuis.

499 1910 552 1964 1.
568 1908 704 1963 Nihil
719 1909 816 1964 fuit
830 1910 971 1979 quod
990 1922 1167 1980 posset
1180 1911 1315 1978 {equi
1324 1910 1493 1979 parari
1511 1907 2017 1977 visceribusaposto-

439 2005 585 2059 licis:
619 2005 752 2059 nihil
775 2005 872 2059 fuit
887 2005 1059 2060 simile
1078 2005 1532 2060 eommiserationi
1554 2013 1608 2058 et
1628 1999 2020 2057 benevolentia:

438 2096 581 2151 beati
607 2095 779 2162 Pauli,
797 2097 887 2167 qui
913 2112 1101 2152 omnes
1120 2112 1243 2151 suas
1270 2095 1521 2151 fundebat
1546 2109 1733 2164 preces
1762 2109 1863 2163 pro
1884 2093 2017 2147 civi-

439 2190 639 2245 tatibus
668 2197 722 2245 et
742 2190 969 2261 populis.
989 2191 1056 2246 Et
1080 2190 1146 2245 ad
1162 2204 1351 2245 omnes
1372 2191 1477 2244 hoc
1486 2187 1690 2251 scribit,
1709 2186 1817 2241 Deo
1829 2186 2020 2256 gratias

442 2299 541 2351 ago
584 2300 676 2353 pro
702 2283 841 2338 vobis
863 2323 880 2351 ,
916 2284 1209 2338 memoriam
1230 2284 1381 2337 vestri
1419 2281 1611 2352 faciens
1637 2280 1690 2333 in
1708 2276 2019 2333 orationibus

438 2376 583 2430 meis.
607 2374 851 2445 Cogitate
871 2390 1033 2445 quam
1056 2375 1253 2430 multos
1282 2374 1527 2429 habuerit
1568 2373 1624 2427 in
1651 2381 1831 2428 mente
1851 2413 1866 2436 ,
1889 2385 2023 2440 quo-

440 2481 557 2519 nun
587 2477 703 2520 erat
731 2467 895 2521 etiam
926 2465 1145 2521 difﬁcile
1170 2465 1514 2524 meminisse;
1540 2478 1700 2533 quam
1729 2463 2018 2517 multorum

439 2557 775 2614 meminisset
804 2559 855 2613 in
898 2559 1231 2613 orationibus
1281 2572 1381 2628 pro
1406 2557 1658 2611 omnibus
1700 2555 1812 2610 Deo
1857 2568 2023 2624 agens

440 2650 659 2715 gratias,
689 2658 956 2719 tamquam
988 2648 1103 2718 ipse
1123 2648 1369 2703 maximis
1398 2646 1704 2702 afﬁceretur
1723 2645 2021 2701 beneficiis.

444 2742 746 2813 Propterea,
776 2743 973 2814 inquit;
1007 2743 1112 2797 hoc
1143 2750 1244 2806 est,
1273 2750 1494 2813 propter
1518 2739 1777 2803 futurum,
1800 2748 1855 2795 et
1882 2739 2023 2793 bona

391 2844 394 2851 λ
442 2840 675 2910 reposita
701 2838 765 2893 iis
780 2839 868 2908 qui
900 2845 1045 2891 recte
1067 2835 1293 2890 credunt
1312 2844 1367 2890 et
1392 2835 1592 2889 vivunt.
1617 2835 1792 2904 Atque
1812 2847 2023 2903 acquum

442 2933 657 3001 quidem
684 2940 766 2987 est
794 2941 849 2987 et
870 2931 1074 3002 justum
1104 2931 1303 3000 gratias
1342 2944 1503 3001 agere
1532 2929 1675 2995 Deo,
1701 2936 1758 2984 et
1785 2943 1883 2999 pro
1911 2943 2027 2982 om-

400 3031 407 3042 ·
444 3025 601 3078 nibus
628 3039 746 3093 quae
793 3024 863 3079 ab
907 3024 1023 3092 ipso
1064 3022 1259 3077 collata
1290 3031 1415 3077 sunt
1460 3021 1695 3077 humano
1723 3021 2026 3092 generi,‘et

442 3126 601 3171 antea
644 3126 698 3171 et
726 3126 907 3186 postea
934 3135 949 3171 :
977 3132 1187 3187 arquum
1218 3127 1398 3172 autem
1430 3126 1484 3172 et
1508 3117 1708 3187 justum
1736 3125 1821 3171 est
1858 3115 2021 3171 etiam

403 3236 416 3257 .-
445 3210 647 3279 gratias
674 3224 833 3279 agere
862 3226 959 3279 pro
1005 3210 1109 3265 ﬁde
1136 3225 1322 3265 eorum
1353 3209 1445 3280 qui
1474 3209 1724 3264 credunt.
1756 3208 1983 3263 Audiens
2005 3252 2020 3273 ,

446 3312 633 3380 inquit.
662 3310 816 3378 ﬁdem
838 3319 1053 3363 vestram
1074 3350 1092 3374 ,
1116 3325 1229 3379 qua
1248 3319 1320 3362 est
1343 3310 1395 3362 in
1438 3306 1638 3362 Christo
1674 3304 1711 3360 Ι
1715 3322 1802 3361 esu
1826 3347 1843 3372 ,
1868 3315 1917 3360 et
1941 3306 2026 3359 di-

446 3405 709 3457 lectionem
735 3404 786 3456 in
814 3419 987 3456 omnes
1019 3411 1242 3456 sanctos.
1268 3401 1477 3472 Ubique
1499 3400 1777 3471 conjungit
1806 3407 1862 3454 et
1896 3413 2030 3453 con-

445 3494 672 3564 glutinat
701 3494 860 3549 fidem
907 3504 961 3549 et
988 3494 1329 3549 dilectionem
1357 3534 1373 3559 ,
1408 3494 1581 3563 bigam
1609 3491 1895 3563 quamdam
1927 3491 2025 3545 sd-

452 3586 943 3643 mirabilem‘.Non
996 3587 1167 3641 solum
1205 3586 1335 3640 dicit
1385 3586 1696 3655 indigenas,
1728 3583 1823 3639 sed
1864 3584 2031 3637 etiam

453 3695 659 3735 omnes.
689 3680 971 3734 Noncesso
997 3681 1189 3750 gratias
1214 3696 1370 3749 agens
1395 3697 1486 3750 pro
1525 3679 1661 3733 vobis
1686 3720 1700 3743 ,
1724 3679 2028 3732 mentionem

448 3774 598 3825 vestri
626 3774 818 3844 faciens
840 3774 892 3825 in
915 3773 1226 3827 orationibus
1264 3774 1406 3826 meis.
1435 3772 1574 3840 Quid
1601 3772 1737 3842 petis
1757 3782 1811 3827 et
1835 3771 2033 3841 rogas?

455 3864 522 3918 Ut
551 3864 686 3917 Deus
716 3863 923 3917 Domini
950 3865 1113 3917 nostri
1135 3863 1168 3917 l
1176 3881 1261 3918 esu
1289 3863 1497 3929 Christi,
1525 3863 1681 3917 Pater
1701 3863 1880 3933 gloriae
1902 3902 1917 3925 ,
1947 3862 2031 3916 det

452 3956 588 4009 vobis
625 3956 861 4024 spiritum
884 3956 1149 4025 sapientia:
1187 3967 1233 4009 et
1272 3956 1612 4010 reuelationis.
1638 3955 1765 4009 Vult
1801 3970 1897 4009 eos
1925 3954 2033 4009 duo

452 4050 661 4103 discere
684 4091 699 4115 ,
754 4058 813 4102 ut
859 4049 1066 4105 discere
1093 4058 1341 4118 oportet,
1373 4058 1429 4104 et
1455 4058 1674 4119 propter
1712 4063 1833 4119 qua:
1859 4049 2035 4104 vocati

453 4156 613 4207 sunt,
644 4154 697 4198 et
743 4144 1015 4214 quomodo
1064 4143 1274 4197 liberati
1322 4153 1447 4197 sunt
1494 4157 1523 4196 a
1576 4142 1865 4212 prioribus.
1902 4141 2040 4197 Dicit

453 4247 633 4292 autem
681 4238 794 4306 ipse
844 4253 905 4292 ea
946 4253 1067 4291 esse
1114 4238 1232 4290 tria.
1264 4236 1547 4304 Quomodo
1573 4253 1703 4305 ergo
1732 4245 1859 4290 sunt
1889 4236 2037 4291 tria?

453 4330 750 4386 De-futuris
777 4331 821 4385 si
842 4330 1128 4385 discamus.
1154 4328 1287 4382 Nam
1312 4344 1343 4384 a
1370 4329 1525 4383 bonis
1544 4329 1760 4400 quidem
1788 4328 2039 4398 repositis

454 4424 689 4480 sciemus
736 4424 853 4494 ejus
893 4423 1187 4479 ineffabiles
1228 4433 1283 4479 et
1325 4438 1445 4493 quae
1496 4434 1737 4477 naturam
1780 4431 2039 4491 superant

456 4516 717 4574 divitias:
763 4533 828 4570 ex
870 4532 935 4572 eo
989 4525 1172 4572 autem
1204 4516 1346 4587 quod
1389 4516 1770 4583 didicerimus,
1812 4516 2032 4586 quinam

454 4623 576 4663 cum
607 4624 849 4664 essemus
873 4610 1142 4680 quomodo
1160 4610 1509 4675 credidimus,
1530 4609 1646 4680 ejus
1663 4610 1955 4679 potentiam
1980 4618 2041 4664 et

456 4704 848 4766 auctoritatem,
873 4718 941 4757 eo
956 4702 1099 4773 quod
1125 4705 1455 4758 converterit
1483 4718 1577 4759 eos
1605 4705 1693 4773 qui
1720 4712 1869 4758 tanto
1902 4713 2038 4759 tem-

458 4813 587 4869 pore
614 4796 824 4852 fuerant
865 4797 1102 4852 alienati.
1126 4796 1257 4851 Nam
1289 4796 1440 4865 Quod
1482 4808 1553 4852 est
1595 4797 1692 4853 Dei
1730 4799 1991 4867 inﬁrmant
2015 4840 2031 4866 ,

456 4901 529 4946 est
555 4892 737 4961 fortius
772 4890 1054 4945 hominibus
1078 4889 1154 4963 (ι.
1179 4890 1299 4947 Cor.
1320 4892 1371 4945 1.
1398 4891 1513 4961 23).
1542 4891 1622 4947 Ex
1665 4892 1852 4947 eadem
1893 4894 2036 4949 enim

455 4985 694 5055 potentia
716 5027 731 5052 ,
763 5000 864 5056 qua
892 4982 1165 5040 Christum
1217 4986 1529 5051 suscitavit,
1562 5000 1661 5040 nos
1705 5001 1925 5055 quoque
1970 4985 2037 5040 ad

456 5096 518 5137 se
554 5081 728 5134 traxit.
754 5078 935 5148 Neque
961 5093 1130 5148 usque
1158 5079 1227 5135 ad
1253 5078 1699 5135 resurrectionem
1730 5081 1902 5135 solum
1952 5089 2035 5136 est

457 5174 574 5240 ejus
593 5171 837 5243 potentia
864 5211 880 5237 ,
911 5170 1005 5224 sed
1034 5171 1191 5240 longe
1216 5172 1464 5241 amplius.
1494 5170 1561 5225 Et
1602 5174 1775 5226 sedere
1812 5172 1929 5241 fecit
1967 5173 2037 5226 ad

458 5264 718 5318 dexteram
744 5279 908 5325 suam,
935 5262 1024 5317 2i.
1051 5279 1204 5331 super
1223 5280 1422 5317 omnent
1458 5265 1801 5333 principatum
1823 5276 1868 5319 et
1894 5276 2034 5335 pote-

452 5367 636 5412 statem
657 5357 956 5411 etvirtutem
976 5368 1021 5410 et
1047 5355 1441 5410 dominationem
1462 5366 1506 5410 et
1536 5375 1682 5412 onme
1704 5375 1885 5413 nomen
1905 5360 2039 5429 quod

453 5451 750 5505 nominatur
773 5466 792 5515 ;
815 5449 910 5503 22.
933 5458 979 5502 et
1017 5450 1189 5501 omnia
1217 5450 1427 5518 subjecit
1457 5450 1548 5503 sub
1575 5450 1783 5519 pedibus
1808 5452 1921 5522 ejus
1943 5493 1962 5519 ,
1991 5462 2037 5505 et

524 5650 541 5717 ξ
563 5645 879 5717 Coislinianus
902 5660 1028 5717 unus
1049 5646 1129 5717 hic
1139 5647 1357 5717 quaedam
1377 5648 1595 5717 adjicit...
1613 5648 1772 5717 bigam
1785 5651 2045 5717 gnmndam

459 5709 819 5762 admirabilem.
869 5709 985 5771 ride
1014 5712 1143 5759 enim
1158 5709 1183 5760 7:
1212 5710 1298 5760 sub
1321 5710 1581 5760 exordium
1627 5709 1841 5769 epistola:
1882 5714 2041 5771 dixit,

458 5774 648 5823 Sanctis
671 5771 753 5835 qui
767 5770 1106 5841 sunt_Ephesi;
1131 5785 1265 5841 nunc
1286 5780 1444 5841 agitem
1466 5774 1645 5835 profert
1672 5773 1971 5841 dilectionem
1995 5776 2044 5824 in

458 5849 619 5887 omnes
632 5834 837 5893 sanctos,
850 5834 920 5884 sic
945 5847 1113 5887 vocans
1137 5848 1229 5885 non
1248 5834 1499 5899 indigenas
1524 5834 1725 5897 tantum,
1752 5839 1837 5887 sed
1859 5850 2039 5888 omnes.

2128 702 2296 768 ipsum
2326 706 2467 759 dedit
2511 718 2665 778 caput
2690 727 2848 779 supra
2888 730 3089 769 omnem
3137 715 3414 773 Ecclesium
3439 762 3456 788 ,
3477 723 3570 779 23.
3598 739 3717 791 quia

2128 804 2199 849 est
2226 812 2411 865 corpus
2435 800 2594 868 ipsius
2619 812 2666 855 et
2688 804 2950 869 plenitudo
2974 809 3085 877 ejus
3110 849 3124 872 ,
3140 811 3235 879 qui
3257 813 3425 866 omnia
3450 814 3504 868 in
3543 818 3712 869 omni-

2125 889 2217 944 bus
2257 892 2586 963 adimpletur.
2628 895 2940 966 Magnorum
3000 917 3187 957 revera
3238 908 3615 976 mysteriorum
3658 918 3714 960 et

2126 998 2442 1040 arcanorum
2480 1002 2578 1041 nos
2620 988 2745 1044 fecit
2790 992 3075 1062 participes
3103 1012 3116 1049 :
3142 1011 3248 1049 [nec
3276 1013 3338 1051 ea
3385 1000 3543 1054 aliter
3585 1002 3710 1055 licet

2126 1073 2341 1141 dicere,
2392 1093 2550 1147 quam
2598 1081 2667 1135 ab
2699 1082 2762 1135 iis
2800 1084 2889 1153 qui
2918 1085 3090 1139 sancti
3134 1085 3365 1157 Spiritus
3392 1099 3518 1143 sunt
3545 1092 3711 1159 parti-

2126 1169 2304 1237 cipes,
2354 1178 2411 1225 et
2449 1171 2611 1225 multa
2652 1173 2901 1229 frutmtur
2951 1178 3142 1247 gratia.
3173 1179 3464 1250 Propterea
3514 1184 3708 1237 Paulus

2126 1275 2338 1331 quoque
2364 1262 2441 1317 sic
2467 1274 2718 1333 precatur
2742 1284 2755 1319 :
2789 1267 2945 1320 Pater
2971 1270 3150 1340 gloria:
3169 1314 3184 1338 ,
3211 1272 3379 1342 inquit
3405 1292 3418 1327 :
3454 1276 3555 1329 hoc
3581 1287 3698 1339 est,

2126 1350 2216 1419 qui
2256 1366 2445 1422 magna
2477 1354 2632 1411 nobis
2660 1356 2808 1411 dedit
2838 1359 2999 1415 bona.
3028 1361 3109 1416 Ab
3152 1363 3217 1417 iis
3255 1366 3397 1418 enim
3436 1381 3555 1436 qum
3583 1376 3709 1422 sunt

2126 1441 2367 1510 subjecta
2411 1458 2531 1499 eum
2561 1460 2776 1517 semper
2801 1459 2958 1504 vocat
2982 1492 2995 1511 .
3029 1460 3085 1505 ut
3106 1454 3317 1522 quando
3348 1456 3514 1522 dicit,
3552 1456 3708 1511 Pater

2130 1533 2506 1588 miserationum
2529 1547 2574 1589 et
2601 1537 2737 1592 Deus
2762 1539 2913 1593 totius
2930 1544 3289 1598 consolationis
3311 1545 3389 1611 (2.
3410 1546 3526 1600 Cor.
3548 1549 3599 1601 1.
3618 1549 3706 1617 3).;

2128 1633 2182 1678 et
2212 1641 2395 1681 rursus
2422 1629 2711 1697 propheta,
2751 1630 3000 1687 Dominus
3046 1636 3291 1703 fortitudo
3318 1655 3426 1691 mea
3467 1648 3515 1691 et
3552 1642 3707 1693 auxi-

2129 1718 2253 1771 lium
2291 1736 2460 1775 meum
2510 1720 2683 1793 (Psal.
2719 1724 2807 1778 17.
2835 1723 2889 1777 2.
2916 1725 2994 1795 ὅ).
3042 1725 3198 1781 Pater
3242 1730 3438 1798 gloriw.
3485 1731 3559 1785 Ea
3610 1746 3708 1784 suo

2129 1813 2344 1868 nomine
2371 1830 2478 1868 non
2507 1827 2683 1885 potest
2710 1818 2980 1885 explicare
3009 1833 3075 1874 ac
3107 1820 3347 1890 proferre
3370 1864 3383 1883 ,
3415 1832 3469 1876 et
3508 1823 3706 1892 ubique

2130 1907 2603 1978 appellatgloriam
2626 1950 2642 1976 ,
2676 1911 2819 1981 quod
2850 1911 3066 1981 quidem
3099 1921 3184 1967 est
3210 1914 3349 1983 apud
3382 1930 3479 1969 nos
3509 1930 3706 1970 nomen

2127 2008 2183 2054 ct
2210 2001 2496 2070 appellatio
2536 2003 2712 2057 omnis
2737 2003 3063 2071 splendoris.
3094 2005 3234 2060 Ecce
3276 2006 3432 2060 l’ater
3475 2007 3660 2077 gloria:
3686 2048 3704 2072 ,

2130 2096 2297 2166 inquit
2321 2136 2337 2163 ,
2361 2096 2561 2152 Christi
2590 2108 2769 2153 autem
2801 2099 2961 2154 Deus.
2991 2100 3137 2166 Quid
3156 2116 3286 2170 ergo
3306 2142 3321 2167 ,
3352 2111 3507 2155 estne
3536 2100 3705 2154 Filius

2129 2189 2303 2242 minor
2329 2188 2542 2258 gloria?
2570 2188 2674 2245 Sed
2704 2206 2884 2255 nemo,
2905 2208 2977 2247 ne
3004 2194 3046 2246 si
3080 2193 3310 2247 insaniat
3337 2194 3574 2263 quidem,
3606 2193 3709 2247 hoc

2127 2280 2346 2335 dixerit.
2377 2281 2472 2335 Det
2501 2282 2672 2347 vobis,
2703 2282 2805 2338 hoc
2840 2294 2925 2339 est
2951 2325 2966 2349 ,
2998 2293 3233 2339 mentem
3265 2296 3496 2340 vestram
3536 2288 3711 2341 extol-

2127 2371 2239 2428 lere
2264 2383 2320 2429 et
2344 2374 2582 2443 exigere.
2609 2375 2733 2430 ﬂare
2780 2377 2928 2431 enim
2978 2394 3085 2432 non
3118 2378 3243 2433 licet
3271 2378 3427 2433 aliter
3474 2380 3706 2435 discere.

2129 2464 2377 2519 Animalis
2404 2467 2537 2520 enim
2587 2468 2737 2521 homo
2759 2485 2858 2521 non
2892 2469 3102 2539 percipit
3144 2487 3257 2537 qua:
3298 2482 3417 2525 sunt
3460 2473 3709 2541 spiritus:

2128 2566 2246 2610 sunt
2290 2559 2424 2611 enim
2462 2560 2507 2612 ei
2550 2561 2770 2614 stultitia
2805 2562 2882 2631 (1.
2907 2561 3024 2616 Cor.
3052 2563 3107 2616 2.
3134 2563 3245 2633 lt).
3274 2564 3420 2633 Opus
3464 2577 3549 2621 est
3578 2581 3710 2637 ergo

2128 2651 2389 2718 spirituali
2431 2654 2716 2722 sapientia,
2751 2664 2811 2709 ut
2853 2657 3146 2723 Spiritualia
3172 2644 3176 2648 ’
3204 2659 3600 2729 intelligamus,
3651 2672 3710 2715 ut

2129 2741 2407 2798 videamus
2453 2760 2573 2815 quae
2626 2754 2755 2799 sunt
2803 2748 3059 2803 occulta:
3101 2748 3216 2820 ipse
3264 2750 3485 2820 Spiritus
3529 2756 3707 2806 omnia

2130 2837 2301 2905 aperit
2328 2845 2383 2892 et
2426 2837 2634 2893 revelat
2665 2839 2740 2911 (1.
2765 2838 2886 2894 Cor.
2913 2839 2968 2894 2.
2993 2841 3083 2909 10)
3112 2858 3126 2896 :
3158 2841 3251 2897 Dei
3283 2851 3367 2898 est
3396 2854 3712 2899 narraturus

2129 2930 2404 2999 mysteria.
2434 2928 2809 3001 Mysteriorum
2839 2940 3016 2987 autem
3051 2933 3143 2988 Dei
3171 2935 3533 3004 cognitionem
3562 2937 3712 2990 solus

2131 3022 2279 3075 novit
2305 3021 2534 3092 Spiritus
2558 3063 2574 3089 ,
2622 3024 2711 3092 qui
2742 3023 2902 3078 etiam
2948 3034 3216 3081 scrutatur
3256 3026 3372 3095 ejus
3400 3027 3659 3096 profunda
3690 3047 3709 3083 :

2132 3129 2238 3168 non
2262 3114 2504 3185 angelus,
2536 3130 2643 3169 non
2673 3115 3045 3187 archangelus,
3076 3132 3180 3172 non
3211 3119 3317 3172 ulla
3340 3120 3441 3173 alia
3470 3129 3714 3190 potestas

2131 3218 2310 3263 creata
2341 3207 2583 3270 dederit;
2618 3207 2719 3260 hoc
2745 3217 2845 3273 est,
2881 3208 3033 3263 vobis
3075 3211 3343 3265 charisma
3373 3213 3625 3281 praebeat.
3652 3213 3712 3266 Si

2132 3311 2311 3357 autem
2343 3302 2445 3355 hoc
2472 3310 2555 3355 est
2599 3301 2941 3356 revelationis
2968 3343 2982 3366 ,
3017 3302 3284 3371 superflua
3315 3311 3398 3358 est
3445 3304 3711 3357 rationum

2135 3394 2392 3449 inventio.
2420 3393 2554 3449 Nam
2587 3395 2674 3465 qui
2706 3395 2878 3449 Deum
2906 3395 3094 3449 didicit
3119 3404 3173 3449 et
3202 3396 3371 3450 Deum
3402 3398 3569 3461 novit,
3604 3413 3711 3451 non

2134 3485 2361 3555 amplius
2406 3486 2473 3539 de
2522 3485 2631 3539 ullo
2658 3485 2920 3540 dubitabit
2951 3504 2961 3540 :
2988 3502 3091 3540 non
3144 3486 3325 3553 dicet,
3369 3486 3481 3542 Hoc
3539 3496 3719 3558 potest

2135 3576 2271 3643 lieri,
2301 3577 2402 3631 hoc
2427 3593 2535 3631 non
2565 3586 2765 3647 potest,
2799 3588 2853 3632 et
2879 3577 3152 3647 quomodo
3179 3577 3282 3633 hoc
3313 3578 3507 3633 factum
3537 3580 3625 3634 sit.
3657 3579 3715 3633 Si

2137 3666 2306 3721 Deum
2335 3666 2678 3722 didicerimus
2701 3679 2757 3721 ut
2785 3668 2925 3722 scire
2949 3676 3192 3737 oportet,
3224 3668 3268 3722 si
3294 3668 3639 3723 didicerimus
3685 3684 3717 3722 a

2136 3774 2243 3831 quo
2281 3759 2489 3815 discere
2531 3770 2780 3829 Oportet,
2838 3775 3030 3830 nempe
3070 3761 3138 3814 ab
3187 3760 3303 3830 ipso
3331 3758 3565 3828 Spiritu,
3611 3776 3718 3813 non

2138 3855 2369 3925 amplius
2420 3854 2489 3909 de
2544 3854 2650 3908 ulla
2698 3869 2757 3907 re
2803 3852 3184 3908 dubitabimus.
3211 3852 3503 3922 Propterea
3549 3852 3718 3915 dicit,

2139 3945 2208 4000 In
2236 3946 2496 4018 agnitione
2528 3949 2637 4016 ejus
2675 3946 2991 3999 illuminatos
3022 3943 3196 3999 oculos
3225 3945 3393 3999 cordis
3421 3944 3590 3998 vestri.
3620 3943 3721 4011 Qui

2140 4038 2389 4095 didicerit
2416 4038 2541 4110 quid
2568 4039 2637 4094 sit
2670 4039 2830 4102 Deus,
2862 4053 2969 4092 non
2988 4037 3256 4094 dubitabit
3294 4036 3363 4093 de
3406 4037 3724 4107 promissio-

2142 4133 2301 4188 nibus
2333 4150 2347 4187 :
2378 4148 2485 4188 non
2524 4132 2592 4188 de
2639 4131 2704 4186 iis
2730 4147 2847 4201 qua:
2875 4133 2985 4201 jam
3016 4126 3159 4187 facta
3186 4140 3313 4186 sunt
3341 4131 3445 4187 erit
3467 4131 3721 4186 incredu-

2142 4226 2247 4281 lus.
2270 4228 2444 4295 Atque
2484 4235 2629 4296 optat
2658 4224 2873 4296 quidem
2914 4228 2994 4281 eis
3025 4226 3138 4280 dari
3168 4226 3414 4296 spiritum
3444 4226 3725 4294 sapientia:

2142 4328 2198 4375 et
2258 4318 2645 4384 revelationis;
2696 4329 2951 4374 caeterum
3001 4320 3115 4388 ipse
3182 4333 3394 4389 quoque
3440 4316 3728 4372 conﬁrmat

2144 4412 2442 4468 rationibus
2464 4428 2815 4484 quotcumque
2840 4422 3014 4483 potest
3037 4428 3102 4468 ex
3133 4412 3197 4467 iis
3222 4428 3340 4484 quia
3357 4411 3468 4481 jam
3490 4411 3725 4465 fuerunt.

2144 4504 2276 4559 Nam
2325 4506 2575 4574 quoniam
2606 4515 2723 4560 erat
2770 4505 3010 4561 dicturus
3056 4505 3158 4560 alia
3216 4504 3430 4575 quidem
3457 4519 3577 4572 (uite
3613 4503 3727 4573 jam

2144 4597 2279 4653 facta
2305 4597 2539 4661 fuerant,
2571 4599 2673 4652 alia
2702 4608 2880 4653 autem
2907 4612 3025 4669 quae
3054 4596 3296 4652 nondum
3344 4596 3682 4666 contigerant
3710 4610 3727 4648 :

2144 4706 2210 4747 ex
2238 4692 2303 4746 iis
2331 4707 2451 4762 qua:
2478 4691 2615 4747 facta
2647 4700 2809 4757 sunt,
2838 4691 2997 4746 fidem
3026 4689 3152 4745 facit
3192 4690 3258 4745 iis
3302 4705 3422 4759 (pta:
3450 4688 3588 4743 facta
3621 4701 3729 4741 non

2144 4794 2267 4841 sunt
2286 4784 2612 4854 :cujusmodi
2633 4794 2714 4840 est
2729 4784 2830 4840 hoc
2849 4802 2862 4837 :
2884 4782 2952 4839 Ut
2971 4785 3165 4849 sciatis,
3183 4782 3373 4852 inquit,
3397 4798 3509 4851 quia
3527 4782 3593 4834 sit
3617 4796 3731 4849 spes

2145 4880 2421 4934 vocationis
2443 4880 2571 4949 ejus.
2601 4880 2694 4933 Est
2718 4878 2895 4933 adhuc
2926 4919 2942 4944 ,
2975 4878 3180 4948 inquit,
3209 4878 3417 4932 occulta
3444 4916 3460 4943 ,
3488 4874 3582 4931 sed
3620 4888 3731 4928 non

2148 4974 2415 5031 ﬁdelibus.
2462 4972 2531 5027 Et
2574 4988 2689 5044 quoe
2739 4973 2928 5027 divitiae
2972 4974 3150 5044 gloriae
3184 4972 3474 5027 hereditatis
3518 4972 3629 5041 ejus
3678 4972 3733 5024 in

2145 5067 2351 5121 sanctis.
2382 5065 2496 5120 Hoc
2527 5080 2739 5136 quoque
2756 5074 2837 5119 est
2859 5065 3033 5119 adhuc
3065 5079 3173 5118 non
3203 5061 3566 5118 manifestum.
3593 5062 3730 5127 Quid

2148 5170 2233 5217 est
2256 5171 2436 5216 autem
2467 5159 2852 5215 manifestum?
2900 5156 3055 5225 Quod
3110 5156 3437 5211 credidimus
3465 5170 3587 5209 eum
3634 5168 3731 5207 sua

2146 5258 2343 5312 virtute
2387 5253 2657 5309 Christum
2703 5250 3029 5305 suscitasse:
3067 5259 3150 5303 est
3192 5248 3333 5302 enim
3366 5247 3522 5315 longe
3561 5244 3718 5298 admi-

2146 5349 2367 5405 rabilius
2411 5347 2744 5418 persuasisse
2791 5343 3020 5409 animis,
3048 5356 3209 5411 quam
3260 5340 3548 5393 suscitassc
3588 5352 3703 5390 mur

2148 5454 2318 5500 tuum.
2348 5443 2420 5497 Et
2448 5439 2758 5513 quomodo?
2794 5438 2908 5509 Ego
2957 5436 3173 5492 tentabo
3204 5434 3306 5488 hoc
3336 5430 3485 5487 vobis
3513 5444 3735 5500 persna-

2148 5538 2276 5593 dere
2304 5554 2317 5591 :
2351 5534 2474 5591 audi
2505 5532 2929 5591 enim.Christus
2959 5530 3094 5586 dixit
3120 5524 3736 5593 mortuo,-Lasare,vcni

2152 5634 2292 5700 foras
2317 5629 2499 5698 (Joan.
2527 5629 2613 5683 11.
2645 5627 2737 5698 45)
2757 5668 2771 5691 ,
2802 5635 2858 5683 et
2881 5626 3063 5680 statim
3095 5623 3298 5679 obediit
3330 5639 3344 5676 :
3375 5621 3567 5677 Petrus
3592 5618 3737 5673 dixit

2152 5723 2412 5790 Tabithae,
2448 5722 2615 5792 Surge
2638 5721 2772 5794 (Act.
2797 5720 2850 5775 9.
2878 5719 3000 5788 40),
3029 5728 3083 5773 et
3105 5734 3212 5772 non
3236 5714 3584 5772 contradixit.
3612 5713 3733 5783 Ipse

2150 5822 2290 5879 dicet
2320 5822 2371 5877 in
2388 5822 2475 5877 die
2503 5821 2713 5884 ultimo,
2733 5826 2989 5872 ctomnes
3020 5822 3324 5883 resurgent,
3352 5819 3405 5865 et
3432 5824 3552 5865 cum
3580 5816 3730 5863 tanta
