4060 6400
367 375 446 434 '23
1292 377 1369 438 ‘IN
1403 374 1624 439 ‘EPIS‘T.
1669 376 1759 438 ΑΪ)
1793 375 1934 438 ΕΡΠ

2075 381 2230 436 CAP.
2250 335 2253 337 ί
2275 378 2319 437 ι.
2363 377 2600 435 ιιοιιιιι.
2637 377 2727 433 ιιι.
3557 374 3631 431 ει

1760 725 1879 799 μοι
1907 724 2150 781 οΜιΑιΑ
2187 716 2263 778 ιδ’.

370 913 481 968 »Διὰ
508 913 687 967 τοῦτο
720 914 884 984 κᾴγὼ
918 915 1190 980 ἀκούσας
1221 915 1336 984 τὴν
1383 915 1511 969 καθ’
1545 915 1702 984 ὑμᾶς
1739 917 1948 968 πίστιν

444 985 516 1037 ἐν
567 983 1053 1051 Χριστνῖιίίησοῦ,
1115 985 1212 1038 καὶ
1269 983 1403 1054 τὴν
1432 983 1676 1054 ἀγάπην
1717 987 1831 1050 τὴν
1859 988 1948 1051 εἰς

444 1054 676 1142 πάντας
721 1054 866 1132 τοὺς
891 1054 1124 1143 ἀπίους³
1165 1056 1236 1134 of)
1285 1053 1547 1143 παύομαι
1575 1055 1948 1143 εὐχαριστῶν

446 1124 599 1190 ὑπὲρ
628 1123 813 1191 ὑμῶν,
836 1119 1056 1193 μνείαν
1082 1119 1264 1192 ὑμῶν
1302 1119 1788 1192 ποιοῦμενοξέὶτὶ
1826 1122 1947 1176 τῶν

444 1193 805 1262 προσευχῶν
843 1211 964 1262 μου
989 1237 1006 1260 ,
1047 1193 1149 1248 ἵνα
1185 1194 1335 1256 Θεὸς
1377 1195 1485 1248 τοῦ
1516 1196 1737 1264 Κυρίου
1776 1193 1946 1262 ἡμῶν

457 1264 662 1330 Ἰησοῦ
700 1264 981 1335 Χριστοῦ,
1010 1266 1049 1335 ό
1073 1264 1274 1332 Πατὴρ
1304 1264 1414 1335 τῆς
1434 1264 1641 1335 δόξης,
1663 1263 1782 1332 δῴη
1803 1265 1947 1335 ὑμῖν

436 1335 681 1399 -πνεῦμα
713 1334 934 1402 σοφίας
959 1333 1056 1387 καὶ
1076 1334 1517 1404 ἀποκαλύψεως
1538 1336 1606 1388 ὲν
1629 1333 1945 1404 ἐπιγνώσει

441 1404 662 1458 αὐτοῦ·
698 1404 1186 1473 πεφωτισμένους
1233 1403 1374 1469 τοὺς
1433 1403 1784 1473 ὀφθαλμοὺς
1832 1403 1945 1472 τῆς

441 1472 904 1543 καρδίαςγύμῶν,
933 1475 1021 1540 εὶς
1053 1473 1120 1527 τὸ
1152 1473 1371 1528 εἰδέναι
1397 1472 1554 1543 ὑμᾶς
1588 1472 1681 1541 τίς
1708 1476 1879 1528 ἐστιν
1904 1476 1943 1542 ἠ

437 1544 616 1608 ἐλπὶς
655 1542 763 1609 τῆς
791 1543 1068 1609 κλήσεως
1114 1543 1321 1609 αὐτοῦ,
1353 1542 1451 1598 καὶ
1495 1545 1586 1610 τίς
1622 1548 1654 1598 ό
1681 1543 1944 1609 πλοῦτος

437 1615 551 1681 τῆς
600 1613 786 1681 δόξης
841 1612 951 1682 τῆς
1003 1615 1403 1684 κληρονομίας
1451 1614 1638 1669 αὐτοῦ
1694 1615 1765 1669 ἐν
1819 1614 1944 1678 τοῖς

434 1686 652 1752 ἁγίοις,
691 1686 728 1752 ἢ
758 1685 817 1737 τί
848 1685 914 1736 τὸ
943 1683 1326 1752 ὑπερϐάλλον
1351 1684 1602 1752 μέγεθος
1623 1684 1729 1750 τῆς
1760 1683 1942 1737 δυνά-

441 1772 597 1822 μεως
622 1754 810 1808 αὐτοῦ
843 1756 931 1820 εις
971 1752 1306 1824 ημᾶς-τοὺς
1352 1756 1749 1824 πιστεύοντας
1795 1756 1944 1824 κατὰ

441 1825 556 1893 τὴν
583 1824 888 1892 ἐνέργειαν
913 1822 1020 1879 τοῦ
1049 1822 1307 1892 κράτους
1336 1822 1446 1893 τῆς
1490 1825 1701 1893 ίσχύος
1732 1823 1938 1884 αὐτοῦ,

443 1892 522 1960 ἣν
547 1894 889 1972 ἐνήργησεν
918 1894 989 1948 ἐν
1013 1893 1096 1959 τῷ
1124 1893 1376 1962 Χριστῷ,
1399 1892 1637 1964 ἐγείρας
1659 1895 1847 1949 αὐτὸν
1873 1893 1941 1946 ἐκ

440 1981 688 2032 νεκρων.

429 2149 508 2196 α’.
535 2141 701 2195 Οὐδὲν
718 2137 787 2212 ἦν
804 2142 918 2196 ἴσον
932 2142 1042 2197 τῶν
1074 2143 1396 2214 σπλάγχνων
1421 2145 1529 2198 τῶν
1548 2144 1937 2209 ἀποστολικῶν,

369 2228 522 2282 οὐδὲν
561 2229 749 2298 ὅμοιον
776 2227 877 2296 τῆς
909 2228 1250 2298 συμπαθείας
1276 2230 1370 2282 καὶ
1411 2229 1511 2298 τῆς
1559 2229 1940 2300 φιλοστοργίας

369 2311 588 2378 ἐγένετο
620 2310 718 2380 τῆς
754 2310 850 2364 τοῦ
884 2311 1153 2382 μακαρίου
1195 2312 1429 2374 Παύλου,
1463 2312 1522 2375 ὃς
1555 2314 1735 2376 πάσας
1773 2314 1946 2384 αὐτοῦ,

368 2395 466 2456 τὰς
497 2393 661 2462 εὐχὰς
691 2394 830 2465 ὑπὲρ
879 2394 1088 2446 πόλεων
1121 2394 1429 2466 ὁλοκλήρων
1463 2396 1696 2448 ἐποιεῖτο
1723 2398 1816 2449 καὶ
1848 2397 1940 2466 δή·-

369 2494 507 2546 μων.
532 2475 643 2529 Καὶ
664 2479 795 2530 πᾶσι
812 2475 971 2529 τοῦτο
991 2478 1215 2547 γράφει,
1237 2477 1318 2531 ὅτι
1335 2477 1688 2546 Εὑχαριστῶ
1714 2478 1794 2544 τῷ
1819 2479 1940 2544 Θεῷ

361 2559 520 2627 ὑπὲρ
536 2555 720 2628 ὑμῶν,
734 2560 953 2629 μνείαν
964 2559 1132 2630 ὑμῶν
1147 2562 1504 2631 ποιούμενος
1516 2562 1616 2616 ἐπὶ
1631 2561 1939 2632 τῶνπροσ-

361 2643 562 2711 ευχῶν
577 2661 718 2712 μου.
776 2644 1097 2712 Ἐννοήσατε
1145 2644 1303 2708 ὅσους
1348 2639 1494 2716 εἶχεν
1523 2646 1580 2699 ὲν
1611 2648 1676 2716 τῇ
1709 2647 1935 2718 διανοίᾳ,

359 2719 442 2779 ὧν
469 2727 565 2778 καὶ
593 2725 896 2796 μνησθῆναι
934 2725 1094 2796 ἔργον
1125 2722 1213 2796 ἦν’
1245 2729 1386 2782 ὅσων
1417 2728 1694 2798 ἐμέμνητο
1724 2729 1782 2781 ὲν
1811 2732 1935 2792 ταῖς

363 2811 571 2879 εὐχαῖς,
603 2810 744 2883 ὑπὲρ
781 2812 1036 2864 ἁπάντων
1070 2811 1408 2882 εὐχαριστῶν
1435 2811 1512 2883 τῷ
1541 2811 1680 2882 Θεῷ,
1712 2811 1788 2877 ὼς
1844 2815 1939 2866 αὐ-

361 2892 453 2954 τὸς
479 2893 547 2944 τὰ
577 2892 809 2962 μέγιστα
845 2891 1323 2963 εὐεργετούμενος.
1357 2895 1460 2948 Διὰ
1512 2893 1710 2958 τοῦτο,
1764 2896 1933 2965 φησί’

361 2977 628 3035 τουτέστι.
655 2975 744 3029 διὰ
791 2976 852 3029 τὸ
903 2976 1118 3046 μέλλον,
1155 2976 1248 3030 καὶ
1275 2975 1345 3029 τά
1389 2977 1729 3048 ἀποκείμενα
1759 2978 1938 3046 ἁγαθά

362 3061 478 3121 τοῖς
530 3058 704 3130 ὀρθῶς
734 3058 1053 3112 πιστεύουσι
1083 3059 1179 3112 καὶ
1212 3058 1434 3128 βιοῦσιν.
1474 3057 1657 3123 Ἄξιον
1709 3060 1806 3129 μὲν
1844 3057 1937 3114 οῦν

362 3142 704 3214 εὐχαριστεῖν
733 3141 810 3212 τῷ
839 3141 958 3213 Θεῷ
980 3141 1077 3195 καλ.
1100 3142 1240 3213 ὑπὲρ
1271 3143 1487 3196 πάντων
1517 3143 1624 3194 τῶν
1650 3143 1938 3213 ὑπηργμέ-

362 3243 472 3279 νων
502 3227 632 3295 παρ⁹
663 3225 828 3280 αὐτοῦ
857 3225 935 3296 τῷ
966 3225 1073 3278 τῶν
1127 3223 1433 3297 ἀνθρώπων
1460 3225 1626 3294 γένει,
1689 3226 1780 3278 καὶ
1830 3227 1936 3297 πρὸ

361 3309 552 3364 τούτου
586 3310 680 3364 καὶ
711 3311 850 3379 μετά
879 3311 1070 3364 ταῦτα·
1103 3310 1252 3374 ἄξιον
1299 3310 1355 3362 δὲ
1393 3309 1731 3380 εὐχαριστεῖν
1788 3309 1936 3380 αὐτῷ

362 3394 460 3448 καὶ
487 3394 635 3466 ὑπὲρ
654 3395 753 3463 τῆς
784 3394 1025 3456 πίστεως
1053 3393 1161 3446 τῶν
1192 3393 1576 3447 πιστευόντων.
1621 3394 1931 3458 Ἀκούσας,

363 3479 522 3548 φησὶ,
545 3477 661 3545 τὴν
685 3478 894 3531 πίστιν
925 3477 1040 3544 τὴν
1064 3479 1193 3530 καθ’
1227 3475 1385 3545 ὑμᾶς
1405 3476 1504 3530 διὰ
1521 3476 1628 3530 τοῦ
1651 3476 1931 3544 Χριστοῦ,

362 3561 462 3617 καὶ
489 3561 604 3629 τὴν
622 3560 860 3630 ἀγάπην
882 3561 999 3629 τὴν
1019 3563 1108 3628 εὶς
1127 3561 1358 3626 πάντας
1374 3561 1516 3628 τοὺς
1533 3562 1762 3632 άγίους.
1789 3563 1936 3614 Παν-

361 3646 532 3717 ταχοῦ
577 3645 839 3699 συνάπτει
854 3646 948 3698 καὶ
986 3645 1257 3716 συγκολλᾷ
1275 3645 1372 3716 τὴν
1389 3645 1570 3700 πίστιν
1593 3646 1788 3717 καὶτὴν
1802 3646 1936 3714 ἀγά-

363 3746 492 3803 πην,
521 3731 839 3800 θαυμαστήν
867 3747 992 3784 τινα
1019 3730 1305 3801 ξυνωρίδα.
1338 3731 1415 3783 Οὐ
1443 3732 1571 3794 τούς
1601 3730 1934 3800 ἐπιχωρίους

361 3815 496 3885 φησι
518 3814 695 3879 μόνον,
713 3814 849 3868 ἀλλά
875 3814 972 3868 καὶ
1004 3814 1212 3876 πάντας
1227 3825 1277 3868 ⁸.
1297 3815 1381 3868 Οὐ
1414 3815 1675 3884 παύομαι
1696 3816 1935 3883 εὐχαρι-

359 3896 526 3952 στῶν
554 3897 705 3964 ὑπὲρ
718 3897 886 3966 ὑμῶν
898 3897 1115 3966 μνείαν
1131 3896 1298 3966 ὑμῶν
1312 3898 1667 3966 ποιούμενος
1684 3897 1784 3951 ἐπὶ
1815 3895 1936 3952 τῶν

358 3981 716 4050 προσευχῶν
729 3999 872 4051 μου.
899 3981 964 4034 Τί
994 3981 1110 4053 δέῃ.
1151 3981 1245 4035 καὶ
1259 3981 1312 4034 τί
1328 3981 1694 4051 παρακαλεῖς;
1727 3981 1861 4036 Ἵνα
1901 3981 1935 4034 ό

358 4065 508 4131 Θεὸς
535 4065 644 4118 τοῦ
667 4065 890 4131 Κυρίου
913 4063 1083 4132 ἡμῶν
1116 4063 1310 4132 Ἰησοῦ
1337 4063 1623 4132 Χριστοῦ,
1655 4067 1689 4118 ὀ
1728 4061 1935 4131 Πατὴρ

358 4147 474 4215 τῆς
495 4147 704 4216 δόξης,
734 4145 856 4214 δῴη
883 4147 1026 4216 ὑμῖν
1053 4148 1292 4216 πνεῦμα
1322 4147 1547 4216 σοφίας
1580 4147 1679 4201 καὶ
1704 4147 1932 4201 ἀποκα-

357 4231 626 4299 λύψεως.
674 4229 778 4283 Δύο
805 4231 949 4297 ἀξιοῖ
975 4230 1173 4296 αὐτοὺς
1222 4229 1436 4300 μαθεῖν,
1469 4231 1546 4295 ὡς
1576 4229 1682 4302 χρὴ
1715 4229 1930 4301 μαθεῖν,

362 4316 454 4367 ἐπὶ
508 4315 652 4368 τίσιν
691 4314 1024 4386 ἐκλήθησαν.
1057 4314 1152 4368 καὶ
1206 4314 1327 4379 πῶς
1387 4314 1782 4385 ἀπηλλάγησαν
1823 4313 1933 4368 τῶν

359 4397 663 4468 προτέρων.
713 4397 853 4468 Φησὶ
880 4397 936 4451 δὲ
967 4398 1129 4462 αὐτὸς
1159 4397 1300 4450 αὐτά
1339 4398 1468 4468 τρία
1495 4392 1656 4451 εἷναι.
1689 4398 1814 4460 Πῶς
1839 4391 1933 4450 οὖν

360 4483 478 4534 ἐστι
506 4480 668 4550 τρία;
701 4480 839 4551 Περὶ
887 4480 997 4534 τῶν
1029 4480 1329 4550 μελλόντων
1367 4481 1433 4534 ἂν
1481 4480 1759 4550 μάθωμεν.
1798 4477 1934 4532 Ἀπὸ

363 4563 465 4631 μὲν
492 4561 602 4631 γὰρ
629 4562 739 4616 τῶν
765 4563 1146 4631 ἀποκειμένων
1192 4562 1413 4632 ἀγαθῶν
1442 4563 1533 4616 τὸν
1562 4562 1802 4634 ἄρρητον
1835 4563 1931 4615 καὶ

359 4647 616 4716 ὑπερφυῆ
648 4645 889 4700 πλοῦτον
919 4645 1085 4701 αὐτοῦ
1115 4645 1390 4716 εἰσόμεθα·
1411 4645 1519 4699 ἀπὸ
1539 4645 1597 4700 δὲ
1621 4646 1715 4698 τοῦ
1739 4645 1932 4716 μαθεῖν

357 4729 665 4792 τίνεςῦντες
689 4730 807 4793 πῶς
822 4729 1276 4802 ὲπιστεύσαμεν,[
1293 4733 1306 4783 1
1321 4730 1376 4802 7]
1397 4729 1496 4799 τὴν
1515 4730 1744 4798 δύναμιν
1764 4728 1930 4783 αὐτοῦ

359 4812 456 4866 καὶ
483 4811 584 4882 τὴν
610 4811 894 4866 αὐθεντίαν
922 4813 1000 4882 τῷ
1020 4814 1148 4876 τούς
1175 4813 1270 4866 ἐπὶ
1296 4813 1536 4879 τοσούτῳ
1565 4812 1743 4883 χρόνῳ
1771 4813 1931 4866 ἀλλο-

358 4893 694 4964 τριωθέντας
719 4896 1063 4964 ἐπιστρέψαι.
1102 4896 1174 4950 Τὸ
1200 4897 1307 4967 γάρ
1335 4898 1592 4962 ἀσθενὲς
1624 4897 1732 4950 τοῦ
1781 4897 1932 4951 Θεοῦ

361 4979 752 5048 ισχυρότερον
798 4978 916 5032 τῶν
958 4979 1283 5049 ἀνθρώπων
1329 4981 1483 5034 ἐστί.
1527 4980 1660 5034 Ἀπὸ
1685 4979 1794 5052 γὰρ
1831 4982 1932 5051 τῆς

358 5061 525 5130 αὐτῆς
554 5061 854 5130 δυνάμεως,
912 5062 1004 5129 ἀφ’
1035 5058 1102 5134 ἦς
1139 5063 1229 5116 τὸν
1284 5063 1517 5133 Χριστὸν
1565 5065 1775 5134 ἤγειρε,
1840 5065 1933 5118 καὶ

358 5146 506 5214 ἡμᾶς
537 5144 751 5197 εἵλκυσε
788 5145 927 5216 πρὸς
957 5146 1171 5201 ἑαυτόν.
1204 5147 1314 5199 Καὶ
1347 5148 1408 5199 οὐ
1443 5148 1606 5216 μέχρι
1655 5150 1754 5216 τῆς
1802 5147 1932 5200 ἀνα·

361 5227 603 5290 στάσεως
631 5229 666 5297 ἡ
705 5227 931 5298 δύναμις
954 5267 971 5292 ,
1025 5229 1161 5284 ἀλλά
1218 5230 1312 5283 καὶ
1363 5229 1545 5298 πολλῷ
1596 5230 1776 5283 πλέον.
1822 5231 1931 5284 Καὶ

357 5310 642 5364 ἐκάθισεν
662 5311 731 5364 ἐν
751 5311 922 5378 δεξιᾷ
949 5312 1159 5377 αὐτοῦ,
1190 5312 1468 5381 ὑπεράνω
1488 5313 1694 5379 πάσης
1737 5312 1931 5381 ἀρχῆς

357 5392 458 5444 οιαὶ
480 5393 768 5458 ἐξουσίας
811 5395 912 5448 καὶ
946 5393 1255 5463 δυνάμεως
1299 5396 1399 5450 καὶ
1450 5399 1800 5464 κυριότητος
1833 5397 1932 5450 καὶ

357 5477 588 5542 παντὸς
629 5477 922 5546 ὀνόματος
959 5478 1391 5549 ὀνομαζομένου
1411 5497 1424 5509 ·
1451 5480 1550 5534 καὶ
1587 5479 1784 5535 πάντα
1814 5483 1928 5536 ὺπ-

421 5741 446 5768 ⁸
472 5727 814 5798 ερίκιίιιὶθρυεξ-
843 5731 1106 5798 ,ευνωρὲδᾳ-
1131 5732 1263 5798 ’ΪΟρειι
1285 5732 1550 5798 witha?
1596 5735 1645 5782 ἐν
1681 5735 1805 5798 ἀρχῇ
1845 5743 1929 5795 τῆς

360 5791 624 5857 ἐπιστολῆς·
647 5793 754 5857 Τοῖς
775 5793 923 5857 άγίοις
944 5788 1040 5849 τοῖς
1065 5795 1112 5841 ἐν
1143 5788 1446 5857 Ἐᾡέσῴ”νῦν
1463 5797 1601 5843 πάλιν
1623 5788 1803 5853 τὴνῖἷξ
1812 5788 1932 5846 πάνλ

359 5868 442 5920 τάς
464 5853 750 5920 τούςλόεγίους
768 5855 953 5920 ἀγάπην
997 5857 1154 5920 φησὶν,
1182 5853 1238 5904 ού
1280 5853 1390 5912 τοὺς
1431 5859 1714 5920 ἐπιχωρίους
1760 5860 1929 5920 μόνους

360 5915 487 5962 οὕτω
507 5916 684 5976 καλῶν,
707 5916 826 5963 ἀλλά
850 5919 928 5964 καὶ
949 5915 1137 5975 πάντας.

2065 910 2280 973 ἐτιιξεν
2316 908 2434 964 ὑπὸ
2465 906 2606 974 τοὺς
2641 907 2830 972 πόδας
2860 906 3068 972 αὑτοῦ,
3101 905 3199 959 καὶ
3227 903 3414 958 αὐτόν
3446 905 3629 960 ἔδωκε

2049 991 2326 1061 κεφαλὴν
2351 990 2506 1060 ὑπὲρ
2543 989 2738 1045 πάντα
2757 990 2833 1059 τῇ
2860 989 3215 1056 Ἐκκλησία,
3238 987 3372 1055 ἣτις
3400 987 3529 1041 ἐστὶ
3559 989 3627 1042 τὸ

2046 1075 2220 1144 σῶμα
2245 1072 2454 1138 αὑτοῦ,
2482 1073 2548 1125 τὸ
2577 1073 2867 1142 πλήρωμα
2898 1071 3006 1126 τοῦ
3037 1070 3110 1124 τὰ
3137 1069 3336 1124 πάντα
3375 1070 3445 1123 ἑν
3469 1069 3625 1125 πᾶσι

2047 1155 2493 1226 πληρουμένου.
2525 1157 2793 1224 Μεγάλων
2820 1155 2988 1218 ὅντως
3015 1152 3326 1225 μυστηρίων
3345 1153 3437 1206 καὶ
3456 1153 3628 1224 ἀπορ-

2050 1241 2234 1311 ῥήτων
2289 1241 2436 1310 ἡμᾶς
2493 1238 2720 1306 ἐποίησε
2771 1236 3080 1299 κοινωνούς.
3114 1237 3224 1289 Καὶ
3251 1234 3422 1288 ταῦτα
3452 1236 3628 1300 ἄλλως

2045 1325 2146 1376 οὐκ
2176 1323 2257 1378 ενι
2291 1323 2503 1394 μαθεῖν,
2535 1321 2914 1394 ἣΠνεύματος
2959 1321 3286 1391 μετέχοντας
3317 1319 3496 1388 ἁγίου,
3528 1322 3628 1374 καὶ

2046 1403 2248 1476 πολλῆς
2277 1405 2653 1469 ἀπολαύοντας
2682 1406 2926 1476 χάριτος.
2972 1403 3073 1457 Διά
3102 1403 3261 1456 τοῦτο
3290 1403 3386 1456 καὶ
3415 1403 3627 1466 Παῦλος

2046 1489 2220 1555 οὕτως
2245 1490 2481 1561 εὔχεταιο
2521 1491 2588 1544 '0
2620 1489 2823 1558 Πατὴρ
2860 1488 2971 1558 τῆς
3007 1488 3217 1556 δόξης,
3252 1488 3405 1558 φησί’
3469 1505 3624 1540 τουτο

2052 1574 2220 1639 ἐστιν,
2239 1575 2268 1627 ὁ
2301 1573 2512 1644 μεγάλα
2542 1575 2675 1644 ἡμῖν
2707 1571 2952 1634 δεδωκὼς
2980 1571 3182 1640 ἀγαθά.
3215 1570 3346 1624 Ἀπὸ
3375 1569 3485 1642 γὰρ
3514 1569 3625 1624 τῶν

2046 1657 2420 1727 ὑποκειμένων
2473 1657 2559 1709 ἀεὶ
2609 1655 2774 1708 αὐτὸν
2827 1655 3002 1716 καλεῖ,
3051 1654 3126 1716 ὡς
3168 1655 3297 1706 ὅταν
3351 1653 3507 1725 λέγῃ·
3562 1653 3626 1706 '0

2045 1740 2250 1808 Πατὴρ
2311 1739 2432 1793 τῶν
2472 1737 2811 1808 οἰκτιρμῶν,
2867 1737 2963 1790 καὶ
2993 1738 3140 1802 Θεὸς
3189 1737 3392 1804 πάσης
3444 1752 3629 1804 παρα-

2045 1823 2343 1890 κλήσεωςι
2369 1824 2462 1876 καὶ
2481 1821 2643 1874 πάλιν
2672 1823 2699 1874 ό
2729 1822 3034 1892 προφήτης,
3058 1823 3270 1886 Κύριος
3292 1821 3464 1890 ἰσχύς
3481 1838 3624 1888 μου,

2044 1906 2142 1959 καὶ
2168 1904 2426 1972 ,βοήθειά
2477 1922 2610 1971 μου.
2656 1905 2710 1956 '0
2741 1903 2943 1970 Πατὴρ
2982 1903 3092 1970 τῆς
3129 1903 3334 1970 δόξης.
3369 1905 3480 1956 Οὐκ
3512 1902 3626 1972 ἔχει

2043 1988 2130 2042 ἐπ’
2153 1988 2416 2059 ὀνόματος
2445 1987 2590 2040 αὐτὰ
2636 1987 3006 2057 παραστῆσαι,
3040 1987 3132 2039 καὶ
3163 1985 3437 2056 πανταχοῦ
3469 1985 3625 2050 δόξαν

2045 2072 2222 2137 καλεῖ,
2280 2073 2420 2140 ὅπερ
2475 2071 2658 2141 πάσης
2713 2069 2830 2123 ἐστὶ
2883 2069 3269 2140 λαμπρότητος
3326 2068 3458 2140 παρ’
3489 2070 3624 2138 ἡμῖν

2042 2158 2212 2226 ὄνομα
2239 2156 2335 2208 καὶ
2366 2153 2724 2226 προσηγορία.
2754 2153 2886 2206 Ἰδοὺ
2916 2153 3016 2222 τῆς
3033 2152 3210 2224 δόξης,
3229 2152 3385 2222 φησὶ.
3407 2153 3619 2222 Πατὴρ.

2040 2239 2133 2291 τοῦ
2162 2238 2219 2291 δὲ
2249 2236 2485 2307 Χριστοῦ
2528 2237 2682 2300 Θεός.
2725 2236 2791 2288 Τί
2821 2235 2945 2301 οὗν;
2995 2236 3234 2290 ἐλάττων
3280 2235 3378 2304 τῆς
3407 2234 3566 2304 δόξης
3592 2236 3624 2288 ό

2042 2321 2206 2386 Υίόςς
2251 2319 2392 2372 Ἀλλ’
2419 2319 2615 2384 οὐδεὶς,
2644 2317 2752 2372 οὐδ’
2777 2318 2844 2372 ἂν
2885 2319 3230 2389 μαινόμενος,
3263 2319 3407 2370 εἴποι
3437 2316 3620 2371 τοῦτο.

2041 2403 2166 2472 Δῴη
2203 2402 2369 2472 ὑμῖν,
2397 2403 2694 2467 τουτέστιν,
2728 2403 2930 2472 ἐπᾶραι
2952 2401 3049 2472 τὴν
3074 2402 3314 2456 διάνοιαν
3345 2402 3499 2472 ὐμῶν
3529 2401 3626 2456 καὶ

2040 2488 2444 2554 ἀναπτερῶσαι.
2477 2488 2551 2541 Οὐ
2583 2488 2692 2557 γάρ
2751 2487 2897 2540 ἔστιν
2955 2487 3127 2550 ἄλλως
3181 2487 3353 2540 ταῦτα
3406 2486 3622 2558 μαθεῖν.

2047 2573 2312 2640 Ψυχικὸς
2338 2573 2448 2641 γὰρ
2478 2573 2790 2640 ἅνθρωπος
2834 2573 2906 2625 οὐ
2942 2570 3178 2641 δέχεται
3201 2572 3274 2626 τὰ
3294 2572 3401 2625 τοῦ
3436 2573 3626 2626 πνεύ-

2035 2671 2242 2724 ματοςο
2272 2655 2469 2724 μωρία
2496 2655 2608 2724 γὰρ
2639 2651 2800 2718 αὐτῷ
2830 2653 3024 2707 ἐστιν.
3062 2655 3207 2725 Ἀρα
3243 2655 3626 2725 πνευματικῆς

2039 2739 2120 2791 δεῖ
2150 2737 2365 2806 σοφίας,
2396 2737 2484 2791 ἵνα
2537 2738 2605 2791 τά
2659 2735 3008 2806 πνευματικά
3057 2739 3364 2806 νοήσωμεν,
3423 2735 3512 2789 ἵνα
3554 2736 3624 2789 τά

2040 2820 2394 2890 κρυπτόμενα
2456 2819 2692 2890 ἴδωμεν’
2752 2819 2882 2872 αὐτὸ
2904 2819 2973 2872 τὰ
3017 2818 3193 2872 πάντα
3223 2817 3624 2883 ἀποκαλύπτει,

2042 2906 2316 2973 μυστήρια
2345 2900 2527 2972 μέλλει
2545 2901 2851 2972 διηγεῖσθαι
2879 2900 3036 2955 Θεοῦ.
3061 2899 3183 2953 Τῶν
3216 2900 3273 2953 δὲ
3305 2900 3625 2970 μυστηρίων

2039 2986 2132 3040 τοῦ
2161 2986 2299 3039 Θεοῦ
2333 2987 2432 3056 τὴν
2457 2986 2660 3054 γνῶσιν
2702 2983 2765 3037 τὸ
2818 2985 3045 3055 Πνεῦμα
3075 2981 3183 3038 οἶδε
3217 2985 3401 3055 μόνον,
3432 2983 3494 3036 τὸ
3526 2986 3623 3038 καὶ

2037 3070 2106 3121 τὰ
2138 3068 2273 3138 βάθη
2296 3068 2462 3120 αὐτοῦ
2493 3067 2730 3137 ἐρευνῶν
2750 3082 2766 3099 ⁸
2798 3068 2898 3120 οὐκ
2923 3067 3175 3136 ἄγγελος,
3209 3069 3310 3121 οὐκ
3339 3067 3622 3137 ἀρχάγγε-

2037 3152 2149 3216 λος,
2179 3152 2281 3204 οὐκ
2309 3151 2445 3222 άλλη
2487 3167 2572 3214 τις
2627 3151 2820 3221 κτιστὴ
2877 3151 3107 3221 δύναμις
3159 3150 3294 3222 δῴη,
3350 3150 3622 3214 τουτέστι,

2038 3237 2286 3306 χάρισμα
2307 3235 2436 3304 ὑμῖν
2465 3234 2762 3306 παράσχοι.
2817 3235 2881 3287 Εἰ
2930 3234 2988 3288 δὲ
3036 3235 3432 3307 ἀποκαλύψεως
3459 3235 3623 3290 τοῦτό

2039 3321 2178 3384 ἐστι,
2210 3317 2439 3390 περιττὴ
2481 3317 2668 3371 λοιπὸν
2725 3316 2834 3370 τῶν
2888 3317 3164 3387 λογισμῶν
3203 3320 3237 3389 ή
3274 3317 3513 3391 εὕρεσις.
3560 3319 3624 3372 '0

2036 3401 2145 3473 γὰρ
2189 3401 2285 3455 τὸν
2339 3401 2474 3455 Θεὸν
2532 3400 2740 3472 μαθὼν,
2789 3401 2884 3454 καὶ
2915 3401 3006 3453 τὸν
3035 3401 3168 3453 Θεὸν
3211 3402 3392 3469 γνοὺς,
3434 3401 3621 3455 οὐκέτι

2035 3485 2162 3553 περὶ
2185 3483 2401 3546 οὐδενὸς
2425 3483 2855 3554 ἀμφισϐητήσειο
2881 3483 2981 3553 οὐκ
3010 3485 3145 3554 ἐρεῖ’
3177 3483 3306 3536 Τόδε
3336 3483 3617 3547 ἀδύνατον,

2034 3566 2257 3620 καὶτόδε
2279 3566 2522 3620 δυνατόν·
2550 3566 2666 3629 καὶ,
2690 3565 2814 3630 Πῶς
2841 3565 2960 3618 τόδε
2989 3567 3227 3633 ὲγένετο;
3251 3567 3350 3618 Ἂν
3365 3565 3457 3618 τὸν
3485 3565 3621 3618 Θεὸν

2038 3648 2321 3720 μάθωμεν,
2379 3649 2454 3712 ὡς
2501 3649 2698 3702 εἰδέναι
2745 3647 2873 3718 χρὴ,
2931 3647 2999 3701 ἂν
3036 3648 3130 3700 τὸν
3174 3649 3309 3702 Θεὸν
3356 3648 3621 3718 μάθωμεν

2035 3732 2166 3802 παρ’
2196 3724 2257 3784 οῦ
2291 3731 2483 3801 μαθεῖν
2506 3731 2605 3792 δεῖ,
2631 3733 2758 3802 παρ’
2784 3730 2946 3784 αὐτοῦ
2975 3730 3072 3783 τοῦ
3114 3731 3453 3801 Πνεύματος,
3487 3731 3621 3784 οὐκ-

2034 3815 2116 3868 έτι
2167 3813 2295 3885 περὶ
2323 3814 2537 3878 οὐδενὸς
2583 3814 3098 3884 ἀμφισϐητήσομεν.
3127 3814 3227 3867 Διά
3242 3815 3399 3868 τοῦτό
3424 3831 3610 3886 φησιν·

2047 3898 2151 3952 Ἐν
2171 3898 2488 3967 ἐπιγνώσει
2510 3899 2696 3952 αὑτοῦ
2716 3899 3206 3969 πεφωτισμένους
3233 3899 3374 3966 τοὺς
3393 3900 3617 3968 ὀφθαλ-

2032 3980 2187 4051 μοὺς
2219 3981 2332 4048 τῆς
2369 3981 2619 4048 καρδίας
2652 3982 2840 4050 ὑμῶν.
2884 3981 2942 4035 '0
2972 3981 3162 4051 μαθὼν
3207 3983 3257 4034 τί
3305 3982 3422 4034 ἐστι
3457 3981 3612 4046 Θεὸς,

2033 4063 2134 4135 οὐχ
2163 4063 2305 4134 ὑπὲρ
2335 4062 2444 4116 τῶν
2489 4063 2838 4132 ἐπαγγελιῶν
2873 4063 3307 4135 ἀμφισϐητήσει,
3353 4065 3450 4134 οὐχ
3473 4064 3616 4134 ὑπὲρ

2031 4145 2140 4199 τῶν
2160 4145 2260 4216 ἢδη
2281 4145 2586 4217 γενομένων
2609 4146 3159 4218 ἀπιστήσει.Εὐχεται
3179 4147 3277 4218 μὲν
3289 4143 3382 4202 οῦν
3396 4147 3616 4218 δοθῆναι

2033 4230 2218 4292 αὐτοῖς
2249 4230 2468 4301 πνεῦμα
2503 4231 2697 4299 σοφίας
2742 4233 2837 4284 καὶ
2866 4229 3293 4299 ἀποκαλύψεως·
3331 4229 3471 4300 πλὴν
3519 4230 3616 4284 καὶ

2032 4313 2194 4375 αὐτὸς
2222 4312 2329 4366 ἀπὸ
2357 4313 2654 4383 λογισμῶν,
2679 4314 2778 4365 ὅσα
2807 4312 3050 4377 δύναται,
3071 4312 3490 4377 κατασκευάζει,
3517 4312 3614 4366 καὶ

2033 4396 2141 4449 ἀπὸ
2191 4395 2300 4449 τῶν
2329 4396 2432 4466 ἤδη
2463 4395 2842 4466 ὑπαρξάντων.
2886 4395 3106 4466 Ἐπειδὴ
3133 4394 3240 4467 γὰρ
3273 4397 3344 4449 τά
3377 4396 3476 4466 μὲν
3505 4395 3611 4468 ἤδη

2032 4480 2299 4549 γενόμενα
2326 4478 2519 4548 ἔμελλε
2551 4478 2751 4546 λέγειν,
2793 4477 2947 4531 τάδε
2976 4477 3132 4532 οὔπω
3163 4479 3470 4550 συμϐάντα,
3500 4480 3614 4533 ἀπὸ

2031 4561 2140 4615 τῶν
2165 4566 2470 4632 γενομένων
2499 4560 2567 4614 τὰ
2601 4562 2676 4631 μὴ
2706 4561 2972 4630 γενόμενα
3002 4561 3286 4616 πιστοῦται
3317 4561 3456 4634 [18].
3486 4559 3614 4617 Οἷόν

2033 4663 2086 4697 τι
2117 4645 2280 4713 λέγω·
2309 4647 2416 4711 Είς
2443 4643 2510 4697 τὸ
2535 4643 2762 4697 ειδέναι
2799 4641 2977 4712 ὑμᾶς,
3005 4645 3161 4715 φησὶ,
3211 4646 3303 4712 τίς
3348 4646 3520 4701 ἐστιν
3567 4647 3611 4717 ἠ

2033 4728 2210 4794 ἐλπὶς
2240 4726 2350 4796 τῆς
2378 4727 2655 4794 κλήσεως
2709 4727 2918 4781 αὑτοῦ.
2963 4729 3086 4782 Ἔτι
3115 4729 3308 4799 ἄδηλός
3337 4731 3475 4797 ἐστι,
3506 4749 3612 4802 φη-

2035 4815 2142 4878 σὶν,
2168 4812 2283 4866 ἀλλ’
2311 4813 2374 4865 οὐ
2418 4815 2531 4876 τοῖς
2585 4813 2815 4874 πιστοῖς.
2836 4811 2972 4865 ,Καὶ
3012 4814 3104 4879 τίς
3138 4817 3173 4868 ό
3209 4814 3474 4881 πλοῦτος
3499 4814 3614 4884 τῆς

2033 4895 2216 4964 δόξης
2239 4895 2426 4950 αὑτοῦ
2483 4895 2596 4963 τῆς
2633 4898 3042 4964 κληρονομίας
3098 4896 3169 4950 ἐν
3222 4896 3348 4962 τοῖς
3390 4898 3606 4968 άτίοις.

2037 4982 2159 5034 Ἔτι
2193 4980 2288 5034 καὶ
2319 4979 2477 5033 τοῦτο
2525 4979 2736 5051 ἄδηλον.
2769 4981 2811 5031 Τ
2817 4979 2833 5031 ί
2875 4981 2930 5033 δὲ
2959 4980 3150 5050 δῆλονς
3205 4982 3326 5034 Ὅτι
3355 4981 3610 5035 ἐπιστεύ-

2036 5081 2228 5134 σαμεν,
2267 5063 2374 5116 άπὸ
2403 5063 2503 5133 τῆς
2539 5062 2822 5132 δυνάμεως
2849 5063 2948 5134 τῆς
2977 5063 3144 5117 αὐτοῦ
3172 5064 3254 5118 ὅτι
3297 5065 3487 5135 ἤγειρε
3515 5064 3609 5118 τὸν

2033 5145 2287 5218 Χριστόν·
2319 5145 2414 5199 τοῦ
2444 5145 2553 5216 γὰρ
2581 5146 2890 5214 ἀναστῆσαι
2946 5148 3139 5218 νεκρὸν
3187 5148 3366 5216 πολλῷ
3395 5149 3610 5218 θαυμα-

2035 5230 2293 5300 σιώτερον
2322 5230 2380 5282 τὸ
2412 5232 2596 5283 πεῖσαι
2651 5228 2849 5298 ψυχάς.
2905 5231 3018 5285 Καὶ
3056 5232 3210 5298 πῶς;
3258 5231 3400 5300 Ἐγὼ
3447 5233 3607 5286 τοῦτο

2034 5313 2363 5384 πειράσομαι
2412 5312 2637 5382 ποιῆσαι
2687 5312 2953 5383 φανερόνο
3003 5314 3168 5368 ἄκουε
3212 5316 3344 5385 γάρ·
3379 5311 3548 5368 Εἶπεν
3576 5317 3607 5368 ό

2033 5397 2266 5467 Χριστὸς
2294 5394 2372 5465 τῷ
2419 5394 2695 5461 τεθνεῶτι,
2743 5395 2988 5465 Λάζαρε,
3015 5398 3192 5466 δεῦρο
3219 5399 3357 5465 ἔξω,
3390 5401 3485 5453 καὶ
3511 5401 3607 5453 εὐ-

2034 5479 2170 5541 θέως
2199 5479 2526 5548 ὐπήκουσενυ
2545 5475 2697 5531 εἶπεν
2716 5480 2746 5532 ὁ
2769 5479 2976 5550 Πέτρος
2991 5482 3223 5551 Ταδιθᾷ,
3257 5482 3602 5551 Ἀνάστηθι,

2033 5564 2127 5615 καὶ
2155 5563 2255 5615 οὐκ
2282 5563 2554 5615 ἀντεῖπεν.
2591 5561 2738 5633 Ἐρεῖ
2755 5561 2919 5626 αὐτὸς
2943 5564 3000 5616 ἐν
3017 5566 3082 5635 τῇ
3095 5565 3380 5639 τελευταίᾳ
3395 5567 3602 5639 ἡμέρᾳ,

2033 5649 2126 5701 καὶ
2154 5647 2355 5709 πάντες
2380 5645 2798 5716 ἀναστήσονται,
2822 5647 2916 5700 καὶ
2935 5647 3074 5718 μετὰ
3097 5649 3353 5704 τοσούτου
3381 5652 3600 5722 τάχους,

2030 5731 2106 5796 ὡς
2136 5731 2264 5794 τοὺς
2292 5729 2373 5782 ἔτι
2419 5730 2629 5794 ζῶντας
2676 5729 2750 5800 μὴ
2794 5730 2996 5800 φθάσαι
3046 5733 3173 5797 τούς
3219 5735 3599 5806 κοιμηθέντας,

2029 5819 2104 5883 ὼς
2143 5822 2202 5872 ὲν
2231 5819 2436 5891 ἀτόμῳ,
2473 5821 2530 5872 ἐν
2562 5821 2692 5890 ῥιπῇ
2723 5819 3003 5893 ὀφθαλμοῦ
3036 5823 3210 5878 πάντα
3230 5823 3480 5892 γενέσθαι
3510 5825 3600 5877 καὶ

2035 5912 2377 5984 συνδραμεῖν.
2393 5915 2395 5917 ’
