4060 6400
356 324 459 389 ’⁷95
1108 333 1164 387 S.
1205 328 1488 388 JOAN‘NIS
1522 318 2017 387 CIIRYSO'STOMI
2054 322 2369 381 ARCIIIEP.
2416 275 2961 380 CONSTgNTINOP.
3551 326 3622 383 ‘26

462 452 527 522 β’.
566 450 687 503 Ἐπὶ
716 449 773 502 δὲ
803 449 894 503 τοῦ
918 449 1227 515 πιστεῦσαι,
1259 452 1357 520 οὑχ
1387 449 1555 514 οὕτως
1578 467 1591 480 ·
1624 449 1760 503 ἀλλὰ
1798 446 1947 508 πῶς;

390 542 588 593 Ἀκουε
627 538 789 591 αὑτοῦ
846 538 1009 592 πάλιν
1052 538 1301 606 λέγοντος
1328 556 1340 570 ·
1369 539 1635 602 Ποσάκις
1679 536 1953 605 ἠθέλησα

385 626 855 695 ἐπισυναγαγεῖν
890 627 964 680 τὰ
1010 626 1192 680 τέκνα
1230 626 1417 696 ὑμῶν,
1459 628 1555 680 καί
1596 628 1705 680 οὐκ
1742 622 1955 693 ἠθελή-

386 716 565 767 σατε]
624 716 787 785 Ὁρᾷς
835 715 919 767 ὅτι
957 713 1118 766 τοῦτο
1159 713 1597 784 δυσκολώτερον;
1636 713 1799 764 Ὥστε
1848 711 1956 764 ἀπὸ

353 802 357 805 ”
384 802 575 855 τούτου
610 803 670 854 τὸ
697 804 805 854 πᾶν
838 801 1260 865 κατασκευάζει.
1291 800 1478 868 Πολλῴ
1509 802 1618 869 γάρ
1666 802 1782 851 ἐστι
1806 799 1953 866 λογι-

387 893 544 960 σμοῖς
586 889 948 960 ἀνθρωπίνοις
979 888 1379 959 δυσκολώτερον
1419 887 1738 958 προαίρεσιν
1773 882 1953 940 πεῖσαι

384 973 480 1025 τοῦ
514 972 676 1043 φύσιν
715 971 1071 1041 ἐργάσασθαι.
1114 972 1187 1024 Τὸ
1238 972 1295 1024 δέ
1341 972 1534 1035 αἰτιον,
1566 970 1750 1037 ἐπειδὴ
1792 969 1953 1032 αὑτὸς

385 1060 526 1113 οὑτω
554 1059 799 1129 βούλεται
838 1058 1059 1122 ἐκόντας
1099 1059 1246 1128 ἡμᾶς
1279 1056 1529 1125 γενέσθαι
1564 1056 1819 1124 ἀγαθούς.
1848 1055 1953 1109 Οὖ-

358 1164 491 1211 ·τως
539 1147 762 1209 εἰκότως
809 1134 968 1199 εἶπε·
1025 1145 1096 1198 Τὸ
1142 1144 1525 1213 ὑπερϐάλλον
1552 1144 1797 1214 μέγεθος
1838 1144 1951 1212 ’τῆς

384 1232 689 1302 δυνάμεως
744 1232 930 1287 αὑτοῦ
980 1235 1069 1297 εἷς
1119 1231 1276 1301 ἡμᾶς
1329 1231 1473 1298 τοὺς
1533 1234 1942 1299 πιστεύοντας.

385 1315 514 1368 Ὅτε
550 1317 657 1386 γὰρ
709 1318 981 1385 προφῆται
1030 1315 1183 1368 οὐδὲν
1216 1316 1441 1386 ῆνυσαν,
1472 1317 1558 1369 ὅτε
1596 1317 1815 1382 ἄγγελοι
1854 1316 1949 1370 καὶ

383 1401 733 1472 ἀρχάγγελοι,
756 1404 845 1455 ὅτε
880 1405 1031 1455 πᾶσα
1070 1402 1245 1466 κτίσις
1274 1405 1307 1473 ἡ
1337 1404 1527 1475 ὁρατή,
1562 1405 1655 1457 καὶ
1695 1406 1945 1475 ἀόρατος,

351 1490 548 1561 ’ὁρατὴ
586 1492 683 1561 μὲν
721 1493 800 1554 εἰς
854 1491 1016 1560 μέσον
1048 1492 1403 1563 προκειμένη,
1448 1493 1541 1545 καὶ
1571 1493 1644 1563 μῆ
1689 1494 1945 1563 ἰσχύουσα

380 1578 821 1647 χειραγωγῆσαι,
869 1579 1098 1647 ἀόρατος
1136 1579 1191 1630 δὲ
1243 1580 1445 1650 πολλὴ,
1476 1579 1797 1651 ᾠκονόμησε
1847 1583 1945 1652 τὴν

382 1665 545 1717 αὑτοῦ
579 1666 875 1735 παρουσίαν
905 1667 1045 1728 τότε,
1075 1668 1288 1729 δεικνὺς
1341 1669 1423 1721 ὅτι
1452 1668 1601 1733 θείας
1640 1669 1833 1742 ἔχρῃζε
1884 1671 1946 1722 τὸ

380 1756 611 1822 πρᾶγμα
638 1754 935 1824 δυνάμεως.
967 1754 1240 1807 Πλοῦτον
1265 1755 1467 1823 δόξης.
1497 1758 1769 1820 Τουτέστι,
1802 1757 1943 1827 ἄφα-

378 1857 468 1891 τον
494 1842 669 1904 δόξαν.
701 1843 856 1905 Ποῖος
882 1842 991 1911 γὰρ
1018 1842 1176 1907 λόγος
1208 1842 1303 1912 τὴν
1335 1842 1492 1906 δόξαν
1521 1844 1737 1915 ἐκείνην
1769 1864 1945 1916 παρα-

381 1928 571 1999 στῆσαι
588 1930 894 1999 δυνήσεται,
908 1927 981 2002 ’ἧς
999 1933 1046 1983 οἱ
1065 1931 1206 1998 ἆγιοι
1223 1933 1341 1984 τότε
1369 1933 1681 2001 μεθέξουσιν
1701 1952 1714 1997 ;
1734 1937 1939 2000 Οὑδείς⁶

376 2019 512 2071 ἀλλὰ
543 2017 763 2089 χάριτος
791 2018 959 2082 ὅντως
993 2020 1074 2071 δεῖ
1111 2019 1246 2091 πρὸς
1278 2021 1340 2073 τὸ
1367 2022 1465 2090 τὴν
1490 2022 1725 2077 διάνοιαν
1755 2024 1942 2094 μαθεῖν

375 2105 470 2158 καὶ
490 2106 625 2169 ὅλως
654 2107 847 2163 ἀκτῖνα
872 2106 1075 2175 μικράν
1095 2106 1225 2175 γοῦν
1245 2125 1367 2163 τινα
1390 2109 1661 2175 δέξασθαι.
1682 2112 1816 2165 Τινά
1843 2114 1941 2181 μὲν

375 2192 483 2263 γὰρ
523 2194 721 2263 ᾔδεσαν
767 2193 865 2248 καὶ
905 2194 1207 2265 πρότερον,
1243 2194 1494 2249 ἐϐούλετο
1530 2197 1586 2251 δὲ
1636 2199 1730 2252 νῦν
1780 2201 1939 2254 πλέον

374 2280 571 2343 αὑτοὺς
617 2282 809 2350 μαθεῖν
845 2282 942 2334 καὶ
1003 2284 1335 2354 σαφέστερον
1373 2286 1595 2353 γνῶναι.
1633 2287 1799 2359 Ὁρᾷς
1841 2290 1939 2342 ὅσα

375 2368 695 2438 εἰργάσατο,
748 2372 973 2440 Ἔγειρε
1030 2372 1122 2424 τὸν
1172 2373 1435 2442 Χριστόν·
1487 2376 1683 2445 μικρὸν
1742 2376 1937 2443 τοῦτο;

386 2458 525 2509 ’Λλλ’
546 2459 645 2527 ὅρα
677 2461 769 2511 καὶ
798 2460 979 2512 πάλιν·
1023 2460 1304 2513 Ἐκάθισεν
1332 2463 1388 2513 ἐν
1420 2462 1564 2533 δεξιᾷ
1591 2465 1791 2517 αὑτοῦο
1830 2467 1938 2537 ἄρα

370 2543 454 2606 τίς
481 2540 637 2613 λόγος
661 2548 818 2599 τοῦτο
838 2547 1187 2618 παραστῆσαι
1217 2548 1507 2619 δυνήσεται
1531 2569 1545 2612 ;
1573 2553 1677 2605 Τὸν
1710 2554 1818 2607 ἀπὸ
1838 2557 1937 2625 τῆς

371 2632 495 2703 γῆς,
522 2633 613 2687 τὸν
658 2633 765 2687 τῶν
802 2634 998 2703 ἰχθύων
1036 2635 1396 2703 ἀφωνότερον,
1419 2638 1511 2691 τὸν
1542 2640 1792 2708 παίγνιον
1829 2644 1938 2697 τῶν

370 2720 637 2791 δαιμόνων
690 2722 1009 2792 γενόμενον,
1062 2724 1139 2785 εἰς
1194 2724 1326 2792 ὕψος
1382 2726 1583 2790 εὑθέως
1639 2731 1934 2799 ἀνήγαγεν.

376 2810 580 2871 Ὄντως
610 2809 945 2877 ὑπερϐάλλον
986 2810 1213 2880 μέγεθος
1243 2813 1341 2882 τῆς
1375 2813 1657 2884 δυνάμεως
1686 2818 1873 2873 αὑτοῦ.

444 2898 554 2950 Καὶ
586 2898 682 2950 θέα
714 2898 815 2950 ποῦ
849 2899 1146 2966 ἀνήγαγεν·
1190 2899 1277 2952 Ἐν
1314 2904 1426 2964 τοῖς
1461 2904 1803 2974 ἐπουρανίοις
1831 2909 1935 2961 πά-

370 3001 469 3056 σης
518 2987 741 3050 κτιστῆς
773 2986 985 3054 φύσεως
1033 2986 1302 3057 ἀνώτερον
1339 2990 1626 3060 ἐποίησεν,
1684 2994 1938 3065 ὑπεράνω

367 3076 547 3145 πάσης
594 3075 770 3145 ἀρχῆς
818 3075 912 3127 καὶ
948 3073 1215 3139 ἐξουσίας.
1258 3075 1550 3145 Ὺπεράνω
1593 3081 1795 3149 πάσης
1836 3085 1937 3154 ἀρα

367 3162 505 3230 χῆς,
539 3163 725 3231 φησίν.
770 3162 977 3223 Ὄντως
1014 3164 1325 3232 πνεύματος
1366 3166 1540 3237 χρεία,
1576 3168 1811 3233 διανοίας
1848 3190 1936 3226 σο-

367 3250 474 3319 φῆς
525 3250 582 3301 ἐν
618 3252 681 3318 τῇ
731 3248 1024 3317 ἐπιγνώσει
1077 3249 1283 3303 αὐτοῦ’
1324 3251 1493 3317 ὅντως
1542 3254 1934 3325 ἀποκαλύψεως

366 3336 541 3405 χρεία.
608 3336 891 3406 Ἐννόησον
952 3337 1076 3389 ὅσον
1126 3338 1272 3391 ἐστὶν
1321 3339 1608 3410 ἀνθρώπου
1658 3346 1750 3397 καὶ
1800 3347 1933 3399 Θεοῦ

367 3424 580 3489 φύσεως
623 3422 682 3473 τὸ
720 3423 915 3490 μέσον·
951 3422 1059 3475 ἀπὸ
1102 3423 1308 3495 ταύτης
1366 3430 1467 3503 τῆς
1518 3430 1792 3495 εὐτελείας
1855 3434 1935 3498 εἰς

365 3511 581 3579 ἐκείνην
626 3511 786 3563 αὑτὸν
819 3513 1062 3581 ἀνήγαγε
1092 3511 1190 3583 τὴν
1232 3516 1399 3583 τιμήν
1421 3528 1436 3545 ⁶
1473 3517 1570 3589 οὑχ
1595 3518 1690 3571 ἕνα
1730 3520 1938 3593 βαθμὸν

366 3598 605 3667 ὑπερέϐη
637 3598 730 3651 καὶ
749 3598 999 3668 δεύτερον
1037 3601 1131 3651 καὶ
1159 3601 1361 3673 τρίτον.
1394 3603 1596 3658 Βαϐαῖί
1621 3608 1717 3677 οὑχ
1750 3611 1936 3674 ἁπλῶς

366 3682 538 3750 εἶπεν,
570 3688 737 3754 Ἀνω,
761 3687 896 3753 ἀλλ’,
928 3688 1255 3758 ’Υπεράνω.
1278 3690 1399 3743 Τῶν
1415 3691 1937 3769 γὰρᾶνωδυνάμεων

365 3776 635 3846 ἁνώτερός
671 3779 818 3829 ἐστιν
848 3780 877 3830 ὁ
919 3777 1073 3842 Θεός.
1110 3780 1273 3832 Ὥστε
1313 3784 1432 3835 ἐκεῖ
1464 3784 1630 3838 αὑτὸν
1671 3788 1934 3858 ἀνήγαγε,

365 3864 457 3915 τὸν
493 3865 552 3927 ἐξ
582 3865 757 3934 ήμῶν,
791 3866 897 3918 ἀπὸ
930 3869 1029 3935 τῆς
1062 3869 1296 3939 ἐσχάτης
1331 3861 1542 3940 νύσσης
1574 3875 1654 3936 εἰς
1695 3873 1810 3946 [19]
1838 3879 1937 3948 τὴν

368 3953 600 4021 ἐσχάτην
650 3952 855 4022 ἤγαγεν
896 3954 1089 4024 ἀρχὴν,
1137 3957 1255 4023 μεθ’
1290 3958 1356 4025 ἣν
1410 3960 1512 4012 οὑκ
1571 3960 1717 4014 ἔστιν
1773 3965 1935 4035 ἑτέρα

367 4039 521 4109 τιμή.
554 4038 764 4103 Πάσης
794 4039 1006 4107 ἀρχῆς,
1040 4041 1205 4111 φησίν
1225 4059 1239 4072 ·
1277 4046 1337 4094 οὑ
1366 4048 1467 4116 τῆς
1498 4047 1617 4115 μὲν,
1642 4050 1740 4121 τῆς
1761 4052 1817 4103 δὲ
1850 4044 1934 4119 οὑ,

366 4125 521 4189 ἀλλὰ,
555 4125 765 4193 Πὰσης
799 4127 993 4196 ἀρχῆς
1023 4130 1120 4181 καί
1153 4129 1440 4198 ἐξουσίας
1489 4137 1588 4188 καὶ
1628 4137 1937 4208 δυνάμεως

366 4215 466 4267 καὶ
514 4216 884 4282 κυριότητος,
920 4215 1020 4269 καὶ
1056 4218 1283 4283 παντὸς
1320 4221 1611 4291 ὀνόματος
1660 4228 1938 4297 ὀνομαζο-

361 4302 569 4370 μένου,
598 4303 718 4355 εἴτί
751 4305 899 4355 ἐστιν
932 4305 989 4355 ἐν
1036 4303 1114 4374 τῷ
1143 4305 1378 4377 οὐρανῷ,
1406 4311 1621 4365 πάντων
1663 4315 1936 4389 ἀνώτερος

367 4390 580 4457 γέγονε.
607 4389 776 4442 Τοῦτο
806 4389 935 4460 περὶ
960 4389 1053 4444 τοῦ
1081 4392 1145 4445 ἐκ
1184 4396 1393 4463 νεκρῶν
1425 4399 1765 4469 ἐγερθέντος’
1798 4407 1934 4479 ὅπερ

366 4478 514 4565 ᾅξιον
543 4477 839 4547 θαυμάσαι.
874 4480 1008 4549 Περὶ
1036 4480 1143 4550 γὰρ
1173 4480 1267 4533 τοῦ
1296 4483 1431 4536 Θεοῦ
1461 4488 1631 4555 Λόγου
1661 4477 1931 4565 οὐδαμῶς.

367 4562 546 4635 Ὅπερ
597 4564 707 4635 γάρ
751 4568 857 4618 εἰσι
899 4566 1161 4631 κώνωπες
1213 4570 1351 4639 πρὸς
1400 4573 1739 4644 ἀνθρώπους,
1776 4562 1934 4636 τοῦτο

366 4654 517 4705 πᾶσα
547 4653 580 4722 ή
615 4651 791 4714 κτίσις
817 4653 953 4723 πρὸς
988 4653 1078 4707 τὸν
1113 4654 1262 4710 Θεόν.
1303 4660 1413 4711 Καὶ
1449 4662 1503 4713 τί
1548 4662 1711 4731 λέγω,
1744 4665 1931 4723 κώνω-

365 4758 500 4805 mg;
541 4741 589 4790 εἰ
627 4738 825 4801 πάντες
861 4740 1134 4811 ἄνθρωποι
1165 4742 1241 4805 ώς
1288 4744 1461 4809 σίελος
1497 4748 1927 4822 λογισθήσονται,

367 4828 462 4881 καὶ
498 4825 572 4888 ὡς
605 4824 744 4897 ῥοπὴ
779 4827 943 4894 ζυγοῦ
996 4828 1374 4899 ἐλογίσθησαν,
1417 4833 1506 4897 θὲς
1538 4836 1636 4900 τὰς
1669 4842 1931 4910 ἀοράτους

364 4913 617 4982 δυνάμεις
641 4912 715 4975 ώς
742 4911 1026 4974 κώνωπας.
1054 4917 1127 4967 UO
1160 4918 1337 4971 τοίνυν
1373 4922 1501 4991 περὶ
1540 4925 1632 4976 τοῦ
1664 4928 1799 4982 Θεοῦ
1825 4932 1928 4983 Λόέ

364 5018 462 5069 του
490 5001 663 5065 οὕτως
693 4998 865 5067 εἶπεν,
889 5002 1022 5057 ἀλλὰ
1052 5006 1291 5074 περὶτοῦ
1323 5008 1382 5071 ἐξ
1407 5013 1581 5080 ἡμῶν·
1606 5016 1762 5069 τοῦτο
1789 5021 1931 5088 μέγα

362 5090 531 5153 ὅντως
548 5092 650 5180 ,καὶ
678 5090 1008 5161 θαυμαστόν.
1049 5092 1181 5145 Ἀπὸ
1216 5095 1323 5165 γὰρ
1347 5096 1456 5148 τῶν
1485 5104 1810 5158 κατωτάτων
1833 5109 1930 5180 τῆς

363 5180 468 5248 γῆς
500 5178 661 5231 αὑτὸν
695 5180 987 5249 ἀνήγαγεν.
1013 5180 1075 5232 Εἰ
1116 5180 1293 5235 πάντα
1324 5185 1391 5236 τὰ
1424 5185 1552 5254 ἔθνη
1589 5189 1663 5253 ὡς
1694 5178 1927 5261 σταγὼν,

365 5261 444 5328 εἷς
476 5265 759 5336 ἄνθρωπος
788 5268 955 5319 πόσον
981 5269 1087 5339 ἄρα
1124 5270 1288 5340 μέρος
1321 5273 1418 5342 τῆς
1451 5276 1738 5343 σταγόνο;;
1773 5283 1931 5337 Ἀλλὰ

363 5355 554 5407 τοῦτον
579 5355 794 5408 πάντων
843 5355 1114 5427 ἀνώτερον
1142 5360 1415 5430 ἐποίησεν,
1442 5364 1503 5415 οὑ
1547 5366 1707 5434 μόνον
1744 5370 1802 5421 ἐν
1853 5373 1930 5442 τῷ

366 5444 523 5496 αἰῶνι
552 5443 745 5515 τούτῳ,
790 5444 928 5498 ἀλλὰ
959 5447 1053 5499 καὶ
1091 5448 1149 5500 ἐν
1191 5448 1269 5519 τῷ
1320 5450 1583 5519 μέλλοντι.
1621 5456 1763 5527 ’Λρα
1811 5460 1930 5513 ἐστί

364 5529 645 5600 δυνάμεών
674 5540 835 5584 τινων
867 5532 1106 5603 ὀνόματα
1142 5536 1271 5604 ἡμῖν
1305 5536 1512 5607 ἄσημα,
1554 5542 1648 5594 καὶ
1687 5546 1748 5596 οὑ
1786 5564 1927 5613 γνω-

367 5618 646 5688 ριζόμενα.
681 5618 791 5672 Καὶ
833 5620 1029 5674 πάντα
1065 5622 1366 5685 ὑπέταξεν
1392 5625 1512 5678 ὑπὸ
1558 5628 1700 5695 τρὺς
1740 5634 1930 5701 πόδας

365 5706 571 5760 αὐτοῦ.
601 5708 712 5778 Οὑχ
744 5708 929 5772 ἁπλῶς
958 5711 1226 5781 ἀνώτερον
1256 5714 1527 5784 ἐποίησεν,
1558 5717 1633 5780 ὡς
1661 5724 1925 5790 προτιμᾶ-

369 5794 493 5848 σθαι
535 5794 736 5857 αὑτῶν,
778 5796 896 5847 οὑδέ
941 5798 1079 5851 κατὰ
1128 5799 1430 5869 σύγκρισιν,
1476 5803 1590 5857 ἀλλ’
1627 5804 1703 5870 ώς
1732 5807 1931 5862 δούλων

369 5884 762 5956 προκαθῆσθαι.
798 5885 991 5953 Βαϐαῖ,
1026 5888 1227 5957 φρικτά
1278 5890 1447 5954 ὅντως
1494 5892 1562 5947 τὰ
1597 5895 1924 5966 πράγματαί

2059 444 2343 515 ἀνθρώπου
2375 446 2563 512 γέγονε
2594 443 2755 512 δούλη
2798 445 2945 495 πᾶσα
2982 443 3013 510 ἡ
3055 440 3242 511 κτιστὴ
3277 440 3501 511 δύναμις
3535 441 3622 495 διὰ

2060 532 2147 585 τὸν
2192 530 2500 584 ἐνοικοῦντα
2532 530 2665 583 Θεὸν
2708 529 2897 596 Λόγον.
2940 529 3093 581 Ἔστι
3132 528 3239 597 γάρ
3276 545 3395 581 τινα
3437 528 3621 581 ἐπάνω

2057 615 2192 673 εἶναι
2229 621 2329 672 οὑκ
2356 620 2547 689 ἔχοντα
2589 617 2982 680 ὑπακούοντας,
3013 616 3146 669 ἀλλὰ
3171 616 3583 687 προτιμώμενον
3603 634 3616 647 ο

2055 707 2360 761 ἐνταῦθαδὲ
2382 707 2480 777 οὑχ
2504 704 2695 768 οὑτως,
2725 704 2861 758 ἀλλὰ
2884 705 3061 758 πάντα
3082 703 3344 767 ὑπέταξεν
3371 703 3475 757 ὑπὸ
3494 705 3622 769 τοὺς

2056 796 2222 859 πόδας
2252 793 2449 848 αὐτοῦ’
2494 793 2588 847 καί
2634 794 2733 863 οὑχ
2768 793 2953 854 ἁπλῶς
3006 790 3307 857 ὑπέταξεν,
3342 791 3475 845 άλλά
3522 792 3620 863 τὴν

2054 883 2289 957 ἐσχάτην
2315 882 2617 952 ὑποταγὴν,
2645 883 2742 935 καὶ
2779 879 2895 951 μεθ’
2920 880 2986 950 ἦν
3021 879 3181 948 ἑτέρα
3213 880 3314 931 οὑκ
3356 878 3490 932 ἔστι.
3520 881 3619 935 Διά

2054 970 2210 1022 τοῦτο
2240 966 2410 1023 εἶπεν·
2445 964 2592 1022 Ὑπὸ
2629 969 2772 1033 τοὺς
2824 967 3033 1032 πόδας.
3071 965 3178 1019 Καὶ
3207 966 3395 1019 αὑτὸν
3436 967 3620 1021 ἔδωκε

2056 1056 2332 1126 κεφαλὴν
2363 1056 2516 1124 ὑπὲρ
2554 1056 2749 1109 πάντα
2780 1052 2855 1123 τῇ
2898 1054 3244 1119 Ἐκκλησία.
3290 1053 3483 1119 Βαϐαῖ,
3513 1055 3615 1107 ποῦ

2053 1147 2217 1199 πάλιν
2272 1144 2366 1198 καὶ
2413 1145 2512 1214 τὴν
2577 1142 2901 1212 Ἐκκλησίαν
2948 1141 3258 1209 ἀνήγαγενί
3294 1141 3501 1211 Ὠσπερ
3531 1142 3618 1195 διά

2049 1242 2191 1296 τινος
2217 1233 2410 1304 ἕλκων,
2425 1231 2691 1301 μηχανῆς,
2714 1230 2793 1292 εἰς
2821 1228 2952 1297 ὕψος
2978 1227 3145 1296 αὑτὴν
3171 1227 3412 1297 ἀνήγαγε
3452 1228 3614 1298 μέγα,

2050 1321 2145 1373 καὶ
2195 1320 2365 1390 αὐτὴν
2422 1318 2672 1371 ἐκάθισεν
2718 1319 2797 1379 εἰς
2835 1318 3040 1369 ἐκεῖνον
3066 1316 3158 1367 τὸν
3204 1314 3410 1385 θρόνον.
3445 1317 3613 1370 Ἔνθα

2048 1409 2154 1477 γὰρ
2194 1410 2227 1479 ή
2261 1406 2489 1477 κεφαλή,
2524 1408 2642 1459 ἐκεῖ
2678 1406 2772 1459 καὶ
2801 1405 2861 1458 τὸ
2889 1404 3081 1473 σῶμα·
3115 1404 3289 1455 οὑδενὶ
3315 1405 3422 1475 γὰρ
3466 1406 3612 1475 μέσῳ

2046 1497 2339 1567 διείργεται
2371 1499 2404 1568 ή
2434 1495 2662 1565 κεφαλὴ,
2690 1497 2785 1547 καὶ
2804 1493 2866 1546 τὸ
2895 1493 3082 1563 σώμαδ
3111 1493 3159 1545 εἰ
3193 1494 3299 1561 γὰρ
3327 1492 3609 1564 διείργετο.

2046 1586 2145 1639 οὑκ
2171 1585 2235 1637 ἂν
2274 1586 2357 1655 εἴη
2386 1584 2562 1655 σῶμα,
2592 1585 2691 1636 οὑκ
2722 1583 2787 1635 ἂν
2816 1583 2899 1651 εἰη
2931 1580 3162 1650 κεφαλή.
3201 1581 3367 1648 Ὑπὲρ
3395 1579 3608 1640 πάντη,

2048 1673 2199 1741 φησί.
2216 1672 2281 1723 Τί
2299 1674 2468 1735 ἐστιν,
2494 1670 2663 1737 Ὑπὲρ
2684 1669 2914 1731 πάντα;
2942 1670 3008 1719 Ἢ
3027 1667 3116 1721 τὸν
3132 1669 3259 1721 ὄντα
3277 1670 3413 1737 ὑπὲρ
3436 1666 3612 1719 πάντα

2046 1761 2114 1812 τὰ
2138 1758 2389 1830 ὁρώμενα
2418 1759 2512 1811 καὶ
2536 1758 2603 1809 τὰ
2625 1754 2889 1830 νοούμενα
2914 1756 3146 1827 Χριστόν
3166 1772 3179 1784 ’
3210 1756 3242 1825 ἦ
3274 1755 3411 1824 ὑπὲρ
3437 1757 3614 1806 πάντα

2045 1847 2115 1901 τὰ
2136 1828 2313 1912 ἀγαθὰ
2330 1848 2489 1899 τοῦτο
2517 1828 2878 1916 πεποίηκε,τδ
2894 1846 2983 1897 τὸν
3005 1843 3130 1897 Υίὸν
3147 1844 3327 1897 δοῦναι
3345 1842 3607 1909 κειραλήν.

2047 1936 2160 1988 Οὑκ
2193 1935 2442 2003 ἄγγελον,
2475 1935 2573 1987 οὑκ
2600 1932 2958 2004 ἀρχάγγελον,
2996 1933 3094 1984 οὑκ
3115 1930 3270 1985 ἄλλον
3302 1928 3488 1982 οὑδένα
3511 1931 3613 1995 ἁφ-

2045 2023 2177 2087 ῆκεν
2207 2021 2502 2092 ἀνώτερον.
2529 2024 2604 2075 Οὑ
2633 2020 2805 2090 ταύτῃ
2831 2019 2887 2070 δέ
2919 2019 3077 2087 μόνον
3109 2018 3253 2087 ἡμᾶς
3283 2016 3528 2085 ἐτίμησε,
3550 2016 3611 2068 τὸ

2044 2108 2103 2173 ἐξ
2130 2109 2289 2178 ἡμῶν
2343 2107 2655 2176 ἀναγαγὼν,
2703 2106 2819 2161 ἀλλ’
2867 2107 2951 2158 ὅτι
2985 2104 3078 2157 καὶ
3126 2103 3187 2155 τὸ
3234 2102 3409 2155 κοινὸν
3454 2104 3610 2169 γένος

2046 2197 2191 2249 ἅπαν
2232 2196 2427 2265 ἐκείνῳ
2478 2194 2705 2247 ἕπεσθαι
2754 2192 3197 2259 παρεσκεύασεν,
3234 2190 3440 2244 ἐκείνου
3494 2189 3611 2259 εχε-

2045 2284 2190 2346 σθαι,
2206 2284 2400 2353 ἐκεινῳ
2426 2282 2757 2337 ἀκολουθεῖν.
2781 2283 2938 2346 Ἦτις
2964 2281 3093 2333 ἐστί
3120 2280 3185 2332 τὸ
3212 2277 3381 2349 σῶμα
3402 2278 3605 2331 αὐτοῦ.

2043 2375 2161 2428 Ἵνα
2193 2376 2302 2446 γὰρ
2360 2374 2465 2445 μὴ,
2526 2373 2765 2435 ἀκούσας
2795 2372 3058 2441 κεφαλὴν,
3091 2371 3189 2440 τὴν
3228 2370 3401 2440 ἀρχὴν
3452 2367 3610 2438 μόνον

2040 2463 2289 2534 νομίσῃς,
2316 2463 2452 2515 ἀλλὰ
2486 2463 2580 2515 καὶ
2608 2461 2705 2532 τὴν
2737 2459 3084 2531 βεϐαιότητα,
3122 2458 3243 2529 μηδ’
3272 2458 3347 2521 ὡς
3376 2456 3609 2527 ἄρχοντα

2043 2552 2223 2621 μόνον,
2251 2552 2367 2605 ἀλλ’
2391 2551 2466 2613 ώς
2493 2551 2741 2621 σώματος
2770 2548 2884 2619 ἴδῃς
2912 2548 3172 2618 κεφαλὴν,
3201 2547 3271 2601 Τὸ
3294 2546 3604 2615 πλήρωμα.

2040 2641 2228 2711 φησὶν,
2272 2641 2379 2694 τοῦ
2410 2641 2482 2694 τὰ
2520 2639 2716 2692 πάντα
2740 2639 2811 2690 ἐν
2856 2635 3007 2690 πᾶσι
3034 2635 3476 2705 πληρουμένου.
3521 2638 3607 2697 Ὠς

2039 2729 2138 2781 οὑκ
2171 2727 2464 2799 ἀρκοῦντος
2495 2726 2684 2779 τούτου
2710 2724 2877 2789 δεῖξαι
2908 2725 3006 2796 τὴν
3039 2724 3358 2792 συγγένειαν
3389 2725 3481 2775 καὶ
3510 2724 3608 2791 τὴν

2039 2816 2338 2886 ἐγγύτητα,
2371 2816 2422 2868 τί
2453 2832 2621 2885 emas;
2672 2813 2741 2866 Τὸ
2777 2812 3065 2880 πλήρωμα
3118 2811 3223 2864 τοῦ
3271 2809 3527 2878 Χριστοῦ
3568 2812 3606 2877 ἠ

2051 2903 2396 2970 Ἐκκλησία.
2434 2905 2546 2956 Καὶ
2581 2900 2691 2971 γὰρ
2726 2901 2999 2970 πλήρωμα
3027 2899 3270 2968 κεφαλῆς
3304 2898 3484 2967 σῶμα,
3514 2900 3607 2950 καὶ

2038 2989 2311 3060 πλήρωμα
2365 2988 2618 3059 σώματος
2662 2987 2772 3060 [9.0]
2817 2987 3046 3056 κεφαλή.
3082 2987 3226 3058 Ὅρα
3265 2985 3405 3056 πόσῃ
3458 2985 3607 3049 τάξει

2038 3078 2301 3149 κέχρηται
2346 3079 2579 3143 Παῦλος,
2635 3077 2753 3140 πῶς
2792 3074 3003 3138 οὑδενὸς
3056 3073 3295 3143 φείδεται
3341 3075 3605 3143 ῥήματος,

2037 3165 2177 3218 ὣστε
2229 3169 2573 3235 παραστῆσαι
2622 3164 2717 3217 τοῦ
2768 3163 2900 3215 Θεοῦ
2948 3163 3046 3228 τὴν
3075 3161 3250 3225 δόξαν.
3287 3162 3604 3229 Πλήρωμα,

2038 3253 2201 3325 φησί·
2242 3253 2540 3316 τουτέστιν,
2568 3246 2681 3303 οἷον
2717 3251 2927 3319 κεφαλὴ
2972 3249 3271 3318 πληροῦται
3318 3249 3471 3320 παρὰ
3510 3250 3606 3301 τοῦ

2040 3343 2309 3413 σώματος’
2334 3338 2424 3394 διὰ
2447 3338 2555 3410 γάρ
2584 3338 2802 3391 πάντων
2826 3354 2890 3407 με
2901 3336 3006 3406 ρῶν
3024 3336 3085 3387 τὸ
3107 3336 3265 3405 σῶμα
3287 3337 3604 3407 συνέστηκε,

2037 3429 2134 3482 καὶ
2195 3429 2313 3491 ἐνὸς
2370 3429 2602 3482 ἑκάστου
2637 3424 2849 3496 χρῄζει.
2900 3426 3042 3491 Ὅρα
3091 3424 3208 3487 πῶς
3253 3425 3415 3477 αὑτὸν
3452 3427 3605 3495 κοινῇ

2038 3518 2255 3570 πάντων
2282 3515 2554 3586 χρῄζοντα
2576 3516 2807 3581 εἰσάγει.
2840 3513 2939 3565 Ἂν
2969 3513 3079 3581 γὰρ
3113 3510 3188 3579 μὴ
3220 3503 3368 3580 ὦμεν
3399 3511 3603 3573 πολλοὶ,

2036 3606 2133 3659 καὶ
2158 3607 2186 3657 ὁ
2232 3605 2331 3674 μὲν
2362 3602 2505 3674 χεὶρ,
2537 3604 2567 3654 ὁ
2613 3601 2671 3653 δὲ
2708 3599 2860 3665 ποῦς,
2912 3600 2942 3652 ὁ
2972 3600 3029 3651 δὲ
3065 3598 3192 3651 ἄλλο
3224 3615 3276 3651 τι
3326 3599 3511 3669 μέρος,
3543 3599 3604 3651 οὑ

2038 3692 2337 3762 πληροῦται
2358 3692 2480 3744 ὅλον
2513 3690 2573 3743 τὺ
2604 3689 2781 3758 σῶμα.
2820 3688 2918 3741 Διὰ
2945 3687 3160 3740 πάντων
3179 3682 3271 3739 οὖν
3306 3685 3599 3755 πληροῦται

2037 3781 2096 3833 τὸ
2123 3780 2281 3850 σῶμα
2304 3779 2488 3832 αὑτοῦ.
2534 3778 2670 3829 Τότε
2699 3776 2999 3847 πληροῦται
3030 3777 3063 3845 ή
3098 3775 3332 3843 κεφαλὴ,
3371 3776 3491 3825 τότε
3519 3774 3604 3824 τέ⁴

2037 3870 2179 3922 λειον
2223 3868 2383 3939 σῶμα
2420 3867 2652 3935 γίνεται,
2675 3866 2803 3918 ὅταν
2823 3864 2958 3935 ὁμοῦ
2982 3865 3183 3926 πάντες
3219 3857 3369 3933 ὦμεν
3398 3878 3605 3931 συνημ-

2040 3960 2192 4028 μένοι
2224 3957 2319 4009 καὶ
2354 3954 2871 4023 συγκεκολλημένοι.

2106 4046 2175 4112 γ’.
2209 4039 2361 4107 Εἶδες
2379 4042 2607 4095 πλοῦτον
2635 4041 2793 4109 δόξης
2819 4040 3181 4109 κληρονομίας
3209 4056 3224 4103 ;
3256 4036 3396 4101 εἶδες
3430 4038 3599 4108 ὑπερ⁴

2038 4131 2231 4187 ϐάλλον
2253 4131 2480 4202 μέγεθος
2496 4129 2776 4199 δυνάμεως
2802 4129 2881 4189 εἰς
2909 4130 3034 4189 τοὺς
3062 4125 3410 4188 πιστεύοντας
3428 4142 3444 4187 ;
3463 4122 3601 4189 εἶδες

2038 4220 2227 4273 ἐλπίδα
2279 4219 2526 4288 κλήσεως
2555 4235 2570 4283 ;
2604 4214 2950 4284 Αἰδεσθῶμεν
3007 4214 3163 4285 ήμῶν
3209 4215 3307 4284 τὴν
3336 4214 3598 4283 κεφαλὴν,

2038 4309 2377 4377 ἐννοήσωμεν
2422 4305 2566 4367 τίνος
2614 4303 2781 4373 ἐσμὲν
2833 4302 2991 4371 σῶμα
3038 4301 3307 4372 κεφαλῆς,
3356 4294 3602 4374 ᾖπάντα

2039 4398 2419 4451 ὑποτέτακται.
2454 4393 2564 4447 Καὶ
2592 4392 2698 4446 τῶν
2736 4392 2982 4460 ἀγγέλων
3011 4392 3150 4445 κατὰ
3196 4392 3352 4443 τοῦτο
3380 4392 3439 4444 τὸ
3471 4391 3602 4443 ὑπό-

2034 4485 2232 4555 δειγμα
2273 4482 2517 4549 βελτίους
2557 4482 2704 4551 ἡμᾶς
2743 4476 2884 4533 εἶναι
2914 4480 3041 4549 χρὴ,
3074 4480 3167 4531 καὶ
3198 4477 3303 4531 τῶν
3330 4479 3600 4549 ἀρχαγγέ-

2034 4572 2139 4626 λων
2187 4573 2437 4642 μείζους,
2473 4569 2546 4631 ὡς
2586 4569 2800 4621 πάντων
2852 4566 3028 4619 αὑτῶν
3077 4567 3594 4637 προτετιμημένους.

2037 4662 2159 4715 Οὐκ
2194 4658 2466 4728 ἀγγέλων
2516 4656 2839 4709 ἐπελάϐετο
2877 4656 2909 4706 ὁ
2953 4654 3116 4719 Θεὸς,
3150 4653 3331 4715 καθὼς
3373 4654 3601 4725 γράφων

2043 4747 2313 4818 Ἑϐραίοις
2346 4744 2532 4816 φησὶν,
2570 4744 2731 4797 ἀλλὰ
2781 4740 3123 4808 σπέρματος
3168 4741 3446 4810 Ἀϐραάμ
3500 4742 3601 4793 οὐκ

2032 4838 2207 4909 ἀρχῆς
2260 4835 2378 4888 οὑδέ
2430 4833 2676 4899 ἐξουσίας
2723 4830 2844 4882 οὑδέ
2887 4828 3206 4899 κυριότητος
3263 4829 3383 4881 οὑδέ
3433 4830 3600 4899 ἄλλης

2031 4927 2287 4994 οὐδεμιᾶς
2347 4924 2673 4993 δυνάμεως·
2720 4919 2856 4972 ἀλλὰ
2934 4919 3033 4986 τὴν
3097 4917 3371 4987 ἡμετέραν
3439 4903 3648 4986 φύσινξ

2032 5012 2282 5079 ἀνέλαϐε,
2306 5012 2400 5065 καί.
2453 5009 2702 5063 ἐκάθισεν
2737 5006 2866 5060 ἀνω.
2904 5000 3015 5058 Καὶ
3044 5005 3097 5057 τί
3118 5005 3279 5073 λέγω,
3308 5004 3597 5067 ἐκάθισεν;
3642 4996 3650 5059 ἒ

2036 5103 2251 5171 ἱμάτιον
2290 5098 2455 5153 αὑτοῦ
2514 5098 2791 5165 ἐποίησεν,
2854 5094 2947 5147 καὶ
2999 5093 3097 5163 οὑχ
3123 5092 3330 5155 ἁπλῶς,
3355 5089 3469 5146 an"
3494 5094 3599 5147 ὑπὸ

2031 5192 2159 5253 τοὺς
2203 5189 2369 5251 πόδας
2423 5186 2592 5239 αὑτοῦ
2643 5185 2819 5236 πάντα
2873 5180 3130 5245 ὑπέταξε.
3173 5182 3381 5245 Πόσους
3421 5181 3597 5251 βούλει

2032 5279 2205 5331 θεῖναι
2235 5276 2495 5337 θανάτους
2517 5291 2535 5338 ;ν
2568 5272 2741 5334 πόσας
2769 5271 2948 5340 ψυχάς
2984 5286 3019 5337 ;η
3036 5268 3264 5340 μυρίους
3280 5272 3375 5323 καὶ
3398 5271 3599 5324 πολλαά

2033 5364 2328 5429 πλασίους;
2372 5361 2508 5415 Ἀλλ’
2552 5359 2708 5413 οὐδὲν
2770 5358 2884 5411 ἴσον
2922 5358 3086 5427 ἐρεῖς.
3123 5356 3227 5409 Δύο
3261 5358 3368 5429 γὰρ
3396 5359 3466 5412 τὰ
3501 5363 3601 5428 μέ,

2030 5464 2190 5523 γιστα
2222 5450 2540 5519 πεποίηκεν,
2572 5448 2735 5509 αὑτός
2761 5463 2822 5500 τε
2850 5447 2929 5509 εἰς
2956 5444 3180 5514 ἔσχατον
3217 5447 3599 5516 ταπεινότητος

2029 5539 2182 5613 ἦλθες
2210 5539 2306 5592 καὶ
2347 5537 2439 5590 τὸν
2489 5536 2779 5606 ἄνθρωπον
2814 5536 2895 5597 εἰς
2943 5533 3084 5603 μέγα
3120 5533 3452 5606 ὑψηλότητος
3505 5536 3599 5587 (Κιν-⁶

2030 5633 2227 5698 ήγαγε.
2255 5621 2422 5678 Εἶπεν
2439 5626 2615 5677 ἐκεῖνο
2632 5634 2657 5662 ιι
2678 5622 2914 5693 πρῶτον,
2936 5622 3017 5673 ὅτι
3049 5621 3242 5675 ἐαυτὸν
3267 5622 3597 5676 ἐταπείνωσε

2030 5716 2282 5769 τοσοῦτον
2317 5729 2332 5742 ·
2366 5714 2515 5781 λέγει
2542 5711 2605 5764 τὸ
2634 5710 2826 5764 τούτου
2854 5708 3188 5779 ὑψηλότερον
3216 5709 3329 5775 νῦν,
3360 5710 3423 5763 τὸ
3453 5713 3596 5780 μέγα

2092 5861 2116 5888 a
2142 5847 2277 5917 Idem
2297 5845 2449 5917 ςοςίεχ
2474 5844 2669 5917 Cojslit}.
2692 5847 2929 5917 εἶ’-1931⁵8.
2952 5840 3125 5917 gavit”
3151 5842 3396 5915 ἀνῂγαγεν.
3426 5840 3566 5889 Ἐκλο

2035 5928 2110 5959 ισε
2144 5911 2233 5970 γὰρ
2264 5908 2421 5968 αὑτὸν,
2443 5908 2600 5966 φησὶν,
2626 5906 2673 5952 ἐν
2692 5906 2817 5968 δεξιᾷ
2847 5904 3007 5952 αὑτοῦ.
3038 5904 3181 5951 Εἶπεν
3204 5904 3371 5952 ἐκεῖνο.
