4060 6400
392 380 464 447 25
1318 363 1382 418 IN
1423 363 1636 419 EPIST.
1681 365 1772 420 AD
1812 363 2059 420 eruas.
2100 364 2254 420 CAP.
2300 365 2339 421 ι.
2384 367 2611 426 nonIL.
2655 371 2769 443 ut.
3589 374 3667 439 ut,

394 486 695 549 celeritate,
715 492 775 538 ut
801 481 894 551 qui
917 479 1092 544 adhuc
1115 487 1297 533 rivunt
1320 521 1335 540 ,
1379 496 1485 533 lltm
1516 481 1625 533 sint
1649 479 1970 549 prmventuri

394 600 491 645 eos
530 582 617 653 qui
641 579 994 639 dormierunt,
1026 575 1161 635 adeo
1191 584 1247 628 ut
1275 574 1454 629 omnia
1473 574 1600 627 liant
1622 574 1677 628 in
1703 581 1973 629 momento

392 688 447 732 et
477 676 527 728 in
557 676 663 725 ictu
686 671 848 725 oeuli.

466 768 509 822 9..
552 766 606 821 In
641 762 909 818 credendo
949 769 1124 814 autem
1157 775 1260 812 non
1295 758 1362 811 ita
1404 758 1494 821 lit;
1531 756 1624 811 sed
1667 756 1972 826 quomodo?

393 859 528 915 Audi
554 872 677 910 eum
704 869 891 909 rursus
916 853 1178 907 dicentem
1214 869 1225 903 :
1259 850 1467 914 Quoties
1506 850 1641 901 volui
1669 865 1973 918 congregare

392 954 525 1020 ﬁlios
555 960 760 1012 vestros,
783 955 829 1000 et
855 944 1085 998 noluistis
1111 941 1260 1014 (Luc.
1290 943 1379 997 15.
1409 938 1520 1011 Si).
1552 939 1707 993 Vides
1731 939 1831 993 huc
1852 954 1972 995 esse

389 1040 693 1100 difﬁcilius?
713 1038 1069 1104 Quamobrem
1091 1049 1161 1088 ex
1189 1033 1292 1088 hoc
1318 1032 1504 1102 probat
1526 1032 1849 1085 universum.
1874 1029 1972 1085 Est

392 1134 533 1188 enim
565 1131 733 1187 multo
752 1127 1028 1185 difﬁcilius
1055 1124 1299 1178 humanis
1323 1123 1616 1176 rationibus
1645 1120 1970 1191 persuadere

393 1227 560 1280 libero
586 1224 827 1286 arbitrio,
854 1236 1012 1289 qnam
1040 1216 1249 1286 operari
1282 1226 1545 1271 naturam.
1573 1213 1751 1269 Causa
1773 1224 1855 1267 est
1877 1228 1970 1265 au-

391 1331 498 1373 tem
523 1359 538 1379 ,
570 1313 819 1384 quoniam
852 1314 963 1381 ipse
1002 1312 1080 1365 sic
1122 1310 1230 1363 vult
1266 1323 1362 1362 nos
1400 1317 1580 1361 nostra
1621 1315 1810 1374 sponte
1853 1305 1967 1360 ﬁeri

392 1412 579 1463 imitus.
609 1408 698 1462 Sic
722 1406 914 1459 merito
941 1403 1109 1473 dixit,
1128 1402 1516 1469 Supereminens
1544 1397 1839 1467 magnitudo
1869 1397 1969 1449 vir-

390 1505 511 1556 tutis
537 1504 646 1571 ejus
680 1502 731 1552 in
762 1515 853 1551 uos
896 1498 980 1568 qui
1025 1494 1347 1548 credidimus.
1388 1492 1610 1558 Quando
1650 1490 1792 1545 enitn
1838 1505 1966 1558 pro-

390 1597 566 1666 pheta:
594 1591 722 1647 nihil
755 1588 1117 1661 profecerunt,
1141 1586 1353 1656 quando
1373 1584 1546 1653 angeli
1567 1594 1619 1639 et
1639 1582 1964 1652 archangeli,

389 1684 601 1756 quando
628 1682 803 1738 omnis
828 1689 1079 1736 creatura
1101 1677 1440 1747 aspectabilis
1458 1717 1477 1742 ,
1504 1686 1557 1730 et
1596 1690 1700 1729 non
1726 1684 1969 1744 aSpecta.

390 1780 513 1834 bilis
537 1795 553 1833 :
576 1774 916 1846 aSpeetabilis
942 1771 1155 1842 quidem
1185 1770 1236 1823 in
1264 1768 1440 1824 medio
1467 1768 1758 1838 proposita,
1781 1777 1834 1823 et
1860 1783 1963 1822 non

388 1872 571 1936 valens
606 1868 908 1930 deducere,
954 1863 1118 1929 ttuilta
1161 1870 1337 1921 autem
1379 1860 1772 1933 iuaspectabilis
1798 1876 1811 1914 :
1841 1868 1965 1914 tunc

384 1981 538 2017 suum
561 1958 889 2029 dispensavit
911 1955 1221 2017 adventum,
1251 1952 1537 2019 ostendens
1565 1967 1675 2006 rem
1702 1967 1863 2021 egere
1887 1951 1967 2011 di-

386 2056 507 2117 vjna
538 2053 752 2107 virtute.
781 2048 997 2103 Diuitias
1021 2047 1218 2117 glorias.
1249 2044 1361 2103 Hoc
1386 2053 1490 2110 est,
1520 2044 1745 2113 gloriam
1772 2043 1963 2103 metra,

384 2148 568 2203 bilem.
611 2145 742 2200 Nam
784 2156 1028 2213 quaenam
1074 2139 1249 2194 oratio
1288 2137 1480 2207 poterit
1520 2136 1668 2192 illam
1695 2137 1965 2202 explicare

382 2241 638 2309 gloriam,
668 2235 819 2305 cujus
860 2233 1031 2287 sancti
1062 2242 1187 2287 tunc
1220 2237 1379 2285 erunt
1416 2228 1742 2297 participes?
1770 2226 1960 2292 Nulla;

381 2334 476 2389 sed
509 2348 567 2387 re
592 2346 715 2385 vera
741 2343 876 2398 opus
902 2326 1068 2397 gratia
1092 2366 1106 2389 ,
1138 2332 1197 2383 ut
1238 2338 1389 2377 mens
1425 2321 1635 2387 discat,
1668 2330 1721 2375 et
1746 2320 1984 2381 omnino,

384 2439 603 2493 parvum
646 2422 830 2489 utique
870 2419 1077 2473 radium
1117 2415 1367 2484 excipiat.
1399 2414 1589 2483 Aliqua
1627 2413 1784 2467 etiam
1813 2412 1963 2483 prius

378 2515 594 2585 quidem
636 2518 933 2574 noverant,
963 2507 1176 2565 volebat
1204 2517 1378 2563 autem
1419 2519 1514 2561 eos
1552 2520 1693 2560 nunc
1734 2504 1983 2575 amplius

379 2608 589 2662 discere
613 2613 665 2659 et
697 2616 856 2658 nosse
879 2599 1135 2670 apertius.
1166 2597 1328 2654 Vides
1356 2611 1516 2667 quam
1547 2596 1709 2651 multa
1738 2596 1809 2651 sit
1835 2610 1965 2664 0pc-

380 2697 563 2755 ratus?
590 2693 861 2751 Christum
889 2690 1165 2746 suscitavit
1194 2706 1208 2743 :
1236 2690 1407 2743 hocne
1436 2688 1691 2758 parvum?
1716 2686 1821 2742 Sed
1846 2702 1964 2745 rur-

378 2760 471 2845 sus
511 2788 653 2843 vide.
700 2785 901 2842 Sedere
954 2783 1079 2840 fecit
1122 2781 1190 2836 ad
1235 2780 1512 2837 dexteram
1555 2794 1708 2835 suam
1740 2795 1754 2834 :
1786 2778 1962 2835 ullane

374 2883 548 2937 oratio
593 2880 698 2935 hoc
743 2877 937 2949 poterit
973 2875 1274 2945 explicare?
1307 2874 1437 2929 Eum
1476 2873 1565 2942 qui
1598 2872 1699 2928 fuit
1723 2888 1754 2928 e
1786 2882 1959 2938 terra,

375 2991 500 3028 eum
531 2972 620 3042 qui
649 2980 734 3025 est
762 2969 930 3040 magis
960 2975 1137 3022 mutus
1161 2980 1319 3036 quam
1352 2965 1547 3035 pisces,
1574 2965 1661 3034 qui
1688 2964 1858 3019 factus
1878 2975 1962 3020 est

376 3066 664 3128 ludibrium
690 3064 1017 3128 daemonum,
1046 3060 1100 3115 in
1126 3059 1295 3125 altum
1318 3059 1495 3113 statim
1514 3058 1726 3113 extulit.
1752 3057 1964 3113 Revera

378 3126 461 3216 est
483 3156 888 3227 supereminens
911 3126 1220 3223 magnitudo
1245 3150 1362 3221 ejus
1390 3148 1637 3205 virtutis-

449 3253 612 3317 Quam
627 3251 729 3304 alte
750 3248 887 3303 Deus
902 3247 1150 3301 hominem
1173 3243 1639 3307 salutaria—Vide
1652 3253 1829 3299 autem
1852 3259 1959 3315 quo

375 3344 626 3400 extulerit
655 3361 669 3397 :
699 3343 754 3397 in
797 3341 1109 3397 csalestibus
1147 3353 1270 3394 eum
1300 3336 1425 3393 fecit
1452 3338 1783 3407 superiorem
1813 3340 1957 3395 omni

374 3446 554 3508 qreata
573 3444 942 3503 natura,supra
954 3446 1166 3486 omnem
1186 3430 1538 3500 principatum
1553 3440 1605 3487 et
1620 3441 1954 3500 potestatem:

374 3530 552 3597 Supra
568 3543 786 3591 onmem,
810 3524 998 3594 inquit,
1015 3523 1373 3595 principatum.
1394 3522 1600 3578 Revera
1617 3523 1805 3592 spiritu
1823 3537 1969 3592 opus,

372 3630 479 3691 est,
508 3630 565 3674 et
589 3617 812 3688 sapienti
837 3624 1017 3671 mente
1046 3615 1099 3670 in
1128 3615 1397 3685 agnitione
1423 3614 1574 3682 ejus;
1609 3629 1792 3670 revera
1823 3631 1960 3685 opus

373 3725 452 3769 est
472 3711 818 3769 revelatione.
847 3709 1030 3780 Cogita
1051 3719 1304 3777 quantum
1337 3708 1545 3761 intersit
1567 3707 1704 3762 inter
1725 3707 1957 3762 hominis

374 3818 432 3875 et
460 3807 551 3861 Dei
578 3814 863 3863 naturam:
884 3814 938 3858 et
958 3802 1028 3857 ab
1066 3801 1167 3857 hac
1204 3802 1408 3856 vilitate
1437 3809 1492 3856 et
1519 3800 1815 3870 abjectione
1833 3816 1955 3856 eum

373 3900 440 3953 ad
486 3899 637 3952 illum
682 3896 941 3951 honorem
967 3893 1216 3957 sustulit;
1246 3908 1351 3947 non
1376 3907 1539 3949 unum
1567 3900 1659 3945 aut
1684 3892 1909 3947 alterum
1936 3934 1953 3959 ,

374 4000 467 4044 aut
504 3992 718 4044 tertium
760 3987 982 4057 gradum
1028 3984 1375 4040 transcendit.
1417 3983 1608 4052 Papae!
1637 3983 1748 4038 Nec
1779 3984 1955 4038 solum

374 4081 527 4148 dixit,
548 4081 743 4148 Supra,
772 4079 890 4143 sed,
918 4081 1093 4147 Longe
1119 4092 1296 4146 supra.
1337 4075 1596 4144 Supernis
1628 4075 1771 4131 enim
1800 4085 1955 4144 pote-

375 4172 599 4227 statibus
621 4171 760 4225 Deus
784 4179 866 4225 est
890 4170 1155 4236 superior.
1180 4168 1353 4236 Ipsum
1386 4167 1561 4236 itaque
1590 4167 1715 4221 illuc
1739 4168 1951 4235 extulit,

374 4271 433 4326 et
464 4263 554 4332 qui
598 4272 714 4315 erat
752 4276 817 4316 ex
862 4259 1049 4326 nobis,
1082 4274 1202 4313 eum
1244 4257 1312 4311 ab
1354 4258 1608 4312 extremis
1649 4260 1955 4314 carceribus

376 4368 544 4423 usque
567 4351 633 4406 ad
661 4351 901 4405 ultimum
930 4349 1083 4403 duxit
1108 4348 1479 4419 principatum,
1511 4357 1633 4417 post
1656 4362 1813 4418 quem
1844 4364 1953 4405 non

373 4457 459 4513 est
497 4448 667 4501 honor
710 4448 864 4501 alius.
912 4445 1158 4512 Omnem,
1197 4444 1398 4514 inquit,
1439 4445 1812 4514 principatum,
1844 4460 1951 4501 non

376 4543 516 4594 hunc
539 4539 755 4610 quidem
779 4579 796 4606 ,
827 4539 973 4592 illum
1012 4548 1192 4591 autem
1235 4550 1377 4600 non,
1407 4535 1502 4591 sed
1521 4577 1535 4601 ,
1567 4534 1780 4591 Omnem
1806 4537 1952 4607 prin-

371 4633 593 4701 cipatum
619 4639 667 4684 et
697 4639 986 4696 potestatem
1014 4638 1061 4682 et
1089 4627 1503 4693 dominationem,
1534 4636 1580 4679 et
1605 4643 1751 4685 autne
1772 4644 1952 4685 nomen

368 4724 505 4791 quod
533 4723 842 4787 nominatur,
875 4721 919 4775 si
947 4720 1087 4790 quod
1116 4729 1197 4774 est
1228 4719 1279 4773 in
1310 4718 1445 4773 cmlo
1466 4760 1480 4783 ,
1511 4718 1760 4773 omnibus
1784 4720 1953 4774 evasit

368 4816 631 4883 superior.
658 4814 771 4869 [loc
790 4815 857 4875 de
877 4830 942 4868 eo
963 4813 1052 4883 qui
1076 4823 1159 4867 est
1183 4813 1445 4871 excitatus
1469 4826 1501 4865 a
1524 4812 1748 4865 mortuis
1772 4828 1785 4864 :
1808 4812 1948 4881 quod

367 4904 582 4973 quidem
622 4905 838 4975 dignum
864 4914 949 4959 est
973 4903 1345 4958 admiratione.
1379 4900 1509 4955 Nam
1540 4901 1607 4956 de
1639 4901 1748 4957 Deo
1776 4901 1951 4959 Verbo

367 5012 724 5068 nequaquam.
755 4994 885 5050 Nam
911 4994 1062 5065 quod
1082 5004 1202 5049 sunt
1232 4994 1435 5050 culices
1463 4992 1530 5047 ad
1559 4993 1821 5057 homines,
1849 4993 1951 5050 hoc

363 5098 452 5144 est
478 5090 654 5144 omnis
677 5099 919 5144 creatura
950 5086 1017 5142 ad
1051 5087 1238 5141 Deum.
1269 5086 1337 5141 Et
1368 5084 1494 5155 quid
1529 5085 1682 5152 dico,
1708 5085 1949 5141 culices?

363 5184 411 5239 si
437 5198 627 5238 omnes
650 5181 896 5237 homines
920 5179 1310 5249 reputabuntur
1334 5186 1393 5233 ut
1422 5178 1609 5241 saliva,
1637 5187 1693 5234 et
1719 5177 1948 5248 reputati

363 5282 491 5329 sum
513 5283 574 5328 ut
597 5282 926 5328 momentum
965 5280 1179 5326 staterae
1211 5269 1378 5342 (Isai.
1407 5270 1500 5325 40.
1536 5270 1635 5341 ib‘)
1668 5290 1681 5326 :
1709 5284 1801 5326 eas
1829 5284 1949 5339 quae

363 5367 464 5427 sub
494 5377 765 5437 aspectum
796 5382 903 5422 non
931 5365 1131 5421 cadunt
1169 5372 1459 5434 potestates
1502 5379 1641 5433 pone
1677 5373 1947 5434 tamquam

361 5459 582 5512 culices.
615 5456 729 5511 Non
757 5458 916 5529 igitur
939 5456 1008 5511 de
1036 5456 1146 5510 Deo
1173 5454 1349 5510 Verbo
1374 5457 1453 5509 sic
1481 5455 1634 5521 dixit,
1666 5455 1759 5511 sed
1786 5454 1854 5511 de
1882 5470 1947 5510 eo

363 5547 577 5619 quidem
617 5550 708 5620 qui
750 5547 850 5602 fuit
891 5564 958 5603 ex
991 5547 1148 5602 nobis
1177 5566 1191 5600 :
1224 5546 1327 5601 hoc
1354 5555 1437 5601 est
1463 5562 1590 5601 vere
1620 5562 1867 5617 maguum
1893 5556 1948 5602 et

360 5639 696 5695 admirabile.
727 5640 810 5694 Ab
839 5635 1037 5695 intimis
1060 5639 1205 5694 enim
1232 5646 1391 5694 terrae
1427 5639 1666 5708 partibus
1699 5654 1821 5694 eum
1848 5655 1946 5694 cx-

364 5732 501 5784 tulit.
543 5730 600 5785 Si
642 5746 831 5785 omnes
868 5741 1054 5799 gentes
1087 5740 1353 5800 tamquam
1392 5730 1531 5785 stilla
1554 5772 1569 5798 ,
1610 5746 1748 5786 unus
1783 5730 1946 5788 homo

362 5830 520 5903 quota
546 5830 627 5878 est
654 5837 780 5892 pars
803 5822 992 5883 ist-illm?
1012 5820 1119 5879 Sed
1139 5837 1263 5879 eum
1288 5821 1415 5878 fecit
1438 5821 1685 5878 omnibus
1704 5822 1945 5893 superio-

2082 494 2219 543 rem,
2251 497 2354 538 non
2386 484 2558 539 solum
2588 486 2641 539 in
2669 486 2770 543 hoc
2784 492 2993 545 saeculo
3013 532 3027 553 ,
3054 491 3148 547 sed
3184 493 3681 557 etiamjnJutnrm.

2078 570 2215 625 Sunt
2238 588 2366 643 ergo
2397 585 2715 643 potestatum
2745 583 3093 650 quarumdam
3122 586 3336 639 nomina
3373 585 3526 641 nobis
3554 601 3662 645 non

2078 663 2281 732 signata
2303 707 2319 731 ,
2370 682 2545 737 neque
2585 680 2731 725 nota.
2775 672 2841 726 Et
2883 676 3053 728 omnia
3082 678 3295 747 subjecit
3332 679 3423 732 sub
3451 679 3675 747 pedibus.

2079 756 2208 825 ejus.
2240 756 2356 814 Non
2383 760 2554 823 solum
2588 762 2712 817 fecit
2744 767 3073 834 superiorem
3099 778 3157 822 ut
3184 769 3263 824 eis
3290 768 3496 825 honore
3522 789 3663 840 prae-

2076 842 2325 910 t'erretur,
2355 863 2526 919 neque
2555 867 2648 920 per
2676 860 3154 924 comparationem,
3186 860 3279 914 sed
3307 868 3366 915 ut
3389 871 3659 933 tamquam

2076 940 2245 992 servis
2275 951 2545 1008 praeesset.
2573 943 2752 1014 Papae,
2781 963 2867 1004 res
2896 949 3051 1017 plane
3074 962 3199 1005 sunt
3226 953 3533 1022 stupeudm!
3562 954 3660 1007 ho-

2076 1030 2235 1085 minis
2263 1031 2399 1087 l'acta
2426 1045 2510 1090 est
2538 1051 2693 1097 senta
2724 1042 2898 1096 omnis
2928 1053 3182 1113 potestas'
3197 1057 3374 1102 creata
3396 1088 3411 1112 ,
3444 1058 3661 1118 propter
3684 1096 3691 1119 τ

2078 1120 2240 1176 Deum
2277 1123 2503 1181 Verbum
2534 1128 2623 1197 qui
2663 1129 2940 1191 inhabitat.
2975 1134 3155 1191 Potest
3176 1137 3324 1198 enim
3353 1154 3473 1195 esse
3499 1150 3558 1195 ut
3590 1142 3656 1195 sit

2074 1212 2265 1283 aliquis
2290 1231 2473 1285 supra,
2506 1236 2610 1273 non
2642 1220 2845 1279 habens
2873 1226 2961 1295 qui
2988 1226 3221 1295 obcdial,
3250 1232 3342 1285 sed
3373 1241 3428 1284 ut
3456 1231 3658 1287 honore

2074 1306 2427 1374 prwferatur:
2460 1312 2549 1367 hic
2574 1324 2752 1371 autem
2792 1332 2898 1371 non
2938 1319 3051 1386 sic,
3079 1322 3175 1376 sed
3214 1323 3391 1383 omnia
3433 1325 3661 1393 subjecit
3690 1370 3693 1375 .

2073 1401 2175 1454 sub
2204 1404 2429 1470 pedibus
2458 1408 2611 1475 ejus;
2644 1420 2699 1464 et
2739 1426 2844 1466 non
2875 1412 3045 1467 solum
3074 1415 3319 1486 subjecit,
3348 1418 3443 1489 sed
3472 1418 3655 1473 ultima
3688 1470 3693 1474 .

2072 1496 2438 1565 subjectionc,
2472 1512 2527 1555 et
2570 1513 2690 1572 post
2731 1520 2891 1575 quam
2935 1523 3039 1562 non
3078 1519 3163 1564 est
3203 1511 3326 1565 alia.
3368 1511 3690 1581 Propterea,

2072 1586 2234 1653 dixit,
2265 1591 2372 1646 Sub
2398 1595 2627 1660 pedibus.
2665 1596 2731 1651 Et
2760 1599 2925 1667 ipsum
2954 1601 3093 1655 dedit
3130 1613 3280 1671 caput
3308 1620 3461 1672 super
3486 1606 3658 1658 omnia

2071 1675 2332 1735 Ecclesia’.
2368 1683 2542 1752 Papm,
2571 1702 2676 1755 quo
2705 1703 2895 1744 mrsus
2922 1692 3136 1745 sustulit
3163 1692 3455 1747 Ecclesium
3477 1694 3490 1749 !
3516 1706 3656 1749 tau»

2070 1785 2228 1839 quam
2260 1787 2355 1841 per
2380 1776 2662 1844 quamdam
2694 1778 2910 1835 trahens
2940 1782 3238 1838 machinam
3260 1825 3277 1849 ,
3304 1799 3423 1839 eam
3454 1785 3505 1839 in
3536 1801 3654 1840 ms-

2068 1875 2225 1929 gnam
2257 1865 2472 1920 sustulit
2496 1868 2827 1925 altitudinem
2853 1913 2868 1937 ,
2900 1880 2956 1927 et
2978 1888 3098 1928 eam
3139 1875 3327 1930 sedere
3363 1876 3571 1931 curavit
3600 1878 3652 1932 in

2071 1952 2157 2006 illa
2186 1953 2333 2009 sede.
2368 1955 2465 2011 Ubi
2496 1959 2638 2012 enim
2679 1969 2763 2014 est
2798 1972 2957 2031 caput
2981 2004 2995 2026 ,
3027 1963 3134 2018 illic
3161 1974 3214 2019 et
3242 1980 3477 2036 corpus:
3509 1967 3653 2022 nullo

2071 2044 2190 2099 loco
2218 2047 2533 2104 intermedio
2566 2064 2815 2107 arcentur
2850 2064 3010 2126 caput
3048 2065 3102 2111 et
3129 2072 3324 2126 corpus
3355 2074 3368 2110 :
3398 2059 3445 2113 si
3472 2069 3669 2119 autem,

2068 2150 2398 2207 arcerentur,
2422 2158 2617 2213 corpus
2637 2161 2743 2200 non
2769 2147 2947 2217 fuerit,
2973 2165 3078 2204 non
3102 2150 3260 2205 fuerit
3281 2160 3459 2221 caput.
3484 2153 3657 2224 Super

2068 2233 2257 2296 omnia,
2291 2234 2480 2303 inquit.
2511 2238 2646 2303 Quid
2673 2248 2780 2305 est,
2815 2240 2985 2309 Super
3012 2242 3224 2296 ontnia?
3252 2243 3358 2297 Aut
3381 2244 3652 2301 Christum

2068 2322 2215 2390 dicit,
2247 2326 2334 2393 qui
2364 2335 2447 2382 est
2474 2342 2636 2396 super
2663 2332 2841 2387 omnia
2869 2348 2988 2401 qua:
3016 2342 3310 2388 cernuntur
3334 2344 3391 2389 et
3420 2353 3538 2405 qua:
3567 2338 3649 2391 in-

2069 2415 2410 2485 telliguntur;
2451 2429 2542 2474 aut
2584 2436 2744 2490 supra
2772 2425 2951 2478 omnia
2990 2423 3129 2479 bona
3170 2424 3272 2481 hoc
3313 2427 3468 2492 fecit,
3510 2432 3673 2498 quod-

2068 2505 2258 2561 Filium
2297 2508 2504 2565 dederit
2543 2522 2720 2583 caput.
2764 2513 2879 2569 Non
2919 2517 3187 2585 angelum,
3219 2533 3327 2573 non
3355 2520 3651 2591 archange-

2068 2596 2178 2656 lum
2201 2638 2216 2662 ,
2242 2613 2346 2656 non
2379 2601 2543 2656 ullum
2574 2603 2737 2659 alium
2766 2605 2972 2663 dimisit
3008 2610 3363 2679 superiorem.
3398 2611 3515 2667 Non
3553 2612 3654 2669 bac

2064 2689 2235 2743 solum
2278 2691 2487 2748 ratione
2523 2709 2624 2749 nos
2667 2695 2983 2766 honoravit,
3019 2699 3159 2769 quod
3196 2717 3317 2755 eum
3348 2706 3437 2772 qui
3474 2712 3656 2759 crate

2066 2782 2221 2837 nobis
2252 2784 2305 2838 in
2343 2785 2506 2845 altum
2543 2789 2829 2853 extulerit,
2872 2790 2966 2845 sed
3005 2793 3147 2861 quod
3186 2794 3346 2847 etiam
3378 2794 3568 2850 fecerit
3595 2806 3655 2851 ut

2067 2881 2235 2933 totum
2263 2889 2549 2939 commune
2571 2894 2739 2947 genus
2766 2881 2914 2943 illum
2948 2896 3284 2953 sequeretur,
3316 2886 3390 2941 illi
3414 2887 3656 2945 adiuero-

2066 2975 2182 3033 ret,
2214 2966 2366 3026 illum
2391 2979 2773 3029 assectaretur.
2804 2972 2934 3037 Qua:
2959 2985 3031 3029 est
3058 2991 3244 3045 corpus
3268 2977 3449 3049 ipsius.
3480 2979 3652 3046 Nam,

2065 3072 2136 3112 ne
2172 3058 2356 3115 audito
2389 3061 2565 3129 capite
2586 3102 2604 3129 ,
2633 3062 2736 3118 hoc
2772 3066 2943 3119 solum
2974 3066 3252 3124 existimes
3279 3070 3487 3125 initium
3512 3111 3527 3136 ,
3558 3073 3654 3127 sed

2060 3147 2225 3211 etiam
2254 3149 2557 3206 ﬁrmitatem
2585 3162 2641 3207 et
2667 3153 3011 3217 stabilitatem
3039 3198 3054 3222 ,
3087 3172 3194 3211 non
3245 3168 3514 3230 tamquam
3565 3176 3655 3216 so-

2061 3238 2173 3293 lum
2204 3240 2534 3311 principem,
2565 3244 2659 3305 sed
2701 3255 2969 3316 tamquam
2998 3249 3244 3317 corporis
3274 3259 3434 3320 caput
3470 3253 3656 3306 consi-

2058 3330 2239 3387 deres.
2281 3331 2595 3401 Plenitudo,
2631 3334 2802 3406 inquit
2824 3338 2982 3409 ,pejus
3016 3340 3107 3408 qui
3143 3341 3317 3394 omnia
3342 3342 3395 3396 in
3425 3342 3655 3397 omnibus

2056 3424 2389 3495 adimpletur.
2432 3426 2725 3497 Tamquam
2771 3428 2874 3484 hoc
2920 3446 3025 3485 non
3068 3431 3338 3488 sufﬁceret
3367 3434 3433 3489 ad
3468 3445 3653 3490 osteno

2061 3516 2291 3571 dendam
2321 3521 2694 3585 cognationem
2728 3530 2783 3581 et
2813 3524 3260 3593 pr0pinquitatem
3285 3568 3300 3590 ,
3333 3528 3461 3597 quid
3489 3529 3654 3584 dicit?
3750 3586 3760 3601 ,

2062 3608 2349 3671 Plenitudo.
2364 3610 2562 3667 Christi
2587 3613 2851 3671 Ecclesia.
2881 3616 3166 3673 Plenitudo
3189 3620 3334 3675 enim
3360 3622 3550 3691 capitis
3570 3635 3669 3681 est.
3751 3646 3756 3655 δ

2060 3717 2286 3772 corpus,
2334 3704 2610 3773 plenitudo
2656 3707 2900 3777 corporis
2940 3721 3120 3779 caput.
3154 3710 3288 3766 Vide
3328 3730 3436 3783 quo
3462 3716 3652 3771 ordine

2062 3809 2189 3849 usus
2223 3796 2293 3848 sit
2334 3795 2573 3865 Paulus,
2599 3807 2654 3853 et
2689 3799 2962 3868 quomodo
2989 3802 3121 3856 nulli
3158 3803 3322 3858 verbo
3348 3815 3530 3875 pareat
3551 3848 3567 3870 ,
3595 3817 3672 3861 ut.

2061 3884 2157 3942 Dei
2196 3887 2457 3943 ostendat.
2485 3888 2733 3958 gloriam.
2778 3889 3088 3959 Plenitudo,
3128 3894 3297 3965 inquit
3322 3912 3337 3961 ;
3360 3897 3492 3954 illud
3532 3911 3647 3967 est,

2062 3988 2247 4048 utpote
2288 3991 2449 4049 caput
2484 3981 2734 4050 impletur
2757 3998 2788 4037 a
2815 3998 3042 4054 corpore
3073 4004 3085 4040 :
3117 4002 3242 4042 nam
3284 4004 3481 4059 corpus
3516 4007 3649 4045 con-

2057 4068 2198 4125 sistit
2227 4085 2321 4138 pcr
2346 4073 2585 4127 membra
2615 4075 2818 4138 omnia,
2847 4084 2903 4130 et
2930 4077 3154 4147 singulis
3177 4094 3312 4149 opus
3342 4080 3522 4137 habet.
3561 4082 3649 4138 Vi-

2057 4160 2126 4215 de
2154 4161 2423 4230 quomodo
2452 4161 2601 4217 illum
2630 4165 2881 4221 omnibus
2918 4181 3054 4235 opus
3089 4167 3374 4225 habentem
3407 4172 3647 4227 inducat.

2057 4253 2267 4308 Etenim
2295 4254 2340 4308 si
2372 4270 2477 4309 non
2503 4255 2675 4311 simus
2699 4258 2887 4326 multi,
2917 4269 2974 4314 et
2996 4275 3104 4315 nou
3147 4262 3217 4316 sit
3254 4263 3391 4323 alius
3417 4280 3606 4321 manus
3626 4308 3642 4333 ,

2057 4347 2194 4402 alius
2222 4362 2352 4403 vero
2380 4363 2473 4416 pes
2494 4391 2510 4414 ,
2540 4350 2678 4406 alius
2708 4350 2882 4422 aliqua
2911 4352 3015 4407 alia
3057 4368 3214 4422 pars,
3250 4370 3358 4410 non
3397 4356 3648 4427 impletur

2058 4446 2226 4493 totum
2252 4453 2468 4508 corpus.
2502 4439 2604 4494 Per
2628 4442 2807 4496 omnia
2844 4458 2973 4513 ergo
3005 4444 3256 4513 impletur
3283 4448 3401 4514 ejus
3428 4464 3642 4520 corpus.

2056 4527 2207 4583 Tunc
2226 4529 2477 4600 impletur
2496 4539 2674 4600 caput,
2700 4542 2826 4587 tunc
2850 4534 3137 4603 perfectum
3163 4536 3222 4591 {it
3243 4552 3458 4610 corpus,
3477 4557 3647 4610 quan-

2055 4618 2126 4675 do
2153 4634 2339 4677 omnes
2367 4620 2528 4676 simul
2554 4620 2813 4678 fuerimus
2838 4625 3110 4695 conjuncti
3138 4637 3194 4683 et
3220 4631 3588 4699 eonglutinati.

2125 4715 2181 4769 ὅ.
2219 4715 2400 4771 Vidisti
2429 4716 2641 4773 divitias
2661 4719 2845 4788 gloria:
2869 4719 3224 4779 hereditatis?
3246 4725 3423 4780 vidisti
3453 4743 3643 4797 supcr-

2053 4808 2376 4865 entinentem
2404 4809 2819 4880 magnitudinem
2844 4812 3053 4873 virtutis
3078 4812 3131 4869 in
3153 4830 3247 4870 eos
3269 4816 3361 4887 qui
3380 4817 3663 4874 credunt't-

2055 4900 2230 4957 vidisti
2259 4915 2411 4971 spem
2437 4903 2771 4959 vocationis?
2800 4904 3164 4965 Revereamur
3191 4918 3431 4965 nostrum
3459 4920 3639 4983 caput,

2051 4994 2350 5064 cogitemus
2389 4995 2551 5065 cujus
2591 4996 2783 5066 capitis
2823 5014 3010 5055 sumus
3055 5014 3251 5071 corpus
3275 5042 3293 5069 ,
3332 5002 3422 5058 cui
3458 5005 3638 5060 omnia

2051 5095 2178 5140 sunt
2199 5086 2458 5155 subjecta.
2485 5087 2599 5142 Hoc
2620 5089 2869 5159 exemplo
2891 5106 2988 5145 nos
3013 5092 3173 5146 etiam
3199 5095 3403 5165 angelis
3428 5105 3643 5165 oportet

2050 5191 2174 5233 esse
2204 5177 2475 5245 meliores,
2503 5186 2560 5233 et
2583 5179 2919 5250 archangelis
2944 5183 3200 5251 majores,
3229 5194 3287 5239 ut
3311 5186 3400 5255 qui
3428 5186 3491 5241 iis
3515 5204 3636 5243 om-

2051 5270 2207 5325 nibus
2232 5271 2400 5325 simus
2425 5270 2631 5328 honore
2658 5274 2950 5344 praepositi.
2979 5274 3104 5331 Non
3128 5276 3335 5347 angelos
3353 5281 3638 5349 apprehen-

2051 5363 2125 5418 dit
2159 5363 2358 5434 (llebr.
2388 5363 2480 5419 21.
2510 5364 2584 5436 6)
2611 5365 2752 5421 Deus
2773 5406 2790 5431 ,
2830 5367 2970 5423 sicut
3006 5367 3137 5425 dicit
3164 5369 3409 5426 scribens
3432 5371 3499 5426 ad
3528 5372 3637 5427 lle-

2050 5454 2226 5510 brwos
2250 5496 2266 5521 ,
2294 5454 2382 5509 sed
2404 5471 2573 5509 semen
2611 5456 2830 5511 Abrahae
2854 5473 2872 5513 :
2901 5472 3010 5513 non
3041 5458 3433 5530 principatum,
3458 5477 3654 5533 nequo-

2051 5554 2389 5616 potestatem,
2417 5561 2591 5617 neque
2618 5546 3061 5616 dominationem,
3088 5564 3264 5620 neque
3286 5551 3447 5607 ullam
3473 5553 3646 5608 aliam.

2049 5638 2332 5703 virtutem;
2360 5636 2456 5693 sed
2487 5645 2726 5692 nostram
2764 5648 3010 5695 naturam
3047 5640 3432 5711 apprehendit,
3456 5654 3512 5698 et
3536 5660 3634 5700 sn-

2050 5744 2144 5799 pra
2183 5729 2374 5786 sedere
2408 5730 2586 5801 jussit.
2617 5731 2685 5786 Et
2707 5732 2834 5802 quid
2863 5732 3017 5800 dico,
3042 5734 3233 5791 sedere
3255 5735 3454 5807 jussit?
3478 5752 3633 5793 suum

2053 5822 2177 5879 fecit
2207 5822 2581 5880 vestimentum
2602 5863 2619 5894 ,
2660 5838 2760 5881 nec
2797 5824 2849 5880 id
2880 5824 3055 5882 solum
3077 5868 3093 5898 ,
3122 5827 3219 5885 sed
3256 5829 3373 5899 ejus
3409 5829 3641 5900 pedibus
