4060 6400
348 369 417 424 27
1064 361 1120 417 S.
1160 356 1438 417 JOANNIS
1472 339 1944 413 CHRYSOSTOSH
1982 348 2302 406 ARCHIEP.
2341 350 2872 409 CONSTANTINOP.
3488 398 3493 402 .
3565 357 3636 416 93

350 479 582 551 subjecit
620 477 823 534 omnia.
860 475 1032 544 Quam
1072 476 1267 528 multas
1290 472 1371 527 vis
1396 481 1599 526 mortes
1624 482 1823 538 ponere
1841 507 1857 531 ,
1887 475 1943 521 et

351 588 512 643 quam
559 570 753 626 multas
798 568 1039 632 animas,
1067 565 1317 620 deciesne
1363 563 1544 629 mille,
1571 571 1625 617 et
1666 560 1748 614 his
1786 559 1942 627 longe

355 661 579 733 plures?
606 660 714 718 Sed
756 660 891 715 nihil
930 658 1078 714 dices
1104 656 1246 727 quod
1290 657 1357 710 sit
1396 656 1446 710 ei
1481 652 1941 723 aequiparandum.

355 757 471 811 Duo
496 756 639 811 enim
674 754 799 809 fecit
828 753 1059 806 maxima
1095 769 1107 805 :
1141 759 1195 806 ct
1236 750 1350 818 ipse
1387 749 1453 803 ad
1499 763 1761 802 summam
1797 745 1945 800 venit

355 846 733 910 humilitatem,
762 854 818 899 et
845 842 1115 898 hominem
1144 841 1359 898 sustulit
1392 841 1458 895 ad
1489 853 1740 909 magnam.
1762 837 1944 891 altitu-

354 940 559 995 dinem.
589 937 732 992 Dixit
763 936 893 992 illud
924 936 1176 1007 primum,
1204 932 1349 1004 quod
1375 948 1441 987 se
1462 931 1598 987 adeo
1625 929 1945 984 humiliave-

357 1031 430 1086 rit
456 1047 472 1089 :
496 1028 626 1084 dicit
654 1030 753 1082 hoc
777 1027 980 1081 ﬁrmius
1002 1035 1057 1081 et
1081 1024 1328 1089 solidius,
1352 1024 1403 1078 id
1425 1022 1565 1093 quod
1587 1029 1672 1077 est
1694 1035 1946 1091 magnum

358 1132 416 1179 et
456 1137 666 1178 summa
710 1136 911 1177 rerum.
944 1120 1103 1189 Atqui
1143 1119 1193 1172 si
1232 1118 1381 1173 nullo
1423 1117 1624 1187 dignati
1667 1129 1945 1178 essemus,

361 1214 695 1277 suffecisset;
727 1213 815 1267 vel
839 1212 1000 1268 etiam
1035 1212 1135 1266 hoc
1160 1211 1203 1264 si
1231 1210 1432 1280 dignati
1460 1223 1725 1274 essemus,
1747 1206 1949 1275 absque

362 1322 450 1371 eo,
472 1304 615 1376 quod
642 1314 787 1359 esset
809 1312 1090 1367 mactatus,
1122 1302 1421 1357 suffecisset
1445 1320 1459 1356 :
1485 1316 1607 1356 cum
1632 1310 1809 1355 autem
1836 1298 1951 1353 hate

362 1399 471 1453 duo
498 1400 629 1462 sint,
660 1412 817 1468 quam
844 1395 1057 1452 dicendi
1085 1394 1387 1451 facultatem
1421 1410 1527 1449 non
1564 1393 1751 1449 vicerit
1777 1401 1831 1447 et
1856 1406 1951 1446 su-

365 1490 675 1560 peraverit?
713 1488 829 1543 Non
869 1504 1059 1559 magna
1098 1502 1185 1543 res
1228 1496 1312 1543 cst
1354 1486 1710 1551 resurrectio,
1738 1483 1953 1555 quando

368 1582 488 1638 hac
516 1591 724 1652 reputo.
758 1582 832 1636 De
871 1580 973 1636 hoc
1010 1580 1174 1646 dicit,
1216 1578 1353 1633 Deus
1391 1577 1601 1632 Domini
1636 1577 1797 1631 nostri
1827 1575 1954 1629 Iesu

368 1675 575 1743 Christi,
606 1692 711 1731 non
740 1674 809 1731 de
837 1676 946 1730 Deo
968 1675 1167 1731 Verbo.
1199 1674 1559 1729 Revereamur
1582 1672 1954 1744 propinquita-

369 1777 478 1824 tem
522 1768 887 1838 cognatiouis,
930 1769 1211 1822 timeamus
1230 1767 1439 1836 nequis
1495 1765 1842 1820 abscindatur
1889 1763 1956 1816 ab

370 1859 477 1916 hoc
502 1875 747 1929 corpore,
779 1876 845 1914 ne
870 1860 990 1930 quis
1021 1857 1251 1922 excidat,
1282 1873 1350 1913 ne
1378 1856 1498 1928 quis
1525 1864 1780 1925 appareat
1816 1854 1956 1907 indi-

372 1965 531 2022 gnus.
559 1949 617 2005 Si
642 1950 904 2020 quispiam
935 1948 1178 2004 diadema
1221 1955 1407 2002 nostro
1433 1945 1747 2016 imposuerit
1774 1944 1955 2012 capiti,

373 2045 421 2099 si
447 2058 702 2099 coronam
729 2058 968 2108 auream,
994 2057 1172 2097 annon
1202 2041 1378 2095 omnia
1404 2039 1708 2103 fecerimus,
1733 2046 1789 2091 ut
1813 2036 1958 2106 digni

372 2136 653 2192 videamur
693 2134 949 2190 inanimis
988 2133 1296 2204 lapidibus?
1331 2131 1483 2187 Nunc
1516 2140 1695 2186 autem
1734 2144 1840 2185 non
1877 2135 1962 2183 est

376 2238 563 2285 nostro
585 2229 746 2297 capiti
776 2227 1081 2298 impositum
1108 2226 1375 2292 diadema,
1407 2224 1500 2279 sed
1530 2231 1689 2294 caput
1718 2230 1960 2277 nostrum

376 2323 547 2376 factus
573 2331 657 2377 est
683 2320 933 2375 Christus
953 2361 968 2385 ,
996 2317 1137 2389 quod
1174 2327 1256 2373 est
1291 2317 1463 2386 majus
1488 2357 1503 2380 ,
1532 2324 1588 2371 et
1619 2315 1735 2385 ejus
1762 2312 1960 2368 nullam

377 2412 636 2467 habemus
660 2413 938 2466 rationem.
960 2410 1063 2467 Sed
1085 2410 1259 2481 angeli
1280 2409 1493 2479 quidem
1517 2408 1688 2478 ipsum
1711 2420 1963 2462 reveren-

378 2513 468 2558 tur
490 2513 542 2559 et
567 2502 871 2572 archangeli
904 2511 957 2556 et
986 2516 1174 2556 omnes
1204 2500 1308 2554 ilhc
1334 2499 1569 2554 Virtutes
1598 2516 1611 2551 :
1640 2511 1737 2551 nos
1760 2506 1960 2561 autem,

380 2610 503 2649 cum
540 2595 700 2650 etiam
730 2594 846 2663 ejus
872 2608 1068 2662 corpus
1103 2592 1271 2646 simus
1295 2632 1311 2655 ,
1348 2605 1521 2659 neque
1562 2598 1781 2658 propter
1823 2589 1923 2641 hoc
1945 2625 1961 2654 ε

381 2702 554 2756 neque
601 2696 818 2757 propter
865 2686 995 2739 illud
1040 2682 1449 2740 reverebimur?
1485 2691 1538 2737 et
1577 2695 1821 2751 quamam
1866 2679 1965 2732 erit

380 2793 506 2848 spes
535 2787 735 2832 nostrae
759 2776 947 2831 salutis
968 2776 995 2830 ?'

453 2869 622 2940 Regni
659 2870 898 2922 caelorum
944 2866 1150 2921 amissio
1194 2867 1338 2936 pejor
1382 2864 1630 2935 geltcnna.
1672 2892 1742 2902 —
1781 2860 1965 2931 Cogita

383 2959 635 3014 thronum
658 2959 883 3028 regium,
907 2958 1080 3027 cogita
1105 2971 1372 3011 summum
1396 2956 1653 3009 honorem
1679 2972 1692 3006 :
1720 2954 1822 3009 hoc
1847 2969 1967 3020 nos,

383 3051 431 3105 si
453 3051 679 3105 velimus
698 3091 712 3114 ,
744 3050 910 3120 magis
932 3063 1031 3103 nos
1063 3048 1256 3117 poterit
1282 3056 1487 3102 terrere
1514 3061 1673 3115 quam
1699 3044 1971 3115 gehenna.

384 3142 520 3198 Nam
562 3142 606 3195 si
653 3157 761 3195 non
801 3150 943 3195 esset
984 3140 1265 3210 gehenna,
1312 3146 1462 3193 tanto
1508 3138 1711 3191 honore
1752 3136 1972 3191 affectos

386 3236 633 3289 inventos
663 3248 782 3288 esse
820 3231 1064 3302 indignos
1092 3241 1146 3285 ct
1175 3230 1346 3285 malos
1370 3272 1386 3297 ,
1417 3245 1575 3300 quam
1611 3244 1717 3283 non
1747 3227 1973 3282 haberet

292 3326 299 3333 ‘
384 3341 600 3398 pennam
623 3368 639 3392 ,
668 3325 808 3395 quod
850 3339 959 3379 non
1002 3321 1361 3394 supplicium?
1387 3321 1571 3391 Cogita
1615 3334 1781 3390 prope
1810 3332 1971 3389 quem

386 3419 575 3473 sedeat
603 3426 755 3471 tuum
787 3425 985 3486 caput;
1016 3416 1119 3471 hoc
1158 3415 1331 3470 solum
1362 3413 1429 3468 ad
1456 3413 1764 3469 universum
1805 3412 1972 3466 suffe-

310 3564 322 3571 ,
386 3508 562 3575 cerit;
606 3508 674 3563 ad
717 3509 869 3578 cujus
902 3507 1089 3563 sedeat
1116 3506 1416 3561 dexteram.
1446 3503 1554 3560 Sed
1596 3502 1726 3558 illud
1757 3502 1972 3572 quidem

386 3617 548 3672 super
580 3617 794 3658 etnnem
826 3602 1179 3671 principatum
1202 3642 1216 3664 ,
1251 3607 1567 3670 potestatem
1598 3608 1653 3653 et
1682 3599 1971 3663 virtutem;

388 3695 508 3764 ejus
534 3705 712 3750 autent
742 3707 938 3764 corpus
974 3693 1318 3749 conculcatur
1355 3691 1517 3747 etiam
1544 3705 1574 3744 a
1601 3689 1975 3745 daemonibus?

389 3787 497 3842 Sed
527 3788 666 3842 absit
694 3805 708 3841 :
738 3787 784 3842 si
811 3787 1061 3852 vero-sit,
1096 3788 1197 3841 hoc
1238 3801 1343 3840 non
1394 3786 1558 3840 fuerit
1598 3785 1827 3855 amplius
1855 3800 1976 3838 cor-

392 3894 511 3949 pus.
542 3880 711 3950 Caput
736 3890 883 3934 tuum
913 3892 1238 3935 venerantur
1264 3880 1403 3934 servi
1435 3880 1592 3949 frugi,
1621 3889 1675 3933 et
1701 3878 1792 3949 qui
1822 3879 1976 3933 bonae

391 3979 515 4024 sunt
536 3971 980 4035 existimationis;
1007 3980 1061 4025 et
1080 3986 1274 4038 corpus
1299 3971 1518 4040 subjicis
1541 3972 1603 4025 iis
1626 3970 1715 4041 qui
1740 3969 1977 4026 offende-

391 4064 553 4118 runt?
581 4078 688 4134 quo
715 4078 821 4117 non
856 4064 1049 4133 dignus
1086 4064 1193 4117 eris
1237 4064 1539 4133 supplicio?
1565 4062 1619 4118 Si
1658 4065 1776 4131 quis
1813 4063 1977 4131 pedes

392 4154 538 4224 regis
584 4154 783 4223 pedicis
823 4155 1005 4225 alliget
1030 4164 1085 4211 et
1115 4156 1165 4208 in
1200 4155 1485 4223 compedes
1525 4155 1765 4223 injiciat,
1797 4169 1975 4207 annon

392 4245 497 4300 erit
524 4245 789 4301 obnoxius
827 4256 1069 4301 extremo
1109 4246 1408 4315 supplicio?
1447 4245 1525 4299 Tu
1574 4255 1743 4298 totum
1781 4259 1976 4313 corpus

391 4336 581 4405 objicis
606 4336 735 4392 feris
761 4337 1100 4403 immanibus,
1128 4346 1181 4392 et
1207 4353 1311 4391 non
1339 4336 1565 4391 horres?
1592 4336 1697 4391 Sed
1724 4336 1976 4406 quoniam

393 4430 569 4498 agitur
595 4428 664 4485 de
691 4445 918 4500 corpore
944 4430 1175 4493 Domini,
1201 4444 1297 4498 age
1325 4429 1466 4483 illius
1486 4429 1644 4483 etiam
1675 4428 1979 4483 memineri-

402 4536 524 4575 mus
545 4562 561 4587 ,
591 4523 733 4591 quod
779 4524 830 4576 in
861 4538 1073 4578 crucem
1106 4523 1204 4577 fuit
1236 4531 1410 4577 actum
1432 4563 1447 4588 ,
1476 4523 1616 4592 quod
1652 4523 1817 4577 clavis
1843 4536 1973 4578 con-

399 4615 585 4678 fixum,
621 4625 677 4670 et
711 4616 1059 4671 sacriﬁcatur.
1079 4617 1133 4673 Si
1175 4632 1235 4672 es
1272 4617 1468 4671 Christi
1491 4631 1704 4686 corpus,
1738 4616 1817 4671 fer
1851 4633 1979 4673 cru-

396 4722 545 4774 cem;
593 4724 714 4763 nam
758 4709 849 4766 ille
886 4726 1098 4780 quoque
1142 4711 1261 4765 tulit
1293 4727 1307 4764 :
1345 4709 1424 4764 fer
1480 4720 1668 4779 sputa,
1700 4708 1782 4765 fer
1834 4710 1979 4765 cola-

394 4800 567 4869 phos,
624 4799 709 4853 fer
755 4802 955 4857 clavos.
1006 4801 1137 4855 Tale
1176 4810 1291 4855 erat
1354 4801 1483 4855 illud
1526 4816 1741 4871 corpus.
1772 4800 1980 4871 Corpus

396 4889 531 4944 illud
573 4890 917 4959 impeccabiie
958 4900 1071 4946 erat
1102 4908 1115 4943 :
1146 4889 1420 4944 Peccatum
1475 4906 1576 4944 non
1606 4891 1744 4959 fecit,
1787 4908 1875 4945 nec
1908 4902 1980 4945 est

396 4982 631 5036 inventus
657 4983 804 5037 dolus
835 4983 889 5035 in
927 4999 1016 5036 ore
1050 4983 1159 5053 ejus
1187 4981 1349 5051 (Isai.
1382 4983 1469 5037 5'5.
1504 4980 1572 5053 9)
1602 5000 1615 5036 :
1649 4996 1839 5037 manus
1867 4984 1981 5053 ejus

397 5074 578 5127 omnia
606 5073 834 5143 agebant
861 5072 928 5127 ad
957 5073 1392 5128 benefacientlum
1424 5073 1488 5127 iis
1512 5073 1600 5143 qui
1627 5074 1852 5143 egebant
1879 5090 1892 5126 :
1921 5090 1982 5129 os

398 5164 516 5233 ejus
556 5164 689 5218 nihil
726 5164 905 5219 emisit
945 5165 1084 5234 quod
1124 5180 1229 5219 non
1257 5165 1473 5219 deceret
1504 5182 1516 5217 :
1545 5164 1778 5232 audivit,
1811 5164 1982 5219 Habes

399 5254 705 5309 dwmonium
733 5254 927 5326 (Joan.
965 5257 1017 5309 7.
1055 5255 1186 5326 ΞΟ),
1225 5266 1280 5311 et
1319 5255 1451 5309 nihil
1493 5255 1723 5311 dicebat.
1753 5257 1885 5323 Quia
1913 5256 1982 5311 de

400 5364 629 5418 corpore
655 5366 684 5403 a
716 5350 869 5404 nobis
910 5350 1113 5419 agitur,
1147 5349 1469 5419 quicumque
1509 5349 1753 5418 corporis
1796 5363 1982 5403 sumus

400 5441 714 5510 participes,
747 5441 1071 5510 quicumque
1096 5450 1371 5510 gustamus
1399 5440 1709 5510 sanguinem
1730 5481 1746 5504 ,
1775 5440 1981 5510 cogite-

402 5549 522 5587 mus
555 5533 696 5602 quod
740 5533 881 5587 illius
926 5533 1209 5603 participes
1249 5533 1445 5598 simus,
1482 5533 1572 5602 qui
1610 5532 1742 5587 nihil
1781 5533 1848 5587 ab
1889 5533 1981 5587 illo

398 5623 599 5690 differt,
625 5624 715 5694 qui
753 5639 913 5693 supra
944 5624 1116 5689 sedet,
1149 5625 1238 5694 qui
1264 5625 1516 5678 adoratur
1543 5625 1609 5679 ab
1638 5625 1862 5694 angelis,
1890 5625 1978 5694 qui

396 5715 596 5771 assidet
624 5732 790 5787 pr0pe
816 5715 964 5771 illam
993 5718 1359 5787 incorruptam
1384 5715 1648 5772 Virtutem
1676 5732 1691 5770 ι
1716 5717 1853 5770 hunc
1881 5731 1978 5785 gu-

395 5816 616 5865 stamus.
650 5808 747 5866 llei
790 5807 921 5865 mibi
957 5824 1123 5881 quam
1165 5809 1347 5866 multae
1378 5809 1475 5866 vim
1517 5810 1669 5866 nobis
1701 5818 1883 5883 patent
1911 5807 1976 5862 ad

2052 464 2315 522 salutem!
2349 466 2458 523 Nos
2493 483 2688 539 corpus
2712 484 2868 532 suum
2900 470 3040 538 fecit,
3075 487 3229 527 suum
3258 488 3453 545 corpus
3482 476 3637 531 nobis

2050 559 2326 628 impertiit,
2356 569 2411 616 et
2439 561 2569 615 nihil
2600 561 2793 618 horum
2823 580 2923 619 nos
2948 568 3140 620 avertit
3166 582 3193 621 a
3222 567 3396 622 malis.
3420 567 3465 623 Ο
3488 578 3636 625 tene-

2049 650 2175 706 bras
2198 692 2214 718 ,
2241 666 2275 706 ο
2317 652 2637 723 profundum
2677 654 2926 725 abyssum
2953 698 2967 723 ,
2996 672 3029 710 ο
3057 667 3333 727 stuporem
3363 669 3419 715 et
3446 674 3637 715 sensus

2050 745 2375 811 egestatem!
2409 744 2536 810 Qua:
2563 762 2765 800 sursum
2804 758 2918 801 sunt
2937 789 2953 813 ,
2987 749 3190 819 inquit,
3217 752 3411 822 sapite,
3441 752 3535 806 ubi
3564 763 3637 806 est

2050 832 2282 888 Christus
2309 835 2377 888 ad
2406 837 2663 891 dexteram
2700 838 2795 894 Dei
2821 840 2998 894 sedens
3028 841 3256 913 (Coloss.
3286 844 3338 898 3.
3367 842 3421 897 2.
3452 844 3478 898 1
3500 843 3555 915 );
3584 854 3639 900 et

2052 934 2172 994 post
2206 925 2328 982 haec
2361 928 2573 997 quidam
2606 930 2673 986 de
2710 933 2951 1001 pecuniis
2990 942 3115 988 sunt
3147 934 3393 1001 solliciti,
3423 936 3511 991 alii
3550 952 3639 991 ca—

2052 1016 2270 1085 piuntur
2298 1018 2365 1073 ab
2393 1020 2555 1075 animi
2593 1023 3101 1091 perturbationibus.

2123 1110 2178 1163 4.
2210 1109 2325 1164 Νοη
2358 1112 2550 1167 videtis
2578 1114 2719 1183 quod
2752 1116 2802 1169 in
2835 1127 3017 1171 nostro
3046 1131 3264 1188 quoque
3287 1133 3512 1189 corpore
3539 1119 3637 1175 ab~

2054 1202 2366 1258 scinduntur
2393 1216 2449 1260 et
2479 1218 2821 1276 amputantur
2847 1226 3195 1281 quacumque
3231 1222 3355 1266 sunt
3382 1228 3639 1283 superva~

2054 1308 2219 1348 cauca
2245 1305 2299 1349 et
2330 1297 2531 1351 inutilia
2549 1299 2571 1353 ?
2588 1310 2641 1353 et
2661 1300 2866 1355 nullum
2889 1303 3093 1356 lucrum
3122 1304 3364 1358 attulerit
3386 1304 3435 1358 id
3453 1320 3639 1372 carpo.

2054 1388 2100 1442 ri
2123 1429 2138 1453 ,
2162 1390 2377 1459 quando
2401 1390 2563 1447 fuerit
2595 1394 2917 1458 mutilatum,
2941 1397 3157 1467 quando
3174 1407 3346 1453 morte
3363 1398 3637 1466 allectum,

2057 1482 2270 1551 quando
2307 1484 2697 1553 putrefactum,
2725 1488 2938 1558 quando
2971 1491 3130 1544 etiam
3170 1493 3471 1561 corruperit
3510 1492 3638 1546 reli-

2057 1576 2257 1642 quum?
2295 1574 2375 1631 Ne
2413 1591 2542 1646 ergo
2582 1578 2919 1635 confidamus
2942 1623 2956 1647 ,
2991 1583 3130 1651 quod
3173 1583 3337 1638 semel
3388 1584 3640 1641 fuerimus

2059 1666 2321 1734 corporis.
2367 1667 2425 1723 Si
2468 1678 2647 1724 autem
2692 1670 2795 1725 hoc
2839 1688 3037 1743 corpus
3081 1690 3201 1728 cum
3247 1675 3318 1731 sit
3361 1678 3636 1742 naturale,

2060 1767 2239 1816 tamen
2269 1761 2601 1820 abscinditur
2630 1783 2644 1818 :
2676 1766 2721 1820 si
2750 1781 2855 1821 non
2888 1776 3099 1823 maneat
3132 1768 3322 1824 stabile
3346 1779 3399 1825 et
3430 1770 3641 1825 ﬁrmum

2060 1852 2225 1908 animi
2269 1855 2599 1924 institutum,
2628 1859 2757 1930 quid
2781 1877 2888 1915 non
2928 1876 3087 1931 grave
3128 1863 3391 1932 patietur?
3418 1863 3643 1932 Quando

2064 1959 2169 1998 non
2200 1944 2357 2001 fuerit
2386 1962 2582 2020 corpus
2620 1949 2778 2021 hujus
2817 1954 3056 2007 alimenti
3101 1955 3400 2025 particeps,
3431 1956 3643 2026 quando

2063 2036 2322 2093 obstructi
2361 2040 2562 2096 fuerint
2598 2044 2749 2113 pori,
2778 2053 2903 2100 tunc
2929 2056 3103 2102 morte
3131 2046 3361 2103 afﬁcitur
3387 2066 3402 2103 :
3434 2048 3651 2119 quando,

2064 2128 2294 2184 obturati
2323 2141 2531 2188 meatus
2554 2144 2608 2188 et
2634 2135 2827 2191 ﬁstulae
2850 2178 2865 2201 ,
2895 2147 3021 2192 tunc
3052 2138 3109 2192 ﬁt
3147 2155 3413 2194 mancum.
3445 2140 3516 2195 Ita
3547 2156 3645 2194 nos

2065 2235 2276 2289 quoque
2295 2225 2508 2292 quando
2527 2241 2686 2282 aures
2701 2228 3148 2296 obturaverimus,
3169 2247 3354 2286 rnanca
3377 2247 3440 2286 ac
3460 2233 3647 2289 mutila

2067 2322 2245 2366 nostra
2286 2313 2344 2369 ﬁt
2382 2316 2558 2370 anima
2600 2335 2614 2371 :
2656 2320 2873 2389 quando
2913 2335 3016 2375 nou
3067 2322 3321 2376 fuerimus
3364 2322 3646 2391 participes

2066 2407 2302 2462 alimenti
2347 2410 2675 2479 spiritualis,
2707 2413 2922 2482 quando
2948 2423 3319 2484 corruptorum
3363 2414 3642 2470 humerum

2069 2500 2361 2567 pravitates
2377 2512 2591 2556 'noxam
2624 2504 2780 2559 nobis
2812 2504 3119 2571 attulerint,
3151 2506 3265 2561 haec
3293 2507 3469 2561 on'tnia
3505 2523 3649 2562 mor-

2068 2592 2193 2646 bum
2237 2593 2489 2663 pariunt,
2516 2596 2761 2652 morbum
2795 2611 3008 2667 gravem
3031 2639 3047 2663 ,
3080 2597 3325 2653 morbum
3354 2599 3443 2669 qui
3474 2600 3646 2654 tabem

2069 2682 2221 2736 affert
2246 2693 2300 2736 et
2327 2686 2787 2754 consumptionem
2821 2704 2833 2739 :
2864 2698 2919 2742 et
2940 2688 3007 2743 de
3032 2697 3229 2743 caetero
3256 2689 3347 2743 illo
3373 2691 3491 2758 igne
3516 2704 3649 2758 opus

2070 2772 2329 2838 habebit,
2372 2786 2462 2829 aut
2507 2790 2641 2845 opus
2685 2776 2903 2833 habebit
2940 2791 2994 2833 ut
3031 2780 3319 2834 dividatur.
3362 2780 3474 2835 Non
3507 2781 3648 2835 enim

2071 2865 2269 2919 patitur
2297 2865 2540 2922 Christus
2582 2883 2705 2923 cum
2748 2869 2837 2923 tali
2881 2885 3109 2940 corpore
3146 2870 3350 2940 ingredi
3384 2872 3435 2924 in
3477 2870 3651 2924 thala-

2073 2973 2240 3012 mum.
2282 2958 2337 3013 Si
2378 2972 2503 3013 eum
2548 2960 2769 3015 abduxit
2807 2970 2860 3016 et
2897 2962 3103 3031 expulit
3134 2963 3221 3033 qui
3260 2962 3472 3017 sordida
3508 2971 3654 3017 veste

2073 3058 2190 3103 erat
2219 3049 2471 3115 indutus;
2500 3050 2550 3105 ei
2577 3052 2666 3120 qui
2693 3054 2905 3121 corpori
2942 3053 3129 3107 sordes
3168 3054 3500 3117 adhibuerit,
3528 3053 3655 3124 quid

2072 3157 2179 3195 non
2220 3142 2396 3205 faciet,
2422 3143 2692 3213 quomodo
2720 3161 2826 3199 non
2858 3160 2979 3199 cum
3010 3145 3251 3201 afﬁciet?

2147 3222 2336 3289 Christi
2374 3251 2558 3305 corpus
2599 3237 2849 3307 quomodo
2892 3237 3226 3305 sumendum,
3258 3237 3437 3307 quibus
3480 3236 3656 3292 diebus

2075 3326 2219 3379 adid
2247 3327 2597 3381 accedebatur.
2631 3358 2700 3368 —
2728 3328 2923 3383 Multos
2958 3329 3114 3383 video
3158 3331 3248 3400 qui
3289 3328 3487 3385 Christi
3529 3345 3653 3386 cor-

2077 3417 2222 3487 poris
2271 3426 2395 3471 sunt
2442 3419 2727 3489 participes
2781 3421 3172 3475 inconsiderate
3216 3430 3270 3476 et
3323 3430 3556 3487 temere,
3604 3430 3658 3475 et

2077 3508 2247 3578 magis
2290 3523 2357 3562 ex
2397 3510 2787 3566 consuetudine
2825 3520 2879 3566 et
2919 3527 3005 3567 ex.
3031 3515 3362 3582 praascripto,
3403 3528 3561 3584 quam
3591 3527 3659 3568 ex

2076 3601 2398 3670 cogitatione
2426 3610 2481 3656 et
2506 3603 2958 3659 consideratione.
3008 3605 3061 3661 Si
3111 3605 3421 3673 advenerit,
3454 3605 3657 3676 inquit,

2081 3700 2288 3761 tempus
2330 3703 2531 3748 sanctae
2574 3694 3044 3765 Quadragesimte,
3070 3698 3473 3767 qualiscumque
3499 3696 3661 3751 fuerit

2079 3784 2362 3853 quispiam,
2402 3785 2461 3839 ﬁt
2490 3785 2758 3856 particeps
2783 3798 3267 3852 sacramentorum,
3300 3790 3343 3843 si
3381 3790 3664 3844 advenerit

2080 3874 2194 3930 dies
2217 3874 2636 3945 Epiphaniorum
2663 3877 2759 3948 (a).
2779 3879 2948 3948 Atqui
2980 3880 3108 3934 illud
3141 3890 3349 3949 tempus
3371 3879 3662 3935 accedendi

2080 3983 2186 4021 non
2213 3977 2297 4022 est
2327 3985 2344 4022 :
2374 3983 2482 4023 non
2515 3968 2809 4038 Epiphania
2829 4012 2845 4036 ,
2889 3986 3063 4041 neque
3094 3971 3509 4043 Quadragesima
3540 3972 3668 4026 facit

2081 4059 2270 4129 dignos
2311 4062 2401 4130 qui
2440 4061 2732 4128 accedant,
2765 4064 2859 4119 sed
2888 4065 3081 4118 animae
3111 4066 3390 4120 sinceritas
3426 4075 3482 4120 et
3520 4066 3667 4135 puri-

2085 4163 2185 4206 tas.
2224 4150 2358 4206 Cum
2405 4168 2467 4207 ea
2489 4168 2702 4222 semper
2730 4156 2949 4218 accede,
2979 4158 3180 4226 absque
3208 4158 3319 4226 ipsa
3353 4174 3662 4228 numquam.

2085 4242 2292 4305 Quoties
2332 4245 2485 4309 enim,
2527 4244 2718 4315 inquit,
2749 4246 2842 4299 hoc
2866 4248 3055 4317 facitis,
3090 4260 3299 4301 mortem
3328 4248 3536 4303 Domini
3566 4268 3664 4304 an-

2084 4337 2327 4389 nuutiatis
2357 4336 2430 4406 (l.
2464 4336 2581 4392 Cor.
2612 4340 2700 4392 ll.
2731 4338 2846 4409 26).
2878 4339 2991 4394 Hoc
3020 4350 3121 4404 cst,
3155 4342 3207 4394 in
3237 4343 3546 4395 memoriam
3582 4359 3667 4396 re-

2083 4428 2287 4482 vocatis
2315 4437 2546 4481 vestram
2570 4429 2797 4483 salutem
2821 4474 2833 4493 ,
2877 4445 3056 4484 meum
3086 4432 3423 4485 beneﬁcium.
3477 4431 3667 4502 Cogita

2084 4519 2174 4587 qui
2203 4518 2400 4573 veteris
2431 4518 2717 4588 participes
2739 4531 2893 4575 erant
2916 4521 3186 4586 sacriﬁcii,
3216 4533 3410 4592 quanta
3440 4524 3667 4579 uteban-

2087 4619 2172 4663 tur
2214 4607 2518 4677 frugalitate
2564 4616 2619 4663 et
2657 4609 2977 4665 abstinentia
3024 4629 3036 4664 :
3080 4611 3208 4681 quid
3251 4629 3355 4666 non
3396 4613 3669 4684 agebant?

2086 4699 2210 4769 quid
2237 4715 2342 4755 non
2372 4699 2676 4755 faciebant?
2707 4700 2953 4771 Undique
2978 4713 3031 4755 ct
3056 4718 3273 4771 semper
3296 4704 3669 4774 expurgaban-

2089 4802 2174 4847 tur
2208 4811 2222 4847 :
2255 4803 2309 4846 tu
2354 4801 2533 4848 autem
2580 4792 2843 4848 accedens
2887 4793 2953 4847 ad
3002 4794 3322 4849 sacriﬁcium
3377 4795 3518 4865 quod
3568 4796 3669 4866 ipsi

2087 4894 2303 4955 stupent
2319 4894 2373 4940 et
2399 4894 2721 4940 venerantur
2746 4885 2943 4954 angeli,
2964 4896 3267 4956 temporum
3298 4888 3533 4957 periodis
3556 4906 3670 4943 rem

2086 4977 2278 5032 deﬁnis
2303 4994 2366 5032 ac
2392 4978 2830 5035 circumscribis?
2879 4980 2943 5032 Et
2977 4981 3246 5047 quomodo
3289 4982 3455 5036 stabis
3482 4982 3547 5036 ad
3580 4986 3671 5037 tri-

2089 5071 2246 5125 bunal
2268 5070 2487 5132 Christi,
2530 5072 2618 5140 qui
2662 5072 2877 5140 pollutis
2905 5073 3150 5127 manibus
3180 5082 3235 5127 et
3257 5074 3421 5128 labris
3446 5075 3512 5129 ad
3543 5091 3669 5130 cor-

2089 5178 2187 5231 pus
2231 5162 2364 5217 illud
2403 5162 2602 5246 audeas
2648 5162 2949 5217 accedere?
2995 5165 3059 5217 Et
3099 5180 3279 5233 regem
3320 5165 3532 5234 quidem
3576 5182 3673 5222 ore

2152 5322 2225 5384 (α)
2259 5321 2635 5386 Epiphaniorum
2669 5329 2723 5386 e_t
2764 5322 3183 5386 TheOphaniorum
3226 5332 3421 5386 tempus
3460 5324 3673 5386 idipsum

2090 5382 2648 5473 anté‘pta'Q'uibusdam
2668 5382 3017 5473 Ecclesiasgicis
3039 5382 3355 5473 Iscrilpto‘ribn's
3480 5382 3561 5433 die
3588 5393 3674 5433 Na-

2111 5460 2133 5473 η
2158 5461 2168 5473 ι
2251 5458 2333 5473 nunc
2359 5460 2370 5473 ι
2429 5458 2452 5473 n
2473 5457 2521 5473 ιο
2546 5458 2619 5473 ιιι-ι
2639 5459 2809 5473 unnnm
2835 5460 2880 5473 In
2940 5449 3033 5473 Α..ιὶ
3059 5450 3099 5473 ἰιι
3158 5461 3185 5473 n
3245 5456 3353 5473 ,ιι-ιη
3425 5450 3451 5473 ιζ
3475 5448 3654 5473 ηινηηίιι

2090 5400 2215 5454 erat,
2239 5400 2291 5433 et
2314 5400 2341 5432 a
2363 5400 2648 5445 quibusdam
2668 5400 3017 5433 neotestasums
3039 5400 3355 5496 εειἉιιοιιοιιδ
3380 5400 3464 5473 pro
3480 5400 3561 5433 (ne
3588 5400 3671 5433 na-

2090 5444 2171 5494 tali
2195 5446 2375 5507 Christi
2396 5446 2619 5507 habetur;
2639 5459 2810 5493 verum
2835 5446 3101 5495 inHomilia
3158 5461 3187 5495 e
3210 5448 3384 5496 beato}
3408 5447 3671 5507 hilogonio,

2088 5507 2281 5573 't:om._I,
2296 5506 2520 5573 £91,752,
2544 5506 2910 5573 Chrysostomus
2926 5509 3282 5573 Epiphgutiatrta
3304 5506 3559 5573 Nativitate
3576 5508 3673 5560 dis.-

2088 5568 2603 5630 linguit.Yideturgue
2628 5568 2789 5617 tamen
2815 5568 3179 5618 illam—Natalem
3206 5570 3379 5619 Christi
3409 5571 3540 5618 diem
3559 5582 3675 5617 esse

2087 5632 2255 5679 dicere
2278 5629 2482 5679 Humilia
2500 5629 2609 5679 l’de
2632 5630 2683 5679 S.
2708 5630 3023 5689 Pentecoste,
3039 5632 3097 5680 Τ.
3126 5631 3188 5691 ll,
3213 5632 3306 5681 col.
3324 5633 3434 5681 45L
3458 5631 3534 5680 De
3562 5632 3677 5691 Epi-

2090 5646 2255 5679 otcere
2279 5646 2482 5679 nomma
2500 5646 2520 5678 ι
2543 5646 2609 5679 oe
2632 5646 2683 5679 δ.
2710 5646 3023 5689 rentecosw,
3042 5646 3069 5680 1
3086 5668 3097 5679 .
3126 5646 3188 5691 ιι,
3213 5646 3306 5681 cet.
3324 5646 3434 5681 sas.
3458 5646 3534 5680 vc
3562 5646 3600 5679 ιι
3620 5646 3675 5678 ιι-

2090 5692 2260 5754 phanta
2283 5691 2397 5745 alibi
2420 5705 2617 5754 quoque
2655 5692 2886 5755 loquitur.
2912 5693 3097 5755 Verum
3123 5708 3181 5742 ea
3215 5695 3279 5742 de
3303 5708 3359 5743 re
3385 5694 3577 5755 plenius
3601 5646 3675 5750 io,-

2089 5753 2285 5815 quuturi
2309 5753 2477 5817 sumas
2498 5753 2645 5817 Temo
2669 5753 2800 5813 XIII,
2827 5756 2875 5802 in
2900 5754 3121 5803 Diatriha
3157 5756 3221 5803 tle
3249 5753 3509 5817 Disciplina
3536 5763 3586 5807 et
3609 5756 3678 5811 de

2090 5816 2520 5869 consuetudinibus
2536 5815 2891 5868 Ecclesiasticis
2915 5824 3137 5879 tcuqmre
3154 5815 3493 5879 Chryststom.
