4060 6400
294 357 372 422 29,
1229 348 1293 406 IN
1333 348 1547 409 EPIST.
1590 348 1680 402 AD
1721 344 1965 401 EPHES.
2008 348 2161 405 CAP.
2206 350 2245 405 Ι.
2297 350 2525 406 llOMlL.
2568 351 2653 407 Ill.
3501 353 3570 407 30

297 470 437 525 In:th
462 470 637 531 olente
668 464 974 525 deosculari
1002 464 1273 528 nolueris;
1316 463 1432 518 cadi
1464 472 1643 516 autem
1676 461 1877 528 Regem

297 563 501 624 fauenti
528 572 583 616 et
609 562 746 615 male
771 560 938 614 olenti
968 559 1149 613 anima
1177 556 1471 612 oscularis?
1517 555 1573 608 Id
1613 555 1769 625 plane
1798 562 1881 607 est

295 656 635 715 contumelia.
672 654 765 707 Die
794 652 947 718 mihi,
976 651 1217 706 vellesue
1251 648 1318 703 ad
1348 647 1669 702 sacrificium
1704 645 1878 698 maui-

298 752 398 811 hus
425 750 588 803 illotis
616 747 908 818 accedere?
938 745 1055 799 Non
1080 744 1307 815 Opinor;
1352 742 1445 797 sed
1486 741 1674 795 malles
1705 739 1881 809 potius

298 854 515 909 prorsus
548 855 653 893 non
684 838 963 901 accedere,
994 851 1152 906 quam
1181 834 1411 890 sordidis
1434 834 1698 895 manibus.
1735 832 1880 893 Itane

294 947 414 985 cum
443 932 496 984 in
516 944 576 985 re
600 945 760 998 parva
789 931 863 983 sis
897 929 1033 984 adeo
1060 942 1313 983 reverens
1343 936 1398 980 et
1426 926 1730 996 religiosus,
1762 940 1880 979 sor-

295 1023 473 1077 didam
503 1032 557 1077 et
582 1021 913 1076 immundam
944 1019 1149 1075 habens
1173 1019 1430 1085 animam,
1459 1016 1672 1072 accedis
1701 1024 1755 1070 et
1776 1031 1875 1071 au-

293 1115 393 1168 des
423 1124 646 1185 tangere
668 1114 689 1167 ?
711 1114 871 1187 Atqui
899 1113 966 1167 ad
995 1122 1201 1182 tempus
1222 1112 1436 1181 quidem
1469 1119 1678 1165 tenetur
1706 1109 1876 1162 mani-

295 1208 424 1270 bus;
458 1206 509 1258 in
539 1205 689 1260 illam
725 1215 906 1260 autem
937 1215 1077 1258 totus
1098 1214 1152 1259 et
1178 1204 1385 1275 integer
1409 1202 1714 1257 resolvitur.
1740 1199 1875 1269 Quid

226 1341 250 1364 λ
294 1296 459 1351 vero?
500 1311 681 1361 annon
725 1296 875 1351 vides
930 1310 1055 1367 vasa
1094 1295 1175 1349 sic
1195 1292 1416 1351 abluta?
1445 1292 1581 1347 adeo
1608 1292 1773 1346 nitida
1816 1300 1873 1345 et

292 1387 610 1458 splendida?
659 1386 751 1451 llis
791 1387 949 1456 longe
979 1385 1289 1441 mundiores
1316 1385 1470 1440 nobis
1495 1392 1710 1455 oportet
1753 1398 1874 1437 esse

290 1483 519 1546 animas,
552 1481 634 1535 bis
663 1481 958 1544 sanctiores
984 1490 1039 1536 et
1065 1478 1477 1556 splendidiores.
1498 1479 1674 1543 Quare
1695 1478 1717 1529 ?
1736 1478 1873 1547 Quo-

290 1554 434 1643 niam
470 1573 565 1645 illa
592 1582 812 1642 preptcr
840 1587 939 1628 nos
974 1571 1107 1626 fiunt
1139 1572 1285 1626 talia.
1333 1554 1427 1624 Illa
1457 1585 1578 1625 eum
1606 1570 1694 1639 qui
1733 1570 1874 1629 inest

290 1681 398 1724 non
428 1664 765 1734 participant,
796 1680 900 1718 non
937 1664 1211 1729 sentiunt,
1241 1677 1343 1724 nos
1381 1673 1558 1729 autem
1584 1663 1873 1732 participa'

289 1775 411 1812 uitis
432 1767 490 1813 et
517 1740 801 1813 sentimus.
842 1756 994 1815 Nune
1031 1765 1209 1811 autem
1238 1771 1365 1817 vase
1392 1756 1605 1825 quidem
1652 1755 1870 1819 sordido

286 1861 346 1919 et
367 1850 641 1905 immundo
676 1850 751 1910 uti
786 1850 1045 1913 nolueris,
1076 1848 1290 1903 sordida
1310 1860 1487 1909 autem
1511 1847 1721 1903 accedis
1752 1848 1870 1901 ani-

286 1957 373 1995 nia
396 1942 657 1997 ?.\lultam
689 1942 847 2010 video
875 1942 949 1996 rei
981 1942 1411 2010 inaequalitatem.
1434 1940 1492 1995 In
1516 1940 1635 1994 aliis
1655 1940 1869 2010 quidem

287 2032 639 2105 temporibus,
680 2046 801 2087 eum
844 2047 909 2086 ne
937 2030 1354 2103 tumuliquidem
1377 2045 1520 2099 sa'pe
1543 2029 1682 2097 sitis,
1711 2045 1865 2084 accc-

282 2122 444 2189 ditis;
492 2124 545 2178 in
594 2123 853 2187 l‘asehate
892 2134 1070 2177 autem
1118 2122 1327 2189 etiamsi
1376 2121 1591 2195 aliquod
1634 2122 1866 2177 seclusa

282 2215 438 2274 vobis
461 2214 531 2269 sit
559 2214 851 2271 admissum
874 2256 887 2275 .
916 2214 1191 2270 acceditis.
1244 2214 1289 2269 Ο
1334 2213 1801 2279 cousmetmlinem,
1823 2214 1875 2271 ὀν

285 2310 793 2379 prxsumptioucm!
865 2309 1082 2377 Frustra
1128 2318 1212 2364 est
1253 2307 1623 2377 quotidianum
1660 2307 1865 2369 sacrifi-

281 2404 423 2461 cium
449 2444 466 2467 ,
515 2403 710 2457 frustra
750 2401 1022 2456 adstamus
1047 2399 1201 2454 altari
1230 2417 1244 2455 :
1273 2415 1431 2463 nemo
1455 2409 1540 2455 est
1580 2398 1667 2468 qui
1697 2399 1864 2468 parti-

278 2498 442 2567 cipet.
477 2495 600 2550 "me
632 2494 777 2559 dico,
808 2511 911 2548 non
939 2504 997 2549 ut
1023 2504 1227 2549 temere
1258 2492 1622 2563 participetis,
1672 2492 1768 2548 sed
1808 2501 1869 2558 ιιι

280 2602 378 2641 νυε
401 2586 593 2656 dignos
623 2586 879 2642 reddatis.
922 2585 1038 2639 Non
1067 2602 1126 2641 es
1148 2586 1340 2655 dignus
1381 2586 1667 2657 sacrificio,
1694 2601 1866 2656 neque

281 2679 724 2759 participatione?
775 2680 915 2749 Ergo
963 2693 1067 2733 nec
1122 2693 1301 2748 ln'eec.
1351 2678 1519 2732 Audis
1564 2692 1862 2746 praeconem

277 2783 510 2837 stantem
536 2783 591 2827 ct
614 2772 880 2828 dicentem
912 2789 926 2825 :
958 2771 1280 2840 Quicumque
1305 2769 1423 2831 estis
1449 2772 1501 2824 in
1533 2771 1824 2839 ptettitcutia
1844 2810 1859 2834 ,

276 2864 431 2919 abite.
477 2866 677 2923 Otnnes
713 2865 803 2935 qui
848 2881 953 2919 non
985 2864 1325 2933 participant,
1362 2874 1487 2919 sunt
1514 2865 1565 2916 in
1591 2865 1860 2933 pmuitens-

279 2957 372 3010 tia.
425 2956 486 3012 Si
522 2971 582 3012 es
624 2972 691 3013 ex
733 2958 796 3011 iis
821 2957 910 3026 qui
940 2966 1066 3012 sunt
1093 2956 1145 3010 in
1175 2956 1507 3025 ptenitcutia,
1556 2971 1662 3009 non
1693 2954 1863 3015 debes

278 3050 597 3119 participare
633 3066 649 3102 :
678 3064 803 3103 nam
831 3048 919 3118 qui
954 3063 1058 3103 non
1089 3046 1388 3118 participat,
1409 3056 1492 3102 est
1522 3047 1573 3102 in
1601 3048 1861 3116 miniten-

278 3118 373 3194 t’ia.
404 3142 512 3193 tlur
531 3154 661 3210 ergo
686 3139 839 3205 dicit,
873 3139 1036 3204 .lbite,
1064 3140 1149 3206 qui
1173 3154 1275 3192 non
1306 3140 1510 3209 potestis
1540 3141 1774 3207 precari;
1804 3148 1861 3193 tu

273 3243 453 3286 autem
500 3243 613 3287 stas
658 3231 1037 3301 impudenter?
1102 3233 1171 3284 At
1218 3246 1325 3285 non
1373 3245 1431 3285 es
1481 3245 1547 3285 ex
1588 3230 1705 3296 his,
1760 3231 1859 3287 sed

274 3342 339 3380 ex
392 3326 454 3380 iis
500 3324 589 3395 qui
635 3333 858 3393 possunt
890 3322 1231 3393 participare,
1265 3331 1321 3378 et
1340 3320 1472 3376 nihil
1515 3322 1713 3388 curas?
1741 3338 1855 3380 rem

275 3417 407 3471 nihil
437 3432 559 3471 esse
580 3416 778 3485 putas?

345 3510 402 3563 5.
444 3508 757 3579 Considera,
784 3522 966 3578 qureso
984 3548 999 3562 .
1052 3506 1219 3563 Adest
1244 3521 1426 3569 mensa
1454 3509 1597 3578 regia
1619 3548 1635 3574 ,
1664 3508 1860 3573 adsunt

273 3602 448 3674 angeli
477 3600 860 3666 ministrantes,
891 3602 1045 3656 adest
1074 3600 1184 3656 liex
1216 3601 1351 3672 ipse,
1395 3610 1450 3657 et
1474 3611 1527 3655 tu
1565 3611 1676 3657 stas
1719 3603 1859 3657 osci-

275 3694 437 3750 tans?
481 3704 658 3749 vestes
702 3693 797 3749 tibi
837 3705 964 3748 sunt
991 3694 1255 3760 sordidte,
1285 3704 1339 3749 et
1378 3694 1521 3749 nulla
1548 3705 1658 3750 ate
1702 3696 1858 3765 hujus

277 3786 506 3840 habetur
536 3787 670 3839 ratio
694 3786 717 3839 ?
758 3786 829 3840 At
857 3795 984 3840 sunt
1013 3785 1265 3840 mundze?
1285 3787 1556 3849 Accumbe
1585 3802 1714 3857 ergo
1737 3830 1752 3853 ,
1804 3798 1860 3843 et

272 3878 549 3946 participa.
580 3876 735 3932 Venit
758 3877 996 3947 quotidie
1024 3886 1081 3931 ut
1109 3877 1285 3933 videat
1310 3879 1709 3943 accumbentes,
1734 3894 1853 3933 om-

275 3984 372 4023 nes
398 3969 688 4039 alloquitur
720 3986 735 4025 :
764 3979 821 4023 et
851 3984 991 4023 nunc
1022 3970 1072 4023 in
1106 3979 1283 4024 vestra
1324 3968 1454 4025 dicit
1492 3971 1854 4039 conscientia,

274 4060 468 4126 Amici,
500 4062 770 4131 quomodo
798 4062 885 4117 hic
913 4063 1067 4117 statis
1096 4077 1200 4117 non
1238 4063 1495 4119 habentes
1530 4074 1729 4119 vestem
1760 4083 1858 4119 nu-

276 4154 490 4223 ptialem
524 4155 738 4223 (.llutth.
769 4155 862 4209 9.2.
896 4155 1029 4225 19.)?
1056 4154 1173 4209 Non
1202 4156 1373 4222 dixit,
1394 4156 1501 4211 Cur
1524 4158 1858 4213 accubuisti?

274 4247 372 4302 sed
415 4258 542 4302 ante
576 4248 877 4303 accubitum
904 4258 961 4303 et
988 4250 1285 4319 ingressqu
1315 4265 1437 4304 eum
1468 4249 1596 4304 dicit
1633 4265 1753 4305 esse
1779 4251 1860 4305 in-

273 4336 493 4407 dignum
522 4355 535 4390 :
567 4353 669 4393 non
699 4339 835 4394 dixit
872 4340 1015 4395 enim
1040 4380 1055 4402 .
1100 4340 1211 4395 Cur
1236 4341 1567 4396 accubuisti?
1591 4343 1686 4397 sed
1707 4386 1722 4410 ,
1750 4344 1860 4398 Cur

277 4430 527 4484 intrasti?
554 4430 679 4485 llaec
704 4447 832 4502 ergo
863 4448 1005 4487 nunc
1029 4448 1244 4503 quoque
1268 4435 1396 4489 dicit
1412 4435 1565 4490 nobis
1586 4438 1855 4505 omnibus,

276 4521 366 4591 qui
411 4523 751 4591 impudenter
774 4532 830 4577 et
865 4524 1221 4579 inverecunde
1264 4534 1488 4580 stamus.
1529 4526 1860 4598 Quicumque

277 4613 422 4666 enim
446 4615 822 4683 mysteriorum
846 4630 950 4669 non
968 4624 1051 4670 est
1070 4616 1356 4686 particeps,
1381 4618 1428 4671 is
1452 4618 1731 4687 impudens
1755 4629 1863 4675 stat

274 4715 331 4759 et
358 4705 517 4759 nimis
566 4705 836 4761 audacter.
884 4705 984 4773 Qui
1030 4716 1157 4762 sunt
1202 4706 1254 4762 in
1284 4710 1548 4778 peccatis,
1577 4720 1861 4780 propterea

277 4800 491 4869 priores
518 4799 824 4869 ejiciuntur.
847 4800 997 4856 Sicut
1026 4802 1170 4856 enim
1199 4816 1323 4856 cum
1356 4802 1605 4857 dominus
1632 4805 1785 4859 adest
1808 4806 1861 4858 in

277 4908 490 4957 mensa,
522 4909 627 4948 non
654 4904 864 4961 oportet
883 4894 1075 4950 adesse
1100 4894 1328 4950 famulos
1363 4897 1452 4965 qui
1482 4896 1857 4964 oﬁ'enderunt,

276 4985 374 5038 sed
410 4985 607 5055 'procul
651 4985 1007 5040 amaudantur
1030 5005 1044 5040 :
1068 4987 1138 5041 ita
1170 4986 1258 5042 hic
1296 5003 1507 5057 quoque
1550 5004 1671 5042 cum
1708 4990 1865 5043 efl'er-

277 5086 368 5131 tur
412 5078 760 5145 sacriﬁcium,
789 5088 845 5133 et
871 5079 1119 5135 Christus
1153 5080 1506 5144 sacriﬁcatur,
1531 5090 1585 5137 et
1610 5084 1727 5137 ovis
1755 5083 1862 5136 Do-

277 5170 509 5227 minim:
538 5171 752 5240 quando
777 5171 1033 5239 audieris,
1070 5171 1281 5228 Oremus
1308 5190 1482 5228 omnes
1508 5176 1861 5243 communiter,

278 5262 498 5334 quando
523 5263 722 5319 videris
749 5262 885 5318 trahi
910 5278 1005 5319 eas
1028 5279 1148 5334 qua:
1186 5265 1239 5320 in
1269 5266 1422 5320 ostiis
1448 5276 1573 5320 sunt
1589 5267 1825 5321 cortinas
1845 5308 1861 5333 ,

280 5366 408 5409 time
431 5356 680 5410 existima
707 5355 895 5410 caelum
925 5371 1160 5425 superne
1193 5356 1407 5423 diduci,
1453 5367 1508 5412 et
1534 5358 1862 5413 descendere

278 5448 519 5519 angelos.
551 5447 1012 5514 Quemadmodum
1039 5463 1168 5517 ergo
1206 5451 1408 5503 nullum
1437 5459 1648 5520 oportet
1668 5450 1861 5506 adesse

226 5536 243 5560 '
277 5558 342 5595 ex
377 5542 442 5594 iis
468 5542 560 5610 qui
600 5541 871 5613 mysteriis
913 5558 1017 5596 non
1055 5540 1503 5612 suutinitiati,ita
1552 5559 1652 5598 nec
1692 5560 1757 5599 ex
1796 5545 1860 5598 iis

244 5715 252 5721 ο
286 5634 378 5705 qui
414 5644 539 5690 sunt
572 5635 763 5691 initiati
788 5646 844 5692 ct
871 5634 1096 5692 sordidi.
1130 5635 1223 5691 Dic
1251 5634 1453 5699 mihi,si
1490 5637 1609 5708 quis
1635 5635 1701 5693 ad
1727 5651 1867 5692 con-

1990 462 2187 517 vivium
2233 464 2486 519 invitatus
2522 482 2709 521 manus
2755 466 2945 522 laverit
2982 478 3037 523 et
3074 468 3382 523 accubuerit
3420 479 3473 523 et
3503 468 3569 522 ad

1992 569 2231 609 mensam
2281 568 2495 626 paratus
2550 556 2750 622 fuerit,
2801 569 2856 613 et
2902 559 3097 614 deinde
3132 576 3237 613 non
3267 560 3425 614 fuerit
3453 560 3569 628 ejus

1989 646 2277 716 particeps,
2309 662 2486 702 annon
2507 649 2828 703 contumelia
2859 649 3021 703 afﬁcit
3043 651 3278 718 eumqui
3308 651 3569 703 invitavit?

1987 749 2166 790 annon
2197 748 2342 793 esset
2373 740 2562 807 melius
2591 757 2711 794 eum
2742 757 2807 797 ne
2847 742 3079 797 adfuisse
3104 743 3361 812 quidem?
3409 744 3482 796 Ita
3514 754 3570 796 tu

1987 841 2200 897 quoque
2227 828 2442 895 adfuisti
2475 848 2487 883 :
2515 831 2770 902 hymnum
2801 834 3026 897 cautasti
3048 875 3062 895 ,
3104 850 3224 897 cum
3248 834 3423 903 dignis
3452 849 3569 887 om-

1986 917 2140 972 nibus
2189 928 2240 973 te
2281 934 2340 973 es
2388 921 2660 989 professus
2686 964 2701 988 ,
2740 938 2806 986 eo
2847 923 2988 992 quod
3030 939 3151 977 cum
3186 923 3416 992 indignis
3460 940 3566 975 non

1984 1011 2312 1087 recesseris:
2338 1012 2608 1081 quomodo
2641 1014 2879 1068 mansisti
2909 1024 2964 1068 et
3000 1030 3200 1069 mensae
3231 1030 3333 1067 non
3362 1029 3420 1067 es
3447 1029 3567 1082 par-

1985 1101 2191 1170 ticeps?
2238 1102 2404 1168 Sum,
2450 1104 2656 1174 inquit,
2706 1105 2976 1176 indiguus.
3038 1106 3180 1177 Ergo
3222 1108 3308 1160 illa
3355 1092 3596 1174 quoque.

1982 1194 2359 1255 eonnnunioue
2389 1203 2441 1249 et
2466 1196 2723 1251 societate
2766 1213 2885 1267 qua:
2923 1207 3007 1253 est
3037 1197 3089 1251 in
3124 1198 3371 1266 precibus
3393 1214 3452 1251 es
3480 1198 3561 1250 in-

1983 1283 2193 1355 diguus.
2245 1286 2362 1341 Non
2403 1289 2547 1341 enim
2597 1288 2768 1343 solum
2812 1305 2905 1357 per
2941 1290 3243 1358 proposita,
3274 1289 3368 1344 sed
3399 1292 3560 1345 etiam

1984 1390 2077 1443 per
2117 1376 2324 1437 cantica
2371 1378 2603 1448 undique
2645 1380 2924 1434 descendit
2965 1380 3212 1449 Spiritus.
3254 1379 3370 1435 Non
3413 1380 3562 1433 vides

1981 1466 2209 1521 famulos
2236 1479 2448 1523 nostros
2478 1484 2714 1524 mensam
2740 1471 2958 1540 spongia
2983 1472 3240 1538 lavantes,
3262 1481 3317 1525 et
3341 1471 3558 1525 domum

1980 1557 2316 1627 niuutlantes,
2346 1570 2396 1615 et
2419 1560 2596 1616 discos
2624 1577 2822 1617 mensa:
2853 1563 3221 1632 itnponeutes?
3249 1562 3361 1617 Hoc
3381 1562 3439 1616 ﬁt
3470 1578 3562 1632 per

1982 1664 2169 1717 preces
2191 1691 2205 1713 ,
2240 1666 2334 1720 per
2363 1651 2651 1707 clamorem
2685 1654 2945 1723 prmeonis
2980 1671 2992 1707 :
3025 1664 3293 1723 tamquam
3332 1655 3558 1723 Spongia

1979 1739 2217 1805 lavamus
2239 1742 2544 1809 ecclesiam,
2568 1754 2627 1798 ut
2659 1744 2713 1799 in
2760 1744 2957 1799 munda
2988 1745 3214 1800 ecclesia
3246 1746 3353 1799 sint
3379 1746 3557 1800 omnia

1976 1836 2271 1901 proposita,
2320 1843 2379 1889 ut
2423 1835 2569 1889 nulla
2603 1836 2675 1891 sit
2717 1837 2956 1902 macula,
2991 1837 3135 1892 nulla
3165 1853 3313 1907 ruga.
3346 1837 3480 1892 Sunt
3504 1847 3558 1893 et

1975 1911 2115 1978 oculi
2144 1940 2328 1980 eorum
2358 1927 2557 1998 indigni
2582 1928 2667 1983 his
2691 1930 3035 1999 spectaculis,
3059 1939 3287 1985 etaures
3305 1931 3556 1999 indignae.

1973 2013 2041 2083 ῌι
2068 2018 2111 2070 si
2137 2018 2311 2082 bestia,
2346 2020 2535 2089 inquit,
2564 2031 2781 2075 montem
2810 2032 3006 2093 tangat,
3036 2024 3274 2076 obruetur
3300 2025 3557 2093 lapidibus

1974 2105 2169 2174 (Exod.
2201 2110 2289 2164 19.
2326 2110 2438 2177 15).
2473 2111 2623 2165 Adeo
2672 2127 2771 2169 nec
2816 2112 2963 2182 digni
3009 2114 3225 2183 quidem
3270 2124 3425 2169 erant
3465 2117 3556 2185 qui

1972 2201 2326 2257 ascendereut
2361 2220 2373 2256 :
2407 2204 2553 2272 atqui
2608 2214 2799 2274 postea,
2849 2205 3009 2273 etiam
3066 2217 3445 2273 accesserunt,
3501 2218 3555 2263 et

1973 2294 2221 2347 viderunt
2271 2294 2361 2348 ubi
2409 2304 2633 2349 steterat
2661 2297 2821 2350 Deus.
2854 2294 3002 2362 Licet
3040 2306 3225 2365 postea
3274 2297 3552 2368 accedere,

1971 2394 2026 2447 et
2053 2386 2237 2440 videre
2269 2403 2283 2439 :
2316 2385 2413 2441 sed
2442 2387 2657 2456 quando
2687 2386 2940 2453 adfuerit,
2972 2388 3057 2457 abi
3085 2407 3099 2441 :
3146 2404 3263 2461 non.
3284 2391 3426 2443 enim
3458 2392 3554 2445 tibi

1970 2478 2140 2547 magis
2168 2477 2314 2544 licet,
2346 2493 2507 2548 quam
2533 2478 2945 2535 catechumeno.
2997 2479 3123 2543 Non,
3142 2491 3268 2535 sunt
3290 2482 3434 2536 enim
3462 2498 3557 2551 pa-

1970 2570 2073 2641 ria,
2105 2578 2441 2625 sacramenta
2466 2570 2702 2625 nondum
2749 2586 2870 2627 esse
2919 2582 3289 2642 assequutum,
3326 2581 3381 2627 et
3405 2585 3555 2642 post-

1968 2673 2127 2730 quam
2157 2658 2319 2714 t'ueris
2347 2670 2686 2731 assequutus,
2729 2671 2784 2717 et
2821 2662 3141 2730 offenderis,
3187 2663 3465 2733 despicere
3500 2676 3556 2720 et

1968 2767 2030 2817 ea
2062 2768 2122 2809 re
2154 2762 2203 2808 te
2231 2739 2505 2824 indignum
2536 2756 2782 2811 reddere.
2808 2756 3025 2813 Licebat
3052 2759 3202 2827 plura
3231 2759 3552 2815 terribiliora

1966 2846 2166 2913 dicere,
2195 2847 2291 2902 scd
2316 2864 2386 2903 ne
2417 2859 2649 2904 mentem
2679 2860 2918 2905 vestram
2946 2866 3184 2921 gravem,
3228 2853 3349 2908 haec
3394 2855 3551 2908 suffi-

1966 2940 2114 2999 ciunt
2148 2959 2161 2994 :
2188 2957 2313 2995 nam
2348 2942 2439 3012 qui
2469 2943 2548 2997 his
2575 2958 2681 2997 non
2707 2945 3057 3014 castigantur,
3088 2945 3122 2999 ii
3156 2961 3253 3001 nec
3283 2948 3546 3015 pluribus.

1966 3033 2046 3089 Ne
2073 3048 2203 3104 ergo
2223 3034 2377 3089 vobis
2407 3035 2579 3105 majus
2600 3033 2860 3091 faciamus
2882 3036 3160 3106 judicium,
3186 3039 3315 3107 riago
3336 3038 3548 3107 quidem

1964 3140 2084 3191 vos,
2111 3141 2220 3185 non
2243 3135 2299 3180 ut
2323 3142 2427 3181 non
2454 3128 2666 3192 adsitis,
2687 3128 2779 3182 sed
2809 3138 2866 3182 ut
2894 3131 3176 3197 praesentia
3199 3140 3253 3185 et
3279 3131 3423 3185 aditu
3454 3148 3550 3187 vos

1963 3217 2202 3272 reddatis
2231 3218 2441 3289 dignos.
2476 3219 2572 3274 Dic
2602 3218 2730 3273 mihi
2753 3261 2768 3284 ,
2797 3220 2841 3274 si
2873 3236 2965 3275 rex
2994 3221 3217 3289 jusserit
3242 3232 3296 3276 et
3322 3222 3545 3290 dixerit,

1964 3309 2021 3366 Si
2044 3312 2162 3381 quis
2192 3311 2293 3365 hoe
2320 3313 2448 3381 agit,
2480 3328 2510 3366 a
2540 3328 2658 3367 mea
2687 3329 2871 3367 mensa
2909 3314 3208 3383 abstineat,
3241 3331 3419 3370 annon
3451 3333 3547 3385 pro

1965 3401 2067 3456 hoc
2094 3403 2271 3467 omnia
2303 3402 2581 3458 feceritis?
2625 3404 2682 3459 In
2726 3405 2890 3459 caelos
2931 3421 3031 3460 nos
3069 3407 3277 3461 vocavit
3304 3408 3369 3462 ad
3393 3425 3546 3464 men-

1963 3506 2077 3552 sam
2117 3493 2277 3563 Regis
2318 3494 2497 3563 magni
2541 3505 2596 3549 et
2638 3495 2990 3561 admirabilis,
3047 3506 3102 3550 et
3145 3512 3457 3553 recusamus
3495 3510 3549 3553 et

1963 3596 2294 3651 cunctantur,
2329 3598 2383 3642 et
2408 3589 2473 3641 ad
2497 3604 2614 3643 eam
2645 3604 2757 3643 rem
2791 3605 2897 3642 non
2926 3591 3300 3645 accurrimus?
3324 3602 3376 3645 et
3404 3608 3548 3661 qmc-

1964 3693 2085 3731 nam
2113 3687 2196 3732 est
2221 3677 2375 3731 nobis
2402 3684 2533 3746 spes'
2556 3678 2777 3732 salutis?
2817 3678 2931 3732 Non
2975 3679 3099 3734 licet
3138 3682 3347 3735 causari
3379 3682 3548 3738 imbe-

1962 3769 2258 3836 cillitatem,
2294 3784 2390 3823 nee
2420 3770 2630 3838 culpam
2666 3770 2915 3825 conferre
2955 3772 3007 3823 in
3042 3780 3286 3826 naturam
3319 3792 3331 3826 :
3363 3788 3548 3829 socor—

1961 3862 2048 3916 dia
2090 3862 2264 3916 solum
2294 3873 2349 3916 et
2375 3862 2583 3932 ignavia
2612 3878 2710 3917 nos
2742 3862 2918 3918 reddit
2945 3864 3214 3933 indignos.
3258 3866 3383 3920 llmc
3424 3868 3547 3936 qui-

1962 3953 2083 4007 dem
2111 3954 2251 4007 dieta
2279 3964 2405 4006 sunt
2433 3970 2461 4005 a
2484 3953 2639 4007 nobis
2669 3971 2681 4007 :
2710 3955 2798 4021 qui
2820 3964 2997 4009 autem
3026 3958 3335 4025 compungit
3360 3959 3545 4023 corda,

1963 4046 2050 4114 qui
2095 4045 2187 4100 dat
2229 4045 2473 4115 spiritum
2514 4047 2963 4115 compunctionis,
3010 4057 3331 4119 compungat
3382 4050 3545 4103 corda

1961 4151 2158 4205 vestra,
2201 4151 2257 4193 et
2296 4140 2350 4193 in
2396 4138 2714 4208 profundum
2742 4140 2995 4194 immittat
3021 4143 3249 4205 semina,
3285 4149 3341 4193 ut
3381 4157 3446 4195 ex
3478 4142 3548 4195 ti-

1962 4250 2113 4289 more
2140 4234 2255 4303 ejus
2276 4235 2589 4304 coneipiatis
2614 4244 2669 4289 et
2696 4234 2916 4303 pariatis
2954 4236 3201 4304 spiritum
3241 4237 3450 4300 salutis,
3492 4248 3548 4293 et

1963 4342 2084 4381 eum
2116 4327 2305 4381 fiducia
2347 4326 2637 4382 aceedatis.
2684 4326 2807 4380 Filii
2860 4328 3028 4392 enim,
3064 4328 3253 4396 inquit,
3307 4329 3381 4381 tui
3418 4339 3549 4381 tam-

1962 4436 2113 4488 quam
2161 4420 2370 4473 novella:
2398 4419 2645 4473 olivarum
2683 4419 2739 4472 in
2776 4420 2994 4471 circuitu
3024 4418 3209 4472 meusa’
3231 4430 3330 4473 tua:
3371 4420 3545 4489 (I’sal.

1966 4513 2088 4567 127.
2121 4512 2198 4580 '5).
2231 4511 2374 4565 Nihil
2412 4511 2482 4564 sit
2509 4520 2683 4577 vetus,
2716 4511 2851 4563 nihil
2884 4510 3107 4574 immite,
3142 4511 3272 4563 nihil
3299 4513 3548 4566 crudum.

1966 4603 2279 4671 llujusmodi
2311 4602 2455 4656 enim
2487 4602 2709 4655 novella:
2750 4602 3107 4670 plantationes
3138 4613 3276 4671 aptae
3322 4613 3448 4657 sunt
3481 4604 3549 4659 ad

1966 4698 2220 4758 fructum,
2257 4694 2486 4749 fructum
2527 4693 2918 4754 admirandum.
2950 4694 3107 4758 olcm,
3156 4694 3401 4765 inquam,
3436 4694 3549 4749 fru-

1966 4803 2111 4847 ctum
2144 4801 2233 4846 :et
2254 4789 2420 4845 fortes
2446 4798 2571 4843 sunt
2599 4796 2650 4842 et
2679 4788 2890 4852 valida),
2938 4798 2997 4842 ut
3020 4788 3126 4842 sint
3148 4805 3332 4843 oumes
3366 4788 3416 4841 in
3446 4791 3549 4843 cir-

1967 4886 2111 4941 cuitu
2135 4898 2357 4950 mensze,
2384 4892 2559 4953 neque
2590 4892 2796 4936 temere
2838 4890 2894 4935 et
2927 4880 3066 4935 forte
3108 4880 3324 4935 fortuna
3357 4898 3553 4937 conve-

1969 4978 2138 5039 niant,
2186 4974 2281 5030 sed
2315 4990 2437 5029 cum
2477 4984 2624 5028 metu
2665 4982 2720 5027 et
2758 4973 2973 5027 timore.
3012 4971 3103 5027 Sic
3131 4973 3274 5027 enim
3297 4974 3553 5043 etipsum

1966 5069 2238 5125 Christum
2269 5069 2381 5123 illic
2423 5065 2673 5122 videbitis
2718 5081 2841 5121 cum
2884 5064 3108 5133 ﬁducia,
3138 5074 3191 5121 et
3230 5065 3428 5120 caelesti
3462 5081 3552 5119 re-

1968 5179 2075 5234 gno
2116 5162 2261 5233 digni
2307 5161 2604 5217 reddemini
2646 5177 2662 5213 :
2706 5159 2850 5229 quod
2898 5159 3054 5215 detur
3099 5162 3255 5216 nobis
3302 5160 3556 5217 omnibus

1970 5258 2262 5327 Consequi,
2302 5255 2472 5325 gratia
2516 5264 2571 5310 et
2603 5253 2937 5323 benignitate
2968 5253 3179 5308 Domini
3222 5254 3390 5308 nostri
3427 5253 3559 5312 .lesu

1970 5352 2193 5417 Christi,
2224 5365 2347 5405 cum
2371 5364 2478 5419 quo
2505 5347 2649 5403 Patri
2676 5357 2730 5402 et
2757 5347 2975 5417 Spiritui
3003 5356 3189 5401 sancto
3223 5346 3410 5416 gloria,
3454 5347 3555 5400 im-

1973 5448 2199 5516 perium,
2231 5443 2423 5511 honor,
2463 5456 2605 5497 nunc
2625 5449 2679 5497 et
2700 5454 2930 5511 semper,
2977 5447 3027 5494 et
3060 5438 3114 5493 iu
3145 5439 3339 5493 saecula
3375 5452 3439 5493 se
3454 5455 3550 5500 cu.

1973 5542 2166 5597 lorum.
2196 5537 2385 5592 Amen.

3166 5694 3171 5697 ,
3192 5690 3231 5697 ...ιν

1691 5809 2106 5837 ..κ-...ιαμ
