4060 6400
490 401 523 423 ,ρ

487 300 548 356 5i
1201 299 1259 355 8.
1296 296 1573 353 JOANNIS
1621 293 2096 351 CHRYSOSTOMI
2147 294 2461 353 ARCIIIEP.
2500 298 3033 356 CONSTANTINOP.
3700 305 3769 365 3‘2

3732 405 3767 414 ..ι

1848 432 2193 495 HOMILIA
2238 435 2344 500 IV.

490 564 622 619 CAP.
660 563 714 619 2.
777 579 828 618 v.
886 564 939 617 1.
982 561 1048 616 Et
1105 578 1189 615 vos
1254 576 1369 615 cum
1421 561 1590 614 essetis
1642 558 1826 610 mortui
1874 556 2073 610 delictis

569 666 617 708 et
660 653 876 724 peccatis
909 653 1104 718 vestris,
1153 653 1209 705 2.
1249 652 1303 704 in
1336 650 1513 721 quibus
1541 648 1817 719 aliquando
1837 646 2073 701 ambula-

564 745 653 798 stis
702 743 979 798 secundum
1042 743 1282 795 saxulum
1342 740 1517 794 mundi
1560 741 1752 808 hujus,
1796 738 2072 793 secundum

564 831 845 901 principem
875 830 1141 899 potestatis
1168 829 1300 883 aeris
1335 829 1488 898 hujus
1507 868 1523 895 ,
1553 828 1763 897 spiritus
1804 827 1891 896 qui
1935 841 2069 879 nunc

559 932 798 993 operatur
824 922 877 975 in
900 922 1033 992 filios
1063 921 1373 991 diffidentia,
1400 920 1454 974 5.
1484 921 1539 972 in
1561 920 1739 988 quibus
1764 927 1809 971 et
1840 933 1929 971 nos
1958 934 2068 970 om-

564 1034 654 1071 nes
684 1015 963 1087 aliquando
992 1014 1270 1068 conversati
1311 1029 1485 1067 sumus
1510 1013 1562 1066 in
1593 1011 1855 1065 desida’iis
1898 1010 2070 1063 carnis

561 1118 749 1161 nostra:
771 1149 785 1173 ,
812 1108 1054 1177 facientes
1084 1109 1387 1158 voluntatem
1411 1103 1577 1157 carnis
1602 1114 1649 1156 et
1671 1103 2065 1175 cogitationum,

556 1212 603 1255 et
635 1217 835 1255 eramus
863 1211 1046 1253 natura
1077 1199 1170 1267 ﬁlii
1211 1200 1303 1251 ira:
1330 1197 1458 1250 sicut
1488 1206 1533 1250 et
1557 1198 1746 1250 ueteri.

557 1296 613 1349 i.
655 1295 752 1350 Est
777 1294 992 1364 quidem
1032 1292 1373 1348 mortificatio
1412 1291 1748 1360 corporalis,
1777 1299 1859 1344 est
1884 1298 2063 1344 autem

482 1397 533 1442 ct
582 1387 825 1442 animalis
860 1405 873 1440 :
904 1394 959 1441 et
994 1386 1138 1440 illius
1177 1382 1393 1454 quidem
1432 1397 1555 1438 esse
1594 1382 1932 1452 participem,
1964 1396 2065 1436 nec

483 1489 567 1534 est
612 1480 819 1534 crimen
871 1493 971 1533 nec
1014 1476 1310 1547 periculum
1361 1492 1375 1529 :
1418 1489 1507 1529 res
1540 1475 1683 1529 enim
1725 1483 1808 1528 est
1834 1481 2059 1538 natura},

483 1586 588 1624 non
633 1569 860 1625 instituti
886 1568 1051 1622 animi
1076 1577 1133 1622 et
1157 1566 1309 1622 liberi
1338 1564 1565 1631 arbitrii.
1606 1564 1736 1618 Nam
1763 1575 1819 1618 et
1840 1576 1956 1617 orta
1983 1575 2065 1619 est

481 1679 547 1717 ex
581 1662 1007 1731 transgressione
1045 1659 1383 1729 protoplasti,
1429 1666 1484 1711 et
1520 1672 1609 1711 res
1638 1657 1831 1717 deinde
1868 1656 2066 1711 decidit

481 1754 533 1806 in
568 1762 809 1808 naturam
841 1771 853 1803 :
888 1751 1086 1821 alioqui
1112 1758 1290 1805 autem
1318 1748 1477 1803 etiam
1507 1747 1614 1802 cito
1641 1746 1896 1801 solvetur.
1943 1744 2059 1814 ipsa

483 1860 615 1900 vero
658 1842 997 1897 niortiticatio
1024 1840 1291 1905 animalis,
1320 1854 1439 1894 cum
1468 1839 1537 1892 sit
1564 1838 1789 1892 instituti
1816 1837 1977 1891 animi
2009 1846 2065 1891 et

480 1936 633 1991 liberi
681 1936 925 2001 arbitrii,
967 1935 1169 1990 crimen
1212 1934 1371 1988 habet
1396 1941 1450 1986 et
1482 1931 1682 1985 nullam
1718 1931 2059 1985 solutionem.

482 2026 615 2081 Vide
644 2042 772 2098 ergo
808 2026 1078 2097 quomodo
1106 2025 1301 2079 Paulus
1343 2039 1466 2079 cum
1494 2023 1602 2091 jam
1631 2022 1785 2076 valde
1811 2038 2061 2093 magnum

478 2120 823 2183 ostendisset,
853 2130 907 2174 et
941 2118 1080 2188 quod
1110 2118 1280 2186 majus
1321 2117 1391 2169 sit
1422 2124 1595 2169 morte
1632 2114 1835 2169 affectat
1862 2114 2059 2169 mederi

477 2211 671 2265 animai
711 2226 868 2279 quam
920 2209 1181 2263 suscitare
1232 2215 1495 2269 mortuos,
1547 2219 1688 2258 nunc
1730 2219 1943 2273 quoque
1982 2204 2061 2273 sic

482 2302 631 2371 ponit
658 2310 924 2369 tamquam
974 2314 1223 2368 magnum
1262 2315 1274 2350 :
1305 2296 1370 2349 Et
1394 2313 1477 2350 vos
1506 2313 1620 2349 cum
1646 2296 1836 2360 essetis,
1868 2295 2056 2364 inquit,

478 2392 665 2444 mortui
691 2390 887 2444 delictis
913 2401 961 2443 et
982 2389 1198 2459 peccatis
1238 2388 1413 2441 vestris
1434 2429 1450 2455 ,
1483 2387 1537 2440 in
1580 2386 1758 2453 quibus
1785 2385 2058 2455 aliquando

475 2485 790 2551 ambulastis,
816 2484 1093 2538 secundum
1119 2483 1361 2537 steculum
1380 2481 1555 2534 mundi
1589 2482 1761 2550 hujus,
1784 2481 2059 2535 secundum

476 2578 755 2646 principem
780 2578 1037 2645 potestatis
1066 2576 1218 2639 aeris,
1265 2576 1475 2644 spiritus
1509 2576 1597 2645 qui
1641 2591 1775 2628 nunc
1820 2584 2059 2645 operatur

474 2670 528 2722 in
573 2670 708 2737 filios
756 2669 1064 2738 diffidentite.
1102 2666 1265 2722 Vides
1294 2666 1441 2720 l’anli
1470 2666 1967 2732 mansuetudinem,
2003 2677 2059 2723 et

474 2760 743 2830 quomodo
792 2761 985 2830 ubique
1040 2760 1349 2813 consolatur
1400 2758 1718 2825 auditorem,
1775 2773 1900 2813 eum
1948 2774 2054 2813 non

471 2854 739 2908 oneratis?
782 2853 914 2907 Nam
963 2853 1209 2922 quoniam
1263 2853 1474 2907 dixerat
1519 2865 1613 2906 eos
1656 2851 1724 2905 ad
1758 2861 2055 2907 extremum

478 2959 646 3019 usque
667 2943 851 2997 vit-inm
872 2958 992 2997 esse
1014 2953 1294 3010 provectos
1321 2942 1447 3011 (hoc
1474 2942 1619 2996 enim
1642 2949 1724 2996 est
1742 2954 1864 2996 esse
1882 2950 2056 2998 morte

471 3033 719 3107 allectos)
741 3052 755 3099 ;
784 3050 849 3087 ne
875 3049 969 3088 eos
987 3033 1139 3087 valde
1158 3040 1407 3103 gravaret
1430 3035 1575 3104 (nam
1599 3030 1803 3099 pudore
1823 3030 2057 3087 afficiun-

472 3138 561 3182 tur
589 3127 857 3192 homines,
882 3141 1001 3180 cnm
1030 3125 1206 3195 priora
1231 3123 1371 3178 mala-
1398 3123 1695 3178 aiferuntur
1718 3123 1774 3177 in
1796 3122 2052 3190 medium,

471 3220 679 3274 etiamsi
710 3219 817 3273 sint
838 3218 1103 3281 absoluta,
1131 3226 1185 3271 et
1213 3217 1416 3269 nullum
1445 3216 1677 3270 habeant
1706 3213 2052 3287 periculum),

471 3311 564 3364 dat
602 3310 683 3364 eis
723 3309 1048 3379 adjutorem,
1100 3324 1166 3363 ne
1215 3307 1614 3362 existimaretur
1643 3315 1808 3361 totum
1835 3308 1913 3362 eis
1933 3323 2055 3363 esse

470 3401 868 3471 imputandum,
901 3410 956 3456 et
982 3400 1283 3469 adjutorem
1310 3400 1521 3454 fortem.
1570 3398 1904 3465 Quemnam?
1930 3398 2054 3454 Dia-

469 3499 673 3553 bolum.
705 3496 793 3553 Sic
841 3497 1003 3550 etiam
1052 3495 1179 3549 facit
1227 3494 1281 3548 in
1328 3493 1565 3562 Epistula
1602 3492 1669 3546 ad
1695 3492 2051 3550 Corinthios:

468 3603 599 3647 nam-
620 3603 743 3642 cum
771 3586 1016 3651 dixisset,
1053 3584 1228 3639 Nolite
1250 3600 1444 3648 errare,
1493 3599 1652 3653 neque
1674 3584 2009 3653 fornicatores
2034 3624 2050 3650 ,

468 3695 626 3749 neque
667 3678 989 3739 idololatrw;
1019 3684 1076 3732 et
1112 3676 1314 3745 reliqua
1345 3675 1522 3728 omnia
1563 3677 1949 3741 recensuisset,
1998 3683 2054 3730 et

466 3771 875 3840 subjunxisset,
922 3770 1157 3840 Regnum
1201 3766 1297 3821 Dei
1355 3785 1456 3821 non
1508 3767 1877 3837 possidebunt;
1925 3778 2053 3823 tunc

466 3876 679 3930 quoque
726 3860 892 3914 dicit:
927 3857 996 3912 Et
1038 3860 1144 3912 luec
1185 3858 1389 3928 quidem
1434 3858 1600 3928 fuistis
1642 3858 1727 3928 (ι.
1757 3858 1874 3912 Cor.
1907 3858 1960 3912 6.
1994 3858 2048 3914 9.

471 3950 636 4024 δίη).
694 3951 808 4005 Non
863 3950 996 4005 dixit
1039 3950 1283 4004 absolute
1318 3950 1511 4015 fuistis,
1560 3950 1672 4011 sed,
1703 3960 1821 4011 τινὲς
1862 3957 1965 4014 ἦτε.
1998 3950 2052 4007 id

466 4055 583 4107 est,
607 4045 777 4113 Aliqui
802 4044 989 4114 fuistis,
1024 4043 1125 4096 hoc
1164 4050 1267 4108 est,
1309 4042 1387 4095 sic
1423 4041 1814 4110 quodammodo
1857 4042 2050 4097 fuistis.

540 4135 813 4189 Manichtei
842 4145 1143 4203 carpuntur.
1171 4162 1243 4171 —
1267 4132 1364 4186 llic
1403 4132 1643 4186 haeretici
1693 4131 1807 4186 haec
1851 4133 1917 4188 de
1942 4134 2051 4188 Deo

469 4229 610 4282 dicta
668 4242 791 4281 esse
832 4226 1031 4279 acriter
1080 4223 1442 4291 contendunt,
1489 4233 1545 4278 et
1584 4223 1893 4280 effrenatam
1944 4226 2051 4281 lin-

467 4334 624 4389 guam
691 4318 848 4387 longe
907 4325 1253 4382 exserentes,
1288 4312 1413 4370 Ἰιτεε
1473 4316 1585 4371 Deo
1632 4316 1886 4386 adaptant
1931 4334 2050 4388 quae

465 4423 593 4469 sunt
642 4413 812 4469 solius
878 4410 1099 4466 diaboli.
1152 4409 1432 4477 Quomodo
1487 4425 1614 4480 ergo
1666 4425 1728 4465 os
1784 4413 1864 4467 eis
1919 4413 2049 4468 obs-

468 4504 745 4560 truemus?
785 4502 863 4557 Ex
912 4501 1045 4572 ipsis
1082 4501 1281 4555 verbis.
1310 4500 1440 4554 Nam
1491 4502 1535 4555 si
1586 4512 1667 4556 est
1710 4502 1906 4572 justus,
1938 4505 2048 4560 sic-

466 4608 520 4652 ut
562 4597 761 4664 dicitis,
792 4594 905 4649 hrec
956 4603 1132 4649 autem
1158 4598 1356 4663 gessit;
1390 4594 1504 4648 hinc
1530 4609 1617 4648 res
1646 4610 1752 4649 non
1785 4606 1867 4651 est
1894 4596 2046 4665 justi,

469 4688 562 4743 sed
594 4688 752 4742 valde
777 4687 960 4756 injusti
987 4695 1041 4741 et
1070 4685 1318 4740 scelerati
1344 4702 1356 4738 :
1386 4684 1523 4739 Deus
1548 4695 1726 4740 autem
1756 4703 2046 4757 numquam

462 4781 622 4835 fuerit
665 4780 980 4834 sceleratus.
1013 4777 1123 4833 Cur
1153 4793 1284 4832 vero
1314 4777 1446 4832 dicit
1470 4794 1591 4831 eum
1620 4780 1915 4849 principem
1944 4796 2047 4836 sa:-

460 4872 565 4925 culi
597 4869 1053 4939 hujus?'Quoniam
1077 4877 1186 4923 tota
1208 4868 1320 4923 fere
1338 4868 1565 4922 humana
1586 4879 1770 4923 natura
1794 4886 1853 4925 se
1876 4872 2045 4941 ipsam

461 4963 538 5017 illi
568 4961 737 5019 dedit.
767 4970 823 5015 et
850 4975 1039 5015 omnes
1082 4975 1175 5015 sua
1218 4969 1409 5029 sponte
1446 4960 1494 5014 ei
1522 4959 1763 5029 serviunt
1800 4970 1855 5015 et
1879 4977 1944 5016 ex
1974 4962 2042 5016 li-

465 5052 598 5107 bero
628 5050 792 5104 animi
831 5050 1075 5105 arbitrio.
1130 5050 1198 5105 Et
1242 5049 1459 5105 Christo
1495 5049 1709 5119 quidem
1744 5051 1881 5105 bona
1914 5067 2043 5121 pro-

462 5144 696 5199 mittenti
738 5141 1149 5196 innumerabilia
1200 5156 1268 5197 ne
1308 5142 1545 5195 animum
1576 5142 1795 5212 quidem
1826 5143 2044 5199 adhibet

460 5236 726 5307 q-uiSpiam
755 5254 769 5290 :
796 5235 873 5288 illi
901 5244 1078 5289 autem
1108 5234 1241 5288 nihil
1272 5234 1377 5288 tale
1404 5234 1694 5303 pollicenti,
1727 5235 1822 5290 sed
1850 5236 1915 5290 ad
1945 5252 2043 5306 ge-

459 5330 691 5384 hennam
722 5327 1131 5393 transmittenti,
1154 5327 1353 5382 cedunt
1375 5344 1587 5383 omnes.
1618 5329 1685 5383 Et
1712 5330 2041 5399 principatus

460 5421 579 5492 ejus
598 5432 683 5478 est
707 5421 761 5476 in
786 5424 888 5476 hoc
911 5421 1131 5485 sreculo,
1154 5428 1209 5474 et
1235 5420 1279 5474 is
1303 5421 1483 5487 plures
1508 5421 1667 5476 habet
1691 5437 1849 5492 quam
1873 5423 2034 5489 Deus,

456 5523 515 5568 et
540 5513 590 5568 ei
612 5512 779 5582 magis
806 5512 1061 5568 cedentes
1086 5527 1246 5581 quam
1280 5511 1409 5574 Deo,
1440 5520 1634 5580 pratter
1665 5527 1881 5581 paucos,
1915 5530 2039 5583 pro-

458 5617 581 5680 pter
622 5617 856 5661 nosu-am
887 5604 1211 5662 socordiam.
1254 5604 1548 5659 Secundum
1599 5615 1928 5673 potestatem,
1956 5608 2039 5661 in-

460 5699 598 5769 quit,
623 5698 749 5752 aerii
774 5699 1005 5769 spiritus.
1034 5697 1148 5753 Hoc
1174 5712 1360 5753 rursus
1383 5697 1532 5763 dicit,
1560 5697 1701 5767 quod
1734 5699 1909 5752 locum
1940 5699 2037 5755 ha-

461 5793 544 5848 bet
572 5791 670 5848 sub
689 5791 843 5860 caelo,
868 5800 921 5849 ct
945 5790 1163 5862 spiritus
1187 5805 1375 5848 rursus
1396 5789 1525 5847 aerii
1556 5800 1681 5847 sunt
1704 5790 2033 5863 incorporea:

2182 566 2472 626 poteStates
2500 574 2566 614 eo
2592 571 2871 629 operante.
2902 560 3032 615 Nam
3063 563 3219 633 quod
3247 565 3521 622 surcularis
3549 566 3621 621 sit
3648 566 3777 636 ejus.

2180 650 2511 721 principatus
2531 693 2546 717 ,
2581 651 2683 706 hoc
2712 662 2796 707 est
2817 693 2833 718 ,
2863 654 2957 722 qui
2984 668 3103 707 cum
3136 657 3386 724 przesenti
3415 658 3616 712 smculo
3648 658 3761 713 disp

2177 744 2440 808 solvitur,
2471 744 2591 799 audi
2623 760 2744 799 eum
2773 745 3040 800 dicentem
3082 746 3135 800 in
3179 747 3285 803 fine
3331 747 3574 817 epistolae
3598 764 3612 800 :
3640 749 3759 804 Non

2175 842 2250 886 est
2295 834 2438 887 nobis
2479 834 2771 888 colluctatio
2808 836 3047 889 adversus
3093 840 3386 906 sanguinem
3422 847 3470 892 et
3514 854 3758 906 carnem,

2173 925 2269 977 sed
2286 924 2525 979 adversus
2556 925 2808 994 principes
2832 936 2882 978 et
2913 935 3199 994 potestates,
3235 938 3282 980 et
3310 928 3552 983 adversus
3584 932 3758 984 mundi

2174 1024 2390 1070 rectores
2414 1016 2731 1069 tenebrarum
2775 1017 2927 1087 hujus
2952 1017 3122 1069 saeculi
3144 1017 3360 1087 (Ep/tes.
3391 1018 3445 1072 6.
3478 1018 3590 1092 12).
3621 1020 3755 1074 Nam

2173 1123 2240 1163 ne
2268 1123 2389 1163 cum
2414 1107 2647 1161 audieris
2665 1148 2680 1173 ,
2713 1106 2897 1160 Mundi
2930 1118 3147 1162 rectores
3172 1150 3187 1174 ,
3212 1109 3359 1170 dicas
3387 1108 3549 1163 etiam
3578 1110 3754 1180 ipsum

2171 1215 2291 1254 esse
2319 1198 2637 1261 incrcatum,
2655 1198 2819 1260 addit,
2848 1197 2889 1250 Τ
2892 1199 3186 1251 enebrarum
3211 1200 3405 1254 surculi.
3428 1199 3752 1256 Alibietiam

2172 1306 2399 1361 nequam
2447 1292 2703 1346 sarculum
2736 1290 2894 1361 (Gul.
2930 1292 2983 1346 1.
3013 1292 3083 1361 4)
3114 1301 3267 1346 vocat
3290 1300 3500 1362 tempus
3530 1308 3753 1363 perver-

2170 1398 2285 1437 sum
2314 1424 2329 1448 ,
2362 1399 2468 1437 non
2495 1382 2684 1438 dicens
2728 1383 2796 1437 de
2839 1384 3120 1438 creaturis.
3169 1383 3299 1437 Mihi
3329 1384 3471 1438 enim
3497 1384 3711 1441 videtur
3732 1428 3748 1451 ,

2168 1474 2313 1545 quod
2342 1473 2387 1528 si
2417 1474 2606 1529 fuisset
2637 1474 2885 1543 princeps
2914 1473 3015 1528 sub
3044 1473 3201 1537 caelo,
3234 1490 3341 1529 non
3372 1474 3562 1529 fuisset
3590 1490 3748 1531 casu-

2169 1581 2265 1620 rus
2291 1580 2318 1619 a
2347 1564 2646 1635 principatu
2673 1607 2689 1632 ,
2733 1568 2893 1620 etiam
2940 1575 3063 1635 post
3110 1568 3615 1637 transgressionem.
3649 1568 3749 1635 Qui

2167 1672 2299 1710 nunc
2327 1668 2564 1725 Operatttr
2590 1658 2644 1709 in
2672 1657 2805 1725 filios
2849 1657 3157 1727 diffidentiae.
3196 1657 3363 1714 Vides
3388 1659 3532 1728 quod
3559 1676 3664 1715 non
3691 1661 3748 1716 vi

2170 1746 2371 1801 inducit
2399 1762 2500 1802 nec
2527 1748 2844 1818 tyrannide,
2889 1748 2984 1803 sed
3013 1748 3401 1818 persuasione?
3434 1750 3578 1805 Dixit
3600 1752 3745 1807 enim

2165 1840 2430 1905 ἀπείθειαν,
2460 1853 2523 1893 ac
2551 1840 2595 1892 si
2624 1837 2794 1905 dicas,
2827 1839 3143 1909 deceptione
3170 1848 3226 1895 et
3253 1842 3596 1910 persuasione
3623 1858 3743 1897 om-

2166 1946 2264 1985 nes
2296 1932 2537 1986 attrahit.
2582 1931 2691 1988 Nec
2735 1933 2836 1987 hoc
2879 1933 3054 1987 Solum
3101 1948 3197 1988 eos
3233 1935 3569 2001 consolatur,
3601 1937 3743 2006 quod

2164 2022 2374 2078 dederit
2417 2024 2621 2079 socium
2641 2064 2658 2089 ,
2689 2024 2785 2078 sed
2812 2024 2973 2079 etiam
3000 2024 3143 2093 quod
3173 2040 3233 2078 se
3258 2040 3378 2079 cum
3422 2026 3534 2081 illis
3557 2038 3735 2096 ponat.

2163 2114 2231 2167 In
2258 2114 2434 2185 quibus
2454 2155 2471 2181 ,
2501 2114 2708 2185 inquit,
2740 2125 2785 2168 et
2816 2131 2907 2168 nos
2941 2132 3112 2170 omnes
3159 2115 3436 2185 aliquando
3465 2120 3749 2172 ceraversati

2162 2222 2355 2261 sumus.
2378 2206 2564 2261 Omnes
2584 2223 2604 2261 :
2629 2221 2735 2261 non
2766 2207 2909 2263 enim
2936 2208 3062 2263 licet
3088 2207 3266 2263 dicere
3295 2208 3434 2278 quod
3463 2221 3744 2279 exemptus

2163 2309 2309 2354 esset
2335 2299 2548 2369 aliquis.
2577 2298 2646 2353 In
2667 2299 2933 2353 desideriis
2959 2300 3128 2353 carnis
3149 2309 3357 2365 nostrae,
3384 2302 3625 2371 facientes
3653 2319 3743 2356 vo-

2163 2387 2404 2443 luntatem
2428 2390 2595 2444 carnis
2622 2400 2669 2443 et
2695 2390 3053 2460 cogitationum
3072 2432 3088 2455 ,
3119 2401 3165 2444 et
3191 2408 3392 2444 eramus
3433 2402 3617 2445 natura
3644 2394 3744 2461 filii

2160 2480 2273 2543 ira,
2301 2481 2430 2535 sicut
2465 2491 2511 2534 et
2553 2481 2724 2535 cceteri
2763 2497 2955 2535 omnes.
2990 2481 3102 2536 Hoc
3144 2492 3247 2545 est,
3280 2482 3413 2536 nihil
3460 2483 3743 2551 spirituale

2159 2571 2448 2640 sapientes.
2472 2570 2578 2626 Sed
2601 2587 2667 2626 ne
2683 2586 2900 2626 carnem
2930 2572 2983 2625 in
3013 2571 3265 2625 invidiam
3290 2583 3442 2627 vocet
3459 2584 3515 2627 et
3533 2574 3739 2639 odium,

2158 2677 2334 2731 neque
2362 2677 2609 2731 magnum
2656 2662 2930 2717 existimes
2969 2662 3262 2728 delictum,
3306 2664 3431 2719 vide
3470 2668 3753 2734 quonnudot

2158 2754 2259 2810 sibi
2287 2763 2491 2829 caveat.
2520 2753 2808 2820 Facientes,
2842 2755 3033 2825 inquit,
3066 2756 3374 2810 voluntatem
3397 2758 3566 2812 carnis
3589 2768 3636 2811 et
3655 2776 3749 2813 co-.

2157 2848 2460 2918 gitationum
2489 2857 2774 2902 nostrarum
2795 2889 2812 2914 ,
2857 2849 2961 2903 hoc
2984 2857 3087 2913 est,
3123 2850 3409 2919 voluptatis
3432 2850 3741 2908 affectiones

2156 2951 2213 2997 et
2252 2950 2452 3008 motus,
2494 2941 2661 2997 Deum
2694 2943 3023 2997 irritavimus
3061 2951 3117 2998 et
3157 2942 3223 2995 ad
3266 2943 3395 2997 iram
3426 2946 3747 3013 provocavi-

2157 3046 2278 3087 mus
2307 3049 2319 3086 :
2354 3032 2459 3087 hoc
2486 3041 2599 3099 est,
2632 3032 2709 3086 ira
2740 3033 2966 3099 fuimus,
2993 3042 3048 3089 et
3088 3032 3223 3087 nihil
3266 3033 3434 3089 aliud.
3466 3035 3749 3101 Quemad-

2157 3125 2373 3180 modum
2417 3124 2559 3180 enim
2603 3126 2693 3195 qui
2723 3136 2806 3181 est
2851 3126 2991 3181 [ilius
3038 3125 3271 3181 hominis
3291 3166 3308 3191 ,
3335 3134 3420 3181 est
3450 3126 3612 3182 homo
3643 3144 3741 3182 na-

2159 3227 2275 3271 tura
2293 3259 2308 3283 ,
2334 3218 2405 3270 ita
2429 3232 2527 3271 nos
2553 3232 2766 3286 quoque
2792 3217 2931 3271 sicut
2955 3226 3010 3271 et
3033 3217 3217 3271 catteri
3240 3218 3331 3272 ira:
3362 3217 3456 3272 filii
3481 3234 3694 3273 eramus
3720 3240 3734 3273 :

2158 3310 2212 3365 id
2240 3321 2321 3365 est
2340 3350 2357 3375 ,
2385 3311 2561 3364 nullus
2591 3310 2729 3364 liber
2753 3320 2878 3365 erat-
2896 3350 2913 3376 ,
2941 3310 3035 3365 sed
3062 3325 3251 3365 omnes
3275 3326 3395 3381 qtae
3426 3313 3503 3366 ira
3537 3312 3626 3366 Dei
3657 3312 3740 3367 di-

2156 3416 2258 3471 gna
2283 3409 2436 3455 erant
2464 3400 2806 3456 faciebamus.
2838 3402 2892 3455 4.
2926 3400 3063 3455 Deus
3088 3412 3277 3468 autent,
3308 3403 3397 3471 qui
3421 3402 3558 3457 dives
3577 3413 3651 3458 est
3678 3406 3755 3458 in.

2155 3492 2522 3545 misericordia.
2570 3490 2687 3544 Non
2728 3490 2864 3545 dixit
2909 3492 3156 3547 absolute
3181 3534 3196 3558 ,
3232 3492 3565 3559 Misericors,
3596 3496 3689 3550 sed
3714 3536 3747 3565 ι

2155 3580 2307 3635 Dives
2332 3583 2389 3635 in
2423 3581 2773 3636 misericordia
2798 3623 2814 3647 ,
2846 3582 2984 3638 sicut
3006 3593 3060 3638 et
3079 3583 3204 3638 alibi
3228 3584 3377 3645 dicit,
3408 3584 3476 3638 In
3505 3587 3740 3640 multitu-

2156 3676 2275 3728 dine
2297 3675 2655 3729 misericordite
2673 3685 2807 3741 tute;
2829 3686 2885 3731 et
2909 3693 3138 3740 rursum,
3169 3678 3409 3734 Miserere
3433 3682 3527 3733 ntei
3551 3697 3738 3735 secum-

2156 3767 2278 3819 dum
2304 3784 2538 3837 magnam
2562 3769 2961 3823 misericordiam
2983 3782 3121 3823 tuoin
3146 3771 3319 3841 (Psal.
3343 3773 3432 3829 68.
3458 3774 3546 3828 17.
3569 3785 3615 3829 ει
3642 3776 3734 3831 50.

2156 3856 2246 3927 1).
2280 3857 2497 3927 Propter
2534 3859 2742 3912 nimiam
2767 3860 3025 3915 caritatem
3065 3878 3209 3916 suam
3231 3903 3247 3928 ,
3278 3880 3376 3933 qua
3414 3863 3589 3917 dilexit
3619 3880 3751 3925 nos.~

2154 3949 2432 4007 Undenam
2456 3966 2552 4005 nos
2576 3950 2766 4006 dilexit
2786 3953 3043 4008 ostendit.
3075 3954 3200 4009 Haec
3220 3955 3362 4009 enim
3387 3972 3492 4011 non
3523 3973 3739 4012 meren-

2155 4048 2241 4094 tur
2267 4040 2609 4095 dilectionem
2631 4081 2645 4107 ,
2674 4042 2768 4097 sed
2814 4045 2948 4098 iram
2976 4056 3030 4098 et
3060 4055 3358 4102 extremum
3387 4048 3733 4118 supplicium.

2154 4132 2217 4186 Et
2247 4131 2348 4186 hoc
2375 4148 2504 4202 ergo
2532 4149 2596 4186 ex
2631 4134 2792 4187 multa
2836 4135 3227 4191 misericordia.
3259 4140 3314 4194 5.
3346 4138 3411 4192 Et
3455 4156 3569 4193 cum
3595 4158 3738 4195 esse—

2152 4239 2266 4276 mus
2296 4224 2480 4276 mortui
2508 4224 2561 4277 in
2589 4224 2804 4291 delictis,
2828 4228 3188 4298 conviviﬁcavit
3208 4231 3258 4283 in
3279 4229 3498 4286 Christo.
3527 4232 3745 4289 Rursus,

2150 4313 2507 4371 Christusest
2536 4318 2744 4372 medius
2763 4359 2778 4384 ,
2805 4327 2864 4377 ct
2909 4336 2996 4376 res
3025 4331 3109 4376 est
3157 4322 3263 4378 fide
3293 4322 3471 4393 digna.
3503 4325 3559 4379 Si
3588 4327 3747 4380 enim

2151 4407 2402 4477 primitire
2431 4409 2639 4475 vivunt,
2671 4418 2726 4465 et
2751 4426 2847 4466 nos
2887 4427 2903 4465 :
2935 4413 3219 4470 vivificavit
3249 4424 3303 4471 et
3332 4416 3502 4484 illum,
3527 4426 3582 4473 et
3609 4433 3732 4473 nos.

2219 4498 2275 4553 2.
2309 4500 2483 4555 Vides.
2513 4500 2656 4571 quod
2699 4503 2879 4557 omnia
2909 4504 3051 4559 dicta
3096 4507 3205 4561 sint
3250 4507 3319 4562 de
3344 4524 3445 4574 eo,
3474 4510 3620 4579 quod
3648 4519 3750 4566 cst,

2150 4591 2442 4645 secundum
2486 4594 2744 4647 carnem?
2791 4593 2978 4649 Vidisti
3024 4608 3437 4667 exsuperantem
3481 4601 3600 4671 ejus
3630 4617 3733 4671 po-

2151 4683 2332 4737 tentia:
2364 4684 2785 4754 magnitudinem
2812 4688 2865 4741 in
2897 4704 2997 4743 nos
3023 4691 3112 4759 qui
3140 4693 3443 4749 credimus?
3470 4697 3560 4764 qui
3583 4712 3735 4752 mor-

2151 4774 2227 4829 tui
2255 4790 2467 4829 eramus
2493 4783 2549 4830 et
2592 4777 2686 4831 lilii
2730 4779 2844 4843 iraa,
2880 4778 2985 4834 hos
3016 4782 3322 4839 viviticavit.
3355 4785 3548 4840 Vidisti
3578 4802 3733 4857 spem

2147 4866 2483 4921 vocationis?
2510 4868 2563 4922 6.
2593 4867 3016 4925 Conresuscitavit
3061 4882 3108 4927 et
3153 4876 3419 4930 consedere
3464 4878 3601 4944 fecit.
3634 4877 3735 4932 Vi-

2147 4958 2269 5014 disti
2298 4960 2522 5029 gloriam
2552 4960 2670 5029 ejus
2692 4961 3049 5019 hereditatis?
3078 4965 3254 5020 Etiam
3275 5008 3290 5032 ,
3320 4967 3554 5038 inquies,
3596 4967 3735 5025 Con—

2146 5052 2458 5105 resuscitavit
2505 5052 2757 5122 quidem,
2808 5063 2893 5109 est
2945 5056 3324 5123 manifestum;
3374 5060 3502 5114 illud
3555 5076 3732 5127 vero,

2147 5146 2427 5202 Consedere
2450 5164 2541 5200 nos
2570 5148 2687 5215 fecit
2712 5148 2765 5201 in
2794 5150 3074 5206 cwlestibus
3101 5152 3153 5205 in
3184 5153 3386 5207 Christo
3407 5153 3569 5223 Jesu,
3596 5171 3734 5225 quo-

2147 5240 2307 5296 modo
2352 5240 2493 5295 stat?
2546 5238 2617 5295 Ut
2662 5240 2827 5308 illud,
2869 5240 3539 5301 Conresuscitavitznullus
3583 5248 3732 5302 enim

2146 5333 2321 5388 adhuc
2342 5341 2424 5388 est
2449 5332 2757 5400 suscitatus,
2784 5334 2886 5389 nisi
2908 5335 3072 5405 quod,
3095 5353 3214 5391 cum
3235 5348 3396 5405 caput
3420 5355 3733 5396 resurrexc-

2146 5426 2246 5490 rit,
2297 5439 2396 5480 nos
2422 5439 2636 5495 quoque
2667 5441 2857 5481 sumus
2881 5428 3122 5483 suscitati
3156 5445 3169 5482 :
3200 5430 3339 5485 sicut
3379 5431 3487 5486 illic
3511 5433 3731 5503 quoque

2145 5530 2266 5571 cum
2292 5514 2458 5570 Jacob
2487 5514 2785 5582 adorasset,
2818 5533 2952 5572 uxor
2983 5534 3194 5588 quoque
3220 5520 3465 5577 adoravit
3500 5522 3722 5592 Josepb.

2147 5610 2236 5665 Sic
2265 5624 2393 5680 ergo
2435 5607 2561 5663 fecit
2586 5624 2801 5679 quoque
2838 5613 3171 5668 consedere:
3200 5614 3423 5671 sedente
3449 5616 3593 5671 enim
3629 5631 3730 5670 ca-

2149 5701 2256 5771 pite
2283 5700 2431 5755 sedet
2457 5713 2669 5769 quoque
2695 5716 2911 5771 corpus.
2945 5703 3235 5773 Propterea
3259 5707 3401 5762 enim
3427 5706 3729 5778 subjunxit,

2149 5792 2214 5847 In
2245 5793 2444 5849 Christo
2470 5791 2615 5848 Iesu.
2666 5795 2769 5851 Aut
2805 5796 2847 5851 si
2881 5795 2981 5854 hoc
3012 5814 3119 5855 non
3171 5799 3239 5855 ita
3266 5800 3373 5871 sit,
3400 5800 3495 5858 sed
3524 5818 3727 5861 conro-
