4060 6400
282 363 350 421 3!
1230 354 1297 410 IN
1326 354 1538 410 EPIST.
1580 354 1671 409 AD
1704 353 1946 411 EPHES.
1984 352 2140 410 CAP.
2178 351 2243 407 ll.
2271 350 2511 409 ιιοωι..
2549 352 2644 409 IV.
3459 354 3532 411 32

1668 620 1787 694 [25]
1826 614 2071 677 OMIAIA
2098 624 2173 677 A'.

278 725 389 787 Kal
424 720 581 793 ὑμᾶς
612 721 789 786 ὄντας
824 722 1079 788 νεκροὺς
1109 720 1235 786 τοῖς
1282 717 1713 788 παραπτὼμασι
1758 716 1857 771 καὶ

349 808 475 873 ταῖς
524 806 873 874 ἁμαρτίαις,
926 804 996 856 ἐν
1024 799 1120 869 αἶς
1175 818 1321 858 ποτε
1384 800 1857 871 περιεπατήσατε

350 891 499 946 κατὰ
525 892 629 943 τὸν
664 886 849 941 αἰῶνα
897 887 1003 940 τοῦ
1032 889 1265 955 κόσμου
1306 888 1544 948 τούτου,
1586 886 1733 939 κατὰ
1755 886 1859 939 τὸν

348 976 610 1044 ἄρχοντα
634 970 743 1039 τῆς
758 970 1045 1035 ἐξουσίας
1057 971 1164 1023 τοῦ
1181 968 1374 1037 ἀέρος,
1397 969 1501 1022 τοῦ
1521 970 1859 1037 πνεύματος

348 1058 456 1112 τοῦ
502 1056 621 1109 νῦν
664 1053 1051 1122 ἐνεργοῦντος
1100 1052 1169 1105 ἐν
1216 1052 1342 1117 τοῖς
1368 1052 1523 1116 υίοῖς
1561 1050 1672 1119 τῆς
1693 1051 1857 1104 ἁπειο

349 1141 533 1205 θείας,
554 1131 738 1202 ὲνοῖς
784 1136 881 1189 καὶ
931 1134 1103 1204 ἡμεῖς
1146 1136 1369 1201 πάντες
1401 1133 1861 1202 ἀνεστράφημέν

349 1238 497 1279 ποτε
540 1222 612 1274 ἐν
656 1219 787 1286 ταῖς
835 1220 1177 1287 ἐπιθυμίαις
1224 1216 1334 1285 τῆς
1397 1216 1624 1285 σαρκὸς
1667 1214 1855 1284 ἡμῶν,

348 1306 666 1370 ποιοῦντες
710 1303 783 1356 τὰ
823 1301 1128 1369 θελήματα
1177 1300 1289 1369 τῆς
1330 1300 1557 1367 σαρκὸς
1597 1300 1696 1353 καὶ
1742 1297 1860 1351 τῶν

348 1385 650 1451 διανοιῶν,
695 1385 792 1438 καὶ
838 1381 990 1454 ἦμεν
1037 1382 1219 1437 τέκνα
1274 1384 1456 1452 φύσει
1504 1380 1722 1451 ὀργῆς,
1779 1380 1857 1445 ὠς

350 1472 449 1526 καὶ
480 1475 534 1525 οὶ
557 1469 786 1524 λοιποί.

348 1603 419 1653 α’.
441 1596 596 1648 Ἔστι
620 1596 719 1664 μὲν
736 1592 1002 1664 νέκρωσις
1027 1590 1334 1661 σωματικὴ·
1360 1590 1474 1643 ἔστι
1493 1589 1550 1642 δὲ
1577 1589 1674 1642 καὶ
1699 1587 1860 1659 ψυχι-

277 1682 350 1752 κή
370 1697 385 1711 ·
418 1679 532 1733 ἀλλ’
561 1678 778 1747 ἐκείνης
802 1677 901 1748 μὲν
921 1674 1041 1728 οὔτε
1064 1675 1315 1744 ἔγκλημα
1340 1672 1588 1744 μετέχειν
1610 1669 1732 1724 οὔτε
1755 1669 1860 1723 κίν-

276 1767 435 1827 δυνος
457 1780 473 1794 ·
503 1760 716 1832 φύσεως
734 1760 869 1831 γὰρ,
900 1760 962 1812 06
985 1757 1360 1830 προαιρέσεως
1382 1755 1443 1809 τὸ
1463 1755 1695 1827 πρᾶγμά
1718 1756 1854 1807 ἐστι.

278 1850 477 1918 Γέγονε
516 1845 613 1916 μὲν
644 1846 752 1914 γὰρ
780 1844 887 1898 ἀπὸ
912 1843 1009 1913 τῆς
1033 1843 1125 1896 τοῦ
1153 1839 1575 1912 πρωτοπλάστου
1606 1836 1858 1907 παραϐά-

279 1948 440 1993 σεως,
476 1928 661 1981 λοιπὸν
696 1928 753 1980 δὲ
786 1929 866 1990 εἰς
892 1925 1053 1995 φύσιν
1101 1924 1163 1976 τὸ
1204 1924 1438 1994 πρᾶγμα
1470 1920 1654 1989 ἐξέϐη,
1685 1919 1860 1983 ἄλλως

274 2012 336 2066 δὲ
367 2013 463 2065 καὶ
490 2010 701 2081 ταχέως
724 2008 1039 2080 λυθήσεται.
1072 2005 1221 2075 Αὕτη
1243 2006 1298 2058 δὲ
1336 2008 1371 2077 ἡ
1404 2004 1670 2073 νέκρωσις
1693 2003 1727 2072 ἡ
1758 2000 1860 2071 ψυ-

278 2095 433 2166 χικὴ,
480 2094 857 2166 προαιρέσεως
907 2086 1062 2154 οὖσα,
1102 2091 1352 2160 ἔγκλημα
1405 2089 1517 2158 ἔχει
1569 2088 1664 2141 καὶ
1707 2086 1860 2141 λύσιν

277 2178 559 2249 οὐδεμίαν.
607 2178 752 2246 Ὅρα
786 2175 965 2234 τοίνυν
1002 2175 1118 2236 πῶς
1156 2173 1297 2243 μέγα
1340 2172 1544 2242 σφόδρα
1590 2172 1619 2225 ὁ
1648 2169 1861 2233 Παῦλος

280 2261 462 2328 δείξας
493 2260 617 2332 ἡδη,
642 2260 724 2313 ὅτι
751 2257 844 2312 τοῦ
884 2256 1110 2328 νεκροὺς
1144 2256 1371 2326 ἀνιστᾷν
1411 2255 1474 2308 τὸ
1501 2253 1678 2325 ψυχὴν
1711 2270 1860 2308 νενε-

277 2344 568 2414 κρωμένην
625 2340 879 2395 ίάσαδθαι
936 2337 1118 2408 πολλῷ
1178 2337 1363 2405 μεῖζόν
1400 2338 1539 2401 ἐστι,
1592 2336 1686 2388 καὶ
1741 2334 1859 2400 νῦν,

276 2427 467 2497 ὥσπερ
496 2425 655 2497 μέγα,
688 2423 862 2486 οὑτως
890 2422 1022 2475 αὑτὸ
1053 2420 1256 2490 τίθησι.
1319 2418 1430 2473 Καὶ
1470 2416 1625 2487 ὑμᾶς
1658 2418 1859 2484 ὄντας,

276 2511 434 2581 φησὶ,
475 2508 728 2578 νεκροὺς
762 2506 888 2572 τοῖς
925 2503 1360 2573 παραπτώμασι
1387 2502 1486 2556 καὶ
1522 2503 1653 2567 ταῖς
1686 2503 1862 2572 ἀμαρ-

277 2594 454 2660 τίαις,
520 2594 587 2647 ἐν
631 2587 727 2656 αἷς
786 2605 935 2643 ποτε
988 2586 1467 2655 περιεπατήσατε
1537 2586 1687 2639 κατὰ
1755 2586 1863 2639 τὸν

276 2677 464 2732 αἰῶνα
500 2676 607 2730 τοῦ
648 2675 882 2741 κόσμου
939 2672 1187 2734 τούτου,
1256 2668 1410 2723 κατὰ
1452 2670 1560 2723 τὸν
1599 2669 1862 2737 ἄρχοντα

275 2761 389 2831 τῆς
410 2761 696 2826 ἐξουσίας
716 2758 823 2813 τοῦ
848 2755 1048 2824 ἀέρος,
1074 2755 1182 2809 τοῦ
1224 2754 1565 2822 πνεύματος
1609 2753 1716 2806 τοῦ
1746 2752 1863 2806 νῦν

275 2843 664 2914 ἐνεργοῦντος
706 2842 777 2895 ἐν
832 2838 955 2904 τοῖς
997 2838 1150 2903 υἱοῖς
1194 2834 1302 2904 τῆς
1344 2837 1666 2902 ἀπειθείας.
1700 2837 1862 2907 Ὀρᾷς

276 2930 341 2983 τὸ
358 2929 622 3000 προσηνὲς
644 2926 735 2981 τοῦ
768 2925 1001 2988 Παύλου,
1029 2924 1123 2976 καὶ
1147 2921 1265 2985 πῶς
1294 2920 1571 2991 πανταχοῦ
1604 2939 1863 2992 παραμυ-

278 3014 453 3067 θεῖται
481 3014 571 3065 τὸν
613 3009 910 3081 ἀκροατὴν,
935 3009 997 3062 06
1044 3006 1228 3078 βαρῶν
1262 3005 1465 3066 αὑτόνς
1506 3006 1722 3077 Ἐπειδὴ
1754 3006 1862 3076 γὰρ

278 3092 456 3162 εἶπεν,
482 3094 561 3148 ὅτι
581 3093 673 3158 Εἰς
695 3093 919 3163 ἔσχατον
938 3091 1140 3152 κακίας
1163 3088 1405 3159 ἡλάσατε
1429 3086 1607 3159 (τοῦτο
1620 3089 1727 3156 γάρ
1746 3090 1861 3140 ἐστι

277 3178 673 3251 νεκρωθῆναι)·
736 3178 876 3231 ὣστε
949 3175 1025 3246 μὴ
1099 3172 1304 3243 σφόδρα
1376 3171 1607 3243 βαρῢναι
1665 3172 1861 3236 αὑτοὺς

280 3263 648 3334 (αἰσχύνονται
688 3261 797 3333 γὰρ
826 3262 874 3314 οἱ
908 3259 1187 3330 ἄνθρωποι
1223 3255 1332 3311 τῶν
1360 3257 1641 3327 προτέρων
1676 3258 1861 3309 κακῶν

278 3351 361 3413 είς
432 3348 596 3418 μέσον
650 3344 997 3418 φερομένων,
1062 3342 1163 3395 κᾶν
1223 3339 1570 3410 ἀπολλύμενα
1603 3352 1629 3380 ει
1769 3341 1863 3393 καὶ

278 3431 525 3485 κίνδυνον
592 3428 691 3481 οὐκ
747 3427 994 3497 έχοντα),
1050 3424 1267 3478 δίδωσιν
1334 3423 1515 3485 αὐτοῖς
1578 3423 1858 3493 συνεργὸν,

280 3514 424 3568 ὥστε
486 3512 562 3583 μὴ
614 3510 939 3581 νομισθῆναι
995 3506 1057 3559 τὸ
1115 3508 1226 3560 πᾶν
1288 3505 1470 3560 αὑτῶν
1527 3501 1705 3568 εἶναι,
1768 3508 1863 3560 καὶ

286 3597 545 3668 συνεργὸν
579 3594 813 3666 ἰσχυρόν.
870 3592 1005 3645 Τίνα
1056 3591 1121 3662 δὴ
1165 3588 1388 3654 τοῦτον;
1439 3588 1542 3643 Τὸν
1596 3589 1860 3647 διάϐολον.

286 3681 443 3735 Οὕτω
478 3680 543 3749 δὴ
586 3679 681 3731 καὶ
718 3679 775 3729 ἐν
817 3678 883 3745 τῇ
930 3674 1067 3745 πρὸς
1110 3672 1429 3745 Κορινθίους
1472 3675 1650 3725 ποιεῖ·
1694 3671 1862 3725 εἰπὼν

285 3764 417 3835 γὰρ,
464 3761 560 3830 Μὴ
603 3758 953 3814 πλανᾶσθε·
989 3756 1129 3810 οὔτε
1169 3756 1402 3824 πόρνοι,
1443 3757 1582 3809 οὔτε
1626 3755 1863 3809 εἰδωλο-

284 3848 529 3915 λάτραι,
589 3844 683 3899 καὶ
741 3840 813 3895 τά
874 3841 1036 3893 λοιπὰ
1092 3839 1307 3893 ἅπαντα
1375 3838 1703 3904 καταλέξας,
1769 3840 1864 3891 καὶ

286 3927 613 3999 ἐπαγαγὼν,
657 3925 983 3999 Βασιλείαν
1030 3922 1177 3977 Θεοῦ
1203 3923 1274 3976 οὐ
1307 3922 1860 3989 κληρονομήσουσι,

283 3998 413 4066 τότε
436 4012 599 4083 φησί’
624 3998 734 4065 Καὶ
761 4008 947 4063 ταῦτά
970 4024 1129 4074 τινες
1151 4000 1276 4078 ἦτε.
1331 4007 1446 4058 Οὐκ
1474 4001 1626 4058 εἴπεν
1655 4004 1859 4071 ἁπλῶς,

283 4089 455 4163 Ἤτε,
510 4093 679 4160 ἀλλὰ,
733 4092 901 4159 Τινὲς
960 4086 1105 4162 ἦτε·
1160 4089 1472 4153 τουτέστιν,
1531 4086 1687 4141 Ούτω
1745 4106 1863 4152 πως

280 4173 400 4249 ἦτε.

366 4315 628 4371 Ἐνταῦθα
664 4314 869 4385 σφόδρα
910 4313 1043 4382 ἡμῖν
1086 4309 1410 4379 ἐπιφύονται
1452 4308 1503 4362 οἱ
1552 4308 1859 4379 αἱρετικοί·

279 4402 415 4471 περὶ
441 4400 550 4470 γὰρ
569 4398 661 4452 τοῦ
688 4396 822 4450 Θεοῦ
858 4395 1034 4448 ταῦτα
1066 4394 1321 4466 εἰρῆσθαι
1364 4392 1605 4461 λέγουσι,
1639 4390 1733 4443 καὶ
1760 4390 1860 4460 τὴν

279 4484 611 4554 ἀχαλίνωτον
667 4479 920 4548 γλῶσσαν
984 4477 1078 4529 ἐπὶ
1118 4476 1252 4528 πολὺ
1304 4474 1621 4544 ἐξάγοντες,
1682 4473 1853 4526 ταῦτα

277 4566 590 4637 ἀρμόζουσιξ
624 4563 700 4635 τῷ
721 4561 862 4633 Θεῷ,
896 4562 930 4614 ἃ.
950 4560 1044 4613 τοῦ
1076 4558 1321 4613 διαϐόλου
1356 4560 1516 4629 μόνου
1550 4558 1682 4613 ἐστί.
1730 4557 1854 4621 Πῶς

276 4647 371 4703 οὖν
405 4650 601 4711 αὑτοὺς
619 4645 1072 4715 ὲπιστομίσομεν;
1109 4642 1228 4696 Ἀπ’
1253 4642 1430 4695 αὑτῶν
1445 4640 1552 4694 τῶν
1570 4639 1850 4711 ῥημάτων.

279 4732 471 4803 Είγάρ
496 4731 702 4792 δίκαιός
731 4731 899 4791 ἐστιν,
935 4728 1123 4798 ὥσπερ
1161 4726 1254 4779 καὶ
1301 4725 1459 4796 ὑμεῖς
1493 4741 1649 4793 φατε,
1680 4723 1854 4776 ταῦτα

274 4816 333 4869 δὲ
364 4816 615 4885 ἔπραξεν,
642 4814 743 4866 οὑκ
778 4812 857 4865 ἔτι
878 4810 1084 4863 δικαίου
1111 4808 1289 4871 τοῦτο,
1332 4806 1469 4862 ἀλλά
1516 4809 1610 4860 καὶ
1648 4807 1853 4877 σφόδρα

275 4899 464 4951 ἀδίκου
498 4898 591 4950 καὶ
632 4894 829 4967 μιαροῦ
863 4895 924 4945 τὸ
958 4894 1194 4963 πρᾶγμα
1215 4907 1228 4920 ·
1282 4890 1478 4961 μιαρὸς
1508 4890 1565 4942 δὲ
1598 4889 1727 4951 Θεὸς
1753 4890 1853 4941 οὑκ

276 4983 344 5048 ᾂν
382 4982 469 5053 εἴη
509 4981 659 5033 ποτέ.
711 4981 810 5031 Διά
843 4978 896 5031 τί
932 4978 988 5030 δὲ
1028 4977 1192 5029 αὑτὸν
1239 4975 1477 5045 ἄρχοντα
1516 4972 1610 5026 τοῦ
1658 4972 1853 5035 αἰῶνος

274 5064 466 5131 τούτου
484 5062 680 5134 φησῐν;
709 5060 925 5131 Ἐπειδὴ
954 5058 1067 5131 [26]
1093 5060 1240 5112 πᾶσα
1269 5056 1453 5127 σχεδὸν
1474 5058 1507 5126 ἡ
1536 5056 1850 5126 ἀνθρωπίνη

275 5148 438 5225 φύσις
469 5147 663 5217 ἐκείνῳ
692 5146 919 5200 δέδωκεν
952 5145 1174 5213 ἑαυτὴν,
1206 5144 1301 5195 καὶ
1330 5142 1529 5203 πάντες
1561 5140 1709 5209 αὑτῴ
1731 5140 1848 5191 600-

275 5223 520 5283 λεύουσιν
569 5230 781 5290 ἑκόντες
818 5228 913 5280 καὶ
951 5226 1391 5298 προαιρούμενοι.
1457 5225 1569 5277 Καὶ
1615 5223 1693 5293 τῷ
1751 5223 1850 5292 μὲν

275 5313 497 5385 Χριστῷ
534 5312 702 5383 μυρία
739 5309 1189 5380 ἐπαγγελλομένῳ
1230 5307 1410 5377 ἀγαθὰ
1437 5307 1561 5360 οὑδὲ
1590 5306 1848 5378 προσέχει

272 5417 358 5464 τις
383 5414 397 5425 ·
425 5398 617 5467 ἐκείνῳ
670 5396 729 5448 δὲ
771 5395 923 5447 οὐδὲν
959 5392 1371 5463 ὑπισχνουμένῳ
1413 5391 1653 5444 τοιοῦτον
1676 5431 1690 5456 ,
1732 5388 1847 5442 ἀλλ’

274 5484 355 5543 είς
392 5482 614 5549 γέενναν
640 5480 1085 5549 παραπέμποντι,
1134 5478 1332 5539 πάντες
1382 5476 1685 5528 ὑπείκουσι.
1736 5473 1848 5527 Καὶ

274 5568 313 5639 ἡ,
338 5566 482 5636 ἁρχὴ
521 5564 581 5618 ἐν
624 5564 702 5633 τῷ
736 5564 892 5616 αἰῶνι
922 5562 1097 5632 τούτῳ
1120 5604 1133 5627 ,
1160 5562 1255 5615 καὶ
1284 5558 1498 5621 πλείους
1543 5552 1696 5619 οὗτος
1734 5557 1846 5627 ἔχει

272 5648 369 5700 τοῦ
415 5648 571 5712 Θεοῦ,
630 5648 723 5700 καὶ
760 5647 959 5717 μᾶλλον
1009 5644 1159 5713 αὑτῷ
1205 5644 1450 5703 εἴκοντας
1490 5642 1523 5711 ἦ
1580 5640 1657 5710 τῷ
1704 5639 1843 5707 Θεῷ,

273 5731 415 5803 πλὴν
443 5731 661 5800 ὀλίγων,
688 5730 776 5783 διά
806 5730 903 5800 τὴν
930 5728 1201 5801 ρᾳθυμίαν
1229 5730 1327 5797 την
1355 5726 1649 5796 ἡμετέραν.
1684 5724 1846 5776 Κατὰ

338 5955 365 5993 φ
401 5940 687 6006 Suspicalur
707 5941 917 5993 Savilius
938 5938 1207 6003 legendum
1233 5947 1344 5989 esse
1362 5934 1710 5996 ἀπολελυμένα.

1958 715 2072 785 τὴν
2113 715 2425 782 ἐξουσίαν,
2476 715 2631 786 φησὶ,
2669 715 2774 770 τοῦ
2815 714 2989 783 ἀέρος
3020 715 3128 770 τοῦ
3172 718 3531 787 πνεύματος.

1959 800 2128 854 Τοῦτο
2166 800 2327 854 πάλιν
2361 800 2545 871 φησὶν,
2578 800 2660 853 ὅτι
2703 799 2793 852 τὸν
2850 800 3175 868 ὑπουράνιον
3203 800 3315 870 ἔχει
3348 801 3534 864 τόπον,

1959 885 2054 937 καὶ
2103 884 2391 954 πνεύματα
2435 884 2593 955 ἀέρια
2654 883 2711 936 al
2761 882 3044 952 ἀσώματοι
3088 883 3347 952 δυνάμιος
3399 885 3537 937 εἰσὶν

1958 969 2121 1022 αὑτοῦ
2167 969 2260 1022 τοῦ
2312 968 2681 1037 ἐνεργοῦντος.
2753 970 2874 1021 Ὀτι
2937 968 3033 1021 καὶ
3092 967 3307 1031 αἰώνιος
3370 968 3537 1022 αὑτοῦ

1957 1054 1990 1122 ἡ
2013 1054 2175 1122 ἀρχὴ,
2201 1052 2470 1112 τουτέστι,
2490 1051 2568 1122 τῷ
2587 1051 2816 1122 παρόντι
2858 1051 3014 1103 αἰῶνι
3036 1051 3535 1123 συγ-καταλυομένη,

1958 1135 2189 1188 ἄκουσον
2214 1136 2271 1187 ὲν
2295 1134 2371 1204 τῷ
2391 1134 2533 1187 τέλει
2579 1134 2679 1202 τῆς
2729 1133 3043 1203 Ἐπιστολῆς
3068 1134 3315 1202 λέγοντος
3338 1133 3500 1188 αὑτοῦ
3520 1153 3534 1165 ·

1962 1220 2083 1270 Οὐκ
2128 1218 2302 1271 ἔστιν
2345 1217 2490 1286 ἡμῖν
2524 1217 2561 1285 ή
2588 1216 2754 1281 πάλη
2799 1216 2951 1283 πρὸς
2988 1211 3130 1283 αἷμα
3180 1218 3279 1269 καὶ
3314 1216 3535 1285 σάρκα,

1958 1299 2119 1353 ἀλλὰ
2152 1299 2302 1367 πρὸς
2340 1301 2447 1365 τὰς
2478 1300 2689 1369 ἀρχὰς,
2725 1299 2873 1366 πρὸς
2920 1299 3027 1365 τὰς
3051 1300 3365 1367 ἐξουσίας,
3389 1304 3539 1371 πρίς

1958 1383 2100 1449 τοὺς
2122 1381 2609 1450 κοσμοκράτορας
2633 1382 2738 1435 τοῦ
2761 1382 3020 1448 σκότους
3044 1384 3147 1436 τοῦ
3172 1383 3384 1450 αἰῶνος
3410 1386 3539 1437 τού-

1960 1482 2087 1519 του.
2138 1467 2255 1518 Ἵνα
2300 1466 2408 1537 γὰρ
2458 1466 2535 1535 μὴ
2584 1465 3074 1534 κοσμοκράτορας
3121 1466 3392 1531 ἀκούσας,
3447 1468 3540 1521 καὶ

1958 1547 2210 1601 ἄκτιστον
2238 1549 2398 1601 αὑτὸν
2428 1545 2564 1601 εἶναι
2592 1552 2719 1619 φῇς,
2744 1548 2854 1602 Τοῦ
2877 1549 3137 1616 σκότους
3161 1550 3268 1604 τοῦ
3299 1550 3537 1617 αἰῶνος,

1960 1632 2301 1701 προστίθησι.
2322 1632 2429 1685 Καὶ
2443 1630 2675 1701 ἀλλαχοῦ
2695 1631 2870 1685 αἰῶνα
2887 1631 3122 1702 πονηρὸν
3138 1632 3292 1687 καλεῖ
3306 1633 3396 1689 τὸν
3415 1651 3538 1688 και-

1964 1715 2053 1786 ρὸν
2065 1716 2157 1767 τὸν
2175 1717 2250 1768 διε
2260 1715 2626 1786 στραμμένον,
2653 1716 2715 1768 06
2740 1717 2869 1787 περὶ
2889 1714 2997 1767 τῶν
3014 1717 3325 1785 κτισμάτων
3342 1715 3535 1784 λέγων.

1974 1797 2127 1865 Ἐμοὶ
2151 1799 2259 1869 γὰρ
2280 1800 2427 1852 δοκεῖ
2447 1798 2733 1869 γενόμενος
2755 1798 2939 1869 ἄρχων
2965 1797 3070 1851 ὑπὸ
3089 1797 3180 1852 τὸν
3208 1799 3439 1869 οὐρανὸν
3463 1800 3538 1871 μὴ

1964 1882 2445 1952 μεταπεπτωκέναι
2468 1883 2567 1953 τῆς
2588 1883 2781 1953 ἀρχῆς,
2814 1882 2909 1934 καὶ
2932 1881 3071 1953 μετά
3083 1883 3183 1951 τὴν
3206 1883 3535 1952 παράϐασιν.

1967 1964 2077 2018 Τοῦ
2108 1963 2228 2017 νῦν
2260 1964 2669 2033 ἐνεργοῦντος,
2717 1965 2902 2035 φησὶν,
2954 1964 3024 2017 ἐν
3070 1963 3195 2031 τοῖς
3246 1964 3397 2032 υἱοῖς
3432 1965 3539 2032 τῆς

1960 2048 2283 2113 ἀπειθείας.
2327 2049 2489 2119 Ὁρᾷς
2538 2049 2621 2101 ὅτι
2651 2047 2712 2100 06
2759 2047 2850 2119 βίᾳ
2890 2048 3011 2101 οὑδὲ
3056 2048 3353 2119 τυραννίδι,
3402 2050 3540 2103 ἀλλά

1960 2130 2138 2183 πειθοί
2168 2129 2532 2202 προσάγεται;
2574 2130 2883 2187 Ἀπείθειαν
2920 2130 3029 2201 γὰρ
3060 2127 3234 2195 εἶπεν,
3264 2131 3339 2195 ὠς
3362 2132 3427 2186 ἄν
3454 2150 3538 2196 τις

1960 2214 2126 2281 εἴποι,
2156 2214 2367 2287 Ἀπάτη
2391 2214 2484 2267 καὶ
2508 2214 2687 2267 πειθοί
2708 2214 2833 2277 τοὺς
2853 2213 3061 2278 πάντας
3092 2214 3399 2283 ἐφέλκεται.
3428 2215 3540 2267 Καὶ

1959 2299 2022 2351 οὑ
2066 2296 2245 2367 τούτῳ
2280 2296 2337 2348 δὲ
2379 2297 2538 2367 μόνον
2570 2297 2767 2359 αὑτοὺς
2795 2297 3222 2366 παραμυθεῖται,
3252 2298 3329 2368 τῷ
3357 2298 3539 2353 δοῦναι

1960 2382 2235 2445 κοινωνὸν,
2271 2381 2407 2433 ἀλλὰ
2435 2382 2528 2433 καὶ
2571 2380 2650 2449 τῷ
2696 2379 2885 2432 ἑαυτὸν
2922 2379 3082 2444 τάξαι
3128 2383 3246 2451 μετ’
3292 2384 3536 2439 ἐκείνων.

1974 2467 2076 2519 Ἔν
2115 2460 2225 2530 οἷς,
2264 2465 2418 2533 φησὶ,
2466 2462 2566 2516 καὶ
2605 2462 2772 2531 ἡμεῖς
2820 2461 3042 2530 πάντες
3081 2464 3540 2534 ἀνεστράφημέν

1962 2563 2124 2602 ποτε.
2159 2548 2391 2613 Πάντες
2414 2563 2429 2575 ·
2470 2549 2571 2600 οὑκ
2596 2547 2675 2599 ἔνι
2699 2546 2807 2615 γὰρ
2832 2547 3006 2600 εἰπεῖν
3038 2548 3119 2599 ὅτι
3163 2548 3361 2617 ἐξῆρτο
3431 2567 3534 2608 τις.

1974 2634 2076 2685 Ἐν
2096 2631 2223 2697 ταῖς
2249 2631 2587 2699 ἐπιθυμίαις
2606 2628 2717 2697 τῆς
2746 2630 2976 2697 σαρκὸς
3004 2630 3195 2698 ἡμῶν,
3225 2633 3540 2698 ποιοῦντες

1959 2715 2032 2769 τὰ
2058 2716 2360 2781 θελήματα
2390 2714 2500 2781 τῆς
2537 2712 2765 2782 σαρκὸς
2816 2714 2913 2766 καὶ
2960 2711 3077 2766 τῶν
3104 2713 3403 2782 διανοιῶν,
3439 2717 3538 2770 καί

1960 2796 2112 2871 ἦμεν
2138 2799 2319 2853 τέκνα
2336 2799 2517 2867 φύσει
2542 2797 2725 2867 ὀργῆς
2745 2798 2825 2863 ὡς
2844 2798 2945 2851 καὶ
2975 2800 3029 2851 οι
3050 2798 3249 2851 λοιποὶ
3278 2798 3501 2865 πάντες
3521 2816 3535 2829 ·

1960 2882 2256 2946 τουτέστιν,
2290 2881 2443 2935 οὐδὲν
2476 2881 2843 2951 πνευματικὸν
2888 2880 3232 2951 φρονοῦντες.
3275 2882 3413 2935 ’Δλλ’
3451 2884 3539 2937 ἴνα

1964 2966 2041 3037 μὴ
2068 2964 2238 3019 ταῦτα
2258 2964 2436 3030 λέγειν
2462 2963 2778 3036 ὑποπτευθῇ
2804 2965 2899 3016 ἐπὶ
2938 2963 3156 3035 διαϐολῇ
3183 2964 3283 3034 τῆς
3316 2966 3535 3036 σαρκὸς,

1965 3049 2098 3119 μηδὲ
2146 3049 2286 3117 μέγα
2326 3048 2522 3119 νομίσῃ
2566 3065 2652 3111 τις
2693 3042 2832 3100 εἶναι
2874 3046 2935 3101 τὸ
2983 3047 3380 3119 πλημμέλημα,
3436 3051 3538 3121 ὅρα

1962 3133 2078 3196 πῶς
2102 3132 2475 3200 ἀσφαλίζεται·
2525 3132 2600 3185 Τὰ
2624 3130 2931 3199 θελήματα
2957 3131 3067 3198 τῆς
3093 3133 3318 3199 σαρκὸς
3347 3131 3537 3201 ἡμῶν,

1964 3218 2115 3286 φησὶ,
2165 3216 2263 3269 καὶ
2300 3214 2419 3270 τῶν
2457 3213 2736 3268 διανοιῶν
2779 3214 3115 3281 ποιοῦντες,
3158 3215 3425 3281 τουτέστι,
3471 3217 3539 3269 τὰ

1961 3300 2057 3370 τῆς
2103 3299 2295 3371 ἡδονῆς
2340 3298 2506 3368 πάθη.
2566 3298 2994 3369 Παρωξύναμεν,
3040 3298 3192 3369 φησὶ,
3250 3299 3341 3351 τὸν
3382 3300 3537 3361 Θεὸν,

1961 3386 2057 3437 καὶ
2094 3384 2521 3455 παρωργίσαμεν
2556 3399 2570 3412 ·
2610 3384 2922 3448 τουτέστιν,
2986 3383 3154 3456 Ὀργὴ
3207 3380 3375 3454 ἦμεν,
3446 3388 3541 3439 καὶ

1961 3468 2113 3521 οὐδὲν
2151 3469 2355 3537 ἕτερον.
2393 3468 2601 3538 Ὥσπερ
2634 3466 2743 3537 γὰρ
2789 3469 2818 3520 ὁ
2861 3467 3151 3539 ἀνθρώπου
3200 3467 3277 3520 ὣν
3316 3470 3536 3536 τέκνον,

1962 3553 2121 3621 φύσει
2150 3552 2432 3622 ἄνθρωπός
2462 3553 2628 3613 ἐστιν,
2669 3550 2811 3604 οὕτω
2846 3552 2939 3605 καὶ
2968 3553 3127 3621 ἡμεῖς
3169 3551 3337 3622 ὀργῆς
3370 3555 3543 3607 τέκνα

1961 3630 2125 3705 ἦμεν,
2148 3635 2222 3697 ὼς
2248 3637 2340 3687 καὶ
2367 3636 2415 3686 οἱ
2438 3633 2614 3685 λοιποί
2636 3650 2651 3663 ·
2678 3633 2977 3698 τουτέστιν,
3011 3632 3200 3696 (ὶὺδεὶς
3224 3629 3293 3703 ἦν
3319 3635 3538 3687 ἐλεύθε-

1963 3734 2076 3786 ρος,
2102 3717 2241 3770 ἀλλὰ
2262 3716 2461 3777 πάντες
2484 3714 2825 3786 ἐπράττομεν
2847 3715 2972 3779 ἄξια
2994 3717 3184 3787 ὀργῆς.
3226 3717 3281 3769 '0
3303 3716 3371 3769 δὲ
3394 3719 3539 3784 Θεὸς

1960 3800 2256 3865 πλούσιος
2277 3798 2363 3852 ὢν
2392 3798 2461 3851 ἐν
2496 3798 2671 3851 ἐλέει.
2692 3798 2804 3867 Οὐχ
2833 3796 3040 3863 ἁπλῶς,
3076 3798 3374 3868 Ἐλεὴμων,
3403 3800 3539 3854 ἀλλά

1961 3883 2282 3948 Πλούσιος,
2331 3881 2581 3951 καθάπερ
2620 3883 2720 3934 καὶ
2767 3883 2826 3955 ἐν
2878 3882 3049 3952 ἑτέρῳ
3090 3882 3253 3953 φησίν
3278 3900 3291 3912 ·
3324 3884 3426 3937 Ἐν
3458 3884 3540 3950 τῷ

1961 3965 2177 4032 πλήθει
2206 3965 2313 4019 τοῦ
2342 3966 2552 4031 ἐλέους
2588 3978 2735 4019 σου·
2774 3966 2869 4018 καὶ
2908 3965 3088 4032 πάλιν,
3150 3965 3436 4034 Ἐλέησόν
3461 3984 3540 4036 με

1962 4048 2113 4102 κατὰ
2134 4047 2200 4102 τὸ
2223 4047 2376 4117 μέγα
2396 4049 2569 4113 ἔλεός
2590 4064 2730 4103 σου.
2772 4046 2875 4100 Διὰ
2897 4047 3011 4115 τὴν
3034 4048 3277 4115 πολλὴν
3298 4048 3541 4119 ἀγάπην

1960 4132 2169 4197 αὐτοῦ,
2212 4130 2291 4199 ῆν
2322 4130 2642 4200 ἠγάπησεν
2672 4129 2851 4199 ἡμᾶς.
2897 4130 3150 4183 Δείκνυσι
3189 4132 3346 4185 πόθεν
3390 4133 3538 4202 ἡμᾶς

1961 4216 2237 4287 ῇγάπησε.
2277 4213 2461 4268 Ταῦτα
2499 4214 2608 4285 γὰρ
2646 4215 2748 4267 οὑκ
2788 4213 3008 4283 ἀγάπης
3030 4214 3177 4277 ἄξια,
3212 4214 3328 4267 ἀλλ’
3367 4216 3538 4285 ὀργῆς

1962 4298 2056 4350 καὶ
2077 4297 2342 4369 τιμωρίας
2363 4298 2459 4366 τῆς
2482 4298 2737 4366 ἐσχάτης.
2793 4296 2904 4349 Καὶ
2929 4295 3071 4349 οὓτω
3096 4292 3189 4349 οὖν
3211 4296 3319 4349 ἀπὸ
3341 4298 3537 4351 πολλοῦ

1962 4379 2163 4442 ἐλέους.
2218 4381 2328 4434 Καὶ
2355 4380 2531 4443 ὄντας
2561 4380 2721 4447 ἡμᾶς
2758 4378 3013 4446 νεκροὺς
3056 4378 3180 4444 τοῖς
3222 4381 3537 4447 παραπτώ-

1957 4478 2128 4531 μασι,
2177 4461 2699 4529 συνεζωοποίησεν
2739 4462 2810 4514 ἐν
2856 4459 2937 4526 τῷ
2984 4461 3234 4527 Χριστῷ.
3297 4462 3465 4516 Πάλιν
3508 4466 3539 4517 ὁ

1958 4547 2191 4617 Χριστὸς
2220 4546 2403 4615 μέσος,
2442 4545 2624 4597 καὶτὸ
2663 4546 2897 4615 πρᾶγμα
2928 4544 3262 4607 ἀξιόπιστον.
3319 4546 3383 4598 EE
3426 4546 3537 4617 γὰρ

1959 4630 1993 4699 ἡ
2023 4627 2246 4700 ἀπαρχὴ
2289 4626 2379 4697 ζῇ,
2413 4628 2504 4680 καὶ
2532 4628 2693 4697 ἡμεῖς
2715 4642 2728 4655 ·
2748 4625 3080 4697 ἐζωοποίησε
3126 4628 3404 4691 κάκεῖνον,
3444 4631 3540 4683 καὶ

1957 4715 2126 4783 ἡμᾶς.

2029 4828 2094 4898 β’.
2112 4828 2226 4901 [27]
2242 4830 2401 4899 Ὁρᾷς
2414 4829 2495 4881 ὅτι
2511 4825 2741 4899 περὶτοῦ
2755 4825 2893 4879 κατά
2911 4825 3091 4895 σάρκα
3104 4824 3279 4880 πάντα
3296 4828 3534 4897 εἴρηται;

1957 4907 2111 4976 Εἶδες
2136 4914 2194 4965 τὸ
2225 4911 2562 4983 ὑπερϐάλλον
2586 4910 2815 4982 μέγεθος
2844 4912 2945 4980 τῆς
2964 4909 3243 4979 δυνάμεως
3264 4911 3426 4964 αὑτοῦ
3456 4915 3535 4976 εἰς

1957 4998 2102 5065 ἡμᾶς
2129 4997 2253 5059 τοὺς
2282 4994 2664 5059 πιστεύοντας;
2694 4994 2822 5054 τοὺς
2856 4992 3104 5062 νεκροὺς,
3122 4994 3250 5056 τοὺς
3271 4994 3419 5057 υἱοὺς
3444 4996 3536 5063 ὁρ-

1956 5082 2079 5151 γῆς,
2106 5079 2325 5141 τούτους
2349 5079 2733 5146 ἐζωοποίησεν.
2764 5074 2918 5139 Εἶδες
2941 5076 3040 5147 τὴν
3066 5076 3260 5130 ἐλπίδα
3281 5078 3379 5145 τῆς
3404 5078 3535 5147 κλή-

1956 5180 2123 5230 σεως;
2147 5162 2467 5229 Συνήγειρε
2491 5162 2587 5214 καὶ
2610 5158 3032 5214 συνεκάθισεν.
3082 5155 3235 5222 Εἶδες
3259 5160 3356 5229 τὴν
3378 5160 3536 5225 δόξαν

1951 5248 2051 5315 τῆς
2089 5247 2451 5318 κληρονομίας
2493 5246 2692 5310 αὐτοῦς
2745 5244 2874 5304 Ναὶ,
2913 5245 3100 5315 φησὶν,
3144 5243 3280 5297 ἀλλά
3316 5244 3375 5295 τὸ
3408 5245 3531 5313 μὲν,

1952 5329 2297 5399 Συνήγειρε,
2350 5329 2509 5400 δῆλον
2538 5346 2553 5361 ·
2580 5329 2640 5381 τὸ
2674 5328 2753 5390 δὲ,
2804 5327 3214 5383 Συνεκὰθισεν
3257 5326 3415 5396 ἡμᾶς
3461 5328 3534 5380 ὲν

1951 5412 2078 5478 τοῖς
2097 5413 2476 5481 ἐπουρανίοις
2503 5412 2573 5465 ἐν
2600 5409 2831 5479 Χριστῷ
2867 5410 3083 5477 Ἰησοῦ,
3118 5410 3235 5473 πῶς
3263 5411 3529 5480 ἓστηκεν;

1962 5497 2049 5562 Ὠς
2084 5497 2164 5560 τὸ,
2204 5496 2564 5565 Συνήγειρεν
2592 5512 2606 5526 ·
2636 5495 2847 5549 οὑδέπω
2879 5496 2987 5564 γὰρ
3015 5493 3188 5557 οὐδείς
3219 5494 3367 5547 ἐστιν
3401 5497 3532 5565 ἐγη-

1950 5582 2234 5651 γερμένος,
2254 5583 2301 5634 εἰ
2326 5580 2402 5651 μὴ
2420 5582 2501 5633 ὃτι
2516 5580 2616 5649 τῆς
2635 5578 2875 5649 κεφαλῆς
2900 5577 3229 5646 ἀναστάσης,
3254 5577 3351 5631 καὶ
3372 5580 3532 5648 ἡμεῖς

1951 5666 2362 5738 ὴγέροημεν,ὼς
2380 5667 2474 5719 καὶ
2491 5665 2706 5719 ἐκεῖτοῦ
2727 5664 2918 5717 Ἰακὼϐ
2936 5663 3531 5734 προσκυνήσαντοςμώ

1950 5752 1985 5820 ἡ
2014 5750 2148 5819 γυνὴ
2184 5750 2560 5819 προσεκύνησε
2614 5749 2705 5800 τὸν
2736 5748 2957 5817 Ἰωσήφ.
3007 5744 3217 5799 Οὐκοῦν
3251 5745 3395 5799 οὑτω
3435 5747 3532 5800 καὶ

1953 5833 2292 5887 συνεκάθισε·
2321 5835 2419 5903 τῆς
2432 5833 2538 5904 γάρ
2556 5832 2796 5901 κεφαλῆς
2810 5829 3175 5899 καθεζομένης
3187 5829 3357 5884 καὶτὸ
3374 5830 3531 5899 σῶμα

1955 5917 2308 5991 συγκαθηται.
2363 5918 2462 5973 Διὰ
2495 5917 2650 5972 τοῦτο
2690 5917 2988 5985 ἐπήγαγεν·
3026 5914 3120 5969 Ἐν
3155 5912 3384 5984 Χριστῷ
3424 5914 3530 5981 Ἰη-
