4060 6400
519 319 588 372 53
1197 315 1255 368 S.
1296 312 1585 369 JOANNIS
1617 306 2104 367 CHRYSOSTOMI
2145 306 2457 364 ARCHIEP.
2499 307 3046 366 CONSTANTINOP.
3680 307 3751 362 ’54

519 433 657 487 σοῦ.
683 434 752 485 Ἢ
778 433 826 486 εί
846 432 918 502 μὴ
939 431 1114 492 τοῦτο,
1140 431 1275 484 ἀλλά
1301 433 1587 503 συνήγειρε
1611 429 1698 483 διὰ
1719 430 1811 482 τοῦ
1837 427 2082 499 λουτροῦ,

519 518 636 578 πῶς
657 512 749 568 οὖν
776 516 1157 581 συνεκάθισεν;
1185 518 1252 569 El
1273 517 1380 586 γὰρ
1403 516 1796 585 ὑπομένομεν,
1817 515 1971 582 φησὶ,
1987 513 2088 569 καὶ

519 601 1119 668 συμϐασιλεύσομεν·
1154 603 1202 652 εἰ
1229 602 1588 670 ἀπεθάνομεν,
1625 603 1719 651 καὶ
1753 598 2080 667 συζήσομεν.

524 682 730 743 Ὄντως
763 681 1078 752 Πνεύματος
1101 684 1258 752 χρεία
1284 684 1379 738 καί
1405 681 1820 750 ἀποκαλύψεως,
1851 680 1991 732 ὥστε
2026 677 2087 731 τὸ

522 761 680 832 βάθος
721 765 908 834 νοῆσαι
949 765 1057 818 τῶν
1090 767 1406 835 μυστηρίων
1434 765 1658 817 τούτων.
1700 760 1854 826 Εἶτα,
1891 764 1976 816 ἵνα
2012 763 2085 832 μὴ

519 848 854 924 ἀπιστήσῃς,
877 849 981 917 ὅροι
1005 849 1055 900 τί
1085 849 1281 916 ἐπάγει
1307 866 1320 880 ο
1357 851 1489 903 Ἵνα
1508 847 1842 913 ἐνδείξηται
1868 847 1939 902 ἐν
1962 848 2086 910 τοῖς

517 928 690 981 αἱῷσι
711 930 832 995 τοῖς
852 931 1276 1000 ἐπερχομένοις
1295 933 1401 984 τὸν
1423 930 1876 997 ὑπερϐάλλοντα
1900 929 2087 981 πλοῦ-

518 1028 626 1067 τον
651 1011 764 1078 τῆς
805 1014 1046 1082 χάριτος
1075 1017 1260 1070 αὐτοῦ
1298 1017 1366 1068 ἐν
1407 1015 1770 1084 χρηστότητι
1802 1013 1892 1082 ἐφ’
1930 1011 2088 1080 ἡμᾶς

517 1094 586 1144 ἐν
618 1094 850 1162 Χριστῷ
896 1098 1119 1163 Ἰησοῦ.
1165 1099 1384 1169 Ἐπειδὴ
1414 1099 1524 1168 γάρ
1567 1094 1688 1151 εἷπε
1715 1097 1785 1149 τά
1825 1096 1955 1167 περὶ
1991 1094 2084 1147 τοῦ

515 1177 772 1246 Χριστοῦ.
798 1177 970 1231 ταῦτα
991 1181 1045 1232 δὲ
1068 1181 1220 1234 οὐδὲν
1237 1177 1306 1251 ἦν
1325 1182 1460 1252 πρὸς
1477 1183 1625 1250 ἡμᾶς
1660 1181 1746 1250 (Τί
1763 1179 1892 1249 γὰρ,
1927 1179 2082 1248 φησὶν

516 1260 654 1329 πρδς
680 1261 846 1330 ἡμᾶς,
865 1264 913 1314 εί
941 1266 1146 1327 ἐκεῖνος
1176 1265 1423 1334 aviis-:77);
1452 1263 1618 1328 ἔδειξε
1651 1265 1750 1334 μέν
1771 1259 1864 1316 οὖν
1885 1265 1966 1315 ὅτι
1993 1265 2086 1314 καὶ

517 1342 652 1411 πρὸς
680 1345 849 1411 ἡμᾶς,
897 1346 949 1397 εί
975 1363 1038 1410 γε
1077 1340 1230 1408 οὗτος
1260 1349 1392 1415 ἡμῖν
1423 1349 1627 1417 ἥνωται
1653 1363 1668 1378 ·
1710 1347 1850 1415 πλὴν
1883 1347 1964 1398 ὅτι
1994 1345 2086 1397 καλ⁵

513 1429 584 1482 τὰ
618 1426 772 1495 ἡμῶν
826 1430 946 1480 κατ’
993 1430 1130 1482 ἰδίαν
1168 1430 1331 1499 φησίν
1357 1445 1370 1459 ·
1403 1432 1620 1496 Ὄντας
1655 1430 1763 1500 γὰρ
1801 1427 1959 1496 ἡμᾶς
1987 1446 2085 1480 νε-

515 1508 700 1574 κροὺς
727 1509 850 1575 τοῖς
879 1512 1311 1580 παραπτώμασι
1345 1512 1663 1583 συνήγειρε
1680 1514 1774 1566 καί
1794 1510 2086 1565 συνεκάθ-

516 1609 680 1673 ιτσεν..
695 1592 875 1653 Ὥστε,
891 1593 1026 1665 ὅπερ
1038 1594 1194 1665 ἔφην,
1226 1596 1298 1666 μὴ
1315 1593 1552 1657 ἀπίστει,
1570 1596 1677 1648 ἀπό
1692 1613 1751 1647 τε
1767 1596 1874 1647 τῶν
1888 1594 2086 1665 προτέ-

516 1691 625 1743 ρων
640 1675 747 1726 ἁπό
761 1693 820 1728 τε
832 1678 929 1746 τῆς
949 1678 1188 1746 κεφαλῆς
1208 1678 1316 1731 ἀπό
1327 1695 1386 1730 τε
1404 1677 1496 1733 τοῦ
1517 1677 1800 1747 βούλεσθαι
1819 1677 2087 1730 ἐνδείκνυ-

517 1757 640 1809 σθαι
661 1759 826 1812 αὐτὸν
851 1761 948 1833 τῂν
965 1761 1277 1829 ἀγαθότητα
1306 1760 1486 1812 λαϐὼν
1508 1761 1607 1831 τὴν
1633 1759 1926 1823 ἀπόδειξιν.
1960 1757 2084 1820 Πῶς

513 1841 623 1912 γάρ
649 1842 964 1908 ἐνδείξεται,
987 1845 1051 1898 ἂν
1081 1845 1238 1898 τοῦτο
1274 1846 1349 1915 μὴ
1377 1846 1632 1915 γένηταις
1666 1845 1773 1898 Καὶ
1797 1842 2084 1908 ἐνδείξεται

513 1927 572 1977 ἐν
592 1929 702 1989 τοῖς
729 1928 888 1981 αίῶσι
908 1932 1018 2000 τοῖς
1044 1930 1448 2000 ἐπερχομένοις.
1474 1930 1538 1982 Τί
1562 1947 1576 1992 ;
1605 1931 1725 1982 Ὅτι
1751 1927 1848 1979 καὶ
1875 1926 2085 1994 μεγάλα

512 2009 581 2061 τά
611 2011 792 2078 ἀγαθὰ
815 2007 901 2082 ἦν,
943 2001 1036 2065 κοᾶ
1076 2013 1292 2065 πάντων
1333 2001 1644 2081 πιστότερα.
1693 2009 1806 2062 Νῦν
1839 2010 1938 2078 μὲν
1975 2008 2086 2079 γὰρ

512 2092 675 2162 λῆρος
702 2089 840 2147 εἶναι
871 2095 1146 2159 δοκεῖτοῖς
1173 2097 1421 2159 ἀπίστοις
1452 2096 1521 2149 τά
1549 2095 1838 2162 λεγόμενα,
1870 2093 1993 2146 τότε
2027 2092 2084 2144 δὲ

511 2178 714 2239 πάντες
757 2177 1011 2231 εἴσονται.
1047 2178 1232 2231 Βούλει
1281 2178 1487 2248 μαθεῖν
1527 2179 1621 2230 καὶ
1663 2176 1779 2240 πῶς
1819 2176 2085 2233 συνεκάθτ

517 2275 659 2325 nev;
695 2261 891 2313 ’Ἄκουε
920 2261 1084 2314 αὐτοῦ
1107 2261 1200 2314 τοῦ
1232 2261 1468 2331 Χριστοῦ
1501 2261 1746 2328 λέγοντος
1770 2262 1881 2322 τοῖς
1905 2258 2084 2328 μαθη-

510 2343 630 2405 ταῖς
657 2359 672 2373 υ
700 2345 1036 2397 Καθίσεσθε
1075 2344 1172 2397 ἐπὶ
1197 2343 1435 2413 δώδεκα,
1460 2344 1734 2412 θρόνους,
1777 2343 2086 2410 κρίνοντες

511 2425 618 2489 τὰς
643 2425 871 2480 δώδεκα
898 2430 1097 2495 φυλὰς
1127 2426 1233 2480 τοῦ
1266 2427 1555 2496 Ἰσραήλέο
1582 2427 1676 2480 καὶ
1700 2426 1881 2490 πάλιν,
1919 2425 1988 2480 Τὸ
2016 2426 2084 2478 δὲ

510 2509 751 2575 καθίσαι
779 2509 847 2562 ἐκ
879 2509 1092 2574 δεξιῶν
1110 2527 1228 2578 μου
1259 2509 1357 2562 καὶ
1395 2510 1464 2573 ἐξ
1499 2510 1819 2583 ε’ρωνύμων
1847 2510 1957 2561 οὐκ
1981 2507 2085 2579 ἕσ-

508 2607 605 2662 τιν
636 2591 785 2660 ἐμὸν
820 2592 1052 2656 δοῦναι,
1082 2595 1225 2668 ¹ἀλλ’
1253 2590 1342 2660 οἷς
1381 2595 1734 2662 ’ἡτοίμασται
1775 2595 1933 2668 παρὰ
1975 2593 2084 2646 τοῦ

508 2676 759 2740 Πατρός.
792 2675 955 2728 ’Ὥστε
997 2666 1346 2746 ἡτοίμασται.
1397 2679 1507 2729 Καὶ
1540 2676 1721 2739 καλῶς
1755 2663 1907 2729 εἶπεν
1932 2690 1945 2704 ·
1983 2679 2086 2730 Ἐν

509 2759 877 2825 χρηστότητι
921 2759 1012 2828 ἐφ’
1040 2758 1198 2828 ἡμᾶς
1225 2761 1295 2814 ἐν
1335 2760 1566 2828 Χριστῷ
1616 2761 1839 2826 Ἰησοῦ.
1867 2762 1910 2813 Τ
1913 2761 1940 2813 ὸ
1971 2761 2084 2833 γὰρ

509 2840 732 2893 καθίσαι
757 2845 820 2894 ἐκ
845 2843 1033 2908 δεξιῶν
1061 2845 1224 2913 τιμῆς
1254 2847 1368 2897 ἐστι
1400 2845 1498 2913 τῆς
1519 2844 1660 2914 ὑπὲρ
1686 2847 1868 2898 πᾶσαν
1893 2845 2080 2914 τιμὴν,

509 2925 605 2977 καὶ
630 2925 747 2993 μεθ’
778 2927 844 2996 ἣν
877 2927 1039 2998 ἐτέρα
1061 2929 1160 2981 οὐκ
1187 2927 1324 2981 ἐστι.
1355 2928 1527 2981 Τοῦτο
1546 2925 1641 2982 οὖν
1663 2929 1832 2996 λέγει,
1863 2929 1945 2982 ὅτι
1985 2928 2082 2982 καὶ

511 3011 671 3077 ἡμεῖς
713 2997 1117 3086 καθεδούμεθα.⁵
1177 3013 1383 3075 Ὄντως
1425 3011 1778 3082 ὑπερϐάλλων
1828 2997 2077 3076 πλοῦτος,

508 3093 680 3156 ὅντως
714 3095 1047 3166 ὑπερϐάλλον
1085 3097 1148 3149 τὸ
1195 3096 1423 3166 μέγεθος
1451 3097 1550 3166 τῆς
1581 3095 1863 3164 δυνάμεως
1892 3095 2084 3164 αὐτοῦ,

511 3177 648 3244 μετὰ
673 3177 908 3245 Χριστοῦ
948 3179 1190 3236 καθίσαι.
1225 3180 1343 3233 Κᾶν
1380 3180 1577 3250 μυρίας
1601 3180 1774 3250 ψυχὰς
1800 3180 1949 3251 ἔχῃς,
1983 3181 2082 3233 οὐκ

509 3258 795 3323 άπολλύεις
817 3261 986 3323 αὐτάς
1019 3263 1203 3315 ἕνεκεν
1230 3262 1425 3328 αὐτοῦ;
1457 3265 1505 3315 εἰ
1527 3263 1633 3333 γάρ
1661 3265 1740 3326 εἰς
1770 3265 1881 3334 πῦρ
1912 3265 2082 3333 ἐμϐῆ-

508 3360 596 3394 ναι
635 3342 762 3405 ἔδει,
797 3343 954 3397 τοῦτο
992 3347 1092 3398 οὐκ
1125 3346 1294 3416 ἐχρῆν
1339 3347 1572 3416 ἑτοίμως
1610 3347 1936 3416 ὑπομείναις
1973 3349 2083 3400 Καὶ

507 3426 670 3490 αὐτὸς
708 3427 765 3480 δὲ
794 3429 958 3483 πάλιν
989 3430 1153 3498 φησί·
1184 3430 1354 3493 Θέλω,
1390 3429 1478 3482 ἵνα
1509 3430 1641 3482 ὅπου
1676 3431 1794 3500 είμὶ
1822 3431 1950 3498 ἐγὼ,
1986 3432 2083 3484 καὶ

508 3510 557 3561 οἱ
583 3509 820 3563 διάκονοι
849 3504 982 3565 ὦσιν
1009 3514 1057 3565 οἱ
1083 3513 1225 3582 ἐμοί.
1260 3513 1322 3564 Εἰ
1348 3512 1456 3582 γὰρ
1497 3513 1937 3566 κατακόπτεσθαι
1974 3515 2081 3567 ἔδει

509 3593 629 3645 καθ’
647 3593 882 3663 ἑκάστην
895 3596 926 3663 ἡ
935 3595 999 3662 μέ
1009 3611 1127 3664 ραν,
1148 3594 1289 3662 ὑπὲρ
1303 3593 1507 3648 τούτων
1518 3596 1616 3647 οὐκ
1633 3593 1752 3667 [ἳη
1766 3597 1931 3665 ἐχρῆν
1944 3613 2080 3667 προ,-

509 3675 572 3727 θύ
582 3692 696 3742 μως
711 3676 1108 3746 καταδέχεσθαι
1126 3693 1140 3741 ;
1160 3676 1445 3747 Ἐννόησον
1461 3677 1563 3730 ποῦ
1577 3677 1828 3730 ἐκάθισεν
1852 3679 2077 3748 ἐκεῖνος.

520 3756 748 3810 Ἐπάνω
775 3758 979 3824 πάσης
1001 3759 1196 3828 ἀρχῆς
1227 3759 1324 3812 καὶ
1349 3761 1655 3826 ἐξουσίας.
1687 3761 1794 3812 Καὶ
1815 3761 1920 3814 τίνι
1949 3779 2080 3830 συγ-

508 3839 776 3908 κάθησαι;
838 3839 1082 3911 Ἐκείνῳ.
1120 3842 1216 3904 Τίς
1239 3840 1359 3894 ὥνι
1393 3860 1407 3909 ;
1444 3843 1672 3912 Νεκρὸς,
1706 3842 1864 3910 φύσει
1895 3843 2081 3898 τέκνον

507 3922 699 3992 ὀργῆς.
745 3922 855 3976 Καὶ
883 3923 938 3974 τί
973 3923 1376 3993 κατώρθωσας;
1408 3926 1604 3997 Οὐδέν..
1629 3926 1835 3988 Ὄντως
1865 3927 1960 3980 νῦν
1987 3927 2079 3979 εὐ-

510 4023 700 4077 καιρον
737 4007 1040 4077 ἀναϐοῆσαι
1061 4024 1074 4038 ·
1115 4010 1184 4062 ’Ὤ
1216 4009 1408 4074 ,ϐάθος
1430 4012 1700 4063 πλούτου
1733 4009 1829 4062 καὶ
1861 4013 2082 4080 σοφίας

508 4091 608 4142 καὶ
647 4089 923 4159 γνώσεως
957 4090 1139 4144 Θεοῦ]
1179 4091 1258 4159 Τῇ
1298 4092 1407 4161 γὰρ
1443 4091 1641 4160 χάριτί
1706 4093 1848 4146 ἐστε
1887 4108 2080 4148 σεσωο

507 4174 741 4240 σμένοι,
774 4173 959 4242 φησίν.
987 4175 1103 4227 Ἵνα
1132 4176 1241 4245 γὰρ
1277 4175 1352 4245 μὴ
1383 4175 1443 4228 τὸ
1469 4174 1697 4244 μέγεθος
1717 4175 1825 4227 τῶν
1856 4177 2085 4248 εὐεργεπ

509 4257 642 4307 σιῶν
666 4256 845 4328 ἐπάρῃ
880 4274 962 4319 σε,
986 4258 1086 4327 ὅρα
1113 4257 1230 4320 πῶς
1265 4275 1323 4309 σε
1354 4257 1737 4310 καταστέλλει·
1771 4257 1851 4326 Τῇ
1880 4249 2081 4328 χάριτί

505 4340 646 4394 ἐστε
671 4339 1070 4408 σεσωσμένοι,
1105 4340 1259 4410 φησί.
1293 4341 1394 4392 Διὰ
1418 4341 1695 4406 πίστεως.
1730 4336 1864 4393 Εἶτα
1889 4343 1974 4394 ἵνα
2003 4344 2076 4414 μὴ

506 4422 667 4475 πάλιν
681 4423 742 4475 τὸ
775 4423 1117 4488 αὐτεξούσιον
1135 4423 1458 4493 λυμήνηται,
1480 4422 1644 4492 ἔθηκε
1667 4424 1759 4476 καὶ
1790 4424 1859 4477 τά
1877 4427 1909 4496 ή
1921 4424 2037 4495 μῶν
2059 4442 2074 4457 ο

505 4507 601 4560 καὶ
629 4505 789 4558 πάλιν
817 4507 949 4564 αὐτὸ
978 4506 1177 4571 ἀνεῖλε,
1208 4507 1303 4559 καί
1327 4523 1460 4577 φησι
1485 4521 1501 4538 ·
1529 4505 1640 4568 Καὶ
1662 4505 1838 4560 τοῦτο
1863 4511 1974 4561 οὐκ
2005 4509 2076 4573 ἐξ

504 4586 690 4654 ἡμῶν.
732 4588 868 4641 Οὐδὲ
908 4591 939 4658 ἡ
991 4589 1196 4652 πίστις,
1240 4591 1427 4657 φησὶν,
1468 4587 1527 4653 ἐξ
1561 4588 1753 4659 ήμῶνο
1789 4591 1838 4642 εί
1866 4591 1974 4662 γὰρ
2000 4591 2080 4664 μὴ

501 4665 686 4741 ἦλθεν,
722 4672 770 4722 εί
804 4673 914 4741 γάρ
944 4671 1018 4741 μὴ
1057 4671 1306 4738 ἐκάλεσε,
1341 4672 1460 4734 πῶς
1501 4671 1818 4741 ἠδυνάμεθα
1853 4674 2076 4727 πιστεῦ-

505 4769 630 4819 σαι;
659 4753 790 4818 Πῶς
816 4753 945 4822 γάρ,
981 4756 1137 4822 φησὶ,
1165 4755 1638 4818 πιστεύσουσιν,
1659 4755 1766 4809 ἐὰν
1781 4755 1868 4823 μὴ
1896 4757 2076 4810 ἀκού-

501 4850 730 4899 σωσι.ν;
763 4837 922 4890 Ὥστε
949 4836 1071 4890 οὐδέ
1103 4837 1164 4890 τὸ
1186 4838 1285 4907 τῆς
1313 4837 1548 4900 πίστεως
1579 4837 1864 4908 ἡμέτερον.
1901 4838 2070 4905 Θεοῦ,

503 4921 659 4991 φησὶ,
710 4921 778 4974 τὸ
817 4921 1010 4990 δῶρον
1032 4937 1046 4951 ·
1087 4923 1200 4975 οὐκ
1245 4921 1314 4985 ἐξ
1342 4921 1549 4990 ἔργων.
1583 4923 1672 4991 Μὴ
1701 4922 1811 4992 γὰρ
1845 4923 2005 4992 ἤρκει
2038 4925 2072 4994 ἡ

501 5004 684 5068 πίστις
711 5004 902 5068 σώσαι,
936 5005 1139 5076 φησίν;
1185 5005 1323 5059 Ἀλλ’
1361 5006 1447 5058 ἵνα
1483 5005 1558 5075 μὴ
1584 5006 1772 5068 κενοὺς
1801 5007 1935 5075 μηδέ
1970 5007 2071 5077 ἀρ-

500 5087 631 5153 γοὺς
661 5085 828 5159 σώσῃ,
861 5089 1063 5156 ταύτην
1093 5089 1356 5158 ἐζήτησεν
1395 5090 1423 5141 ὁ
1455 5088 1608 5150 Θεὸς,
1639 5088 1801 5156 φησίν
1823 5104 1836 5118 ·
1882 5085 2069 5154 Εἶπεν,

499 5170 582 5222 ὅτι
611 5171 644 5239 ἡ
691 5171 874 5235 πίστις
924 5170 1106 5234 σώζει,
1157 5171 1294 5225 ἀλλὰ
1325 5171 1414 5225 διὰ
1457 5169 1592 5224 Θεοῦ
1617 5185 1629 5198 ·
1671 5170 1858 5240 ἐπειδὴ
1905 5171 2013 5243 γάρ
2044 5173 2073 5225 ὸ

500 5251 632 5314 Θεὸς
656 5251 940 5324 ἠθέλησεν,
973 5255 1007 5324 ή
1029 5253 1211 5318 πίστις
1246 5253 1470 5310 ἔσωσεν.
1510 5253 1662 5306 Ἐπεὶ
1691 5253 1807 5317 πῶς
1842 5253 2002 5318 σώζει
2035 5255 2068 5326 ή

501 5335 705 5398 πίστις,
734 5337 856 5389 εἰπέ
891 5354 1006 5406 μοι,
1037 5336 1167 5390 ἄνευ
1194 5337 1370 5407 ἔργων
1395 5354 1411 5404 ;
1445 5335 1615 5390 Τοῦτο
1643 5339 1772 5391 αὐτὸ
1801 5337 1936 5390 Θεοῦ
1966 5337 2069 5390 δῶ-

504 5417 596 5490 ρόν
623 5420 791 5484 ἐστιν,
823 5421 947 5474 Ἵνα
962 5421 1046 5489 μή
1073 5438 1162 5487 τις
1184 5420 1583 5489 καυχήσηται,
1611 5421 1697 5472 ἵνα
1719 5419 2070 5489 εὐγνώμονας

501 5500 630 5569 περὶ
662 5502 760 5572 τήν
783 5505 940 5574 χάριν
980 5505 1200 5574 ποιήσῃ.
1231 5505 1296 5557 Τί
1323 5500 1434 5567 οῦν,
1460 5504 1646 5573 φησὶν,
1673 5504 1836 5566 αὐτὸς
1859 5502 2066 5556 ἐκώλυ·

502 5599 596 5637 σεν
631 5583 690 5651 ἐξ
714 5585 891 5656 ἔργων
926 5585 1312 5656 δικαιωθῆναι;
1346 5586 1609 5657 Οὐδαμῶς
1633 5602 1644 5613 ·
1681 5585 1817 5652 ἀλλ’,
1859 5586 2064 5651 Οὐδεὶς,

509 5916 518 5926 ι
562 5855 589 5886 ⁸
619 5854 752 5926 Linus
774 5856 955 5926 decx_.
972 5858 1067 5926 _xal
1091 5858 1319 5926 ἐξουσίας.
1345 5856 1779 5926 φησίν.“Ἐννὸησον
1801 5858 1873 5926 δτι
1899 5856 2063 5918 ἐκείνῳ

501 5919 741 5977 ἐγκαθίσαι
769 5921 833 5981 τῷ
866 5921 1116 5969 καλέσαντι
1139 5922 1293 5970 ἐπάνω
1318 5919 1471 5978 πάσης
1504 5919 1663 5982 ἀρχῆς.
1695 5920 1774 5974 Τίς
1796 5921 1879 5966 ὧν.

2194 427 2377 494 φησιν,
2415 427 2472 492 ἐξ
2506 427 2680 497 ἔργων
2717 425 3027 494 ἐδικαιώθη,
3079 425 3166 478 ἵνα
3201 422 3384 494 δειχθῇ
3418 422 3510 476 τοῦ
3552 423 3683 477 Θεοῦ
3719 426 3755 493 ἡ

2193 513 2349 581 χάρις
2399 512 2491 564 καὶ
2527 515 2559 580 ἡ
2601 509 2997 579 φιλανθρωπία.
3040 509 3173 578 Οὐχὶ
3216 507 3435 576 ἔχοντας
3479 506 3614 576 ἔργα
3646 506 3753 558 ἁπ-

2188 597 2386 657 ώσατο,
2433 595 2569 646 ἀλλὰ
2613 594 3030 664 προδεδομένους
3076 591 3182 644 ἀπὸ
3226 591 3336 643 τῶν
3369 589 3543 659 ἔργων
3574 591 3754 660 χάριτι

2188 679 2410 740 ἔσωσεν,
2441 678 2583 731 ὥστε
2625 677 2828 748 μηδένα
2857 675 3040 728 λοιπὸν
3070 675 3211 746 ἔχειν
3246 673 3571 745 καυχᾶσθαι.

2257 869 2324 929 γ’.
2355 860 2486 914 Εἶτα
2504 862 2589 913 ἵνα
2609 860 2681 930 μὴ
2709 857 2964 920 ἀκούσας,
2983 857 3062 910 ὅτι
3087 857 3186 910 οὐκ
3207 855 3264 922 ἐξ
3288 854 3478 926 ἔργων
3505 853 3636 907 ἀλλὰ
3663 853 3768 918 πίε

2189 963 2304 1000 στει
2332 945 2391 998 τὸ
2422 947 2531 998 πᾶν
2559 941 2918 1014 κατωρθώθη,
2948 941 3114 1010 ἀργὸς
3147 941 3301 1010 μένῃ,
3337 941 3438 1011 ὅρα
3465 939 3517 990 τί
3550 940 3757 1008 ἐπήγα-

2185 1047 2318 1100 γεν·
2370 1029 2568 1084 Αὐτοῦ
2613 1026 2722 1096 γάρ
2774 1028 2961 1095 ἐσμεν
3009 1027 3256 1093 ποίημα,
3300 1023 3645 1090 κτισθέντες
3685 1024 3758 1076 ὲν

2187 1114 2417 1183 Χριστῷ
2457 1111 2662 1179 Ἰησοῦ
2695 1111 2793 1164 ἐπὶ
2832 1109 3028 1177 ἔργοις
3063 1107 3327 1176 ἀγαθοῖς,
3362 1103 3453 1171 οἷς
3481 1109 3758 1176 προητοί-

2182 1216 2381 1269 μασεν
2405 1201 2438 1251 ό
2462 1195 2624 1262 Θεὸς,
2648 1195 2749 1248 ἵνα
2764 1194 2832 1247 ἐν
2855 1191 3056 1257 αὐτοῖς
3078 1189 3591 1260 περιπατήσωμεν.
3612 1190 3773 1260 Ὀρα,

2187 1283 2348 1336 αὐτὸν
2377 1282 2429 1335 τί
2460 1299 2592 1349 φησι
2618 1297 2629 1308 ·
2657 1280 2755 1349 τὴν
2784 1277 3140 1344 ἀναγέννησιν
3173 1273 3405 1328 ἐνταῦθα
3437 1276 3751 1330 αίνίττεται.

2191 1370 2396 1430 Ὄντως
2428 1367 2605 1428 κτίσις
2642 1364 2803 1434 ἑτέρα
2851 1363 2999 1415 ἐστίν
3023 1378 3036 1391 ⁸
3078 1363 3142 1413 ἐκ
3173 1360 3266 1413 τοῦ
3295 1359 3370 1430 μὴ
3400 1360 3552 1423 ὄντος
3586 1362 3665 1423 είς
3693 1361 3758 1413 τὸ

2187 1450 2324 1505 εἶναι
2361 1448 2740 1520 παρήχθημεν.
2777 1448 2950 1516 Ὅπερ
2985 1442 3125 1515 ἦμεν
3162 1445 3447 1516 πρότερον,
3489 1444 3754 1498 ἀπεθάνο-

2190 1553 2309 1606 μεν,
2338 1533 2634 1594 τουτέστίν,
2668 1533 2696 1585 δ
2729 1529 2955 1590 παλαιὸς
2977 1529 3258 1597 ἄνθρωπος
3278 1542 3291 1555 ·
3319 1530 3454 1600 ὅπερ
3480 1530 3579 1582 οὐκ
3611 1525 3754 1598 ἦμεν

2187 1619 2469 1689 πρότερον,
2513 1614 2828 1686 ἐγενόμεθα.
2869 1614 3010 1684 ’Δρα
3030 1612 3204 1674 κτίσις
3236 1612 3296 1664 τὸ
3339 1613 3570 1682 πρᾶγμά
3612 1613 3750 1674 ἐστι,

2187 1705 2280 1757 καὶ
2310 1704 2406 1771 τῆς
2449 1699 2640 1770 ἐτέρας
2683 1697 3022 1765 τιμιωτέρας
3055 1693 3114 1759 ἐξ
3163 1695 3376 1764 ἐκείνης
3419 1695 3516 1764 μὲν
3545 1694 3654 1765 γὰρ
3691 1697 3754 1748 τὸ

2187 1788 2305 1856 ζῇν,
2337 1789 2402 1839 ἐκ
2427 1784 2484 1836 δὲ
2528 1781 2734 1852 ταύτης
2761 1781 2822 1833 τὸ
2855 1779 3032 1841 καλῶς
3071 1779 3170 1848 ζῇν
3208 1779 3340 1846 ήμίν
3380 1778 3749 1847 περιγέγονεν.

2198 1872 2323 1924 Ἐπὶ
2359 1870 2555 1939 ἔργοις
2597 1865 2859 1935 ἀγαθοῖς,
2907 1857 2997 1929 οἷς
3031 1863 3472 1930 προητοίμασεν
3509 1865 3544 1915 ό
3587 1861 3751 1927 Θεὸς,

2186 1958 2286 2010 ἵνα
2311 1955 2380 2009 ἐν
2401 1951 2607 2017 αὐτοῖς
2636 1948 3135 2018 περιπατήσωμεν
3156 1963 3169 1976 ·
3201 1946 3300 2015 οὐχ
3327 1946 3412 1998 ἵνα
3437 1943 3750 2016 ἀρξώμεθα,

2186 2044 2322 2105 ἀλλ’,
2349 2043 2482 2096 Ἵνα
2501 2035 3024 2108 περιπατήσωμεν·
3050 2030 3304 2102 διαρκοῦς
3321 2029 3429 2101 γὰρ
3446 2033 3576 2101 ἡμῖν
3598 2033 3756 2100 χρεία

2185 2127 2285 2195 τῆς
2329 2123 2533 2194 ἀρετῆς
2566 2121 2661 2175 καὶ
2709 2115 3076 2185 ἐκτεταμένης
3118 2116 3196 2177 εἰς
3220 2112 3317 2182 τὴν
3359 2112 3615 2182 τελευτὴν
3654 2113 3753 2182 τὴν

2187 2208 2481 2281 ἡμετέραν.
2524 2205 2659 2259 Οὐδέ
2689 2203 2820 2274 γὰρ,
2845 2203 2904 2281 ,εί
2938 2199 3174 2270 βαδίζειν
3203 2197 3320 2250 ὁδὸν
3350 2195 3456 2250 ἔδει
3490 2198 3568 2281 είς
3598 2198 3754 2250 πόλιν

2184 2279 2456 2365 φέρουσαν
2484 2287 2785 2359 βασιλικὴν,
2813 2280 2933 2338 εἶτα
2955 2283 3014 2336 τὸ
3041 2282 3202 2335 πλέον
3230 2281 3404 2351 αὐτῆς
3435 2279 3750 2344 ἀνύσαντες,

2185 2379 2314 2450 περὶ
2337 2378 2397 2431 τὸ
2425 2376 2575 2436 τέλος
2607 2372 2739 2426 αὐτὸ
2773 2367 3196 2440 μαλακισθέντες
3223 2365 3577 2450 ἐκαθίσαμέν,
3615 2365 3756 2436 ὢνη-

2187 2449 2278 2517 σεν
2319 2461 2384 2515 ἂν
2426 2461 2576 2530 ἡμᾶς
2613 2457 2673 2510 τὸ
2721 2453 2968 2524 βαδίσαι·
3017 2451 3189 2512 οὕτως
3225 2449 3348 2502 οὐδὲ
3385 2451 3419 2520 ὴ
3463 2449 3617 2513 ἐλπὶς
3650 2451 3753 2519 τῆς

2184 2548 2428 2619 κλήσεως
2446 2544 2708 2613 ώνήσειεν
2731 2539 2796 2592 ἄν
2816 2554 2867 2590 τι
2883 2536 3009 2597 τοὺς
3032 2531 3405 2619 κεκτημένους
3420 2531 3481 2585 τὸ
3496 2534 3750 2604 πρᾶγμα,

2185 2632 2251 2685 ἂν
2275 2614 2357 2698 ⁷μή
2397 2627 2562 2691 ἀξίως
2589 2621 3051 2694 περιπατήσωμεν
3077 2616 3170 2670 τοῦ
3215 2614 3560 2679 καλέσαντος.
3603 2616 3753 2685 Κλη-

2183 2715 2367 2776 θέντες
2393 2707 2486 2764 οὖν
2514 2710 2600 2762 ἐπ’
2631 2707 2814 2777 ἔργοις
2842 2701 3084 2771 ἀγαθοῖς,
3126 2699 3379 2770 μένωμεν
3407 2698 3623 2754 ἅπαντα
3655 2700 3752 2769 ἐρτ

2182 2796 2492 2867 γαζόμενοι.
2526 2792 2624 2846 Διὰ
2656 2789 2818 2843 τοῦτο
2845 2787 2955 2856 γὰρ
2983 2784 3314 2854 ἐκλήθημεν,
3336 2782 3434 2854 οὐχ
3466 2783 3549 2867 ἵνα
3577 2782 3634 2867 ξν
3660 2783 3752 2867 ἐρ-

2182 2865 2278 2952 γον
2313 2865 2696 2947 ἐργασώμεθά,
2741 2873 2856 2926 ἀλλ’
2897 2873 2984 2924 ἵνα
3009 2870 3208 2924 πάντα.
3244 2868 3454 2952 Ὥσπερ
3489 2865 3604 2938 [29]
3641 2866 3751 2952 γὰρ

2184 2964 2465 3034 αἰσθήσεις
2523 2963 2657 3030 ἡμῖν
2708 2958 2869 3011 πέντε
2922 2955 3050 3016 εἰσὶ,
3104 2952 3200 3007 καὶ
3242 2951 3445 3014 πάσαις
3503 2954 3582 3015 εἰς
3630 2951 3751 3034 δέον

2182 3033 2483 3118 κεχρῆσθαι
2511 3045 2630 3107 δεῖ,
2660 3041 2803 3094 οὕτω
2837 3040 2931 3091 καὶ
2954 3037 3157 3100 πάσαις
3186 3038 3303 3098 ταῖς
3333 3036 3577 3105 ἀρεταῖς.
3608 3035 3672 3088 Εἰ
3693 3033 3751 3086 δέ

2181 3151 2264 3197 τις
2282 3127 2583 3203 σωφρονοίη
2613 3126 2733 3197 μὲν,
2763 3123 2956 3192 άνελεή
2967 3139 3081 3191 μων
3101 3120 3158 3174 δὲ
3181 3119 3291 3189 εἴη,
3377 3117 3623 3186 ἐλεήμων
3651 3117 3752 3185 μέν

2184 3221 2290 3288 εἴη,
2322 3202 2650 3283 πλεονέκτης
2679 3211 2762 3273 δέ,
2797 3209 2835 3278 ἢ
2867 3207 3127 3277 ἀπέχοιτο
3155 3203 3253 3274 μὲν
3286 3202 3394 3288 τῶν
3429 3203 3747 3288 ἀλλοτρίων,

2183 3285 2289 3356 τῶν
2315 3301 2374 3353 δὲ
2408 3295 2572 3351 αὐτοῦ
2611 3295 2684 3364 μὴ
2721 3290 3007 3363 μεταδιδοῖ,
3040 3289 3219 3342 πάντα
3247 3287 3369 3356 είκῆ
3399 3286 3627 3354 γίνεται.
3673 3285 3749 3338 Οὐ

2181 3385 2287 3456 γάρ
2317 3383 2479 3453 ἀρκεῖ
2522 3379 2620 3448 μία
2658 3377 2817 3448 μόνον
2853 3372 3021 3444 ἀρετὴ
3050 3369 3510 3456 παραστῆσαι
3544 3369 3770 3456 βήματι-

2179 3453 2274 3523 τοῦ
2319 3462 2556 3537 Χριστοῦ
2607 3461 2744 3532 μετὰ
2791 3457 3102 3530 παρρησίας
3139 3457 3308 3526 ἡμᾶς,
3358 3453 3496 3508 ἀλλὰ
3550 3453 3749 3522 πολλῆς

2181 3555 2313 3623 ἡμῖν
2355 3550 2436 3602 δεῖ
2480 3548 2574 3600 καὶ
2612 3543 2861 3611 ποικίλης
2898 3543 2994 3595 καὶ
3031 3539 3395 3623 παντοδαπῆς,
3440 3537 3536 3590 καὶ
3568 3537 3756 3623 πάσης¹

2181 3620 2370 3704 αὐτῆς.
2403 3635 2602 3684 Ἀκουε
2631 3628 2739 3698 γὰρ
2765 3625 2859 3680 τοῦ
2900 3622 3136 3693 Χριστοῦ
3162 3623 3410 3690 λέγοντος
3432 3623 3542 3682 τοῖς
3571 3620 3749 3704 μαθη-

2179 3703 2334 3780 ταῖς·
2369 3713 2764 3783 Πορευθέντες
2795 3708 3209 3779 μαθητεύσατε
3239 3704 3436 3758 πάντα
3467 3704 3538 3756 τὰ
3579 3703 3765 3779 ἔθνη,¹

2179 3802 2570 3863 διδάσκοντες
2591 3795 2812 3858 αὐτοὺς
2836 3791 3036 3860 τηρεῖν
3059 3790 3276 3852 πάντα,
3306 3788 3423 3842 ὅσα
3454 3786 3749 3848 ἐνετειλάε

2175 3904 2302 3956 μην
2329 3884 2471 3954 ὑμῖν
2490 3899 2504 3914 ο
2539 3882 2633 3935 καὶ
2665 3879 2848 3940 πάλιν,
2877 3880 2984 3932 Ἂν
3016 3877 3180 3942 λύσῃ
3220 3892 3308 3940 τις
3331 3873 3479 3942 μίαν
3505 3871 3622 3925 τῶν
3645 3872 3743 3956 ἐν-

2179 3954 2375 4023 τολῶν
2403 3966 2629 4020 τούτων
2648 3961 2766 4016 τῶν
2785 3961 3144 4029 ἐλαχίστων,
3169 3958 3494 4025 ἐλάχιστος
3523 3954 3748 4021 κληθή-

2181 4067 2347 4107 σεται
2379 4051 2447 4103 ἐν
2479 4047 2552 4115 τῇ
2569 4045 2857 4111 βασιλείᾳ
2887 4043 3006 4096 τῶν
3037 4040 3330 4108 οὐρανῶν,
3361 4040 3656 4103 τουτέστιν,
3687 4040 3772 4105 tu,

2179 4138 2244 4206 τῇ
2270 4135 2581 4188 ἀναστάσει.
2610 4132 2684 4183 Οὐ
2711 4129 2818 4198 γάρ
2840 4129 2903 4198 δὴ
2925 4129 3004 4189 είς
3035 4125 3311 4195 βασιλείαν
3345 4123 3708 4176 εἰσελεύσεται
3729 4140 3745 4153 ·

2179 4215 2285 4272 οἶδε
2316 4217 2424 4286 γὰρ
2457 4214 2550 4268 καὶ
2576 4214 2736 4267 αὐτὸν
2760 4213 2852 4265 τὸν
2880 4209 3068 4280 καιρὸν
3095 4210 3193 4278 τῆς
3214 4208 3559 4268 ἀναστάσεως
3593 4206 3750 4274 βασι-

2177 4303 2326 4357 λείαν
2364 4300 2567 4354 καλεῖν.
2616 4299 2774 4351 Μίαν
2817 4295 2926 4348 ἐὰν
2963 4295 3147 4359 λύσῃ,
3194 4291 3379 4361 φησὶν,
3423 4290 3746 4359 ἐλάχιστος

2178 4385 2564 4454 κληθήσεται.
2597 4383 2760 4435 Ὥστε
2790 4378 2977 4434 πασῶν
3015 4380 3143 4448 ἡμῖν
3173 4376 3272 4430 δεῖ.
3755 4371 3765 4379 ’

2247 4567 2355 4620 Καὶ
2374 4566 2476 4635 ὅρα
2500 4564 2616 4628 πῶς
2645 4563 2746 4616 οὐκ
2772 4561 2849 4615 ἔνι
2872 4561 3040 4631 χωρὶς
3064 4559 3187 4629 ἐλεη
3197 4557 3433 4626 μοσύνης
3461 4553 3744 4619 εἰσελθεῖν,

2175 4651 2310 4706 ἀλλά
2340 4651 2443 4704 κᾶν
2485 4648 2622 4718 αὕτη
2663 4647 2798 4718 μόνη
2839 4645 3051 4717 ἐλλίπῃ,
3083 4645 3161 4706 ε-ἰς
3201 4641 3262 4694 τὸ
3300 4640 3410 4711 πῦρ
3447 4639 3747 4692 ἀπελευσὸ-

2181 4736 2336 4806 μεθα.
2381 4733 2692 4789 Ἀπέλθετε
2733 4732 2862 4798 γὰρ,
2906 4729 3092 4798 φησὶν,
3123 4727 3176 4779 οί
3222 4723 3619 4790 κατηραμένοι
3657 4723 3747 4786 εἰς

2173 4819 2239 4873 τὸ
2281 4819 2400 4886 πῦρ
2425 4816 2664 4886 αἰώνιον
2687 4813 2752 4868 τὸ
2783 4811 3221 4880 ἡτοιμασμένον
3248 4807 3329 4873 τῷ
3359 4808 3612 4872 διαϐόλῳ
3643 4806 3742 4860 καὶ

2173 4900 2298 4965 τοῖς
2318 4899 2595 4970 ἀγγέλοις
2618 4897 2825 4951 αὐτοῦ.
2853 4896 3008 4958 Τίνος
3031 4894 3238 4957 ἐνεκεν,
3265 4892 3357 4946 καὶ
3386 4891 3474 4944 διά
3502 4891 3552 4943 τί
3577 4906 3592 4956 ;
3622 4890 3744 4942 Ὅτι

2173 4984 2484 5045 ἐπείνασα,
2511 4982 2607 5035 καὶ
2629 4982 2740 5034 οὐκ
2768 4977 3025 5033 ἐδώκατέ
3039 4995 3141 5046 μοι
3165 4976 3377 5046 φαγεῖν
3401 4991 3416 5005 ο
3451 4974 3740 5041 ἐδίψησα,

2173 5073 2271 5124 καί
2326 5074 2437 5124 οὐκ
2477 5067 2795 5123 ἐποτίσατέ
2835 5082 2931 5136 με.
2992 5061 3144 5128 Εἶδες
3192 5063 3308 5125 πῶς
3356 5061 3510 5114 οὐδὲν
3555 5059 3742 5128 ἕτερον

2173 5154 2550 5225 ἐγκληθέντες,
2575 5152 2662 5205 διὰ
2687 5151 2842 5204 τοῦτο
2865 5149 3023 5220 μόνον
3044 5147 3322 5203 ἀπώλοντο
3345 5163 3360 5211 ;
3392 5145 3501 5197 Καὶ
3523 5145 3578 5197 αί
3603 5161 3742 5214 παρ-

2173 5239 2314 5293 θένοι
2355 5236 2445 5290 διὰ.
2487 5234 2645 5289 τοῦτο
2684 5235 2845 5304 μόνον
2891 5232 3257 5300 ἐξεϐλήθησαν
3298 5228 3392 5292 τοῦ
3430 5227 3753 5299 νυμφῶνος,

2171 5322 2348 5376 καίτοι
2393 5337 2457 5388 γε
2492 5317 2842 5389 σωφροσύνην
2882 5313 3025 5387 εἶχον
3049 5331 3063 5346 ο
3102 5315 3215 5369 ἀλλ’
3259 5313 3448 5384 ἐπειδὴ
3478 5313 3578 5382 τῆς
3630 5312 3744 5364 ἀπὸ

2172 5403 2538 5475 ἐλεημοσύνης
2573 5397 2712 5472 ἦσαν
2745 5400 2939 5471 ἔρημοι
2971 5399 3244 5470 βοηθείας,
3295 5395 3372 5466 τῷ
3413 5395 3631 5465 νυμφίῳ
3674 5395 3760 5454 οὐ,

2173 5485 2539 5556 συνεισῆλθον.
2565 5484 2850 5552 Εἰρήνην,
2879 5485 3031 5554 φησὶ,
3051 5483 3201 5553 μετὰ
3218 5481 3458 5536 πάντων
3477 5479 3736 5543 διώκετε,

2170 5571 2266 5624 καὶ
2307 5568 2416 5623 τὸν
2463 5568 2777 5636 ἀγιασμὸν,
2818 5563 2890 5623 οὗ
2929 5567 3108 5634 χωρὶς
3155 5565 3354 5632 οὐδεὶς
3386 5565 3594 5633 ὄψεται
3629 5563 3740 5616 τὸν

2170 5656 2408 5722 Κύριον.
2449 5652 2729 5722 Ἐννόησον
2760 5651 2959 5714 τοίνυν,
2995 5652 3076 5703 ὅτι
3108 5650 3279 5722 χωρὶς
3319 5649 3417 5720 μὲν
3451 5647 3738 5718 σωφροσύο

2171 5757 2267 5810 νης
2295 5739 2394 5790 οὐκ
2428 5736 2507 5790 ἔνι
2549 5737 2675 5789 ἰδεῖν
2708 5735 2799 5789 τὸν
2835 5736 3038 5805 Κύριον
3065 5750 3077 5762 ·
3120 5735 3180 5787 οὐ
3228 5735 3445 5797 πάντως
3497 5733 3552 5786 δὲ
3597 5731 3750 5801 μετὰ

2172 5821 2524 5891 σωφροσύνης
2566 5819 2788 5873 δυνατὸν
2832 5819 2960 5872 ἰδεῖν
2982 5835 2995 5846 ⁶
3025 5817 3281 5881 πολλάκις
3309 5818 3416 5887 γὰρ
3440 5818 3626 5886 ἕτερον
3653 5818 3738 5869 ἐν·

2173 5905 2402 5958 επῶισε.
2437 5903 2602 5959 Πάλιν
2622 5904 2684 5958 ἂν
2709 5903 2881 5956 πάντα
2915 5903 3364 5974 κατορθώσωμεν,
3397 5905 3486 5960 τὸν
3514 5903 3568 5958 δὲ
3599 5902 3736 5966 πλη-
