4060 6400
237 343 306 397 55
1146 325 1211 382 IN
1251 321 1470 380 EPIST.
1515 319 1607 376 AD
1644 314 1889 373 EPHES.
1931 313 2084 370 CM".
2127 312 2191 366 ll.
2234 309 2464 366 llOlllL.
2506 306 2594 364 IV.
3445 310 3514 368 δι

238 453 520 511 suscitavit
548 466 646 522 per
693 443 1005 511 lavacrum,
1052 442 1325 514 quomodo
1353 455 1482 512 ergo
1525 437 1824 494 consedere

235 543 396 601 fecit?
428 544 559 600 Nam
607 543 668 598 Si
696 541 1027 603 sustinemus,
1063 536 1273 607 inquit,
1322 542 1368 588 et
1411 530 1828 602 eonregnabimus

246 637 344 714 (2.
379 635 517 691 Tim.
545 635 601 690 2.
632 633 700 689 1?.
729 634 771 705 ).
830 631 887 686 Si
933 630 1197 685 morimur
1218 671 1233 693 ,
1262 628 1424 682 etiam
1471 624 1628 679 simul
1676 620 1826 675 vive-

243 713 384 785 mus.
413 727 612 799 Spiritu
662 739 848 780 revera
893 736 1027 793 opus
1051 733 1134 776 est
1169 729 1224 775 el.
1250 716 1576 773 revelatiOne
1601 755 1618 780 ,
1647 723 1703 766 ut
1746 713 1829 766 in-

243 822 550 892 telligamus
595 817 914 890 profundum
958 813 1149 868 borum
1196 810 1591 881 mysteriorum.
1627 802 1829 859 Deinde

243 929 312 971 ne
351 891 511 968 fidem
554 926 661 965 non
707 907 944 974 habeas,
972 905 1096 960 vide
1127 902 1250 974 quid
1297 900 1584 969 subjuugat
1615 914 1628 951 :
1659 897 1715 951 7.
1759 891 1828 949 Ut

243 1005 525 1063 ostenderet
554 1003 609 1056 in
635 1000 833 1056 saeculis
860 994 1319 1067 superuenientibus
1355 994 1668 1046 abundantes
1695 986 1826 1040 divi-

244 1101 341 1154 tias
370 1099 549 1171 gratia:
585 1111 722 1158 siue,
746 1095 800 1147 in
830 1092 1049 1146 bonitate
1083 1106 1236 1155 super
1258 1105 1348 1142 nos
1377 1088 1428 1140 in
1451 1085 1651 1141 Christo
1681 1082 1825 1137 Iesu.

243 1190 376 1247 Nam
404 1189 654 1262 quoniam
686 1186 775 1240 illa
798 1184 931 1238 dixit
951 1183 1020 1238 de
1039 1180 1290 1243 Christo;
1318 1194 1437 1248 qu:e
1465 1184 1641 1229 autem
1670 1174 1825 1237 dixit,

244 1284 313 1338 ad
343 1298 440 1338 nos
471 1281 602 1336 nihil
634 1288 828 1335 erant:
874 1292 996 1330 nam
1040 1273 1168 1344 quid
1210 1271 1275 1325 ad
1305 1286 1403 1324 uos
1446 1269 1490 1322 si
1521 1268 1608 1321 ille
1655 1281 1832 1319 resar-

245 1377 421 1433 resit?
448 1371 686 1430 ostendit
710 1369 758 1424 id
785 1382 996 1438 quoque
1017 1365 1082 1418 ad
1107 1379 1204 1418 nos
1237 1363 1521 1432 pertinere,
1542 1359 1586 1410 si
1614 1355 1828 1426 quidem

245 1472 295 1526 is
324 1468 477 1524 nobis
505 1476 590 1521 est
634 1463 846 1525 uultus;
876 1459 977 1513 nisi
1003 1455 1144 1527 quod
1173 1468 1415 1510 seorsum
1462 1451 1590 1505 dicit
1616 1464 1736 1518 qua:
1762 1447 1829 1501 ad

246 1576 350 1617 nos
377 1558 653 1630 pertinent
681 1572 695 1608 :
726 1552 792 1606 Et
822 1567 937 1604 cum
965 1563 1185 1602 essemus
1213 1545 1399 1598 mortui
1427 1541 1644 1612 peccatis
1664 1580 1678 1604 ,
1711 1555 1832 1592 con-

245 1651 560 1708 resuscitauit
590 1659 634 1702 et
664 1643 930 1700 consedere
954 1641 1090 1710 fecit.
1141 1637 1523 1708 Quamobrem,
1587 1634 1722 1688 sicut
1751 1631 1831 1686 di-

249 1746 438 1800 cebam
460 1786 475 1809 ,
506 1741 611 1796 noli
643 1753 749 1793 non
779 1736 980 1790 habere
1008 1731 1164 1786 fidem
1187 1771 1203 1791 ,
1245 1737 1460 1798 accepta
1488 1726 1830 1782 demonstra-

251 1839 397 1892 tione
444 1844 500 1890 et
544 1849 607 1888 ex
656 1829 921 1902 prioribus
967 1833 1022 1881 et
1067 1840 1132 1879 ex
1181 1824 1356 1892 capite
1385 1830 1439 1874 et
1469 1835 1534 1872 ex
1579 1832 1644 1871 eo
1689 1814 1832 1886 quod

250 1933 382 1985 velit
411 1926 697 1983 ostendere
723 1937 875 1978 suam
916 1920 1227 1975 bonitatem.
1275 1910 1555 1982 Quomodo
1583 1909 1724 1962 enim
1748 1922 1835 1960 os-

253 2023 471 2086 tendet,
521 2021 567 2075 si
609 2019 712 2072 hoc
753 2031 858 2071 non
909 2013 1103 2067 factum
1152 2007 1350 2062 fuerit?
1397 2007 1460 2058 Et
1490 2001 1738 2056 ostendet
1782 1999 1834 2052 in

252 2115 469 2170 smculis
521 2107 1040 2181 supervenientibus.
1097 2099 1400 2170 Quidnam?
1447 2095 1598 2164 Quod
1643 2107 1834 2162 magna

253 2210 364 2262 sint
391 2207 526 2261 bona
553 2214 607 2258 et
636 2199 885 2256 omnibus
913 2194 1269 2251 credibiliura.
1299 2189 1429 2244 Nam
1455 2201 1594 2241 nunc
1620 2185 1834 2253 quidem

255 2316 376 2371 qua}
402 2299 689 2359 dicuntur,
722 2289 1009 2346 incredulis
1038 2285 1286 2340 videntur
1324 2295 1443 2335 esse
1485 2292 1679 2347 nugm;
1713 2284 1838 2329 tunc

255 2363 432 2446 autem
479 2403 669 2444 omnes
720 2384 912 2439 scient.
963 2379 1055 2434 Vis
1097 2376 1304 2431 discere
1361 2372 1520 2426 etiam
1567 2363 1838 2439 quomodo

255 2473 383 2539 fecit
409 2477 742 2537 consedere?
768 2473 905 2529 Audi
942 2472 1112 2540 ipsum
1143 2466 1415 2522 Christum
1459 2461 1725 2515 dicentem
1754 2453 1836 2509 di-

258 2576 482 2646 scipulis
514 2591 526 2625 :
557 2569 806 2627 Sedebitis
835 2581 986 2628 super
1023 2560 1288 2616 duodecim
1327 2555 1470 2610 sedes
1490 2597 1506 2617 ,
1547 2551 1840 2622 judicantcs

259 2667 527 2723 duodecim
568 2663 724 2717 tribus
787 2656 987 2716 Israel;
1027 2662 1082 2709 et
1123 2665 1308 2706 rursus
1331 2689 1345 2712 ,
1383 2646 1571 2701 Sedere
1607 2651 1775 2693 autem
1810 2656 1842 2690 (ι

260 2764 479 2819 dexteris
517 2760 641 2812 meis
685 2765 732 2810 et
760 2772 790 2807 a
829 2751 1044 2806 sinistris
1070 2789 1086 2812 ,
1127 2763 1227 2800 non
1257 2754 1330 2798 est
1373 2756 1536 2794 meum
1572 2737 1730 2799 dare,
1753 2732 1841 2786 sed

259 2857 440 2928 quibus
471 2861 705 2923 paratum
732 2857 803 2902 est
833 2863 863 2898 a
889 2843 1044 2897 Patre
1071 2856 1179 2893 meo
1202 2835 1421 2908 (Matth.
1447 2831 1545 2928 i9.-
1563 2830 1653 2928 28..
1683 2825 1840 2928 ergo.

259 2919 378 3018 ἑὸ).
410 2919 502 3001 Est
529 2945 705 3010 itaque
734 2946 999 3008 paratum.
1042 2933 1109 2987 Et
1138 2942 1284 2984 recte
1314 2925 1476 2988 dicit,
1519 2921 1583 2976 In
1625 2919 1844 2974 bonitate

261 3013 416 3112 super
446 3043 538 3091 nos
572 3037 624 3088 in
671 3031 869 3087 Christo
911 3027 1056 3081 Iesu.
1101 3023 1302 3079 Sedere
1341 3019 1484 3073 enim
1511 3031 1542 3070 a
1570 3013 1805 3070 dexteris
1826 3053 1842 3075 ,

262 3109 346 3189 est
392 3128 609 3185 bonuris
653 3125 742 3196 ‘qtti
780 3133 995 3177 Omnem
1042 3124 1259 3187 superat
1307 3113 1589 3174 honorem,
1635 3109 1848 3175 etpost

264 3240 424 3295 quem
453 3224 560 3274 non
588 3217 713 3272 s‘u'nt
755 3215 880 3268 alia.
913 3211 1023 3266 [loc
1052 3223 1180 3277 ergo
1210 3205 1478 3268 dixit,nos
1497 3213 1707 3270 quoque
1732 3211 1846 3250 ses-

264 3329 440 3370 surus.
477 3311 614 3365 Vere
640 3315 766 3363 sunt
791 3305 1174 3374 exsuperantes
1204 3297 1436 3362 divitias,
1468 3308 1592 3347 vere
1619 3302 1847 3357 exsupe-

265 3423 394 3463 rans
435 3401 746 3474 magnitudo
790 3398 909 3469 ejus
953 3393 1198 3456 virtutis,
1235 3389 1422 3444 sedere
1457 3401 1578 3439 cum
1605 3379 1843 3437 Christo.

267 3497 494 3556 Etiamsi
524 3495 672 3549 mille
699 3491 898 3546 habeas
922 3487 1152 3552 animas,
1177 3479 1584 3553 propteripsum
1613 3489 1706 3529 eas
1739 3486 1845 3526 non

269 3593 492 3665 perdis?
531 3605 652 3644 nam
703 3587 803 3642 etsi
847 3585 902 3638 in
949 3584 1125 3652 ignem
1171 3586 1316 3632 esset
1357 3570 1660 3627 intrandum
1687 3607 1703 3633 ,
1749 3581 1850 3620 an-

269 3659 378 3746 non
407 3693 680 3757 oporteret
723 3680 825 3735 hoc
878 3682 1124 3747 prompte
1176 3665 1476 3724 sustinere?
1525 3661 1693 3718 Porro
1735 3659 1852 3758 ipso

268 3794 484 3852 quoque
538 3788 724 3830 rursus
769 3770 934 3831 dicit,
988 3764 1122 3820 Volo
1172 3770 1230 3816 ut
1266 3757 1355 3813 ubi
1407 3770 1524 3852 sum
1573 3767 1704 3852 ego,
1749 3757 1852 3804 mi—

269 3845 423 3928 nistri
451 3881 664 3939 quoque
694 3863 797 3917 mei
841 3861 949 3914 sint
975 3856 1156 3927 (Joan.
1193 3852 1279 3907 12.
1312 3849 1429 3918 26).
1465 3846 1606 3939 Nam
1625 3845 1670 3898 si
1698 3855 1853 3912 opor-

272 3972 411 4019 teret
435 3936 674 4031 quotidie
707 3951 962 4010 dissecari
985 3991 998 4012 ,
1032 3960 1209 4001 annon
1247 3947 1522 4012 oporteret
1559 3936 1610 3990 id
1655 3950 1752 4002 pro
1789 3947 1855 3985 eu

275 4026 524 4128 prompto
553 4061 609 4106 et
654 4047 816 4103 alacri
864 4045 1044 4097 animo
1086 4036 1400 4106 suscipere?
1427 4029 1613 4100 Cogita
1645 4027 1734 4080 ubi
1765 4026 1855 4128 ille

275 4115 479 4204 sederit
512 4165 524 4197 :
555 4142 730 4212 Supra
754 4152 952 4192 omnem
980 4131 1321 4203 principatum
1348 4133 1395 4179 et
1423 4132 1739 4195 potestatem.
1787 4115 1856 4172 Et

276 4257 400 4296 cuin
441 4252 549 4308 quo
594 4210 892 4290 consedes?
933 4227 1066 4282 Cum
1119 4224 1229 4277 illo.
1271 4220 1527 4286 Quisnam
1571 4229 1692 4268 cum
1739 4210 1856 4308 sis

278 4300 555 4392 Mortuus,
584 4335 770 4380 natura
820 4321 960 4375 illius
1002 4319 1117 4371 iraa.
1160 4315 1226 4368 Et
1249 4310 1375 4380 quid
1415 4319 1561 4363 recte
1599 4300 1858 4375 gessisti?

280 4424 448 4480 Nihil.
482 4420 619 4473 Vere
645 4431 774 4485 ergo
799 4421 882 4469 est
905 4416 1264 4480 opportunum
1293 4401 1595 4457 exclamare
1621 4415 1634 4450 :
1669 4394 1713 4449 0
1741 4392 1862 4446 alti-

280 4518 402 4571 tudo
420 4511 710 4568 divitiarum
726 4516 771 4561 et
791 4501 1053 4575 sapientice
1067 4509 1112 4552 et
1128 4493 1428 4568 cognitionis
1449 4489 1548 4544 Dei
1568 4486 1740 4560 (Rom.
1768 4486 1856 4539 ll.

282 4610 372 4679 35)
399 4609 414 4661 ε
449 4605 502 4661 8.
530 4601 710 4657 Gratia
734 4597 889 4660 enim,
914 4593 1107 4664 inquit,
1139 4588 1253 4642 estis
1283 4583 1485 4679 salrati.
1517 4580 1647 4635 Nam
1677 4592 1743 4679 ne
1769 4577 1864 4630 be-

283 4667 601 4756 neficiorum
648 4686 959 4760 magnitudo
1000 4692 1051 4738 te
1081 4679 1332 4740 extollat,
1362 4674 1485 4729 vide
1512 4667 1781 4742 quomodo
1812 4676 1864 4721 te

282 4797 497 4847 coercet
516 4794 572 4841 et
591 4780 922 4850 comprimit:
944 4773 1121 4829 Gratia
1138 4772 1290 4830 enim,
1315 4765 1504 4836 inquit,
1523 4763 1639 4818 estis
1661 4761 1862 4814 saluati.

291 4880 392 4942 Ριτ
422 4882 597 4952 ﬁdem.
641 4873 844 4930 Deinde
891 4861 1194 4924 rursusne
1239 4861 1464 4916 liberum
1515 4856 1867 4927 perimeretur

288 4976 594 5032 arbitrium,
630 4967 807 5036 posuit
833 4962 992 5017 etiam
1020 4973 1140 5027 qua:
1179 4962 1302 5010 sunt
1330 4960 1548 5014 nostra;
1584 4956 1638 5003 et
1680 4960 1868 4999 rursus

291 5071 465 5140 ipsum
493 5035 733 5121 sustulit,
762 5066 817 5110 et
838 5053 987 5115 dicit,
1017 5048 1082 5103 Et
1104 5048 1197 5101 hoc
1232 5062 1331 5098 non
1358 5059 1420 5096 ea:
1447 5042 1608 5094 nobis.
1639 5038 1715 5092 Ne
1738 5035 1869 5091 lides

291 5133 503 5230 quidem
532 5199 547 5224 ,
577 5153 748 5224 inquit
771 5193 787 5216 ,
815 5157 900 5204 est
929 5161 994 5201 ex
1021 5143 1177 5197 nobis
1205 5158 1219 5194 :
1247 5154 1370 5193 nam
1401 5136 1447 5190 si
1479 5151 1583 5188 non
1611 5133 1867 5230 venisset,

289 5222 338 5309 si
368 5267 474 5308 non
495 5222 762 5308 vocasset,
784 5236 1052 5312 quomodo
1076 5232 1433 5305 potuissemus
1452 5225 1707 5282 credere?
1733 5222 1873 5291 Quo-

293 5346 446 5403 modo
475 5344 640 5402 enim,
669 5337 860 5406 inquit,
888 5329 1112 5392 credent,
1145 5325 1242 5379 nisi
1269 5323 1554 5376 audiverim
1582 5317 1757 5387 (Rom.
1783 5319 1872 5371 l0.

296 5441 442 5510 ﬂ)?
469 5438 646 5506 Quare
677 5447 777 5488 nec
819 5427 940 5483 fidei
965 5435 1048 5481 est
1079 5415 1341 5476 nustrum.
1387 5416 1518 5483 Dei,
1564 5413 1764 5510 inquit,
1803 5419 1876 5464 est

298 5504 606 5593 donum_;9.
653 5541 756 5579 non
801 5537 865 5576 ea:
905 5517 1158 5590 operibus.
1209 5511 1323 5567 Non
1350 5508 1495 5564 enim
1542 5504 1874 5570 suffecisset,

299 5624 494 5695 inquit,
523 5619 655 5674 fides
680 5615 746 5670 ad
773 5615 1022 5670 salutem.
1051 5607 1156 5664 Sed
1180 5621 1247 5660 ne
1278 5603 1429 5658 nobis
1451 5602 1632 5656 vacuis
1660 5598 1879 5695 et_otio-

299 5690 390 5774 sisi
406 5715 499 5772 det
527 5712 775 5771 salutem,
811 5705 963 5769 Eam,
989 5702 1179 5772 inquit,
1215 5698 1356 5752 Deus
1384 5693 1681 5765 requisivit.
1713 5690 1878 5754 Dixit,

301 5803 449 5872 quod
489 5801 667 5859 salvos
720 5799 904 5858 fecerit
951 5797 1116 5863 fides,
1160 5791 1254 5848 sed
1282 5805 1377 5862 per
1402 5789 1570 5844 Deum
1597 5797 1880 5857 :quomam

1937 433 2076 488 Deus
2115 430 2325 493 voluit,
2378 431 2556 486 salvos
2605 430 2732 486 fecit
2780 429 2931 484 fides.
2981 431 3194 502 Alioqui
3245 441 3515 503 (μιοηιυιιη

1934 523 2109 578 salvos
2144 523 2269 575 facit
2317 521 2449 576 fides
2489 523 2692 592 absque
2723 522 3014 590 operibus?
3056 523 3168 578 [loc
3217 525 3386 594 ipsum
3432 539 3516 581 est

1939 615 2028 669 Dei
2079 613 2302 678 donum,
2338 612 2420 666 Ne
2449 614 2560 682 quis
2590 614 2867 684 glorietur,
2900 623 2955 667 ut
2984 628 3081 667 nos
3109 625 3290 684 gratos
3319 616 3516 671 efficiat

1934 707 2076 760 circa
2128 705 2376 774 gratiam.
2426 703 2564 770 Quid
2613 719 2779 773 ergo,
2838 704 3041 774 inquit,
3093 705 3364 775 prohibuit
3405 707 3518 777 ipse

1928 798 2211 870 jnstitieari
2263 813 2326 852 cx
2375 797 2665 866 Operibus?
2707 797 3052 868 Nequaquam
3081 815 3094 850 :
3126 798 3220 852 sed
3254 838 3271 865 ,
3294 799 3511 862 Nullus,

1941 891 2146 960 inquit,
2190 888 2512 959 justifieatus
2557 897 2640 944 est
2685 904 2751 944 ex
2792 889 3088 960 operibus,
3122 900 3179 943 ut
3205 891 3523 947 ostendatur

1935 983 2027 1037 Dei
2059 984 2226 1053 gratia
2255 993 2309 1037 et
2335 982 2657 1053 benignitas.
2681 981 2796 1036 Non
2820 982 3018 1050 repulit
3048 981 3307 1037 habentes
3331 998 3518 1050 opera,

1935 1075 2028 1130 sed
2057 1091 2183 1141 eos,
2212 1075 2300 1145 qui
2347 1085 2472 1130 sunt
2501 1075 2696 1145 proditi
2743 1075 2812 1128 ab
2841 1074 3095 1144 operibus
3121 1115 3137 1139 ,
3187 1075 3363 1130 salvos
3393 1073 3520 1128 feeit

1934 1168 2124 1238 gratia,
2156 1177 2211 1220 nt
2246 1167 2422 1221 nullus
2451 1167 2519 1221 de
2543 1179 2744 1221 czctero
2772 1167 2940 1235 possit
2965 1166 3206 1236 gloriari.

2007 1261 2059 1315 5.
2095 1261 2300 1314 Dcimle
2331 1277 2396 1315 ne
2421 1303 2435 1327 ,
2467 1276 2588 1314 cum
2621 1259 2890 1326 audieris,
2921 1258 3061 1329 quod
3104 1275 3210 1312 non
3239 1273 3305 1312 ex
3334 1259 3516 1328 operi-

1937 1354 2057 1417 bus,
2089 1341 2195 1408 sed.
2220 1355 2320 1409 lide
2345 1365 2511 1408 totum
2539 1364 2745 1424 gestum
2775 1355 2864 1419 sit,
2894 1356 3100 1408 otiosus
3129 1371 3366 1422 maneas,
3401 1355 3521 1409 \ide

1938 1447 2063 1515 quid
2081 1447 2443 1516 subjunxerit:
2467 1447 2553 1500 10.
2573 1445 2744 1516 Ipsius
2766 1448 2897 1500 enim
2924 1463 3096 1500 smnus
3117 1451 3334 1518 factum,
3366 1447 3522 1499 creati

1936 1537 1988 1590 in
2037 1537 2237 1592 Christo
2286 1538 2412 1593 Jesu
2460 1539 2513 1593 in
2560 1539 2794 1609 operibus
2839 1539 3019 1604 bonis,
3063 1555 3176 1608 qua:
3215 1540 3524 1609 praeparavit

1943 1627 2076 1682 Deus
2124 1639 2177 1682 ut
2223 1630 2276 1684 in
2325 1632 2427 1684 illis
2471 1631 2804 1684 ambulemus.
2838 1630 2973 1684 Vide
3012 1631 3137 1700 quid
3188 1633 3302 1700 ipse
3331 1632 3521 1688 dicat:

1939 1724 2402 1791 regenerationem
2430 1722 2515 1776 hic
2545 1722 2868 1777 subindicat.
2895 1723 3096 1776 Revera
3127 1724 3230 1776 alia
3260 1733 3343 1778 est
3367 1738 3521 1778 erea-

1942 1813 2015 1866 Iio
2045 1830 2058 1866 :
2092 1829 2158 1868 ex
2189 1815 2358 1869 nihilo
2384 1815 2630 1885 producti
2680 1831 2864 1869 sumus
2894 1817 2959 1869 ad
3010 1816 3113 1871 huc
3151 1827 3208 1870 ut
3257 1832 3519 1873 essemus.

1939 1907 2090 1974 Quod
2123 1923 2338 1960 eramus
2383 1909 2528 1977 prius
2554 1951 2568 1974 ,
2599 1911 2793 1963 mortui
2841 1923 3026 1964 sumus
3047 1952 3061 1972 ,
3094 1911 3194 1965 hoc
3222 1922 3323 1976 est,
3358 1911 3522 1964 humu

1941 2011 2124 2063 vetus;
2159 1999 2297 2068 quod
2331 2000 2474 2068 prius
2502 2015 2606 2053 non
2636 2016 2873 2066 eramus,
2909 2002 3029 2055 facti
3071 2018 3275 2057 sunms.
3313 2005 3522 2058 ltecens

1941 2106 2067 2159 ergo
2110 2100 2192 2144 est
2237 2093 2437 2145 creatio
2469 2094 2645 2161 priore
2676 2094 2867 2147 melior
2905 2103 2959 2148 et
2995 2097 3334 2164 prmstanlior
3359 2114 3372 2149 :
3399 2112 3520 2150 nam

1941 2199 2004 2237 cx
2037 2185 2127 2236 illa
2156 2183 2394 2252 quidem,
2420 2197 2478 2238 ut
2497 2186 2832 2252 viveremus;
2855 2201 2922 2240 ex
2955 2185 3051 2240 hac
3077 2200 3278 2252 autem,
3303 2195 3359 2240 ut
3387 2188 3523 2241 bene

1942 2268 2243 2322 viveremus
2267 2267 2516 2323 effectum
2549 2278 2650 2323 est.
2681 2268 2746 2322 In
2775 2270 3012 2339 aperibus
3043 2271 3184 2324 bonis
3206 2313 3220 2335 ,
3251 2288 3365 2341 qua:
3391 2289 3527 2341 priv-

1944 2363 2140 2432 ραι-ανῆ
2193 2360 2326 2414 Deus
2353 2373 2407 2414 ut
2453 2362 2508 2415 in
2552 2363 2616 2416 iis
2660 2362 3008 2425 ambulemus;
3041 2380 3166 2424 non,
3197 2362 3270 2419 Ut
3300 2366 3523 2434 incipia—

1945 2467 2064 2507 mus
2085 2495 2101 2518 ,
2134 2452 2225 2508 sed
2253 2495 2267 2517 ,
2300 2452 2367 2508 Ut
2408 2453 2720 2508 ambulemus
2743 2469 2762 2507 :
2785 2464 3040 2524 perpetua
3065 2455 3208 2509 enim
3239 2456 3391 2510 nobis
3419 2458 3528 2509 νίν-

1947 2552 2059 2597 tute
2075 2560 2209 2613 opus
2227 2553 2326 2609 est,
2353 2553 2411 2598 et
2429 2554 2649 2598 extensa
2679 2559 2848 2614 usque
2867 2544 2933 2598 ad
2953 2557 3193 2600 nostrum
3215 2546 3520 2602 decessmn.

1945 2634 2128 2704 Neque
2156 2636 2330 2700 enim,
2373 2636 2418 2690 si
2449 2646 2594 2690 esset
2634 2636 3042 2706 ingrediendum
3073 2637 3155 2691 via
3184 2654 3303 2708 quae
3329 2638 3433 2693 fert
3460 2643 3525 2691 ad

1947 2730 2133 2783 urbem
2176 2731 2415 2799 regiam,
2458 2730 2655 2784 deinde
2698 2746 2819 2785 cum
2869 2731 3129 2798 majorem
3162 2735 3276 2800 ejus
3325 2743 3528 2802 partem

1947 2823 2404 2890 confecissemus,
2453 2825 2596 2878 circa
2641 2827 2814 2893 ipsum
2845 2825 3005 2878 tinem
3037 2824 3212 2894 ignavi
3238 2835 3292 2879 et
3341 2827 3530 2879 mullus

1949 2916 2142 2970 redditi
2189 2915 2556 2981 sedissemus,
2588 2916 2744 2970 nobis
2791 2915 3082 2985 profuisset
3128 2918 3423 2988 ingressus.
3457 2919 3528 2971 lia

1951 3021 2050 3062 nec
2091 3011 2214 3078 spes
2243 3006 2538 3061 vocationis
2569 3005 2858 3076 quidquam
2887 3005 3215 3076 profuisset,
3245 3023 3358 3062 rem
3388 3007 3532 3062 illam

1951 3099 2384 3170 possidentibus,
2432 3098 2538 3153 nisi
2568 3099 2727 3168 digne
2756 3098 2822 3153 ad
2851 3115 3036 3154 vocem
3067 3100 3390 3170 appellantis
3416 3116 3533 3154 am-

1953 3190 2339 3245 bula-verimus.
2377 3190 2562 3246 Vocati
2588 3206 2716 3261 ergo
2763 3191 2816 3246 in
2842 3191 3095 3262 operibus
3125 3193 3313 3257 bonis,
3348 3208 3533 3263 perse-

1951 3299 2222 3349 veremus,
2246 3283 2424 3336 omnia
2451 3292 2754 3351 operantes.
2791 3282 3079 3353 Propterea
3121 3285 3261 3338 enim
3285 3285 3536 3353 appellati

1953 3389 2139 3429 sumus
2163 3415 2176 3438 ,
2205 3389 2312 3427 non
2346 3383 2404 3428 ut
2431 3389 2591 3428 unum
2617 3373 2898 3428 dumtaxat
2927 3390 3061 3444 opus
3091 3389 3407 3444 aperemnr,
3438 3377 3533 3430 sed

1957 3473 2016 3519 ut
2041 3465 2245 3518 omnia.
2273 3464 2422 3519 Sicut
2450 3464 2594 3518 enim
2623 3465 2778 3519 nobis
2803 3474 2930 3518 sunt
2952 3465 3188 3534 quinque
3218 3481 3408 3521 sensus
3431 3507 3446 3528 .
3484 3476 3540 3521 et

1954 3557 2205 3610 omnibus
2230 3556 2296 3610 ad
2326 3556 2375 3609 id
2408 3555 2549 3625 quod
2575 3565 2787 3625 oportet
2829 3555 3082 3610 utendum
3126 3566 3236 3621 est,
3281 3558 3350 3610 ita
3377 3559 3537 3612 etiam

1956 3649 2210 3705 omnibus
2236 3649 2548 3704 virtutibus.
2599 3649 2656 3704 Si
2697 3649 2818 3718 quis
2858 3657 3038 3703 autem
3084 3649 3156 3702 sit
3197 3659 3541 3718 temperans,

1957 3741 2051 3798 sed
2072 3742 2472 3803 immiserieurs,
2497 3749 2590 3794 aut
2615 3739 2922 3794 misericors
2943 3739 3179 3810 quidem,
3203 3740 3297 3794 sed
3328 3756 3541 3807 avarus,

1959 3844 2051 3888 aut
2076 3834 2143 3888 ab
2173 3833 2363 3888 alienis
2391 3832 2604 3902 quidem
2634 3832 2924 3897 abstineat,
2954 3830 3049 3886 sed
3072 3831 3138 3886 de
3165 3831 3278 3886 suis
3309 3848 3411 3886 non
3441 3833 3544 3886 im-

1961 3930 2174 3997 pertiat,
2211 3927 2404 3980 frustra
2439 3926 2572 3979 fiunt
2611 3925 2810 3979 omnia.
2853 3924 2970 3978 Non
3027 3926 3167 3979 enim
3206 3925 3403 3979 sufficit
3442 3943 3546 3979 una

1959 4023 2128 4076 virtus
2152 4062 2168 4087 ,
2211 4030 2269 4074 ut
2313 4035 2433 4074 cum
2462 4017 2651 4072 fiducia
2679 4019 2930 4072 sistanmr
2958 4016 3022 4071 ad
3051 4017 3285 4071 tribunal
3325 4015 3545 4083 Chrisu,

1961 4113 2055 4167 sed
2114 4113 2317 4176 multa,
2369 4112 2515 4164 varia
2560 4120 2614 4165 et
2672 4109 2848 4163 omnis
2896 4110 3107 4178 generis
3137 4150 3152 4172 ,
3199 4119 3361 4179 atque
3411 4109 3549 4163 adm

1963 4203 2109 4258 omni
2166 4205 2360 4257 virtute
2409 4212 2492 4257 est
2544 4217 2701 4270 opus.
2753 4199 2892 4254 Audi
2950 4201 3093 4254 enim
3144 4200 3414 4253 Christum
3465 4203 3549 4255 di-

1963 4305 2176 4351 centem
2219 4295 2493 4363 discipulis
2524 4312 2537 4347 :
2567 4291 2758 4347 Euntes
2803 4293 2973 4346 docete
3019 4308 3190 4345 omnes
3231 4302 3424 4362 gentes,
3456 4295 3552 4345 do-

1965 4396 2128 4440 centes
2157 4403 2240 4439 eos
2264 4399 2461 4439 seruare
2481 4385 2652 4437 omnia
2672 4399 2785 4452 qua:
2809 4381 3044 4436 mandavi
3074 4384 3230 4446 uobis,
3255 4394 3309 4438 et
3336 4398 3550 4454 rursus,

1968 4481 2029 4536 Si
2056 4481 2171 4551 quis
2195 4481 2396 4534 solverit
2428 4496 2586 4532 unum
2613 4496 2676 4533 ea:
2701 4480 2956 4534 mandatis
2984 4481 3095 4534 istis
3125 4481 3366 4544 minimis,
3397 4481 3520 4534 mini
3531 4509 3553 4521 -

1967 4593 2078 4629 mus
2103 4574 2360 4628 vocabitur
2387 4574 2438 4626 in
2468 4589 2624 4644 regno
2651 4573 2890 4627 ccelorum
2917 4577 2934 4644 (
2957 4573 3149 4629 Matth.
3175 4575 3268 4629 9.8.
3300 4575 3386 4630 19.
3420 4587 3468 4629 et
3495 4578 3551 4632 5.

1971 4667 2060 4740 l9)
2090 4685 2103 4721 ε
2135 4668 2236 4720 hoe
2277 4675 2395 4732 est,
2443 4665 2494 4719 in
2528 4666 2943 4721 resurrectione.
2988 4665 3104 4720 Non
3135 4667 3278 4721 enim
3332 4667 3553 4722 intrabit

1972 4765 2024 4818 in
2051 4777 2271 4832 regnum
2306 4775 2465 4814 :nam
2496 4759 2667 4829 ipsum
2706 4775 2918 4830 quoque
2950 4769 3162 4828 tempus
3204 4760 3558 4815 resurrectio-

1975 4857 2058 4911 nis
2088 4869 2308 4922 regnum
2339 4868 2535 4906 vocare
2561 4853 2717 4930 solet.
2764 4851 2825 4907 Si
2854 4869 3009 4904 unum
3034 4893 3050 4917 ,
3081 4852 3288 4921 inquit,
3317 4853 3518 4906 solverit
3539 4889 3561 4916 ,t

1975 4950 2210 5003 minimus
2227 4943 2861 5013 vocabitur.Quamobrem
2880 4945 3031 4999 nobis
3044 4962 3177 5014 opus
3192 4954 3274 5000 est
3288 4945 3555 4999 omnibus.

2049 5041 2176 5096 Sine
2195 5039 2510 5108 eleemosyna
2531 5054 2631 5091 non
2661 5039 2878 5091 intratur
2899 5039 2952 5091 in
2971 5054 3180 5108 regnum
3209 5039 3467 5092 ca'lorum.
3490 5063 3562 5077 -—-

1985 5132 2112 5189 Vide
2140 5139 2316 5185 autem
2342 5129 2612 5200 quomodo
2641 5144 2747 5183 non
2792 5129 2909 5183 sine
2937 5130 3282 5199 eleemosyna
3325 5129 3450 5182 licet
3476 5128 3562 5181 in-

1979 5236 2159 5291 trare,
2205 5223 2300 5278 sed
2341 5223 2384 5277 si
2428 5223 2538 5291 ipsa
2579 5222 2694 5276 sola
2736 5219 2875 5275 desit
2908 5262 2924 5287 ,
2952 5221 3217 5275 abibimus
3258 5221 3310 5274 in
3361 5221 3561 5288 ignem.

1981 5319 2144 5380 Abite,
2181 5305 2387 5384 inquit,
2421 5311 2677 5365 maledicti
2702 5353 2718 5378 ,
2745 5313 2799 5366 in
2825 5312 2990 5384 ignem
3018 5323 3260 5365 (etei-num
3281 5350 3308 5377 ,
3330 5323 3563 5381 paratum

1983 5409 2184 5464 diabolo
2208 5417 2252 5462 et
2281 5406 2477 5476 angelis
2501 5405 2630 5475 ejus.
2655 5404 2762 5458 Cur
2787 5415 2840 5458 et
2868 5420 3095 5473 quanam
3114 5404 3181 5458 de
3202 5406 3401 5457 causa?
3427 5404 3566 5470 Quo-

1985 5503 2124 5557 niam
2149 5501 2322 5564 esurii,
2351 5508 2395 5553 et
2425 5516 2524 5552 non
2554 5498 2763 5551 dedistis
2793 5499 2917 5552 mihi
2941 5497 3076 5564 quod
3107 5497 3417 5550 eomederem
3443 5513 3464 5550 :
3489 5498 3565 5547 si.

1986 5600 2103 5662 tivi,
2139 5606 2184 5650 et
2213 5613 2313 5649 non
2357 5594 2563 5648 dedistis
2599 5593 2721 5646 mihi
2750 5602 2923 5662 potum
2956 5590 3170 5664 (Matth.
3213 5589 3304 5647 ‘25.
3331 5591 3419 5644 41.
3451 5590 3568 5658 42).

1990 5691 2180 5746 Vidisti
2228 5687 2498 5759 quomodo
2540 5687 2740 5741 nullius
2784 5686 3005 5740 alterius
3035 5685 3310 5751 accusati,
3349 5694 3571 5754 propter

1991 5783 2095 5840 hoc
2124 5783 2293 5838 solum
2320 5779 2635 5851 perierunt?
2665 5778 2732 5833 Et
2761 5777 2991 5847 virgines
3031 5786 3248 5847 propter
3273 5776 3372 5832 hoc
3398 5774 3582 5832 soluta
