4060 6400
510 285 580 341 55
1207 279 1262 335 S.
1299 271 1576 334 JOANNIS
1610 269 2076 332 CllllYSOSTOMI
2118 266 2431 328 ARCHIEP.
2469 267 3002 331 CONSTANTINOP.
3208 346 3211 349 _
3717 270 3797 334 δῦ

509 403 697 470 ejecta:
738 405 864 453 sunt
889 411 920 452 e
963 394 1231 459 thalamo,
1258 394 1385 449 licet
1426 392 1691 447 haberent
1736 391 2085 457 castitatem;

511 491 606 545 sed
648 489 770 560 quia
800 490 1157 558 eleemosynze
1186 499 1367 540 vacuae
1393 494 1577 549 erant,
1609 500 1731 538 cum
1775 497 1975 554 sponso
2016 483 2095 536 in-

512 593 710 649 gressa:
736 594 842 632 non
868 586 1011 632 sunt.
1041 575 1228 630 Pacem
1249 619 1265 639 ,
1297 575 1502 645 inquit,
1530 590 1645 628 cum
1672 574 1902 626 omnibus
1928 588 2097 641 perse-

510 671 740 741 quintini.
768 680 816 724 et
841 669 1248 732 sanctimoniam,
1281 667 1389 721 sine
1407 683 1508 736 qua
1533 682 1677 719 nemo
1704 664 1886 719 videbit
1918 663 2096 718 Domi-

511 780 635 815 uum
677 760 862 831 (Hebr.
892 760 979 815 l2.
1015 760 1125 829 14).
1158 759 1346 829 Cogita
1374 774 1502 828 ergo
1540 757 1682 828 quod
1708 758 1823 812 sine
1850 758 2096 811 castitate

510 853 726 923 quidem
758 867 864 905 non
910 852 1034 906 licet
1083 852 1250 904 Deum
1283 850 1501 915 videre;
1532 865 1637 904 non
1669 850 1889 903 omnino
1914 856 2093 902 autem

511 960 633 997 eum
680 943 925 997 castitate
972 950 1148 1010 potest
1199 940 1370 996 videri
1403 955 1418 993 :
1449 955 1591 1010 smpe
1628 941 1771 995 enim
1820 938 1962 994 aliud
1991 940 2093 994 im-

511 1034 681 1105 pedit.
732 1035 937 1088 Rursus
967 1033 1011 1087 si
1056 1034 1233 1086 omnia
1264 1043 1413 1088 recte
1453 1033 1811 1101 gesserimus,
1852 1032 2094 1102 proximo

511 1136 689 1181 autem
709 1126 837 1180 nihil
858 1124 1232 1196 profuerimus,
1254 1140 1351 1179 nec
1372 1124 1449 1179 sic
1471 1124 1787 1179 intrabinms
1802 1125 1853 1178 in
1872 1139 2092 1194 regnum

513 1216 653 1287 (Jac.
684 1218 739 1271 ἢ.
779 1216 890 1285 10).
928 1216 1202 1271 Undcnam
1251 1216 1351 1271 hoc
1376 1217 1624 1270 constat?
1657 1216 1731 1268 Ex
1771 1216 1940 1270 servis
1979 1217 2095 1284 qui-

440 1312 443 1313 ⁷
512 1310 611 1364 bus
650 1309 851 1364 credita
900 1308 1114 1361 fuerunt
1158 1310 1353 1361 talenta
1396 1306 1606 1378 (ΜαιιΙι.
1652 1306 1768 1377 25).
1811 1306 1940 1360 Nam
1987 1307 2095 1360 illic

510 1405 678 1457 virtus
703 1403 878 1457 omnis
905 1412 1022 1455 erat
1059 1402 1261 1469 integra
1303 1409 1356 1455 et
1380 1402 1587 1455 sincera
1613 1442 1627 1465 ,
1662 1412 1715 1454 et
1763 1400 1892 1453 nihil
1924 1399 2096 1453 fuerat

512 1494 963 1565 praetermissum;
997 1493 1091 1546 sed
1119 1493 1370 1561 quoniam
1402 1491 1550 1560 piger
1577 1492 1676 1544 fuit
1701 1491 1753 1544 in
1782 1490 2097 1560 negotiatio-

510 1604 579 1643 ne
604 1628 619 1653 ,
644 1587 838 1642 merito
863 1586 963 1639 fuit
992 1584 1215 1654 ejectus.
1248 1584 1529 1639 Deturbari
1557 1584 1717 1638 etiam
1750 1592 1926 1652 potest
1949 1584 2096 1653 quis-

511 1681 653 1749 piam
676 1678 728 1732 in
758 1676 1055 1748 gehennam
1085 1692 1150 1731 ex
1176 1676 1293 1730 solo
1322 1674 1602 1729 maledicto
1631 1690 1646 1730 :
1681 1690 1801 1728 nam
1832 1674 1919 1745 qui
1945 1674 2090 1737 dicit,

510 1773 701 1841 inquit,
731 1771 880 1841 fratri
908 1786 998 1823 suo
1022 1810 1037 1835 ,
1066 1769 1217 1823 stulte
1238 1810 1253 1834 ,
1284 1769 1528 1823 obnoxius
1557 1769 1651 1822 erit
1679 1771 1920 1839 gehent
1962 1768 2095 1840 ignis

512 1864 731 1935 (Matth.
761 1865 815 1919 5.
852 1862 969 1931 22).
1018 1862 1243 1916 Etiamsi
1275 1864 1393 1931 quis
1434 1863 1612 1916 omnia
1653 1873 1799 1916 reete
1825 1863 2091 1931 gesserit,

511 1960 584 2013 sit
608 1969 786 2012 autem
810 1957 1263 2021 contumeliosus,
1294 1971 1398 2008 non
1436 1955 1673 2008 intrabit.
1704 1954 1813 2009 Nec
1832 1955 2094 2024 quispiam

514 2050 678 2103 Deum
708 2059 921 2103 accuset
951 2047 1305 2113 crudelitatis,
1334 2048 1374 2099 si
1410 2062 1523 2111 eos,
1554 2047 1641 2115 qui
1672 2046 1750 2099 sic
1772 2046 1902 2115 lapsi
1932 2056 2091 2112 sunt,

512 2140 731 2212 expellit
758 2156 829 2195 ex
870 2156 1035 2210 regno
1073 2139 1349 2206 caelorum.
1394 2137 1525 2191 Nam
1569 2138 1614 2191 si
1658 2137 1801 2206 apud
1850 2137 2095 2191 homines

510 2236 773 2307 quiSpiam
804 2233 1095 2305 quidquam
1128 2232 1314 2287 fecerit
1343 2231 1580 2301 iniquum
1617 2240 1671 2286 et
1700 2240 1897 2300 praeter
1926 2230 2092 2300 leges,

511 2330 829 2384 amandatur
871 2343 901 2381 a
946 2334 1235 2396 conspectu
1272 2326 1415 2394 regis
1436 2367 1450 2390 ,
1479 2326 1579 2379 etsi
1610 2339 1770 2378 unam
1800 2339 1868 2378 ex
1891 2324 2094 2378 consti-

517 2422 647 2475 tutis
678 2419 887 2489 legibus
913 2418 982 2471 sit
1021 2428 1424 2486 transgressus;
1455 2424 1509 2469 et
1537 2416 1582 2470 si
1622 2428 1883 2469 accusans
1908 2416 1977 2469 sit
2001 2430 2094 2469 ca-

513 2511 799 2565 lumniatus
831 2550 848 2576 ,
899 2508 1076 2577 perdit
1129 2508 1495 2577 magistratum
1532 2522 1547 2572 ;
1581 2516 1638 2561 et
1684 2508 1729 2562 si
1774 2507 2095 2563 adulterium

511 2603 849 2659 commiserit
894 2610 951 2657 et
997 2604 1082 2657 sit
1117 2601 1439 2665 convictus,
1493 2599 1736 2655 redditur
1782 2599 2033 2671 indignus
2079 2617 2093 2654 :

512 2697 758 2766 quamvis
797 2695 1209 2749 innumerabilia
1259 2704 1407 2747 recte
1452 2694 1716 2763 gesserit,
1756 2694 1928 2763 perit;
1958 2703 2013 2749 et
2050 2695 2097 2748 si

514 2789 717 2844 caedem
749 2786 974 2853 fecerit,
1004 2794 1060 2841 et
1089 2785 1371 2855 probatum
1416 2784 1613 2850 fuerit,
1645 2784 1748 2839 hoc
1776 2799 1992 2855 quoque
2027 2786 2095 2840 ad

517 2896 643 2935 eum
689 2876 1023 2949 perdendum
1073 2875 1292 2930 sufﬁcit.
1351 2874 1408 2931 Si
1455 2875 1729 2929 hominum
1774 2875 1921 2946 leges
1963 2875 2097 2930 adeo

513 2981 703 3027 exacte
746 2978 1064 3031 servantur,
1106 2976 1307 3038 quanto
1348 2967 1518 3036 magis
1559 2967 1704 3036 leges
1730 2967 1866 3021 Dei?
1908 2968 1979 3022 At
2015 2977 2099 3022 est

516 3064 692 3119 bonus
715 3104 728 3127 ,
757 3062 949 3132 inquit.
978 3062 1265 3129 Quousque
1286 3059 1402 3113 haec
1432 3060 1592 3113 stulta
1620 3059 1899 3114 dicemus?
1924 3059 2095 3115 Stulta

516 3169 695 3211 autem
742 3155 892 3220 dixi,
944 3169 1051 3208 non
1096 3151 1238 3223 quod
1286 3167 1395 3207 non
1440 3153 1511 3207 sit
1557 3151 1761 3216 bonus,
1814 3151 1909 3207 sed
1956 3153 2097 3223 quod

518 3248 891 3303 existimemus
931 3246 1047 3316 ejus
1090 3246 1382 3300 bonitatem
1411 3245 1476 3299 ad
1507 3243 1623 3298 hmc
1662 3244 1816 3299 nobis
1846 3259 1966 3301 esse
1991 3246 2098 3299 uti-

517 3342 655 3409 lem,
697 3341 796 3395 etsi
839 3338 1248 3394 innumerabilia
1280 3337 1349 3392 dc
1376 3337 1459 3391 Itis
1487 3352 1629 3406 saepe
1660 3337 2096 3393 disseruerimus.

518 3432 655 3487 Audi
682 3433 825 3487 enim
853 3429 1181 3500 Scripturam
1206 3429 1472 3483 dicentem
1502 3445 1514 3480 :
1547 3426 1629 3482 Ne
1650 3428 1860 3495 dixeris,
1892 3428 2101 3482 Misera-

520 3524 590 3576 tio
632 3524 741 3593 ejus
782 3531 853 3576 est
906 3521 1105 3587 multa,
1150 3519 1466 3572 multitudini
1510 3528 1830 3589 peccatorum
1874 3535 2099 3572 meorum

520 3613 879 3682 propitiabitur
924 3610 1114 3681 (Eccli.
1146 3610 1201 3666 5.
1234 3609 1312 3681 ὃ).
1356 3609 1470 3664 Νοη
1516 3610 1762 3680 prohibet
1796 3624 1893 3665 nos
1921 3610 2103 3665 dicere

521 3705 744 3759 multam
792 3718 913 3758 esse
956 3705 1075 3771 ejus
1124 3702 1527 3757 miserationem
1564 3719 1580 3767 ;
1625 3703 1799 3770 absit;
1848 3720 1954 3757 non
2001 3703 2104 3759 hoc

520 3794 712 3849 suadet
734 3834 752 3858 ,
782 3791 878 3847 sed
905 3801 960 3847 et
987 3808 1088 3847 nos
1118 3793 1231 3845 vult
1255 3791 1359 3846 hoc
1386 3792 1605 3848 assidue
1630 3794 1815 3849 dicere
1840 3836 1856 3862 ,
1889 3804 1943 3848 et
1975 3810 2104 3865 pro—

522 3897 704 3955 pterea
755 3885 937 3939 omnia
981 3894 1163 3939 movet
1207 3885 1441 3951 Paulus;
1488 3886 1583 3941 sed
1615 3897 1833 3958 pr0pter
1880 3903 1943 3942 ea
1986 3903 2105 3958 quae

521 3979 775 4048 deinceps
803 3986 1127 4048 sequuntur.
1159 3976 1238 4033 Ne
1269 3976 1391 4033 ideo
1414 4019 1431 4043 ,
1466 3979 1671 4049 inquit,
1700 3979 1983 4034 admireris
2011 3981 2104 4035 Dei

522 4069 903 4138 benignitatem
952 4076 1010 4120 ut
1038 4082 1256 4135 pecces,
1285 4076 1341 4121 et
1366 4067 1517 4122 dicas
1540 4108 1554 4132 ,
1591 4067 1949 4123 Misericordia
1992 4070 2104 4140 eius

525 4159 840 4213 multitudini
865 4169 1189 4230 peccatorum
1215 4174 1439 4212 meorum
1473 4160 1854 4229 propitiabitur.

596 4255 653 4309 4.
691 4252 817 4308 Ideo
845 4253 991 4308 enim
1036 4261 1144 4306 tam
1176 4252 1342 4307 multa
1374 4251 1687 4307 disserimus
1732 4254 1798 4308 de
1824 4254 2061 4311 bonitate
2088 4297 2105 4323 ,

526 4363 632 4402 non
660 4355 716 4401 ut
744 4347 792 4401 ei
820 4345 1155 4400 conﬁdentes
1180 4360 1399 4416 agamus
1426 4346 1605 4399 omnia
1631 4363 1645 4412 ;
1671 4346 1869 4417 alioqui
1900 4348 2110 4405 bonitas

524 4440 627 4493 erit
665 4438 729 4491 ad
772 4446 969 4491 nostra:
1016 4437 1205 4491 salutis
1232 4436 1490 4501 exitium;
1525 4436 1619 4491 sed
1664 4453 1732 4491 ne
1761 4438 2110 4508 desperemus

526 4532 580 4584 in
610 4531 838 4600 peccatis
858 4571 873 4593 ,
904 4545 1092 4584 verum
1122 4544 1342 4599 agamus
1372 4530 1763 4599 paenitentiam.
1796 4531 2111 4602 Benignitas

527 4626 670 4678 enim
703 4624 795 4677 Dei
830 4634 882 4678 te
910 4623 1058 4677 ducit
1081 4621 1147 4676 ad
1178 4622 1549 4692 paenitentiam
1573 4663 1587 4686 ,
1619 4638 1725 4675 non
1754 4622 1822 4677 ad
1850 4623 2003 4693 plura
2033 4626 2114 4679 vi-

528 4717 621 4769 tia.
646 4714 706 4769 Si
736 4722 916 4768 autem
954 4713 1126 4768 malus
1166 4724 1220 4768 et
1260 4714 1554 4768 sceleratus
1580 4716 1675 4767 lias
1703 4725 1920 4784 propter
1964 4718 2086 4771 beni

528 4808 817 4877 gnitatem,
850 4816 905 4860 tu
934 4821 1059 4861 eum
1102 4806 1273 4876 magis
1302 4806 1355 4860 in
1400 4806 1584 4861 odium
1618 4822 1780 4862 vocas
1809 4818 1863 4864 et
1889 4824 2114 4867 accusas

527 4898 667 4966 apud
694 4897 940 4952 homines
962 4913 976 4951 :
1001 4897 1198 4952 multos
1224 4896 1368 4951 enim
1400 4897 1643 4952 videmus
1671 4909 1990 4956 accusantes
2020 4902 2113 4958 Dei

530 4989 830 5042 lenitatem.
856 4986 1218 5055 Quamobrem
1240 4987 1391 5042 dabis
1420 5003 1625 5057 poenas,
1655 4990 1700 5043 si
1722 5004 1783 5045 ea
1811 5006 1916 5045 non
1951 4995 2116 5049 utaris

533 5090 590 5132 ut
614 5087 848 5150 oportet.
880 5079 1020 5133 Deus
1048 5087 1133 5133 est
1160 5079 1467 5148 benignus?
1500 5079 1596 5133 sed
1636 5090 1719 5134 est
1751 5081 1912 5135 etiam
1938 5082 2117 5151 justus

528 5170 716 5242 judex.
738 5170 1019 5225 Condonat
1045 5170 1300 5239 peccata?
1321 5170 1416 5224 sed
1447 5170 1607 5225 etiam
1630 5170 1807 5226 reddit
1826 5174 2114 5243 unicuique

536 5260 831 5317 secundum
862 5275 1026 5330 opera
1068 5275 1185 5314 sua.
1229 5260 1482 5315 Transilit
1524 5261 1830 5331 iniquitates
1854 5304 1870 5330 ,
1900 5275 1955 5318 et
1981 5266 2116 5318 tollit

536 5351 800 5422 peccata?
846 5351 942 5406 sed
983 5366 1044 5407 ea
1087 5366 1300 5421 quoque
1329 5352 1619 5408 examinat.
1665 5353 1945 5421 Quomodo
1986 5372 2116 5427 ergo

540 5460 645 5497 non
668 5452 791 5498 sunt
815 5444 932 5499 hmo
952 5443 1259 5497 contraria?
1290 5442 1404 5498 Non
1435 5454 1561 5497 sunt
1589 5447 1879 5511 contraria,
1913 5448 1957 5501 si
1984 5457 2119 5503 tem-

540 5538 761 5605 poribus
788 5551 849 5590 ea
877 5535 1220 5590 diviserimus
1263 5555 1275 5589 :
1307 5535 1445 5588 tollit
1474 5535 1561 5589 hic
1587 5548 1805 5604 peccata
1839 5553 1935 5607 per
1963 5540 2114 5593 lava-
2162 5566 2165 5567 ν

542 5640 692 5679 crum
710 5636 764 5680 et
788 5627 1160 5695 paenitentiam
1186 5642 1201 5691 ;
1230 5623 1367 5680 facta
1394 5626 1504 5680 illic
1524 5627 1794 5680 examinat
1821 5643 1918 5697 per
1941 5630 2116 5699 ignem

544 5727 598 5772 et
642 5725 926 5773 tormenta.
959 5718 1017 5775 Si
1043 5732 1172 5789 ergo
1197 5759 1211 5787 ,
1253 5716 1463 5792 inquies
1491 5760 1506 5787 ,
1537 5731 1659 5772 cum
1686 5728 1741 5774 et
1766 5719 1906 5773 mala
1934 5719 2115 5778 fecero

2205 404 2371 459 pauca
2394 431 2407 455 ,
2439 399 2657 461 propter
2698 407 2861 445 unum
2901 393 3087 461 ejiciar
3111 434 3127 458 ,
3155 403 3211 448 et
3247 409 3275 448 a
3306 408 3473 466 regno
3499 396 3744 452 excidam
3769 438 3791 465 ,

2202 496 2301 535 cur
2329 483 2466 536 mala
2489 488 2670 538 omnia
2692 499 2798 538 non
2824 487 3061 554 operor?
3088 486 3283 557 Ingrati
3306 489 3450 545 servi
3472 500 3555 543 est
3574 490 3751 545 oratio
3771 506 3790 551 ς

2204 570 2298 628 sed
2333 583 2511 631 tamen
2540 576 2678 631 hanc
2704 592 2919 647 quoque
2963 578 3319 634 dissolvcmus
3357 582 3680 637 orationem.
3708 580 3792 637 Ne

2203 668 2343 722 mala
2370 662 2615 738 Opereris
2638 710 2653 735 ,
2689 674 2745 724 ut
2791 664 2887 723 tibi
2917 671 3092 738 prosis
3119 689 3132 726 :
3167 687 3289 725 nam
3313 687 3341 725 a
3367 687 3537 743 regno
3562 674 3787 744 quidem

2202 775 2392 817 omnes
2432 761 2680 819 similiter
2717 763 3066 830 excidemus;
3097 765 3148 818 in
3179 761 3421 834 gebcnna
3469 775 3649 821 autem
3677 777 3787 822 non

2201 856 2416 912 easdem
2445 872 2631 926 pmnas
2657 859 2901 914 dabimus
2930 876 3119 916 onmes
3148 904 3162 925 ,
3191 847 3285 917 sed
3318 863 3404 919 hic
3433 864 3649 934 quidem
3672 881 3791 918 ma-

2197 947 2382 1016 jores,
2427 950 2517 1003 ille
2558 966 2687 1005 vero
2732 952 2995 1006 mitiores.
3029 951 3160 1006 Nam
3193 954 3237 1006 si
3267 963 3322 1008 tu
3363 956 3581 1024 quidem
3608 964 3663 1010 et
3692 956 3790 1011 ille

2201 1038 2558 1110 despexeritis
2581 1082 2596 1105 ,
2630 1050 2684 1097 et
2713 1044 2803 1112 qui
2837 1044 2887 1096 in
2919 1044 3100 1098 multis
3128 1053 3183 1098 et
3211 1045 3302 1114 qui
3348 1046 3399 1098 in
3430 1046 3612 1114 paucis
3654 1062 3787 1116 pec-

2200 1139 2286 1184 cat
2309 1172 2323 1196 ,
2356 1132 2604 1187 similiter
2630 1149 2661 1188 e
2690 1149 2855 1204 regno
2881 1134 3149 1189 excidetis
3176 1154 3188 1190 :
3219 1137 3262 1190 si
3290 1146 3466 1190 autem
3492 1152 3598 1191 non
3627 1134 3788 1192 simi-

2203 1222 2325 1277 liter
2373 1222 2770 1292 chpcxeritis,
2816 1222 2911 1279 sed
2957 1226 3094 1281 alius
3140 1224 3356 1294 quidem
3398 1229 3598 1297 magis,
3645 1224 3788 1282 alius

2205 1329 2331 1367 vero
2360 1315 2562 1374 minus.
2598 1315 2648 1368 in
2679 1315 2922 1375 gehenna
2971 1317 3215 1371 sentietis
3264 1315 3645 1372 differentiam.
3676 1317 3787 1373 Cur

2201 1421 2329 1475 ergo
2372 1407 2606 1460 minatur
2650 1407 2715 1461 iis
2756 1408 2847 1478 qui
2878 1424 2986 1462 non
3029 1408 3293 1463 dederunt
3330 1416 3738 1481 elecmosynam
3766 1453 3782 1477 ,

2201 1512 2295 1553 eos
2335 1512 2457 1553 esse
2486 1498 2727 1553 abituros
2754 1499 2804 1552 in
2838 1500 3051 1568 ignem;
3082 1515 3255 1569 neque
3285 1502 3456 1555 solum
3488 1502 3539 1555 in
3572 1503 3776 1571 ignem,

2201 1586 2296 1642 sed
2325 1588 2416 1656 qui
2460 1598 2675 1657 paratus
2716 1597 2800 1643 est
2827 1588 3043 1643 diabolo
3081 1600 3136 1645 et
3163 1592 3369 1661 angelis
3410 1592 3571 1659 ejus?
3601 1607 3698 1645 cur
3724 1600 3783 1646 et

2201 1694 2303 1749 qua
2333 1680 2400 1734 de
2424 1680 2629 1734 causa?
2658 1679 2824 1734 Deum
2854 1680 2987 1734 nihil
3020 1696 3170 1750 mque
3200 1681 3414 1747 irritat,
3442 1692 3497 1735 ut
3535 1682 3580 1736 si
3626 1683 3786 1736 amici

2203 1771 2399 1841 injuste
2430 1772 2713 1827 laedantur.
2755 1772 2888 1827 Nam
2920 1772 2965 1827 si
3004 1784 3218 1843 oportet
3242 1774 3464 1845 diligere
3492 1775 3739 1829 inimicos
3765 1786 3785 1839 ;

2202 1864 2292 1933 qui
2324 1864 2487 1918 etiam
2521 1865 2726 1919 amicos
2754 1875 3070 1932 aversatur,
3105 1875 3161 1920 et
3185 1875 3269 1920 est
3311 1866 3361 1919 iu
3405 1865 3508 1921 hoc
3549 1867 3788 1921 deterior

2203 1954 2475 2024 gentibus,
2503 1955 2642 2024 quod
2673 1971 2778 2008 non
2806 1955 3101 2011 merebitur
3137 1956 3495 2027 supplicium?
3516 1957 3789 2026 Quamob-

2201 2062 2315 2101 rem
2362 2047 2447 2102 hic
2490 2048 2801 2117 magnitudo
2827 2050 3030 2118 peccati
3050 2049 3172 2118 jure
3201 2049 3326 2103 fecit
3351 2064 3472 2103 eum
3495 2050 3642 2103 abire
3662 2065 3780 2105 cum

2202 2137 2418 2192 diabolo
2446 2155 2460 2191 :
2494 2138 2586 2192 Va:
2616 2139 2761 2193 enim
2790 2140 2838 2194 ei
2868 2140 2959 2209 qui
2985 2156 3092 2194 non
3119 2139 3248 2195 facit
3278 2141 3695 2212 eleemosynam.
3730 2142 3786 2197 Si

2203 2227 2305 2283 hoc
2335 2237 2513 2283 autem
2544 2240 2659 2283 erat
2688 2231 2740 2285 in
2770 2230 2949 2286 Veteri
2976 2272 2991 2295 ,
3023 2231 3193 2286 multo
3220 2233 3389 2301 magis
3421 2234 3473 2287 in
3502 2232 3651 2287 Novo
3678 2233 3788 2289 Te-

2202 2328 2507 2373 stamento:
2540 2320 2584 2374 si
2613 2320 2700 2374 ubi
2728 2330 2844 2375 erat
2864 2336 3178 2377 concessum
3203 2324 3481 2393 possidere
3512 2327 3785 2395 pecunias,

2202 2410 2389 2481 eisque
2417 2411 2514 2465 frui
2544 2419 2599 2466 et
2623 2426 2717 2466 eas
2743 2428 2934 2467 curare
2954 2453 2970 2479 ,
3005 2422 3149 2467 tanta
3180 2415 3469 2484 gerebatur
3497 2431 3623 2469 cura
3664 2415 3787 2485 opis

2204 2499 2440 2554 ferenda:
2466 2502 2829 2571 pauperibus:
2861 2512 3059 2572 quanto
3090 2505 3256 2573 magis
3288 2505 3375 2558 ubi
3402 2505 3652 2574 jubemur
3671 2522 3793 2559 oni-

2204 2591 2293 2645 nia
2338 2591 2578 2662 ejicere?
2618 2591 2752 2647 Nam
2782 2594 2909 2664 quid
2943 2594 3019 2649 illi
3063 2611 3169 2649 non
3198 2595 3506 2651 faciebant?
3537 2597 3789 2654 Decimas

2203 2694 2259 2739 et
2303 2700 2491 2739 rursus
2544 2685 2783 2742 decimas
2833 2687 3149 2756 prmbebant
3192 2691 3529 2759 :orphauis,
3568 2690 3744 2745 viduis
3770 2733 3786 2758 ,

2204 2777 2492 2847 proselytis
2517 2779 2924 2833 succurrebant.
2953 2780 3059 2835 Sed
3086 2779 3219 2835 mihi
3249 2781 3468 2851 quidam
3505 2782 3787 2838 admirans

2204 2869 2451 2936 dicebat,
2485 2868 2577 2925 Ille
2617 2872 2710 2925 dat
2753 2871 3009 2927 decimas.
3057 2873 3269 2941 Quanto
3298 2883 3382 2930 est
3424 2876 3526 2929 hoc
3570 2876 3788 2945 plenum

2204 2962 2404 3032 probro
2430 2972 2485 3017 ct
2515 2962 2782 3019 dedecore
2806 3004 2822 3031 ,
2852 2966 2895 3020 si
2918 2965 3058 3034 quod
3084 2967 3224 3035 apud
3252 2967 3469 3022 Judacos
3494 2984 3598 3023 non
3625 2968 3792 3024 habe-

2208 3054 2366 3108 batur
2393 3054 2446 3107 in
2475 3054 2832 3110 admiratione
2856 3096 2871 3120 ,
2907 3055 3009 3111 hoc
3051 3056 3192 3126 apud
3223 3057 3559 3114 Christianos
3587 3058 3788 3113 factum

2207 3155 2290 3201 est
2339 3146 2696 3202 admirabile?
2743 3146 2801 3203 Si
2851 3157 2978 3203 tunc
3031 3160 3146 3203 erat
3196 3150 3497 3219 periculum
3546 3150 3788 3207 decimas

2207 3239 2456 3293 omittere
2481 3281 2496 3305 ,
2526 3241 2698 3311 cogita
2730 3249 2987 3310 quantum
3029 3258 3170 3297 nunc
3196 3244 3286 3297 sit.
3322 3243 3523 3298 Rursus
3553 3244 3791 3301 ebrietas

2207 3344 2313 3385 non
2347 3328 2509 3385 habet
2539 3331 2890 3386 hereditatem
2931 3335 3103 3403 regni.
3133 3335 3237 3390 Sed
3266 3335 3394 3405 quid
3421 3347 3501 3391 est
3538 3336 3680 3406 quod
3710 3332 3821 3391 di-'

2207 3422 2347 3475 citur
2381 3437 2409 3474 a
2457 3422 2768 3478 multis?’Si
2798 3439 2897 3494 ego
2924 3435 2977 3479 et
3010 3426 3098 3480 ille
3139 3426 3327 3481 iisdem
3356 3436 3601 3482 tenemur
3623 3469 3639 3493 ,
3672 3443 3783 3483 non

2209 3522 2291 3569 est
2331 3531 2491 3583 parva
2518 3516 2839 3572 consolatio.
2875 3517 3013 3585 Quid
3055 3517 3339 3574 dicemus?
3367 3518 3527 3575 Certe
3555 3538 3659 3576 non
3688 3521 3794 3577 erit

2211 3604 2349 3659 idem
2379 3616 2527 3660 tuum
2556 3616 2612 3661 et
2638 3607 2784 3662 illius
2812 3609 3133 3678 supplicium
3174 3629 3188 3664 :
3221 3611 3459 3681 alioquin
3487 3621 3663 3667 autem
3690 3629 3794 3668 nec

2211 3696 2312 3751 hoc
2337 3708 2421 3753 est
2443 3699 2762 3755 consolatio.
2793 3700 2944 3756 Tunc
2968 3702 3110 3756 enim
3142 3703 3403 3757 malorum
3433 3705 3662 3758 societas
3691 3704 3793 3759 ha-

2211 3787 2302 3842 bet
2346 3790 2770 3846 consolationem
2796 3834 2811 3859 ,
2846 3793 3061 3862 quando
3103 3795 3243 3847 mala
3273 3811 3393 3865 quae
3425 3797 3655 3865 patimur
3681 3798 3795 3853 fue-

2212 3882 2320 3935 rint
2348 3884 2696 3951 proportione
2725 3885 2873 3954 paria
2905 3903 2917 3939 :
2952 3886 3166 3956 quando
3194 3896 3371 3942 autem
3398 3890 3789 3958 exsuperarint,

2172 3983 2176 3986 ’
2212 3983 2265 4026 et
2311 3982 2370 4027 ut
2399 3985 2580 4030 mente
2619 3976 2943 4031 excedamus
2984 3977 3261 4033 effecerint
3285 4021 3300 4047 ,
3329 3996 3435 4034 non
3462 3981 3691 4052 amplius
3718 3986 3794 4036 si-

2215 4071 2348 4118 nunt
2392 4064 2557 4118 ullam
2590 4065 2789 4121 habere
2817 4067 3262 4123 consolationem.
3307 4070 3401 4126 Dic
3442 4072 3586 4127 enim
3627 4076 3675 4128 ei
3705 4073 3796 4143 qui

2215 4155 2352 4210 male
2400 4156 2687 4210 mulctatus
2735 4157 2788 4211 in
2836 4158 3013 4227 ignem
3043 4169 3127 4213 est
3156 4161 3422 4230 injectus,
3460 4163 3555 4217 llic
3583 4174 3675 4219 aut
3703 4166 3795 4221 ille

2216 4246 2318 4301 hoc
2344 4246 2576 4316 patitur;
2609 4263 2675 4301 ne
2705 4249 2899 4302 sentiet
2931 4249 3146 4319 quidem
3171 4252 3619 4308 consolationem.
3647 4254 3798 4310 Non-

2217 4354 2285 4394 ne
2313 4353 2508 4393 omnes
2538 4339 2695 4393 simul
2727 4341 3000 4408 perierunt
3033 4339 3331 4396 Israelita}?
3376 4360 3665 4413 quamnam
3696 4347 3800 4401 hoc

2216 4434 2295 4488 eis
2321 4432 2500 4486 attulit
2533 4431 2994 4488 consolationem?
3023 4449 3202 4488 annon
3234 4435 3335 4489 hoc
3363 4438 3534 4505 ipsum
3562 4452 3657 4493 eos
3686 4454 3802 4493 ma-

2212 4525 2318 4595 jori
2347 4525 2533 4580 dolore
2571 4525 2883 4580 afﬁciebat?
2922 4528 2989 4581 Et
3022 4528 3143 4583 ideo
3176 4527 3460 4596 dicebant,
3494 4531 3756 4587 Periimus
3781 4573 3801 4600 ,

2220 4616 2542 4681 interiimus,
2564 4619 2871 4688 consumpti
2903 4632 3108 4675 sumus.
3132 4621 3387 4687 Quianam
3415 4632 3496 4677 est
3530 4639 3660 4695 ergo
3689 4624 3806 4681 haec

2219 4708 2559 4762 consolatio?
2589 4708 2812 4763 Frustra
2855 4724 2955 4765 nos
3001 4712 3101 4766 hac
3143 4727 3238 4782 spe
3277 4716 3640 4769 consolamur.
3686 4715 3805 4772 Una

2222 4808 2337 4862 sola
2362 4817 2445 4862 est
2466 4808 2763 4862 consolatio
2784 4850 2799 4874 ,
2829 4808 2882 4863 in
2910 4807 3058 4875 illum
3088 4810 3177 4878 qui
3208 4812 3472 4879 exstingui
3499 4826 3603 4866 non
3632 4824 3808 4882 potest

2222 4899 2399 4968 ignem
2437 4915 2542 4951 non
2573 4898 2810 4953 incidere
2842 4918 2854 4953 :
2887 4900 2967 4954 eis
3006 4912 3183 4955 autem
3210 4943 3224 4965 ,
3256 4903 3344 4971 qui
3379 4902 3615 4958 incidere
3639 4944 3656 4967 ,
3699 4920 3805 4958 non
3856 4885 3869 4937 ιδ

2224 4991 2349 5045 licet
2369 4992 2581 5061 assequi
2606 4992 3028 5046 consolationem
3059 5014 3072 5049 :
3098 4994 3187 5047 ubi
3211 5007 3293 5048 est
3316 4996 3515 5049 stridor
3540 4995 3805 5060 dentium,

2226 5082 2315 5137 ubi
2359 5081 2514 5138 ﬁctus
2538 5125 2554 5149 ,
2584 5083 2673 5137 ubi
2726 5085 2928 5138 vermis
2972 5086 3061 5155 qui
3109 5101 3212 5139 non
3257 5087 3524 5144 moritur.
3552 5088 3639 5143 ubi
3674 5089 3812 5159 ignis

2225 5174 2314 5244 qui
2359 5189 2462 5229 non
2501 5176 2873 5244 exsﬁnguilur.
2902 5173 3201 5232 Omninone
3244 5178 3405 5232 ullam
3448 5179 3671 5245 senties,
3701 5180 3811 5247 dic,

2227 5280 2410 5334 qumso
2430 5305 2445 5329 ,
2473 5266 2890 5321 consolationem
2916 5308 2932 5333 ,
2961 5282 3082 5321 cum
3118 5268 3192 5323 sis
3223 5268 3275 5321 in
3312 5268 3602 5326 afﬂictione
3627 5281 3681 5325 et
3711 5286 3811 5324 an-

2227 5358 2443 5427 gustia?
2486 5358 2554 5412 de
2610 5368 2805 5413 caztero
2860 5360 3002 5413 enim
3036 5359 3144 5414 eris
3185 5361 3325 5429 apud
3363 5371 3438 5419 te.
3476 5361 3586 5429 Ne,
3631 5377 3815 5432 quaso

2230 5458 2286 5503 et
2326 5463 2488 5518 rogo,
2530 5463 2598 5504 ne
2642 5465 2739 5504 nos
2788 5458 2993 5506 temere
3023 5452 3387 5522 decipiamus,
3420 5468 3477 5509 et
3520 5455 3604 5510 his
3631 5457 3815 5513 verbis

2231 5542 2569 5597 consolemur
2588 5583 2603 5609 ,
2632 5543 2725 5598 sed
2753 5559 2817 5599 ea
2855 5545 3112 5599 faciamus
3137 5562 3256 5615 qum
3285 5563 3386 5602 nos
3416 5557 3667 5619 poterunt
3694 5564 3815 5606 ser-

2231 5646 2376 5686 vare.
2404 5632 2537 5686 Cum
2563 5633 2779 5689 Christo
2806 5650 3093 5691 consessus
3122 5646 3207 5692 est
3247 5639 3341 5694 tibi
3384 5640 3688 5710 prepositns
3711 5681 3728 5707 ,
3758 5652 3811 5695 et

2238 5736 2293 5779 tu
2341 5725 2407 5780 de
2452 5725 2535 5780 his
2574 5730 2784 5785 curiose
2828 5730 3123 5785 scrutaris?
3152 5730 3209 5786 Si
3255 5732 3456 5788 nullum
3504 5742 3645 5789 esset
3674 5735 3814 5791 aliud
