4060 6400
337 350 407 405 35
1214 344 1281 400 IN
1320 345 1539 403 EPIST.
1570 346 1661 400 AD
1698 344 1941 401 EPIIES.
1977 345 2138 401 ΕΜ).
2180 345 2250 402 11.
2285 344 2516 405 HOMIL.
2560 349 2649 407 IV.
3509 355 3576 410 '56

338 465 454 521 σίον
482 461 636 517 οὐδὲν
672 459 1061 530 ώφελήσωμεν,
1105 459 1229 513 ούδέ
1269 459 1443 524 οὕτως
1488 447 1911 529 είσελεῦσόμεθα

336 551 417 613 είς
447 548 545 619 τὴν
596 544 891 617 βασιλείαν.
938 543 1111 596 Πόθεν
1156 543 1345 614 δῆλον;
1399 545 1534 597 Ἀπὸ
1561 545 1670 598 τῶν
1706 543 1776 597 τὰ
1810 543 1909 595 τά-

335 632 505 685 λαντα
545 628 988 683 πιστευθέντωνιει
1035 627 1281 681 οἰκετῶν.
1346 628 1494 680 Ἐκεῖ
1537 628 1643 699 γὰρ
1679 628 1827 680 πᾶσα
1871 627 1907 698 ή

335 715 505 787 ἀρετὴ
530 714 786 782 ἀκέραιος
812 706 901 781 ἦν,
930 710 1033 763 καὶ
1053 710 1206 763 οὐδὲν
1233 709 1513 763 ἐλέλειπτο
1533 727 1549 742 ο
1576 711 1693 763 ἀλλ’
1718 710 1907 781 ἐπειδὴ

336 799 466 869 περὶ
484 799 584 866 τὴν
616 795 879 866 ἐργασίαν
912 795 1140 864 ὀκνηρὸς
1166 793 1409 861 γέγονεν,
1440 794 1662 856 εἰκότως
1696 793 1911 858 ἐξεϐάλ-

336 885 477 938 λετο.
528 882 684 934 Ἐστι
731 880 824 933 καὶ
866 878 975 932 ἀπὸ
1022 877 1288 948 λοιδορίας
1339 879 1509 947 μόνης
1557 879 1635 940 είς
1684 878 1908 945 γέενναν

336 969 594 1038 ἐμπεσεῖν
619 981 634 994 ·
679 964 739 1017 Ὀ
769 962 877 1032 γάρ
902 963 1115 1030 λέγων,
1152 963 1305 1031 φησὶ.
1336 958 1415 1025 τῷ
1431 958 1674 1030 ἀδελφῷ
1701 960 1907 1028 αὐτοῦ,

336 1050 525 1118 Μωρέ,
561 1048 777 1115 ἔνοχος
810 1047 983 1099 ἔσται
1011 1048 1098 1110 εἰς
1128 1044 1242 1111 τὴν
1264 1044 1519 1113 γέενναν
1555 1044 1661 1098 τοῦ
1697 1046 1907 1112 πυρός.

333 1134 453 1189 Κᾶν
476 1133 693 1187 ἅπαντά
713 1148 795 1193 τις
819 1128 1162 1200 κατορθώσῃ,
1187 1127 1449 1198 ὑϐριστὴς
1477 1128 1534 1181 δὲ
1564 1122 1621 1202 ᾗ,
1650 1128 1751 1181 οὐκ
1796 1129 1911 1180 είσ-

242 1264 246 1269 .
334 1216 635 1273 ελεύσεται.
674 1216 785 1268 Καὶ
812 1214 884 1284 μή
919 1231 1003 1277 τις
1041 1212 1297 1281 ὠμότητα
1324 1213 1779 1280 καταγινωσκέτω
1815 1211 1909 1266 τοῦ

334 1302 494 1364 Θεοῦ,
524 1302 571 1354 εί
610 1301 733 1361 τοὺς
765 1297 923 1349 τοῦτο
962 1294 1291 1357 ἐπταικότας
1326 1294 1577 1348 ἐκϐάλλει
1606 1295 1705 1364 τῆς
1751 1295 1909 1364 βασι-

336 1384 487 1447 λείας
518 1383 626 1436 τῶν
663 1380 928 1451 οὐρανῶν.
966 1380 1073 1431 Καὶ
1104 1379 1190 1430 ἐπ’
1231 1377 1555 1449 ἀνθρώπων,
1601 1378 1702 1431 κᾶν
1733 1376 1909 1430 ὁτιοῦν

336 1469 446 1521 τῶν
480 1466 814 1537 παρανόμων
848 1461 1148 1533 ἐργάσηταί
1176 1479 1279 1527 τις,
1308 1461 1533 1526 ἐξέπεσε
1561 1461 1658 1531 τῆς
1686 1462 1776 1513 τοῦ
1811 1462 1908 1531 βα-

340 1555 528 1615 σιλέως
557 1551 750 1620 ὅψεως,
783 1548 885 1601 κᾶν
910 1548 1071 1617 νόμον
1094 1546 1190 1597 ἕνα
1217 1547 1325 1597 τῶν
1354 1546 1620 1615 κειμένων
1643 1548 1863 1617 παραϐῇ
1891 1563 1906 1577 ·

336 1638 443 1690 κᾶν
478 1633 858 1701 συκοφαντήσῃ
892 1630 1232 1700 κατηγορῶν,
1265 1628 1512 1683 ἀπώλεσε
1559 1629 1658 1698 τὴν
1692 1631 1865 1699 ἀρχήν
1890 1645 1904 1658 ·

335 1719 442 1773 κᾶν
475 1717 735 1788 μοιχεύσῃ
758 1716 853 1767 καὶ
884 1714 995 1783 ἀλῷ
1017 1714 1064 1774 b,
1095 1714 1311 1777 ἀνάξιος
1337 1713 1526 1781 γέγονε
1551 1729 1565 1743 ’
1608 1712 1709 1765 κᾶν
1742 1713 1908 1782 μυρία

335 1800 370 1876 ᾖ
429 1800 849 1873 κατωρθωκὼς,
911 1798 1247 1852 ἀπόλλυταιο
1301 1798 1406 1850 κᾶν
1465 1798 1622 1866 φόνον
1672 1798 1909 1868 ἐργάση-

337 1905 450 1950 ται,
481 1886 576 1939 καὶ
610 1884 816 1955 δειχθῇ,
856 1882 1136 1935 καὶτοῦτο
1168 1881 1351 1935 ἱκανὸν
1383 1881 1545 1934 αὐτὸν
1574 1881 1903 1951 διαφθεῖραι.

340 1974 402 2025 Et
434 1973 489 2023 δὲ
516 1972 564 2023 οί
603 1969 709 2022 τῶν
745 1965 1043 2039 ἀνθρώπων
1070 1967 1224 2037 νόμοι
1268 1965 1536 2035 τοσαύτης
1575 1966 1905 2019 ἀπολαύουσι

338 2057 436 2126 τῆς
460 2055 728 2125 φυλακῆς,
750 2052 900 2123 πόσῳ
926 2050 1122 2121 μᾶλλον
1142 2051 1189 2102 οἱ
1215 2049 1308 2103 τοῦ
1331 2047 1466 2102 Θεοῦ
1488 2050 1500 2102 !
1541 2049 1679 2101 Ἀλλ’
1703 2051 1908 2118 ἀγαθός

340 2142 475 2200 ἐστι,
504 2137 657 2208 φησί.
687 2136 860 2207 Μέχρι
891 2133 1007 2206 [30]
1040 2134 1184 2196 τίνος
1207 2132 1298 2185 τὸν
1328 2132 1509 2203 μωρὸν
1541 2133 1725 2186 τοῦτον
1750 2133 1909 2201 λόγον

340 2221 716 2292 φθεγγόμεθας
768 2220 964 2290 Μωρὸν
1011 2218 1067 2270 δὲ
1105 2213 1279 2281 εἷπον,
1327 2217 1425 2286 οὐχ
1457 2218 1538 2269 ὅτι
1576 2218 1675 2269 οὐκ
1705 2218 1909 2286 ἀγαθός

340 2309 507 2368 ἐστιν,
553 2304 666 2359 ἀλλ’
699 2304 781 2356 ὅτι
820 2302 917 2372 τὴν
946 2300 1260 2370 ὀιγαθότητα
1309 2299 1473 2353 αὐτοῦ
1506 2299 1799 2369 νομίζομεν
1830 2301 1910 2363 είς

338 2383 511 2442 ταῦτα
553 2387 830 2459 χρησίμην
863 2387 996 2455 ἡμῖν
1040 2381 1199 2449 εἶναι,
1228 2383 1405 2437 καίτοι
1444 2383 1612 2454 μυρία
1650 2384 1909 2446 πολλάκις

338 2472 724 2541 διαλεχθέντων
765 2469 924 2540 ἡμῶν
983 2468 1112 2538 περὶ
1162 2466 1375 2520 τούτου.
1414 2467 1614 2519 Ἀκουε
1656 2466 1765 2538 γάρ
1810 2467 1909 2536 τῆς

341 2558 379 2610 Γ
387 2556 562 2627 ραφῆς
590 2552 852 2623 λεγούσης
877 2567 890 2581 ⁸
930 2551 1023 2617 Μὴ
1045 2550 1238 2615 εἴπῃς,
1267 2550 1355 2603 ὅτι
1399 2550 1462 2602 '0
1479 2550 1778 2619 οἱκτιρμός
1807 2552 1912 2603 αὺ-

340 2640 448 2694 τοῦ
481 2642 513 2692 ό
539 2636 734 2702 πολὺς
758 2636 824 2688 τὸ
851 2633 1083 2701 πλῆθος
1108 2631 1228 2686 τῶν
1262 2632 1559 2702 ἁμαρτιῶν
1571 2651 1690 2702 μου
1711 2631 1912 2697 ἐξιλά-

340 2739 531 2780 σεται.
564 2722 699 2791 Οὐχὶ
722 2718 921 2773 κωλύει
945 2719 1124 2786 λέγειν
1154 2718 1323 2788 ἡμᾶς,
1359 2718 1415 2769 ’0
1437 2716 1719 2785 οίκτιρμὺς
1744 2714 1909 2769 αὑτοῦ

341 2806 507 2869 πολύς
534 2823 550 2836 ⁸
584 2804 659 2876 μὴ
682 2804 889 2871 γένοιτο
918 2820 931 2832 ε
971 2802 1033 2854 οὐ
1067 2800 1225 2854 τοῦτο
1255 2803 1528 2870 παραινεῖ,
1564 2800 1700 2854 ἀλλά
1733 2799 1911 2870 βούλε-

341 2906 431 2943 ται
464 2891 609 2960 ἡμᾶς
652 2888 748 2941 καὶ
794 2884 1031 2955 συνεχῶς
1064 2883 1224 2936 τοῦτο
1255 2883 1454 2951 λέγειν,
1498 2884 1593 2936 καὶ
1624 2884 1713 2936 διὰ
1753 2882 1911 2937 τοῦτο

342 2973 520 3026 πάντα
541 2973 680 3024 κινεῖ
697 2969 927 3031 Παῦλος⁶
954 2966 1087 3020 ἀλλά
1112 2966 1198 3019 διὰ
1226 2968 1294 3018 τὰ
1314 2966 1459 3035 ἑξῆς·
1483 2966 1574 3037 Μὴ
1597 2967 1689 3019 ἐπὶ
1714 2966 1908 3035 τούτῳ,

344 3054 498 3125 φησὶ,
533 3052 778 3122 θαύμαζε
814 3052 906 3104 τοῦ
941 3048 1076 3102 Θεοῦ
1109 3050 1208 3120 τὴν
1235 3049 1667 3119 φιλανθρωπίαν,
1700 3050 1793 3101 ἐπὶ
1832 3049 1910 3119 τῷ

344 3138 696 3208 ἁμαρτάνειν,
726 3134 819 3188 καὶ
834 3134 1028 3201 λέγειν·
1057 3132 1366 3200 Οὶκτιρμός
1383 3131 1569 3186 αὐτοῦ
1594 3131 1657 3185 τὸ
1677 3131 1911 3199 πλῆθος

343 3220 463 3273 τῶν
481 3218 777 3288 ἁμαρτιῶν
792 3235 910 3286 μου
932 3217 1001 3280 ἐξ
1006 3211 1297 3268 ιλὰσὲται.

414 3304 477 3356 δ’.
501 3303 598 3356 Διά
611 3303 681 3370 γά
689 3319 717 3370 ρ
729 3300 884 3353 τοῦτο
899 3297 1134 3352 τοσαῦτα
1150 3299 1243 3351 καὶ
1259 3300 1417 3369 ἡμεῖς
1434 3299 1560 3370 περὶ
1576 3299 1912 3370 ἀγαθότητος

344 3386 722 3455 διαλεγόμεθα,
750 3384 846 3453 οὐχ
877 3385 963 3436 ἵνα
990 3382 1163 3453 ταύτῃ
1188 3381 1517 3453 θαρροῦντες
1545 3384 1721 3435 πάντα
1740 3384 1914 3454 πράτ-

344 3487 549 3540 τωμεν,
568 3470 689 3521 ἐπεὶ
719 3467 1039 3539 ήάγαθότης
1069 3468 1161 3519 ἐπὶ
1185 3466 1330 3537 λύμῃ
1357 3467 1453 3536 τῆς
1474 3466 1744 3537 ἡμετέρας
1762 3468 1913 3521 ἔσται

350 3554 641 3624 σωτηρίας,
670 3551 784 3605 ἀλλ’
805 3551 892 3605 ἵνα
924 3552 997 3621 μῆ
1023 3551 1489 3621 ἀπογινώσκωμεν
1511 3553 1569 3603 ἐν
1594 3554 1706 3615 τοῖς
1737 3553 1915 3624 ἀμαρ⁴

345 3639 607 3708 τήμασιν,
630 3633 765 3688 ἀλλά
794 3634 1160 3705 μετανοῶμεν.
1184 3633 1257 3685 T6
1273 3634 1381 3704 γάρ
1407 3635 1643 3704 χρηστὸν
1665 3635 1757 3688 τοῦ
1780 3636 1913 3689 Θεοῦ

347 3723 429 3784 είς
469 3719 753 3790 μετάνοιάν
804 3735 862 3770 σε
912 3716 1060 3785 ἄγει,
1099 3718 1199 3770 οὐκ
1232 3718 1310 3779 είς
1342 3716 1562 3770 πλείονα
1598 3718 1814 3771 κακίαν.
1852 3720 1915 3771 Εἰ

343 3803 405 3856 δὲ
453 3802 723 3872 μοχθηρὸς
761 3801 894 3872 γένῃ
925 3801 1013 3853 διά
1045 3800 1144 3870 τὴν
1179 3799 1542 3870 χρηστότητα,
1590 3802 1655 3854 σὺ
1694 3801 1917 3854 διαϐάλ-

349 3885 460 3948 λεις
499 3885 698 3955 μᾶλλον
747 3884 914 3954 αὐτὴν
960 3884 1110 3955 παρά
1150 3885 1262 3946 τοῖς
1298 3882 1639 3953 ἀνθρὼποις’
1688 3884 1914 3949 πολλοὺς

347 3970 459 4038 γὰρ
486 3968 597 4040 ὀρῶ
625 3967 1061 4037 κατηγοροῦντας
1095 3967 1192 4035 τῆς
1224 3967 1602 4038 μακροθυμίας
1630 3969 1723 4021 τοῦ
1755 3968 1912 4023 Θεοῦ.

350 4052 515 4105 Ὥστε
560 4052 715 4122 δίκην
751 4050 963 4113 δώσεις,
1009 4050 1109 4104 οὐκ
1157 4052 1236 4113 εἰς
1285 4050 1403 4102 δέον
1450 4050 1585 4120 αὐτῇ
1637 4052 1915 4122 χρησάμε-

349 4153 458 4197 νος.
513 4133 894 4202 Φιλάνορωπος
944 4135 973 4186 6
1009 4132 1177 4199 Θεός;
1225 4133 1360 4186 ἀλλά
1405 4135 1501 4188 καὶ
1548 4136 1754 4199 δίκαιος
1797 4153 1916 4203 κρι-

347 4221 469 4290 τής.
513 4218 809 4289 ’Λμαρτίας
834 4218 1159 4289 συγχωρῶν;
1191 4217 1324 4272 ἀλλὰ
1352 4218 1675 4271 ἀποδίδωσιν
1702 4219 1916 4289 ἑκάστῳ

249 4298 255 4303 ’
349 4302 492 4357 κατά
526 4302 595 4355 τά
637 4300 776 4372 ἔργα
812 4300 998 4354 αὑτοῦ.
1052 4300 1399 4371 ’Υπερδαίνει
1445 4301 1679 4367 ἀδικίας,
1715 4303 1920 4373 ἐξαιρεῖ

349 4385 613 4457 ἀνσμίας;
647 4383 783 4437 ἀλλά
822 4382 917 4438 καὶ
957 4381 1202 4447 ἐξέτασιν
1234 4387 1487 4440 ποιεῖται.
1533 4386 1655 4448 Πῶς
1694 4382 1787 4439 οὖν
1819 4387 1918 4439 οὐκ

352 4468 575 4521 ἐναντία
607 4467 806 4534 ταῦτα;
851 4467 966 4520 Ούκ
993 4467 1231 4529 ἐναντία,
1264 4467 1331 4521 ἂν
1371 4470 1484 4526 τοῖς
1532 4469 1744 4539 χρόνοις
1781 4471 1918 4525 αὐτὰ

352 4551 632 4621 διέλωμεν.
680 4548 918 4621 Ἐξαιρεῖ
943 4550 1171 4620 ἀνομίας
1194 4550 1425 4603 ἐνταῦθα
1458 4553 1553 4604 καὶ
1580 4552 1667 4605 διὰ
1693 4552 1917 4623 λουτροῦ

349 4624 446 4688 καὶ
471 4635 557 4687 διὰ
592 4634 877 4704 μετανοίας
897 4651 912 4665 ο
947 4632 1193 4698 ἐξέτασιν
1219 4637 1452 4687 ποιεῖται
1470 4635 1578 4688 τῶν
1599 4637 1919 4706 πεπραγμέ-

350 4736 457 4771 νων
484 4719 601 4771 ἐκεῖ
624 4716 712 4770 διά
737 4718 905 4787 πυρὸς
941 4719 1033 4772 καὶ
1055 4716 1325 4787 βασάνων.
1352 4719 1449 4770 Ἂν
1480 4719 1658 4772 τοίνυν
1686 4720 1920 4791 ἐργασά-

355 4818 515 4871 μενος
543 4794 609 4865 ὦ,
633 4799 819 4869 φησὶν,
864 4801 1018 4869 ὀλίγα
1047 4800 1214 4864 κακὰ,
1243 4801 1337 4855 καὶ
1358 4802 1422 4855 δι’
1445 4802 1503 4854 ἓν
1534 4803 1712 4856 αὐτῶν
1732 4804 1920 4858 ἐκϐάλ-

351 4885 532 4955 λωμαι
568 4885 664 4938 καὶ
691 4886 788 4955 τῆς
824 4884 1096 4954 βασιλείας
1120 4886 1391 4950 ἐκπίπτω,
1424 4885 1567 4949 τίνος
1600 4885 1785 4939 ἕνεκεν
1820 4887 1920 4939 ούκ

353 4968 654 5037 ἐργάζομαι
676 4970 853 5022 πάντα
878 4968 1057 5032 κακὰς
1091 4968 1427 5038 Ἀγνώμονος
1447 4970 1656 5022 οἰκέτου
1681 4972 1708 5022 6
1729 4970 1883 5037 λόγος
1902 4986 1915 4999 ’

357 5050 497 5120 πλὴν
524 5050 637 5102 ἀλλ’
682 5051 829 5119 ὅμως
864 5052 957 5103 καὶ
995 5051 1180 5104 τοῦτον
1214 5051 1583 5121 ἐπιλυσόμεθα
1610 5051 1701 5104 τὸν
1741 5052 1917 5120 λόγον.

354 5133 448 5203 Μὴ
485 5134 715 5203 ἐργάζου
754 5134 821 5187 τά
858 5135 1021 5199 κακὰ,
1053 5135 1139 5187 ἴνα
1185 5135 1379 5188 σαυτὸν
1410 5134 1728 5207 ώφελήσῃς·
1768 5135 1921 5204 βασι-

356 5216 508 5280 λείας
553 5218 653 5287 μὲν
691 5217 799 5286 γὰρ
840 5219 1042 5280 πάντες
1086 5220 1285 5287 ὁμοίως
1330 5218 1729 5289 ἐκπεσούμεθα,
1766 5221 1823 5272 ἐν
1868 5221 1925 5275 δὲ

356 5301 548 5371 γεέννῃ
582 5301 642 5352 οὐ
687 5301 786 5370 τὴν
816 5301 985 5371 αὐτὴν
1018 5300 1259 5371 δώσομεν
1296 5302 1452 5371 δίκην
1496 5303 1716 5366 πάντες,
1750 5304 1865 5356 ἀλλ’
1898 5308 1926 5359 ὁ

362 5384 460 5453 μὲν
508 5384 747 5453 μείζονα,
792 5386 820 5438 6
847 5384 903 5438 δὲ
944 5387 1319 5457 ἡμερωτέραν.
1355 5388 1416 5439 Εἰ
1450 5387 1551 5457 μὲν
1584 5387 1692 5458 γὰρ
1734 5389 1797 5442 σὺ
1828 5389 1928 5441 κά-

2010 460 2212 529 ὀμοίως
2262 467 2729 536 κατεφρονήσατε,
2782 465 2897 519 ἀλλ’
2952 467 2982 519 ὀ
3040 465 3139 535 μὲν
3197 465 3403 535 μεῖζον,
3453 469 3483 521 ὁ
3521 468 3578 519 δε
3624 475 3642 497 ⁸

2009 544 2249 609 ἔλαττον,
2286 547 2345 599 ἐν
2373 551 2438 617 τῇ
2473 549 2668 619 γεέννῃ
2697 548 2795 618 τῆς
2832 547 3094 618 διαφορᾶς
3130 548 3478 618 αἰσθήσεσθε.
3513 551 3580 602 Τί

2011 624 2125 691 οῦν,
2155 630 2337 700 φησὶν,
2373 631 2589 684 ἀπειλεῖ
2618 635 2729 693 τοῖς
2769 631 3136 702 ἐλεημοσύνην
3170 632 3244 702 μὴ
3272 632 3577 695 δεδωκόσιν,

2010 714 2090 775 είς
2116 713 2176 765 τὸ
2202 713 2312 784 πῦρ
2340 714 2756 779 ἀπελεύσεσθαι,
2788 716 2883 767 καὶ
2912 715 3010 785 οὐχ
3041 714 3227 778 ἁπλῶς
3259 717 3337 778 είς
3360 715 3419 768 τὸ
3447 716 3577 786 πῦρ,

2011 795 2125 849 ἀλλ’
2158 798 2238 859 είς
2259 796 2320 849 τὸ
2362 798 2758 869 ἡτοιμασμένον
2786 796 2862 868 τῷ
2893 797 3120 868 διαϐόλῳ
3151 797 3245 851 καὶ
3271 799 3385 861 τοῖς
3409 799 3506 866 ἀγγ
3524 801 3579 852 ἐ-

2011 880 2122 943 λοις
2163 879 2363 945 αὑτοῦ;
2415 883 2560 945 τίνος
2617 882 2823 947 ἕνεκεν,
2861 883 2957 935 καλ⁸
3002 882 3092 936 διὰ
3135 882 3223 946 τίς
3260 882 3383 934 Ὅτι
3431 883 3582 936 οὐδὲν

2010 963 2153 1015 οὕτω
2180 963 2270 1015 τὸν
2301 962 2433 1016 Θεὸν
2459 964 2771 1034 παροξύνει,
2796 965 2871 1027 ώς
2901 964 2962 1018 τὸ
2983 967 3109 1028 τοὺς
3139 965 3326 1033 φίλους
3355 964 3579 1019 ἀδικεῖν.

2010 1048 2075 1100 El
2098 1049 2205 1118 γὰρ
2230 1047 2355 1111 τοὺς
2377 1048 2605 1119 ἐχθροὺς
2635 1047 2809 1117 φιλεῖν
2837 1048 2936 1116 δεῖ,
2968 1051 2997 1102 6
3025 1048 3119 1101 καὶ
3144 1049 3270 1111 τοὺς
3298 1048 3584 1117 φιλοῦντας

2011 1130 2509 1200 ἀποστρεφόμενος,
2545 1132 2641 1184 καὶ
2676 1132 2784 1184 τῶν
2822 1132 3090 1202 Ἑλλήνων
3130 1131 3276 1185 κατὰ
3298 1131 3455 1189 τοῦτο
3473 1132 3584 1201 χεί-

2016 1231 2124 1285 ρων
2150 1214 2244 1278 ῶν,
2272 1215 2415 1277 τίνος
2441 1215 2543 1267 οὐκ
2580 1215 2737 1268 ἐσται
2766 1215 3044 1279 κολάσεως
3074 1216 3259 1280 άξιοςς
3296 1217 3461 1268 ’Ὥστε
3492 1218 3583 1268 ἐν·

2011 1298 2184 1351 ταῦθα
2212 1298 2274 1349 τὸ
2301 1298 2529 1366 μέγεθος
2562 1298 2653 1350 τοῦ
2690 1299 3086 1368 ἁμαρτήματος
3113 1302 3248 1368 μετά
3283 1298 3378 1351 τοῦ
3403 1299 3585 1351 διαϐό-

2011 1381 2103 1433 λου
2122 1381 2213 1432 τδν
2236 1378 2477 1432 τοιοῦτον
2498 1380 2722 1443 εἰκότως
2751 1382 3007 1450 ἐποίησεν
3028 1381 3303 1434 ἀπελθεῖν.
3319 1382 3455 1433 Οὐαὶ
3473 1380 3583 1450 γὰρ

2010 1463 2089 1533 τῷ
2127 1461 2518 1533 ἐλεημοσύνην,
2575 1464 2732 1533 φησὶ,
2778 1465 2851 1533 μὴ
2891 1464 3260 1533 ἐργαζομένῳ,
3303 1465 3365 1516 El
3400 1463 3456 1515 δέ
3491 1466 3584 1516 ἐπὶ

2012 1547 2112 1617 τῆς
2148 1546 2390 1608 [Ιαλαιᾶς
2418 1548 2577 1599 τοῦτο
2607 1543 2697 1616 ἦν,
2732 1546 2908 1617 πολλῷ
2953 1548 3153 1617 μᾶλλον
3191 1549 3285 1600 ἐπὶ
3316 1547 3418 1617 τῆς
3444 1551 3583 1601 Και-

2014 1631 2147 1699 νῆς·
2202 1631 2250 1681 εί
2286 1628 2415 1681 ἔνθα
2473 1628 2861 1699 συγκεχώρητο
2905 1630 3207 1700 χρημάτων
3257 1630 3448 1700 κτῆσις
3488 1631 3584 1682 καὶ

2012 1711 2313 1775 ἀπόλαυσις
2352 1712 2445 1764 καὶ
2480 1713 2787 1780 ἐπιμέλεια,
2828 1712 3066 1783 τοσαύτη
3103 1714 3332 1784 πρόνοια
3365 1714 3585 1780 ἐγένετο

2010 1796 2111 1864 τῆς
2150 1796 2229 1856 είς
2260 1795 2387 1857 τοὺς
2434 1793 2547 1865 [51]
2585 1796 2824 1863 πένητας
2856 1795 3130 1865 βοηθείας,
3164 1796 3317 1865 πόσῳ
3363 1795 3581 1864 μᾶλλον,

2012 1876 2142 1930 ἔνθα
2161 1877 2498 1947 κελευόμεθα
2538 1877 2716 1929 πάντα
2770 1879 2951 1949 ρῖψαιί
2986 1878 3050 1929 Τί
3085 1879 3194 1947 γάρ
3231 1879 3330 1930 οὐκ
3368 1879 3583 1931 ἐποίουν

2012 1964 2245 2025 ἐκεῖνοι;
2288 1963 2551 2024 Δεκάτας,
2587 1963 2682 2013 καὶ
2717 1962 2881 2014 πάλιν
2910 1962 3142 2024 δεκάτας
3166 1963 3357 2032 ἐτέρας
3393 1965 3582 2033 παρεῖ-

2010 2062 2104 2115 χον
2124 2062 2135 2073 ⁸
2160 2048 2435 2115 ὀρφανοῖς,
2461 2047 2677 2115 χήραις,
2714 2045 3074 2115 προσηλύτοις
3104 2047 3395 2115 ἐπήρκουν.
3425 2046 3585 2098 Ἀλλὰ

2012 2129 2133 2198 ἐμοί
2167 2147 2252 2191 τις
2296 2129 2589 2198 θαυμάζων
2616 2129 2737 2182 τινὰ
2786 2128 2939 2196 ἔλεγε
2962 2146 2975 2159 ·
3033 2131 3276 2191 Δεκάτας
3316 2129 3528 2182 δίδωσιν
3555 2130 3585 2183 6

2010 2212 2177 2265 δεῖνα.
2197 2212 2376 2277 Πόσης
2404 2211 2665 2281 αἰσχύνης
2688 2211 2845 2264 τοῦτο
2866 2212 3043 2281 γέμει,
3073 2215 3120 2264 εί
3145 2212 3173 2264 6
3205 2212 3295 2264 ἐπί
3324 2212 3432 2264 τῶν
3458 2213 3587 2265 Ἰου-

2010 2296 2174 2349 δαίων
2208 2297 2307 2349 ούκ
2334 2293 2401 2366 ἦν
2441 2293 2793 2364 θαυμασμοῦ,
2826 2296 2983 2347 τοῦτο
3010 2295 3222 2347 ἐπὶτῶν
3248 2294 3585 2365 Χριστιανῶν

2013 2378 2324 2448 θαυμαστὸν
2352 2379 2610 2446 γέγονεν;
2649 2379 2708 2429 Εἰ
2739 2378 2861 2429 τότε
2884 2376 3125 2440 κίνδυνος
3151 2373 3239 2445 ἦν,
3271 2377 3332 2429 τὸ
3355 2376 3585 2439 δεκάτας

2012 2461 2317 2527 ἀπολιπεῖν,
2359 2460 2614 2528 ἐννόησον
2652 2460 2777 2512 ὅσον
2823 2458 2941 2511 ἐστὶ
2987 2458 3099 2512 νῦν.
3147 2459 3211 2511 Ἠ
3248 2459 3385 2530 μέθη
3425 2459 3587 2513 πάλιν

2012 2545 2072 2597 οὐ
2108 2544 2438 2614 κληρονομεῖ
2469 2545 2569 2612 τὴν
2608 2542 2905 2611 βασιλείαν.
2949 2542 3109 2595 Ἀλλά
3150 2541 3233 2605 τίς
3257 2544 3285 2595 ὀ
3326 2542 3433 2594 τῶν
3460 2541 3588 2594 πολ·-

2011 2627 2119 2680 λῶν
2144 2628 2332 2694 λόγος;
2365 2624 2574 2678 Οὐκοῦν
2602 2628 2651 2678 εἰ
2688 2625 2844 2692 κάγὼ
2872 2625 3123 2688 κάκεῖνος
3150 2625 3208 2677 ἐν
3241 2626 3351 2686 τοῖς
3380 2624 3583 2687 αὐτοῖς,

2012 2711 2072 2763 ού
2104 2710 2276 2780 μικρὰ
2307 2708 2651 2779 παραμυθία.
2685 2708 2751 2760 Τί
2791 2703 2883 2760 οὖν
2919 2706 2989 2760 ἂν
3014 2706 3299 2786 εζπσιμεν;
3338 2705 3588 2759 Μάλιστα

2016 2794 2136 2863 μὲν,
2160 2794 2221 2845 οὐ
2255 2793 2353 2862 τῆς
2383 2793 2553 2861 αὐτῆς
2578 2791 2642 2843 σὺ
2669 2791 2921 2853 κάκεῖνος
2943 2788 3272 2853 ἀπολαύσεις
3296 2790 3583 2860 τιμωρίας·

2013 2877 2187 2938 ἄλλως
2222 2876 2298 2937 δὲ,
2339 2874 2461 2927 οὐδὲ
2509 2872 2835 2944 παραμυθία
2875 2871 3031 2925 τοῦτό
3075 2874 3210 2924 ἐστι.
3249 2871 3384 2924 Τότε
3413 2872 3522 2943 γὰρ
3552 2874 3588 2943 ή

2014 2958 2271 3013 κοινωνία
2303 2956 2411 3010 τῶν
2444 2957 2634 3008 παθῶν
2662 2956 2775 3025 ἕχει
2810 2954 3347 3025 παραμυθίαν,’ὅταν
3378 2954 3590 3024 σύμμεο

2012 3061 2116 3115 τρα
2200 3042 2267 3094 τά
2302 3041 2482 3094 δεινά·
2519 3041 2649 3093 ὅταν
2686 3040 2744 3091 δέ
2774 3038 3101 3109 ὑπερϐαίνῃ,
3134 3039 3228 3091 καὶ
3256 3038 3312 3089 ἐν
3334 3039 3590 3091 ἐκστάσει

2011 3129 2164 3198 ἡμᾶς
2198 3128 2350 3196 ποιῇ,
2382 3124 2564 3177 οὐκέτι
2592 3122 2784 3191 ἀφίησι
2814 3121 2997 3174 λοιπὸν
3040 3122 3183 3190 ἔχειν
3213 3119 3590 3192 παραμυθίαν.

2013 3212 2150 3266 Εἰπέ
2179 3211 2287 3280 γάρ
2312 3208 2390 3279 τῷ
2412 3207 2849 3281 καταικιζομένῳ
2870 3206 2963 3258 καὶ
2988 3205 3067 3268 είς
3093 3204 3192 3275 τὴν
3217 3205 3396 3276 πυρὰν
3426 3204 3593 3274 ἐμϐε-

2016 3295 2229 3364 ϐηκότι,
2260 3293 2342 3344 ὅτι
2379 3292 2486 3344 Καὶ
2513 3292 2542 3343 6
2573 3289 2723 3341 δεῖνα
2753 3288 2915 3341 τοῦτο
2947 3288 3179 3357 πάσχει·
3212 3288 3327 3341 ἀλλ’
3355 3288 3476 3341 ούδέ
3508 3290 3591 3341 αἱ·

2018 3380 2274 3449 σθήσεται
2313 3375 2414 3445 τῆς
2454 3373 2825 3445 παραμυθίας.
2858 3371 2996 3441 Οὐχὶ
3035 3372 3235 3434 πάντες
3259 3382 3282 3409 ο
3307 3372 3443 3441 ὁμοῦ
3486 3372 3595 3424 ἀπ-

2014 3464 2209 3517 ώλοντο
2223 3463 2271 3513 οἱ
2299 3459 2627 3530 Ἰσραηλῖται
2644 3475 2657 3521 ;
2676 3456 2834 3508 ποίαν
2853 3454 3008 3507 τοῦτο
3030 3455 3212 3517 αὐτοῖς
3239 3454 3594 3524 παραμυθίαν

2016 3548 2241 3617 ἐφερεν;
2282 3544 2403 3613 ούχὶ
2440 3542 2638 3612 μᾶλλον
2670 3540 2801 3592 αὐτὸ
2828 3538 2988 3591 τοῦτο
3024 3538 3222 3600 αὐτοὺς
3248 3538 3470 3603 ἐλύπει;
3500 3538 3594 3591 Διὸ

2017 3632 2110 3685 καὶ
2143 3628 2363 3695 ἔλεγον·
2407 3623 2815 3691 Ἀπολώλαμεν,
2854 3621 3214 3691 ἐξολώλαμεν,
3262 3622 3591 3692 παρανηλώ-

2020 3714 2178 3785 μεθα.
2205 3710 2340 3764 Ποία
2368 3708 2550 3761 τοίνυν
2572 3705 2711 3775 αῦτη
2752 3704 3105 3775 παραμυθία;
3133 3705 3326 3776 Μάτην
3364 3705 3594 3767 ἑαυτοὺς

2017 3792 2488 3869 παραμυθούμεθα
2511 3790 2736 3852 ταύταις
2750 3791 2873 3851 ταῖς
2894 3788 3092 3841 ἐλπίσι.
3114 3788 3229 3841 Μία
3259 3787 3392 3858 μόνη
3417 3805 3595 3859 παρα-

2021 3882 2188 3953 μυθία
2226 3878 2362 3940 ἐστὶ,
2394 3875 2455 3928 τὸ
2518 3874 2594 3942 μὴ
2648 3874 2911 3941 ἐμπεσεῖν
2940 3873 3020 3934 είς
3064 3871 3125 3924 τὸ
3169 3871 3279 3941 πῦρ
3308 3873 3482 3925 ἐκεῖνο
3531 3873 3595 3925 τὸ

2018 3964 2309 4019 ἄσϐεστον
2346 3958 2658 4030 ἐμπεσόντα
2689 3955 2745 4007 δὲ
2772 3956 2872 4007 οὐκ
2902 3954 2982 4006 ἔνι
3005 3954 3360 4025 παραμυθίας
3385 3958 3595 4025 τυχεῖν,

2020 4049 2147 4103 ἔνθα
2176 4049 2204 4100 ό
2228 4045 2469 4117 βρυγμὸς
2498 4041 2605 4095 τῶν
2640 4040 2893 4100 ὀδόντων,
2921 4037 3049 4091 ἔνθα
3078 4040 3106 4090 ό
3132 4038 3429 4108 κλαυθμὸς,
3465 4038 3595 4091 ἔνθα

2022 4130 2238 4201 σκώληξ
2274 4125 2650 4194 ἀτελεύτητος,
2686 4122 2817 4177 ἔνθα
2844 4120 2955 4191 πῦρ
2977 4122 3257 4175 ἄσϐεστον.
3290 4120 3595 4191 Ἐννοήσεις

2020 4217 2128 4287 γὰρ
2181 4215 2317 4275 ὂλως
2356 4210 2502 4275 τινὰ,
2555 4207 2676 4261 εἰπέ
2708 4224 2821 4277 μοι,
2854 4205 3231 4276 παραμυθίαν,
3261 4205 3316 4258 ἐν
3356 4204 3594 4287 τοσαύτῃ

2021 4286 2196 4367 θλίψει
2218 4296 2313 4350 καὶ
2339 4290 2669 4362 στενοχωρία
2693 4288 2767 4341 ὢν
2789 4306 2802 4353 ;
2834 4290 2890 4343 ἐν
2912 4288 3093 4358 σαυτῷ
3122 4287 3228 4358 γὰρ
3259 4290 3356 4360 ἕσῃ
3381 4286 3589 4341 λοιπόν.

2019 4384 2131 4453 Μὴ,
2146 4380 2334 4449 δέομαι
2352 4377 2444 4430 καὶ
2459 4372 2781 4445 παρακαλῶ,
2802 4371 2874 4442 μὴ
2891 4371 3115 4453 ἑαυτοὺς
3133 4369 3255 4453 εἰκῆ
3270 4370 3590 4439 ἁπατῶμεν,

2021 4466 2116 4520 καὶ
2138 4463 2346 4524 τούτοις
2373 4461 2487 4521 τοῖς
2521 4457 2701 4523 λόγοις
2743 4452 3222 4525 παραμυθώμεθα,
3258 4453 3393 4507 ἀλλά
3418 4453 3594 4509 ταῦτα

2022 4548 2372 4619 πράττωμεν,
2405 4542 2547 4610 άπερ
2589 4539 2737 4608 ἡμᾶς
2773 4537 2946 4588 σῶσαι
2974 4536 3285 4619 δυνήσεται.
3321 4536 3592 4604 Συγκαθί-

2024 4647 2115 4683 σαι
2135 4627 2213 4697 τῷ
2237 4623 2459 4695 Χριστῷ
2482 4621 2793 4693 πρόκειται,
2824 4620 2919 4671 καὶ
2951 4619 3015 4671 σὺ
3048 4618 3404 4689 περὶτούτων
3430 4621 3591 4692 ἀκρι-

2024 4712 2253 4780 6ολογῇς
2294 4709 2357 4761 Εἰ
2394 4706 2503 4776 γὰρ
2543 4703 2710 4774 μηδὲν
2745 4702 2934 4773 ἕτερον
2980 4697 3048 4773 ἦν
3079 4702 3405 4773 ἁμάρτημα,
3449 4704 3593 4776 ὑπὲρ

2023 4798 2130 4851 τῶν
2190 4793 2450 4865 ῥημάτων
2494 4789 2700 4842 τούτων
2747 4787 2923 4857 πόσην
2969 4787 3189 4840 κόλασιν
3229 4788 3377 4857 ἡμᾶς
3421 4787 3593 4859 ἐχρῆν

2024 4879 2340 4946 ὑποστῆναι,
2378 4875 2460 4927 ὅτι
2504 4871 2647 4925 οὕτω
2701 4871 2911 4936 νωθεῖς,
2951 4871 3032 4924 ὅτι
3082 4869 3224 4923 οὕτω
3257 4871 3593 4943 ταλαίπωροι

2024 4964 2116 5018 καὶ
2153 4957 2385 5033 ρᾁυμοί
2435 4959 2622 5027 ἐσμεν,
2652 4954 2725 5017 ὡς
2777 4955 2872 5007 καὶ
2907 4952 3176 5024 τοσαύτης
3226 4956 3597 5026 προκειμένης

2023 5048 2189 5118 τιμῆς
2219 5043 2394 5096 ταῦτα
2422 5040 2631 5107 λέγειν;
2655 5041 2720 5092 Ὠ
2750 5038 2892 5091 πόσα
2913 5038 3209 5103 στενάξεις,
3232 5039 3359 5091 ὅταν
3387 5038 3600 5111 ἀκούσῃ
3625 5038 3632 5045 ’

2024 5133 2146 5186 τότε
2174 5129 2300 5191 τοὺς
2325 5123 2757 5195 κατωρθωκότας
2792 5122 3160 5193 καλουμένους
3193 5125 3285 5175 ἐπὶ
3318 5123 3599 5191 βασιλείαν

2027 5215 2121 5269 καὶ
2150 5207 2526 5282 τιμωμένουςί
2554 5208 2682 5259 ὅταν
2712 5204 2825 5276 ἴδῃς
2851 5207 2959 5259 ἀπὸ
2988 5206 3188 5258 δούλων
3215 5207 3307 5258 καὶ
3334 5205 3440 5258 ἀπὸ
3471 5206 3599 5259 δυσ-

2028 5298 2199 5369 γενῶν
2220 5295 2373 5361 ὀλίγα
2403 5290 2678 5360 καμόντας
2715 5288 2965 5351 ἐνταῦθα,
2994 5288 3086 5341 τοῦ
3116 5289 3304 5358 θρόνου
3341 5288 3599 5358 μετέχον-

2029 5398 2127 5444 τας
2158 5380 2272 5432 ἐκεῖ
2300 5375 2394 5428 τοῦ
2449 5372 2728 5444 βασιλικοῦ
2765 5373 3088 5434 διαπαντόςί
3139 5371 3273 5440 Οὐχὶ
3305 5373 3405 5441 τῆς
3436 5371 3600 5425 κολά-

357 5469 536 5529 κεῖνος
590 5454 1067 5539 κατεφρονήσατε,
1113 5454 1209 5521 καί
1252 5471 1282 5522 ό
1330 5470 1399 5524 τά
1441 5454 1611 5524 πολλά
1661 5454 1754 5524 καὶ
1785 5472 1813 5525 ὁ
1859 5472 1930 5526 τὰ
2033 5464 2170 5527 σεώς
2219 5478 2302 5515 σοι
2354 5457 2527 5513 ταῦτα
2577 5456 2797 5527 χείρονα
2834 5455 3020 5517 ἕσται;
3072 5455 3135 5506 Εἰ
3170 5456 3277 5523 γὰρ
3309 5454 3405 5539 νῦν
3460 5455 3601 5526 ὁρῶν
3642 5522 3643 5525 η

357 5550 517 5619 ὀλίγα
545 5551 746 5620 ὁμοίως
772 5538 1104 5606 ἐκπεσεῖσθε
1155 5552 1253 5621 τῆς
1298 5550 1577 5623 βασιλείας
1597 5570 1611 5585 ·
1653 5555 1702 5608 εί
1732 5554 1789 5609 δὲ
1832 5557 1931 5626 οὐχ
2032 5543 2453 5616 εὐδοκιμοῦντάς
2473 5559 2647 5605 τινας.
2668 5540 2760 5593 καὶ
2780 5539 2930 5626 οὐδ-ἒν
2960 5538 3181 5626 πάσχξυγ
3209 5538 3396 5626 ζακδγο
3422 5539 3602 5626 πάσης

335 5812 343 5819 “
425 5804 454 5833 ⁸
479 5803 652 5852 Morel.
677 5805 1041 5864 ιησιε,τάλαντα
1062 5810 1383 5858 πιστευθέντα.

2034 5630 2303 5703 τιμωρίας
2338 5630 2517 5699 χεῖρον
2546 5626 2707 5681 τοῦτο
2733 5623 2994 5694 νομίζεις,
3030 5622 3124 5675 καὶ
3151 5621 3255 5674 ὑπὸ
3284 5621 3471 5675 τούτου
3506 5623 3603 5694 μό-

2104 5813 2126 5842 ε
2150 5810 2309 5859 Codex
2352 5821 2497 5865 unus,
2541 5807 2681 5855 τοῦτο
2721 5805 2914 5866 πάσχει.
2940 5803 3080 5912 Φέρει
3117 5803 3439 5863 παραμυθίανξ
3464 5803 3607 5851 οὖδα-

2104 5890 2155 5912 ιε.
2181 5874 2237 5912 Τί
2260 5872 2382 5912 λέγω
2425 5870 2744 5912 παραμυθίανι
2792 5867 2900 5912 οὐδέ
2924 5864 3005 5912 αῖσ
3044 5864 3200 5912 ’.σεται
3224 5867 3249 5911 ὁ
3269 5864 3487 5912 τοιοῦτος
3512 5880 3607 5912 πα-

423 5864 453 5904 ιι
475 5866 738 5936 Διί-ιεὰλιῐ»
782 5869 1110 5930 supplendum
1149 5879 1323 5920 censet
1357 5871 1571 5922 Dunaeus
1621 5874 1816 5936 κὶοπῆς,
1852 5887 1911 5923 ve

2041 5873 2155 5933 μῶς.
2181 5874 2237 5936 'l_‘i
2260 5872 2382 5936 λέγω
2406 5870 2744 5936 ⁸-.ἰαραμυί)ίαν;
2792 5864 2900 5915 οὐδὲ
2924 5864 3200 5921 αἰσθήσεται
3224 5867 3249 5911 ὁ
3269 5864 3487 5920 τοιοῦτος
3512 5880 3607 5912 πα-

372 5927 561 5986 ahquid
577 5925 761 5975 simile.

2043 5933 2277 5995 ραμυθίας.
2301 5933 2419 5994 Ούχί
2441 5933 2619 5987 πάντες.
