4060 6400
270 335 334 389 57
1184 325 1249 379 IN
1294 324 1507 379 EPIST.
1550 324 1641 377 AD
1681 323 1925 377 EI‘IIES.
1967 323 2120 377 CAP.
2166 325 2230 380 ll.
2276 327 2504 383 HOMII..
2546 329 2610 385 ν.
3464 338 3533 394 3,3

271 454 593 521 peceatum,
634 457 734 512 pro
776 441 860 495 his
907 441 1088 496 verbis
1135 453 1390 510 quantum
1435 455 1535 495 nos
1582 449 1856 508 oporteret

274 539 458 595 subire
503 535 859 605 supplicium;
888 533 1028 601 quod
1072 533 1239 587 simus
1264 533 1401 587 adeo
1432 533 1643 601 ignavi,
1673 531 1855 586 miseri

270 639 327 685 et
357 627 613 684 socordes
635 666 651 688 ,
680 635 738 678 ut
765 632 913 677 tanto
941 624 1101 676 etiam
1130 622 1406 692 proposito
1434 622 1605 690 pretio
1624 621 1742 677 haec
1769 620 1856 675 dl-

271 721 495 777 camus?
520 720 566 775 Ο
595 728 851 789 quantum
886 718 1206 788 ingemisces
1227 757 1240 778 ,
1265 716 1476 786 quando
1504 714 1738 770 audieris
1760 730 1854 769 eos

268 814 361 883 qui
386 813 521 865 bona
544 818 771 878 egerunt
797 810 973 863 vocari
1003 810 1054 862 in
1084 823 1305 877 regnum
1344 817 1399 861 et
1440 807 1645 861 honore
1674 806 1852 861 affici?

269 905 490 975 quando
513 903 714 958 videris
740 919 806 957 ex
834 905 1005 957 servis
1031 911 1086 957 et
1115 902 1300 956 humili
1333 903 1450 957 loco
1476 903 1616 956 natis
1641 918 1736 957 eos
1761 903 1850 972 qui

271 1010 459 1066 parum
498 994 586 1049 hic
623 994 969 1059 laborarunt,
1001 992 1181 1047 throni
1214 992 1494 1062 regiiesse
1520 993 1852 1062 participes?

266 1092 460 1143 Annon
493 1101 555 1141 ea
584 1094 741 1141 erunt
771 1085 864 1139 tibi
897 1085 1076 1153 pejora
1122 1084 1439 1153 punitione?
1465 1083 1598 1137 Nam
1625 1084 1670 1139 si
1709 1097 1852 1137 nunc

265 1179 533 1253 quosdam
556 1178 746 1232 videns
773 1191 1030 1246 prospere
1058 1185 1307 1245 agentes,
1331 1176 1540 1229 etiamsi
1566 1173 1697 1228 nihil
1725 1174 1852 1229 mali

265 1273 486 1345 patiaris
506 1312 522 1337 ,
561 1270 665 1325 hoc
695 1270 841 1323 omni
881 1269 1145 1338 supplicio
1184 1269 1398 1338 gravius
1424 1277 1612 1337 putas,
1643 1268 1852 1321 discru-

263 1366 425 1420 ciaris
446 1406 462 1430 ,
494 1366 723 1435 teipsum
756 1362 905 1431 luges
934 1370 989 1415 et
1032 1361 1349 1432 lacrymaris
1369 1403 1384 1425 ,
1426 1370 1481 1415 et
1507 1369 1559 1415 te
1586 1360 1849 1413 mortibus

1959 441 2104 495 mille
2133 442 2353 512 dignum
2396 459 2517 499 esse
2551 460 2740 500 censes
2766 424 2936 516 {quid
2971 458 3093 504 tunc
3123 448 3374 520 patieris?
3400 455 3534 509 Nam

1960 535 2003 587 si
2036 550 2142 589 non
2171 544 2317 590 esset
2343 536 2585 606 geheuna
2606 579 2621 604 ,
2646 539 2759 609 ipsa
2788 539 2857 594 de
2886 556 3051 611 regno
3080 546 3330 614 cogitatio
3355 562 3533 603 annon

1958 626 2231 682 sufficeret
2254 627 2321 681 ad
2353 629 2679 696 perdendum
2707 641 2759 685 et
2788 631 2853 684 ad
2876 633 3205 690 afferendum
3228 640 3536 695 interitum?

1959 720 2110 787 Quod
2134 731 2310 776 autem
2338 736 2428 776 res
2459 723 2530 775 ita
2558 724 2628 777 sit
2656 738 2714 777 se
2744 724 2986 780 habitura
3007 766 3020 789 ,
3051 730 3181 783 satis
3201 730 3334 786 disci
3359 742 3540 798 potest

1956 826 2021 865 ex
2065 826 2243 865 rerum
2274 813 2624 881 experientia.
2655 814 2732 870 Ne
2762 830 2861 870 nos
2890 832 3018 887 ergo
3054 828 3255 874 temere
3294 821 3532 876 oblecte-

1956 918 2078 957 mus
2106 912 2162 957 et
2204 903 2544 959 consolemur
2589 904 2895 975 hujusmodi
2922 908 3099 963 verbis
3119 950 3132 972 ,
3162 911 3255 965 sed
3285 915 3532 968 attenda-

1958 1010 2075 1048 mus
2101 1034 2117 1061 ,
2145 1004 2200 1048 et
2226 994 2414 1050 salutis
2441 1005 2637 1050 nostra:
2664 1012 2847 1051 curam
2872 1014 3142 1068 geramus,
3165 1012 3217 1056 et
3246 1002 3314 1058 de
3338 1005 3534 1062 virtute

1957 1088 2125 1141 simus
2165 1085 2414 1152 solliciti,
2443 1096 2497 1141 et
2538 1088 2602 1141 ad
2645 1088 2779 1141 bona
2813 1090 3043 1158 gerenda
3076 1106 3174 1146 nos
3202 1095 3529 1159 excitemus,

1958 1188 2019 1231 ut
2045 1178 2189 1247 digni
2220 1178 2511 1232 liaheamur
2552 1180 2641 1247 qui
2674 1187 2872 1233 tantam
2900 1196 3247 1252 assequamur
3270 1187 3493 1256 gloriam
3516 1222 3533 1253 ,

1958 1270 2009 1323 in
2044 1268 2259 1325 Christo
2286 1268 2410 1324 Jesu
2440 1270 2663 1324 Domino
2693 1281 2896 1326 nostro.

270 1486 3531 1517 Mm

1692 1567 2039 1627 HOMILIA
2082 1562 2161 1624 V.

264 1718 395 1775 CAP.
425 1718 482 1773 2.
513 1734 566 1772 v.
600 1719 687 1774 Η.
725 1716 941 1788 Pr0pter
968 1717 1104 1785 quod
1131 1731 1373 1771 memores
1404 1721 1557 1768 estote
1581 1710 1719 1781 quod
1746 1708 1847 1762 ali-

336 1813 539 1885 quando
581 1830 668 1867 vos
707 1813 861 1866 eratis
900 1821 1069 1881 gentes
1110 1810 1164 1863 in
1207 1823 1379 1871 carne,
1422 1807 1509 1875 qui
1549 1802 1849 1858 dicebamini

338 1907 639 1976 praeputium
674 1905 737 1957 ab
777 1920 837 1957 ea
872 1918 985 1973 qua:
1025 1903 1208 1955 dicitur
1248 1897 1565 1953 circumcisio
1603 1897 1657 1949 in
1697 1909 1848 1947 carne

336 2003 629 2069 manufacta
648 2014 666 2051 :
685 1998 770 2052 12.
787 1997 908 2066 quia
923 1996 1074 2049 eratis
1092 1994 1182 2047 illo
1199 1993 1250 2046 in
1267 2003 1487 2059 tempore
1505 1989 1612 2044 sine
1626 1986 1845 2049 Christo,

334 2090 541 2143 alienati
562 2105 595 2141 a
612 2087 989 2142 conversatione
1007 2084 1193 2149 Israel,
1217 2093 1263 2135 et
1289 2082 1509 2157 hospites
1529 2086 1850 2133 testamento-

338 2198 453 2233 rum
483 2180 854 2249 promissionis,
882 2194 1020 2249 spem
1047 2192 1149 2231 non
1178 2174 1433 2239 habentes,
1462 2181 1508 2227 et
1531 2173 1639 2227 sine
1664 2170 1771 2225 Deo
1795 2171 1850 2232 in

338 2271 432 2324 hoc
457 2270 668 2325 mundo.

337 2363 390 2418 1.
419 2362 577 2416 Multa
607 2360 897 2417 ostendunt
919 2360 1015 2415 Dei
1041 2357 1423 2426 benignitatem
1448 2363 1502 2410 et
1527 2367 1763 2408 amorem
1794 2352 1847 2405 in

266 2453 513 2509 homines
539 2470 552 2507 :
578 2453 830 2522 primum,
853 2437 996 2520 quod
1025 2464 1120 2519 per
1149 2462 1210 2503 se
1239 2448 1417 2502 salvos
1442 2445 1646 2504 fecerit,
1671 2451 1726 2497 et
1752 2456 1847 2509 per

263 2558 327 2597 se
372 2544 462 2597 tali
505 2542 666 2597 modo
696 2559 710 2595 :
742 2541 979 2597 secundo
1008 2581 1025 2607 ,
1065 2539 1209 2610 quod
1252 2553 1372 2593 cum
1410 2536 1595 2606 quales
1630 2546 1845 2588 eramus

265 2634 453 2688 salvos
480 2632 669 2689 fecerit
694 2651 706 2685 :
734 2633 892 2686 tertio
914 2672 930 2697 ,
957 2646 1063 2701 quo
1093 2645 1189 2684 nos
1219 2627 1518 2683 deduxerit.
1548 2625 1672 2679 Η.το
1700 2623 1841 2677 enim

262 2728 443 2781 omnia
470 2742 565 2796 per
591 2741 651 2781 se
681 2726 963 2779 maximam
988 2723 1186 2779 habent
1208 2722 1582 2776 indieationem
1611 2717 1728 2786 ejus
1748 2716 1848 2769 be-

262 2819 535 2889 nignitatis
560 2835 574 2871 :
596 2825 651 2871 et
679 2816 792 2872 lucc
818 2816 995 2870 omnia
1016 2814 1212 2868 Paulus
1235 2827 1378 2866 nunc
1398 2809 1639 2863 scribens
1659 2807 1841 2877 agitat.

262 2909 438 2975 Dixit,
466 2909 609 2980 quod
637 2924 759 2963 cum
787 2921 1030 2963 essemus
1058 2905 1251 2959 mortui
1279 2903 1488 2957 delictis
1513 2910 1569 2956 et
1595 2901 1685 2953 lilii
1714 2900 1839 2963 irze,

261 3017 365 3058 nos
412 3003 591 3057 salvos
637 3001 871 3056 fecerit:
904 3013 1047 3054 nunc
1092 2997 1221 3052 dicit
1264 2994 1460 3066 quibus
1508 3007 1607 3046 nos
1660 2990 1846 3045 fecerit

260 3093 520 3163 aequales,
548 3101 603 3147 et
628 3092 750 3146 ideo
775 3091 923 3155 dicit,
954 3088 1203 3143 Memores
1227 3096 1399 3139 estote.
1429 3083 1674 3139 Solemus
1700 3081 1841 3136 enim

259 3198 484 3249 omnes,
512 3184 726 3254 quando
768 3182 836 3237 ab
879 3180 1064 3234 humili
1111 3176 1395 3232 admodum
1431 3173 1739 3229 conditione
1775 3170 1842 3225 ad

257 3278 585 3332 contrariam
612 3285 666 3331 et
693 3275 743 3329 ei
773 3292 837 3329 ex
866 3274 1093 3328 adverso
1120 3270 1535 3341 respondentem
1560 3275 1655 3320 aut
1679 3266 1840 3319 etiam

258 3369 517 3438 majorem
534 3368 705 3423 evecti
722 3366 978 3421 fuerimus
993 3364 1272 3426 honorem,
1287 3377 1355 3417 ne
1374 3361 1608 3431 priorum
1626 3357 1840 3428 quidem

259 3460 571 3513 meminisse
595 3499 610 3522 ,
642 3467 701 3512 ut
740 3458 830 3527 qui
870 3458 955 3510 illa
999 3460 1295 3509 nutriamur
1332 3452 1522 3523 gloria.
1553 3451 1839 3519 Propterea

258 3548 424 3613 dicit,
473 3546 691 3617 PrOpter
731 3546 865 3617 quod
906 3561 1149 3599 memores
1192 3554 1365 3598 estote.
1407 3541 1627 3609 PrOpter
1667 3539 1837 3610 quod,

257 3639 565 3708 quodnam?
592 3638 740 3706 Quod
762 3639 928 3692 creati
960 3652 1144 3691 sumus
1170 3637 1221 3689 in
1251 3634 1503 3706 Operibus
1531 3633 1704 3687 bouis.
1730 3632 1840 3686 Hoc

258 3742 439 3785 autem
463 3730 662 3785 sufﬁcit
683 3730 749 3783 ad
771 3730 926 3784 nobis
950 3727 1374 3799 persuadendum
1399 3735 1456 3779 ut
1478 3739 1659 3779 curam
1686 3738 1840 3793 gera-

259 3837 382 3875 mus
410 3821 642 3875 virtutis.
675 3819 932 3874 Memores
966 3829 1142 3873 estote.
1183 3818 1391 3873 Sufficit
1427 3817 1568 3870 enim
1600 3815 1689 3869 illa
1720 3828 1838 3868 me-

258 3914 430 3968 moria
461 3914 526 3968 ad
551 3923 728 3983 gratos
754 3923 1102 3968 et-memores
1127 3909 1427 3966 reddendos
1451 3909 1504 3963 in
1529 3906 1835 3961 benefacto-

258 4021 397 4061 rem.
433 4006 581 4074 Quod
614 4023 700 4061 vos
747 4006 1019 4076 aliquando
1059 4014 1249 4077 gentes.
1290 4002 1423 4058 Vide
1465 4002 1732 4072 quomodo
1772 4016 1836 4055 ea

258 4096 528 4167 deprimat
550 4097 742 4167 quibus
764 4096 933 4152 Judaei
962 4096 1360 4166 praecellebant,
1383 4103 1439 4148 et
1460 4108 1523 4148 ea
1546 4092 1836 4147 admiretur

258 4188 454 4258 quibus
470 4199 659 4259 gentes
675 4199 828 4243 erant
850 4188 1161 4251 inferiores;
1186 4202 1303 4258 qua!
1324 4185 1536 4256 quidem
1559 4200 1663 4238 non
1684 4190 1836 4238 erant

258 4278 567 4347 hujusmodi
609 4287 668 4332 ut
702 4278 982 4333 inferiores
1007 4292 1102 4333 eos
1128 4277 1446 4340 redderent,
1492 4276 1584 4329 sed
1617 4290 1648 4327 a
1676 4274 1835 4329 modo

256 4381 315 4425 et
342 4370 447 4424 vita
481 4371 718 4441 utrisque
743 4370 1045 4440 persuadet.
1068 4369 1167 4436 Qui
1187 4368 1486 4423 dicebann‘ni
1506 4367 1829 4437 prteputium.

261 4459 321 4517 In
362 4461 541 4515 verbis
582 4470 697 4515 erat
736 4460 943 4525 honor,
980 4461 1034 4514 in
1074 4475 1237 4514 carne
1277 4459 1623 4529 prmrogativa
1657 4475 1669 4510 :
1700 4456 1832 4510 nihil

255 4553 399 4607 enim
444 4561 529 4606 est
574 4552 924 4621 praeputium,
970 4550 1104 4604 nihil
1146 4550 1501 4604 circumcisio.
1531 4548 1605 4601 Ab
1635 4563 1695 4601 ea
1722 4562 1834 4616 quia

253 4644 477 4706 dicitur,
508 4643 706 4713 inquit,
738 4643 1052 4695 circumcisio
1077 4643 1129 4695 in
1153 4658 1305 4695 carne
1338 4643 1651 4710 manufacta.
1682 4638 1832 4704 Quod

252 4734 409 4787 eratis
434 4734 527 4787 illo
552 4743 772 4802 tempore
793 4735 901 4787 sine
930 4734 1151 4797 Christo,
1179 4733 1387 4786 alienati
1405 4749 1437 4784 a
1456 4732 1832 4809 conuersatione

250 4824 457 4888 Israel,
490 4837 537 4878 et
567 4825 786 4895 hospites
830 4834 1238 4878 testamentorum
1280 4823 1660 4893 promissionis,
1689 4838 1829 4891 spem

247 4932 355 4968 non
384 4916 640 4981 habentes,
671 4925 719 4969 et
758 4916 868 4968 sine
898 4914 1002 4968 Deo
1030 4915 1083 4967 in
1113 4914 1324 4968 mundo.
1358 4913 1483 4977 Vos,
1515 4913 1706 4983 inquit,
1733 4912 1826 4982 qui

248 5008 353 5063 hoc
381 5008 644 5063 vocamini
671 5024 699 5061 a
730 5007 950 5062 .ludazis.
984 5009 1091 5061 Cur
1117 5017 1293 5062 autem
1322 5022 1441 5060 cttm
1471 5015 1615 5061 esset
1642 5017 1825 5059 osten-

248 5118 408 5154 suros
437 5102 490 5155 in
520 5101 621 5155 hoc
648 5102 725 5154 eis
750 5101 1000 5155 collatum
1032 5099 1195 5154 fuisse
1226 5100 1541 5154 beneficium
1563 5098 1704 5168 quod
1731 5111 1825 5152 eos

249 5193 435 5247 fecerit
467 5194 779 5246 societatem
798 5192 999 5245 habere
1019 5207 1136 5245 cum
1160 5191 1376 5253 lsraele,
1400 5205 1586 5243 rursus
1610 5188 1821 5243 Israeli-

247 5285 406 5337 ticim
431 5299 535 5337 non
560 5284 810 5352 deprimit
831 5283 1165 5352 dignitatem,
1193 5282 1284 5336 sed
1311 5297 1429 5337 eam
1456 5283 1507 5335 in
1538 5282 1620 5335 his
1646 5279 1820 5334 extol-

246 5375 349 5426 lit?
382 5374 601 5426 Extollit
628 5375 680 5425 in
712 5373 775 5427 iis
803 5390 921 5443 qua:
959 5380 1082 5426 sunt
1109 5373 1407 5427 necessaria
1428 5414 1443 5438 ,
1474 5372 1524 5425 in
1554 5372 1618 5425 iis
1646 5381 1819 5425 autem

244 5464 500 5532 deprimit
536 5464 587 5516 in
630 5464 821 5533 quibus
846 5464 925 5517 eis
962 5478 1069 5517 non
1109 5462 1205 5516 fuit
1233 5458 1479 5517 societas.
1517 5463 1820 5517 Procedens

242 5554 385 5605 enim
416 5553 575 5617 dicit,
608 5551 746 5607 Estis
784 5555 911 5608 cives
940 5564 1230 5607 sanctorum
1270 5564 1313 5607 et
1341 5555 1595 5607 domestici
1621 5554 1717 5608 Dei
1746 5555 1816 5625 (υ.

243 5644 353 5711 ιθ).
393 5644 529 5699 Vide
556 5645 825 5715 quomodo
854 5663 956 5699 non
988 5646 1237 5714 deprimit
1263 5663 1275 5696 :
1302 5646 1444 5707 llaéc,
1476 5647 1663 5715 inquit,
1695 5655 1820 5700 sunt

239 5734 617 5792 indiderentia.
645 5734 724 5789 Ne
749 5736 1087 5803 existimetis,
1123 5738 1310 5804 inquit,
1337 5752 1428 5793 vos
1457 5737 1813 5792 circumcisio-

555 5828 823 5890 PATROL.
868 5830 985 5891 Gn.
1033 5828 1223 5895 LXII.

1957 1720 2082 1759 nem
2114 1720 2221 1759 non
2262 1714 2661 1773 eonsequutos,
2707 1723 2771 1759 co
2812 1710 2952 1777 quod
2996 1712 3111 1765 sitis
3152 1714 3202 1766 in
3234 1720 3493 1785 prmputio
3518 1760 3533 1781 ,

1954 1797 2186 1865 aliquam
2214 1794 2413 1864 habere
2439 1796 2817 1852 differentiam.
2853 1801 2964 1855 lloc
2990 1812 3106 1856 erat
3133 1819 3294 1874 grave
3324 1824 3386 1860 ac
3412 1826 3500 1861 tuo
3520 1842 3532 1850 -

1954 1886 2169 1953 lestum,
2198 1887 2340 1957 quod
2363 1898 2545 1942 essent
2564 1888 2679 1943 sine
2700 1890 2933 1956 Christo,
2958 1895 3098 1959 quod
3121 1908 3299 1951 essent
3316 1900 3531 1955 alienati

1951 1990 1980 2027 a
2007 1978 2415 2031 conversatione
2443 1978 2645 2043 Israel;
2676 1979 2775 2034 hoc
2801 1992 2979 2037 autem
3011 2002 3115 2040 non
3138 1997 3220 2042 est
3244 2004 3531 2045 conversa-

1953 2068 2028 2121 tio
2058 2085 2071 2121 :
2102 2068 2243 2138 quod
2273 2084 2404 2124 vero
2433 2080 2617 2125 essent
2646 2070 2883 2142 hospites
2925 2085 3363 2136 testamentorum
3407 2100 3531 2152 pro-

1950 2158 2225 2214 missionis
2251 2200 2267 2225 ,
2299 2160 2441 2229 quod
2476 2177 2580 2216 non
2621 2162 2884 2219 haberent
2910 2182 3059 2236 Spem
3091 2168 3359 2238 futuram,
3390 2176 3533 2242 quod

1886 2254 1889 2258 ’
1949 2263 2133 2307 essent
2162 2254 2214 2306 in
2256 2252 2356 2307 hoc
2384 2254 2581 2308 mundo
2605 2257 2722 2311 sine
2751 2258 2863 2312 Deo
2896 2276 2910 2313 :
2942 2260 3055 2315 haec
3081 2265 3257 2318 omnia
3285 2277 3438 2320 erant
3465 2268 3531 2321 il-

1952 2342 2149 2398 lorum.
2184 2343 2327 2398 Dixit
2352 2345 2419 2399 de
2464 2346 2623 2401 rebus
2660 2348 2999 2413 caelestibus;
3031 2351 3159 2407 dicit
3188 2355 3346 2410 etiam
3371 2358 3440 2412 de
3469 2360 3534 2413 iis

1949 2450 2069 2503 qua:
2096 2446 2221 2489 sunt
2251 2451 2414 2507 super
2440 2447 2661 2505 terram,
2684 2442 2933 2508 quoniam
2955 2442 3023 2497 de
3049 2444 3177 2512 ipsis
3215 2445 3385 2502 Judmi
3420 2465 3535 2504 ma-

1947 2539 2105 2595 gnam
2138 2526 2405 2582 habebant
2432 2528 2881 2584 existimationem
2909 2545 2961 2587 et
2986 2533 3232 2603 gloriam.
3266 2536 3339 2591 Ita
3370 2540 3531 2594 etiam

1947 2617 2195 2673 Christus
2221 2620 2505 2677 consolans
2525 2623 2839 2691 discipulos,
2869 2636 3147 2694 postquam
3177 2628 3331 2697 dixit,
3360 2631 3527 2697 Beati,

1954 2714 2044 2781 qui
2058 2718 2485 2785 persequutionem
2502 2720 2764 2787 patiuntur
2785 2731 2990 2790 prOpter
3000 2723 3271 2793 justitiam,
3292 2728 3533 2794 quoniam

1953 2805 2177 2873 ipsorum
2199 2818 2270 2861 est
2290 2825 2501 2879 regnum
2520 2811 2782 2875 ctelorum,
2808 2814 2955 2881 ponit
2978 2814 3027 2868 id
3050 2817 3188 2884 quod
3215 2828 3298 2872 est
3319 2821 3492 2873 minus
3513 2840 3527 2873 :

1956 2898 2046 2954 Sic
2082 2900 2215 2952 enim
2259 2903 2545 2970 persequuti
2581 2913 2699 2957 sunt
2742 2906 3013 2973 prophetas
3055 2909 3139 2974 qui
3170 2914 3375 2979 fuerunt
3413 2924 3535 2969 ante

1950 3001 2037 3043 vos
2066 2989 2276 3059 (Matth.
2316 2992 2371 3045 5.
2408 2992 2495 3046 10.
2527 2992 2639 3063 12).
2684 2994 2815 3048 Nam
2855 2997 2957 3052 hoc
2996 2999 3247 3068 quidem,
3281 3004 3419 3072 quod
3459 3006 3526 3058 ad

1951 3081 2367 3150 magnitudinem
2397 3084 2605 3145 attinet.
2634 3094 2718 3140 est
2746 3086 2957 3143 minus:
2982 3088 3027 3141 si
3053 3101 3322 3160 spectetur
3349 3104 3528 3151 autem

1950 3172 2094 3241 quod
2125 3188 2293 3243 prope
2322 3176 2431 3229 sint
2458 3187 2512 3230 et
2540 3177 2903 3244 crediderint,
2936 3190 3020 3235 est
3050 3197 3301 3251 magnum
3332 3196 3386 3238 at
3415 3189 3528 3241 suf-

1950 3260 2155 3325 ficiens,
2187 3273 2242 3317 et
2269 3280 2511 3334 magnam
2540 3268 2643 3320 vim
2674 3267 2852 3324 habet.
2886 3270 2996 3326 Hoc
3020 3287 3148 3341 ergo
3171 3284 3304 3340 erat,
3330 3276 3530 3333 habere

1948 3358 2438 3412 conversationem.
2465 3357 2578 3412 Non
2606 3359 2759 3425 dixit,
2788 3344 3029 3430 Separati
3049 3406 3065 3429 ,
3092 3366 3219 3431 sed,
3245 3368 3465 3423 Alienati
3493 3386 3527 3423 a

1948 3448 2342 3503 conversatione.
2371 3449 2486 3503 Non
2507 3449 2660 3515 dixit,
2685 3451 2798 3506 Non
2821 3454 3180 3519 attendentes,
3205 3460 3320 3525 sed,
3344 3460 3526 3529 Neque

1949 3540 2328 3609 participantes
2351 3582 2367 3607 ,
2400 3550 2456 3596 et
2487 3540 2745 3610 Hospites.
2779 3544 2961 3613 Magna
2992 3556 3075 3601 est
3101 3548 3383 3605 verborum
3411 3569 3527 3608 em-

1947 3630 2150 3699 phasis,
2179 3648 2422 3703 magnam
2445 3635 2734 3690 ostendens
2761 3638 3174 3704 separationem.
3203 3640 3337 3696 Nam
3362 3646 3522 3700 etiam

1949 3722 2203 3777 lsraelitaa
2232 3732 2385 3778 erant
2412 3735 2564 3779 extm
2594 3728 3089 3795 conversationem,
3120 3732 3212 3786 sed
3245 3747 3348 3787 non
3382 3743 3521 3790 tam-

1948 3829 2108 3881 qnam
2137 3814 2335 3883 alieni,
2366 3832 2550 3871 verum
2581 3826 2848 3887 tamquam
2891 3820 3026 3889 pigri
3064 3832 3119 3874 et
3144 3822 3396 3879 desidiosi
3422 3867 3436 3890 ,
3466 3838 3522 3883 et

1945 3904 2261 3959 exciderunt
2279 3921 2308 3959 a
2333 3907 2684 3971 testamentis,
2703 3908 2794 3963 sed
2814 3924 2919 3962 non
2943 3919 3207 3981 tamquam
3233 3917 3520 3984 peregrini.

1944 3997 2201 4063 Quaenam
2225 4008 2403 4054 autem
2431 4011 2585 4056 erant
2615 4012 2930 4058 testamenta
2962 4007 3377 4073 promissionis?
3406 4009 3521 4066 Tibi

1943 4098 1988 4141 et
2014 4090 2190 4143 semini
2215 4098 2300 4144 tuo
2320 4091 2450 4146 dabo
2478 4104 2663 4146 terram
2692 4095 2821 4147 hanc
2849 4093 3002 4163 (Gen.
3036 4098 3123 4153 15.
3148 4100 3257 4167 15),
3285 4110 3341 4155 et
3366 4117 3517 4171 quie-

1940 4194 2169 4246 cumque
2195 4182 2296 4236 alia
2326 4185 2589 4255 promisit.
2620 4185 2797 4253 Spem,
2828 4187 3017 4257 inquit,
3049 4205 3150 4243 non
3180 4191 3435 4257 habentes,
3468 4205 3518 4249 et

1941 4274 2049 4326 sine
2072 4271 2205 4329 Deo.
2231 4276 2391 4344 Atqui
2414 4276 2544 4330 deos
2568 4277 2860 4331 adorabunt
2880 4320 2894 4341 ,
2929 4279 3021 4334 sed
3050 4296 3154 4333 non
3181 4292 3370 4336 erant:
3396 4284 3516 4338 ido-

1942 4364 2051 4419 lum
2077 4368 2218 4420 enim
2250 4366 2379 4422 nihil
2411 4378 2513 4422 est.
2547 4370 2629 4423 15.
2666 4369 2821 4423 Nunc
2848 4381 3015 4423 autem
3049 4372 3101 4424 in
3129 4372 3329 4428 Christo
3352 4374 3475 4430 Jesu
3495 4419 3512 4444 ,

1938 4472 2044 4522 vos,
2067 4459 2154 4528 qui
2174 4459 2449 4526 aliquando
2475 4464 2624 4514 eratis
2649 4462 2815 4530 longe,
2845 4463 2971 4530 facti
2991 4464 3111 4516 estis
3136 4482 3292 4535 prope
3319 4467 3370 4519 in
3397 4484 3516 4522 san-

1940 4548 2090 4617 guine
2118 4548 2324 4601 Christi.
2364 4550 2451 4603 Η.
2490 4548 2610 4618 Ipse
2649 4551 2780 4603 enim
2815 4561 2887 4604 est
2923 4568 3027 4620 paa:
3058 4563 3251 4620 nostra,
3283 4558 3368 4622 qui
3398 4560 3514 4629 fecit

1937 4646 2147 4706 utraque
2182 4654 2341 4690 unum
2360 4680 2376 4704 ,
2417 4646 2464 4691 et
2508 4639 2723 4692 medium
2755 4642 2992 4710 parietem
3024 4646 3254 4698 maceria:
3277 4648 3473 4704 solvens
3493 4693 3510 4719 ,

1936 4727 2226 4780 inimicitias
2245 4728 2297 4781 in
2317 4744 2467 4782 carne
2485 4745 2594 4782 sua.
2620 4730 2730 4784 lloe
2750 4739 2833 4785 est
2852 4748 2999 4801 ergo,
3024 4733 3216 4803 inquit,
3236 4752 3509 4808 magnum,

1934 4818 2073 4884 quod
2103 4820 2347 4873 venimus
2390 4820 2441 4873 in
2483 4819 2787 4875 Judreorum
2832 4828 3340 4882 conversationem?
3380 4832 3507 4900 quid

1932 4910 2105 4965 dicis?
2129 4927 2475 4982 quaecumque
2503 4923 2627 4967 sunt
2653 4914 2703 4967 in
2734 4916 2879 4969 cazlis
2907 4923 2964 4971 et
2989 4932 3109 4987 quae
3133 4929 3257 4975 sunt
3284 4921 3335 4975 in
3364 4932 3508 4979 terra

1933 5004 2249 5058 instauravit
2290 5012 2345 5058 et
2386 5005 2441 5057 in
2482 5020 2643 5059 unam
2690 5020 2949 5061 summam
2996 5010 3237 5080 redegit,
3274 5022 3329 5067 et
3366 5028 3509 5070 nunc

1929 5094 2065 5149 dicis
2084 5095 2151 5150 de
2172 5095 2456 5151 lsraelitis?
2476 5095 2656 5163 Certe,
2683 5098 2868 5167 inquit.
2893 5098 3026 5155 Nam
3050 5101 3136 5155 illa
3161 5104 3372 5172 quidem
3401 5107 3505 5161 ﬁde

1928 5194 2141 5255 Oportet
2176 5201 2486 5251 assumere,
2528 5186 2644 5241 haec
2688 5198 2865 5243 autem
2905 5192 3067 5245 etiam
3108 5193 3257 5246 factis
3292 5195 3422 5262 ipsis
3449 5206 3505 5251 et

1927 5277 2199 5346 operibus.
2231 5278 2383 5330 Nunc
2412 5287 2578 5330 autem
2605 5280 2656 5331 in
2682 5279 2880 5334 Christo
2900 5280 3050 5347 Jesu,
3081 5283 3268 5352 inquit,
3298 5300 3383 5338 vos
3410 5288 3499 5354 qui

1926 5368 2198 5435 aliquando
2224 5370 2375 5421 eratis
2402 5368 2569 5437 longe,
2597 5372 2718 5438 facti
2744 5372 2860 5424 estis
2888 5389 3045 5440 prope
3072 5375 3140 5425 ad
3164 5378 3500 5428 conversatio-

1918 5476 2058 5513 nem.
2086 5458 2216 5512 Nam
2249 5459 2377 5512 illud
2408 5460 2564 5529 longe
2590 5472 2645 5514 et
2672 5462 2798 5515 illud
2830 5478 3017 5532 prope,
3046 5473 3128 5518 est
3154 5464 3320 5519 solius
3346 5466 3500 5522 liberi

1924 5552 2127 5605 arbitrii
2154 5560 2209 5605 et
2235 5552 2529 5607 electionis.
2559 5550 2681 5623 Ipse
2701 5564 2772 5609 est
2792 5556 2925 5609 enim
2954 5571 3057 5625 pax
3081 5566 3253 5610 nostra
3269 5558 3354 5628 qui
3380 5561 3500 5629 fecit

1924 5654 2131 5712 utraque
2158 5658 2333 5696 unum.

1996 5737 2051 5790 2.
2085 5737 2218 5805 Quid
2260 5740 2359 5794 hoc
2394 5747 2517 5808 est,
2550 5736 2773 5809 Utraque
2808 5740 3009 5793 unum?
3037 5738 3150 5793 Non
3193 5740 3295 5797 hoc
3333 5741 3496 5807 dicit,

3097 5844 3135 5901 3
