4060 6400
461 327 525 383 .59
1233 315 1291 371 s.
1331 307 1606 367 ausurus
1639 297 2105 360 cnnvsosrunt
2142 295 2459 352 ARClllEP.
2498 272 3023 353 CONSTANTINOP.
3658 296 3732 351 to

460 444 605 516 quod
651 456 748 497 nos
777 436 1013 497 evexerit
1040 434 1107 490 ad
1136 415 1287 489 illam
1315 428 1528 499 generis
1554 424 1885 480 nobilitatem
1904 460 1919 484 ,
1949 416 2043 472 sed

467 537 690 605 etquod
732 546 830 586 nos
868 538 923 585 et
961 528 1079 582 illos
1118 523 1183 577 ad
1221 521 1520 590 majorem;
1560 516 1731 585 majus
1761 516 2047 605 tamen-est

469 601 789 684 beneﬁcium
820 636 924 691 quo
968 633 1067 672 nos
1093 615 1268 670 affecti
1298 626 1503 666 sumus.
1534 608 1663 663 Nam
1702 606 1808 660 illis
1834 601 2046 673 quidem

473 734 527 776 et
551 717 888 790 promissum
928 712 1135 777 fuerat,
1180 718 1235 762 et
1270 713 1423 761 erant
1462 701 1561 771 ipsi
1600 695 2045 790 propinquiores;

473 786 628 869 nobis
644 819 822 865 autem
846 820 942 859 nec
962 802 1297 875 promiserat,
1313 805 1368 851 et
1382 807 1594 851 eramus
1616 790 1840 859 longius.
1856 786 2051 854 Quam-

473 910 656 961 obrem
680 904 829 967 dicit,
854 900 1036 954 Gentes
1056 905 1223 949 autent
1262 906 1352 961 pro
1390 884 1736 943 misericordia
1767 879 2053 967 gloriﬁcare

476 1000 638 1052 Deum
666 995 841 1066 (Rom.
867 991 953 1046 15.
976 988 1057 1057 9).
1081 984 1406 1040 Promiserat
1428 977 1641 1049 quidem
1663 972 1934 1036 lsraelitis,
1958 966 2054 1066 sed

476 1099 630 1147 erant
671 1058 910 1155 indigni;
963 1080 1115 1135 nobis
1162 1084 1340 1130 autem
1392 1086 1499 1127 non
1548 1066 1907 1138 promiserat,
1960 1058 2055 1115 sed

479 1183 717 1252 hospites
737 1190 951 1233 eramus
971 1192 983 1227 :
1003 1172 1137 1228 nihil
1161 1177 1273 1224 erat
1295 1166 1449 1222 nobis
1468 1178 1588 1218 cum
1607 1160 1736 1230 ipsis
1750 1169 2054 1252 commune,

480 1286 534 1331 et
564 1246 661 1328 nos
689 1270 813 1326 fecit
838 1281 1021 1325 unum,
1058 1278 1166 1317 non
1196 1274 1293 1314 nos
1320 1257 1424 1312 illis
1449 1253 1803 1323 conjungens,
1831 1246 1928 1302 sed
1957 1259 2058 1298 nos

481 1376 537 1422 et
562 1365 682 1420 illos
705 1376 865 1415 unum
889 1358 1107 1411 faciens.
1134 1353 1313 1407 Dicam
1335 1356 1513 1401 autem
1531 1340 1833 1411 exemplum
1860 1354 1871 1388 :
1898 1350 2061 1406 pona-

482 1473 601 1512 mus
627 1468 746 1510 esse
770 1452 903 1506 duas
930 1456 1153 1508 Statuas,
1182 1456 1341 1496 unam
1370 1453 1433 1493 ex
1465 1442 1708 1505 argento,
1739 1430 1962 1484 alteram
1992 1439 2060 1480 ex

485 1546 734 1618 plumbo;
780 1537 973 1595 deinde
1019 1534 1204 1589 ambas
1240 1530 1387 1585 fusas
1429 1534 1484 1581 et
1520 1522 1777 1579 conﬂatas
1805 1516 2064 1618 p-rodiisse

486 1607 696 1693 aureas.
732 1634 869 1687 Ecce
908 1630 1040 1684 duas
1068 1639 1231 1679 unum
1259 1622 1402 1675 fecit.
1445 1622 1549 1672 Aut
1590 1615 1750 1669 etiam
1779 1611 1968 1664 aliter:
1997 1607 2066 1660 sit

486 1746 626 1784 unus
650 1740 836 1781 servus
864 1762 879 1789 ,
909 1721 1045 1773 alius
1071 1718 1124 1770 in
1156 1714 1324 1768 tilium
1356 1709 1670 1778 adoptatus;
1700 1702 1856 1756 ambo
1884 1708 2061 1789 autem

489 1818 739 1877 eumdem
770 1786 1032 1873 adorent,
1064 1808 1149 1862 hic
1176 1802 1390 1876 quidem
1420 1798 1725 1853 declaratus
1755 1807 1876 1847 cum
1907 1789 1975 1843 sit
2002 1786 2067 1842 ii-

489 1915 595 1969 l'rus
619 1954 633 1977 ,
678 1910 770 1964 ille
801 1919 930 1960 vero
968 1900 1224 1972 fugitivus
1245 1938 1260 1962 ,
1293 1903 1348 1950 et
1386 1892 1477 1964 qui
1508 1905 1575 1946 ne
1612 1900 1817 1957 patrem
1856 1880 2069 1977 quidem

494 1973 642 2065 novit
668 2022 681 2059 :
710 2000 903 2057 deinde
944 1998 1071 2049 (iant
1109 1991 1267 2047 ambo
1310 1985 1571 2049 heredes,
1603 1990 1657 2037 et
1684 1976 1924 2051 germani
1956 1973 2067 2027 lilii.

496 2101 637 2155 Ecce
663 2095 727 2151 ad
756 2106 918 2147 unum
948 2089 1205 2142 honorem
1237 2088 1361 2137 sunt
1381 2075 1621 2149 perducti
1644 2073 1782 2127 :duo
1805 2068 1925 2124 facti
1951 2075 2077 2119 sunt

497 2203 684 2248 unum.
709 2185 797 2239 ille
818 2179 1032 2250 quidem
1058 2190 1179 2231 cum
1202 2172 1439 2227 venisset
1458 2183 1489 2223 e
1510 2164 1819 2234 longinquo,
1843 2159 1929 2213 hic
1950 2170 2077 2211 vero

498 2295 622 2336 cum
645 2294 675 2332 e
700 2274 1017 2345 propinquo,
1054 2276 1109 2322 et
1141 2264 1309 2334 magis
1336 2271 1419 2317 est
1441 2269 1725 2331 germanus
1748 2266 1906 2324 quam
1931 2258 2075 2351 ante-

501 2365 1023 2442 quam-offendisset.
1057 2358 1287 2413 Medium
1305 2396 1319 2419 ,
1351 2352 1554 2423 inquit,
1582 2350 1823 2419 parietem
1849 2350 2082 2442 maceria:

504 2432 718 2518 solvens.
761 2457 891 2525 Quis
934 2460 1019 2509 est
1058 2449 1269 2505 medius
1308 2443 1522 2516 paries?
1553 2436 1874 2501 Inimicitias,
1906 2434 1998 2497 ait,
2030 2432 2083 2484 in

505 2570 657 2609 carne
674 2568 785 2607 sua.
813 2549 898 2605 15.
918 2546 1100 2617 Legem
1119 2540 1476 2596 mandatorum
1494 2535 1549 2588 in
1571 2532 1784 2587 decretis
1812 2541 2083 2583 evacuans.

508 2642 758 2700 Nonnulli
796 2638 1009 2710 Quidem
1037 2634 1259 2696 dicunt,
1289 2627 1431 2699 quod
1463 2627 1549 2681 lex
1586 2624 1656 2678 sit
1682 2620 1891 2676 medius
1914 2617 2086 2688 paries

512 2738 649 2791 inter
674 2731 885 2788 Judaeos
916 2736 970 2782 et
994 2725 1213 2781 Graecos
1240 2739 1255 2775 :
1284 2719 1406 2774 ideo
1437 2718 1610 2786 legem
1640 2712 1795 2777 dixit,
1822 2710 2087 2778 inquiunt,

512 2818 656 2898 quod
683 2839 787 2880 non
816 2822 940 2876 sivit
969 2820 1115 2886 ipsos
1140 2812 1354 2869 misceri
1382 2829 1394 2865 :
1420 2809 1551 2863 mihi
1578 2815 1755 2861 autem
1782 2818 1888 2857 non
1919 2802 1987 2854 ita
2014 2799 2093 2852 vi-

518 2893 714 2985 detur;
761 2913 855 2970 sed
898 2907 1229 2967 inimicitiam
1270 2906 1323 2959 in
1361 2914 1526 2958 carne
1560 2897 1794 2953 medium
1833 2893 2093 2964 parietem

517 3012 682 3076 dicit,
713 3007 805 3079 qui
846 3017 944 3059 nos
968 3000 1153 3055 ambos
1180 3013 1211 3052 a
1239 2997 1349 3051 Deo
1375 3000 1586 3062 separet
1608 3031 1623 3052 ,
1657 2989 1794 3044 sicut
1816 2985 1945 3040 dicit
1974 2996 2096 3053 pro-

520 3105 677 3174 pheta
706 3119 720 3155 :
749 3102 930 3153 Annon
968 3102 1173 3164 peccata
1211 3100 1374 3144 vestra
1418 3094 1656 3157 separant
1682 3084 1815 3136 inter
1836 3096 1915 3133 me
1940 3088 1985 3132 et
2012 3093 2097 3132 vos

520 3172 675 3268 (lsai.
704 3192 793 3248 50.
816 3189 911 3260 ‘2)?
938 3188 1006 3243 Et
1030 3187 1150 3257 jure
1176 3200 1190 3238 :
1213 3192 1485 3250 tamquam
1515 3177 1723 3232 medius
1750 3174 1891 3268 enim
1910 3172 2099 3268 paries

522 3263 816 3345 inimicitiae
841 3290 1014 3345 erant,
1043 3292 1162 3348 quae
1183 3276 1233 3329 ei
1260 3269 1657 3327 intercedebant
1681 3282 1798 3321 cum
1820 3263 2021 3319 Judznis
2047 3267 2104 3316 et

523 3379 744 3437 Graecis.
772 3374 905 3431 Cum
938 3377 1081 3425 esset
1104 3375 1280 3420 autem
1308 3364 1389 3418 lex
1411 3403 1426 3427 ,
1453 3376 1559 3414 non
1590 3358 1759 3413 solum
1787 3372 1893 3410 non
1924 3352 2101 3408 solve-

526 3473 743 3535 bantur,
762 3465 857 3520 sed
878 3464 1039 3518 etiam
1065 3457 1230 3527 magis
1251 3453 1594 3509 crescebant:
1614 3449 1721 3503 Lea:
1740 3447 1892 3512 enim,
1911 3443 2101 3513 inquit,

524 3567 656 3619 iram
680 3568 919 3631 operatur
944 3555 1117 3626 (Rom.
1146 3552 1201 3606 4.
1231 3548 1346 3621 15).
1377 3546 1448 3602 Ut
1476 3561 1605 3615 ergo
1631 3544 1737 3598 illic
1761 3542 1969 3631 dicens,
2003 3536 2107 3592 Lea:

526 3659 657 3710 iram
680 3630 936 3722 operatur,
970 3659 1075 3699 non
1097 3643 1145 3699 ei
1171 3650 1339 3696 totum
1362 3636 1635 3700 adscribit,
1658 3633 1753 3690 sed
1773 3630 2105 3722 subauditur,

531 3746 784 3816 quoniam
809 3735 1127 3807 transgressi
1151 3747 1374 3787 sumus:
1400 3729 1470 3782 ita
1498 3727 1585 3782 hic
1608 3739 1818 3797 quoque
1838 3739 1956 3779 eam
1982 3721 2111 3777 dicit

534 3814 772 3893 medium
800 3832 1079 3903 parietem,
1107 3826 1359 3897 quoniam
1382 3822 1508 3877 dum
1534 3820 1583 3876 ei
1610 3836 1715 3874 non
1737 3818 2004 3880 obeditur,
2034 3814 2112 3869 fa-

533 3929 704 3986 ciebat
734 3923 1058 3981 inimicitias.
1086 3920 1193 3974 Lex
1225 3926 1338 3971 erat
1364 3929 1552 3983 sepes;
1580 3911 1672 3967 sed
1691 3926 1752 3966 ea
1769 3910 1982 3979 quidem
1998 3914 2115 3962 erat

537 4028 595 4075 ut
634 4026 775 4072 tutos
813 4013 1100 4075 redderet,
1132 4017 1187 4064 et
1216 4007 1337 4063 ideo
1363 4006 1522 4061 etiam
1551 4005 1822 4058 nominata
1852 4009 1935 4055 est
1961 4013 2115 4068 sepcs

538 4121 595 4165 ut
620 4106 1043 4177 circumsepiret.
1068 4100 1206 4157 Audi
1230 4100 1372 4154 enim
1394 4110 1580 4151 rursus
1599 4093 1914 4165 prophetam
1938 4091 2116 4146 dicen-

540 4212 649 4256 tem
675 4218 689 4254 :
718 4197 782 4251 Et
810 4212 976 4266 sepem
999 4194 1077 4247 illi
1107 4188 1415 4244 circumdedi
1442 4186 1592 4257 (Isai.
1621 4185 1674 4239 5.
1702 4184 1758 4254 2)
1783 4200 1798 4249 ;
1825 4193 1879 4238 et
1902 4184 2113 4247 iterum,

543 4290 804 4349 Abstulisti
847 4302 1014 4356 sepem
1058 4285 1189 4354 ejus,
1235 4291 1281 4335 et
1325 4278 1629 4334 vindemiant
1672 4293 1782 4330 eam
1820 4290 1989 4329 omnes
2032 4273 2119 4343 qui

540 4391 806 4442 transeunt
831 4397 919 4451 per
951 4378 1084 4432 viam
1116 4373 1287 4445 (Psal.
1318 4370 1407 4426 79.
1442 4371 1555 4438 15).
1586 4369 1961 4422 Tutamentum
1990 4379 2119 4434 ergo

545 4476 696 4531 dicit.
725 4474 792 4527 Et
817 4482 1003 4526 rursus
1026 4507 1042 4531 ,
1086 4467 1328 4535 Auferam
1357 4477 1525 4530 sepem
1549 4461 1658 4529 ejus
1678 4499 1693 4525 ,
1726 4467 1772 4511 et
1797 4457 1889 4510 erit
1916 4458 1969 4510 in
1994 4473 2119 4509 con-

547 4567 915 4625 culcationem;
941 4570 995 4616 et.
1019 4571 1224 4623 rursus,
1253 4555 1435 4621 Legem
1463 4552 1599 4606 dedit
1619 4553 1670 4604 in
1695 4551 1940 4604 auxilium
1964 4548 2119 4618 (lsai.

548 4660 603 4714 5.
630 4658 687 4713 5.
718 4666 763 4710 et
789 4656 843 4710 8.
869 4652 960 4720 20)
986 4668 1001 4714 ;
1041 4660 1095 4705 et
1132 4649 1321 4702 iterum
1346 4687 1359 4709 ,
1390 4643 1607 4697 Faciens
1633 4640 2028 4696 misericordiam
2074 4648 2122 4694 et

546 4749 796 4813 iudicium
812 4745 1079 4805 Dominus,
1099 4750 1242 4794 notas
1262 4738 1378 4807 fecit
1390 4736 1522 4806 justi
1525 4736 1783 4804 ﬁcationes
1802 4749 1919 4788 suas
1941 4731 2123 4786 Israeli

552 4838 731 4911 (Psal.
763 4836 887 4891 10⁸2.
917 4836 971 4889 6.
1004 4835 1081 4903 7).
1123 4832 1285 4886 Facta
1326 4838 1410 4884 est
1451 4836 1629 4882 autem
1669 4826 1875 4881 medius
1915 4826 2123 4896 paries,

558 4949 665 4988 non
687 4944 782 4986 eos
809 4937 949 4983 tutos
971 4924 1219 4990 reddens,
1243 4921 1339 4977 sed
1365 4936 1459 4975 eos
1484 4936 1515 4974 a
1544 4921 1652 4973 Deo
1679 4932 1954 4990 separans.
1981 4918 2128 4987 Ejus-

556 5022 703 5078 modi
739 5027 823 5075 est
861 5017 1068 5072 medius
1108 5014 1283 5084 paries
1315 5012 1405 5082 qui
1450 5020 1531 5065 est
1568 5026 1597 5064 a
1637 5025 1784 5078 sepe.
1822 5008 2127 5078 Cujusmodi

555 5123 733 5169 autem
760 5112 831 5165 sit
854 5124 915 5162 ca
945 5106 1204 5170 declarat,
1230 5102 1522 5171 subjicicns
1546 5118 1558 5154 :
1584 5099 1611 5153 Ι
1621 5101 1886 5153 nimicitias
1906 5100 1958 5153 in
1980 5115 2130 5152 carne

553 5220 665 5258 sua.
700 5200 882 5270 Legem
910 5196 1263 5250 mandatorum
1292 5208 1556 5246 evacuans.
1588 5189 1913 5256 Quomodo?
1946 5188 2011 5243 Ut
2040 5190 2129 5258 qui

552 5289 988 5362 circumsepserit
1027 5297 1081 5341 et
1122 5285 1428 5339 inimicitias
1470 5282 1581 5337 illic
1618 5280 1857 5336 solverit.
1889 5279 1999 5334 Nec
2029 5279 2130 5334 hoc

559 5388 731 5441 solum
759 5400 875 5439 eam
908 5381 1084 5445 solvit,
1108 5378 1203 5433 sed
1230 5378 1392 5431 etiam
1415 5391 1510 5445 per
1535 5374 1653 5444 ejus
1678 5374 2129 5428 observationem.

558 5477 696 5543 Quid
715 5476 880 5540 enim,
899 5474 941 5527 si
964 5470 1171 5525 liberati
1193 5482 1433 5522 essemus
1454 5480 1484 5519 a
1505 5465 1667 5533 priori
1688 5464 2128 5532 transgressione.

558 5583 748 5624 Tlll'SllS
765 5575 943 5620 autem
959 5579 1075 5619 eam
1093 5575 1312 5616 necesse
1331 5558 1648 5612 haberemus
1665 5556 1914 5611 servare?
1932 5555 2133 5608 Rursus

562 5660 791 5728 idipsum
821 5665 998 5712 esset:
1025 5654 1117 5709 sed
1146 5668 1264 5707 eam
1289 5666 1500 5721 quoque
1529 5650 1685 5703 solvit
1709 5666 1722 5702 :
1747 5647 1930 5719 Legem
1958 5648 2129 5711 enim,

563 5753 754 5822 inquit,
775 5748 1127 5804 ntandatorum
1146 5747 1197 5801 in
1217 5744 1428 5799 decretis
1447 5757 1713 5810 evacuans,
1738 5741 1913 5811 Papzc,
1937 5750 2133 5811 quanta

2151 414 2454 484 benignitas
2479 415 2492 469 ε
2531 414 2680 469 dedit
2707 415 2862 470 nobis
2892 415 3064 484 legem
3096 413 3412 469 servandam
3439 429 3455 468 :
3478 414 3727 484 quoniam

2152 514 2330 559 autem
2362 520 2467 559 non
2494 509 2846 571 servavimus,
2878 520 3000 560 eum
3028 512 3302 574 oporteret
3328 504 3528 573 puniri,
3560 504 3739 573 legent

2153 595 2349 650 solvit:
2373 604 2432 649 ut
2461 596 2506 650 si
2536 595 2657 665 quis
2683 610 2804 649 cum
2834 610 3056 664 puerum
3090 593 3397 649 tradidisset
3422 594 3734 664 paedagogo,

2154 690 2405 758 quoniam
2431 702 2538 742 non
2563 687 2765 755 obedit,
2791 687 2951 742 etiam
2979 702 3009 740 a
3035 686 3325 758 pzedagngo
3350 685 3661 741 liberaverit
3682 697 3737 742 et

2155 780 2456 836 abduxerit.
2496 782 2721 848 Quantae
2760 789 2843 836 est
2883 780 2985 834 hoc
3025 778 3573 849 benignitatis?Qnid
3612 787 3733 842 est,

2159 869 2223 924 In
2250 871 2459 925 decretis
2483 888 2727 925 euacuans
2744 871 2771 924 Ρ
2796 871 3059 941 Magnam,
3086 870 3277 940 inquit,
3303 868 3392 923 hic
3412 868 3563 938 ponit
3582 869 3739 923 dilic-

2158 963 2386 1018 reutiam
2423 962 2659 1017 mandati
2705 972 2761 1017 et
2801 962 3162 1017 decretorum.
3211 965 3319 1015 Aut
3366 960 3524 1014 ﬁdem
3570 960 3740 1024 dicit,

2160 1054 2328 1125 ipsam
2350 1069 2545 1110 vocans
2568 1055 2875 1118 decretum;
2905 1070 2936 1108 a
2957 1053 3070 1107 sola
3094 1053 3238 1108 enim
3264 1052 3364 1106 nde
3386 1053 3562 1106 salvos
3584 1052 3739 1106 fecit:

2165 1157 2259 1202 aut
2302 1158 2626 1218 praeceptum
2652 1189 2668 1213 ,
2708 1149 2845 1203 sicut
2887 1146 3095 1202 dicebat
3121 1146 3403 1209 Christus,
3436 1145 3547 1215 Ego
3577 1155 3746 1198 autem

2167 1240 2283 1293 dico
2314 1240 2483 1308 vobis,
2515 1257 2577 1295 ne
2601 1240 2803 1294 omnino
2830 1240 3122 1293 irascamini
3148 1237 3359 1308 (Matth.
3391 1237 3467 1307 5).
3501 1236 3612 1291 Hoc
3640 1247 3744 1302 est,

2162 1330 2219 1386 Si
2264 1332 2563 1387 credideris
2602 1331 2745 1402 quod
2788 1331 2931 1386 Deus
2974 1346 3097 1384 eum
3140 1328 3388 1384 excitavit
3419 1343 3449 1382 a
3481 1328 3746 1391 mortuis,

2165 1424 2343 1480 salvus
2369 1425 2497 1480 eris.
2527 1425 2596 1479 Et
2614 1440 2819 1487 rursus,
2848 1423 3021 1493 Pr0pe
3046 1432 3117 1477 est
3146 1421 3349 1476 verbum
3369 1422 3424 1475 in
3452 1437 3540 1476 ore
3570 1431 3676 1488 tuo,
3699 1430 3749 1475 et

2166 1518 2219 1571 in
2244 1517 2395 1571 corde
2423 1528 2509 1571 tuo
2540 1517 2717 1587 (Rom.
2748 1516 2833 1571 10.
2868 1517 2945 1585 8).

2239 1609 2292 1663 ’5.
2320 1608 2397 1663 Ne
2437 1608 2634 1663 dixeris
2656 1650 2671 1674 ,
2704 1608 2833 1676 Quis
2869 1606 3123 1661 ascendet
3152 1606 3203 1660 in
3234 1606 3423 1661 czelum
3459 1647 3475 1672 ,
3515 1614 3605 1660 aut
3631 1604 3753 1675 quis

2170 1698 2456 1754 descendet
2483 1699 2535 1754 in
2554 1700 2826 1771 abyssum,
2850 1708 2940 1753 aut
2961 1699 3081 1768 quis
3108 1698 3281 1768 ipsum
3310 1698 3525 1752 sustulit
3549 1711 3581 1751 e
3605 1712 3755 1751 mor-

2170 1792 2319 1847 tuis?
2346 1792 2449 1846 Pro
2482 1793 2587 1845 vita
2616 1792 2772 1846 tidem
2810 1791 3122 1845 introduxit.
3153 1790 3289 1844 Nam
3319 1798 3376 1843 ut
3419 1804 3526 1843 non
3555 1799 3756 1842 temere

2173 1884 2349 1939 salvos
2390 1881 2610 1949 laceret,
2640 1892 2694 1938 et
2722 1883 2832 1951 ipse
2874 1881 2973 1936 fuit
3019 1881 3255 1951 punitus,
3299 1889 3355 1935 et
3397 1878 3554 1935 ﬁdem
3585 1878 3652 1933 ab
3677 1878 3758 1933 eis

2174 1974 2349 2044 exegit
2403 1988 2497 2042 per
2550 1972 2784 2027 decreta.
2843 1969 2909 2026 Ut
2953 1971 3080 2025 duos
3115 1970 3300 2024 condat
3337 1970 3392 2023 in
3439 1970 3759 2037 semetipsum

2175 2067 2229 2119 in
2277 2083 2434 2120 unum
2476 2081 2660 2120 novum
2696 2064 2969 2118 hominem.
3012 2063 3176 2118 Vides
3224 2079 3331 2117 non
3376 2062 3630 2118 Graecum
3668 2060 3756 2114 la-

2178 2166 2319 2213 etum
2357 2157 2597 2212 Judaeum
2623 2198 2637 2224 ,
2688 2155 2783 2210 sed
2818 2164 2874 2211 et
2919 2155 3061 2210 hunc
3111 2164 3169 2210 et
3211 2154 3358 2207 illum
3388 2154 3664 2209 venientes
3690 2151 3759 2206 ad

2179 2249 2408 2303 alterum
2452 2247 2689 2302 statum?
2723 2246 2837 2301 Non
2872 2255 2930 2301 ut
2967 2245 3109 2300 hunc
3146 2245 3307 2300 alium
3350 2243 3541 2308 faciat.
3592 2244 3761 2313 legem

2181 2342 2476 2408 evacuavit,
2504 2340 2602 2397 sed
2623 2348 2682 2395 ut
2709 2340 2845 2396 duos
2871 2340 3070 2395 condat
3089 2355 3153 2395 ac
3174 2349 3342 2395 creet.
3376 2340 3442 2395 Et
3465 2348 3609 2393 recte
3636 2337 3759 2393 ubi-

2184 2450 2287 2502 que
2312 2448 2441 2489 usus
2485 2441 2570 2488 est
2597 2433 2817 2489 nomine
2841 2474 2856 2498 ,
2885 2433 3103 2488 Condat.
3144 2432 3252 2487 Nec
3278 2431 3449 2495 dixit,
3476 2432 3675 2497 Mutet,
3710 2438 3771 2484 ut

2185 2526 2496 2582 ostenderet
2522 2525 2816 2582 efﬁcaciam
2848 2525 2966 2595 ejus
2992 2524 3133 2595 quod
3168 2524 3364 2579 factum
3392 2532 3476 2578 est
3500 2564 3516 2589 ,
3546 2532 3600 2577 et
3624 2520 3772 2591 quod

2188 2618 2400 2673 etiamsi
2427 2617 2632 2673 creatio
2659 2617 2815 2673 cadat
2845 2617 2947 2673 sub
2972 2627 3284 2686 aspectum.
3317 2615 3405 2670 illa
3436 2624 3613 2669 tamen
3658 2629 3768 2668 non

2189 2720 2273 2765 est
2296 2709 2411 2765 haec
2436 2710 2611 2764 minor
2634 2750 2650 2777 ,
2690 2719 2745 2765 et
2766 2710 2908 2781 quod
2940 2709 3008 2764 de
3042 2718 3239 2764 caetero
3265 2723 3371 2763 non
3410 2709 3480 2763 sit
3510 2707 3661 2763 nobis
3688 2722 3778 2762 re-

2194 2804 2476 2859 siliendum
2508 2818 2537 2857 a
2559 2804 2723 2859 rebus
2746 2804 3101 2859 naturalibus.
3139 2801 3206 2858 Ut
3234 2802 3385 2869 duos,
3417 2802 3608 2869 inquit,
3643 2817 3775 2855 con-

2195 2898 2282 2949 dat
2309 2897 2362 2949 in
2398 2897 2566 2966 seipse
2614 2911 2633 2949 :
2657 2896 2762 2950 hoc
2805 2905 2926 2959 est,
2973 2911 3069 2965 per
3097 2895 3355 2965 seipsum.
3383 2893 3499 2948 Non
3545 2894 3634 2948 alii
3672 2891 3782 2947 hoc

2196 2987 2486 3053 mandavit,
2512 2986 2605 3042 sed
2632 3002 2728 3057 per
2754 2987 3010 3057 seipsum,
3036 3002 3160 3042 cum
3191 2997 3248 3042 et
3277 2986 3418 3041 hunc
3441 2995 3497 3042 et
3521 2986 3668 3040 illum
3697 2986 3782 3040 lu-

2198 3079 2365 3134 disset
2396 3089 2451 3135 et
2486 3079 2796 3145 conﬂasset,
2843 3096 3007 3134 unum
3055 3079 3311 3151 produxit
3362 3079 3733 3135 admirabilem
3758 3122 3778 3145 ,

2200 3186 2320 3227 cum
2361 3173 2473 3243 ipse
2502 3171 2605 3227 hoc
2630 3173 2862 3243 primum
2892 3172 3064 3227 iactus
3093 3182 3238 3229 esset
3270 3189 3284 3228 ε
3312 3172 3454 3242 quod
3483 3182 3566 3227 est
3606 3171 3784 3241 majus

2202 3265 2365 3334 priori
2414 3274 2676 3319 creatura.
2727 3264 2837 3319 Hoc
2883 3273 2966 3319 est
2994 3262 3271 3331 enim,1n
3313 3265 3614 3333 semetipso,
3656 3278 3782 3317 cum

2205 3357 2319 3426 ipse
2367 3358 2568 3427 primus
2613 3357 2839 3412 formam
2889 3358 3175 3427 prmbuerit
3215 3367 3270 3413 et
3311 3358 3602 3427 exemplar.
3648 3355 3786 3411 Nam

2206 3462 2326 3502 cum
2345 3447 2467 3503 hinc
2489 3449 2748 3503 tenuisset
2772 3447 3009 3502 Judaeum
3040 3458 3096 3503 et
3117 3449 3265 3503 illinc
3291 3447 3561 3512 Graecum,
3588 3455 3641 3501 et
3667 3446 3790 3516 ipse

2209 3537 2397 3593 fuisset
2412 3539 2641 3606 medius,
2666 3547 2721 3593 et
2743 3554 2837 3594 eos
2856 3540 3303 3608 commiscuisset,
3326 3550 3382 3594 et
3404 3537 3656 3609 quidquid
3688 3554 3792 3592 eo—

2211 3644 2329 3684 rum
2384 3640 2501 3684 erat
2546 3629 2899 3685 abalienatum
2946 3629 3251 3693 delevisset,
3299 3629 3531 3700 desuper
3576 3629 3796 3685 reﬁnxit

2215 3734 2309 3788 per
2336 3718 2512 3790 ignem
2548 3729 2604 3775 et
2627 3735 2818 3789 aquam
2850 3738 2864 3774 :
2899 3737 3004 3775 non
3033 3723 3214 3791 utique
3238 3735 3333 3791 per
3360 3735 3553 3791 aquam
3590 3729 3643 3774 ct
3670 3730 3797 3775 ter-

2214 3826 2353 3878 ram,
2402 3812 2495 3868 sed
2534 3828 2630 3882 per
2670 3828 2860 3883 aquam
2904 3821 2959 3868 et
2995 3816 3193 3885 ignem.
3229 3813 3421 3869 Factus
3458 3822 3541 3869 est
3573 3812 3797 3868 Judteus

2216 3907 2563 3962 circumciSus
2585 3949 2601 3973 ,
2628 3905 2799 3961 factus
2838 3915 2920 3960 est
2948 3906 3261 3961 maledictus
3286 3924 3301 3972 ;
3334 3907 3504 3961 lactus
3528 3917 3612 3960 est
3639 3905 3797 3961 Cra:-

2217 4014 2313 4053 cus
2341 4007 2489 4052 extra
2521 3997 2713 4068 legem,
2744 3998 2903 4052 etiam
2942 4013 3102 4067 supra
3127 3997 3346 4053 Graecos
3372 4009 3427 4053 et
3453 3997 3690 4052 Judaeos.
3719 3996 3794 4050 hs

2219 4107 2374 4143 unum
2402 4106 2606 4154 novum,
2636 4091 2825 4159 inquit,
2858 4091 3130 4144 hominem.
3161 4089 3381 4145 Faciens
3407 4107 3583 4160 pacem
3613 4091 3742 4159 ipsis
3780 4108 3796 4143 :

2221 4192 2275 4237 et
2300 4197 2418 4236 cum
2450 4182 2591 4247 Deo,
2623 4190 2680 4235 et
2708 4180 2846 4235 inter
2874 4197 2954 4235 se.
2998 4181 3114 4235 Non
3142 4182 3284 4234 enim
3319 4190 3597 4235 manentes
3623 4180 3800 4235 Juda'i

2223 4286 2275 4327 et
2303 4273 2471 4328 Graeci
2518 4281 2700 4326 essent
2746 4272 3050 4336 conciliati;
3090 4272 3192 4326 nisi
3236 4283 3415 4327 autem
3460 4288 3491 4326 a
3535 4286 3632 4326 suo
3657 4281 3803 4327 statu

2228 4365 2429 4420 liberati
2460 4365 2684 4418 fuissent
2703 4404 2718 4429 ,
2749 4363 3021 4433 quomodo
3047 4362 3322 4417 venissent
3346 4363 3411 4417 ad
3438 4363 3599 4417 alium
3629 4363 3803 4432 majo-

2225 4457 2381 4511 rem?
2408 4456 2622 4511 ]ιιαιιυιιε
2678 4458 2820 4511 enim
2848 4465 2972 4510 tunc
2995 4453 3182 4510 Grzrco
3203 4454 3561 4524 conjungitur,
3586 4454 3810 4524 quando

2226 4548 2398 4603 factus
2428 4548 2587 4603 fuerit
2616 4547 2827 4602 ﬁdelis:
2859 4556 2918 4600 ut
2943 4549 2986 4601 si
3011 4546 3229 4618 quidam
3252 4587 3270 4614 ,
3304 4547 3349 4601 si
3375 4547 3482 4602 sint
3502 4547 3608 4602 duo
3645 4546 3807 4601 habi—

2230 4641 2423 4707 tacula,
2453 4640 2659 4695 inferne
2686 4649 2741 4694 et
2767 4654 2999 4708 superne
3019 4655 3183 4694 unum
3207 4638 3579 4694 admirandum
3609 4648 3664 4693 et
3682 4653 3808 4692 ma-

2228 4746 2412 4802 gnum.
2454 4746 2559 4785 non
2591 4746 2651 4785 se
2679 4731 2951 4795 potuerint
2975 4740 3161 4785 mutuo
3186 4730 3369 4785 videre
3403 4730 3575 4784 donec
3606 4729 3809 4783 fuerint

2230 4822 2494 4892 superius.
2540 4820 2756 4875 Faciens
2798 4837 3013 4891 pacem;
3052 4822 3220 4893 magis
3255 4830 3433 4877 autem
3484 4835 3606 4875 cum
3641 4820 3756 4875 Deo
3790 4837 3805 4872 :

2233 4912 2375 4983 quod
2423 4913 2563 4967 enim
2595 4913 2841 4981 sequitur
2869 4913 2969 4966 hoc
2997 4912 3253 4967 ostendit.
3285 4911 3421 4979 Quid
3448 4912 3588 4966 enim
3628 4909 3811 4965 dicit?

2235 5006 2322 5059 16.
2348 5004 2415 5060 Ut
2430 5005 2715 5058 reconciliet
2737 5004 2907 5057 ambos
2930 5004 3097 5057 inuno
3119 5020 3328 5074 corpore
3349 5003 3455 5057 Deo
3475 5020 3560 5073 per
3586 5020 3811 5058 crucem.

2234 5097 2349 5151 Non
2374 5096 2815 5161 dixit,Conciliet,
2848 5095 2964 5160 sed,
2993 5095 3321 5161 Reconciliet,
3353 5097 3639 5151 ostendens
3666 5096 3811 5164 quod

2236 5199 2392 5242 antea
2432 5188 2665 5241 humana
2695 5195 2881 5240 natura
2928 5186 3141 5241 eratad
3178 5186 3564 5241 conciliandum
3614 5187 3808 5253 facilis,

2237 5280 2439 5334 scilicet
2470 5280 2522 5332 in
2548 5279 2749 5334 sanctis
2772 5289 2826 5332 et
2850 5287 2976 5333 ante
3002 5279 3193 5348 legem.
3222 5276 3288 5331 In
3315 5295 3414 5331 uno
3444 5294 3653 5347 corpore
3676 5320 3692 5344 ,
3726 5278 3814 5333 in-

2238 5370 2374 5439 quit,
2404 5385 2501 5424 suo
2528 5370 2764 5439 quidem,
2783 5367 2911 5422 Deo.
2943 5368 3221 5435 Quomodo
3242 5369 3301 5423 lit
3322 5368 3462 5423 hoc?
3492 5367 3559 5424 Ut
3580 5369 3671 5438 qui
3699 5384 3816 5440 pas.

2240 5476 2361 5514 nam
2389 5501 2404 5526 ,
2436 5460 2645 5529 inquit,
2674 5475 2794 5529 quae
2818 5459 3113 5514 debebatur
3140 5459 3254 5528 ipse
3296 5459 3523 5514 subierit
3560 5476 3655 5528 per
3682 5476 3812 5515 cru-

2240 5566 2379 5605 cem.
2434 5548 2757 5618 Inlerﬁciens
2795 5550 3085 5604 inimicitias
3122 5550 3176 5603 in
3210 5551 3395 5620 seipse.
3441 5550 3583 5606 Nihil
3624 5562 3709 5605 est
3736 5551 3821 5605 his

2241 5643 2419 5698 verbis
2454 5644 2622 5713 magis
2651 5645 2925 5712 proprium
2948 5685 2963 5706 ,
3006 5642 3136 5697 nihil
3164 5642 3303 5712 quod
3331 5642 3589 5713 majorem
3623 5642 3813 5697 haheat

2248 5735 2564 5805 emphasim.
2587 5735 2727 5791 Mors
2752 5735 2869 5801 ejus
2898 5735 3160 5792 interfecit
3188 5734 3490 5791 inimicitias
3515 5774 3530 5794 .
3564 5736 3814 5792 sauciarit
