  <div class='ocr_page' id='page_1' title='image "/cluster/home/n/w/nwhite01/storage/ocr_20150623/62/nnc1.0046979654/047.png"; bbox 0 0 4060 6400; ppageno 0'>
   <div class='ocr_carea' id='block_1_1' title="bbox 450 364 3674 463">
    <p class='ocr_par' dir='ltr' id='par_1_1' title="bbox 450 364 3674 463">
     <span class='ocr_line' id='line_1_1' title="bbox 450 364 3674 463; baseline -0.001 -36"><span class='ocrx_word' id='word_1_1' title='bbox 450 373 515 427; x_wconf 70' lang='grc' dir='ltr'>ιι</span> <span class='ocrx_word' id='word_1_2' title='bbox 1153 367 1209 420; x_wconf 84' lang='lat' dir='ltr'>S.</span> <span class='ocrx_word' id='word_1_3' title='bbox 1249 368 1534 428; x_wconf 79' lang='lat' dir='ltr'>JOANNIS</span> <span class='ocrx_word' id='word_1_4' title='bbox 1570 369 2067 463; x_wconf 58' lang='lat' dir='ltr'>CﬂRYSOSTOMl</span> <span class='ocrx_word' id='word_1_5' title='bbox 2099 370 2435 449; x_wconf 49' lang='lat' dir='ltr'>ARCHIEP,</span> <span class='ocrx_word' id='word_1_6' title='bbox 2458 364 3001 427; x_wconf 77' lang='lat' dir='ltr'>CONSTANTINOP.</span> <span class='ocrx_word' id='word_1_7' title='bbox 3601 369 3674 424; x_wconf 66' lang='lat' dir='ltr'><strong>ﬂ</strong></span> 
     </span>
    </p>
   </div>
   <div class='ocr_carea' id='block_1_2' title="bbox 435 478 2005 555">
    <p class='ocr_par' dir='ltr' id='par_1_2' title="bbox 435 478 2005 555">
     <span class='ocr_line' id='line_1_2' title="bbox 435 478 2005 555; baseline -0.001 -17"><span class='ocrx_word' id='word_1_8' title='bbox 435 484 610 547; x_wconf 77' lang='grc' dir='ltr'>κικὺν,</span> <span class='ocrx_word' id='word_1_9' title='bbox 645 480 705 534; x_wconf 81' lang='grc' dir='ltr'>οὐ</span> <span class='ocrx_word' id='word_1_10' title='bbox 756 478 1080 550; x_wconf 89' lang='grc' dir='ltr'>τεχθήσεται</span> <span class='ocrx_word' id='word_1_11' title='bbox 1128 481 1323 551; x_wconf 88' lang='grc' dir='ltr'>ἐτέρα,</span> <span class='ocrx_word' id='word_1_12' title='bbox 1361 483 1496 537; x_wconf 83' lang='grc' dir='ltr'>ἀλλὰ</span> <span class='ocrx_word' id='word_1_13' title='bbox 1540 487 1691 553; x_wconf 86' lang='grc' dir='ltr'>μενεῖ</span> <span class='ocrx_word' id='word_1_14' title='bbox 1734 485 1766 554; x_wconf 86' lang='grc' dir='ltr'>ή</span> <span class='ocrx_word' id='word_1_15' title='bbox 1815 485 2005 555; x_wconf 78' lang='grc' dir='ltr'>εἰρήνη</span> 
     </span>
    </p>
   </div>
   <div class='ocr_carea' id='block_1_3' title="bbox 435 566 641 635">
    <p class='ocr_par' dir='ltr' id='par_1_3' title="bbox 435 566 641 635">
     <span class='ocr_line' id='line_1_3' title="bbox 435 566 641 635; baseline -0.019 -15"><span class='ocrx_word' id='word_1_16' title='bbox 435 566 641 635; x_wconf 89' lang='grc' dir='ltr'>ἐκείνη.</span> 
     </span>
    </p>
   </div>
   <div class='ocr_carea' id='block_1_4' title="bbox 518 647 2006 717">
    <p class='ocr_par' dir='ltr' id='par_1_4' title="bbox 518 647 2006 717">
     <span class='ocr_line' id='line_1_4' title="bbox 518 647 2006 717; baseline 0 -16"><span class='ocrx_word' id='word_1_17' title='bbox 518 648 802 717; x_wconf 86' lang='grc' dir='ltr'>Ἐννόησον</span> <span class='ocrx_word' id='word_1_18' title='bbox 827 647 935 714; x_wconf 86' lang='grc' dir='ltr'>γὰρ</span> <span class='ocrx_word' id='word_1_19' title='bbox 964 647 1087 699; x_wconf 79' lang='grc' dir='ltr'>ὅσον</span> <span class='ocrx_word' id='word_1_20' title='bbox 1117 649 1230 701; x_wconf 75' lang='grc' dir='ltr'>ἐστὶ</span> <span class='ocrx_word' id='word_1_21' title='bbox 1264 650 1451 713; x_wconf 79' lang='grc' dir='ltr'>κακὸν,</span> <span class='ocrx_word' id='word_1_22' title='bbox 1478 650 1720 706; x_wconf 81' lang='grc' dir='ltr'>τοσαῦτα</span> <span class='ocrx_word' id='word_1_23' title='bbox 1744 651 1839 703; x_wconf 92' lang='grc' dir='ltr'>τοῦ</span> <span class='ocrx_word' id='word_1_24' title='bbox 1869 648 2006 703; x_wconf 85' lang='grc' dir='ltr'>Θεοῦ</span> 
     </span>
    </p>
   </div>
   <div class='ocr_carea' id='block_1_5' title="bbox 434 730 2008 803">
    <p class='ocr_par' dir='ltr' id='par_1_5' title="bbox 434 730 2008 803">
     <span class='ocr_line' id='line_1_5' title="bbox 434 730 2008 803; baseline -0.001 -17"><span class='ocrx_word' id='word_1_25' title='bbox 434 730 1024 803; x_wconf 82' lang='grc' dir='ltr'>πραγματευσαμένου,</span> <span class='ocrx_word' id='word_1_26' title='bbox 1059 731 1143 783; x_wconf 82' lang='grc' dir='ltr'>ἵνα</span> <span class='ocrx_word' id='word_1_27' title='bbox 1172 732 1623 802; x_wconf 87' lang='grc' dir='ltr'>καταλλαγῶμεν,</span> <span class='ocrx_word' id='word_1_28' title='bbox 1659 734 1751 785; x_wconf 79' lang='grc' dir='ltr'>καὶ</span> <span class='ocrx_word' id='word_1_29' title='bbox 1776 732 2008 786; x_wconf 84' lang='grc' dir='ltr'>ἀνύσαν-</span> 
     </span>
    </p>
   </div>
   <div class='ocr_carea' id='block_1_6' title="bbox 433 811 2007 885">
    <p class='ocr_par' dir='ltr' id='par_1_6' title="bbox 433 811 2007 885">
     <span class='ocr_line' id='line_1_6' title="bbox 433 811 2007 885; baseline 0.001 -18"><span class='ocrx_word' id='word_1_30' title='bbox 433 831 543 877; x_wconf 88' lang='grc' dir='ltr'>τος,</span> <span class='ocrx_word' id='word_1_31' title='bbox 576 811 743 865; x_wconf 88' lang='grc' dir='ltr'>πάλιν</span> <span class='ocrx_word' id='word_1_32' title='bbox 761 813 907 882; x_wconf 76' lang='grc' dir='ltr'>ἡμᾶς</span> <span class='ocrx_word' id='word_1_33' title='bbox 931 814 1012 874; x_wconf 89' lang='grc' dir='ltr'>εἰς</span> <span class='ocrx_word' id='word_1_34' title='bbox 1033 811 1232 882; x_wconf 76' lang='grc' dir='ltr'>ἔχθραν</span> <span class='ocrx_word' id='word_1_35' title='bbox 1264 813 1596 867; x_wconf 85' lang='grc' dir='ltr'>ἐπανελθεῖν.</span> <span class='ocrx_word' id='word_1_36' title='bbox 1632 814 1851 885; x_wconf 76' lang='grc' dir='ltr'>Ταύτην</span> <span class='ocrx_word' id='word_1_37' title='bbox 1876 815 2007 867; x_wconf 82' lang='grc' dir='ltr'>οὐκ·</span> 
     </span>
    </p>
   </div>
   <div class='ocr_carea' id='block_1_7' title="bbox 433 893 2008 966">
    <p class='ocr_par' dir='ltr' id='par_1_7' title="bbox 433 893 2008 966">
     <span class='ocr_line' id='line_1_7' title="bbox 433 893 2008 966; baseline 0.001 -17"><span class='ocrx_word' id='word_1_38' title='bbox 433 898 516 950; x_wconf 82' lang='grc' dir='ltr'>ἐτι</span> <span class='ocrx_word' id='word_1_39' title='bbox 542 894 786 964; x_wconf 86' lang='grc' dir='ltr'>λουτρὸν,</span> <span class='ocrx_word' id='word_1_40' title='bbox 820 893 933 946; x_wconf 84' lang='grc' dir='ltr'>ἀλλ’</span> <span class='ocrx_word' id='word_1_41' title='bbox 957 897 991 966; x_wconf 79' lang='grc' dir='ltr'><strong>ἡ</strong></span> <span class='ocrx_word' id='word_1_42' title='bbox 1019 895 1212 962; x_wconf 82' lang='grc' dir='ltr'>γέεννα</span> <span class='ocrx_word' id='word_1_43' title='bbox 1238 897 1408 964; x_wconf 85' lang='grc' dir='ltr'>μένει,</span> <span class='ocrx_word' id='word_1_44' title='bbox 1436 898 1619 949; x_wconf 87' lang='grc' dir='ltr'>οὐκέτι</span> <span class='ocrx_word' id='word_1_45' title='bbox 1650 899 1863 966; x_wconf 84' lang='grc' dir='ltr'>ἄφεσις,</span> <span class='ocrx_word' id='word_1_46' title='bbox 1891 897 2008 951; x_wconf 86' lang='grc' dir='ltr'>ἀλλ’</span> 
     </span>
    </p>
   </div>
   <div class='ocr_carea' id='block_1_8' title="bbox 432 976 2005 1050">
    <p class='ocr_par' dir='ltr' id='par_1_8' title="bbox 432 976 2005 1050">
     <span class='ocr_line' id='line_1_8' title="bbox 432 976 2005 1050; baseline 0.001 -19"><span class='ocrx_word' id='word_1_47' title='bbox 432 978 703 1042; x_wconf 78' lang='grc' dir='ltr'>ἐξέτασις.</span> <span class='ocrx_word' id='word_1_48' title='bbox 734 976 994 1047; x_wconf 84' lang='grc' dir='ltr'>Φρόνημα</span> <span class='ocrx_word' id='word_1_49' title='bbox 1038 978 1138 1047; x_wconf 82' lang='grc' dir='ltr'>τῆς</span> <span class='ocrx_word' id='word_1_50' title='bbox 1190 978 1415 1047; x_wconf 87' lang='grc' dir='ltr'>σαρκὸς,</span> <span class='ocrx_word' id='word_1_51' title='bbox 1469 979 1683 1050; x_wconf 82' lang='grc' dir='ltr'>τρυφὴ,</span> <span class='ocrx_word' id='word_1_52' title='bbox 1720 981 2005 1049; x_wconf 83' lang='grc' dir='ltr'>σπατάλη⁶</span> 
     </span>
    </p>
   </div>
   <div class='ocr_carea' id='block_1_9' title="bbox 434 1059 2003 1134">
    <p class='ocr_par' dir='ltr' id='par_1_9' title="bbox 434 1059 2003 1134">
     <span class='ocr_line' id='line_1_9' title="bbox 434 1059 2003 1134; baseline 0.002 -21"><span class='ocrx_word' id='word_1_53' title='bbox 434 1062 691 1131; x_wconf 80' lang='grc' dir='ltr'>φρόνημα</span> <span class='ocrx_word' id='word_1_54' title='bbox 716 1059 817 1127; x_wconf 83' lang='grc' dir='ltr'>τῆς</span> <span class='ocrx_word' id='word_1_55' title='bbox 849 1060 1072 1130; x_wconf 86' lang='grc' dir='ltr'>σαρκὸς,</span> <span class='ocrx_word' id='word_1_56' title='bbox 1100 1060 1386 1127; x_wconf 80' lang='grc' dir='ltr'>πλεονεξία</span> <span class='ocrx_word' id='word_1_57' title='bbox 1427 1063 1520 1115; x_wconf 75' lang='grc' dir='ltr'>καὶ</span> <span class='ocrx_word' id='word_1_58' title='bbox 1547 1064 1697 1115; x_wconf 84' lang='grc' dir='ltr'>πᾶσα</span> <span class='ocrx_word' id='word_1_59' title='bbox 1735 1063 2003 1134; x_wconf 60' lang='grc' dir='ltr'>ἁμαρτία.</span> 
     </span>
    </p>
   </div>
   <div class='ocr_carea' id='block_1_10' title="bbox 431 1139 2007 1214">
    <p class='ocr_par' dir='ltr' id='par_1_10' title="bbox 431 1139 2007 1214">
     <span class='ocr_line' id='line_1_10' title="bbox 431 1139 2007 1214; baseline 0.003 -19"><span class='ocrx_word' id='word_1_60' title='bbox 431 1143 531 1195; x_wconf 85' lang='grc' dir='ltr'>Διά</span> <span class='ocrx_word' id='word_1_61' title='bbox 586 1139 638 1194; x_wconf 84' lang='grc' dir='ltr'>τί</span> <span class='ocrx_word' id='word_1_62' title='bbox 698 1142 951 1211; x_wconf 85' lang='grc' dir='ltr'>φρόνημα</span> <span class='ocrx_word' id='word_1_63' title='bbox 985 1143 1187 1212; x_wconf 84' lang='grc' dir='ltr'>σαρκὸς</span> <span class='ocrx_word' id='word_1_64' title='bbox 1220 1144 1469 1214; x_wconf 80' lang='grc' dir='ltr'>εἴρηται;</span> <span class='ocrx_word' id='word_1_65' title='bbox 1528 1144 1706 1197; x_wconf 89' lang='grc' dir='ltr'>καίτοι</span> <span class='ocrx_word' id='word_1_66' title='bbox 1750 1162 1814 1213; x_wconf 87' lang='grc' dir='ltr'>γε</span> <span class='ocrx_word' id='word_1_67' title='bbox 1853 1146 2007 1199; x_wconf 84' lang='grc' dir='ltr'>οὐδὲν</span> 
     </span>
    </p>
   </div>
   <div class='ocr_carea' id='block_1_11' title="bbox 430 1226 2007 1299">
    <p class='ocr_par' dir='ltr' id='par_1_11' title="bbox 430 1226 2007 1299">
     <span class='ocr_line' id='line_1_11' title="bbox 430 1226 2007 1299; baseline 0.001 -18"><span class='ocrx_word' id='word_1_68' title='bbox 430 1228 557 1281; x_wconf 84' lang='grc' dir='ltr'>ἄνευ</span> <span class='ocrx_word' id='word_1_69' title='bbox 591 1226 768 1295; x_wconf 76' lang='grc' dir='ltr'>ψυχῆς</span> <span class='ocrx_word' id='word_1_70' title='bbox 796 1227 1089 1293; x_wconf 76' lang='grc' dir='ltr'>εἰργάσατο</span> <span class='ocrx_word' id='word_1_71' title='bbox 1108 1226 1171 1279; x_wconf 79' lang='grc' dir='ltr'>ἄν</span> <span class='ocrx_word' id='word_1_72' title='bbox 1198 1226 1246 1279; x_wconf 72' lang='lat' dir='ltr'>b.</span> <span class='ocrx_word' id='word_1_73' title='bbox 1280 1228 1353 1279; x_wconf 79' lang='grc' dir='ltr'><strong>Οὐ</strong></span> <span class='ocrx_word' id='word_1_74' title='bbox 1382 1227 1683 1280; x_wconf 87' lang='grc' dir='ltr'>διαϐάλλων</span> <span class='ocrx_word' id='word_1_75' title='bbox 1706 1229 1805 1299; x_wconf 83' lang='grc' dir='ltr'>τὴν</span> <span class='ocrx_word' id='word_1_76' title='bbox 1830 1230 2007 1299; x_wconf 84' lang='grc' dir='ltr'>σάρκα</span> 
     </span>
    </p>
   </div>
   <div class='ocr_carea' id='block_1_12' title="bbox 430 1308 2004 1379">
    <p class='ocr_par' dir='ltr' id='par_1_12' title="bbox 430 1308 2004 1379">
     <span class='ocr_line' id='line_1_12' title="bbox 430 1308 2004 1379; baseline 0.003 -20"><span class='ocrx_word' id='word_1_77' title='bbox 430 1308 600 1376; x_wconf 87' lang='grc' dir='ltr'>λέγει,</span> <span class='ocrx_word' id='word_1_78' title='bbox 638 1308 760 1359; x_wconf 84' lang='grc' dir='ltr'>ἐπεὶ</span> <span class='ocrx_word' id='word_1_79' title='bbox 795 1308 890 1359; x_wconf 74' lang='grc' dir='ltr'>καὶ</span> <span class='ocrx_word' id='word_1_80' title='bbox 920 1308 1048 1360; x_wconf 82' lang='grc' dir='ltr'>ὅταν</span> <span class='ocrx_word' id='word_1_81' title='bbox 1078 1309 1207 1378; x_wconf 83' lang='grc' dir='ltr'>λέγῃ</span> <span class='ocrx_word' id='word_1_82' title='bbox 1231 1348 1245 1373; x_wconf 89' lang='grc'>,</span> <span class='ocrx_word' id='word_1_83' title='bbox 1281 1311 1549 1376; x_wconf 79' lang='grc' dir='ltr'>Ψυχικὸς</span> <span class='ocrx_word' id='word_1_84' title='bbox 1581 1310 1912 1379; x_wconf 77' lang='grc' dir='ltr'>ἄνθρωπος,</span> <span class='ocrx_word' id='word_1_85' title='bbox 1945 1313 2004 1364; x_wconf 83' lang='grc' dir='ltr'>οὐ</span> 
     </span>
    </p>
   </div>
   <div class='ocr_carea' id='block_1_13' title="bbox 430 1388 2010 1464">
    <p class='ocr_par' dir='ltr' id='par_1_13' title="bbox 430 1388 2010 1464">
     <span class='ocr_line' id='line_1_13' title="bbox 430 1388 2010 1464; baseline 0.003 -21"><span class='ocrx_word' id='word_1_86' title='bbox 430 1391 734 1444; x_wconf 87' lang='grc' dir='ltr'>διαϐάλλων</span> <span class='ocrx_word' id='word_1_87' title='bbox 766 1388 862 1459; x_wconf 86' lang='grc' dir='ltr'>τὴν</span> <span class='ocrx_word' id='word_1_88' title='bbox 887 1389 1064 1459; x_wconf 74' lang='grc' dir='ltr'>ψυχὴν</span> <span class='ocrx_word' id='word_1_89' title='bbox 1086 1391 1243 1443; x_wconf 90' lang='grc' dir='ltr'>τοῦτό</span> <span class='ocrx_word' id='word_1_90' title='bbox 1264 1408 1451 1461; x_wconf 90' lang='grc' dir='ltr'>φησιν,</span> <span class='ocrx_word' id='word_1_91' title='bbox 1478 1392 1593 1446; x_wconf 82' lang='grc' dir='ltr'>ἀλλ’</span> <span class='ocrx_word' id='word_1_92' title='bbox 1623 1394 1704 1445; x_wconf 82' lang='grc' dir='ltr'>ὅτι</span> <span class='ocrx_word' id='word_1_93' title='bbox 1728 1395 1827 1447; x_wconf 79' lang='grc' dir='ltr'>οὐκ</span> <span class='ocrx_word' id='word_1_94' title='bbox 1849 1395 2010 1464; x_wconf 85' lang='grc' dir='ltr'>ἀρκεῖ</span> 
     </span>
    </p>
   </div>
   <div class='ocr_carea' id='block_1_14' title="bbox 430 1471 2008 1545">
    <p class='ocr_par' dir='ltr' id='par_1_14' title="bbox 430 1471 2008 1545">
     <span class='ocr_line' id='line_1_14' title="bbox 430 1471 2008 1545; baseline 0.003 -19"><span class='ocrx_word' id='word_1_95' title='bbox 430 1473 553 1526; x_wconf 77' lang='grc' dir='ltr'>οὔτε</span> <span class='ocrx_word' id='word_1_96' title='bbox 587 1472 767 1542; x_wconf 88' lang='grc' dir='ltr'>σῶμα,</span> <span class='ocrx_word' id='word_1_97' title='bbox 813 1471 937 1525; x_wconf 81' lang='grc' dir='ltr'>οὔτε</span> <span class='ocrx_word' id='word_1_98' title='bbox 965 1473 1109 1543; x_wconf 71' lang='grc' dir='ltr'>ψυχὴ</span> <span class='ocrx_word' id='word_1_99' title='bbox 1140 1473 1259 1527; x_wconf 81' lang='grc' dir='ltr'>καθ’</span> <span class='ocrx_word' id='word_1_100' title='bbox 1288 1475 1505 1545; x_wconf 86' lang='grc' dir='ltr'>ἐαυτὴν,</span> <span class='ocrx_word' id='word_1_101' title='bbox 1548 1478 1622 1545; x_wconf 85' lang='grc' dir='ltr'>μὴ</span> <span class='ocrx_word' id='word_1_102' title='bbox 1668 1476 1767 1545; x_wconf 83' lang='grc' dir='ltr'>τῆς</span> <span class='ocrx_word' id='word_1_103' title='bbox 1802 1476 2008 1530; x_wconf 79' lang='grc' dir='ltr'>ἄνωθεν</span> 
     </span>
    </p>
   </div>
   <div class='ocr_carea' id='block_1_15' title="bbox 433 1554 2004 1629">
    <p class='ocr_par' dir='ltr' id='par_1_15' title="bbox 433 1554 2004 1629">
     <span class='ocr_line' id='line_1_15' title="bbox 433 1554 2004 1629; baseline 0.002 -20"><span class='ocrx_word' id='word_1_104' title='bbox 433 1555 607 1627; x_wconf 81' lang='grc' dir='ltr'>ῥοπῆς</span> <span class='ocrx_word' id='word_1_105' title='bbox 634 1554 1008 1619; x_wconf 85' lang='grc' dir='ltr'>ἀπολαύουσα,</span> <span class='ocrx_word' id='word_1_106' title='bbox 1064 1557 1280 1626; x_wconf 72' lang='grc' dir='ltr'>ποιῆσαί</span> <span class='ocrx_word' id='word_1_107' title='bbox 1331 1575 1384 1610; x_wconf 87' lang='grc' dir='ltr'>τι</span> <span class='ocrx_word' id='word_1_108' title='bbox 1425 1562 1671 1626; x_wconf 89' lang='grc' dir='ltr'>γενναῖον</span> <span class='ocrx_word' id='word_1_109' title='bbox 1705 1559 1800 1612; x_wconf 75' lang='grc' dir='ltr'>καὶ</span> <span class='ocrx_word' id='word_1_110' title='bbox 1841 1560 2004 1629; x_wconf 86' lang='grc' dir='ltr'>μέγα.</span> 
     </span>
    </p>
   </div>
   <div class='ocr_carea' id='block_1_16' title="bbox 430 1636 2005 1711">
    <p class='ocr_par' dir='ltr' id='par_1_16' title="bbox 430 1636 2005 1711">
     <span class='ocr_line' id='line_1_16' title="bbox 430 1636 2005 1711; baseline 0.002 -22"><span class='ocrx_word' id='word_1_111' title='bbox 430 1639 532 1691; x_wconf 84' lang='grc' dir='ltr'>Διὰ</span> <span class='ocrx_word' id='word_1_112' title='bbox 573 1636 732 1690; x_wconf 88' lang='grc' dir='ltr'>τοῦτο</span> <span class='ocrx_word' id='word_1_113' title='bbox 784 1638 992 1707; x_wconf 81' lang='grc' dir='ltr'>ψυχικά</span> <span class='ocrx_word' id='word_1_114' title='bbox 1043 1641 1225 1692; x_wconf 86' lang='grc' dir='ltr'>ἐκεῖνα</span> <span class='ocrx_word' id='word_1_115' title='bbox 1280 1640 1454 1704; x_wconf 87' lang='grc' dir='ltr'>καλεῖ,</span> <span class='ocrx_word' id='word_1_116' title='bbox 1503 1641 1538 1694; x_wconf 81' lang='grc' dir='ltr'>ἃ</span> <span class='ocrx_word' id='word_1_117' title='bbox 1587 1641 1708 1694; x_wconf 85' lang='grc' dir='ltr'>καθ’</span> <span class='ocrx_word' id='word_1_118' title='bbox 1743 1640 2005 1711; x_wconf 80' lang='grc' dir='ltr'>ἐαυτὴνή</span> 
     </span>
    </p>
   </div>
   <div class='ocr_carea' id='block_1_17' title="bbox 429 1720 2003 1791">
    <p class='ocr_par' dir='ltr' id='par_1_17' title="bbox 429 1720 2003 1791">
     <span class='ocr_line' id='line_1_17' title="bbox 429 1720 2003 1791; baseline 0.003 -18"><span class='ocrx_word' id='word_1_119' title='bbox 429 1721 578 1791; x_wconf 74' lang='grc' dir='ltr'>ψυχὴ</span> <span class='ocrx_word' id='word_1_120' title='bbox 618 1720 943 1791; x_wconf 87' lang='grc' dir='ltr'>ἐργάζεται·</span> <span class='ocrx_word' id='word_1_121' title='bbox 1002 1721 1095 1773; x_wconf 75' lang='grc' dir='ltr'>καὶ</span> <span class='ocrx_word' id='word_1_122' title='bbox 1128 1722 1366 1789; x_wconf 85' lang='grc' dir='ltr'>σαρκικὰ</span> <span class='ocrx_word' id='word_1_123' title='bbox 1394 1725 1574 1776; x_wconf 87' lang='grc' dir='ltr'>ἐκεῖνα</span> <span class='ocrx_word' id='word_1_124' title='bbox 1608 1723 1781 1789; x_wconf 88' lang='grc' dir='ltr'>καλεῖ,</span> <span class='ocrx_word' id='word_1_125' title='bbox 1816 1723 1853 1778; x_wconf 79' lang='grc' dir='ltr'>ἃ.</span> <span class='ocrx_word' id='word_1_126' title='bbox 1884 1725 2003 1778; x_wconf 87' lang='grc' dir='ltr'>καθ’</span> 
     </span>
    </p>
   </div>
   <div class='ocr_carea' id='block_1_18' title="bbox 432 1802 2009 1875">
    <p class='ocr_par' dir='ltr' id='par_1_18' title="bbox 432 1802 2009 1875">
     <span class='ocr_line' id='line_1_18' title="bbox 432 1802 2009 1875; baseline 0.002 -18"><span class='ocrx_word' id='word_1_127' title='bbox 432 1804 595 1858; x_wconf 80' lang='grc' dir='ltr'>ἑαυτὸ</span> <span class='ocrx_word' id='word_1_128' title='bbox 615 1804 675 1856; x_wconf 86' lang='grc' dir='ltr'>τὸ</span> <span class='ocrx_word' id='word_1_129' title='bbox 706 1802 892 1873; x_wconf 87' lang='grc' dir='ltr'>σῶμα·</span> <span class='ocrx_word' id='word_1_130' title='bbox 927 1802 1027 1855; x_wconf 81' lang='grc' dir='ltr'>οὐκ</span> <span class='ocrx_word' id='word_1_131' title='bbox 1056 1804 1243 1875; x_wconf 84' lang='grc' dir='ltr'>ἐπειδὴ</span> <span class='ocrx_word' id='word_1_132' title='bbox 1270 1804 1439 1858; x_wconf 88' lang='grc' dir='ltr'>ταῦτα</span> <span class='ocrx_word' id='word_1_133' title='bbox 1459 1806 1685 1873; x_wconf 85' lang='grc' dir='ltr'>φυσικὰ,</span> <span class='ocrx_word' id='word_1_134' title='bbox 1713 1807 1826 1860; x_wconf 84' lang='grc' dir='ltr'>ἀλλ’</span> <span class='ocrx_word' id='word_1_135' title='bbox 1858 1808 2009 1860; x_wconf 83' lang='grc' dir='ltr'>ἐπει-</span> 
     </span>
    </p>
   </div>
   <div class='ocr_carea' id='block_1_19' title="bbox 431 1885 2003 1959">
    <p class='ocr_par' dir='ltr' id='par_1_19' title="bbox 431 1885 2003 1959">
     <span class='ocr_line' id='line_1_19' title="bbox 431 1885 2003 1959; baseline 0.001 -19"><span class='ocrx_word' id='word_1_136' title='bbox 431 1888 498 1959; x_wconf 83' lang='grc' dir='ltr'>δὴ</span> <span class='ocrx_word' id='word_1_137' title='bbox 529 1888 603 1958; x_wconf 86' lang='grc' dir='ltr'>μὴ</span> <span class='ocrx_word' id='word_1_138' title='bbox 635 1885 1017 1940; x_wconf 84' lang='grc' dir='ltr'>ἀπολαύσαντα</span> <span class='ocrx_word' id='word_1_139' title='bbox 1050 1888 1384 1958; x_wconf 82' lang='grc' dir='ltr'>προστασίας</span> <span class='ocrx_word' id='word_1_140' title='bbox 1424 1890 1521 1959; x_wconf 82' lang='grc' dir='ltr'>τῆς</span> <span class='ocrx_word' id='word_1_141' title='bbox 1563 1891 1792 1955; x_wconf 86' lang='grc' dir='ltr'>ἐκεῖθεν,</span> <span class='ocrx_word' id='word_1_142' title='bbox 1834 1891 2003 1943; x_wconf 88' lang='grc' dir='ltr'>ἀπόλ-</span> 
     </span>
    </p>
   </div>
   <div class='ocr_carea' id='block_1_20' title="bbox 432 1969 2004 2042">
    <p class='ocr_par' dir='ltr' id='par_1_20' title="bbox 432 1969 2004 2042">
     <span class='ocr_line' id='line_1_20' title="bbox 432 1969 2004 2042; baseline 0.002 -19"><span class='ocrx_word' id='word_1_143' title='bbox 432 1970 610 2026; x_wconf 89' lang='grc' dir='ltr'>λυται.</span> <span class='ocrx_word' id='word_1_144' title='bbox 656 1970 808 2022; x_wconf 79' lang='grc' dir='ltr'>Ἐπεὶ</span> <span class='ocrx_word' id='word_1_145' title='bbox 831 1970 923 2022; x_wconf 79' lang='grc' dir='ltr'>καὶ</span> <span class='ocrx_word' id='word_1_146' title='bbox 952 1971 1000 2022; x_wconf 84' lang='grc' dir='ltr'>οί</span> <span class='ocrx_word' id='word_1_147' title='bbox 1026 1969 1295 2040; x_wconf 80' lang='grc' dir='ltr'>ὀφθαλμοὶ</span> <span class='ocrx_word' id='word_1_148' title='bbox 1330 1971 1505 2035; x_wconf 77' lang='grc' dir='ltr'>καλοὶ,</span> <span class='ocrx_word' id='word_1_149' title='bbox 1530 1972 1645 2025; x_wconf 83' lang='grc' dir='ltr'>ἀλλ’</span> <span class='ocrx_word' id='word_1_150' title='bbox 1670 1973 1799 2025; x_wconf 84' lang='grc' dir='ltr'>ἄνευ</span> <span class='ocrx_word' id='word_1_151' title='bbox 1826 1974 2004 2042; x_wconf 83' lang='grc' dir='ltr'>φωτὸς</span> 
     </span>
    </p>
   </div>
   <div class='ocr_carea' id='block_1_21' title="bbox 436 2051 2003 2125">
    <p class='ocr_par' dir='ltr' id='par_1_21' title="bbox 436 2051 2003 2125">
     <span class='ocr_line' id='line_1_21' title="bbox 436 2051 2003 2125; baseline 0.002 -20"><span class='ocrx_word' id='word_1_152' title='bbox 436 2053 606 2124; x_wconf 88' lang='grc' dir='ltr'>μυρία</span> <span class='ocrx_word' id='word_1_153' title='bbox 634 2051 956 2123; x_wconf 85' lang='grc' dir='ltr'>ἐργάζονται</span> <span class='ocrx_word' id='word_1_154' title='bbox 985 2053 1155 2106; x_wconf 86' lang='grc' dir='ltr'>κακά·</span> <span class='ocrx_word' id='word_1_155' title='bbox 1190 2051 1348 2105; x_wconf 86' lang='grc' dir='ltr'>τοῦτο</span> <span class='ocrx_word' id='word_1_156' title='bbox 1381 2053 1436 2105; x_wconf 87' lang='grc' dir='ltr'>δέ</span> <span class='ocrx_word' id='word_1_157' title='bbox 1463 2056 1562 2125; x_wconf 86' lang='grc' dir='ltr'>τῆς</span> <span class='ocrx_word' id='word_1_158' title='bbox 1591 2055 1874 2117; x_wconf 83' lang='grc' dir='ltr'>ἀσθενείας</span> <span class='ocrx_word' id='word_1_159' title='bbox 1903 2060 2003 2108; x_wconf 82' lang='grc' dir='ltr'>αὑ-</span> 
     </span>
    </p>
   </div>
   <div class='ocr_carea' id='block_1_22' title="bbox 431 2134 2001 2210">
    <p class='ocr_par' dir='ltr' id='par_1_22' title="bbox 431 2134 2001 2210">
     <span class='ocr_line' id='line_1_22' title="bbox 431 2134 2001 2210; baseline 0.003 -21"><span class='ocrx_word' id='word_1_160' title='bbox 431 2138 541 2190; x_wconf 88' lang='grc' dir='ltr'>τῶν</span> <span class='ocrx_word' id='word_1_161' title='bbox 571 2137 741 2199; x_wconf 87' lang='grc' dir='ltr'>ἐστιν,</span> <span class='ocrx_word' id='word_1_162' title='bbox 765 2136 825 2187; x_wconf 83' lang='grc' dir='ltr'>οὐ</span> <span class='ocrx_word' id='word_1_163' title='bbox 856 2137 953 2205; x_wconf 81' lang='grc' dir='ltr'>τῆς</span> <span class='ocrx_word' id='word_1_164' title='bbox 979 2135 1212 2204; x_wconf 85' lang='grc' dir='ltr'>φύσεως.</span> <span class='ocrx_word' id='word_1_165' title='bbox 1241 2137 1302 2189; x_wconf 88' lang='grc' dir='ltr'>Εἰ</span> <span class='ocrx_word' id='word_1_166' title='bbox 1329 2136 1386 2189; x_wconf 84' lang='grc' dir='ltr'>δὲ</span> <span class='ocrx_word' id='word_1_167' title='bbox 1409 2138 1613 2206; x_wconf 77' lang='grc' dir='ltr'>φυσικὰ</span> <span class='ocrx_word' id='word_1_168' title='bbox 1639 2134 1706 2210; x_wconf 83' lang='grc' dir='ltr'>ἦν</span> <span class='ocrx_word' id='word_1_169' title='bbox 1740 2139 1808 2192; x_wconf 87' lang='grc' dir='ltr'>τὰ</span> <span class='ocrx_word' id='word_1_170' title='bbox 1837 2139 2001 2205; x_wconf 82' lang='grc' dir='ltr'>κακὰ,</span> 
     </span>
    </p>
   </div>
   <div class='ocr_carea' id='block_1_23' title="bbox 433 2218 2005 2294">
    <p class='ocr_par' dir='ltr' id='par_1_23' title="bbox 433 2218 2005 2294">
     <span class='ocr_line' id='line_1_23' title="bbox 433 2218 2005 2294; baseline 0.003 -21"><span class='ocrx_word' id='word_1_171' title='bbox 433 2220 534 2273; x_wconf 81' lang='grc' dir='ltr'>οὐκ</span> <span class='ocrx_word' id='word_1_172' title='bbox 566 2218 632 2271; x_wconf 84' lang='grc' dir='ltr'>ἂν</span> <span class='ocrx_word' id='word_1_173' title='bbox 665 2219 847 2281; x_wconf 81' lang='grc' dir='ltr'>αὐτοῖς</span> <span class='ocrx_word' id='word_1_174' title='bbox 877 2235 1006 2270; x_wconf 89' lang='grc' dir='ltr'>ποτε</span> <span class='ocrx_word' id='word_1_175' title='bbox 1036 2220 1115 2281; x_wconf 87' lang='grc' dir='ltr'>είς</span> <span class='ocrx_word' id='word_1_176' title='bbox 1142 2218 1261 2271; x_wconf 90' lang='grc' dir='ltr'>δέον</span> <span class='ocrx_word' id='word_1_177' title='bbox 1291 2221 1646 2290; x_wconf 82' lang='grc' dir='ltr'>ἐχρησάμεθα</span> <span class='ocrx_word' id='word_1_178' title='bbox 1669 2238 1682 2249; x_wconf 92' lang='grc'>·</span> <span class='ocrx_word' id='word_1_179' title='bbox 1718 2223 1870 2276; x_wconf 80' lang='grc' dir='ltr'>οὐδὲν</span> <span class='ocrx_word' id='word_1_180' title='bbox 1896 2224 2005 2294; x_wconf 86' lang='grc' dir='ltr'>γάρ</span> 
     </span>
    </p>
   </div>
   <div class='ocr_carea' id='block_1_24' title="bbox 433 2298 2002 2378">
    <p class='ocr_par' dir='ltr' id='par_1_24' title="bbox 433 2298 2002 2378">
     <span class='ocr_line' id='line_1_24' title="bbox 433 2298 2002 2378; baseline 0.004 -22"><span class='ocrx_word' id='word_1_181' title='bbox 433 2305 551 2356; x_wconf 89' lang='grc' dir='ltr'>ἐστι</span> <span class='ocrx_word' id='word_1_182' title='bbox 573 2304 799 2371; x_wconf 71' lang='grc' dir='ltr'>φυσικὸν</span> <span class='ocrx_word' id='word_1_183' title='bbox 825 2304 1012 2355; x_wconf 87' lang='grc' dir='ltr'>κακόν.</span> <span class='ocrx_word' id='word_1_184' title='bbox 1042 2302 1104 2354; x_wconf 89' lang='grc' dir='ltr'>Τί</span> <span class='ocrx_word' id='word_1_185' title='bbox 1123 2298 1214 2356; x_wconf 82' lang='grc' dir='ltr'>οὖν</span> <span class='ocrx_word' id='word_1_186' title='bbox 1242 2306 1355 2356; x_wconf 86' lang='grc' dir='ltr'>ἐστι</span> <span class='ocrx_word' id='word_1_187' title='bbox 1381 2306 1621 2375; x_wconf 81' lang='grc' dir='ltr'>σαρκικὰ</span> <span class='ocrx_word' id='word_1_188' title='bbox 1648 2309 2002 2378; x_wconf 89' lang='grc' dir='ltr'>φρονήματα;</span> 
     </span>
    </p>
   </div>
   <div class='ocr_carea' id='block_1_25' title="bbox 432 2386 2003 2462">
    <p class='ocr_par' dir='ltr' id='par_1_25' title="bbox 432 2386 2003 2462">
     <span class='ocr_line' id='line_1_25' title="bbox 432 2386 2003 2462; baseline 0.004 -23"><span class='ocrx_word' id='word_1_189' title='bbox 432 2388 501 2439; x_wconf 84' lang='grc' dir='ltr'>Αἰ</span> <span class='ocrx_word' id='word_1_190' title='bbox 534 2386 820 2456; x_wconf 83' lang='grc' dir='ltr'>ἁμαρτίαι.</span> <span class='ocrx_word' id='word_1_191' title='bbox 857 2386 1024 2438; x_wconf 88' lang='grc' dir='ltr'>Ὅταν</span> <span class='ocrx_word' id='word_1_192' title='bbox 1060 2386 1165 2457; x_wconf 92' lang='lat'>7&amp;9</span> <span class='ocrx_word' id='word_1_193' title='bbox 1213 2386 1352 2458; x_wconf 81' lang='grc' dir='ltr'>αῦτη</span> <span class='ocrx_word' id='word_1_194' title='bbox 1385 2391 1635 2460; x_wconf 81' lang='grc' dir='ltr'>κρατήσῃ</span> <span class='ocrx_word' id='word_1_195' title='bbox 1660 2390 1752 2443; x_wconf 91' lang='grc' dir='ltr'>τοῦ</span> <span class='ocrx_word' id='word_1_196' title='bbox 1787 2392 2003 2462; x_wconf 81' lang='grc' dir='ltr'>ἡνιόχου</span> 
     </span>
    </p>
   </div>
   <div class='ocr_carea' id='block_1_26' title="bbox 437 2468 2005 2544">
    <p class='ocr_par' dir='ltr' id='par_1_26' title="bbox 437 2468 2005 2544">
     <span class='ocr_line' id='line_1_26' title="bbox 437 2468 2005 2544; baseline 0.004 -23"><span class='ocrx_word' id='word_1_197' title='bbox 437 2468 885 2540; x_wconf 87' lang='grc' dir='ltr'>μετεωρισθεῖσα,</span> <span class='ocrx_word' id='word_1_198' title='bbox 907 2468 1075 2538; x_wconf 88' lang='grc' dir='ltr'>μυρία</span> <span class='ocrx_word' id='word_1_199' title='bbox 1102 2468 1277 2522; x_wconf 84' lang='grc' dir='ltr'>τίκτει</span> <span class='ocrx_word' id='word_1_200' title='bbox 1299 2471 1470 2524; x_wconf 88' lang='grc' dir='ltr'>δεινά.</span> <span class='ocrx_word' id='word_1_201' title='bbox 1518 2472 1710 2544; x_wconf 81' lang='grc' dir='ltr'>Ἀρετὴ</span> <span class='ocrx_word' id='word_1_202' title='bbox 1738 2472 1845 2543; x_wconf 83' lang='lat'>7&amp;9</span> <span class='ocrx_word' id='word_1_203' title='bbox 1870 2490 2005 2543; x_wconf 84' lang='grc' dir='ltr'>σαρ-</span> 
     </span>
    </p>
   </div>
   <div class='ocr_carea' id='block_1_27' title="bbox 434 2551 2003 2628">
    <p class='ocr_par' dir='ltr' id='par_1_27' title="bbox 434 2551 2003 2628">
     <span class='ocr_line' id='line_1_27' title="bbox 434 2551 2003 2628; baseline 0.004 -24"><span class='ocrx_word' id='word_1_204' title='bbox 434 2551 530 2614; x_wconf 85' lang='grc' dir='ltr'>κὸς</span> <span class='ocrx_word' id='word_1_205' title='bbox 588 2551 648 2604; x_wconf 80' lang='grc' dir='ltr'>τὸ</span> <span class='ocrx_word' id='word_1_206' title='bbox 682 2551 1047 2619; x_wconf 84' lang='grc' dir='ltr'>ὑποτετάχθαι</span> <span class='ocrx_word' id='word_1_207' title='bbox 1096 2554 1163 2623; x_wconf 89' lang='grc' dir='ltr'>τῇ</span> <span class='ocrx_word' id='word_1_208' title='bbox 1210 2552 1378 2623; x_wconf 78' lang='grc' dir='ltr'>ψυχῇ,</span> <span class='ocrx_word' id='word_1_209' title='bbox 1432 2556 1601 2608; x_wconf 86' lang='grc' dir='ltr'>κακία</span> <span class='ocrx_word' id='word_1_210' title='bbox 1627 2556 1683 2609; x_wconf 90' lang='grc' dir='ltr'>δέ</span> <span class='ocrx_word' id='word_1_211' title='bbox 1726 2557 1787 2608; x_wconf 86' lang='grc' dir='ltr'>τὸ</span> <span class='ocrx_word' id='word_1_212' title='bbox 1815 2556 2003 2628; x_wconf 83' lang='grc' dir='ltr'>ἄρχειν</span> 
     </span>
    </p>
   </div>
   <div class='ocr_carea' id='block_1_28' title="bbox 433 2632 2004 2713">
    <p class='ocr_par' dir='ltr' id='par_1_28' title="bbox 433 2632 2004 2713">
     <span class='ocr_line' id='line_1_28' title="bbox 433 2632 2004 2713; baseline 0.004 -26"><span class='ocrx_word' id='word_1_213' title='bbox 433 2635 629 2706; x_wconf 78' lang='grc' dir='ltr'>ψυχῆς.</span> <span class='ocrx_word' id='word_1_214' title='bbox 662 2635 873 2706; x_wconf 82' lang='grc' dir='ltr'>Ὠσπερ</span> <span class='ocrx_word' id='word_1_215' title='bbox 903 2632 995 2688; x_wconf 82' lang='grc' dir='ltr'>οὖν</span> <span class='ocrx_word' id='word_1_216' title='bbox 1020 2639 1047 2688; x_wconf 89' lang='grc' dir='ltr'>ό</span> <span class='ocrx_word' id='word_1_217' title='bbox 1068 2636 1232 2700; x_wconf 81' lang='grc' dir='ltr'>ἵππος</span> <span class='ocrx_word' id='word_1_218' title='bbox 1266 2638 1429 2701; x_wconf 84' lang='grc' dir='ltr'>καλὸς</span> <span class='ocrx_word' id='word_1_219' title='bbox 1463 2641 1563 2709; x_wconf 79' lang='grc' dir='ltr'>μὲν</span> <span class='ocrx_word' id='word_1_220' title='bbox 1592 2641 1686 2694; x_wconf 82' lang='grc' dir='ltr'>καὶ</span> <span class='ocrx_word' id='word_1_221' title='bbox 1719 2643 2004 2713; x_wconf 83' lang='grc' dir='ltr'>εὐσκελὴς,</span> 
     </span>
    </p>
   </div>
   <div class='ocr_carea' id='block_1_29' title="bbox 434 2718 2005 2795">
    <p class='ocr_par' dir='ltr' id='par_1_29' title="bbox 434 2718 2005 2795">
     <span class='ocr_line' id='line_1_29' title="bbox 434 2718 2005 2795; baseline 0.002 -24"><span class='ocrx_word' id='word_1_222' title='bbox 434 2718 550 2771; x_wconf 85' lang='grc' dir='ltr'>ἀλλ’</span> <span class='ocrx_word' id='word_1_223' title='bbox 581 2718 682 2770; x_wconf 81' lang='grc' dir='ltr'>οὐκ</span> <span class='ocrx_word' id='word_1_224' title='bbox 725 2719 852 2771; x_wconf 85' lang='grc' dir='ltr'>ἄνευ</span> <span class='ocrx_word' id='word_1_225' title='bbox 889 2718 1101 2788; x_wconf 84' lang='grc' dir='ltr'>ἡνιόχου</span> <span class='ocrx_word' id='word_1_226' title='bbox 1133 2718 1291 2771; x_wconf 82' lang='grc' dir='ltr'>τοῦτο</span> <span class='ocrx_word' id='word_1_227' title='bbox 1332 2720 1605 2774; x_wconf 83' lang='grc' dir='ltr'>δείκνυται</span> <span class='ocrx_word' id='word_1_228' title='bbox 1626 2739 1639 2753; x_wconf 77' lang='grc'><strong><em>⁸</em></strong></span> <span class='ocrx_word' id='word_1_229' title='bbox 1674 2722 1816 2775; x_wconf 79' lang='grc' dir='ltr'>οὕτω</span> <span class='ocrx_word' id='word_1_230' title='bbox 1848 2725 1943 2776; x_wconf 80' lang='grc' dir='ltr'>καὶ</span> <span class='ocrx_word' id='word_1_231' title='bbox 1971 2727 2005 2795; x_wconf 86' lang='grc' dir='ltr'>ή</span> 
     </span>
    </p>
   </div>
   <div class='ocr_carea' id='block_1_30' title="bbox 436 2798 2007 2876">
    <p class='ocr_par' dir='ltr' id='par_1_30' title="bbox 436 2798 2007 2876">
     <span class='ocr_line' id='line_1_30' title="bbox 436 2798 2007 2876; baseline 0.004 -23"><span class='ocrx_word' id='word_1_232' title='bbox 436 2798 576 2872; x_wconf 82' lang='grc' dir='ltr'>σὰρξ</span> <span class='ocrx_word' id='word_1_233' title='bbox 615 2801 736 2853; x_wconf 88' lang='grc' dir='ltr'>τότε</span> <span class='ocrx_word' id='word_1_234' title='bbox 780 2800 932 2853; x_wconf 76' lang='grc' dir='ltr'>ἔσται</span> <span class='ocrx_word' id='word_1_235' title='bbox 967 2800 1127 2871; x_wconf 83' lang='grc' dir='ltr'>καλὴ,</span> <span class='ocrx_word' id='word_1_236' title='bbox 1174 2802 1299 2854; x_wconf 81' lang='grc' dir='ltr'>ὅταν</span> <span class='ocrx_word' id='word_1_237' title='bbox 1346 2804 1515 2875; x_wconf 81' lang='grc' dir='ltr'>αὐτῆς</span> <span class='ocrx_word' id='word_1_238' title='bbox 1538 2806 1608 2858; x_wconf 89' lang='grc' dir='ltr'>τά</span> <span class='ocrx_word' id='word_1_239' title='bbox 1657 2808 2007 2876; x_wconf 84' lang='grc' dir='ltr'>σκιρτήματα</span> 
     </span>
    </p>
   </div>
   <div class='ocr_carea' id='block_1_31' title="bbox 436 2882 2005 2956">
    <p class='ocr_par' dir='ltr' id='par_1_31' title="bbox 436 2882 2005 2956">
     <span class='ocr_line' id='line_1_31' title="bbox 436 2882 2005 2956; baseline 0.004 -20"><span class='ocrx_word' id='word_1_240' title='bbox 436 2882 849 2955; x_wconf 77' lang='grc' dir='ltr'>περικόψωμεν.</span> <span class='ocrx_word' id='word_1_241' title='bbox 876 2882 986 2954; x_wconf 83' lang='grc'>[57]</span> <span class='ocrx_word' id='word_1_242' title='bbox 1033 2883 1173 2936; x_wconf 86' lang='grc' dir='ltr'>Ἀλλ’</span> <span class='ocrx_word' id='word_1_243' title='bbox 1190 2884 1310 2937; x_wconf 80' lang='grc' dir='ltr'>οὐδέ</span> <span class='ocrx_word' id='word_1_244' title='bbox 1340 2886 1553 2956; x_wconf 84' lang='grc' dir='ltr'>ἡνίοχος</span> <span class='ocrx_word' id='word_1_245' title='bbox 1582 2889 1855 2942; x_wconf 85' lang='grc' dir='ltr'>δείκνυται</span> <span class='ocrx_word' id='word_1_246' title='bbox 1878 2890 2005 2943; x_wconf 81' lang='grc' dir='ltr'>ἄνευ</span> 
     </span>
    </p>
   </div>
   <div class='ocr_carea' id='block_1_32' title="bbox 437 2966 2005 3042">
    <p class='ocr_par' dir='ltr' id='par_1_32' title="bbox 437 2966 2005 3042">
     <span class='ocr_line' id='line_1_32' title="bbox 437 2966 2005 3042; baseline 0.005 -24"><span class='ocrx_word' id='word_1_247' title='bbox 437 2966 782 3035; x_wconf 87' lang='grc' dir='ltr'>ἐπιστήμης·</span> <span class='ocrx_word' id='word_1_248' title='bbox 824 2966 917 3017; x_wconf 80' lang='grc' dir='ltr'>καὶ</span> <span class='ocrx_word' id='word_1_249' title='bbox 948 2966 1057 3035; x_wconf 88' lang='lat'>7&amp;9</span> <span class='ocrx_word' id='word_1_250' title='bbox 1105 2966 1199 3018; x_wconf 76' lang='grc' dir='ltr'>καὶ</span> <span class='ocrx_word' id='word_1_251' title='bbox 1248 2967 1409 3030; x_wconf 79' lang='grc' dir='ltr'>αὐτὸς</span> <span class='ocrx_word' id='word_1_252' title='bbox 1456 2969 1679 3023; x_wconf 89' lang='grc' dir='ltr'>ἐκείνων</span> <span class='ocrx_word' id='word_1_253' title='bbox 1730 2971 2005 3042; x_wconf 90' lang='grc' dir='ltr'>δεινότερα</span> 
     </span>
    </p>
   </div>
   <div class='ocr_carea' id='block_1_33' title="bbox 435 3048 2007 3125">
    <p class='ocr_par' dir='ltr' id='par_1_33' title="bbox 435 3048 2007 3125">
     <span class='ocr_line' id='line_1_33' title="bbox 435 3048 2007 3125; baseline 0.004 -23"><span class='ocrx_word' id='word_1_254' title='bbox 435 3049 565 3102; x_wconf 85' lang='grc' dir='ltr'>ἄνευ</span> <span class='ocrx_word' id='word_1_255' title='bbox 593 3049 902 3117; x_wconf 77' lang='grc' dir='ltr'>ἐπιστήμης</span> <span class='ocrx_word' id='word_1_256' title='bbox 943 3048 1258 3119; x_wconf 78' lang='grc' dir='ltr'>ἐργάζεται.</span> <span class='ocrx_word' id='word_1_257' title='bbox 1305 3051 1465 3103; x_wconf 84' lang='grc' dir='ltr'>Ὥστε</span> <span class='ocrx_word' id='word_1_258' title='bbox 1501 3054 1840 3125; x_wconf 75' lang='grc' dir='ltr'>πανταχόθεν</span> <span class='ocrx_word' id='word_1_259' title='bbox 1883 3058 2007 3125; x_wconf 76' lang='grc' dir='ltr'>ἐφεο</span> 
     </span>
    </p>
   </div>
   <div class='ocr_carea' id='block_1_34' title="bbox 439 3135 2007 3214">
    <p class='ocr_par' dir='ltr' id='par_1_34' title="bbox 439 3135 2007 3214">
     <span class='ocr_line' id='line_1_34' title="bbox 439 3135 2007 3214; baseline 0.006 -26"><span class='ocrx_word' id='word_1_260' title='bbox 439 3136 628 3189; x_wconf 87' lang='grc' dir='ltr'>στάναι</span> <span class='ocrx_word' id='word_1_261' title='bbox 656 3137 760 3208; x_wconf 88' lang='grc' dir='ltr'>χρή</span> <span class='ocrx_word' id='word_1_262' title='bbox 780 3153 793 3167; x_wconf 88' lang='grc'><strong>·</strong></span> <span class='ocrx_word' id='word_1_263' title='bbox 822 3136 884 3189; x_wconf 80' lang='grc' dir='ltr'>τὸ</span> <span class='ocrx_word' id='word_1_264' title='bbox 922 3135 1159 3207; x_wconf 88' lang='grc' dir='ltr'>πνεῦμα,</span> <span class='ocrx_word' id='word_1_265' title='bbox 1196 3136 1355 3191; x_wconf 89' lang='grc' dir='ltr'>τοῦτο</span> <span class='ocrx_word' id='word_1_266' title='bbox 1380 3140 1632 3209; x_wconf 85' lang='grc' dir='ltr'>ἐφεστὸς,</span> <span class='ocrx_word' id='word_1_267' title='bbox 1669 3142 1761 3196; x_wconf 75' lang='grc' dir='ltr'>τὸν</span> <span class='ocrx_word' id='word_1_268' title='bbox 1790 3145 2007 3214; x_wconf 84' lang='grc' dir='ltr'>ἡνίοχον</span> 
     </span>
    </p>
   </div>
   <div class='ocr_carea' id='block_1_35' title="bbox 441 3219 2009 3298">
    <p class='ocr_par' dir='ltr' id='par_1_35' title="bbox 441 3219 2009 3298">
     <span class='ocr_line' id='line_1_35' title="bbox 441 3219 2009 3298; baseline 0.006 -26"><span class='ocrx_word' id='word_1_269' title='bbox 441 3219 785 3289; x_wconf 88' lang='grc' dir='ltr'>ἰσχυρότερον</span> <span class='ocrx_word' id='word_1_270' title='bbox 816 3224 959 3272; x_wconf 89' lang='grc' dir='ltr'>ποιεῖ</span> <span class='ocrx_word' id='word_1_271' title='bbox 976 3236 988 3248; x_wconf 89' lang='grc'><strong>·</strong></span> <span class='ocrx_word' id='word_1_272' title='bbox 1020 3220 1179 3273; x_wconf 89' lang='grc' dir='ltr'>τοῦτο</span> <span class='ocrx_word' id='word_1_273' title='bbox 1202 3223 1295 3274; x_wconf 78' lang='grc' dir='ltr'>καὶ</span> <span class='ocrx_word' id='word_1_274' title='bbox 1321 3222 1419 3293; x_wconf 84' lang='grc' dir='ltr'>τὴν</span> <span class='ocrx_word' id='word_1_275' title='bbox 1440 3223 1616 3295; x_wconf 82' lang='grc' dir='ltr'>ψυχὴν</span> <span class='ocrx_word' id='word_1_276' title='bbox 1646 3227 1740 3279; x_wconf 76' lang='grc' dir='ltr'>καὶ</span> <span class='ocrx_word' id='word_1_277' title='bbox 1765 3227 1826 3279; x_wconf 84' lang='grc' dir='ltr'>τὸ</span> <span class='ocrx_word' id='word_1_278' title='bbox 1848 3228 2009 3298; x_wconf 81' lang='grc' dir='ltr'>σῶμα</span> 
     </span>
    </p>
   </div>
   <div class='ocr_carea' id='block_1_36' title="bbox 437 3303 2007 3381">
    <p class='ocr_par' dir='ltr' id='par_1_36' title="bbox 437 3303 2007 3381">
     <span class='ocr_line' id='line_1_36' title="bbox 437 3303 2007 3381; baseline 0.005 -25"><span class='ocrx_word' id='word_1_279' title='bbox 437 3303 786 3367; x_wconf 72' lang='grc' dir='ltr'>καλλωπίζει.</span> <span class='ocrx_word' id='word_1_280' title='bbox 814 3304 1082 3375; x_wconf 83' lang='grc' dir='ltr'>Καθάπερ</span> <span class='ocrx_word' id='word_1_281' title='bbox 1111 3304 1219 3375; x_wconf 86' lang='lat'>7&amp;9</span> <span class='ocrx_word' id='word_1_282' title='bbox 1239 3307 1273 3375; x_wconf 82' lang='grc' dir='ltr'>ἡ</span> <span class='ocrx_word' id='word_1_283' title='bbox 1301 3305 1447 3377; x_wconf 77' lang='grc' dir='ltr'>ψυχὴ</span> <span class='ocrx_word' id='word_1_284' title='bbox 1477 3308 1673 3362; x_wconf 89' lang='grc' dir='ltr'>ἐνοῦσα</span> <span class='ocrx_word' id='word_1_285' title='bbox 1709 3310 1808 3380; x_wconf 83' lang='grc' dir='ltr'>μὲν</span> <span class='ocrx_word' id='word_1_286' title='bbox 1835 3311 2007 3381; x_wconf 84' lang='grc' dir='ltr'>αὐτῷ,</span> 
     </span>
    </p>
   </div>
   <div class='ocr_carea' id='block_1_37' title="bbox 437 3384 2008 3464">
    <p class='ocr_par' dir='ltr' id='par_1_37' title="bbox 437 3384 2008 3464">
     <span class='ocr_line' id='line_1_37' title="bbox 437 3384 2008 3464; baseline 0.005 -27"><span class='ocrx_word' id='word_1_287' title='bbox 437 3384 602 3439; x_wconf 82' lang='grc' dir='ltr'>καλὸν</span> <span class='ocrx_word' id='word_1_288' title='bbox 652 3386 785 3438; x_wconf 81' lang='grc' dir='ltr'>αὐτὸ</span> <span class='ocrx_word' id='word_1_289' title='bbox 814 3385 1106 3453; x_wconf 85' lang='grc' dir='ltr'>δείκνυσιν,</span> <span class='ocrx_word' id='word_1_290' title='bbox 1162 3388 1291 3441; x_wconf 85' lang='grc' dir='ltr'>ὅταν</span> <span class='ocrx_word' id='word_1_291' title='bbox 1334 3388 1391 3442; x_wconf 88' lang='grc' dir='ltr'>δὲ</span> <span class='ocrx_word' id='word_1_292' title='bbox 1435 3389 1566 3443; x_wconf 78' lang='grc' dir='ltr'>αὐτὸ</span> <span class='ocrx_word' id='word_1_293' title='bbox 1603 3391 1867 3464; x_wconf 88' lang='grc' dir='ltr'>ἐρημώσῃ</span> <span class='ocrx_word' id='word_1_294' title='bbox 1910 3393 2008 3464; x_wconf 83' lang='grc' dir='ltr'>τῆς</span> 
     </span>
    </p>
   </div>
   <div class='ocr_carea' id='block_1_38' title="bbox 438 3469 2009 3546">
    <p class='ocr_par' dir='ltr' id='par_1_38' title="bbox 438 3469 2009 3546">
     <span class='ocr_line' id='line_1_38' title="bbox 438 3469 2009 3546; baseline 0.004 -23"><span class='ocrx_word' id='word_1_295' title='bbox 438 3469 644 3532; x_wconf 89' lang='grc' dir='ltr'>οἰκείας</span> <span class='ocrx_word' id='word_1_296' title='bbox 672 3471 950 3541; x_wconf 82' lang='grc' dir='ltr'>ἐνεργείας</span> <span class='ocrx_word' id='word_1_297' title='bbox 998 3472 1093 3525; x_wconf 75' lang='grc' dir='ltr'>καὶ</span> <span class='ocrx_word' id='word_1_298' title='bbox 1138 3472 1373 3544; x_wconf 83' lang='grc' dir='ltr'>ἀποστῇ,</span> <span class='ocrx_word' id='word_1_299' title='bbox 1421 3474 1672 3546; x_wconf 86' lang='grc' dir='ltr'>καθάπερ</span> <span class='ocrx_word' id='word_1_300' title='bbox 1717 3476 2009 3545; x_wconf 81' lang='grc' dir='ltr'>ζωγράφου</span> 
     </span>
    </p>
   </div>
   <div class='ocr_carea' id='block_1_39' title="bbox 437 3553 2007 3628">
    <p class='ocr_par' dir='ltr' id='par_1_39' title="bbox 437 3553 2007 3628">
     <span class='ocr_line' id='line_1_39' title="bbox 437 3553 2007 3628; baseline 0.006 -23"><span class='ocrx_word' id='word_1_301' title='bbox 437 3554 583 3617; x_wconf 82' lang='grc' dir='ltr'>τινὸς</span> <span class='ocrx_word' id='word_1_302' title='bbox 636 3553 706 3606; x_wconf 82' lang='grc' dir='ltr'>τὰ</span> <span class='ocrx_word' id='word_1_303' title='bbox 760 3553 1026 3625; x_wconf 85' lang='grc' dir='ltr'>χρώματα</span> <span class='ocrx_word' id='word_1_304' title='bbox 1056 3556 1401 3626; x_wconf 81' lang='grc' dir='ltr'>συγχέοντος</span> <span class='ocrx_word' id='word_1_305' title='bbox 1430 3597 1445 3622; x_wconf 91' lang='grc'>,</span> <span class='ocrx_word' id='word_1_306' title='bbox 1478 3558 1747 3628; x_wconf 89' lang='grc' dir='ltr'>εἰδέχθεια</span> <span class='ocrx_word' id='word_1_307' title='bbox 1800 3561 2007 3627; x_wconf 87' lang='grc' dir='ltr'>γίνεται</span> 
     </span>
    </p>
   </div>
   <div class='ocr_carea' id='block_1_40' title="bbox 439 3635 2011 3715">
    <p class='ocr_par' dir='ltr' id='par_1_40' title="bbox 439 3635 2011 3715">
     <span class='ocr_line' id='line_1_40' title="bbox 439 3635 2011 3715; baseline 0.007 -28"><span class='ocrx_word' id='word_1_308' title='bbox 439 3635 632 3705; x_wconf 87' lang='grc' dir='ltr'>πολλὴ,</span> <span class='ocrx_word' id='word_1_309' title='bbox 660 3636 794 3706; x_wconf 82' lang='grc' dir='ltr'>πρὸς</span> <span class='ocrx_word' id='word_1_310' title='bbox 820 3638 918 3706; x_wconf 82' lang='grc' dir='ltr'>τὴν</span> <span class='ocrx_word' id='word_1_311' title='bbox 932 3636 1136 3707; x_wconf 86' lang='grc' dir='ltr'>φθορὰν</span> <span class='ocrx_word' id='word_1_312' title='bbox 1164 3640 1521 3708; x_wconf 86' lang='grc' dir='ltr'>ἐπειγομένου</span> <span class='ocrx_word' id='word_1_313' title='bbox 1552 3642 1659 3694; x_wconf 88' lang='grc' dir='ltr'>τῶν</span> <span class='ocrx_word' id='word_1_314' title='bbox 1676 3643 1857 3715; x_wconf 83' lang='grc' dir='ltr'>μερῶν</span> <span class='ocrx_word' id='word_1_315' title='bbox 1878 3643 2011 3698; x_wconf 83' lang='grc' dir='ltr'>ἐκά-</span> 
     </span>
    </p>
   </div>
   <div class='ocr_carea' id='block_1_41' title="bbox 442 3719 2010 3797">
    <p class='ocr_par' dir='ltr' id='par_1_41' title="bbox 442 3719 2010 3797">
     <span class='ocr_line' id='line_1_41' title="bbox 442 3719 2010 3797; baseline 0.007 -27"><span class='ocrx_word' id='word_1_316' title='bbox 442 3735 569 3771; x_wconf 90' lang='grc' dir='ltr'>στου</span> <span class='ocrx_word' id='word_1_317' title='bbox 604 3728 626 3756; x_wconf 84' lang='grc' dir='ltr'><strong>ο</strong></span> <span class='ocrx_word' id='word_1_318' title='bbox 659 3719 752 3772; x_wconf 79' lang='grc' dir='ltr'>καὶ</span> <span class='ocrx_word' id='word_1_319' title='bbox 784 3719 882 3789; x_wconf 86' lang='grc' dir='ltr'>τὴν</span> <span class='ocrx_word' id='word_1_320' title='bbox 912 3721 1201 3774; x_wconf 82' lang='grc' dir='ltr'>ἀνάλυσιν·</span> <span class='ocrx_word' id='word_1_321' title='bbox 1233 3720 1374 3774; x_wconf 81' lang='grc' dir='ltr'>οὕτω</span> <span class='ocrx_word' id='word_1_322' title='bbox 1401 3724 1496 3776; x_wconf 82' lang='grc' dir='ltr'>καὶ</span> <span class='ocrx_word' id='word_1_323' title='bbox 1528 3724 1589 3777; x_wconf 79' lang='grc' dir='ltr'>τὸ</span> <span class='ocrx_word' id='word_1_324' title='bbox 1629 3725 1847 3797; x_wconf 89' lang='grc' dir='ltr'>πνεῦμα</span> <span class='ocrx_word' id='word_1_325' title='bbox 1886 3728 2010 3781; x_wconf 85' lang='grc' dir='ltr'>ὃταν</span> 
     </span>
    </p>
   </div>
   <div class='ocr_carea' id='block_1_42' title="bbox 442 3801 2010 3883">
    <p class='ocr_par' dir='ltr' id='par_1_42' title="bbox 442 3801 2010 3883">
     <span class='ocr_line' id='line_1_42' title="bbox 442 3801 2010 3883; baseline 0.008 -31"><span class='ocrx_word' id='word_1_326' title='bbox 442 3801 649 3872; x_wconf 56' lang='grc' dir='ltr'>ἔρημον</span> <span class='ocrx_word' id='word_1_327' title='bbox 684 3802 959 3874; x_wconf 84' lang='grc' dir='ltr'>καταλίπῃ</span> <span class='ocrx_word' id='word_1_328' title='bbox 999 3806 1094 3857; x_wconf 74' lang='grc' dir='ltr'>καὶ</span> <span class='ocrx_word' id='word_1_329' title='bbox 1122 3805 1183 3857; x_wconf 86' lang='grc' dir='ltr'>τὸ</span> <span class='ocrx_word' id='word_1_330' title='bbox 1217 3806 1378 3876; x_wconf 90' lang='grc' dir='ltr'>σῶμα</span> <span class='ocrx_word' id='word_1_331' title='bbox 1411 3808 1505 3860; x_wconf 78' lang='grc' dir='ltr'>καὶ</span> <span class='ocrx_word' id='word_1_332' title='bbox 1533 3808 1631 3879; x_wconf 85' lang='grc' dir='ltr'>τὴν</span> <span class='ocrx_word' id='word_1_333' title='bbox 1659 3810 1863 3881; x_wconf 76' lang='grc' dir='ltr'>ψυχὴν,</span> <span class='ocrx_word' id='word_1_334' title='bbox 1892 3813 2010 3883; x_wconf 88' lang='grc' dir='ltr'>χεί-</span> 
     </span>
    </p>
   </div>
   <div class='ocr_carea' id='block_1_43' title="bbox 443 3884 2009 3964">
    <p class='ocr_par' dir='ltr' id='par_1_43' title="bbox 443 3884 2009 3964">
     <span class='ocr_line' id='line_1_43' title="bbox 443 3884 2009 3964; baseline 0.008 -29"><span class='ocrx_word' id='word_1_335' title='bbox 443 3900 555 3955; x_wconf 84' lang='grc' dir='ltr'>ρων</span> <span class='ocrx_word' id='word_1_336' title='bbox 608 3884 815 3951; x_wconf 88' lang='grc' dir='ltr'>γίνεται</span> <span class='ocrx_word' id='word_1_337' title='bbox 871 3888 964 3939; x_wconf 79' lang='grc' dir='ltr'>καὶ</span> <span class='ocrx_word' id='word_1_338' title='bbox 1008 3886 1209 3955; x_wconf 79' lang='grc' dir='ltr'>μείζων</span> <span class='ocrx_word' id='word_1_339' title='bbox 1241 3890 1275 3959; x_wconf 87' lang='grc' dir='ltr'>ή</span> <span class='ocrx_word' id='word_1_340' title='bbox 1321 3888 1608 3960; x_wconf 90' lang='grc' dir='ltr'>εἰδέχθεια.</span> <span class='ocrx_word' id='word_1_341' title='bbox 1664 3894 1755 3964; x_wconf 88' lang='grc' dir='ltr'>Μὴ</span> <span class='ocrx_word' id='word_1_342' title='bbox 1810 3895 2009 3961; x_wconf 88' lang='grc' dir='ltr'>τοίνυν,</span> 
     </span>
    </p>
   </div>
   <div class='ocr_carea' id='block_1_44' title="bbox 442 3968 2012 4045">
    <p class='ocr_par' dir='ltr' id='par_1_44' title="bbox 442 3968 2012 4045">
     <span class='ocr_line' id='line_1_44' title="bbox 442 3968 2012 4045; baseline 0.008 -25"><span class='ocrx_word' id='word_1_343' title='bbox 442 3968 631 4039; x_wconf 81' lang='grc' dir='ltr'>ἐπειδὴ</span> <span class='ocrx_word' id='word_1_344' title='bbox 671 3969 771 4037; x_wconf 76' lang='grc' dir='ltr'>τῆς</span> <span class='ocrx_word' id='word_1_345' title='bbox 799 3969 975 4038; x_wconf 71' lang='grc' dir='ltr'>ψυχῆς</span> <span class='ocrx_word' id='word_1_346' title='bbox 1008 3971 1227 4025; x_wconf 71' lang='grc' dir='ltr'>ἔλαττον</span> <span class='ocrx_word' id='word_1_347' title='bbox 1264 3972 1325 4025; x_wconf 85' lang='grc' dir='ltr'>τὸ</span> <span class='ocrx_word' id='word_1_348' title='bbox 1376 3976 1557 4045; x_wconf 87' lang='grc' dir='ltr'>σῶμα,</span> <span class='ocrx_word' id='word_1_349' title='bbox 1590 3977 1785 4040; x_wconf 79' lang='grc' dir='ltr'>κάκιζε</span> <span class='ocrx_word' id='word_1_350' title='bbox 1832 3978 2012 4037; x_wconf 86' lang='grc' dir='ltr'>τοῦτο.</span> 
     </span>
    </p>
   </div>
   <div class='ocr_carea' id='block_1_45' title="bbox 443 4051 2014 4136">
    <p class='ocr_par' dir='ltr' id='par_1_45' title="bbox 443 4051 2014 4136">
     <span class='ocr_line' id='line_1_45' title="bbox 443 4051 2014 4136; baseline 0.008 -32"><span class='ocrx_word' id='word_1_351' title='bbox 443 4051 581 4136; x_wconf 80' lang='grc' dir='ltr'>Οὑδέ</span> <span class='ocrx_word' id='word_1_352' title='bbox 612 4052 721 4136; x_wconf 90' lang='lat'>7&amp;9</span> <span class='ocrx_word' id='word_1_353' title='bbox 755 4053 865 4121; x_wconf 89' lang='grc' dir='ltr'>ἐγὼ</span> <span class='ocrx_word' id='word_1_354' title='bbox 894 4055 991 4125; x_wconf 83' lang='grc' dir='ltr'>τὴν</span> <span class='ocrx_word' id='word_1_355' title='bbox 1010 4055 1188 4127; x_wconf 77' lang='grc' dir='ltr'>ψυχὴν</span> <span class='ocrx_word' id='word_1_356' title='bbox 1219 4058 1466 4124; x_wconf 78' lang='grc' dir='ltr'>κακίζειν</span> <span class='ocrx_word' id='word_1_357' title='bbox 1492 4061 1794 4132; x_wconf 81' lang='grc' dir='ltr'>ἀνέχομαι,</span> <span class='ocrx_word' id='word_1_358' title='bbox 1825 4064 2014 4136; x_wconf 84' lang='grc' dir='ltr'>ἐπειδὴ</span> 
     </span>
    </p>
   </div>
   <div class='ocr_carea' id='block_1_46' title="bbox 442 4133 2014 4216">
    <p class='ocr_par' dir='ltr' id='par_1_46' title="bbox 442 4133 2014 4216">
     <span class='ocr_line' id='line_1_46' title="bbox 442 4133 2014 4216; baseline 0.008 -29"><span class='ocrx_word' id='word_1_359' title='bbox 442 4133 539 4187; x_wconf 88' lang='grc' dir='ltr'>τοῦ</span> <span class='ocrx_word' id='word_1_360' title='bbox 592 4135 904 4207; x_wconf 87' lang='grc' dir='ltr'>πνεύματος</span> <span class='ocrx_word' id='word_1_361' title='bbox 956 4138 1104 4192; x_wconf 82' lang='grc' dir='ltr'>οὐδὲν</span> <span class='ocrx_word' id='word_1_362' title='bbox 1147 4140 1321 4209; x_wconf 84' lang='grc' dir='ltr'>ἰσχύει</span> <span class='ocrx_word' id='word_1_363' title='bbox 1369 4142 1559 4213; x_wconf 88' lang='grc' dir='ltr'>χωρίς.</span> <span class='ocrx_word' id='word_1_364' title='bbox 1600 4145 1662 4197; x_wconf 89' lang='grc' dir='ltr'>Εἰ</span> <span class='ocrx_word' id='word_1_365' title='bbox 1716 4144 1774 4197; x_wconf 80' lang='grc' dir='ltr'>δὲ</span> <span class='ocrx_word' id='word_1_366' title='bbox 1805 4147 1909 4216; x_wconf 86' lang='grc' dir='ltr'>χρή</span> <span class='ocrx_word' id='word_1_367' title='bbox 1959 4133 2014 4199; x_wconf 81' lang='grc' dir='ltr'>τι</span> 
     </span>
    </p>
   </div>
   <div class='ocr_carea' id='block_1_47' title="bbox 444 4218 2012 4298">
    <p class='ocr_par' dir='ltr' id='par_1_47' title="bbox 444 4218 2012 4298">
     <span class='ocr_line' id='line_1_47' title="bbox 444 4218 2012 4298; baseline 0.008 -29"><span class='ocrx_word' id='word_1_368' title='bbox 444 4218 639 4284; x_wconf 88' lang='grc' dir='ltr'>εἰπεῖν,</span> <span class='ocrx_word' id='word_1_369' title='bbox 682 4219 928 4288; x_wconf 77' lang='grc' dir='ltr'>μείζονός</span> <span class='ocrx_word' id='word_1_370' title='bbox 960 4222 1076 4274; x_wconf 88' lang='grc' dir='ltr'>ἐστι</span> <span class='ocrx_word' id='word_1_371' title='bbox 1125 4225 1461 4293; x_wconf 87' lang='grc' dir='ltr'>κατηγορίας</span> <span class='ocrx_word' id='word_1_372' title='bbox 1499 4225 1623 4292; x_wconf 82' lang='grc' dir='ltr'>ἀξία</span> <span class='ocrx_word' id='word_1_373' title='bbox 1660 4228 1693 4297; x_wconf 83' lang='grc' dir='ltr'>ἡ</span> <span class='ocrx_word' id='word_1_374' title='bbox 1725 4228 1891 4298; x_wconf 75' lang='grc' dir='ltr'>ψυχή.</span> <span class='ocrx_word' id='word_1_375' title='bbox 1936 4228 2012 4281; x_wconf 88' lang='grc' dir='ltr'>Τὸ</span> 
     </span>
    </p>
   </div>
   <div class='ocr_carea' id='block_1_48' title="bbox 448 4301 2021 4381">
    <p class='ocr_par' dir='ltr' id='par_1_48' title="bbox 448 4301 2021 4381">
     <span class='ocr_line' id='line_1_48' title="bbox 448 4301 2021 4381; baseline 0.007 -26"><span class='ocrx_word' id='word_1_376' title='bbox 448 4301 547 4371; x_wconf 82' lang='grc' dir='ltr'>μὲν</span> <span class='ocrx_word' id='word_1_377' title='bbox 581 4302 691 4375; x_wconf 97' lang='lat'>7&amp;9</span> <span class='ocrx_word' id='word_1_378' title='bbox 727 4303 887 4374; x_wconf 90' lang='grc' dir='ltr'>σῶμα</span> <span class='ocrx_word' id='word_1_379' title='bbox 920 4306 1072 4358; x_wconf 75' lang='grc' dir='ltr'>οὐδὲν</span> <span class='ocrx_word' id='word_1_380' title='bbox 1107 4304 1237 4359; x_wconf 79' lang='grc' dir='ltr'>ἄνευ</span> <span class='ocrx_word' id='word_1_381' title='bbox 1280 4308 1380 4377; x_wconf 87' lang='grc' dir='ltr'>τῆς</span> <span class='ocrx_word' id='word_1_382' title='bbox 1414 4308 1593 4379; x_wconf 80' lang='grc' dir='ltr'>ψυχῆς</span> <span class='ocrx_word' id='word_1_383' title='bbox 1630 4311 1926 4381; x_wconf 89' lang='grc' dir='ltr'>ἐργάσαιτο</span> <span class='ocrx_word' id='word_1_384' title='bbox 1955 4312 2021 4366; x_wconf 83' lang='grc' dir='ltr'>ἂν</span> 
     </span>
    </p>
   </div>
   <div class='ocr_carea' id='block_1_49' title="bbox 508 4503 1518 4591">
    <p class='ocr_par' dir='ltr' id='par_1_49' title="bbox 508 4503 1518 4591">
     <span class='ocr_line' id='line_1_49' title="bbox 508 4503 1518 4591; baseline 0.001 0"><span class='ocrx_word' id='word_1_385' title='bbox 508 4503 1399 4591; x_wconf 47' lang='grc' dir='ltr'>ξΕΜιξηίξεῖξάὲςίίλλέςγάσαιτελάν·</span> <span class='ocrx_word' id='word_1_386' title='bbox 1507 4566 1518 4577; x_wconf 88' lang='grc'><strong>-</strong></span> 
     </span>
    </p>
   </div>
   <div class='ocr_carea' id='block_1_50' title="bbox 446 4563 2029 4676">
    <p class='ocr_par' dir='ltr' id='par_1_50' title="bbox 446 4563 2029 4676">
     <span class='ocr_line' id='line_1_50' title="bbox 512 4563 2029 4633; baseline 0.006 -22"><span class='ocrx_word' id='word_1_387' title='bbox 512 4564 535 4591; x_wconf 75' lang='grc' dir='ltr'><strong>ο</strong></span> <span class='ocrx_word' id='word_1_388' title='bbox 556 4563 648 4633; x_wconf 71' lang='grc' dir='ltr'>Ηὶιξ</span> <span class='ocrx_word' id='word_1_389' title='bbox 681 4563 966 4617; x_wconf 69' lang='lat' dir='ltr'>Mnrellizina</span> <span class='ocrx_word' id='word_1_390' title='bbox 993 4563 1147 4619; x_wconf 55' lang='lat' dir='ltr'>édi‘u&#39;o</span> <span class='ocrx_word' id='word_1_391' title='bbox 1188 4573 1382 4632; x_wconf 79' lang='lat' dir='ltr'>partem</span> <span class='ocrx_word' id='word_1_392' title='bbox 1412 4566 1604 4633; x_wconf 83' lang='lat' dir='ltr'>periodi</span> <span class='ocrx_word' id='word_1_393' title='bbox 1633 4570 1694 4620; x_wconf 83' lang='grc' dir='ltr'>δι’</span> <span class='ocrx_word' id='word_1_394' title='bbox 1724 4572 2029 4633; x_wconf 82' lang='grc' dir='ltr'>ὁμοιοτέλευ-</span> 
     </span>
     <span class='ocr_line' id='line_1_51' title="bbox 446 4632 807 4676; baseline 0.006 -3"><span class='ocrx_word' id='word_1_395' title='bbox 446 4640 529 4674; x_wconf 79' lang='grc' dir='ltr'>τον</span> <span class='ocrx_word' id='word_1_396' title='bbox 553 4632 807 4676; x_wconf 66' lang='lat' dir='ltr'>omiserat.</span> 
     </span>
    </p>
   </div>
   <div class='ocr_carea' id='block_1_51' title="bbox 2108 476 3675 555">
    <p class='ocr_par' dir='ltr' id='par_1_51' title="bbox 2108 476 3675 555">
     <span class='ocr_line' id='line_1_52' title="bbox 2108 476 3675 555; baseline -0.002 -18"><span class='ocrx_word' id='word_1_397' title='bbox 2108 484 2302 549; x_wconf 82' lang='grc' dir='ltr'>δεινὸν,</span> <span class='ocrx_word' id='word_1_398' title='bbox 2334 487 2368 555; x_wconf 87' lang='grc' dir='ltr'>ή</span> <span class='ocrx_word' id='word_1_399' title='bbox 2413 483 2470 537; x_wconf 86' lang='grc' dir='ltr'>δὲ</span> <span class='ocrx_word' id='word_1_400' title='bbox 2503 484 2649 553; x_wconf 70' lang='grc' dir='ltr'>ψυχὴ</span> <span class='ocrx_word' id='word_1_401' title='bbox 2685 481 2851 535; x_wconf 86' lang='grc' dir='ltr'>πολλὰ</span> <span class='ocrx_word' id='word_1_402' title='bbox 2897 479 3064 550; x_wconf 76' lang='grc' dir='ltr'>χωρὶς</span> <span class='ocrx_word' id='word_1_403' title='bbox 3102 476 3195 531; x_wconf 89' lang='grc' dir='ltr'>τοῦ</span> <span class='ocrx_word' id='word_1_404' title='bbox 3251 477 3532 549; x_wconf 84' lang='grc' dir='ltr'>σώματος·</span> <span class='ocrx_word' id='word_1_405' title='bbox 3578 483 3675 534; x_wconf 71' lang='grc' dir='ltr'>καὶ</span> 
     </span>
    </p>
   </div>
   <div class='ocr_carea' id='block_1_52' title="bbox 2109 561 3677 636">
    <p class='ocr_par' dir='ltr' id='par_1_52' title="bbox 2109 561 3677 636">
     <span class='ocr_line' id='line_1_53' title="bbox 2109 561 3677 636; baseline -0.001 -16"><span class='ocrx_word' id='word_1_406' title='bbox 2109 567 2217 635; x_wconf 91' lang='lat'>7&amp;9</span> <span class='ocrx_word' id='word_1_407' title='bbox 2251 570 2344 620; x_wconf 77' lang='grc' dir='ltr'>καὶ</span> <span class='ocrx_word' id='word_1_408' title='bbox 2371 567 2675 636; x_wconf 86' lang='grc' dir='ltr'>τηκομένου</span> <span class='ocrx_word' id='word_1_409' title='bbox 2692 564 2904 625; x_wconf 81' lang='grc' dir='ltr'>τούτου,</span> <span class='ocrx_word' id='word_1_410' title='bbox 2927 564 3021 615; x_wconf 72' lang='grc' dir='ltr'>καὶ</span> <span class='ocrx_word' id='word_1_411' title='bbox 3036 561 3096 613; x_wconf 84' lang='grc' dir='ltr'>οὐ</span> <span class='ocrx_word' id='word_1_412' title='bbox 3120 561 3473 631; x_wconf 87' lang='grc' dir='ltr'>σκιρτῶντος,</span> <span class='ocrx_word' id='word_1_413' title='bbox 3503 563 3677 618; x_wconf 76' lang='grc' dir='ltr'>πολλὰ</span> 
     </span>
    </p>
   </div>
   <div class='ocr_carea' id='block_1_53' title="bbox 2108 644 3674 719">
    <p class='ocr_par' dir='ltr' id='par_1_53' title="bbox 2108 644 3674 719">
     <span class='ocr_line' id='line_1_54' title="bbox 2108 644 3674 719; baseline -0.001 -18"><span class='ocrx_word' id='word_1_414' title='bbox 2108 648 2399 716; x_wconf 79' lang='grc' dir='ltr'>ἐργάζεται</span> <span class='ocrx_word' id='word_1_415' title='bbox 2416 650 2596 719; x_wconf 82' lang='grc' dir='ltr'>ἐκείνη</span> <span class='ocrx_word' id='word_1_416' title='bbox 2615 664 2630 678; x_wconf 91' lang='grc'><strong>·</strong></span> <span class='ocrx_word' id='word_1_417' title='bbox 2653 648 2899 716; x_wconf 86' lang='grc' dir='ltr'>καθάπερ</span> <span class='ocrx_word' id='word_1_418' title='bbox 2915 648 2963 698; x_wconf 86' lang='grc' dir='ltr'>οί</span> <span class='ocrx_word' id='word_1_419' title='bbox 2977 644 3168 713; x_wconf 85' lang='grc' dir='ltr'>γόητες</span> <span class='ocrx_word' id='word_1_420' title='bbox 3183 646 3400 707; x_wconf 85' lang='grc' dir='ltr'>ἐκεῖνοι,</span> <span class='ocrx_word' id='word_1_421' title='bbox 3421 647 3470 697; x_wconf 84' lang='grc' dir='ltr'>οἰ</span> <span class='ocrx_word' id='word_1_422' title='bbox 3489 646 3674 716; x_wconf 83' lang='grc' dir='ltr'>μάγοι,</span> 
     </span>
    </p>
   </div>
   <div class='ocr_carea' id='block_1_54' title="bbox 2108 728 3672 801">
    <p class='ocr_par' dir='ltr' id='par_1_54' title="bbox 2108 728 3672 801">
     <span class='ocr_line' id='line_1_55' title="bbox 2108 728 3672 801; baseline -0.001 -16"><span class='ocrx_word' id='word_1_423' title='bbox 2108 735 2157 785; x_wconf 89' lang='grc' dir='ltr'>οἰ</span> <span class='ocrx_word' id='word_1_424' title='bbox 2189 733 2527 799; x_wconf 80' lang='grc' dir='ltr'>φθονοῦντες,</span> <span class='ocrx_word' id='word_1_425' title='bbox 2563 734 2611 784; x_wconf 89' lang='grc' dir='ltr'>οί</span> <span class='ocrx_word' id='word_1_426' title='bbox 2642 732 2941 801; x_wconf 67' lang='grc' dir='ltr'>φαρμακοὶ,</span> <span class='ocrx_word' id='word_1_427' title='bbox 2979 728 3211 798; x_wconf 83' lang='grc' dir='ltr'>μάλιστα</span> <span class='ocrx_word' id='word_1_428' title='bbox 3242 729 3499 798; x_wconf 89' lang='grc' dir='ltr'>τήκουσιν</span> <span class='ocrx_word' id='word_1_429' title='bbox 3523 730 3672 783; x_wconf 80' lang='grc' dir='ltr'>αὐτό.</span> 
     </span>
    </p>
   </div>
   <div class='ocr_carea' id='block_1_55' title="bbox 2112 809 3676 885">
    <p class='ocr_par' dir='ltr' id='par_1_55' title="bbox 2112 809 3676 885">
     <span class='ocr_line' id='line_1_56' title="bbox 2112 809 3676 885; baseline -0.002 -18"><span class='ocrx_word' id='word_1_430' title='bbox 2112 814 2321 881; x_wconf 70' lang='grc' dir='ltr'>Ἄλλως</span> <span class='ocrx_word' id='word_1_431' title='bbox 2352 814 2409 867; x_wconf 85' lang='grc' dir='ltr'>δὲ</span> <span class='ocrx_word' id='word_1_432' title='bbox 2440 815 2562 867; x_wconf 83' lang='grc' dir='ltr'>οὺδέ</span> <span class='ocrx_word' id='word_1_433' title='bbox 2590 815 2623 885; x_wconf 86' lang='grc' dir='ltr'>ή</span> <span class='ocrx_word' id='word_1_434' title='bbox 2651 813 2831 884; x_wconf 84' lang='grc' dir='ltr'>τρυφὴ</span> <span class='ocrx_word' id='word_1_435' title='bbox 2860 815 2957 881; x_wconf 86' lang='grc' dir='ltr'>τῆς</span> <span class='ocrx_word' id='word_1_436' title='bbox 2993 810 3086 863; x_wconf 90' lang='grc' dir='ltr'>τοῦ</span> <span class='ocrx_word' id='word_1_437' title='bbox 3130 809 3383 879; x_wconf 86' lang='grc' dir='ltr'>σώματος</span> <span class='ocrx_word' id='word_1_438' title='bbox 3425 812 3676 879; x_wconf 75' lang='grc' dir='ltr'>ἀνάγκης</span> 
     </span>
    </p>
   </div>
   <div class='ocr_carea' id='block_1_56' title="bbox 2108 893 3675 969">
    <p class='ocr_par' dir='ltr' id='par_1_56' title="bbox 2108 893 3675 969">
     <span class='ocr_line' id='line_1_57' title="bbox 2108 893 3675 969; baseline 0.004 -19"><span class='ocrx_word' id='word_1_439' title='bbox 2108 896 2274 961; x_wconf 82' lang='grc' dir='ltr'>ἐστὶν,</span> <span class='ocrx_word' id='word_1_440' title='bbox 2304 898 2440 951; x_wconf 82' lang='grc' dir='ltr'>ἀλλὰ</span> <span class='ocrx_word' id='word_1_441' title='bbox 2459 899 2557 969; x_wconf 85' lang='grc' dir='ltr'>τῆς</span> <span class='ocrx_word' id='word_1_442' title='bbox 2577 896 2904 968; x_wconf 80' lang='grc' dir='ltr'>άπροσεξίας</span> <span class='ocrx_word' id='word_1_443' title='bbox 2931 895 3029 963; x_wconf 79' lang='grc' dir='ltr'>τῆς</span> <span class='ocrx_word' id='word_1_444' title='bbox 3053 893 3231 963; x_wconf 74' lang='grc' dir='ltr'>ψυχῆς</span> <span class='ocrx_word' id='word_1_445' title='bbox 3247 909 3261 924; x_wconf 83' lang='grc'><strong><em>⁸</em></strong></span> <span class='ocrx_word' id='word_1_446' title='bbox 3282 896 3316 963; x_wconf 84' lang='grc' dir='ltr'>ἡ</span> <span class='ocrx_word' id='word_1_447' title='bbox 3348 893 3458 962; x_wconf 82' lang='grc' dir='ltr'>γὰρ</span> <span class='ocrx_word' id='word_1_448' title='bbox 3478 897 3675 964; x_wconf 69' lang='grc' dir='ltr'>τροφὴν</span> 
     </span>
    </p>
   </div>
   <div class='ocr_carea' id='block_1_57' title="bbox 2107 976 3677 1053">
    <p class='ocr_par' dir='ltr' id='par_1_57' title="bbox 2107 976 3677 1053">
     <span class='ocr_line' id='line_1_58' title="bbox 2107 976 3677 1053; baseline -0.004 -18"><span class='ocrx_word' id='word_1_449' title='bbox 2107 983 2228 1052; x_wconf 76' lang='grc' dir='ltr'>οὐχὶ</span> <span class='ocrx_word' id='word_1_450' title='bbox 2256 984 2288 1052; x_wconf 85' lang='grc' dir='ltr'>ἡ</span> <span class='ocrx_word' id='word_1_451' title='bbox 2325 982 2525 1053; x_wconf 82' lang='grc' dir='ltr'>τρυφὴ,</span> <span class='ocrx_word' id='word_1_452' title='bbox 2565 983 2664 1051; x_wconf 86' lang='grc' dir='ltr'>τῆς</span> <span class='ocrx_word' id='word_1_453' title='bbox 2688 980 2783 1034; x_wconf 89' lang='grc' dir='ltr'>τοῦ</span> <span class='ocrx_word' id='word_1_454' title='bbox 2820 979 3071 1049; x_wconf 84' lang='grc' dir='ltr'>σώματος</span> <span class='ocrx_word' id='word_1_455' title='bbox 3106 976 3370 1046; x_wconf 83' lang='grc' dir='ltr'>ἀνάγκης.</span> <span class='ocrx_word' id='word_1_456' title='bbox 3417 977 3542 1030; x_wconf 78' lang='grc' dir='ltr'>Ἐάν</span> <span class='ocrx_word' id='word_1_457' title='bbox 3568 978 3677 1047; x_wconf 74' lang='grc' dir='ltr'>γάρ</span> 
     </span>
    </p>
   </div>
   <div class='ocr_carea' id='block_1_58' title="bbox 2110 1059 3677 1136">
    <p class='ocr_par' dir='ltr' id='par_1_58' title="bbox 2110 1059 3677 1136">
     <span class='ocr_line' id='line_1_59' title="bbox 2110 1059 3677 1136; baseline -0.003 -19"><span class='ocrx_word' id='word_1_458' title='bbox 2110 1066 2321 1135; x_wconf 84' lang='grc' dir='ltr'>θελήσω</span> <span class='ocrx_word' id='word_1_459' title='bbox 2359 1064 2584 1136; x_wconf 80' lang='grc' dir='ltr'>σφοδρὸν</span> <span class='ocrx_word' id='word_1_460' title='bbox 2620 1064 2867 1116; x_wconf 88' lang='grc' dir='ltr'>καθεῖναι</span> <span class='ocrx_word' id='word_1_461' title='bbox 2912 1060 3148 1131; x_wconf 86' lang='grc' dir='ltr'>χαλινὸν,</span> <span class='ocrx_word' id='word_1_462' title='bbox 3196 1059 3534 1128; x_wconf 84' lang='grc' dir='ltr'>ἐπεστόμισα</span> <span class='ocrx_word' id='word_1_463' title='bbox 3586 1060 3677 1112; x_wconf 88' lang='grc' dir='ltr'>τὸν</span> 
     </span>
    </p>
   </div>
   <div class='ocr_carea' id='block_1_59' title="bbox 2111 1140 3678 1215">
    <p class='ocr_par' dir='ltr' id='par_1_59' title="bbox 2111 1140 3678 1215">
     <span class='ocr_line' id='line_1_60' title="bbox 2111 1140 3678 1215; baseline -0.003 -15"><span class='ocrx_word' id='word_1_464' title='bbox 2111 1147 2277 1200; x_wconf 85' lang='grc' dir='ltr'>ἵππον</span> <span class='ocrx_word' id='word_1_465' title='bbox 2298 1161 2310 1173; x_wconf 90' lang='lat'><strong>&#39;</strong></span> <span class='ocrx_word' id='word_1_466' title='bbox 2343 1148 2404 1199; x_wconf 85' lang='grc' dir='ltr'>τὸ</span> <span class='ocrx_word' id='word_1_467' title='bbox 2429 1148 2484 1199; x_wconf 84' lang='grc' dir='ltr'>δὲ</span> <span class='ocrx_word' id='word_1_468' title='bbox 2509 1147 2667 1215; x_wconf 87' lang='grc' dir='ltr'>σῶμα</span> <span class='ocrx_word' id='word_1_469' title='bbox 2693 1147 2791 1215; x_wconf 82' lang='grc' dir='ltr'>τὴν</span> <span class='ocrx_word' id='word_1_470' title='bbox 2824 1145 3003 1213; x_wconf 76' lang='grc' dir='ltr'>ψυχὴν</span> <span class='ocrx_word' id='word_1_471' title='bbox 3030 1142 3412 1197; x_wconf 83' lang='grc' dir='ltr'>καταστέλλειν</span> <span class='ocrx_word' id='word_1_472' title='bbox 3437 1143 3496 1193; x_wconf 80' lang='grc' dir='ltr'>οὺ</span> <span class='ocrx_word' id='word_1_473' title='bbox 3519 1140 3678 1195; x_wconf 83' lang='grc' dir='ltr'>δύνα-</span> 
     </span>
    </p>
   </div>
   <div class='ocr_carea' id='block_1_60' title="bbox 2107 1222 3676 1299">
    <p class='ocr_par' dir='ltr' id='par_1_60' title="bbox 2107 1222 3676 1299">
     <span class='ocr_line' id='line_1_61' title="bbox 2107 1222 3676 1299; baseline -0.005 -16"><span class='ocrx_word' id='word_1_474' title='bbox 2107 1248 2199 1283; x_wconf 88' lang='grc' dir='ltr'>ται</span> <span class='ocrx_word' id='word_1_475' title='bbox 2230 1233 2289 1283; x_wconf 90' lang='grc' dir='ltr'>ἐν</span> <span class='ocrx_word' id='word_1_476' title='bbox 2317 1232 2428 1293; x_wconf 84' lang='grc' dir='ltr'>τοῖς</span> <span class='ocrx_word' id='word_1_477' title='bbox 2457 1230 2625 1299; x_wconf 83' lang='grc' dir='ltr'>αὐτῆς</span> <span class='ocrx_word' id='word_1_478' title='bbox 2648 1231 2858 1289; x_wconf 84' lang='grc' dir='ltr'>κακοῖς.</span> <span class='ocrx_word' id='word_1_479' title='bbox 2887 1228 3046 1291; x_wconf 86' lang='grc' dir='ltr'>Τίνος</span> <span class='ocrx_word' id='word_1_480' title='bbox 3073 1222 3166 1280; x_wconf 77' lang='grc' dir='ltr'>οὖν</span> <span class='ocrx_word' id='word_1_481' title='bbox 3200 1226 3385 1277; x_wconf 74' lang='grc' dir='ltr'>ἕνεκεν</span> <span class='ocrx_word' id='word_1_482' title='bbox 3420 1225 3676 1293; x_wconf 88' lang='grc' dir='ltr'>φρόνημα</span> 
     </span>
    </p>
   </div>
   <div class='ocr_carea' id='block_1_61' title="bbox 2109 1307 3674 1381">
    <p class='ocr_par' dir='ltr' id='par_1_61' title="bbox 2109 1307 3674 1381">
     <span class='ocr_line' id='line_1_62' title="bbox 2109 1307 3674 1381; baseline -0.005 -16"><span class='ocrx_word' id='word_1_483' title='bbox 2109 1313 2242 1365; x_wconf 81' lang='grc' dir='ltr'>αὐτὸ</span> <span class='ocrx_word' id='word_1_484' title='bbox 2272 1312 2475 1381; x_wconf 83' lang='grc' dir='ltr'>σαρκὸς</span> <span class='ocrx_word' id='word_1_485' title='bbox 2522 1311 2703 1373; x_wconf 88' lang='grc' dir='ltr'>καλεῖ;</span> <span class='ocrx_word' id='word_1_486' title='bbox 2743 1310 2865 1362; x_wconf 87' lang='grc' dir='ltr'>Ὅτι</span> <span class='ocrx_word' id='word_1_487' title='bbox 2917 1310 3015 1379; x_wconf 81' lang='grc' dir='ltr'>τῆς</span> <span class='ocrx_word' id='word_1_488' title='bbox 3048 1308 3251 1379; x_wconf 84' lang='grc' dir='ltr'>σαρκὸς</span> <span class='ocrx_word' id='word_1_489' title='bbox 3296 1307 3416 1360; x_wconf 77' lang='grc' dir='ltr'>ὅλον</span> <span class='ocrx_word' id='word_1_490' title='bbox 3446 1307 3674 1374; x_wconf 85' lang='grc' dir='ltr'>γίνεται.</span> 
     </span>
    </p>
   </div>
   <div class='ocr_carea' id='block_1_62' title="bbox 2111 1389 3677 1464">
    <p class='ocr_par' dir='ltr' id='par_1_62' title="bbox 2111 1389 3677 1464">
     <span class='ocr_line' id='line_1_63' title="bbox 2111 1389 3677 1464; baseline -0.006 -17"><span class='ocrx_word' id='word_1_491' title='bbox 2111 1395 2279 1449; x_wconf 82' lang='grc' dir='ltr'>Ὅταν</span> <span class='ocrx_word' id='word_1_492' title='bbox 2302 1394 2409 1464; x_wconf 88' lang='grc' dir='ltr'>γὰρ</span> <span class='ocrx_word' id='word_1_493' title='bbox 2440 1393 2576 1464; x_wconf 83' lang='grc' dir='ltr'>αῦτη</span> <span class='ocrx_word' id='word_1_494' title='bbox 2606 1392 2875 1462; x_wconf 80' lang='grc' dir='ltr'>κρατήσῃ,</span> <span class='ocrx_word' id='word_1_495' title='bbox 2907 1393 3027 1444; x_wconf 83' lang='grc' dir='ltr'>τότε</span> <span class='ocrx_word' id='word_1_496' title='bbox 3056 1391 3325 1460; x_wconf 73' lang='grc' dir='ltr'>ἥμαρτεν,</span> <span class='ocrx_word' id='word_1_497' title='bbox 3365 1390 3492 1441; x_wconf 83' lang='grc' dir='ltr'>ὃταν</span> <span class='ocrx_word' id='word_1_498' title='bbox 3539 1389 3677 1457; x_wconf 86' lang='grc' dir='ltr'>άφέ-</span> 
     </span>
    </p>
   </div>
   <div class='ocr_carea' id='block_1_63' title="bbox 2108 1472 3677 1546">
    <p class='ocr_par' dir='ltr' id='par_1_63' title="bbox 2108 1472 3677 1546">
     <span class='ocr_line' id='line_1_64' title="bbox 2108 1472 3677 1546; baseline -0.003 -17"><span class='ocrx_word' id='word_1_499' title='bbox 2108 1477 2269 1545; x_wconf 89' lang='grc' dir='ltr'>ληται</span> <span class='ocrx_word' id='word_1_500' title='bbox 2303 1478 2393 1531; x_wconf 82' lang='grc' dir='ltr'>τὸν</span> <span class='ocrx_word' id='word_1_501' title='bbox 2427 1477 2551 1529; x_wconf 82' lang='grc' dir='ltr'>νοῦν</span> <span class='ocrx_word' id='word_1_502' title='bbox 2585 1476 2678 1529; x_wconf 77' lang='grc' dir='ltr'>καὶ</span> <span class='ocrx_word' id='word_1_503' title='bbox 2704 1477 2803 1545; x_wconf 75' lang='grc' dir='ltr'>τήν</span> <span class='ocrx_word' id='word_1_504' title='bbox 2832 1476 3006 1545; x_wconf 81' lang='grc' dir='ltr'>ἀρχὴν</span> <span class='ocrx_word' id='word_1_505' title='bbox 3036 1478 3133 1546; x_wconf 84' lang='grc' dir='ltr'>τῇς</span> <span class='ocrx_word' id='word_1_506' title='bbox 3158 1475 3359 1543; x_wconf 68' lang='grc' dir='ltr'>ψυχῆς.</span> <span class='ocrx_word' id='word_1_507' title='bbox 3380 1472 3677 1525; x_wconf 78' lang='grc' dir='ltr'>Οὑκοῦνέν</span> 
     </span>
    </p>
   </div>
   <div class='ocr_carea' id='block_1_64' title="bbox 2108 1557 3676 1630">
    <p class='ocr_par' dir='ltr' id='par_1_64' title="bbox 2108 1557 3676 1630">
     <span class='ocr_line' id='line_1_65' title="bbox 2108 1557 3676 1630; baseline -0.002 -19"><span class='ocrx_word' id='word_1_508' title='bbox 2108 1560 2284 1630; x_wconf 84' lang='grc' dir='ltr'>τούτῳ</span> <span class='ocrx_word' id='word_1_509' title='bbox 2321 1562 2354 1629; x_wconf 86' lang='grc' dir='ltr'>ἡ</span> <span class='ocrx_word' id='word_1_510' title='bbox 2392 1560 2563 1630; x_wconf 81' lang='grc' dir='ltr'>ἀρετὴ</span> <span class='ocrx_word' id='word_1_511' title='bbox 2594 1559 2686 1611; x_wconf 91' lang='grc' dir='ltr'>τοῦ</span> <span class='ocrx_word' id='word_1_512' title='bbox 2720 1558 2989 1624; x_wconf 83' lang='grc' dir='ltr'>σώματος,</span> <span class='ocrx_word' id='word_1_513' title='bbox 3022 1560 3079 1609; x_wconf 88' lang='grc' dir='ltr'>ἐν</span> <span class='ocrx_word' id='word_1_514' title='bbox 3107 1558 3182 1625; x_wconf 84' lang='grc' dir='ltr'>τῷ</span> <span class='ocrx_word' id='word_1_515' title='bbox 3216 1558 3384 1609; x_wconf 76' lang='grc' dir='ltr'>εἴκειν</span> <span class='ocrx_word' id='word_1_516' title='bbox 3411 1559 3474 1627; x_wconf 88' lang='grc' dir='ltr'>τῇ</span> <span class='ocrx_word' id='word_1_517' title='bbox 3506 1557 3676 1626; x_wconf 68' lang='grc' dir='ltr'>ψυχῇ,</span> 
     </span>
    </p>
   </div>
   <div class='ocr_carea' id='block_1_65' title="bbox 2110 1637 3679 1710">
    <p class='ocr_par' dir='ltr' id='par_1_65' title="bbox 2110 1637 3679 1710">
     <span class='ocr_line' id='line_1_66' title="bbox 2110 1637 3679 1710; baseline -0.002 -16"><span class='ocrx_word' id='word_1_518' title='bbox 2110 1642 2232 1694; x_wconf 75' lang='grc' dir='ltr'>ἐπεὶ</span> <span class='ocrx_word' id='word_1_519' title='bbox 2263 1642 2381 1694; x_wconf 79' lang='grc' dir='ltr'>καθ’</span> <span class='ocrx_word' id='word_1_520' title='bbox 2418 1642 2613 1710; x_wconf 80' lang='grc' dir='ltr'>ἑαυτὴν</span> <span class='ocrx_word' id='word_1_521' title='bbox 2667 1639 2791 1692; x_wconf 75' lang='grc' dir='ltr'>οὔτε</span> <span class='ocrx_word' id='word_1_522' title='bbox 2838 1640 2978 1707; x_wconf 85' lang='grc' dir='ltr'>καλὴ</span> <span class='ocrx_word' id='word_1_523' title='bbox 3006 1637 3127 1691; x_wconf 69' lang='grc' dir='ltr'>οὔτε</span> <span class='ocrx_word' id='word_1_524' title='bbox 3158 1640 3324 1709; x_wconf 90' lang='grc' dir='ltr'>κακή.</span> <span class='ocrx_word' id='word_1_525' title='bbox 3361 1639 3423 1690; x_wconf 92' lang='grc' dir='ltr'>Τί</span> <span class='ocrx_word' id='word_1_526' title='bbox 3471 1640 3576 1707; x_wconf 81' lang='grc' dir='ltr'>γάρ</span> <span class='ocrx_word' id='word_1_527' title='bbox 3613 1640 3679 1691; x_wconf 82' lang='grc' dir='ltr'>ἂν</span> 
     </span>
    </p>
   </div>
   <div class='ocr_carea' id='block_1_66' title="bbox 2111 1723 3680 1795">
    <p class='ocr_par' dir='ltr' id='par_1_66' title="bbox 2111 1723 3680 1795">
     <span class='ocr_line' id='line_1_67' title="bbox 2111 1723 3680 1795; baseline -0.001 -18"><span class='ocrx_word' id='word_1_528' title='bbox 2111 1726 2403 1795; x_wconf 84' lang='grc' dir='ltr'>ἐργάσαιτο</span> <span class='ocrx_word' id='word_1_529' title='bbox 2432 1727 2493 1775; x_wconf 78' lang='grc' dir='ltr'>τὸ</span> <span class='ocrx_word' id='word_1_530' title='bbox 2530 1724 2691 1794; x_wconf 88' lang='grc' dir='ltr'>σῶμα</span> <span class='ocrx_word' id='word_1_531' title='bbox 2730 1724 2850 1777; x_wconf 83' lang='grc' dir='ltr'>καθ’</span> <span class='ocrx_word' id='word_1_532' title='bbox 2881 1724 3071 1786; x_wconf 83' lang='grc' dir='ltr'>ἐαυτό;</span> <span class='ocrx_word' id='word_1_533' title='bbox 3103 1723 3267 1775; x_wconf 83' lang='grc' dir='ltr'>Ὥστε</span> <span class='ocrx_word' id='word_1_534' title='bbox 3309 1725 3374 1792; x_wconf 88' lang='grc' dir='ltr'>τῇ</span> <span class='ocrx_word' id='word_1_535' title='bbox 3416 1724 3680 1791; x_wconf 80' lang='grc' dir='ltr'>συναφείᾳ</span> 
     </span>
    </p>
   </div>
   <div class='ocr_carea' id='block_1_67' title="bbox 2112 1804 3676 1877">
    <p class='ocr_par' dir='ltr' id='par_1_67' title="bbox 2112 1804 3676 1877">
     <span class='ocr_line' id='line_1_68' title="bbox 2112 1804 3676 1877; baseline -0.003 -16"><span class='ocrx_word' id='word_1_536' title='bbox 2112 1807 2276 1861; x_wconf 75' lang='grc' dir='ltr'>καλὸν</span> <span class='ocrx_word' id='word_1_537' title='bbox 2304 1808 2365 1860; x_wconf 77' lang='grc' dir='ltr'>τὸ</span> <span class='ocrx_word' id='word_1_538' title='bbox 2394 1806 2574 1877; x_wconf 89' lang='grc' dir='ltr'>σῶμα,</span> <span class='ocrx_word' id='word_1_539' title='bbox 2616 1807 2781 1862; x_wconf 86' lang='grc' dir='ltr'>καλὸν</span> <span class='ocrx_word' id='word_1_540' title='bbox 2814 1806 2901 1859; x_wconf 86' lang='grc' dir='ltr'>διὰ</span> <span class='ocrx_word' id='word_1_541' title='bbox 2925 1806 3023 1876; x_wconf 84' lang='grc' dir='ltr'>τὴν</span> <span class='ocrx_word' id='word_1_542' title='bbox 3057 1806 3357 1874; x_wconf 77' lang='grc' dir='ltr'>ὑποταγὴν,</span> <span class='ocrx_word' id='word_1_543' title='bbox 3399 1806 3523 1857; x_wconf 73' lang='grc' dir='ltr'>ἐπεὶ</span> <span class='ocrx_word' id='word_1_544' title='bbox 3555 1804 3676 1857; x_wconf 86' lang='grc' dir='ltr'>καθ’</span> 
     </span>
    </p>
   </div>
   <div class='ocr_carea' id='block_1_68' title="bbox 2112 1890 3678 1961">
    <p class='ocr_par' dir='ltr' id='par_1_68' title="bbox 2112 1890 3678 1961">
     <span class='ocr_line' id='line_1_69' title="bbox 2112 1890 3678 1961; baseline -0.003 -16"><span class='ocrx_word' id='word_1_545' title='bbox 2112 1893 2273 1946; x_wconf 84' lang='grc' dir='ltr'>ἐαυτὸ</span> <span class='ocrx_word' id='word_1_546' title='bbox 2298 1892 2421 1944; x_wconf 77' lang='grc' dir='ltr'>οὔτε</span> <span class='ocrx_word' id='word_1_547' title='bbox 2444 1892 2629 1955; x_wconf 83' lang='grc' dir='ltr'>καλὸν,</span> <span class='ocrx_word' id='word_1_548' title='bbox 2652 1890 2774 1944; x_wconf 77' lang='grc' dir='ltr'>οὔτε</span> <span class='ocrx_word' id='word_1_549' title='bbox 2802 1890 2995 1955; x_wconf 87' lang='grc' dir='ltr'>κακὸν,</span> <span class='ocrx_word' id='word_1_550' title='bbox 3026 1891 3121 1943; x_wconf 81' lang='grc' dir='ltr'>καὶ</span> <span class='ocrx_word' id='word_1_551' title='bbox 3146 1890 3282 1961; x_wconf 79' lang='grc' dir='ltr'>πρὸς</span> <span class='ocrx_word' id='word_1_552' title='bbox 3308 1890 3466 1942; x_wconf 87' lang='grc' dir='ltr'>τοῦτο</span> <span class='ocrx_word' id='word_1_553' title='bbox 3485 1890 3562 1951; x_wconf 85' lang='grc' dir='ltr'>δὲ,</span> <span class='ocrx_word' id='word_1_554' title='bbox 3586 1890 3678 1941; x_wconf 70' lang='grc' dir='ltr'>καὶ</span> 
     </span>
    </p>
   </div>
   <div class='ocr_carea' id='block_1_69' title="bbox 2111 1970 3677 2046">
    <p class='ocr_par' dir='ltr' id='par_1_69' title="bbox 2111 1970 3677 2046">
     <span class='ocr_line' id='line_1_70' title="bbox 2111 1970 3677 2046; baseline -0.001 -19"><span class='ocrx_word' id='word_1_555' title='bbox 2111 1976 2247 2046; x_wconf 83' lang='grc' dir='ltr'>πρὸς</span> <span class='ocrx_word' id='word_1_556' title='bbox 2266 1977 2443 2028; x_wconf 89' lang='grc' dir='ltr'>ἐκεῖνο</span> <span class='ocrx_word' id='word_1_557' title='bbox 2467 1974 2789 2045; x_wconf 85' lang='grc' dir='ltr'>ἐπιτήδειον,</span> <span class='ocrx_word' id='word_1_558' title='bbox 2820 1975 2899 2036; x_wconf 89' lang='grc' dir='ltr'>εἰς</span> <span class='ocrx_word' id='word_1_559' title='bbox 2926 1975 3163 2044; x_wconf 86' lang='grc' dir='ltr'>ἐκάτερα</span> <span class='ocrx_word' id='word_1_560' title='bbox 3199 1970 3296 2041; x_wconf 80' lang='grc' dir='ltr'>τὴν</span> <span class='ocrx_word' id='word_1_561' title='bbox 3339 1973 3509 2041; x_wconf 77' lang='grc' dir='ltr'>ῥοπὴν</span> <span class='ocrx_word' id='word_1_562' title='bbox 3533 1971 3677 2040; x_wconf 77' lang='grc' dir='ltr'>ἕχον.</span> 
     </span>
    </p>
   </div>
   <div class='ocr_carea' id='block_1_70' title="bbox 2112 2053 3677 2127">
    <p class='ocr_par' dir='ltr' id='par_1_70' title="bbox 2112 2053 3677 2127">
     <span class='ocr_line' id='line_1_71' title="bbox 2112 2053 3677 2127; baseline -0.003 -17"><span class='ocrx_word' id='word_1_563' title='bbox 2112 2056 2187 2111; x_wconf 87' lang='grc' dir='ltr'>Τὸ</span> <span class='ocrx_word' id='word_1_564' title='bbox 2224 2057 2383 2127; x_wconf 86' lang='grc' dir='ltr'>σῶμα</span> <span class='ocrx_word' id='word_1_565' title='bbox 2411 2056 2690 2126; x_wconf 85' lang='grc' dir='ltr'>ἐπιθυμεῖ,</span> <span class='ocrx_word' id='word_1_566' title='bbox 2721 2055 2835 2109; x_wconf 87' lang='grc' dir='ltr'>ἀλλ’</span> <span class='ocrx_word' id='word_1_567' title='bbox 2873 2056 2935 2109; x_wconf 81' lang='grc' dir='ltr'>οῦ</span> <span class='ocrx_word' id='word_1_568' title='bbox 2967 2053 3225 2124; x_wconf 89' lang='grc' dir='ltr'>πορνείας</span> <span class='ocrx_word' id='word_1_569' title='bbox 3255 2054 3374 2105; x_wconf 81' lang='grc' dir='ltr'>οὑδέ</span> <span class='ocrx_word' id='word_1_570' title='bbox 3413 2055 3677 2123; x_wconf 83' lang='grc' dir='ltr'>μοιχείας,</span> 
     </span>
    </p>
   </div>
   <div class='ocr_carea' id='block_1_71' title="bbox 2111 2138 3678 2210">
    <p class='ocr_par' dir='ltr' id='par_1_71' title="bbox 2111 2138 3678 2210">
     <span class='ocr_line' id='line_1_72' title="bbox 2111 2138 3678 2210; baseline -0.001 -18"><span class='ocrx_word' id='word_1_571' title='bbox 2111 2140 2247 2193; x_wconf 80' lang='grc' dir='ltr'>ἀλλὰ</span> <span class='ocrx_word' id='word_1_572' title='bbox 2284 2140 2511 2210; x_wconf 76' lang='grc' dir='ltr'>μίξεωςο</span> <span class='ocrx_word' id='word_1_573' title='bbox 2552 2140 2612 2192; x_wconf 90' lang='grc' dir='ltr'>τὸ</span> <span class='ocrx_word' id='word_1_574' title='bbox 2648 2139 2809 2210; x_wconf 90' lang='grc' dir='ltr'>σῶμα</span> <span class='ocrx_word' id='word_1_575' title='bbox 2858 2140 3134 2209; x_wconf 85' lang='grc' dir='ltr'>ἐπιθυμεῖ,</span> <span class='ocrx_word' id='word_1_576' title='bbox 3169 2138 3229 2189; x_wconf 72' lang='grc' dir='ltr'>οὐ</span> <span class='ocrx_word' id='word_1_577' title='bbox 3260 2140 3492 2207; x_wconf 84' lang='grc' dir='ltr'>τρυφῆς,</span> <span class='ocrx_word' id='word_1_578' title='bbox 3540 2138 3678 2191; x_wconf 81' lang='grc' dir='ltr'>ἀλλὰ</span> 
     </span>
    </p>
   </div>
   <div class='ocr_carea' id='block_1_72' title="bbox 2112 2221 3681 2295">
    <p class='ocr_par' dir='ltr' id='par_1_72' title="bbox 2112 2221 3681 2295">
     <span class='ocr_line' id='line_1_73' title="bbox 2112 2221 3681 2295; baseline -0.002 -17"><span class='ocrx_word' id='word_1_579' title='bbox 2112 2228 2337 2295; x_wconf 84' lang='grc' dir='ltr'>τροφῆς,</span> <span class='ocrx_word' id='word_1_580' title='bbox 2372 2225 2432 2277; x_wconf 86' lang='grc' dir='ltr'>οὐ</span> <span class='ocrx_word' id='word_1_581' title='bbox 2461 2224 2651 2295; x_wconf 88' lang='grc' dir='ltr'>μέθης,</span> <span class='ocrx_word' id='word_1_582' title='bbox 2682 2223 2819 2277; x_wconf 83' lang='grc' dir='ltr'>ἀλλὰ</span> <span class='ocrx_word' id='word_1_583' title='bbox 2842 2222 3029 2276; x_wconf 90' lang='grc' dir='ltr'>ποτοῦ.</span> <span class='ocrx_word' id='word_1_584' title='bbox 3065 2223 3186 2274; x_wconf 83' lang='grc' dir='ltr'>’Ὁτι</span> <span class='ocrx_word' id='word_1_585' title='bbox 3210 2221 3318 2290; x_wconf 91' lang='lat'>7&amp;9</span> <span class='ocrx_word' id='word_1_586' title='bbox 3346 2221 3444 2290; x_wconf 84' lang='grc' dir='ltr'>οὺχ</span> <span class='ocrx_word' id='word_1_587' title='bbox 3466 2225 3498 2291; x_wconf 89' lang='grc' dir='ltr'>ή</span> <span class='ocrx_word' id='word_1_588' title='bbox 3541 2222 3681 2291; x_wconf 88' lang='grc' dir='ltr'>μέθη</span> 
     </span>
    </p>
   </div>
   <div class='ocr_carea' id='block_1_73' title="bbox 2110 2302 3679 2378">
    <p class='ocr_par' dir='ltr' id='par_1_73' title="bbox 2110 2302 3679 2378">
     <span class='ocr_line' id='line_1_74' title="bbox 2110 2302 3679 2378; baseline -0.001 -19"><span class='ocrx_word' id='word_1_589' title='bbox 2110 2307 2204 2360; x_wconf 89' lang='grc' dir='ltr'>τοῦ</span> <span class='ocrx_word' id='word_1_590' title='bbox 2228 2306 2475 2378; x_wconf 85' lang='grc' dir='ltr'>σώματός</span> <span class='ocrx_word' id='word_1_591' title='bbox 2507 2308 2652 2360; x_wconf 88' lang='grc' dir='ltr'>ἐστιν</span> <span class='ocrx_word' id='word_1_592' title='bbox 2679 2306 2973 2374; x_wconf 87' lang='grc' dir='ltr'>ἐπιθυμία,</span> <span class='ocrx_word' id='word_1_593' title='bbox 3013 2304 3204 2357; x_wconf 90' lang='grc' dir='ltr'>σκόπει</span> <span class='ocrx_word' id='word_1_594' title='bbox 3225 2302 3339 2365; x_wconf 85' lang='grc' dir='ltr'>πῶς</span> <span class='ocrx_word' id='word_1_595' title='bbox 3359 2319 3372 2333; x_wconf 76' lang='grc' dir='ltr'>ο</span> <span class='ocrx_word' id='word_1_596' title='bbox 3408 2304 3508 2356; x_wconf 82' lang='grc' dir='ltr'>οὐκ</span> <span class='ocrx_word' id='word_1_597' title='bbox 3527 2304 3679 2357; x_wconf 84' lang='grc' dir='ltr'>ἀντέ-</span> 
     </span>
    </p>
   </div>
   <div class='ocr_carea' id='block_1_74' title="bbox 2111 2385 3683 2459">
    <p class='ocr_par' dir='ltr' id='par_1_74' title="bbox 2111 2385 3683 2459">
     <span class='ocr_line' id='line_1_75' title="bbox 2111 2385 3683 2459; baseline -0.001 -19"><span class='ocrx_word' id='word_1_598' title='bbox 2111 2406 2197 2459; x_wconf 86' lang='grc' dir='ltr'>χει</span> <span class='ocrx_word' id='word_1_599' title='bbox 2230 2389 2436 2453; x_wconf 84' lang='grc' dir='ltr'>λοιπὸν,</span> <span class='ocrx_word' id='word_1_600' title='bbox 2480 2389 2607 2442; x_wconf 83' lang='grc' dir='ltr'>ὅταν</span> <span class='ocrx_word' id='word_1_601' title='bbox 2637 2388 2881 2457; x_wconf 81' lang='grc' dir='ltr'>ὑπερϐῇς</span> <span class='ocrx_word' id='word_1_602' title='bbox 2914 2387 2975 2440; x_wconf 84' lang='grc' dir='ltr'>τὸ</span> <span class='ocrx_word' id='word_1_603' title='bbox 3028 2386 3249 2456; x_wconf 85' lang='grc' dir='ltr'>μέτρον,</span> <span class='ocrx_word' id='word_1_604' title='bbox 3284 2386 3411 2438; x_wconf 83' lang='grc' dir='ltr'>ὅταν</span> <span class='ocrx_word' id='word_1_605' title='bbox 3444 2385 3513 2438; x_wconf 86' lang='grc' dir='ltr'>τὰ</span> <span class='ocrx_word' id='word_1_606' title='bbox 3557 2386 3683 2458; x_wconf 85' lang='grc' dir='ltr'>ὅρια</span> 
     </span>
    </p>
   </div>
   <div class='ocr_carea' id='block_1_75' title="bbox 2112 2462 3681 2545">
    <p class='ocr_par' dir='ltr' id='par_1_75' title="bbox 2112 2462 3681 2545">
     <span class='ocr_line' id='line_1_76' title="bbox 2112 2462 3681 2545; baseline -0.003 -19"><span class='ocrx_word' id='word_1_607' title='bbox 2112 2472 2343 2545; x_wconf 81' lang='grc' dir='ltr'>νικήσῃς</span> <span class='ocrx_word' id='word_1_608' title='bbox 2377 2473 2446 2526; x_wconf 87' lang='grc' dir='ltr'>τὰ</span> <span class='ocrx_word' id='word_1_609' title='bbox 2473 2472 2567 2526; x_wconf 91' lang='grc' dir='ltr'>τοῦ</span> <span class='ocrx_word' id='word_1_610' title='bbox 2610 2471 2860 2540; x_wconf 85' lang='grc' dir='ltr'>σώματος</span> <span class='ocrx_word' id='word_1_611' title='bbox 2880 2487 2894 2501; x_wconf 71' lang='grc'><strong><em>⁸</em></strong></span> <span class='ocrx_word' id='word_1_612' title='bbox 2948 2470 3073 2523; x_wconf 69' lang='grc' dir='ltr'>ἐπεὶ</span> <span class='ocrx_word' id='word_1_613' title='bbox 3100 2462 3171 2522; x_wconf 81' lang='grc' dir='ltr'>τὰ</span> <span class='ocrx_word' id='word_1_614' title='bbox 3202 2469 3337 2523; x_wconf 82' lang='grc' dir='ltr'>ἄλλα</span> <span class='ocrx_word' id='word_1_615' title='bbox 3374 2469 3550 2521; x_wconf 86' lang='grc' dir='ltr'>πάντα</span> <span class='ocrx_word' id='word_1_616' title='bbox 3582 2469 3681 2539; x_wconf 85' lang='grc' dir='ltr'>τῆς</span> 
     </span>
    </p>
   </div>
   <div class='ocr_carea' id='block_1_76' title="bbox 2110 2550 3679 2625">
    <p class='ocr_par' dir='ltr' id='par_1_76' title="bbox 2110 2550 3679 2625">
     <span class='ocr_line' id='line_1_77' title="bbox 2110 2550 3679 2625; baseline -0.003 -17"><span class='ocrx_word' id='word_1_617' title='bbox 2110 2555 2289 2625; x_wconf 80' lang='grc' dir='ltr'>ψυχῆς</span> <span class='ocrx_word' id='word_1_618' title='bbox 2344 2556 2511 2619; x_wconf 85' lang='grc' dir='ltr'>ἐστιν,</span> <span class='ocrx_word' id='word_1_619' title='bbox 2544 2550 2654 2607; x_wconf 76' lang='grc' dir='ltr'>οἷον</span> <span class='ocrx_word' id='word_1_620' title='bbox 2692 2556 2821 2610; x_wconf 85' lang='grc' dir='ltr'>ὃταν</span> <span class='ocrx_word' id='word_1_621' title='bbox 2868 2554 2948 2617; x_wconf 91' lang='grc' dir='ltr'>εἰς</span> <span class='ocrx_word' id='word_1_622' title='bbox 3001 2552 3239 2623; x_wconf 88' lang='grc' dir='ltr'>σαρκικὰ</span> <span class='ocrx_word' id='word_1_623' title='bbox 3272 2552 3679 2622; x_wconf 83' lang='grc' dir='ltr'>καταφέρηται,</span> 
     </span>
    </p>
   </div>
   <div class='ocr_carea' id='block_1_77' title="bbox 2114 2634 3679 2707">
    <p class='ocr_par' dir='ltr' id='par_1_77' title="bbox 2114 2634 3679 2707">
     <span class='ocr_line' id='line_1_78' title="bbox 2114 2634 3679 2707; baseline -0.004 -16"><span class='ocrx_word' id='word_1_624' title='bbox 2114 2639 2241 2691; x_wconf 85' lang='grc' dir='ltr'>ὅταν</span> <span class='ocrx_word' id='word_1_625' title='bbox 2294 2640 2495 2706; x_wconf 87' lang='grc' dir='ltr'>παχεῖα</span> <span class='ocrx_word' id='word_1_626' title='bbox 2539 2638 2786 2707; x_wconf 89' lang='grc' dir='ltr'>γένηται.</span> <span class='ocrx_word' id='word_1_627' title='bbox 2817 2637 2879 2689; x_wconf 89' lang='grc' dir='ltr'>Εἰ</span> <span class='ocrx_word' id='word_1_628' title='bbox 2904 2637 3013 2707; x_wconf 89' lang='lat'>7&amp;9</span> <span class='ocrx_word' id='word_1_629' title='bbox 3052 2636 3147 2688; x_wconf 80' lang='grc' dir='ltr'>καὶ</span> <span class='ocrx_word' id='word_1_630' title='bbox 3191 2634 3355 2687; x_wconf 85' lang='grc' dir='ltr'>καλὸν</span> <span class='ocrx_word' id='word_1_631' title='bbox 3400 2637 3461 2687; x_wconf 80' lang='grc' dir='ltr'>τὺ</span> <span class='ocrx_word' id='word_1_632' title='bbox 3500 2636 3679 2703; x_wconf 84' lang='grc' dir='ltr'>σῶμα,</span> 
     </span>
    </p>
   </div>
   <div class='ocr_carea' id='block_1_78' title="bbox 2113 2713 3683 2791">
    <p class='ocr_par' dir='ltr' id='par_1_78' title="bbox 2113 2713 3683 2791">
     <span class='ocr_line' id='line_1_79' title="bbox 2113 2713 3683 2791; baseline -0.002 -17"><span class='ocrx_word' id='word_1_633' title='bbox 2113 2722 2250 2775; x_wconf 81' lang='grc' dir='ltr'>ἀλλά</span> <span class='ocrx_word' id='word_1_634' title='bbox 2287 2722 2495 2791; x_wconf 80' lang='grc' dir='ltr'>σφόδρα</span> <span class='ocrx_word' id='word_1_635' title='bbox 2530 2717 2691 2789; x_wconf 79' lang='grc' dir='ltr'>ἦττον</span> <span class='ocrx_word' id='word_1_636' title='bbox 2716 2721 2813 2788; x_wconf 83' lang='grc' dir='ltr'>τῆς</span> <span class='ocrx_word' id='word_1_637' title='bbox 2844 2720 3041 2789; x_wconf 76' lang='grc' dir='ltr'>ψυχῆς.</span> <span class='ocrx_word' id='word_1_638' title='bbox 3081 2719 3292 2789; x_wconf 86' lang='grc' dir='ltr'>Ὥσπερ</span> <span class='ocrx_word' id='word_1_639' title='bbox 3326 2713 3418 2771; x_wconf 80' lang='grc' dir='ltr'>οὖν</span> <span class='ocrx_word' id='word_1_640' title='bbox 3446 2719 3622 2789; x_wconf 79' lang='grc' dir='ltr'>ἥττων</span> <span class='ocrx_word' id='word_1_641' title='bbox 3653 2721 3683 2771; x_wconf 85' lang='grc' dir='ltr'>ὁ</span> 
     </span>
    </p>
   </div>
   <div class='ocr_carea' id='block_1_79' title="bbox 2116 2798 3681 2874">
    <p class='ocr_par' dir='ltr' id='par_1_79' title="bbox 2116 2798 3681 2874">
     <span class='ocr_line' id='line_1_80' title="bbox 2116 2798 3681 2874; baseline -0.003 -18"><span class='ocrx_word' id='word_1_642' title='bbox 2116 2803 2375 2874; x_wconf 89' lang='grc' dir='ltr'>μόλυϐδος</span> <span class='ocrx_word' id='word_1_643' title='bbox 2416 2802 2642 2874; x_wconf 71' lang='grc' dir='ltr'>χρυσοῦ,</span> <span class='ocrx_word' id='word_1_644' title='bbox 2684 2802 2799 2855; x_wconf 86' lang='grc' dir='ltr'>ἀλλ’</span> <span class='ocrx_word' id='word_1_645' title='bbox 2821 2804 2968 2872; x_wconf 85' lang='grc' dir='ltr'>ὅμως</span> <span class='ocrx_word' id='word_1_646' title='bbox 2994 2801 3281 2854; x_wconf 77' lang='grc' dir='ltr'>δεῖταικαὶ</span> <span class='ocrx_word' id='word_1_647' title='bbox 3309 2799 3402 2852; x_wconf 90' lang='grc' dir='ltr'>τοῦ</span> <span class='ocrx_word' id='word_1_648' title='bbox 3432 2798 3681 2868; x_wconf 89' lang='grc' dir='ltr'>μολίϐδου</span> 
     </span>
    </p>
   </div>
   <div class='ocr_carea' id='block_1_80' title="bbox 2113 2881 3679 2955">
    <p class='ocr_par' dir='ltr' id='par_1_80' title="bbox 2113 2881 3679 2955">
     <span class='ocr_line' id='line_1_81' title="bbox 2113 2881 3679 2955; baseline -0.003 -16"><span class='ocrx_word' id='word_1_649' title='bbox 2113 2887 2206 2939; x_wconf 90' lang='grc' dir='ltr'>τοῦ</span> <span class='ocrx_word' id='word_1_650' title='bbox 2248 2887 2683 2955; x_wconf 87' lang='grc' dir='ltr'>συγκολλῶντος·</span> <span class='ocrx_word' id='word_1_651' title='bbox 2726 2884 2867 2937; x_wconf 76' lang='grc' dir='ltr'>οὕτω</span> <span class='ocrx_word' id='word_1_652' title='bbox 2918 2884 3000 2937; x_wconf 88' lang='grc' dir='ltr'>δεῖ</span> <span class='ocrx_word' id='word_1_653' title='bbox 3040 2884 3135 2936; x_wconf 72' lang='grc' dir='ltr'>καὶ</span> <span class='ocrx_word' id='word_1_654' title='bbox 3175 2881 3268 2936; x_wconf 87' lang='grc' dir='ltr'>τοῦ</span> <span class='ocrx_word' id='word_1_655' title='bbox 3324 2882 3573 2952; x_wconf 88' lang='grc' dir='ltr'>σώματος</span> <span class='ocrx_word' id='word_1_656' title='bbox 3614 2885 3679 2952; x_wconf 86' lang='grc' dir='ltr'>τῇ</span> 
     </span>
    </p>
   </div>
   <div class='ocr_carea' id='block_1_81' title="bbox 2114 2968 3680 3044">
    <p class='ocr_par' dir='ltr' id='par_1_81' title="bbox 2114 2968 3680 3044">
     <span class='ocr_line' id='line_1_82' title="bbox 2114 2968 3680 3044; baseline -0.004 -19"><span class='ocrx_word' id='word_1_657' title='bbox 2114 2975 2258 3044; x_wconf 70' lang='grc' dir='ltr'>ψυχῇ</span> <span class='ocrx_word' id='word_1_658' title='bbox 2281 2988 2294 3001; x_wconf 83' lang='grc'>⁶</span> <span class='ocrx_word' id='word_1_659' title='bbox 2342 2972 2375 3042; x_wconf 78' lang='grc' dir='ltr'><strong>ἢ</strong></span> <span class='ocrx_word' id='word_1_660' title='bbox 2408 2973 2597 3043; x_wconf 82' lang='grc' dir='ltr'>ὥσπερ</span> <span class='ocrx_word' id='word_1_661' title='bbox 2631 2971 2840 3024; x_wconf 86' lang='grc' dir='ltr'>παιδίον</span> <span class='ocrx_word' id='word_1_662' title='bbox 2889 2972 3037 3024; x_wconf 74' lang='grc' dir='ltr'>ἐστὶν</span> <span class='ocrx_word' id='word_1_663' title='bbox 3071 2970 3289 3038; x_wconf 76' lang='grc' dir='ltr'>εὐγενὲς</span> <span class='ocrx_word' id='word_1_664' title='bbox 3334 2968 3680 3037; x_wconf 84' lang='grc' dir='ltr'>παιδαγωγοῦ</span> 
     </span>
    </p>
   </div>
   <div class='ocr_carea' id='block_1_82' title="bbox 2112 3051 3683 3126">
    <p class='ocr_par' dir='ltr' id='par_1_82' title="bbox 2112 3051 3683 3126">
     <span class='ocr_line' id='line_1_83' title="bbox 2112 3051 3683 3126; baseline -0.005 -17"><span class='ocrx_word' id='word_1_665' title='bbox 2112 3056 2385 3126; x_wconf 89' lang='grc' dir='ltr'>δεόμενον,</span> <span class='ocrx_word' id='word_1_666' title='bbox 2414 3054 2557 3108; x_wconf 74' lang='grc' dir='ltr'>οὕτω</span> <span class='ocrx_word' id='word_1_667' title='bbox 2590 3054 2686 3109; x_wconf 76' lang='grc' dir='ltr'>καὶ</span> <span class='ocrx_word' id='word_1_668' title='bbox 2721 3056 2753 3122; x_wconf 85' lang='grc' dir='ltr'>ή</span> <span class='ocrx_word' id='word_1_669' title='bbox 2786 3052 2932 3124; x_wconf 76' lang='grc' dir='ltr'>ψυχὴ</span> <span class='ocrx_word' id='word_1_670' title='bbox 2961 3053 3129 3105; x_wconf 89' lang='grc' dir='ltr'>δεῖται</span> <span class='ocrx_word' id='word_1_671' title='bbox 3148 3051 3241 3105; x_wconf 89' lang='grc' dir='ltr'>τοῦ</span> <span class='ocrx_word' id='word_1_672' title='bbox 3274 3052 3547 3123; x_wconf 85' lang='grc' dir='ltr'>σώματος.</span> <span class='ocrx_word' id='word_1_673' title='bbox 3574 3051 3683 3103; x_wconf 79' lang='grc' dir='ltr'>Καὶ</span> 
     </span>
    </p>
   </div>
   <div class='ocr_carea' id='block_1_83' title="bbox 2118 3135 3681 3209">
    <p class='ocr_par' dir='ltr' id='par_1_83' title="bbox 2118 3135 3681 3209">
     <span class='ocr_line' id='line_1_84' title="bbox 2118 3135 3681 3209; baseline -0.002 -19"><span class='ocrx_word' id='word_1_674' title='bbox 2118 3138 2193 3209; x_wconf 77' lang='grc' dir='ltr'>μὴ</span> <span class='ocrx_word' id='word_1_675' title='bbox 2211 3138 2520 3209; x_wconf 88' lang='grc' dir='ltr'>θαυμάσῃς,</span> <span class='ocrx_word' id='word_1_676' title='bbox 2555 3138 2603 3189; x_wconf 92' lang='grc' dir='ltr'>εἰ</span> <span class='ocrx_word' id='word_1_677' title='bbox 2633 3137 2857 3189; x_wconf 89' lang='grc' dir='ltr'>τοιαῦτα</span> <span class='ocrx_word' id='word_1_678' title='bbox 2884 3137 3209 3206; x_wconf 85' lang='grc' dir='ltr'>παρήγαγον</span> <span class='ocrx_word' id='word_1_679' title='bbox 3236 3135 3681 3206; x_wconf 88' lang='grc' dir='ltr'>παραδείγματα.</span> 
     </span>
    </p>
   </div>
   <div class='ocr_carea' id='block_1_84' title="bbox 2118 3217 3686 3290">
    <p class='ocr_par' dir='ltr' id='par_1_84' title="bbox 2118 3217 3686 3290">
     <span class='ocr_line' id='line_1_85' title="bbox 2118 3217 3686 3290; baseline -0.003 -17"><span class='ocrx_word' id='word_1_680' title='bbox 2118 3221 2328 3290; x_wconf 85' lang='grc' dir='ltr'>Ὥσπερ</span> <span class='ocrx_word' id='word_1_681' title='bbox 2356 3219 2463 3290; x_wconf 89' lang='lat'>7&amp;9</span> <span class='ocrx_word' id='word_1_682' title='bbox 2494 3219 2717 3273; x_wconf 75' lang='grc' dir='ltr'>παιδικὰ</span> <span class='ocrx_word' id='word_1_683' title='bbox 2745 3219 3047 3290; x_wconf 86' lang='grc' dir='ltr'>πράγματα</span> <span class='ocrx_word' id='word_1_684' title='bbox 3075 3218 3325 3287; x_wconf 89' lang='grc' dir='ltr'>λέγομεν,</span> <span class='ocrx_word' id='word_1_685' title='bbox 3355 3218 3414 3271; x_wconf 87' lang='grc' dir='ltr'>οὺ</span> <span class='ocrx_word' id='word_1_686' title='bbox 3448 3218 3547 3289; x_wconf 84' lang='grc' dir='ltr'>τὴν</span> <span class='ocrx_word' id='word_1_687' title='bbox 3572 3217 3686 3287; x_wconf 84' lang='grc' dir='ltr'>ἡλι-</span> 
     </span>
    </p>
   </div>
   <div class='ocr_carea' id='block_1_85' title="bbox 2117 3299 3685 3371">
    <p class='ocr_par' dir='ltr' id='par_1_85' title="bbox 2117 3299 3685 3371">
     <span class='ocr_line' id='line_1_86' title="bbox 2117 3299 3685 3371; baseline -0.003 -14"><span class='ocrx_word' id='word_1_688' title='bbox 2117 3304 2241 3357; x_wconf 91' lang='grc' dir='ltr'>κίαν</span> <span class='ocrx_word' id='word_1_689' title='bbox 2272 3302 2668 3369; x_wconf 87' lang='grc' dir='ltr'>διαϐάλλοντες,</span> <span class='ocrx_word' id='word_1_690' title='bbox 2710 3301 2847 3355; x_wconf 84' lang='grc' dir='ltr'>ἀλλὰ</span> <span class='ocrx_word' id='word_1_691' title='bbox 2873 3304 2942 3355; x_wconf 86' lang='grc' dir='ltr'>τὰ</span> <span class='ocrx_word' id='word_1_692' title='bbox 2984 3303 3105 3355; x_wconf 90' lang='grc' dir='ltr'>κατ’</span> <span class='ocrx_word' id='word_1_693' title='bbox 3144 3301 3314 3371; x_wconf 81' lang='grc' dir='ltr'>αὑτήν</span> <span class='ocrx_word' id='word_1_694' title='bbox 3340 3316 3353 3331; x_wconf 81' lang='grc'>⁸</span> <span class='ocrx_word' id='word_1_695' title='bbox 3402 3299 3545 3353; x_wconf 75' lang='grc' dir='ltr'>οὕτω</span> <span class='ocrx_word' id='word_1_696' title='bbox 3590 3301 3685 3353; x_wconf 76' lang='grc' dir='ltr'>καὶ</span> 
     </span>
    </p>
   </div>
   <div class='ocr_carea' id='block_1_86' title="bbox 2116 3379 3673 3457">
    <p class='ocr_par' dir='ltr' id='par_1_86' title="bbox 2116 3379 3673 3457">
     <span class='ocr_line' id='line_1_87' title="bbox 2116 3379 3673 3457; baseline -0.003 -17"><span class='ocrx_word' id='word_1_697' title='bbox 2116 3386 2364 3457; x_wconf 74' lang='grc' dir='ltr'>περὶτοῦ</span> <span class='ocrx_word' id='word_1_698' title='bbox 2412 3384 2683 3457; x_wconf 85' lang='grc' dir='ltr'>σώματος.</span> <span class='ocrx_word' id='word_1_699' title='bbox 2723 3385 2862 3439; x_wconf 86' lang='grc' dir='ltr'>Ἀλλ’</span> <span class='ocrx_word' id='word_1_700' title='bbox 2894 3384 3071 3437; x_wconf 76' lang='grc' dir='ltr'>ἔνεστι</span> <span class='ocrx_word' id='word_1_701' title='bbox 3112 3385 3187 3455; x_wconf 79' lang='grc' dir='ltr'>μὴ</span> <span class='ocrx_word' id='word_1_702' title='bbox 3223 3379 3362 3438; x_wconf 73' lang='grc' dir='ltr'>εἶναι</span> <span class='ocrx_word' id='word_1_703' title='bbox 3385 3385 3444 3437; x_wconf 80' lang='grc' dir='ltr'>ἐν</span> <span class='ocrx_word' id='word_1_704' title='bbox 3487 3386 3673 3454; x_wconf 75' lang='grc' dir='ltr'>σαρκὶ,</span> 
     </span>
    </p>
   </div>
   <div class='ocr_carea' id='block_1_87' title="bbox 2116 3466 3683 3540">
    <p class='ocr_par' dir='ltr' id='par_1_87' title="bbox 2116 3466 3683 3540">
     <span class='ocr_line' id='line_1_88' title="bbox 2116 3466 3683 3540; baseline -0.004 -17"><span class='ocrx_word' id='word_1_705' title='bbox 2116 3470 2182 3523; x_wconf 84' lang='grc' dir='ltr'>ἂν</span> <span class='ocrx_word' id='word_1_706' title='bbox 2217 3468 2484 3540; x_wconf 88' lang='grc' dir='ltr'>θέλωμεν,</span> <span class='ocrx_word' id='word_1_707' title='bbox 2520 3467 2708 3540; x_wconf 82' lang='grc' dir='ltr'>ὥσπερ</span> <span class='ocrx_word' id='word_1_708' title='bbox 2738 3468 2858 3522; x_wconf 82' lang='grc' dir='ltr'>οὐδέ</span> <span class='ocrx_word' id='word_1_709' title='bbox 2885 3470 2942 3521; x_wconf 91' lang='grc' dir='ltr'>ἐν</span> <span class='ocrx_word' id='word_1_710' title='bbox 2976 3471 3039 3538; x_wconf 86' lang='grc' dir='ltr'>τῇ</span> <span class='ocrx_word' id='word_1_711' title='bbox 3065 3470 3160 3538; x_wconf 84' lang='grc' dir='ltr'>γῇ,</span> <span class='ocrx_word' id='word_1_712' title='bbox 3196 3466 3312 3519; x_wconf 83' lang='grc' dir='ltr'>ἀλλ’</span> <span class='ocrx_word' id='word_1_713' title='bbox 3342 3468 3399 3519; x_wconf 91' lang='grc' dir='ltr'>ἐν</span> <span class='ocrx_word' id='word_1_714' title='bbox 3436 3467 3683 3536; x_wconf 82' lang='grc' dir='ltr'>οὐρανοῖς</span> 
     </span>
    </p>
   </div>
   <div class='ocr_carea' id='block_1_88' title="bbox 2117 3545 3686 3625">
    <p class='ocr_par' dir='ltr' id='par_1_88' title="bbox 2117 3545 3686 3625">
     <span class='ocr_line' id='line_1_89' title="bbox 2117 3545 3686 3625; baseline -0.003 -18"><span class='ocrx_word' id='word_1_715' title='bbox 2117 3554 2211 3607; x_wconf 71' lang='grc' dir='ltr'>καὶ</span> <span class='ocrx_word' id='word_1_716' title='bbox 2237 3551 2355 3625; x_wconf 81' lang='grc'>[58]</span> <span class='ocrx_word' id='word_1_717' title='bbox 2380 3553 2437 3605; x_wconf 85' lang='grc' dir='ltr'>ἐν</span> <span class='ocrx_word' id='word_1_718' title='bbox 2460 3550 2755 3621; x_wconf 86' lang='grc' dir='ltr'>πνεύματι.</span> <span class='ocrx_word' id='word_1_719' title='bbox 2776 3551 2848 3604; x_wconf 84' lang='grc' dir='ltr'>Τὸ</span> <span class='ocrx_word' id='word_1_720' title='bbox 2867 3551 2976 3621; x_wconf 85' lang='grc' dir='ltr'>γὰρ</span> <span class='ocrx_word' id='word_1_721' title='bbox 3008 3545 3148 3603; x_wconf 80' lang='grc' dir='ltr'>εἷναί</span> <span class='ocrx_word' id='word_1_722' title='bbox 3180 3567 3304 3614; x_wconf 89' lang='grc' dir='ltr'>που,</span> <span class='ocrx_word' id='word_1_723' title='bbox 3329 3550 3426 3619; x_wconf 80' lang='grc' dir='ltr'>οὐχ</span> <span class='ocrx_word' id='word_1_724' title='bbox 3455 3549 3596 3602; x_wconf 78' lang='grc' dir='ltr'>οὕτω</span> <span class='ocrx_word' id='word_1_725' title='bbox 3613 3552 3686 3619; x_wconf 83' lang='grc' dir='ltr'>τῇ</span> 
     </span>
    </p>
   </div>
   <div class='ocr_carea' id='block_1_89' title="bbox 2117 3633 3685 3709">
    <p class='ocr_par' dir='ltr' id='par_1_89' title="bbox 2117 3633 3685 3709">
     <span class='ocr_line' id='line_1_90' title="bbox 2117 3633 3685 3709; baseline -0.003 -17"><span class='ocrx_word' id='word_1_726' title='bbox 2117 3638 2263 3692; x_wconf 90' lang='grc' dir='ltr'>θέσει</span> <span class='ocrx_word' id='word_1_727' title='bbox 2286 3641 2353 3709; x_wconf 88' lang='grc' dir='ltr'>τῇ</span> <span class='ocrx_word' id='word_1_728' title='bbox 2380 3638 2437 3690; x_wconf 88' lang='grc' dir='ltr'>ἐν</span> <span class='ocrx_word' id='word_1_729' title='bbox 2458 3635 2535 3707; x_wconf 91' lang='grc' dir='ltr'>τῷ</span> <span class='ocrx_word' id='word_1_730' title='bbox 2558 3637 2708 3706; x_wconf 84' lang='grc' dir='ltr'>τόπῳ</span> <span class='ocrx_word' id='word_1_731' title='bbox 2722 3636 2961 3704; x_wconf 88' lang='grc' dir='ltr'>λέγεται,</span> <span class='ocrx_word' id='word_1_732' title='bbox 2981 3634 3055 3698; x_wconf 82' lang='grc' dir='ltr'>ὡς</span> <span class='ocrx_word' id='word_1_733' title='bbox 3075 3637 3141 3706; x_wconf 87' lang='grc' dir='ltr'>τῇ</span> <span class='ocrx_word' id='word_1_734' title='bbox 3165 3634 3418 3688; x_wconf 86' lang='grc' dir='ltr'>διαθέσει.</span> <span class='ocrx_word' id='word_1_735' title='bbox 3452 3633 3685 3696; x_wconf 77' lang='grc' dir='ltr'>Πολλοὺς</span> 
     </span>
    </p>
   </div>
   <div class='ocr_carea' id='block_1_90' title="bbox 2116 3712 3685 3790">
    <p class='ocr_par' dir='ltr' id='par_1_90' title="bbox 2116 3712 3685 3790">
     <span class='ocr_line' id='line_1_91' title="bbox 2116 3712 3685 3790; baseline -0.004 -16"><span class='ocrx_word' id='word_1_736' title='bbox 2116 3720 2247 3790; x_wconf 91' lang='grc' dir='ltr'>γοῦν</span> <span class='ocrx_word' id='word_1_737' title='bbox 2285 3722 2446 3784; x_wconf 79' lang='grc' dir='ltr'>ὄντας</span> <span class='ocrx_word' id='word_1_738' title='bbox 2495 3737 2620 3783; x_wconf 88' lang='grc' dir='ltr'>που,</span> <span class='ocrx_word' id='word_1_739' title='bbox 2664 3720 2894 3789; x_wconf 82' lang='grc' dir='ltr'>λέγομεν</span> <span class='ocrx_word' id='word_1_740' title='bbox 2928 3717 3004 3789; x_wconf 85' lang='grc' dir='ltr'>μὴ</span> <span class='ocrx_word' id='word_1_741' title='bbox 3037 3712 3201 3781; x_wconf 79' lang='grc' dir='ltr'>εἶναι,</span> <span class='ocrx_word' id='word_1_742' title='bbox 3262 3717 3531 3784; x_wconf 86' lang='grc' dir='ltr'>λέγοντες,</span> <span class='ocrx_word' id='word_1_743' title='bbox 3570 3717 3685 3769; x_wconf 85' lang='grc' dir='ltr'>Οὐκ</span> 
     </span>
    </p>
   </div>
   <div class='ocr_carea' id='block_1_91' title="bbox 2116 3798 3686 3875">
    <p class='ocr_par' dir='ltr' id='par_1_91' title="bbox 2116 3798 3686 3875">
     <span class='ocr_line' id='line_1_92' title="bbox 2116 3798 3686 3875; baseline -0.005 -18"><span class='ocrx_word' id='word_1_744' title='bbox 2116 3800 2261 3875; x_wconf 83' lang='grc' dir='ltr'>ἧσθα</span> <span class='ocrx_word' id='word_1_745' title='bbox 2303 3802 2555 3856; x_wconf 88' lang='grc' dir='ltr'>ἐνταῦθα.</span> <span class='ocrx_word' id='word_1_746' title='bbox 2596 3803 2707 3856; x_wconf 77' lang='grc' dir='ltr'>Καὶ</span> <span class='ocrx_word' id='word_1_747' title='bbox 2736 3802 2789 3854; x_wconf 89' lang='grc' dir='ltr'>τί</span> <span class='ocrx_word' id='word_1_748' title='bbox 2816 3801 2959 3870; x_wconf 85' lang='grc' dir='ltr'>λέγω</span> <span class='ocrx_word' id='word_1_749' title='bbox 2988 3800 3191 3867; x_wconf 86' lang='grc' dir='ltr'>ταῦτα;</span> <span class='ocrx_word' id='word_1_750' title='bbox 3216 3799 3489 3861; x_wconf 76' lang='grc' dir='ltr'>Πολλάκις</span> <span class='ocrx_word' id='word_1_751' title='bbox 3530 3798 3686 3865; x_wconf 82' lang='grc' dir='ltr'>λέγο-</span> 
     </span>
    </p>
   </div>
   <div class='ocr_carea' id='block_1_92' title="bbox 2123 3881 3686 3957">
    <p class='ocr_par' dir='ltr' id='par_1_92' title="bbox 2123 3881 3686 3957">
     <span class='ocr_line' id='line_1_93' title="bbox 2123 3881 3686 3957; baseline -0.003 -18"><span class='ocrx_word' id='word_1_752' title='bbox 2123 3903 2242 3957; x_wconf 87' lang='grc' dir='ltr'>μεν,</span> <span class='ocrx_word' id='word_1_753' title='bbox 2274 3887 2389 3939; x_wconf 84' lang='grc' dir='ltr'>Οὐκ</span> <span class='ocrx_word' id='word_1_754' title='bbox 2415 3881 2465 3937; x_wconf 80' lang='grc' dir='ltr'>εἶ</span> <span class='ocrx_word' id='word_1_755' title='bbox 2494 3887 2551 3937; x_wconf 90' lang='grc' dir='ltr'>ἐν</span> <span class='ocrx_word' id='word_1_756' title='bbox 2591 3882 2825 3953; x_wconf 85' lang='grc' dir='ltr'>σεαυτῷ,</span> <span class='ocrx_word' id='word_1_757' title='bbox 2856 3885 2970 3936; x_wconf 82' lang='grc' dir='ltr'>Οὐκ</span> <span class='ocrx_word' id='word_1_758' title='bbox 2997 3884 3114 3953; x_wconf 82' lang='grc' dir='ltr'>εἰμὶ</span> <span class='ocrx_word' id='word_1_759' title='bbox 3140 3886 3197 3936; x_wconf 92' lang='grc' dir='ltr'>ἐν</span> <span class='ocrx_word' id='word_1_760' title='bbox 3221 3883 3443 3953; x_wconf 82' lang='grc' dir='ltr'>ἐμαυτῷ</span> <span class='ocrx_word' id='word_1_761' title='bbox 3464 3898 3476 3910; x_wconf 91' lang='grc'><strong>·</strong></span> <span class='ocrx_word' id='word_1_762' title='bbox 3508 3881 3686 3950; x_wconf 76' lang='grc' dir='ltr'>καίτοι</span> 
     </span>
    </p>
   </div>
   <div class='ocr_carea' id='block_1_93' title="bbox 2118 3964 3690 4039">
    <p class='ocr_par' dir='ltr' id='par_1_93' title="bbox 2118 3964 3690 4039">
     <span class='ocr_line' id='line_1_94' title="bbox 2118 3964 3690 4039; baseline -0.004 -17"><span class='ocrx_word' id='word_1_763' title='bbox 2118 3970 2173 4022; x_wconf 93' lang='grc' dir='ltr'>τί</span> <span class='ocrx_word' id='word_1_764' title='bbox 2210 3968 2667 4039; x_wconf 86' lang='grc' dir='ltr'>σωματικώτερον</span> <span class='ocrx_word' id='word_1_765' title='bbox 2701 3967 2916 4029; x_wconf 86' lang='grc' dir='ltr'>τούτου,</span> <span class='ocrx_word' id='word_1_766' title='bbox 2962 3967 3092 4020; x_wconf 85' lang='grc' dir='ltr'>ὅταν</span> <span class='ocrx_word' id='word_1_767' title='bbox 3132 3967 3291 4030; x_wconf 81' lang='grc' dir='ltr'>αὐτὸς</span> <span class='ocrx_word' id='word_1_768' title='bbox 3329 3967 3506 4035; x_wconf 88' lang='grc' dir='ltr'>ἐαυτῷ</span> <span class='ocrx_word' id='word_1_769' title='bbox 3552 3964 3690 4035; x_wconf 86' lang='grc' dir='ltr'>πλη-</span> 
     </span>
    </p>
   </div>
   <div class='ocr_carea' id='block_1_94' title="bbox 2121 4047 3684 4122">
    <p class='ocr_par' dir='ltr' id='par_1_94' title="bbox 2121 4047 3684 4122">
     <span class='ocr_line' id='line_1_95' title="bbox 2121 4047 3684 4122; baseline -0.003 -17"><span class='ocrx_word' id='word_1_770' title='bbox 2121 4052 2317 4122; x_wconf 88' lang='grc' dir='ltr'>σιάζῃ;</span> <span class='ocrx_word' id='word_1_771' title='bbox 2349 4052 2465 4104; x_wconf 86' lang='grc' dir='ltr'>ἀλλ’</span> <span class='ocrx_word' id='word_1_772' title='bbox 2505 4052 2653 4121; x_wconf 86' lang='grc' dir='ltr'>ὅμως</span> <span class='ocrx_word' id='word_1_773' title='bbox 2691 4053 2752 4103; x_wconf 84' lang='grc' dir='ltr'>οὐ</span> <span class='ocrx_word' id='word_1_774' title='bbox 2796 4052 2972 4122; x_wconf 80' lang='grc' dir='ltr'>φαμὲν</span> <span class='ocrx_word' id='word_1_775' title='bbox 3010 4051 3174 4103; x_wconf 83' lang='grc' dir='ltr'>αὐτὸν</span> <span class='ocrx_word' id='word_1_776' title='bbox 3209 4047 3349 4104; x_wconf 78' lang='grc' dir='ltr'>εἶναι</span> <span class='ocrx_word' id='word_1_777' title='bbox 3382 4052 3440 4103; x_wconf 88' lang='grc' dir='ltr'>ἐν</span> <span class='ocrx_word' id='word_1_778' title='bbox 3486 4048 3684 4116; x_wconf 84' lang='grc' dir='ltr'>ἐαυτῷ.</span> 
     </span>
    </p>
   </div>
   <div class='ocr_carea' id='block_1_95' title="bbox 2118 4129 3688 4205">
    <p class='ocr_par' dir='ltr' id='par_1_95' title="bbox 2118 4129 3688 4205">
     <span class='ocr_line' id='line_1_96' title="bbox 2118 4129 3688 4205; baseline -0.004 -17"><span class='ocrx_word' id='word_1_779' title='bbox 2118 4134 2417 4205; x_wconf 85' lang='grc' dir='ltr'>Γενώμεθα</span> <span class='ocrx_word' id='word_1_780' title='bbox 2446 4134 2626 4186; x_wconf 88' lang='grc' dir='ltr'>τοίνυν</span> <span class='ocrx_word' id='word_1_781' title='bbox 2659 4134 2717 4186; x_wconf 90' lang='grc' dir='ltr'>ἐν</span> <span class='ocrx_word' id='word_1_782' title='bbox 2758 4134 2995 4198; x_wconf 87' lang='grc' dir='ltr'>ἐαυτοῖς,</span> <span class='ocrx_word' id='word_1_783' title='bbox 3028 4133 3086 4185; x_wconf 86' lang='grc' dir='ltr'>ἐν</span> <span class='ocrx_word' id='word_1_784' title='bbox 3117 4133 3195 4202; x_wconf 87' lang='grc' dir='ltr'>τῷ</span> <span class='ocrx_word' id='word_1_785' title='bbox 3236 4132 3470 4203; x_wconf 81' lang='grc' dir='ltr'>οὐρανῷ,</span> <span class='ocrx_word' id='word_1_786' title='bbox 3508 4134 3565 4184; x_wconf 78' lang='grc' dir='ltr'>ἐν</span> <span class='ocrx_word' id='word_1_787' title='bbox 3606 4129 3688 4200; x_wconf 88' lang='grc' dir='ltr'>τῷ</span> 
     </span>
    </p>
   </div>
   <div class='ocr_carea' id='block_1_96' title="bbox 2120 4214 3689 4289">
    <p class='ocr_par' dir='ltr' id='par_1_96' title="bbox 2120 4214 3689 4289">
     <span class='ocr_line' id='line_1_97' title="bbox 2120 4214 3689 4289; baseline -0.005 -15"><span class='ocrx_word' id='word_1_788' title='bbox 2120 4220 2428 4289; x_wconf 87' lang='grc' dir='ltr'>πνεύματι·</span> <span class='ocrx_word' id='word_1_789' title='bbox 2480 4218 2731 4288; x_wconf 85' lang='grc' dir='ltr'>μένωμεν</span> <span class='ocrx_word' id='word_1_790' title='bbox 2766 4217 2860 4269; x_wconf 83' lang='grc' dir='ltr'>ἐπὶ</span> <span class='ocrx_word' id='word_1_791' title='bbox 2889 4218 2988 4287; x_wconf 85' lang='grc' dir='ltr'>τῆς</span> <span class='ocrx_word' id='word_1_792' title='bbox 3028 4217 3249 4287; x_wconf 89' lang='grc' dir='ltr'>εἰρήνης</span> <span class='ocrx_word' id='word_1_793' title='bbox 3282 4217 3375 4269; x_wconf 84' lang='grc' dir='ltr'>καὶ</span> <span class='ocrx_word' id='word_1_794' title='bbox 3403 4216 3503 4285; x_wconf 84' lang='grc' dir='ltr'>τῆς</span> <span class='ocrx_word' id='word_1_795' title='bbox 3532 4214 3689 4286; x_wconf 89' lang='grc' dir='ltr'>χάρι-</span> 
     </span>
    </p>
   </div>
   <div class='ocr_carea' id='block_1_97' title="bbox 2115 4298 3687 4370">
    <p class='ocr_par' dir='ltr' id='par_1_97' title="bbox 2115 4298 3687 4370">
     <span class='ocr_line' id='line_1_98' title="bbox 2115 4298 3687 4370; baseline -0.003 -14"><span class='ocrx_word' id='word_1_796' title='bbox 2115 4320 2209 4365; x_wconf 91' lang='grc' dir='ltr'>τος</span> <span class='ocrx_word' id='word_1_797' title='bbox 2233 4301 2330 4355; x_wconf 90' lang='grc' dir='ltr'>τοῦ</span> <span class='ocrx_word' id='word_1_798' title='bbox 2353 4299 2511 4365; x_wconf 89' lang='grc' dir='ltr'>Θεοῦ,</span> <span class='ocrx_word' id='word_1_799' title='bbox 2545 4300 2631 4352; x_wconf 82' lang='grc' dir='ltr'>ἵνα</span> <span class='ocrx_word' id='word_1_800' title='bbox 2656 4299 2872 4352; x_wconf 89' lang='grc' dir='ltr'>πάντων</span> <span class='ocrx_word' id='word_1_801' title='bbox 2891 4300 2998 4352; x_wconf 90' lang='grc' dir='ltr'>τῶν</span> <span class='ocrx_word' id='word_1_802' title='bbox 3031 4298 3311 4370; x_wconf 87' lang='grc' dir='ltr'>σαρκικῶν</span> <span class='ocrx_word' id='word_1_803' title='bbox 3346 4298 3687 4365; x_wconf 86' lang='grc' dir='ltr'>ἀπαλλαγέν-</span> 
     </span>
    </p>
   </div>
   <div class='ocr_carea' id='block_1_98' title="bbox 2116 4380 3691 4455">
    <p class='ocr_par' dir='ltr' id='par_1_98' title="bbox 2116 4380 3691 4455">
     <span class='ocr_line' id='line_1_99' title="bbox 2116 4380 3691 4455; baseline -0.004 -16"><span class='ocrx_word' id='word_1_804' title='bbox 2116 4403 2228 4450; x_wconf 91' lang='grc' dir='ltr'>τες,</span> <span class='ocrx_word' id='word_1_805' title='bbox 2253 4384 2574 4455; x_wconf 84' lang='grc' dir='ltr'>δυνηθῶμεν</span> <span class='ocrx_word' id='word_1_806' title='bbox 2623 4385 2899 4452; x_wconf 87' lang='grc' dir='ltr'>ἐπιτυχεῖν</span> <span class='ocrx_word' id='word_1_807' title='bbox 2932 4382 3040 4434; x_wconf 92' lang='grc' dir='ltr'>τῶν</span> <span class='ocrx_word' id='word_1_808' title='bbox 3079 4380 3505 4450; x_wconf 87' lang='grc' dir='ltr'>ἐπηγγελμένων</span> <span class='ocrx_word' id='word_1_809' title='bbox 3554 4383 3691 4448; x_wconf 80' lang='grc' dir='ltr'>ἀγα-</span> 
     </span>
    </p>
   </div>
   <div class='ocr_carea' id='block_1_99' title="bbox 2119 4456 3691 4537">
    <p class='ocr_par' dir='ltr' id='par_1_99' title="bbox 2119 4456 3691 4537">
     <span class='ocr_line' id='line_1_100' title="bbox 2119 4456 3691 4537; baseline -0.004 -15"><span class='ocrx_word' id='word_1_810' title='bbox 2119 4469 2228 4522; x_wconf 87' lang='grc' dir='ltr'>θῶν</span> <span class='ocrx_word' id='word_1_811' title='bbox 2266 4469 2324 4521; x_wconf 90' lang='grc' dir='ltr'>ἐν</span> <span class='ocrx_word' id='word_1_812' title='bbox 2355 4465 2576 4537; x_wconf 80' lang='grc' dir='ltr'>Χριστῷ</span> <span class='ocrx_word' id='word_1_813' title='bbox 2605 4464 2782 4534; x_wconf 89' lang='grc' dir='ltr'>Ἰησοῦ</span> <span class='ocrx_word' id='word_1_814' title='bbox 2815 4465 2893 4535; x_wconf 92' lang='grc' dir='ltr'>τῷ</span> <span class='ocrx_word' id='word_1_815' title='bbox 2931 4464 3122 4535; x_wconf 81' lang='grc' dir='ltr'>Κυρίῳ</span> <span class='ocrx_word' id='word_1_816' title='bbox 3153 4464 3335 4534; x_wconf 87' lang='grc' dir='ltr'>ήμῶν,</span> <span class='ocrx_word' id='word_1_817' title='bbox 3376 4464 3494 4533; x_wconf 79' lang='grc' dir='ltr'>μεθ’</span> <span class='ocrx_word' id='word_1_818' title='bbox 3526 4456 3586 4515; x_wconf 77' lang='grc' dir='ltr'>οὗ</span> <span class='ocrx_word' id='word_1_819' title='bbox 3611 4464 3691 4531; x_wconf 85' lang='grc' dir='ltr'>τῷ</span> 
     </span>
    </p>
   </div>
   <div class='ocr_carea' id='block_1_100' title="bbox 2120 4548 3689 4623">
    <p class='ocr_par' dir='ltr' id='par_1_100' title="bbox 2120 4548 3689 4623">
     <span class='ocr_line' id='line_1_101' title="bbox 2120 4548 3689 4623; baseline -0.003 -18"><span class='ocrx_word' id='word_1_820' title='bbox 2120 4552 2321 4623; x_wconf 72' lang='grc' dir='ltr'>Πατρὶ,</span> <span class='ocrx_word' id='word_1_821' title='bbox 2362 4552 2479 4619; x_wconf 83' lang='grc' dir='ltr'>ἆμα</span> <span class='ocrx_word' id='word_1_822' title='bbox 2495 4550 2573 4620; x_wconf 91' lang='grc' dir='ltr'>τῷ</span> <span class='ocrx_word' id='word_1_823' title='bbox 2603 4550 2745 4620; x_wconf 84' lang='grc' dir='ltr'>ἁγίῳ</span> <span class='ocrx_word' id='word_1_824' title='bbox 2764 4549 3066 4619; x_wconf 81' lang='grc' dir='ltr'>Πνεῦματι,</span> <span class='ocrx_word' id='word_1_825' title='bbox 3095 4548 3243 4612; x_wconf 83' lang='grc' dir='ltr'>δόξα,</span> <span class='ocrx_word' id='word_1_826' title='bbox 3274 4548 3497 4619; x_wconf 88' lang='grc' dir='ltr'>κράτος,</span> <span class='ocrx_word' id='word_1_827' title='bbox 3528 4550 3689 4618; x_wconf 82' lang='grc' dir='ltr'>τιμὴ,</span> 
     </span>
    </p>
   </div>
   <div class='ocr_carea' id='block_1_101' title="bbox 2132 4629 3686 4701">
    <p class='ocr_par' dir='ltr' id='par_1_101' title="bbox 2132 4629 3686 4701">
     <span class='ocr_line' id='line_1_102' title="bbox 2132 4629 3686 4701; baseline -0.003 -12"><span class='ocrx_word' id='word_1_828' title='bbox 2132 4633 2227 4689; x_wconf 90' lang='grc' dir='ltr'>νῦν</span> <span class='ocrx_word' id='word_1_829' title='bbox 2244 4635 2339 4688; x_wconf 75' lang='grc' dir='ltr'>καὶ</span> <span class='ocrx_word' id='word_1_830' title='bbox 2361 4633 2471 4700; x_wconf 78' lang='grc' dir='ltr'>ἀεὶ,</span> <span class='ocrx_word' id='word_1_831' title='bbox 2490 4632 2586 4686; x_wconf 74' lang='grc' dir='ltr'>καὶ</span> <span class='ocrx_word' id='word_1_832' title='bbox 2608 4632 2689 4695; x_wconf 87' lang='grc' dir='ltr'>εἰς</span> <span class='ocrx_word' id='word_1_833' title='bbox 2713 4632 2837 4697; x_wconf 76' lang='grc' dir='ltr'>τοὺς</span> <span class='ocrx_word' id='word_1_834' title='bbox 2863 4631 3063 4695; x_wconf 79' lang='grc' dir='ltr'>αἰῶνας</span> <span class='ocrx_word' id='word_1_835' title='bbox 3082 4629 3192 4685; x_wconf 89' lang='grc' dir='ltr'>τῶν</span> <span class='ocrx_word' id='word_1_836' title='bbox 3221 4629 3453 4686; x_wconf 81' lang='grc' dir='ltr'>αἰώνων.</span> <span class='ocrx_word' id='word_1_837' title='bbox 3490 4630 3686 4701; x_wconf 80' lang='grc' dir='ltr'>Ἀμήν.</span> 
     </span>
    </p>
   </div>
  </div>
