4060 6400
417 328 490 383 ιδ
1195 322 1249 379 S.
1285 322 1557 381 JOANNIS
1592 323 2067 380 CllllYSOSTUMl
2108 330 2419 388 AllClllEl’.
2461 338 2989 403 CONSTANTINOr.
3601 356 3669 410 Η

448 441 3628 577 ψ

415 662 550 718 Car.
575 661 630 714 2.
652 676 705 713 v.
738 660 822 714 17.
856 656 920 711 Et
946 657 1143 711 veniens
1166 653 1522 724 evangelisavit
1541 668 1715 723 pacem
1745 652 1880 707 vobis
1899 654 1984 722 qui

486 756 633 824 longe
670 751 836 821 fuistis
861 792 876 816 ,
904 759 951 802 et
993 763 1166 818 pacem
1193 747 1255 800 iis
1284 749 1368 817 qui
1406 760 1563 814 prope
1587 759 1605 798 :
1630 744 1718 799 18.
1749 745 1986 811 quoniam

486 862 575 916 per
600 845 764 913 ipsum
806 840 1043 894 habemus
1084 853 1335 893 accessum
1375 836 1520 888 ambo
1560 834 1615 888 in
1656 851 1759 888 uno
1786 834 1985 900 Spiritu

485 939 552 992 ad
581 938 809 993 Patrem.
847 935 930 990 l9.
960 932 1099 1003 Ergo
1117 932 1233 1001 jam
1261 946 1359 983 non
1389 928 1506 983 estis
1536 928 1754 997 hospites
1794 936 1843 980 et
1886 926 1983 979 ad-

482 1044 651 1092 uente,
691 1025 779 1081 sed
821 1026 938 1079 estis
973 1024 1102 1077 cives
1148 1030 1435 1075 sanctorum
1463 1027 1511 1073 et
1555 1016 1818 1071 domestici
1851 1016 1980 1071 Dei:
2026 1025 2031 1028 ’

480 1120 571 1175 20.
613 1114 1002 1187 supertediﬁcati
1028 1128 1182 1181 supra
1225 1110 1609 1181 fundamentum
1635 1107 1979 1174 apostolorum

482 1222 529 1266 et
573 1208 931 1281 praphetarum
948 1246 963 1271 ,
993 1205 1106 1273 ipso
1133 1217 1327 1257 summo
1353 1199 1590 1269 angulari
1630 1198 1803 1268 lapide
1829 1197 1980 1252 Chri-

480 1313 559 1357 sto
586 1318 605 1355 :
631 1300 724 1355 21.
752 1299 803 1352 in
831 1312 932 1368 quo
959 1295 1121 1348 omnis
1159 1292 1428 1361 a’diﬁcatio
1470 1300 1760 1345 constructa
1805 1289 1983 1343 crescit

480 1397 535 1448 in
574 1391 815 1459 templum
856 1396 1087 1442 sanctum
1110 1386 1167 1439 in
1197 1383 1414 1438 Domino
1441 1397 1461 1437 :
1487 1381 1579 1436 22.
1608 1382 1662 1435 in
1684 1397 1783 1451 quo
1809 1389 1857 1435 et
1895 1394 1984 1435 vos

481 1480 861 1551 cowdiﬁcamini
887 1480 941 1533 in
965 1475 1311 1530 habitaculum
1345 1473 1442 1529 Dei
1466 1472 1521 1527 in
1549 1472 1769 1543 Spiritu.

481 1601 532 1653 1.
579 1596 694 1652 Non
726 1610 821 1664 per
846 1592 1010 1646 alium
1032 1632 1049 1657 ,
1092 1590 1297 1660 inquit,
1326 1587 1508 1654 misit,
1553 1600 1727 1656 neque
1757 1599 1853 1655 per
1874 1582 1981 1655 ali-

407 1706 566 1760 quam
611 1688 772 1742 alium
812 1680 1165 1755 signiﬁcavit,
1197 1678 1291 1734 sed
1319 1679 1433 1747 ipse
1461 1690 1558 1748 per
1585 1691 1663 1732 se.
1692 1675 1811 1731 Non
1836 1674 1982 1729 misit

406 1782 652 1853 angelum
700 1777 784 1832 vel
836 1772 1252 1844 archangelum,
1301 1773 1424 1841 quia
1472 1777 1578 1823 tam
1632 1768 1798 1822 multa
1839 1764 1979 1821 mala

405 1874 676 1942 corrigere
704 1868 904 1924 nullius
930 1873 1049 1920 erat
1073 1863 1295 1917 alterius
1314 1902 1330 1929 ,
1361 1858 1457 1915 sed
1481 1858 1599 1928 ejus
1635 1857 1933 1929 praesentia
1959 1896 1976 1923 ,

407 1976 464 2021 et
501 1960 817 2018 annuntiare
845 1970 966 2029 quae
994 1958 1128 2010 iacta
1159 1962 1308 2008 sunt.
1337 1949 1564 2007 Ministri
1589 1963 1652 2005 ac
1682 1961 1977 2020 propemo-

406 2060 533 2111 dum
566 2051 749 2108 famuli
788 2051 965 2107 locum
1002 2044 1239 2115 suscepit
1289 2043 1580 2107 Dominus,
1625 2049 1682 2097 et
1709 2039 1889 2106 venit,
1922 2048 1979 2094 et

409 2164 595 2220 pacem
622 2141 1036 2216 evangelizavit,
1071 2138 1245 2204 Vobis,
1270 2137 1473 2207 inquit,
1502 2135 1589 2207 qui
1617 2134 1764 2205 longe
1786 2134 1974 2236 fuistis,

403 2253 451 2295 et
476 2240 562 2311 qui
590 2254 766 2309 prope.
799 2233 1020 2298 Judaeis,
1050 2230 1220 2298 inquit
1242 2269 1257 2292 ,
1286 2229 1376 2298 qui
1405 2237 1560 2281 erant
1588 2240 1755 2295 prape
1782 2229 1826 2278 si
1853 2238 1974 2326 eum

406 2334 563 2387 nobis
604 2328 980 2385 conferantur:
1013 2321 1088 2396 (a)
1117 2321 1336 2395 [procul
1382 2327 1561 2373 autem
1592 2330 1712 2372 esse
1748 2329 1843 2371 eos
1884 2321 1974 2385 qui

410 2442 479 2482 ex
523 2422 773 2496 gentibus
819 2426 974 2476 erant
1012 2416 1391 2479 subindicans,
1424 2420 1608 2481 utpote
1662 2410 1974 2481 peregrinos

401 2533 528 2590 erga
557 2510 931 2585 testamenta].
981 2510 1112 2577 Quia
1141 2525 1231 2578 per
1261 2508 1429 2577 ipsum
1459 2506 1697 2560 habemus
1720 2520 1974 2558 accessum

395 2612 544 2666 ambo
569 2611 625 2663 in
665 2625 764 2662 uno
806 2605 1009 2675 Spiritu
1033 2604 1102 2655 ad
1144 2601 1373 2656 Patrem.
1404 2598 1594 2654 Pacem
1618 2639 1633 2664 ,
1666 2596 1873 2666 inquit,
1904 2595 1972 2650 ad

402 2703 609 2768 Deum;
638 2698 833 2756 etenim
879 2711 978 2750 nos
1023 2691 1407 2749 reconciliavit.
1440 2688 1588 2744 Alias
1616 2689 1757 2743 enim
1806 2687 1968 2742 etiam

397 2796 525 2849 dicit
553 2812 565 2847 :
594 2790 783 2845 Pacem
806 2788 1036 2854 relinquo
1061 2784 1217 2850 vobis,
1247 2799 1419 2853 pacem
1445 2797 1608 2834 meam
1628 2780 1694 2833 do
1721 2779 1895 2842 vobis;
1917 2787 1968 2833 et

400 2886 594 2940 lterum
618 2924 634 2949 ,
665 2881 947 2949 Conﬁdite,
976 2894 1069 2948 ego
1095 2877 1191 2931 vici
1219 2874 1497 2938 mundum;
1522 2882 1597 2938 et,
1631 2874 1971 2941 Quacumque

395 2977 639 3046 petieritis
658 2976 709 3028 in
731 2973 931 3027 noriiine
945 2987 1079 3033 meo,
1102 2968 1392 3036 accipietis;
1413 2976 1466 3021 et
1489 2980 1692 3029 rursus,
1720 2965 1969 3032 Quoniam

393 3072 551 3126 Pater
587 3084 674 3122 vos
701 3066 867 3136 diligit
892 3062 1086 3135 (Joan.
1127 3062 1214 3116 14.
1240 3060 1330 3114 27.
1360 3069 1406 3113 et
1438 3058 1524 3113 lli.
1548 3059 1637 3112 55.
1683 3068 1730 3111 et
1759 3058 1841 3111 14.
1878 3057 1962 3111 14.

390 3176 438 3217 et
478 3161 562 3217 16.
604 3170 653 3213 et
700 3158 832 3225 27).
862 3155 988 3209 11ωο
1028 3162 1152 3207 sunt
1179 3152 1327 3222 signa
1373 3150 1516 3220 pacis
1543 3159 1597 3205 et
1632 3149 1714 3203 his
1754 3157 1809 3203 et
1835 3147 1961 3201 illis.

393 3256 503 3312 Illis
526 3249 832 3324 quomodo?
865 3246 1117 3314 Quoniam
1142 3260 1230 3314 per
1253 3245 1422 3314 ipsum
1449 3240 1687 3295 habemus
1710 3254 1966 3293 accessum

389 3347 538 3402 ambo
565 3346 617 3397 in
640 3358 740 3395 uno
770 3339 1000 3409 Spiritu,
1037 3351 1142 3390 non
1172 3349 1267 3389 vos
1287 3334 1463 3387 minus
1482 3372 1499 3399 ,
1526 3332 1601 3387 illi
1634 3341 1813 3386 autem
1845 3345 1964 3383 am-

389 3439 562 3509 plius_,
594 3432 686 3488 sed
715 3445 816 3489 una
847 3428 1038 3499 gratia.
1067 3424 1199 3481 Nam
1229 3426 1359 3479 iram
1387 3422 1601 3493 quidem
1628 3421 1789 3476 solvit
1812 3434 1961 3474 mor-

393 3542 467 3594 te,
518 3513 660 3583 f'atri
692 3532 872 3578 autem
917 3534 1018 3575 nos
1062 3518 1188 3573 fecit
1232 3516 1487 3571 amabiles
1535 3530 1630 3585 per
1679 3513 1958 3584 Spiritum.

387 3623 527 3679 Ecce
556 3633 739 3674 rursus
759 3657 775 3682 ,
807 3614 875 3668 In
901 3621 986 3667 est
1007 3654 1022 3679 ,
1053 3628 1185 3682 per:
1223 3626 1317 3680 per
1342 3624 1399 3663 se
1429 3617 1484 3663 et
1508 3607 1765 3677 Spiritum
1802 3605 1961 3660 addu-

389 3716 465 3772 xit
493 3730 588 3769 nos
611 3713 677 3767 ad
705 3713 900 3781 ipsum.
933 3708 1069 3776 Ergo
1089 3708 1203 3774 jam
1226 3721 1324 3757 non
1347 3705 1461 3757 estis
1489 3702 1709 3772 hospites
1734 3711 1780 3754 et
1805 3701 1960 3753 adve-

388 3821 469 3859 na:
489 3845 505 3869 ,
532 3802 620 3857 sed
648 3802 779 3854 cives
808 3808 1120 3853 sanctorum.
1149 3794 1311 3848 Vides
1338 3792 1476 3861 quod
1511 3809 1616 3845 non
1647 3791 1962 3860 simpliciter

389 3899 443 3950 in
505 3894 847 3951 Judaeorum,
902 3888 997 3942 sed
1055 3882 1147 3939 in.
1175 3892 1481 3939 sanctorum
1532 3893 1588 3936 et
1645 3896 1960 3951 magnorum

389 3986 624 4040 virorum
649 4022 663 4047 ,
687 3994 880 4049 nempe
908 3976 1140 4032 Abraha:
1166 3987 1220 4029 et
1243 3974 1441 4044 Moysis
1461 3983 1516 4026 et
1544 3971 1694 4038 Elim,
1718 3970 1961 4025 eamdem

390 4073 644 4144 adscripti
688 4085 877 4126 sumus
924 4068 1231 4131 civitatem,
1278 4074 1334 4120 et
1373 4064 1424 4117 in
1471 4063 1557 4118 illa
1605 4077 1883 4118 versamur
1907 4070 1964 4156 et

388 4165 746 4240 apparemus?
776 4162 908 4219 Nam
938 4161 1030 4231 qui
1078 4159 1193 4213 lucc
1214 4198 1230 4221 ,
1281 4156 1484 4225 inquit,
1513 4155 1729 4221 dicunt,
1775 4163 1962 4225 aperte

389 4260 680 4318 ostendunt
714 4272 774 4311 sc
806 4255 1028 4326 patriam
1052 4264 1315 4321 quaerere.
1349 4247 1468 4302 Non
1491 4248 1715 4316 amplius
1744 4246 1964 4317 hospites

401 4362 720 4412 sanctorum;
749 4364 839 4403 nec
888 4348 1114 4400 adventa.
1142 4341 1274 4398 Nam
1307 4342 1395 4411 qui
1425 4341 1661 4396 caelestia
1688 4355 1795 4396 non
1838 4349 1964 4394 sunt

392 4445 727 4515 assequuturi
749 4482 766 4507 ,
796 4448 923 4495 sunt
964 4438 1206 4493 advenae.
1240 4434 1407 4491 Filius
1435 4435 1577 4489 enim
1626 4443 1840 4500 manet,
1875 4434 1959 4488 in-

387 4537 534 4601 quit,
566 4536 619 4589 in
664 4543 943 4588 aeternum.
979 4528 1047 4582 Et
1086 4527 1376 4591 domestici,
1428 4526 1629 4596 inquit,
1662 4525 1775 4584 Dei.
1808 4525 1960 4593 Quod

388 4627 467 4683 illi
488 4666 505 4693 ,
539 4626 740 4694 inquit,
768 4622 1033 4677 habebant
1056 4619 1123 4673 ab
1154 4617 1306 4672 initio
1336 4632 1429 4687 per
1455 4626 1563 4671 tam
1587 4616 1786 4671 multos
1816 4616 1963 4671 labo-

390 4732 516 4782 res,
564 4716 667 4770 hoc
708 4713 863 4767 vobis
906 4720 1052 4766 recte
1098 4708 1358 4765 successit
1402 4722 1498 4778 per
1545 4707 1640 4763 Dei
1688 4709 1934 4777 gratiam.

390 4811 553 4879 Super
563 4805 802 4876 tedificati
824 4819 978 4873 supra
1002 4800 1386 4873 fundamentum
1406 4801 1756 4870 apostolorum
1774 4810 1820 4854 et
1843 4816 1964 4871 pro-

390 4902 679 4973 phetarum.
714 4895 855 4958 Ecce
884 4906 1009 4963 spes
1038 4889 1353 4946 vocationis.
1386 4889 1519 4949 Vide
1544 4889 1815 4959 quomodo
1844 4904 1963 4943 om-

389 4992 480 5049 nia
510 4988 800 5061 permiscet
818 5026 835 5053 ,
863 4983 1103 5049 Grazcos,
1130 4981 1375 5046 Judaros,
1406 4981 1699 5049 apostolos,
1732 4979 1963 5050 prophe-

386 5098 507 5151 tas,
551 5079 821 5142 Cbristum
865 5085 966 5131 :et
1008 5071 1293 5144 aliquando
1331 5071 1543 5142 quidem
1584 5085 1650 5126 ex
1696 5085 1960 5139 corpore,

388 5171 676 5245 aliquando
697 5178 876 5227 autem
905 5181 971 5222 ex
999 5164 1224 5220 aediﬁcio
1254 5162 1681 5231 conjunctionem
1708 5161 1962 5217 ostendit.

390 5264 820 5338 Superwdificati,
847 5260 1037 5329 inquit,
1057 5273 1209 5328 super
1227 5252 1965 5327 fundamentumapostolorum

390 5371 439 5416 et
468 5360 841 5433 praphetarum.
882 5354 993 5408 lloc
1021 5361 1124 5419 est,
1155 5350 1557 5405 fundamentum
1585 5357 1707 5403 sunt
1734 5346 1962 5418 apostoli

391 5463 445 5509 et
467 5451 762 5522 prophetae.
787 5447 854 5502 Et
877 5446 1103 5516 primum
1129 5444 1279 5513 ponit
1298 5442 1589 5511 apostolos,
1611 5441 1700 5511 qui
1723 5450 1963 5510 tempore

391 5555 518 5601 sunt
543 5550 717 5599 ultum
742 5559 756 5596 :
786 5539 870 5594 vel
897 5539 999 5594 hoc
1024 5534 1314 5593 ostendens
1337 5544 1393 5591 et
1418 5533 1602 5590 dicens
1619 5574 1636 5603 ,
1663 5533 1803 5598 quod
1830 5542 1883 5587 et
1910 5532 1962 5587 hi

450 5699 525 5759 (a)
550 5697 671 5755 Quae
714 5696 905 5759 uncinis
934 5690 1224 5743 clauduntur
1261 5691 1311 5741 in
1354 5694 1546 5743 textum
1596 5701 1871 5753 recepimus
1898 5701 1957 5739 ex

388 5757 484 5812 uno
507 5757 683 5810 Codice
705 5757 1007 5809 Cutsliniano.

2093 666 2147 712 et
2175 658 2251 712 illi
2279 662 2387 716 sint
2432 664 2874 741 fundamentum,
2920 680 3228 737 univcrsmn
3273 696 3459 746 autem.
3498 708 3661 749 unum

2092 751 2161 803 sit
2204 754 2490 813 aedilicium
2545 773 2597 817 et
2644 780 2745 819 una
2780 770 2950 825 radix.
2985 775 3165 844 Cogita
3213 777 3428 835 Cra-cos
3474 783 3661 839 filinla-

2092 856 2328 944 mentum
2358 848 2559 908 habere
2588 859 2936 925 patriarchas.
2966 864 3063 920 Hic
3091 867 3217 923 illud
3248 875 3414 942 magis
3444 878 3660 944 proprie

2090 930 2221 989 dicit
2263 951 2420 1006 quam
2470 959 2591 998 cum
2644 947 2774 1004 dicit
2821 950 3299 1035 insertionem:_et
3329 930 3497 1035 magis
3547 930 3659 1023 illic

2091 1027 2277 1125 tangit.
2301 1029 2503 1089 Deinde
2523 1036 2671 1102 dicit,
2697 1040 2822 1109 lpso
2843 1061 3039 1101 summo
3065 1030 3300 1120 anguldri
3319 1027 3489 1125 lapide
3514 1058 3662 1113 Chri-

2086 1127 2165 1171 sto
2193 1118 2359 1187 Jesu;
2386 1125 2691 1194 signiﬁcans
2715 1131 2986 1190 Christum
3013 1118 3189 1195 omnia
3221 1118 3511 1203 continere.
3554 1150 3657 1204 La-

2086 1207 2171 1277 pis
2213 1211 2355 1265 enim
2402 1218 2672 1286 angularis
2715 1233 2770 1276 et
2815 1227 3047 1294 parietes
3093 1234 3331 1289 continet
3373 1249 3427 1291 et
3470 1238 3658 1297 funda:-

2088 1312 2289 1399 menta.
2319 1304 2384 1360 In
2408 1326 2505 1378 quo
2526 1313 2689 1365 omnis
2709 1316 3001 1387 aedificatio.
3024 1320 3157 1377 Vide
3195 1328 3459 1394 quomodo
3483 1330 3659 1399 ipsum

2087 1397 2425 1469 conjunxerit
2445 1443 2462 1469 ,
2494 1410 2550 1456 ut
2578 1406 2667 1475 qui
2712 1408 2998 1479 aliquando
3024 1413 3236 1483 quidem
3267 1424 3432 1471 totum
3463 1397 3657 1490 curpus

2087 1506 2318 1562 superne
2341 1498 2613 1552 contineat
2632 1513 2695 1555 ac
2757 1502 3070 1574 compingat
3093 1544 3109 1569 ,
3172 1508 3460 1578 aliquando
3477 1524 3653 1567 autem

2087 1585 2294 1642 inferne
2324 1598 2501 1657 portet
2525 1591 2805 1648 aedilicium
2828 1636 2843 1661 ,
2875 1604 2932 1651 et
2959 1597 3029 1651 sit
3072 1598 3249 1655 radix.
3281 1602 3409 1656 Illud
3436 1614 3647 1671 autem,

2084 1676 2323 1735 Condidit
2348 1683 2402 1735 in
2436 1685 2600 1751 seipse
2625 1686 2678 1739 in
2707 1704 2865 1741 unum
2907 1706 3089 1745 novum
3134 1695 3422 1764 hominem,
3451 1700 3653 1770 signiﬁ-

2083 1778 2200 1835 ϐίη,
2243 1771 2347 1828 Per
2390 1776 2623 1844 seipsum
2674 1779 2951 1848 conjunxit
2996 1791 3249 1853 utrasque
3296 1789 3558 1855 parietes;
3595 1802 3652 1847 et

2082 1876 2293 1917 rursum
2316 1904 2332 1929 ,
2364 1867 2505 1934 quod
2536 1867 2587 1922 in
2618 1866 2733 1939 ipso
2759 1871 2866 1925 sint
2890 1876 3075 1927 creati.
3124 1875 3228 1942 Et,
3258 1875 3649 1949 Primogenitus,

2082 1952 2292 2024 inquit,
2322 1958 2486 2013 omnis
2514 1971 2759 2015 creatura:
2788 1962 3004 2032 (Coloss.
3035 1968 3087 2021 1.
3119 1968 3207 2039 15)
3237 1987 3249 2022 :
3283 1970 3386 2026 hoc
3415 1983 3498 2027 est
3520 2014 3535 2036 ,
3566 1975 3650 2043 ip-

2081 2061 2141 2103 se
2170 2057 2344 2117 portat
2372 2051 2585 2117 omnia,
2619 2055 2669 2107 in
2701 2071 2808 2125 quo
2853 2067 3018 2112 totum
3066 2061 3346 2116 :edilicium
3394 2075 3478 2118 est
3521 2081 3651 2121 cun-

2080 2148 2361 2195 structum.
2394 2141 2518 2199 Sive
2568 2154 2766 2199 tectum
2798 2146 3027 2214 dixerit,
3076 2152 3188 2206 sive
3237 2155 3466 2221 parietes
3487 2197 3503 2218 ,
3536 2158 3651 2212 sive

2082 2235 2293 2305 quidvis
2320 2236 2487 2304 aliud,
2520 2248 2690 2293 totum
2723 2250 2917 2310 portat.
2941 2243 3083 2299 Alibi
3110 2254 3287 2300 autem
3318 2248 3488 2316 ipsum
3517 2250 3647 2304 dicit

2079 2324 2518 2382 fundamentum:
2571 2327 2977 2386 Fundamentum
3022 2334 3200 2400 enim,
3253 2338 3457 2407 inquit,
3506 2341 3649 2393 aliud

2089 2433 2234 2471 nemo
2274 2427 2433 2486 potest
2472 2435 2657 2488 ponere
2680 2432 2862 2492 prwter
2887 2426 2942 2477 id
2968 2426 3105 2494 quod
3142 2437 3214 2479 est
3241 2430 3486 2496 positum,
3512 2433 3648 2507 quod

2079 2516 2152 2560 est
2189 2505 2341 2562 Jesus
2375 2508 2623 2566 Christus.
2666 2510 2733 2565 In
2768 2530 2865 2584 quo
2888 2556 2903 2581 ,
2935 2516 3144 2586 inquit,
3173 2521 3336 2573 onmis
3379 2505 3647 2590 aediﬁcatio

2075 2608 2365 2653 constructa
2395 2599 2470 2673 (1.
2499 2600 2616 2655 Cor.
2648 2604 2701 2658 5.
2730 2604 2838 2675 11).
2868 2605 2975 2661 Res
3001 2608 3111 2677 ipsa
3141 2622 3388 2666 accurate
3427 2622 3482 2667 et
3521 2630 3647 2669 exa-

2074 2698 2158 2744 cte
2185 2690 2519 2748 considerata
2546 2694 2800 2763 ostendit,
2825 2698 2966 2767 quod
2990 2715 3095 2753 non
3116 2700 3273 2761 aliter
3296 2703 3420 2772 poni
3445 2714 3643 2773 potest,

2082 2785 2184 2839 nisi
2236 2795 2422 2841 exacte
2451 2796 2506 2842 et
2548 2799 2794 2845 accurate
2835 2790 3052 2848 vixeris.
3101 2794 3324 2862 Crescit,
3356 2797 3558 2866 inquit,
3590 2798 3646 2855 in

2075 2879 2317 2947 templum
2357 2892 2583 2935 sanctum
2612 2883 2667 2936 in
2694 2882 2914 2938 Domino
2936 2902 2956 2939 :
2983 2886 3036 2940 in
3070 2902 3171 2955 qua
3197 2898 3244 2942 et
3286 2905 3372 2943 vos
3416 2892 3643 2958 coaediﬁ-

2072 2971 2277 3025 camini.
2326 2970 2440 3026 Hoc
2471 2971 2799 3043 frequentius
2827 2975 2986 3043 dicit,
3015 2974 3081 3030 In
3111 2978 3350 3047 templum
3379 2992 3643 3048 sanctum,

2074 3061 2129 3114 in
2160 3062 2505 3117 habitaculum
2549 3063 2647 3119 Dei
2671 3066 2726 3119 in
2770 3064 2991 3137 Spiritu.
3019 3068 3154 3136 Quid
3198 3069 3298 3125 sibi
3325 3071 3435 3125 vult
3463 3081 3639 3130 autem

2070 3155 2391 3210 aediﬁcatio?
2424 3156 2493 3213 Ut
2540 3159 2678 3213 Deus
2722 3160 2773 3215 in
2820 3161 2922 3215 hoc
2968 3162 3169 3231 templo
3208 3162 3430 3218 habitet.
3460 3163 3639 3220 Unus-

2070 3247 2294 3316 quisque
2321 3247 2462 3303 enim
2489 3258 2727 3303 vestrum
2756 3261 2841 3305 est
2870 3253 3126 3322 templum
3145 3295 3161 3319 ,
3193 3262 3247 3309 et
3274 3270 3461 3310 omnes
3487 3271 3635 3313 com-

2069 3339 2332 3405 muniter,
2357 3348 2415 3393 et
2443 3346 2715 3409 tamquam
2744 3342 2795 3396 in
2825 3358 3050 3412 corpore
3080 3345 3276 3401 Christi
3316 3347 3552 3415 habitat,
3583 3358 3639 3404 et

2069 3436 2337 3499 tamquam
2363 3430 2417 3485 in
2449 3432 2648 3502 templo
2674 3434 2961 3503 spirituali.
2994 3436 3120 3492 ldeo
3151 3454 3256 3494 non
3299 3438 3435 3496 dixit
3462 3451 3638 3512 πρόσοο

2068 3527 2147 3577 δον
2165 3565 2180 3589 ,
2211 3524 2262 3579 id
2293 3533 2410 3592 est,
2440 3525 2646 3581 aditum
2667 3567 2684 3591 ,
2710 3527 2804 3583 sed
2835 3545 3135 3601 προσαγωγὴν
3154 3572 3169 3597 ,
3201 3532 3301 3587 hoc
3324 3542 3442 3600 est,
3469 3533 3636 3588 addu-

2073 3616 2306 3672 ctionem
2333 3633 2348 3671 :
2375 3633 2481 3673 non
2509 3620 2650 3673 enim
2677 3636 2706 3673 a
2735 3620 2889 3676 nobis
2914 3623 3043 3693 ipsis
3064 3624 3388 3680 accessimus
3407 3666 3422 3692 ,
3450 3625 3542 3679 sed
3568 3627 3637 3680 ab

2068 3710 2184 3780 ipso
2230 3712 2443 3768 adducti
2489 3730 2713 3770 sumus:
2756 3714 2895 3769 Nam
2923 3733 3102 3783 neruo,
3137 3717 3342 3788 inquit,
3392 3720 3522 3771 venit
3566 3718 3635 3770 ad

2068 3802 2277 3859 Patrem
2319 3807 2417 3860 nisi
2457 3824 2546 3877 per
2590 3824 2705 3873 me;
2732 3818 2787 3863 et
2814 3824 2998 3864 rursus
3028 3808 3139 3881 Ego
3165 3825 3276 3863 sum
3303 3810 3403 3872 via,
3433 3811 3631 3873 veritas,

2067 3907 2113 3950 et
2136 3899 2237 3951 vita
2265 3897 2446 3968 (Joan.
2476 3902 2564 3955 14.
2589 3901 2666 3971 6).
2694 3900 2751 3956 ln
2776 3902 3033 3971 templum
3056 3912 3298 3957 sanctum
3324 3901 3482 3956 simul
3505 3900 3636 3955 a-di—

2067 3990 2208 4044 ﬁcati
2237 3991 2388 4045 estis.

2135 4085 2190 4138 2.
2224 4085 2419 4139 lterum
2442 4084 2508 4139 ad
2532 4085 2676 4155 prius
2700 4085 2838 4140 redit
2857 4085 3164 4155 exemplum
3193 4092 3248 4140 et
3273 4084 3392 4140 illos
3410 4084 3635 4153 conjun-

2067 4179 2142 4247 git
2181 4192 2301 4232 cum
2355 4178 2594 4244 sanctis,
2645 4193 2979 4249 nequaquam
3035 4180 3217 4233 sineus
3263 4187 3323 4233 ut
3367 4180 3636 4249 longiusa

2066 4268 2281 4323 Christo
2305 4268 2609 4324 recedatur.
2640 4268 2737 4323 Est
2763 4284 2893 4339 ergo
2914 4284 3084 4339 usque
3112 4269 3179 4322 ad
3210 4267 3497 4324 adventum
3522 4268 3638 4331 haec

2067 4359 2369 4414 a‘dilicalio.
2406 4358 2698 4427 Propterea
2729 4359 2942 4414 dicebat
2966 4359 3198 4413 Paulus:
3234 4357 3301 4413 Ut
3323 4360 3525 4428 sapiens
3549 4374 3636 4411 ar-

2068 4450 2312 4503 chitectus
2343 4450 2729 4519 fundamentum
2758 4450 2903 4518 posui
2928 4465 2948 4515 ;
2979 4458 3032 4503 et
3057 4464 3242 4503 rursus
3270 4448 3379 4513 hic,
3423 4447 3636 4501 Funda-

2068 4554 2290 4596 mentum
2310 4543 2455 4597 aliud
2477 4559 2622 4596 nemo
2644 4552 2802 4613 potest
2832 4557 3037 4609 ponere,
3060 4552 3241 4612 prseter
3262 4542 3316 4595 id
3339 4543 3473 4612 quod
3499 4544 3639 4611 posi-

2069 4646 2174 4689 tum
2214 4645 2286 4689 est
2311 4675 2326 4699 ,
2355 4634 2441 4704 qui
2470 4644 2542 4687 est
2572 4633 2837 4704 Christus(
2868 4633 2919 4687 1.
2950 4631 3068 4688 Cor.
3101 4633 3156 4687 '5.
3188 4633 3274 4689 10.
3306 4634 3365 4687 11
3474 4632 3637 4693 Vides

2066 4727 2207 4797 quod
2225 4727 2465 4797 exempla
2489 4741 2586 4797 pro
2605 4726 2763 4781 rebus
2778 4726 3031 4795 subjectis
3055 4726 3160 4779 sint
3183 4724 3509 4794 accipienda,
3530 4741 3636 4781 non

2067 4820 2352 4875 absolute?
2380 4820 2448 4873 ab
2472 4820 2730 4891 exemplis
2758 4820 2857 4873 hoc
2893 4819 3041 4883 dicit,
3070 4829 3125 4873 ut
3160 4820 3370 4889 quando
3394 4818 3638 4874 Christus

2069 4911 2279 4967 Patrem
2299 4910 2426 4966 dicit
2440 4911 2745 4982 agriColam,
2761 4919 2813 4965 et
2826 4909 3062 4979 seipsum
3077 4911 3347 4978 radicem.(
3353 4910 3478 4980 Cap.
3498 4914 3572 4981 5.)
3597 4914 3650 4970 1.

2072 5002 2243 5074 Hujus
2268 5003 2341 5056 rei
2375 5004 2543 5075 gratia
2566 5019 2658 5073 ego
2680 5001 2876 5057 Paulus
2899 5042 2914 5065 ,
2960 5003 3156 5055 vinctus
3186 5002 3373 5057 Christi
3397 5002 3433 5055 J
3438 5020 3523 5057 esu
3547 5020 3639 5074 pro

2067 5094 2203 5148 vobis
2229 5094 2478 5164 gentibus.
2509 5092 2648 5146 Dixit
2678 5108 2921 5161 magnam
2964 5091 3161 5146 Chriin
3182 5108 3365 5146 curam
3384 5105 3438 5147 ct
3458 5095 3637 5162 provi-

2070 5185 2327 5240 dentiam.
2366 5186 2442 5240 De
2467 5196 2661 5240 caetero
2687 5184 2751 5239 ad
2779 5201 2924 5238 suam
2949 5200 3157 5255 quoque
3186 5185 3497 5255 digreditur,
3521 5203 3642 5256 qua:

2070 5292 2230 5346 parva
2259 5277 2470 5352 quidem
2500 5286 2583 5329 est
2623 5284 2677 5333 et
2706 5277 2859 5343 plane
2886 5277 3039 5341 nihil,
3072 5280 3114 5330 si
3142 5293 3262 5332 cum
3289 5278 3375 5331 illa
3398 5278 3642 5331 confera-

2070 5376 2157 5422 tur
2182 5384 2197 5431 ;
2231 5384 2348 5436 qua:
2372 5378 2545 5420 tamen
2592 5368 2702 5437 ipsa
2734 5384 2945 5437 quoque
2971 5379 3051 5421 est
3080 5368 3267 5422 idonea
3293 5378 3345 5422 et
3367 5369 3640 5423 snﬂiciens

2068 5459 2134 5513 ad
2168 5458 2559 5511 attrahendum.
2597 5457 2903 5525 Propterea,
2928 5457 3127 5527 inquit,
3154 5474 3252 5528 ego
3291 5474 3500 5527 quoque
3530 5464 3643 5512 vin-

2070 5562 2188 5605 ctus
2217 5565 2353 5605 sum.
2392 5550 2450 5605 Si
2486 5550 2632 5604 enim
2671 5550 2930 5605 Dominus
2977 5564 3127 5605 incus
3184 5561 3401 5620 propter
3440 5567 3533 5605 vos
3561 5562 3646 5605 est

2075 5652 2226 5697 actus
2252 5643 2305 5696 in
2336 5657 2576 5709 crucem,
2605 5642 2773 5695 multo
2799 5642 2968 5709 inagis
2994 5655 3093 5711 ego
3120 5639 3331 5695 vinctus
3362 5658 3502 5695 sum.
3528 5641 3642 5695 Non

2072 5740 2243 5795 solum
2267 5738 2380 5809 ipse
2409 5735 2507 5792 fuit
2534 5733 2763 5805 vinctus,
2784 5732 2881 5791 sed
2918 5732 3079 5790 etiam
3127 5746 3253 5790 suos
3302 5749 3485 5792 servos
3517 5750 3645 5804 per-
