4060 6400
349 407 421 464 ιδ
1258 401 1324 455 ΙΝ
1362 398 1579 457 ΕῘῚΞΤ.
1625 402 1712 456 ΑΒ
1750 401 1894 457 ΕΡΙΙ]

2027 403 2179 459 CAP.
2225 405 2285 461 ιι.
2330 407 2560 463 HomL.
2602 405 2689 461 vr.
3496 385 3578 460 δι’

1812 681 2052 736 ΟΜΙΛΙΑ
2092 681 2183 751 q'.

345 804 452 863 Kal
493 801 686 856 ἐλθὼν
713 795 1154 870 εὐηγγελίσατο
1189 795 1442 866 εἰρήνην
1473 797 1616 867 ὑμῖν
1642 796 1765 864 τοῖς
1792 815 1907 867 μα-

417 889 584 958 κρὰν,
613 886 712 943 καί
740 884 862 950 τοῖς
885 882 1066 952 ἐγγύς
1084 897 1099 911 ⁸
1131 881 1220 934 ὅτι
1248 879 1322 936 δι’
1343 881 1529 936 αὐτοῦ
1557 882 1772 950 ἔχομεν
1796 881 1912 950 τὴν

417 968 815 1040 προσαγωγὴν
836 967 1156 1035 ἀμφότεροι
1183 963 1254 1018 ἐν
1291 963 1383 1016 ἐνὶ
1427 965 1720 1032 Πνεύματι
1763 967 1912 1032 πρὸς

416 1055 523 1108 τὸν
554 1050 805 1120 Πατέρα.
835 1047 990 1118 'Apa
1015 1044 1132 1102 οὖν
1171 1046 1372 1100 οὐκέτι
1413 1046 1556 1100 ἐστὲ
1598 1046 1763 1111 ξένοι
1812 1047 1910 1100 καί

414 1138 707 1206 πάροικοι,
760 1133 922 1191 ἀλλὰ
980 1132 1346 1202 συμπολῖται
1405 1130 1523 1184 τῶν
1572 1131 1757 1202 ἁγίων
1807 1132 1908 1186 καί

415 1219 620 1276 οἰκεῖοι
662 1216 768 1270 τοῦ
820 1215 988 1271 Θεοῦ.
1049 1211 1648 1282 Ἐποικοδομηθέντες
1691 1212 1791 1266 ἐπὶ
1830 1212 1910 1278 τῷ

417 1302 668 1372 θεμελίῳ
698 1299 819 1353 τῶν
850 1298 1210 1353 ἀποστόλων
1243 1295 1343 1351 καί
1368 1294 1715 1372 προφητῶν,
1737 1295 1910 1362 ὄντος

415 1369 842 1452 ἀκρογωνιαίου
854 1381 1028 1435 λίθου
1055 1379 1241 1434 αὐτοῦ
1264 1378 1520 1446 Χριστοῦ
1546 1393 1558 1407 ·
1591 1378 1661 1432 ἐν
1676 1369 1723 1443 ᾧ
1744 1374 1910 1432 πᾶσα

415 1468 456 1534 τ’,
485 1463 768 1534 οἰκοδομὴ
799 1461 1409 1532 συναρμολογουμένη
1450 1461 1618 1525 αὔξει
1646 1463 1732 1525 εἰς
1758 1460 1910 1514 ναὸν

415 1548 583 1617 ἅγιον
632 1547 702 1600 ἐν
742 1546 970 1613 Κυρίῳ·
1014 1544 1084 1597 ἐν
1123 1537 1172 1610 ᾧ
1201 1543 1300 1598 καὶ
1343 1543 1510 1613 ὑμεῖς
1555 1541 1905 1596 συνοικοδο-

413 1633 620 1705 μεῖσθε
634 1633 720 1697 εἰς
743 1628 1194 1697 κατοικητήριον
1219 1626 1325 1682 τοῦ
1347 1627 1494 1681 θεοῦ
1509 1626 1904 1694 ἐνΠνεύματι.

415 1751 492 1806 06
517 1749 584 1803 δι’
608 1747 820 1819 ἑτέρου,
855 1749 1042 1817 φησὶν,
1075 1745 1342 1816 ἐπεμψεν,
1372 1745 1492 1799 οὐδὲ
1533 1745 1603 1817 δι’
1630 1745 1791 1800 ἄλλου
1822 1763 1906 1799 τι·-

343 1832 436 1896 νὺς
454 1831 625 1885 ταῦτα
656 1830 929 1901 ἐμήνυσεν
956 1830 1108 1900 ήμῖν,
1137 1828 1252 1883 ἀλλ’
1274 1829 1435 1893 αὐτὸς
1460 1829 1527 1882 δι’
1559 1827 1770 1883 ἑαυτοῦ.
1795 1828 1907 1882 Οὐκ

341 1915 593 1984 ἄγγελον,
617 1915 718 1968 οὐκ
739 1914 1077 1983 ἀρχάγγελον
1105 1912 1442 1976 ἀπέστειλεν,
1477 1912 1662 1984 ἐπειδὴ
1687 1911 1746 1965 τὸ
1764 1911 1908 1983 διορ-

345 1998 517 2052 θῶσαι
539 1999 608 2052 τά
632 1995 870 2053 τοσαῦτα
899 1995 1047 2049 κακά
1078 1995 1292 2059 οὐδενὸς
1317 1995 1507 2067 ἐτέρου
1535 1990 1627 2068 ἦν,
1651 1995 1784 2048 ἀλλά
1807 1997 1907 2067 τῆς

342 2080 509 2136 αὐτοῦ
541 2081 867 2148 παρουσίας,
906 2082 1000 2132 καὶ
1031 2078 1093 2132 τὸ
1128 2077 1462 2147 ἀπαγγεῖλαι
1502 2077 1572 2132 τὰ
1616 2078 1901 2148 γενόμενα.

355 2163 656 2233 Ὑπηρέτου
704 2161 800 2215 καὶ
839 2159 1025 2232 σχεδὸν
1073 2161 1318 2214 διακόνου
1371 2159 1526 2228 τάξιν
1569 2161 1849 2225 ἀνεδέξατο
1877 2162 1906 2214 6

341 2247 636 2316 Δεσπότης,
660 2244 752 2297 καὶ
769 2238 922 2316 ἦλθε,
938 2243 1035 2298 καὶ
1057 2243 1446 2314 εὐηγγελίσατο
1465 2244 1686 2314 εἰρήνην
1713 2244 1902 2314 Ὑμῖν,

343 2329 498 2399 φησι,
524 2328 649 2393 τοῖς
667 2327 926 2396 μακρὰν,
959 2326 1058 2380 καὶ
1083 2325 1207 2392 τοῖς
1225 2326 1424 2396 ἐγγύς.
1454 2325 1580 2388 Τοῖς
1610 2326 1901 2391 Ἰουδαίοις,

341 2412 526 2494 φησίν,
555 2412 742 2494 ἐγγὺς.
766 2408 842 2472 ὡς
873 2408 1010 2494 πρὸς
1037 2409 1184 2494 ήμᾷς
1204 2425 1218 2440 ’
1253 2421 1281 2450 α
1312 2408 1660 2494 μακρὰν-δέη
1678 2411 1805 2494 τοὺς
1844 2410 1903 2477 ἐξ

341 2491 509 2547 ἐθνῶν
539 2489 932 2560 αἰνιττόμενος,
965 2489 1040 2552 ὼς
1075 2488 1256 2553 ξένους
1290 2488 1400 2541 τῶν
1430 2488 1700 2558 διαθηκῶν
1723 2488 1899 2554 ὄντας.

343 2575 469 2628 Ὀτι
500 2573 574 2626 δι’
590 2572 773 2626 αὐτοῦ
799 2572 1018 2641 ἔχομεν
1037 2571 1155 2640 τὴν
1172 2571 1573 2641 προσαγωγὴν
1587 2573 1903 2642 ἀμφότεροι

336 2655 510 2711 ἆνὲνί
522 2656 816 2724 Πνεύματι
835 2653 985 2722 πρὸς
1003 2652 1112 2707 τὸν
1125 2653 1370 2722 Πατέρα.
1395 2655 1631 2725 Εἰρήνην
1651 2654 1748 2726 τὴν
1767 2655 1904 2726 πρὸς

337 2740 428 2793 τὸν
454 2739 584 2792 Θεόν
613 2755 747 2810 φησι
769 2754 784 2770 ο
835 2737 928 2790 καὶ
965 2735 1074 2806 γὰρ
1108 2736 1443 2807 κατήλλαξεν
1493 2738 1660 2807 ήμᾶς.
1695 2739 1903 2802 Ἀλλως

338 2822 395 2877 δὲ
432 2821 524 2875 καὶ
554 2819 710 2883 αὐτός
738 2835 920 2889 φησιν,
939 2817 1205 2886 Εἰρήνην
1232 2819 1446 2888 ἀφίημι
1469 2819 1630 2888 ὑμῖν,
1655 2819 1904 2889 εἰρήνην

337 2904 451 2971 τὴν
470 2902 623 2972 ἐμὴν
654 2901 860 2970 δίδωμι
885 2901 1030 2970 ὑμῖν
1056 2917 1070 2933 '
1100 2901 1195 2954 καὶ
1224 2900 1406 2966 πάλιν,
1451 2902 1749 2969 Θαρσεῖτε,
1787 2903 1902 2972 ἐγὼ

337 2988 624 3053 νενίκηκα
652 2984 760 3038 τὸν
785 2985 1044 3052 κόσμον·
1071 2984 1186 3047 καὶ,
1228 2983 1388 3037 Ὅσα
1419 2984 1496 3038 ἂν
1516 2983 1802 3052 αἰτήσητε
1831 2987 1902 3041 ἐν

337 3067 416 3133 τῷ
439 3068 683 3137 ὀνόματί
706 3084 846 3136 μου,
887 3065 1194 3134 λήψὲσθε⁸
1230 3067 1323 3118 καὶ
1350 3065 1533 3130 πάλιν,
1571 3066 1699 3120 ’Ότι
1724 3071 1757 3122 ὀ
1778 3073 1898 3122 Πα-

336 3151 448 3218 τὴρ
483 3149 637 3220 ὑμᾶς
663 3148 845 3218 φιλεῖ.
877 3147 1058 3204 Ταῦτα
1099 3149 1195 3216 τῆς
1227 3149 1448 3219 εἰρήνης
1477 3151 1776 3222 τεκμήρια,
1807 3154 1900 3205 καὶ

335 3235 472 3304 πρὸς
529 3232 752 3295 τούτους
803 3231 896 3287 καὶ
947 3231 1085 3301 πρὸς
1137 3231 1401 3294 ἐκείνους.
1475 3232 1619 3303 Πρὸς
1675 3233 1898 3298 τούτους

335 3318 482 3383 πῶς;
529 3316 648 3368 Ὅτι
680 3313 757 3367 δι’
793 3311 980 3374 αὐτοῦ
1033 3311 1150 3378 τὴν
1191 3313 1592 3382 προσαγωγὴν
1632 3315 1895 3388 ἐσχήκαέ

329 3415 446 3469 μεν
484 3398 801 3468 ἀμφότεροι
842 3395 912 3448 έν
933 3394 1024 3448 ένί
1050 3394 1348 3464 Πνεύματι
1371 3435 1387 3461 ,
1414 3396 1513 3465 οὐχ
1558 3397 1710 3466 ὑμεῖς
1744 3397 1898 3456 ἐλατ-

334 3497 447 3544 τον,
479 3481 673 3533 ἐκεῖνοι
721 3479 778 3532 δὲ
809 3478 990 3544 πλέον,
1039 3477 1178 3530 ἀλλά
1221 3478 1321 3554 μιᾷ
1374 3476 1490 3550 ['59]
1537 3483 1740 3549 χάριτι.
1788 3481 1897 3550 Τὴν

337 3563 436 3635 μὲν
466 3562 576 3633 γὰρ
618 3562 787 3638 ὀργὴν
833 3561 991 3614 ἔλυσε
1033 3559 1112 3631 τῷ
1160 3560 1410 3633 θανάτῳ,
1460 3563 1796 3632 ἐπεράστους
1839 3565 1897 3617 δὲ

334 3648 480 3718 ἡμᾶς
510 3645 732 3715 ἐποίησε
779 3643 857 3714 τῷ
887 3644 1065 3714 Πατρὶ
1110 3643 1215 3706 διάη
1242 3643 1335 3696 τοῦ
1369 3644 1706 3715 Πνεύματος.
1765 3647 1894 3701 Ἰδοὺ

332 3729 496 3783 πάλιν
533 3729 614 3792 τὸ,
658 3728 749 3791 ἐν,
791 3727 880 3780 διά
929 3729 1078 3788 ἐστι’
1112 3727 1179 3780 δι’
1228 3727 1422 3780 ἑαυτοῦ
1455 3729 1550 3780 καὶ
1580 3729 1896 3800 Πνεύματος

332 3814 694 3891 προσήγαγεν,
736 3811 904 3881 αὐτῷ.
958 3813 1108 3879 Ἀρα
1146 3807 1261 3866 οὖν
1317 3811 1516 3865 οὐκέτι
1561 3813 1897 3878 ἐστὲξένοι

331 3898 429 3951 καί
466 3895 756 3964 πάροικοι,
776 3893 931 3948 ἀλλὰ
955 3893 1320 3964 συμπολῖται
1345 3892 1462 3957 τῶν
1482 3894 1685 3963 ἁγίων.
1733 3897 1895 3969 Ὁρᾷς

331 3982 416 4035 ὅτι
467 3980 563 4049 οὐχ
617 3977 804 4039 ἁπλῶς
854 3975 964 4030 τῶν
1017 3975 1330 4039 Ἰουδαίων,
1387 3975 1522 4033 ἀλλὰ
1568 3978 1678 4030 τῶν
1723 3980 1893 4048 ἁγίων

330 4063 425 4117 καὶ
457 4059 708 4131 μεγάλων
738 4060 960 4111 ἐκείνων
993 4057 1200 4129 ἀνδρῶν
1223 4059 1334 4112 τῶν
1367 4059 1496 4134 περὶ
1527 4059 1775 4131 Ἀϐραὰμ
1801 4064 1893 4115 καὶ

329 4145 569 4220 Μωύσῆν
599 4143 694 4197 καὶ
733 4142 916 4194 Ἠλίαν
938 4143 1018 4204 εἰς
1053 4142 1152 4212 τὴν
1181 4143 1350 4212 αὐτὴν
1384 4142 1538 4194 πόλιν
1566 4145 1892 4215 ἀπεγράφη-

333 4246 452 4301 μεν,
475 4229 552 4290 εἰς
575 4226 788 4296 ἐκείνην
805 4223 1218 4294 ἐμφανιζόμεθα
1239 4227 1332 4291 ;Οἰ
1346 4227 1454 4294 γὰρ
1468 4226 1691 4279 τοιαῦτα
1707 4227 1890 4296 λέγον-

327 4329 438 4376 τες,
462 4311 648 4381 φησὶν,
675 4309 1062 4378 ἐμφανίζουσιν
1090 4310 1171 4361 ὅτι
1201 4308 1431 4377 πατρίδα
1449 4307 1720 4378 ζητοῦσιν.
1738 4314 1890 4366 Οὐκ-

325 4394 414 4450 έτι
468 4392 628 4458 ξένοι
670 4390 788 4446 τῶν
836 4391 1020 4460 ἁγίων
1039 4432 1054 4457 ,
1079 4389 1221 4444 οὐδὲ
1249 4391 1542 4458 πάροικοι.
1572 4396 1634 4446 υἰ
1665 4394 1775 4465 γὰρ
1815 4396 1891 4469 μὴ

330 4476 612 4548 μέλλοντες
631 4472 1009 4539 ἐπιτεύξεσθαι
1023 4473 1129 4528 τῶν
1148 4473 1434 4545 οὐρανίων,
1461 4474 1714 4546 πάροικοι
1731 4480 1886 4535 εἰσιν.

338 4559 399 4612 Ὅ
417 4560 525 4628 γὰρ
547 4558 692 4621 Υἰδς,
722 4559 874 4626 φησι,
899 4557 1048 4625 μένει
1071 4559 1148 4619 εἰς
1166 4557 1256 4609 τὸν
1284 4557 1473 4610 αἰῶνα.
1505 4559 1616 4612 Καί
1652 4562 1850 4616 οἰκεῖοι
1870 4605 1886 4628 ,

326 4641 482 4716 φησι,
521 4640 630 4696 τοῦ
664 4641 836 4694 Θεοῦ.
864 4640 1040 4710 ’Ὀπερ
1079 4638 1235 4709 ἔσχον
1267 4640 1325 4706 ἐξ
1363 4642 1537 4711 ἀρχῆς
1578 4643 1774 4698 ἐκεῖνοι
1799 4646 1887 4700 διὰ

323 4717 595 4777 τοσούτων
614 4724 812 4784 πόνων,
842 4723 999 4776 τοῦτο
1020 4725 1146 4791 ὑμῖν
1172 4723 1260 4777 διὰ
1279 4724 1378 4799 τῆς
1399 4724 1492 4777 τοῦ
1509 4725 1641 4778 Θεοῦ
1668 4728 1889 4798 χάριτος

324 4805 682 4876 ητωρθώθη.
733 4806 1331 4875 Ἐποικοδομηθέντες
1372 4806 1473 4859 ἐπὶ
1511 4808 1592 4872 τῷ
1643 4814 1892 4879 θεμελίῳ

325 4887 445 4942 τῶν
472 4890 832 4943 ἀποστόλων
873 4889 970 4942 καί
1009 4887 1350 4956 προφητῶν.
1397 4888 1524 4949 Ἰδοὺ
1551 4892 1582 4961 ή
1613 4893 1766 4958 ἐλπὶς
1790 4897 1885 4967 τῆς

325 4971 590 5040 κλήσεως.
620 4971 763 5042 Ὅρα
811 4970 924 5033 πῶς
980 4973 1158 5024 πάντα
1198 4971 1396 5043 φύρει,
1432 4974 1560 5036 τοὺς
1600 4975 1886 5049 Ἕλληνας,

323 5054 450 5116 τοὺς
475 5054 779 5113 Ἰουδαίους,
799 5054 922 5116 τοὺς
942 5053 1270 5116 ἀποστόλους
1284 5095 1297 5117 ,
1320 5055 1446 5123 τοὺς
1465 5059 1771 5128 προφήτας,
1796 5061 1888 5114 τὸν

321 5137 556 5207 Χριστόν
587 5153 601 5166 ·
629 5138 723 5190 καὶ
755 5138 886 5190 ποτὲ
916 5139 1014 5207 μὲν
1045 5139 1152 5191 ἀπὸ
1193 5139 1286 5192 τοῦ
1330 5141 1580 5209 σώματος
1609 5144 1656 5207 ιι,
1680 5147 1808 5199 ποτὲ
1831 5147 1887 5200 δὲ

323 5211 432 5274 ἀπὸ
448 5220 548 5289 τῆς
566 5222 851 5292 οἰκοδομῆς
872 5223 970 5292 τὴν
985 5223 1225 5292 συναφὴν
1241 5223 1526 5277 δείκνυσιν.
1547 5228 1886 5283 Ἐποικοδο-

316 5303 607 5372 μηθέντες
631 5344 646 5367 ,
687 5310 880 5376 φησιν,
921 5306 1021 5358 ἐπὶ
1063 5305 1142 5370 τῷ
1173 5308 1419 5374 θεμελίῳ
1461 5307 1578 5362 τῶν
1619 5313 1884 5368 ἀποστόο

319 5389 447 5440 λων
465 5388 561 5440 καί
595 5389 931 5457 προφητῶν.
962 5389 1220 5441 Τουτέστι
1245 5431 1259 5452 ,
1290 5391 1548 5461 Θεμέλιος
1575 5397 1624 5446 οἱ
1655 5397 1884 5450 ἀπόστο-

321 5471 402 5524 λοι
443 5473 537 5526 καὶ
577 5475 625 5526 οἰ
670 5473 963 5541 προφῆται.
995 5474 1104 5526 Καὶ
1146 5474 1358 5543 πρῶτον
1385 5476 1568 5548 τίθησι
1596 5481 1720 5542 τοὺς
1747 5483 1884 5534 ἁπο-

321 5554 542 5617 στόλους
604 5557 865 5625 ἐσχάτους
912 5557 1072 5617 ὄντας
1117 5558 1230 5617 τοῖς
1264 5557 1474 5625 χρόνοις
1510 5575 1522 5586 ⁸
1560 5562 1676 5630 ἦτοι
1728 5563 1884 5616 τοῦτο

317 5636 529 5699 δεικνὺς
569 5639 664 5691 καὶ
705 5639 898 5706 λέγων,
929 5638 1010 5691 ὅτι
1041 5637 1287 5706 θεμέλιος
1324 5655 1430 5692 εισι
1477 5644 1569 5694 καὶ
1607 5638 1750 5697 οὗτοι
1791 5649 1885 5701 καὶ

389 5772 408 5811 ι
437 5774 553 5822 Post
570 5775 674 5822 hac
694 5773 864 5828 verba.
912 5777 976 5829 ὡς
998 5773 1114 5836 πρὸς
1136 5776 1280 5834 ἡμᾶς,
1308 5775 1629 5826 Εοὶεῐίηἰιιηυε
1650 5791 1776 5827 unus
1797 5781 1882 5828 ad-

325 5831 392 5906 εΙίι
417 5837 601 5906 μακρὰν
624 5837 675 5883 δὲ
694 5836 802 5890 τοὺς
823 5837 869 5890 ἐξ
888 5831 1383 5906 ἐθνῷγάἰνιττόμενος,
1407 5838 1471 5892 ὡς
1493 5839 1644 5896 ξένους
1667 5842 1760 5889 τῶν
1781 5843 1882 5891 δια-

318 5895 477 5958 map;
500 5895 655 5952 ὄντας,
673 5911 792 5958 quae
826 5910 913 5944 nos
930 5895 1422 5958 adgendqduximus.

380 5956 412 6001 ι
437 5955 573 6008 Unus
594 5955 767 6021 codéx,
806 5959 902 6007 ἀπὸ
937 5955 1022 6007 τοῦ
1055 5956 1333 6019 πνεύματος.

2013 801 2230 868 ἐκεῖνοι,
2262 802 2356 854 καὶ
2386 802 2483 871 μία
2507 802 2759 873 οἰκοδομὴ
2779 803 2839 855 τὸ
2865 803 2972 855 πᾶν
3006 802 3100 855 καὶ
3133 801 3256 872 ῥίζα
3291 801 3438 872 μίαή
3457 805 3572 858 Ἐντ-

2013 885 2205 954 νόησον
2233 885 2360 946 τοὺς
2389 885 2655 956 Ἕλληνας
2679 886 2926 956 θεμέλιον
2970 885 3192 954 ἔχοντας
3217 885 3342 948 τοὺς
3376 903 3570 958 πατρι-

2011 968 2206 1037 άρχας.
2250 968 2512 1022 Ἐνταῦθα
2564 968 2764 1037 μᾶλλον
2806 968 2937 1022 αὐτὸ
2963 968 3025 1021 τὸ
3052 967 3382 1037 κυριώτερον
3401 967 3569 1036 λέγει,

2012 1049 2201 1118 ῆὸταν
2241 1051 2636 1120 ἐγκεντρισμὸν
2679 1051 2810 1121 λέγῃ
2848 1069 2863 1084 ·
2903 1051 3101 1122 μᾶλλον
3153 1053 3271 1104 ἐκεῖ
3299 1051 3573 1106 καθάπτες-

2009 1149 2119 1188 ται.
2157 1128 2290 1186 Εἶτα
2348 1135 2576 1202 ἐπάγει,
2607 1136 2823 1200 Ὀντος
2871 1134 3299 1203 ἀκρογωνιαίου
3370 1135 3570 1202 Ἰησοῦ

2009 1214 2266 1283 Χριστοῦ
2291 1234 2303 1247 ·
2329 1216 2503 1287 δηλῶν
2544 1219 2623 1270 ὅτι
2656 1220 2684 1270 6
2709 1218 2770 1271 τὸ
2800 1219 2907 1270 πᾶν
2934 1216 3170 1288 συνέχων
3197 1217 3342 1271 ἐστὶν
3375 1220 3402 1270 6
3431 1219 3569 1284 Χρι-

2012 1299 2155 1363 στός.
2198 1301 2255 1355 '0
2282 1299 2392 1370 γὰρ
2421 1299 2570 1363 λίθος
2606 1302 2634 1352 6
2657 1301 3051 1370 ἀκρογωνιαῖος
3077 1301 3170 1353 καὶ
3196 1301 3323 1363 τοὺς
3352 1300 3569 1370 τοίχους

2012 1383 2243 1454 συνέχει,
2292 1384 2386 1437 καὶ
2417 1385 2543 1445 τοὺς
2589 1383 2890 1453 θεμελίους.
2939 1382 3042 1435 Ἐν
3067 1375 3114 1448 ᾦ
3146 1382 3316 1438 πᾶσα
3346 1383 3574 1436 οἰκοδο-

2003 1463 2108 1534 μή.
2143 1468 2284 1535 Ὅρα
2327 1467 2444 1528 πῶς
2475 1465 2604 1520 αὐτὸ
2636 1466 2838 1536 συνῆψε
2871 1483 2884 1496 ·
2922 1470 3013 1520 καὶ
3043 1466 3285 1520 δείκνυσι
3313 1467 3442 1518 ποτὲ
3470 1465 3570 1535 μὲν

2008 1547 2213 1603 ἀνωθεν
2258 1550 2558 1619 κατέχοντα
2595 1550 2656 1603 τὸ
2681 1552 2789 1603 πᾶν
2827 1549 2987 1620 σῶμα
3018 1550 3113 1604 καὶ
3145 1549 3566 1619 συγκροτοῦντα,

2008 1632 2141 1685 ποτὲ
2169 1631 2226 1685 δὲ
2256 1632 2502 1685 κάτωθεν
2529 1633 2959 1697 διαϐαστὰξοντα
2995 1635 3092 1702 τὴν
3137 1632 3443 1702 οἰκοδομὴν,
3475 1631 3570 1684 καὶ

2010 1714 2165 1786 ῥίζαν
2192 1715 2341 1769 ὄντα.
2364 1716 2438 1768 Τὸ
2464 1715 2544 1781 δὲ,
2571 1717 2848 1770 Ἕκτισεν
2877 1717 2946 1770 ἐν
2983 1715 3175 1780 ἑαυτῷ
3203 1719 3290 1781 εἰς
3309 1716 3416 1768 ἕνα
3443 1730 3568 1782 καιτ

2005 1797 2119 1850 νὸν
2149 1797 2492 1866 ἄνθρωπον,
2523 1798 2722 1862 εἰπὼν,
2746 1801 2835 1853 διὰ
2862 1800 3051 1854 τούτου
3079 1800 3366 1871 ἐδήλωσεν,
3393 1800 3474 1852 ὅτι
3502 1799 3569 1851 δι’

2006 1879 2200 1933 ἑαυτοῦ
2248 1880 2483 1951 συνῆψεν
2525 1883 2821 1953 ἑκατέρους
2859 1885 2985 1946 τοὺς
3005 1883 3241 1953 τοίχους,
3276 1884 3370 1935 καὶ
3409 1882 3569 1936 πάλιν

2005 1964 2086 2016 ὃτι
2101 1965 2159 2016 ἐν
2173 1964 2321 2032 αὐτῷ
2342 1965 2586 2034 ἐκτίσθη.
2608 1967 2737 2032 Καὶ,
2763 1970 3164 2035 Πρωτότοκος,
3193 1968 3347 2038 φησὶ,
3367 1967 3572 2031 πάσης

2006 2046 2291 2112 κτίσεως·
2326 2048 2609 2114 τουτέστι,
2637 2051 2814 2104 πάντα
2859 2051 3021 2113 αὐτὸς
3066 2049 3436 2114 διαϐαστάζει.
3484 2051 3572 2102 Ἑν

2003 2121 2050 2194 ᾧ
2075 2129 2223 2180 πᾶσα
2244 2129 2500 2200 οἰκοδομὴ
2530 2131 3094 2202 συναρμολογουμένη.
3123 2131 3243 2187 Κᾶν
3262 2132 3353 2184 τὸν
3377 2130 3571 2203 ὄροφον

2003 2210 2184 2283 εἴπῃς,
2215 2210 2317 2264 κᾶν
2373 2213 2500 2274 τοὺς
2534 2213 2768 2284 τοίχους,
2798 2215 2902 2268 κᾶν
2939 2215 3116 2269 ὁτιοῦν
3143 2216 3352 2286 ἓτερον,
3378 2214 3437 2268 τδ
3462 2216 3572 2268 πᾶν

2001 2293 2347 2358 διαϐαστάζει
2365 2295 2545 2358 αὑτός.
2564 2297 2823 2368 ’Δλλαχοῦ
2854 2298 2912 2352 δὲ
2937 2299 3100 2352 αὐτὸν
3126 2298 3372 2370 θεμέλιον
3395 2298 3569 2351 καλεῖυ

2005 2377 2293 2446 Θεμέλιον
2315 2378 2423 2449 γὰρ
2449 2377 2662 2445 ἄλλον,
2687 2381 2873 2450 φησὶν,
2890 2381 3086 2448 οὐδεὶς
3119 2383 3364 2436 δύναται
3387 2382 3574 2436 θεῖναι

2002 2460 2162 2527 παρὰ
2188 2461 2295 2514 τὸν
2315 2462 2614 2528 κείμενον,
2645 2461 2713 2528 ὅς
2728 2462 2898 2517 ἐστιν
2928 2461 3164 2529 Ἰησοῦς
3180 2465 3450 2534 Χριστός.
3470 2467 3572 2529 Ἑν

2001 2535 2049 2609 ᾧ
2075 2543 2243 2598 πᾶσα
2269 2544 2574 2613 οἰκοδομὴ,
2606 2547 2760 2617 φησι,
2797 2549 3425 2618 συναρμολογουμένη.
3456 2549 3572 2600 Ἐν-

2001 2626 2176 2681 ταῦθα
2214 2627 2277 2680 τὸ
2311 2628 2539 2700 ἀκριϐὲς
2582 2631 2855 2699 ἐμφαίνει,
2884 2630 2977 2682 καὶ
3020 2630 3313 2694 δείκνυσιν,
3344 2632 3424 2683 ὅτι
3471 2632 3571 2684 οὐκ

2003 2707 2081 2760 ἔνι
2130 2708 2306 2772 ἄλλως
2355 2708 2598 2778 τεθῆναι,
2630 2712 2706 2783 μὴ
2742 2711 2880 2782 μετὰ
2916 2711 3117 2782 πολλῆς
3161 2713 3261 2782 τῆς
3286 2712 3571 2782 ἀκριϐείας

2003 2790 2296 2860 βιώσαντα.
2321 2794 2502 2857 Αὔξει
2535 2794 2682 2865 γὰρ,
2703 2795 2866 2865 φησὶν
2892 2836 2907 2860 ,
2938 2797 3024 2860 εἰς
3054 2795 3204 2849 ναὸν
3240 2795 3410 2864 ἅγιον
3427 2797 3496 2848 ὲν
3521 2789 3571 2862 ᾧ

2000 2874 2099 2929 καί
2136 2873 2343 2948 ὑμεῖς,
2370 2877 2539 2944 φησὶ,
2575 2877 3130 2946 συνοικοδομεῖσθε.
3181 2878 3569 2949 Συνεχέστερον

1999 2955 2131 3011 αὐτὸ
2157 2955 2323 3024 λέγει,
2352 2959 2456 3023 Εἰς
2483 2959 2633 3012 ναὸν
2662 2959 2851 3028 ἅγιον,
2881 2963 2968 3026 εἰς
2990 2960 3440 3029 κατοικητήριον
3461 2961 3568 3014 τοῦ

2002 3039 2150 3093 Θεοῦ
2190 3039 2259 3093 ἐν
2294 3042 2616 3110 Πνεύματι.
2644 3042 2709 3094 Τί
2735 3041 2797 3111 δὴ
2817 3042 3068 3113 βούλεται
3101 3045 3133 3113 ή
3156 3044 3442 3115 οἰκοδομή;
3471 3045 3566 3096 ’Ὡ-

2002 3137 2093 3172 στε
2134 3120 2223 3173 τὸν
2273 3121 2404 3177 Θεὸν
2435 3123 2710 3194 ἐνοικῆσαι
2740 3127 2798 3178 ἐν
2820 3125 2897 3196 τῷ
2927 3126 3038 3196 ναῷ
3069 3125 3260 3198 τούτῳ.
3296 3127 3568 3190 Ἕκαστος

1999 3203 2105 3275 γὰρ
2142 3203 2256 3276 [ιο]
2290 3206 2444 3274 ὑμῶν
2479 3207 2606 3270 ναός
2634 3209 2774 3272 ἐστι,
2807 3210 2902 3262 καὶ
2929 3213 3081 3283 κοινῇ
3114 3212 3334 3274 πάντες,
3360 3212 3456 3264 καὶ
3491 3214 3567 3276 ὡς

2001 3286 2059 3338 ὲν
2079 3285 2292 3356 σώματι
2316 3289 2556 3358 Χριστοῦ
2574 3291 2748 3355 οἰκεῖ,
2770 3293 2864 3344 καὶ
2891 3292 2967 3355 ὼς
2999 3294 3056 3350 ὲν
3079 3293 3191 3362 ναῷ
3215 3294 3568 3363 πνευματικῷ

2014 3370 2173 3423 οἰκεῖ.
2209 3369 2308 3423 Διά
2335 3373 2492 3425 τοῦτο
2515 3374 2614 3430 οὐκ
2640 3369 2784 3439 εἶπε,
2815 3375 3102 3446 Πρόσοδον.
3129 3375 3301 3442 ἀλλὰ,
3334 3380 3569 3443 Προσα-

1999 3452 2200 3522 γωγήν
2229 3469 2242 3482 ’
2272 3454 2332 3506 06
2366 3455 2475 3524 γὰρ
2503 3456 2606 3525 ἀφ’,
2627 3457 2838 3510 ἑαυτῶν
2869 3458 3246 3528 προσήλθομεν
3269 3497 3284 3522 ,
3330 3459 3444 3514 ἀλλ’
3475 3461 3566 3515 ὑπ’

2000 3536 2167 3589 αὑτοῦ
2223 3539 2615 3609 προσήχθημεν
2635 3555 2658 3597 ,ο
2702 3540 2914 3604 Οὐδεὶς
2943 3540 3054 3608 γὰρ
3075 3580 3090 3605 ,
3119 3543 3304 3610 φησὶν,
3330 3542 3569 3610 ἔρχεται

2001 3617 2150 3686 πρὸς
2209 3619 2318 3672 τὸν
2365 3621 2617 3688 Πατέρα,
2669 3624 2723 3676 εἰ
2762 3623 2850 3690 μὴ
2917 3622 2990 3675 δι’
3025 3625 3208 3692 ἐμοῦ·
3239 3626 3332 3677 καὶ
3379 3626 3563 3690 πάλιν,

2014 3701 2160 3770 Ἐγώ
2197 3704 2314 3771 εἰμι
2352 3703 2394 3771 η
2420 3702 2593 3769 ὁδὸς,
2627 3705 2725 3758 καὶ
2747 3707 2785 3774 η
2811 3705 3084 3775 ἀλήθεια,
3118 3707 3216 3761 καί
3240 3709 3279 3776 η
3300 3705 3433 3782 ζωή.
3461 3710 3567 3776 Εἰς

1999 3784 2148 3838 ναόν
2162 3783 2331 3855 ἅγιον
2359 3787 2903 3857 συνοικοδομεῖσθε.

2069 3951 2236 4007 Πάλιν
2257 3952 2350 4014 ἐπὶ
2377 3953 2439 4007 τὸ
2469 3955 2727 4026 πρότερον
2746 3958 2955 4012 ἄνεισιν
2978 3959 3302 4030 ὑπόδειγμα,
3327 3963 3422 4014 καὶ
3442 3978 3565 4015 συν-

1999 4033 2160 4094 άπτει
2219 4036 2414 4101 αὐτοὺς
2449 4041 2560 4102 τοῖς
2603 4040 2796 4108 ἁγίοις,
2848 4042 3081 4113 οὐδαμοῦ
3115 4045 3276 4112 ἀφεὶς
3309 4045 3562 4116 ἀπηρτῆ-

2002 4117 2124 4170 σθαι
2175 4117 2268 4171 τοῦ
2329 4121 2588 4192 Χριστοῦ.
2627 4125 2770 4195 Ἀρα
2819 4126 2978 4196 μέχρι
3023 4127 3124 4196 τῆς
3189 4128 3490 4198 παρουσίας
3526 4130 3561 4200 ή

2001 4201 2260 4272 οἰκοδομὴ
2306 4203 2443 4274 αὕτη
2477 4221 2491 4234 ·
2525 4205 2632 4274 ἄρα
2663 4206 2754 4260 διὰ
2779 4207 2936 4261 τοῦτο
2967 4207 3177 4272 Παῦλος
3215 4208 3418 4278 ἔλεγεν,
3466 4212 3563 4277 Ὧς

1997 4283 2192 4352 σοφὸς
2242 4285 2603 4355 ἀρχιτέκτων
2633 4289 2910 4358 θεμέλιον
2949 4291 3182 4345 τέθεικα
3218 4309 3230 4322 ·
3266 4296 3359 4350 καὶ
3401 4295 3561 4347 πάλιν

1997 4365 2251 4431 ἐνταῦθα,
2289 4369 2574 4438 Θεμέλιον
2614 4371 2810 4426 ἄλλον
2859 4373 3058 4438 οὐδεὶς
3089 4373 3339 4430 δύναται
3374 4376 3564 4432 θεῖναι

1996 4447 2156 4517 παρὰ
2203 4450 2311 4503 τὸν
2341 4452 2616 4520 κείμενον
2636 4491 2651 4518 ,
2683 4451 2752 4518 ὅς
2797 4453 2929 4507 ἐστι
2960 4457 3236 4524 Χριστός.
3285 4458 3450 4528 Ὁρᾷς
3479 4461 3562 4513 ὅτι

1994 4531 2065 4584 τὰ
2089 4531 2504 4602 παραδείγματα
2517 4536 2651 4606 πρὸς
2668 4537 2736 4589 τὰ
2759 4536 3108 4606 ὑποκείμενα,
3128 4538 3243 4591 ἀλλ’
3257 4540 3353 4610 οὐχ
3376 4541 3566 4606 ἁπλῶς

2005 4613 2364 4684 ἐκλαμῦάνειν
2412 4617 2564 4689 χρή;
2615 4618 2746 4670 Ἀπὸ
2787 4619 3242 4691 παραδειγμάτων
3285 4621 3441 4675 τοῦτο
3491 4619 3562 4677 εῖ-

1998 4713 2098 4750 πεν
2120 4737 2136 4761 ,
2172 4697 2246 4761 ὼς
2279 4698 2407 4752 ὅταν
2432 4702 2461 4752 ὁ
2503 4700 2741 4770 Χριστὸς
2765 4703 3010 4772 γεωργὸν
3033 4703 3165 4777 λέγῃ
3187 4705 3278 4758 τὸν
3311 4706 3555 4776 Πατέρα,

1992 4780 2088 4833 καὶ
2122 4779 2278 4852 ῥίζαν
2306 4782 2521 4837 ἑαυτόν.
2558 4784 2778 4838 Τούτου
2813 4784 2988 4853 χάριν
3010 4787 3128 4856 ἐγὼ,
3147 4787 3389 4855 Παῦλος
3418 4789 3558 4844 όδέ-

1989 4877 2165 4930 σμιος
2200 4863 2402 4932 Ἰησοῦ
2457 4866 2714 4935 Χριστοῦ
2773 4866 2924 4936 ὑπὲρ
2970 4869 3136 4938 ὑμῶν
3171 4869 3289 4923 τῶν
3344 4872 3553 4928 ἐθνῶν.

1989 4941 2126 4997 Εἰπε
2174 4944 2268 5000 τοῦ
2307 4949 2542 5020 Χριστοῦ
2579 4950 2676 5019 τὴν
2708 4949 3033 5020 κηδεμονίαν
3058 4953 3158 5023 τὴν
3184 4953 3386 5024 πολλήν
3413 4971 3426 4983 ο
3461 4957 3556 5008 έκ-

1991 5027 2170 5082 6αίνει
2189 5029 2373 5083 λοιπὸν
2402 5032 2497 5084 καὶ
2523 5031 2614 5084 ἐπὶ
2648 5033 2747 5103 τὴν
2777 5034 2996 5101 ἑαυτοῦ,
3028 5035 3229 5108 μικρὰν
3254 5037 3352 5108 μὲν
3367 5034 3552 5102 οὖσαν,

1989 5111 2084 5163 καὶ
2108 5112 2312 5183 σφόδρα
2341 5114 2490 5166 οὐδὲν
2515 5118 2542 5159 d
2566 5115 2701 5185 πρὸς
2733 5117 2967 5187 ἐκείνην,
3000 5119 3187 5189 ἱκανὴν
3209 5120 3266 5173 δὲ
3309 5121 3402 5174 καὶ
3419 5121 3554 5174 ταύυ

1985 5211 2086 5263 την
2108 5197 2532 5252 ἐπισπάσασθαι.
2559 5202 2656 5250 Διά
2677 5198 2832 5252 τοῦτο
2861 5201 2954 5254 καὶ
2978 5199 3089 5268 ἐγὼ
3110 5201 3349 5272 δέδεμαι,
3367 5203 3547 5272 φησίν.

1988 5275 2050 5328 Εἰ
2077 5277 2184 5349 γὰρ
2203 5279 2520 5350 ὁΔεσπότης
2540 5280 2567 5330 6
2595 5281 2726 5351 ἐμὸς
2753 5283 3068 5354 ἐσταυρώθη
3090 5284 3156 5336 δι’
3189 5285 3348 5353 ὑμᾶς,
3373 5284 3552 5356 πολλῷ

1989 5359 2188 5428 μᾶλλον
2229 5360 2339 5429 ἐγὼ
2396 5362 2633 5431 δέδεμαι.
2669 5365 2743 5416 Οὐ
2802 5367 2961 5435 μόνον
2999 5368 3160 5429 αὐτὸς
3211 5365 3386 5436 ἐδέθη,
3415 5367 3551 5422 ἀλλὰ

1985 5443 2081 5494 καὶ
2118 5444 2244 5506 τοὺς
2281 5443 2446 5496 αὐτοῦ
2483 5445 2701 5514 δούλους
2735 5446 3049 5516 δεσμεῖσθαι
3095 5452 3366 5520 συγχωρεῖ
3408 5451 3548 5522 ὑπὲρ

1985 5525 2137 5592 ὑμῶν
2167 5527 2276 5578 τῶν
2305 5528 2497 5581 ἐθνῶν.
2540 5529 2716 5598 Πολλὴ
2748 5532 2781 5601 ή
2812 5531 3050 5599 ἔμφασις
3078 5549 3090 5561 '
3115 5533 3175 5584 οὐ
3219 5534 3377 5603 μόνον
3405 5533 3558 5603 ὑμᾶςΔ

1985 5609 2044 5659 06
2088 5609 2482 5680 βδελυττόμεθα
2518 5611 2736 5677 λοιπὸν,
2777 5613 2912 5665 ἀλλὰ
2952 5616 3046 5667 καὶ
3093 5615 3434 5688 δεσμούμεθα
3479 5621 3562 5676 δι’.

1986 5691 2148 5775 ὑμᾶς,
2191 5693 2348 5760 φησὶ,
2379 5693 2476 5746 καὶ
2505 5694 2615 5760 ἐγὼ
2672 5695 2940 5766 τοσαύτης
2979 5698 3262 5753 ἀπέλαυσα
3307 5704 3545 5775 χάριτος.

1984 5773 2059 5826 Εἴ
2087 5792 2151 5844 γε
2178 5775 2483 5842 ἠκούσατε
2515 5777 2629 5844 τὴν
2652 5780 2997 5849 οἰκονομίαν
3029 5782 3138 5851 τῆς
3175 5773 3413 5854 χάριίτοξ
3440 5791 3574 5855 τρῦ.

2048 5912 2269 5980 ῗᾼίιειο
2295 5914 2728 5980 ιηριηῢτοιὼτεςὶε
2765 5932 2936 5968 manca
2983 5933 3096 5972 esse
3143 5921 3355 5974 videtur.

2045 5970 2073 6012 ἀ
2095 5972 2238 6037 Légit
2273 5979 2353 6025 καὶ
2374 5970 2552 6039 σχεδον
2572 5979 2704 6027 οὐδέν
2729 5981 2959 6032 υυυιυυε.
