4068 6390
432 293 502 351 εδ
1147 286 1202 338 s.
1250 282 1538 339 10ngle
1578 275 2077 335 cumsosmm
2128 270 2450 329 ARCIIIEP.
2492 271 3046 328 CONSTANTINOP.
3608 269 3680 331 ιο

426 407 574 463 θεοῦ
626 405 736 474 τῆς
776 404 1057 469 δοθείσης
1083 420 1184 471 μοι
1220 404 1308 468 είς
1337 397 1517 469 ὑμᾶς.
1543 400 1656 469 Τὴν
1686 397 1998 468 πρόρρησιν

424 492 721 557 αἰνίττεται
749 490 847 557 τὴν
872 488 1007 558 πρὸς
1028 488 1120 539 τὸν
1157 485 1408 539 Ἀνανίαν
1460 483 1718 554 ῥηθεῖσαν
1744 481 1873 551 περὶ¹
1900 479 2001 532 αύ-

427 575 521 628 τοῦ
605 578 663 626 ὲν
724 571 1037 642 Δαμασκῷ,
1099 572 1263 643 ἡνίκα
1326 570 1509 637 ἔλεγε·
1568 566 1858 634 Πορεύου,
1913 564 2004 617 ὅτι

428 658 653 724 σκεῦος
702 655 967 726 ἐκλογῆς
998 656 1102 723 μοί
1152 654 1323 706 ἐστιν
1366 649 1542 718 οὗτος
1568 651 1675 703 τοῦ
1692 647 2005 714 βαστάσαι

429 742 496 795 τὸ
542 740 733 811 ὄνομά
787 757 908 809 μου
968 737 1227 791 ἐνώπιον
1284 734 1476 790 ἐθνῶν
1525 734 1625 787 καὶ
1670 731 2003 797 βασιλέων.

430 823 760 893 Οἰκονομίαν
794 820 1017 893 χάριτός
1042 837 1173 891 φησι
1206 821 1304 890 τὴν
1338 816 1711 886 ἀποκάλυψιν·
1738 813 2005 876 τουτέστι,

430 909 508 962 υύ
568 908 720 977 παρά
768 906 1055 978 ἀνθρώπου
1102 903 1344 972 ἔμαθον·
1377 899 1685 970 κατηξίωσε
1738 901 1835 954 καὶ
1884 897 2007 967 ἐμοὶ

431 993 514 1049 ένὶ
560 991 676 1043 δντι
706 989 1058 1058 ἀποκαλύψαι
1088 988 1154 1041 δι’
1186 988 1351 1056 ὑμᾶς.
1380 984 1574 1049 Αὐτός
1602 983 1711 1053 γάρ
1726 1000 1829 1051 μοι
1854 978 2006 1045 εἷπε,

433 1076 567 1146 φησί
601 1092 615 1105 ·
648 1075 938 1141 Πορεύου,
965 1073 1055 1125 ὅτι
1083 1074 1171 1136 είς
1194 1071 1339 1137 ἔθνη
1358 1067 1600 1138 μακρὰν
1624 1064 2013 1132 ἐξαποστελῶ

432 1173 526 1215 σε.
569 1158 680 1229 Τὴν
718 1156 1034 1226 οἰκονομίαν
1077 1153 1258 1216 καλῶς
1305 1151 1479 1215 οὕτως
1505 1148 1662 1204 εἶπεν
1695 1165 1707 1178 ·
1733 1148 2011 1219 οἰκονομία

433 1244 542 1313 γὰρ
580 1238 649 1314 ἦν
695 1240 907 1312 μεγάλη
933 1280 948 1303 ,
972 1239 1034 1293 τὸ
1069 1237 1383 1309 μηδαμόθεν
1437 1236 1762 1305 πειθόμενον
1807 1231 2014 1287 ἀνωθεν

436 1327 684 1389 καλέσαι,
715 1326 810 1378 καὶ
830 1326 1036 1378 εἰπεῖν·
1058 1322 1277 1386 Σαῦλε,
1313 1319 1534 1382 Σαῦλε,
1569 1319 1626 1372 τί
1640 1336 1716 1388 με
1748 1317 1979 1382 διώκεις
1996 1331 2015 1378 ;

435 1411 530 1463 καὶ
560 1410 622 1462 τὺ
653 1405 1010 1479 πηρῶσαιτῷ
1033 1405 1175 1474 φωτὶ
1203 1403 1397 1473 ἐκείνῳ
1416 1402 1494 1473 τῷ
1523 1402 1841 1474 ἀπορρήτῳ.
1864 1399 1937 1452 Εἴ
1951 1414 2017 1467 γε

435 1494 763 1561 ἠκούσατε,
800 1491 955 1560 φησὶ.
995 1487 1111 1556 τὴν
1140 1486 1491 1555 οἰκονομίαν
1510 1484 1620 1553 τῆς
1640 1483 1884 1552 χάριτος
1910 1480 2018 1535 τοῦ

441 1577 591 1634 Θεοῦ
639 1574 755 1643 τῆς
785 1573 1067 1640 δοθείσης
1098 1587 1200 1641 μοι
1231 1573 1319 1636 είς
1351 1566 1529 1639 ὑμᾶς,
1564 1566 1655 1621 ὅτι
1692 1567 1846 1623 κατὰ
1870 1567 2020 1621 ἀπο-

438 1659 710 1727 κάλυψιν
754 1657 1089 1727 ἐγνωρίσθη
1150 1672 1254 1723 μοι
1312 1652 1380 1706 τὸ
1428 1652 1788 1722 μυστήριον,
1825 1649 2022 1715 καθὼς

438 1743 787 1812 προέγραψα
820 1740 889 1793 ἐν
932 1739 1133 1809 ὀλίγῳ.
1163 1738 1322 1800 Ἴσως
1363 1736 1452 1790 διά
1478 1752 1638 1789 τινων
1666 1733 1959 1806 ἐδήλωσεν,
1985 1733 2020 1803 ἢ

438 1829 501 1880 ού
565 1826 673 1897 πρὸ
729 1822 926 1877 πολλοῦ
962 1821 1263 1894 γεγραφὼς
1307 1816 1399 1892 ἦν.
1433 1821 1720 1874 Δείκνυσιν
1764 1818 2023 1885 ἐνταῦθα,

441 1911 524 1963 δτι
581 1909 643 1962 τὸ
673 1908 782 1961 πᾶν
805 1906 899 1959 τοῦ
934 1904 1071 1959 Θεοῦ
1104 1907 1275 1968 ἐστιν,
1307 1904 1391 1957 δτι
1419 1904 1575 1957 οὐδὲν
1601 1903 2026 1973 εἰσηνέγκαμεν.

441 1994 508 2049 Τί
544 1992 675 2064 γὰρ,
710 1989 834 2044 εἰπέ
881 2006 971 2060 μοι
1002 2006 1017 2056 ;
1052 1987 1265 2051 Παῦλος
1316 1986 1479 2049 αὐτὸς
1516 1986 1544 2038 6
1576 1985 1750 2057 μέγας
1772 1984 1870 2038 καὶ
1899 1983 2029 2038 θαυ-

448 2077 673 2148 μαστὸς,
716 2077 745 2128 6
772 2072 1116 2144 νομομαθὴς,
1151 2073 1180 2124 ό
1228 2072 1335 2125 ὑπὸ
1380 2072 1508 2134 τοὺς
1542 2071 1708 2134 πόδας
1741 2068 2030 2140 Γαμαλιὴλ

443 2157 587 2210 κατά
610 2154 897 2225 ἀκρίϐειαν
927 2152 1239 2223 παιδευθεὶς
1265 2151 1387 2220 οὐχὶ
1410 2151 1594 2220 χάριτι
1617 2148 1831 2219 ὲσώθη;
1858 2148 2031 2202 Τοῦτο

448 2238 747 2308 μυστήριον
762 2237 987 2298 εἰκότως
1025 2235 1219 2289 καλεῖ·
1248 2237 1547 2305 μυστήριον
1579 2234 1691 2305 γάρ
1721 2235 1837 2287 ἐστι
1866 2230 1929 2284 τὸ
1961 2230 2032 2284 τά

445 2320 572 2391 εθνη
584 2319 842 2390 ἐξαίφνης
868 2317 1078 2395 [διιείς
1100 2317 1322 2388 μείζονα
1338 2315 1725 2370 τῶνἸουδαίων
1749 2316 2032 2384 εὐγένειαν

446 2407 763 2474 ἀναγαγεῖν.
797 2400 1002 2467 Καθὼς
1057 2400 1407 2470 προέγραψα
1429 2440 1444 2465 ,
1484 2399 1682 2470 φησὶν,
1717 2399 1789 2453 ἐν
1826 2398 2031 2469 ὀλίγῳ,

444 2489 537 2541 διὰ
587 2487 855 2558 βραχέων.
904 2484 1060 2553 Πρὸς
1105 2483 1136 2539 6
1192 2484 1460 2539 δύνασθε
1510 2484 2034 2553 ἀναγινωσκοντες

446 2572 687 2641 νοῆσαι.
721 2571 896 2624 Βαϐαί
922 2586 936 2599 ·
968 2569 1109 2622 ὥστε
1140 2570 1202 2622 οὐ
1247 2568 1307 2621 τὸ
1347 2570 1456 2621 πᾶν
1503 2567 1764 2638 ἔγραφεν,
1786 2567 1905 2621 οὐδὲ
1934 2568 2036 2622 ὅσα

448 2657 661 2729 γράψαι
687 2655 876 2727 ἐχρῆν.
920 2654 1064 2707 Ἀλλ’
1090 2651 1326 2707 ἐνταῦθα
1362 2655 1461 2721 μὲν
1491 2652 1527 2721 ἡ
1545 2652 1707 2721 φύσις
1728 2651 1825 2704 τοῦ
1856 2652 2037 2723 πράγ-

455 2757 622 2812 ματος
659 2739 820 2792 τοῦτο
877 2738 1073 2800 ἐποίει,
1140 2735 1378 2807 ἀλλαχοῦ
1420 2735 1477 2786 δὲ
1504 2736 1536 2804 ἡ
1565 2735 1751 2798 κακία,
1784 2734 1861 2797 ὡς
1899 2734 2031 2805 παρ’

462 2824 740 2895 Ἑϐραίοις
767 2865 783 2889 ,
813 2820 891 2884 ὡς
939 2820 1093 2890 παρὰ
1135 2818 1465 2889 Κορινθίοις.
1510 2819 1666 2888 Πρός
1709 2818 1739 2873 6
1771 2818 2037 2873 δύνασθε

451 2906 976 2976 ἀναγινώσκοντες
1001 2900 1224 2971 νοῆσαι
1246 2901 1362 2969 τὴν
1389 2902 1649 2955 σύνεσίν
1672 2919 1815 2971 μου,
1848 2904 2033 2973 φησὶν,

454 2994 525 3055 ἐν
549 2990 628 3055 τῷ
645 2988 954 3058 μυστηρίῳ
973 2986 1078 3040 τοῦ
1109 2984 1368 3054 Χριστοῦ
1397 3001 1411 3013 ·
1445 2986 1716 3050 τουτέστι,
1746 2985 1864 3049 πῶς
1899 3003 2034 3038 συν-

456 3077 590 3145 ἧκα,
630 3072 749 3135 πῶς
792 3071 1012 3141 ἐνόησα,
1038 3070 1073 3140 ἢ
1121 3069 1347 3121 τοιαῦτα
1370 3108 1384 3131 ,
1406 3067 1442 3122 δι
1464 3062 1617 3120 εἶπεν
1650 3071 1679 3121 6
1706 3067 1860 3132 Θεὸς,
1892 3067 1925 3138 ἢ
1956 3069 2038 3120 ὅτι

459 3159 696 3226 κάθηται
749 3157 815 3208 ὲκ
860 3153 1074 3216 δεξιῶν.
1102 3147 1235 3205 Εῐτα
1293 3154 1389 3203 καὶ
1434 3152 1496 3204 τὸ
1524 3151 1768 3221 ἀξίωμα,
1799 3151 1882 3203 ὅτι
1916 3152 2039 3203 Οὐκ

459 3241 749 3309 ἐποίησεν
802 3236 991 3301 οὕτως
1021 3238 1053 3289 ό
1086 3235 1232 3300 Θεὸς
1276 3234 1457 3288 παντί
1501 3234 1661 3288 ἔθνει
1698 3252 1712 3265 ·
1746 3235 1843 3288 καὶ
1886 3236 2039 3286 ποῖον

461 3325 611 3386 ἔθνος
649 3322 827 3387 τοῦτο,
863 3315 907 3387 ᾧ
938 3318 1195 3390 ἐποίησεν
1234 3316 1407 3381 οὕτως
1438 3319 1466 3370 ὁ
1495 3318 1629 3381 Θεὸς
1657 3316 1832 3389 δηλῶν
1854 3358 1869 3382 ,
1900 3317 2040 3370 ὲπὰ-

459 3424 548 3475 γει
580 3424 597 3439 ·
636 3407 707 3459 Ὃ
737 3404 965 3473 ἑτέραις
990 3400 1225 3472 γενεαῖς
1255 3402 1363 3453 οὐκ
1380 3401 1710 3470 ἐγνωρίσθη
1740 3399 1864 3466 τοῖς
1889 3400 2043 3465 υἱοῖς

460 3489 582 3549 τῶν
626 3486 954 3556 ἀνθρώπων
977 3528 991 3552 ,
1020 3487 1101 3551 ὡς
1132 3485 1251 3539 νῦν
1276 3486 1673 3554 ἀπεκαλύφθη
1696 3484 1823 3551 τοῖς
1850 3484 2043 3553 ἀγιόις

462 3578 830 3642 ἀποστόλοις
880 3574 1069 3629 αὑτοῦ
1118 3573 1217 3628 καί
1259 3573 1599 3643 προφήταις
1642 3573 1712 3625 ἐν
1740 3570 1821 3637 τῷ
1850 3573 2042 3625 Πνεύ-

460 3678 622 3733 ματι.
659 3659 727 3713 Τί
762 3656 855 3715 οὖν
880 3699 895 3723 ,
922 3659 1045 3712 εἰπέ
1098 3676 1214 3729 μοι,
1239 3658 1341 3717 οὐκ
1400 3657 1600 3728 ᾔδεσαν
1630 3657 1681 3709 οἱ
1733 3656 2041 3727 προφῆται;

468 3738 593 3809 Πῶς
620 3739 716 3798 οὖν
758 3760 925 3815 φησιν
952 3745 981 3796 6
1013 3742 1267 3819 Χριστὸς,
1302 3742 1384 3794 ὅτι
1413 3742 1657 3812 Μωῦσῆς
1689 3741 1786 3793 καὶ
1816 3742 1865 3793 οί
1911 3756 2046 3809 προ-

468 3831 638 3900 φῆται
665 3826 841 3881 ταῦτα
869 3826 998 3897 περὶ
1023 3825 1157 3895 ἐμοῦ
1189 3824 1473 3899 ἔγραψανις
1501 3825 1597 3878 καὶ
1616 3824 1800 3886 πάλιν,
1822 3824 1891 3875 El
1916 3823 2047 3876 ἐπι-

467 3914 764 3973 στεὺσατε
794 3907 1041 3976 Μωυσῇ,
1058 3909 1453 3961 ἐπιστεύσατε
1476 3907 1552 3960 ἂν
1570 3907 1700 3974 ἐμοί
1712 3924 1732 3972 ;
1748 3907 1841 3959 καὶ
1862 3905 2045 3969 πάλιν,

481 3995 795 4065 Ἑρευνᾶτε
822 3993 931 4056 τὰς
952 3990 1217 4061 Γραφὰς,
1251 3990 1341 4042 ὅτι
1373 3989 1545 4059 ὑμεῖς
1572 3990 1801 4043 δοκεῖτε
1841 3990 1912 4042 ἐν
1939 3989 2049 4043 αὺ-

468 4080 600 4146 ταῖς
633 4077 785 4145 ζωὴν
821 4074 1064 4129 αἰώνιον
1110 4074 1298 4143 ἔχειν,
1338 4073 1614 4129 κάκεῖναι
1632 4075 1791 4126 εἰσιν
1812 4075 1871 4126 αί
1899 4088 2049 4142 μαρ-

469 4165 765 4233 τυροῦσαι
820 4161 955 4231 περὶ
995 4158 1176 4228 ἐμοῦ;
1208 4157 1384 4211 Τοῦτό
1435 4175 1636 4229 φησιν,
1690 4158 1839 4229 ἢὸτι
1882 4157 2048 4210 πᾶσιν

470 4248 782 4322 ἀνθρώποις
824 4248 925 4299 οὐκ
969 4243 1333 4314 ἀπεκαλύφθη
1370 4260 1383 4273 ·
1436 4242 1746 4313 προσέθηκε
1791 4242 1901 4312 γὰρ
1930 4281 1946 4305 ,
1988 4243 2048 4293 Ὃ

469 4333 699 4401 ἑτέραις
722 4329 955 4401 γενεαῖς
978 4330 1089 4383 οὑκ
1119 4328 1453 4397 ἐγνωρίσθη
1480 4326 1608 4392 τοῖς
1633 4325 1788 4391 υίοῖς
1805 4325 1924 4379 τῶν
1943 4326 2051 4379 ἀν-

473 4414 754 4483 θρὼπων,
789 4414 872 4480 ὠς
919 4412 1037 4467 νῦν
1081 4410 1519 4478 ἀπεκαλύφθη·
1553 4409 1588 4479 ἢ
1627 4410 1710 4462 ὅτι
1753 4410 1925 4472 οὕτως
1953 4408 2054 4460 οὐκ

476 4498 786 4570 ἐγνωρίσθη
836 4496 928 4549 διὰ
971 4495 1318 4566 πραγμάτων
1360 4492 1545 4546 αὐτῶν
1578 4493 1674 4546 καὶ
1712 4491 1913 4563 ἔργων,
1958 4492 2054 4556 Ὠς

475 4579 594 4641 νῦν
638 4581 1036 4648 ἀπεκαλύφθη
1069 4578 1195 4645 τοῖς
1232 4578 1422 4646 ἁγίοις
1454 4577 1814 4642 ἀποστόλοις
1866 4574 2054 4629 αὐτοῦ

478 4662 579 4715 καί
652 4661 987 4731 προφήταις
1014 4661 1085 4714 ἐν
1137 4661 1458 4730 Πνεύματι.
1500 4659 1796 4737 ,Ἐννόησον
1834 4659 1942 4728 γάρ
1974 4674 1985 4685 ·
2022 4657 2051 4709 6

479 4746 684 4816 Πέτρος
708 4787 722 4809 ,
772 4746 821 4797 εἰ
865 4746 939 4816 μὴ
969 4744 1120 4814 παρά
1154 4743 1248 4796 τοῦ
1303 4743 1620 4813 Πνεύματος
1675 4744 1928 4813 ἤκουσεν,
1958 4742 2059 4795 οὐκ

481 4831 548 4882 ἂν
594 4829 864 4899 ἐπορεύθη
914 4830 995 4892 εἰς
1036 4828 1105 4887 τὰ
1152 4826 1302 4895 ἔθνη,
1341 4828 1607 4881 ’Ἄκουσον
1638 4825 1746 4896 γὰρ
1778 4825 1831 4877 τί
1859 4839 2056 4895 φησιν·

484 4912 628 4983 Ἀρα
648 4910 868 4964 ἔδωκεν
887 4914 918 4965 ό
938 4912 1077 4981 Θεὸς
1097 4910 1303 4977 αὐτοῖς
1318 4909 1385 4963 τὸ
1399 4910 1643 4977 Πνεῦμα
1664 4909 1728 4961 τὸ
1753 4908 1945 4977 ἅγιον,
1978 4906 2060 4971 ὡς

480 4994 581 5047 καὶ
617 4993 782 5062 ἡμῖν.
814 4995 985 5048 Τοῦτό
1023 4996 1171 5046 ἐστιν
1209 4994 1238 5047 ὃ
1271 5011 1457 5063 φησιν,
1499 4995 1603 5046 Ἐν
1624 4993 1946 5060 Πνεὺματι,
1977 4990 2060 5041 ὅτι

481 5076 572 5139 διὰ
618 5077 935 5146 Πνεύματος
972 5077 1207 5146 ἠξίωσεν
1238 5077 1265 5129 6
1295 5077 1425 5140 Θεὸς
1463 5076 1648 5128 λαϐεῖν
1670 5088 1695 5116 α
1727 5075 1921 5137 αὐτοὺς
1965 5072 2062 5143 τὴν

483 5158 663 5231 χάριν.
695 5160 922 5227 Ἔλεγον
969 5161 1067 5230 μὲν
1115 5156 1208 5212 οὖν
1226 5162 1275 5213 οἱ
1310 5161 1613 5231 προφῆται,
1639 5157 1786 5210 οὕτω
1817 5156 1876 5209 δὲ
1906 5157 2061 5225 ἀκρι-

485 5241 596 5305 ϐῶς
624 5244 725 5295 οὐκ
755 5242 975 5314 ᾔδεσαν,
1010 5245 1149 5297 ὅπου
1177 5261 1241 5312 γε
1267 5243 1387 5296 οὐδὲ
1432 5245 1480 5296 οί
1522 5241 1813 5299 ἀπόστολοι
1840 5239 1979 5309 μετά
2002 5238 2064 5292 τὸ

486 5323 713 5377 ἀκοῦσαι
739 5341 752 5353 ·
809 5326 945 5379 πολὺ
974 5328 1084 5396 γὰρ
1104 5326 1470 5394 ὑπερέϐαινεν
1522 5325 1870 5395 ἀνθρώπινον
1914 5322 2065 5389 λογι-

490 5406 624 5475 σμὸν
641 5409 733 5460 καὶ
749 5408 935 5467 ἐλπίδα
948 5410 1153 5480 κοινήν.
1166 5406 1331 5462 Εἶναι
1351 5411 1423 5461 τὰ
1437 5408 1583 5476 ἔθνη
1602 5406 2067 5477 συγκληρονόμα

488 5488 589 5551 καὶ
617 5491 915 5561 σύσσωμα
943 5493 1041 5545 καὶ
1074 5496 1442 5567 συμμέτοχα.

561 5622 631 5674 Τί
689 5622 834 5688 ἐστι,
870 5625 1344 5692 Συγκληρονόμα
1396 5622 1497 5675 καὶ
1543 5620 1898 5691 συμμέτοχα
1955 5618 2068 5688 τῆς

496 5829 523 5888 λ
555 5767 585 5847 ἶ
605 5766 740 5838 Marg
780 5767 912 5817 Savil
946 5806 959 5828 ,
990 5772 1250 5829 τουτέστιν,
1275 5773 1322 5819 ὲν
1352 5770 1580 5831 πνεύματι
1618 5768 1856 5823 ἐξελέξατο
1894 5769 1919 5815 ό
1946 5766 2064 5822 Θεὸς

527 5845 672 5878 αοειν.
806 5874 814 5880 .

527 5845 672 5878 αοειν.

2101 392 2482 461 ἐπαγγελίας,
2512 390 2613 444 καί
2657 390 2997 460 σύσσωμα;
3029 388 3217 459 Τοῦτό
3242 388 3356 441 ἐστι
3403 387 3465 440 τὸ
3515 388 3683 458 μέγα,

2102 475 2164 528 τὸ
2198 473 2256 527 ἓν
2281 475 2441 545 σῶμα
2472 469 2611 526 εἶναι
2635 516 2649 539 ,
2682 473 2717 541 ἡ
2748 472 2985 543 ἐγγύτης
3008 473 3042 543 ἡ
3076 472 3267 543 πολλή.
3294 473 3418 525 Ὅτι
3456 472 3553 542 μὲν
3577 473 3689 544 γὰρ

2104 557 2455 628 κληθήσεται,
2488 557 2708 629 ᾔδεσαν,
2731 559 2814 611 ὅτι
2844 556 2901 609 δὲ
2925 556 3018 609 ἐπὶ
3038 555 3267 619 τούτοις,
3286 556 3491 610 οὐκέτι.
3518 555 3691 609 Τοῦτο

2104 647 2284 699 τοίνυν
2313 645 2471 698 καλεῖ
2495 647 2793 717 μυστήριον
2825 644 2925 715 τῆς
2949 643 3305 713 ἐπαγγελίας.
3344 644 3611 713 Μετείχον
3637 644 3690 695 οἱ

2118 729 2475 801 Ἰσραηλῖται,
2510 732 2873 801 συμμετεῖχον
2902 729 2957 781 δὲ
2992 729 3085 782 καὶ
3119 726 3189 780 τὰ
3222 726 3347 797 ἔθνη
3379 727 3479 796 τῆς
3513 731 3690 795 ἐπαγ-

2107 813 2297 881 γελίας
2330 811 2424 879 τοῦ
2455 812 2616 869 Θεοῦ.
2661 814 2764 869 Ἑν
2808 811 2890 878 τῷ
2917 810 3148 880 Χριστῷ
3177 809 3273 863 διὰ
3304 810 3411 863 τοῦ
3448 811 3694 880 εὐαγγε-

2109 899 2270 952 λίου.
2313 898 2591 962 Τουτέστι,
2632 895 2711 967 τῷ
2780 895 3105 966 πεμφθῆναι
3162 894 3257 947 καὶ
3298 893 3432 963 πρὸς
3472 894 3692 957 αὐτοὺς,

2110 983 2206 1034 καὶ
2256 981 2335 1051 τῷ
2382 981 2671 1035 πιστεῦσαι
2703 997 2717 1011 ·
2755 981 2816 1034 ού
2865 980 2974 1050 γὰρ
3024 979 3234 1042 ἁπλῶς,
3263 976 3416 1043 ἀλλὰ,
3462 978 3561 1030 Διὰ
3586 980 3695 1031 τοῦ

2112 1066 2483 1135 εὐαγγελίου.
2516 1064 2676 1117 Ἀλλά
2695 1063 2853 1117 τοῦτο
2879 1062 2977 1134 μὲν
3000 1062 3151 1116 οὐδὲν
3171 1062 3331 1132 μέγα,
3360 1061 3694 1132 μικρδνγάρ,

2115 1150 2212 1203 καὶ
2246 1149 2375 1202 ἀλλο
2401 1148 2582 1219 μεῖζον
2617 1150 2749 1218 ἡμῖν
2779 1146 3180 1210 ἀποκαλύπτει,
3221 1147 3302 1199 ὅτι
3326 1146 3387 1198 ού
3414 1145 3573 1215 μόνον
3602 1144 3696 1197 ἀν-

2115 1234 2324 1302 θρωποι
2348 1273 2363 1297 ,
2398 1231 2511 1285 ἀλλ’
2542 1232 2663 1285 οὐδὲ
2707 1230 2928 1302 ἄγγελοι
2956 1274 2971 1298 ,
3006 1230 3126 1283 οὐδὲ
3174 1230 3505 1302 ἀρχάγγελοι
3529 1270 3545 1295 ,
3576 1228 3701 1280 οὐδὲ

2116 1316 2248 1386 ἀλλη
2269 1333 2353 1379 τις
2372 1317 2562 1386 κτιστὴ
2599 1315 2826 1386 δύναμις
2846 1316 2964 1387 ᾔδει
2992 1316 3150 1369 τοῦτο
3183 1330 3198 1346 ·
3257 1316 3563 1386 μυστήριον
3591 1313 3702 1382 γὰρ

2114 1395 2183 1470 ἦν
2216 1398 2408 1463 τοῦτο,
2442 1399 2538 1453 καὶ
2590 1400 2691 1453 ούκ
2728 1397 3087 1467 ἀπεκαλύφθη
3119 1397 3247 1453 τινί.
3281 1397 3402 1465 Τὴν
3440 1397 3705 1451 σύνεσίν

2114 1500 2259 1553 μου,
2292 1484 2449 1552 φησὶ,
2511 1482 2756 1551 νοῆσαι.
2799 1482 2970 1536 Τοῦτο
3015 1482 3308 1536 αἰνίττεται
3365 1482 3527 1545 ἴσως,
3557 1480 3586 1533 6
3645 1482 3705 1532 έν

2119 1569 2238 1629 ταῖς
2272 1566 2509 1637 Πράξειν
2540 1561 2695 1621 εἶπεν
2724 1568 2929 1633 αὐτοῖς,
2956 1568 3038 1621 ὅτι
3067 1585 3153 1630 τις
3177 1569 3209 1639 ἡ
3254 1566 3469 1628 σύνεσις
3500 1565 3667 1619 αὐτοῦ
3688 1605 3705 1626 ,

2122 1649 2202 1703 ὅτι
2244 1649 2338 1702 καὶ
2370 1650 2439 1702 τὰ
2471 1650 2597 1721 έθνη
2658 1650 3067 1721 προσκαλεῖται.
3105 1650 3321 1719 Ταύτην
3350 1648 3465 1722 [42]
3509 1649 3705 1702 ἑαυτοῦ

2123 1732 2273 1800 λέγει
2293 1732 2508 1786 σύνεσιν
2536 1734 2638 1803 τὴν
2663 1733 2759 1787 τοῦ
2791 1733 3111 1803 μυστηρίου,
3138 1734 3166 1786 ὃ
3196 1730 3371 1795 εἶπεν,
3397 1733 3479 1786 ὅτι
3506 1735 3565 1787 ὲν
3587 1734 3709 1785 ἐαυο

2127 1815 2207 1886 τῷ
2249 1816 2428 1870 κτίσει
2468 1817 2548 1879 είς
2577 1816 2672 1869 ἕνα
2705 1816 2893 1871 καινὸν
2923 1815 3230 1886 ἄνθρωπον.
3276 1816 3409 1869 Ἀπὸ
3436 1817 3546 1886 γάρ
3572 1817 3712 1869 ἀποο

2126 1900 2413 1970 καλύψεως
2455 1899 2677 1971 ἔμαθεν,
2704 1901 2786 1954 ὅτι
2817 1900 2879 1953 οὐ
2905 1900 2986 1953 δεῖ
3024 1899 3405 1971 βδελύττεσθαι
3453 1900 3522 1952 τὰ
3552 1898 3710 1969 ἔθνη,

2128 1984 2224 2039 καὶ
2257 1978 2411 2049 οὗτος
2438 1985 2532 2038 καὶ
2557 1984 2762 2055 Πέτρος
2790 2000 2802 2013 ·
2834 1984 2930 2037 καὶ
2952 1982 3109 2037 τοῦτο
3128 1985 3186 2037 ὲν
3215 1987 3281 2055 τῇ
3313 1982 3581 2054 ἀπολογίᾳ
3604 1983 3707 2037 αὐ-

2126 2067 2221 2121 τοῦ
2277 2084 2462 2138 φησιν.
2496 2062 2578 2122 υῦ
2610 2066 2908 2135 ἐγενόμην
2948 2065 3230 2131 διάκονος
3288 2067 3438 2120 κατά
3464 2066 3583 2132 τὴν
3604 2065 3716 2117 δω-

2122 2150 2271 2220 ρεὰν
2302 2151 2405 2221 τῆς
2429 2151 2672 2221 χάριτος
2695 2151 2803 2204 τοῦ
2827 2151 2976 2204 Θεοῦ
2996 2150 3110 2219 τὴν
3130 2151 3415 2206 δοθεῖσάν
3432 2169 3535 2219 μοι
3558 2151 3715 2204 κατὰ

2130 2234 2247 2302 τὴν
2293 2234 2599 2304 ἐνέργειαν
2639 2232 2751 2302 τῆς
2789 2233 3101 2302 δυνάμεως
3153 2235 3363 2290 αὑτοῦ.
3405 2230 3593 2298 Εἴπεν,
3630 2234 3718 2287 ὃτι

2132 2319 2366 2388 Δέσμιός
2404 2321 2542 2389 εἰμι,
2565 2318 2702 2371 ἀλλά
2736 2318 2900 2371 πάλιν
2932 2318 2994 2372 τὸ
3030 2318 3148 2372 ὅλον
3187 2317 3352 2372 αὑτοῦ
3379 2315 3522 2373 εἷναί
3541 2337 3715 2391 φησι,

2135 2406 2296 2456 Κατὰ
2347 2399 2464 2470 τὴν
2504 2402 2732 2469 δωρεὰν
2777 2401 2885 2469 τῆς
2922 2400 3162 2472 χάριτος
3216 2404 3427 2468 αὐτοῦ,
3485 2403 3662 2471 λέγων
3697 2419 3713 2433 ·

2134 2486 2278 2539 κατά
2307 2484 2537 2556 δύναμιν
2570 2486 2679 2555 γὰρ
2707 2486 2918 2557 δωρεᾶς
2952 2486 3141 2554 γέγονε
3176 2486 3238 2539 τὸ
3260 2486 3479 2556 ἀξίωμα
3507 2488 3605 2557 τῆς
3631 2503 3718 2539 τι-

2140 2571 2249 2640 μῆς
2265 2568 2492 2637 ταύτης.
2542 2568 2684 2622 Ἀλλ’
2712 2570 2812 2622 οὑκ
2850 2569 3066 2640 ἠρκειὴ
3097 2568 3298 2642 δωρεὰ,
3330 2570 3379 2623 εί
3409 2569 3486 2642 μὴ
3513 2570 3606 2624 καὶ
3624 2568 3722 2625 δύ-

2136 2672 2203 2709 να
2209 2671 2302 2724 μιν
2334 2654 2611 2723 ἐνέθηκεν.

2214 2821 2422 2882 Ὄντως
2471 2820 2583 2894 γὰρ
2638 2820 2922 2891 δυνάμεως
2977 2822 3243 2893 μεγάλης,
3278 2822 3376 2877 καὶ
3407 2824 3509 2877 οὐκ
3561 2824 3728 2896 ἤρκει

2140 2904 2453 2976 ἀνθρωπίνη
2501 2905 2728 2975 σπουδή.
2758 2906 2897 2975 Τρία
2933 2906 3041 2977 γάρ
3090 2908 3406 2978 εἰσήνεγκεν
3428 2909 3510 2971 είς
3535 2908 3598 2960 τὸ
3624 2910 3729 2979 κή-

2146 3005 2354 3060 ρυγμα,
2388 2986 2698 3059 προθυμίαν
2740 2988 2973 3052 ζέουσαν
3023 2989 3117 3041 καὶ
3161 2989 3505 3060 παράϐολον,
3539 2991 3723 3062 ψυχὴν

2144 3075 2255 3127 πᾶν
2300 3072 2480 3126 ὁτιοῦν
2521 3072 2813 3143 ὑπομεῖναι
2846 3073 3064 3142 ἕτοιμον
3088 3112 3104 3133 ,
3135 3073 3232 3126 καὶ
3259 3074 3475 3126 σύνεσιν
3505 3076 3601 3128 καὶ
3631 3093 3725 3128 σο-

2145 3156 2274 3225 φίαν
2303 3170 2319 3184 ⁸
2350 3156 2410 3208 ού
2451 3154 2559 3226 γὰρ
2584 3155 2743 3226 ἤρκει
2765 3154 2825 3207 τὸ
2842 3154 3229 3223 φιλοκίνδυνον,
3265 3159 3293 3209 ό
3319 3156 3434 3226 βίος
3462 3157 3729 3228 ἄληπτος,

2147 3240 2196 3290 εἰ
2233 3238 2307 3310 μὴ
2328 3238 2422 3292 καὶ
2451 3238 2679 3309 δύναμιν
2700 3237 3012 3309 Πνεύματος
3041 3239 3220 3293 ἔλαϐε.
3239 3241 3352 3293 Καὶ
3377 3240 3477 3293 θέα
3503 3241 3601 3295 ἀπ’
3627 3242 3732 3295 αὐ-

2145 3320 2240 3374 τοῦ
2304 3320 2558 3391 πρώτου,
2617 3320 2815 3390 μᾶλλον
2859 3321 2917 3375 δὲ
2959 3323 3125 3376 ἄκουε
3167 3322 3333 3375 αὐτοῦ
3379 3324 3731 3395 γράφοντος·

2150 3406 2284 3460 Ἵνα
2302 3404 2389 3473 μὴ
2416 3403 2667 3473 μωμηθῇ
2697 3406 2735 3473 ἡ
2765 3406 3043 3460 διακονία
3081 3406 3252 3474 ἡμῶν
3274 3421 3289 3436 ⁶
3323 3408 3417 3460 καὶ
3442 3409 3627 3471 πάλιν,
3663 3410 3741 3464 Ἠ

2147 3491 2259 3559 γὰρ
2304 3488 2689 3555 παράκλησις
2724 3488 2898 3558 ἡμῶν
2932 3491 3044 3543 οὑκ
3084 3490 3154 3543 ἐκ
3194 3489 3457 3559 πλάνης,
3492 3492 3639 3546 οὑδὲ
3662 3494 3735 3558 ἐξ

2149 3572 2537 3639 ἀκαθαρσίας.
2592 3573 2729 3626 οὔτε
2776 3573 2848 3627 ἐν
2898 3575 3061 3642 λόγῳ
3103 3576 3445 3640 κολακείας,
3483 3564 3623 3630 οὔτε
3651 3577 3724 3630 ἐν

2150 3655 2449 3725 προφάσει
2512 3656 2892 3722 πλεονεξίας.
2969 3654 3125 3722 Εἶδες
3176 3658 3239 3711 τὸ
3292 3659 3559 3731 ἀμωμον;
3620 3663 3737 3715 Καὶ

2151 3740 2352 3805 πάλιν,
2402 3740 2838 3810 Προνοούμενοι
2901 3741 3097 3806 καλὰ,
3157 3742 3220 3794 ού
3271 3743 3434 3812 μόνον
3489 3742 3733 3797 ἐνώπιον

2152 3824 2382 3893 Κυρίου,
2429 3822 2564 3875 ἀλλά
2601 3824 2693 3876 καὶ
2737 3823 2996 3877 ἐνώπιον
3031 3824 3378 3892 ἀνθρώπων.
3412 3824 3547 3880 Εἶτα
3593 3827 3738 3897 μετά

2152 3907 2347 3970 ταῦτα,
2398 3905 2541 3961 Καθ’
2592 3906 2862 3974 ἑκάστην
2910 3907 3142 3976 ἡμέραν
3199 3910 3592 3979 ἀποθνήσκω,
3651 3912 3733 3979 νὴ

2152 3993 2269 4058 τὴν
2311 3990 2607 4059 ἡμετέραν
2665 3992 3007 4060 καύχησιν,
3074 3990 3155 4059 ἢν
3209 3993 3328 4062 ἔχω
3376 3995 3446 4049 ἐν
3498 3995 3737 4063 Χριστῷ

2167 4076 2371 4144 Ἰησοῦ
2398 4094 2414 4109 ·
2450 4078 2545 4129 καὶ
2590 4076 2777 4139 πάλιν,
2840 4079 2935 4143 Τίς
2995 4076 3156 4146 ἡμᾶς
3194 4081 3437 4148 χωρίσει
3460 4080 3579 4133 ἀπὸ
3620 4080 3737 4149 τῆς

2154 4159 2390 4228 ἀγάπης
2405 4160 2511 4213 τοῦ
2530 4158 2785 4227 Χριστοῦ
2804 4175 2822 4222 ;
2842 4160 3065 4228 θλῖψις,
3083 4161 3121 4229 ἢ
3140 4165 3527 4230 στενοχωρία,
3545 4163 3583 4231 ἢ
3607 4162 3741 4217 διω-

2150 4243 2298 4311 γμός
2310 4258 2328 4305 ;
2342 4242 2434 4295 καὶ
2448 4242 2611 4295 πάλιν
2626 4283 2639 4307 ,
2658 4242 2762 4297 Ἐν
2792 4242 3069 4312 ὑπομονῇ
3083 4244 3307 4313 πολλῇ,
3332 4245 3403 4298 ἐν
3421 4247 3734 4313 θλίψεσιν,

2151 4325 2562 4395 ἑνάνάγκαις,
2612 4325 2681 4378 ἐν
2718 4324 3014 4394 διωγμοῖς,
3054 4326 3124 4379 ἐν
3163 4329 3632 4396 στενοχωρίαις,
3664 4330 3738 4382 ἐν

2154 4407 2438 4477 πληγαῖς,
2455 4408 2525 4461 ἐν
2535 4408 2824 4477 φυλακαῖς
2840 4426 2852 4438 ·
2868 4405 3001 4461 Εἶτα
3017 4411 3049 4480 ὴ
3065 4411 3345 4480 οἰκονομία
3359 4410 3525 4464 αὑτοῦ
3536 4430 3547 4441 ·
3560 4413 3742 4479 Γέγο-

2153 4516 2233 4553 να
2258 4500 2381 4566 τοῖς
2421 4500 2732 4566 Ἰουδαίοις
2761 4502 2836 4565 ὠς
2863 4501 3169 4567 Ἰουδαῖος,
3207 4501 3334 4567 τοῖς
3378 4503 3628 4570 ἀνόμοις
3654 4504 3739 4569 ὼς

2155 4582 2399 4653 ἄνομος,
2433 4582 2557 4647 τοῖς
2587 4583 2707 4638 ὑπὸ
2739 4585 2927 4653 νόμον
2952 4585 3032 4649 ὼς
3059 4585 3180 4639 ὑπὸ
3210 4587 3418 4655 νόμον·
3444 4586 3540 4639 καὶ
3568 4585 3740 4657 ξυρᾶ-

2155 4684 2266 4731 ται,
2300 4666 2394 4719 καὶ
2434 4666 2606 4735 μυρία
2642 4670 2804 4721 ποιεῖ.
2844 4667 2917 4720 T6
2962 4667 3020 4720 δὲ
3058 4670 3277 4723 πάντων
3322 4669 3642 4738 κεφάλαιον,
3677 4672 3741 4723 ὲν

2156 4749 2383 4819 δυνάμει
2410 4750 2727 4819 Πνεύματος
2751 4751 2927 4819 ἁγίου.
2973 4752 3055 4805 Οὑ
3088 4752 3198 4820 γὰρ
3227 4752 3510 4821 τολμήσω
3547 4753 3742 4820 λαλῆ-

2157 4835 2266 4887 σαί
2302 4850 2381 4896 τι,
2435 4835 2621 4904 φησὶν,
2647 4829 2735 4886 ὧν
2784 4836 2855 4888 οὑ
2890 4834 3319 4903 κατειργάσατο
3368 4839 3624 4905 Χριστὸς
3661 4837 3741 4891 δι’

2157 4915 2336 4985 ἐμοῦ·
2373 4918 2469 4969 καὶ
2494 4917 2657 4971 πάλιν
2677 4959 2692 4983 ,
2733 4918 2795 4971 Τί
2829 4917 2940 4986 γάρ
2961 4918 3151 4984 ἐστιν,
3186 4917 3218 4971 6
3248 4920 3547 4988 ἡττήθητε
3584 4922 3742 4988 ὑπὲρ

2160 5000 2266 5063 τὰς
2307 5000 2523 5064 λοιπὰς
2569 5000 2971 5067 Ἐκκλησίας;
3010 5002 3104 5053 καὶ
3142 5002 3326 5067 πάλιν,
3380 5003 3577 5056 οὐδὲν
3628 5004 3743 5071 γὰρ

2160 5080 2470 5149 ὑστέρησα
2492 5080 2611 5134 τῶν
2638 5082 2935 5148 ὑπερλίαν
2960 5083 3340 5151 ἀποστόλων,
3365 5088 3418 5139 εί
3433 5085 3531 5137 καὶ
3558 5085 3745 5139 οὐδέν

2160 5165 2297 5229 εἰμι.
2328 5162 2543 5215 Τούτων
2564 5163 2670 5235 γάρ
2701 5165 2830 5219 ἄνευ
2856 5164 2917 5226 οὐ
2945 5165 3189 5219 δυνατόν.
3218 5168 3293 5219 Ού
3322 5167 3411 5221 διὰ
3438 5166 3510 5220 τὰ
3538 5172 3746 5238 σημεῖα

2162 5241 2255 5298 οὖν
2286 5245 2450 5299 αὐτοῦ
2478 5246 2725 5313 ἐγένοντο
2762 5247 2972 5301 πιστοί·
3010 5249 3071 5301 οὐ
3104 5247 3211 5319 γάρ
3240 5248 3310 5302 τὰ
3341 5254 3543 5321 σημεῖα
3582 5251 3746 5304 τοῦτο

2164 5328 2376 5381 ἐποίει·
2404 5329 2524 5381 οὐδὲ
2562 5329 2668 5381 ἀπὸ
2700 5330 2903 5383 τούτων
2958 5329 3112 5401 ἠξίου
3159 5332 3302 5401 μέγα
3342 5335 3583 5402 φρονεῖν,
3627 5333 3745 5386 ἀλλ’

2165 5413 2274 5466 ἀπὸ
2305 5412 2414 5465 τῶν
2435 5412 2630 5467 ἀλλων.
2664 5417 2755 5465 Δεῖ
2775 5414 2884 5485 γάρ
2910 5416 3004 5467 καὶ
3030 5414 3271 5477 ἄληπτον
3303 5412 3441 5469 εἶναι
3482 5419 3577 5469 καὶ
3598 5419 3747 5471 οἰκο-

2164 5496 2386 5565 νομικὸν
2412 5497 2505 5548 καὶ
2544 5495 2911 5565 ῥιψοκίνδυνον
2939 5497 3035 5549 καὶ
3066 5497 3392 5552 διδακτικόν.
3426 5499 3650 5562 Τούτοις
3683 5500 3747 5554 τὸ

2166 5578 2328 5631 πλέον
2362 5577 2643 5648 κατώρθου
2664 5596 2679 5611 ·
2713 5581 2761 5632 εί
2786 5580 2959 5633 ταῦτα
2985 5575 3074 5649 ἦν,
3106 5581 3259 5634 οὐδὲν
3286 5593 3307 5621 ε
3334 5583 3440 5636 ἔδει
3474 5584 3743 5655 σημείων.

2232 5824 2253 5854 α
2284 5822 2415 5872 Unus
2438 5823 2612 5884 codex,
2640 5826 2676 5874 εἰ
2702 5826 2851 5876 ταῦτα
2873 5827 2928 5885 ἦν
2956 5829 3002 5884 ἐξ
3026 5830 3192 5893 ἀρχῆς,
3215 5832 3367 5881 οὐδέν·
