4060 6400
342 385 413 441 £5
914 418 915 421 η
1226 376 1288 430 IN
1328 374 1537 429 EPIST.
1579 372 1671 425 AD
1711 364 1928 423 EPHES

345 500 507 554 mittit
549 496 741 552 vinciri
764 511 861 567 pro
886 494 1038 549 vobis
1088 493 1354 563 gentibus".
1384 491 1567 559 Magna
1595 482 1865 555 emphasis
1896 500 1909 536 :

344 592 453 647 Vos
480 606 588 645 non
612 591 783 644 solum
807 604 912 642 non
960 584 1346 647 abominamur,
1390 581 1482 635 sed
1514 581 1671 633 etiam
1703 584 1916 645 propter

346 703 462 751 vos,
504 672 692 756 inquit,
726 684 1013 742 vincimur.
1043 690 1096 735 et
1125 695 1223 749 ego
1271 686 1468 731 tantam
1517 674 1744 742 adeptus
1798 685 1915 723 smn

346 780 590 848 gratiam.
619 777 673 830 2.
722 775 782 831 Si
804 785 968 828 tamen
1013 772 1245 825 audiistis
1293 769 1713 835 dispensationem
1744 762 1920 833 gratia:

347 870 444 923 Dei
471 885 583 936 quae
604 869 722 921 data
748 878 819 921 est
841 867 965 919 mihi
984 867 1035 916 in
1056 864 1214 916 vobis.
1264 860 1435 914 lnuuit
1476 855 1875 926 prmdictionetn
1903 890 1920 917 ,

345 976 463 1030 qua:
494 960 558 1012 de
583 961 697 1028 ipso
716 956 960 1011 Damasci
990 954 1126 1013 facta
1153 963 1234 1005 est
1262 950 1501 1011 Ananiaa,
1533 946 1747 1016 quando
1769 944 1919 997 dice-

345 1050 436 1105 bat
462 1069 475 1105 :
510 1050 667 1116 Vade,
687 1051 925 1120 quoniam
950 1064 1036 1101 vas
1067 1045 1319 1099 electionis
1343 1044 1465 1095 mihi
1490 1051 1560 1094 est
1584 1040 1696 1103 iste,
1728 1049 1782 1090 ut
1806 1053 1922 1104 por-

346 1154 413 1197 tet
443 1161 621 1198 nomen
642 1160 807 1195 nteant
836 1158 1007 1195 coram
1030 1139 1255 1210 gentibus
1278 1154 1337 1188 ac
1362 1135 1559 1202 regibus
1577 1133 1710 1203 (Act.
1728 1130 1778 1186 9.
1807 1129 1915 1200 15).

348 1236 808 1305 Dispensationem
839 1232 1024 1301 gratiae
1051 1230 1181 1284 dicit
1225 1225 1629 1282 revelationem.
1662 1223 1773 1276 lloc
1811 1230 1915 1285 est,

347 1327 465 1383 Non
485 1327 644 1382 didici
666 1327 734 1380 ab
760 1326 1014 1380 homine:
1043 1334 1097 1378 et
1121 1322 1366 1391 dignatus
1392 1328 1474 1372 est
1504 1316 1657 1379 mihi,
1688 1329 1807 1368 cum
1839 1326 1924 1366 es-

348 1437 461 1474 sem
493 1435 650 1483 unus,
685 1420 929 1473 revelare
959 1425 1177 1486 propter
1200 1429 1293 1467 vos
1319 1432 1331 1467 :
1362 1411 1387 1463 1
1395 1429 1482 1479 pse
1502 1410 1644 1465 enim
1663 1450 1678 1473 ,
1706 1406 1877 1475 inquit
1904 1445 1919 1468 ,

349 1512 473 1564 mihi
520 1511 645 1565 dixit
668 1526 686 1563 :
723 1508 862 1561 Vade
883 1551 899 1575 ,
930 1507 1167 1578 quoniam
1191 1516 1237 1558 te
1265 1505 1331 1556 ad
1353 1512 1519 1573 gentes
1542 1500 1718 1568 procul
1742 1514 1922 1550 amau-

350 1602 480 1655 dabo
508 1604 526 1671 (
550 1603 663 1654 Act.
692 1600 783 1654 22.
814 1600 876 1653 9.1
907 1600 945 1667 ).
976 1595 1444 1667 Dispensationem
1468 1594 1545 1647 sic
1572 1602 1718 1646 recte
1746 1590 1880 1645 dixit
1908 1604 1922 1643 :

350 1702 465 1746 erat
490 1692 634 1746 enim
665 1707 853 1760 magna
886 1688 1235 1756 diSpensatio,
1268 1702 1389 1739 eum
1424 1684 1512 1753 qui
1540 1682 1760 1736 minime
1809 1694 1928 1735 cre-

348 1786 507 1840 debat
534 1802 564 1839 a
590 1786 798 1852 superis
824 1797 1015 1836 vocare
1040 1792 1095 1835 et
1123 1780 1301 1834 dicere
1334 1794 1347 1830 :
1382 1777 1560 1837 Saule,
1594 1774 1774 1841 Saule,
1806 1772 1928 1838 quid

349 1896 431 1932 me
458 1876 936 1949 persequeris(Act.
971 1874 1024 1929 9.
1050 1874 1083 1927 4
1112 1873 1176 1943 )?
1209 1882 1263 1926 et
1308 1886 1502 1924 arcana
1535 1869 1620 1922 illa
1646 1869 1761 1922 luce
1803 1882 1927 1921 eum

350 1970 655 2023 excwcare."
677 1967 738 2023 Si
770 1978 936 2020 tamen
985 1965 1221 2018 audiistis
1270 1962 1699 2031 dispensationem
1743 1958 1921 2029 gratia:

349 2058 469 2125 Dei,
500 2075 613 2126 qua:
632 2059 754 2111 data
779 2066 849 2111 est
876 2057 997 2110 mihi
1026 2058 1077 2109 in
1104 2056 1261 2119 vobis,
1292 2055 1346 2109 5.
1375 2052 1510 2123 quod
1538 2051 1811 2106 secundum
1835 2066 1916 2103 re-

353 2152 650 2205 velationem
695 2161 869 2203 uotum
893 2149 1016 2201 mihi
1044 2152 1237 2218 factum
1264 2156 1336 2199 est
1381 2154 1774 2208 sacramentum,
1803 2144 1931 2196 sicut

357 2263 515 2315 supra
542 2245 722 2311 scripsi
751 2245 803 2296 iu
826 2243 978 2295 brevi.
1009 2241 1261 2295 Fortasse
1288 2254 1382 2307 per
1426 2237 1636 2305 aliquos
1663 2234 1933 2303 signifies-

356 2336 467 2399 \it;
516 2346 605 2390 aut
652 2351 757 2390 non
811 2336 978 2387 multo
1028 2342 1185 2386 antea
1236 2332 1544 2399 scripserat.
1574 2329 1671 2383 Hic
1696 2326 1935 2381 ostendit

354 2427 494 2497 quod
545 2427 852 2482 universum
875 2425 1079 2490 sitDei,
1104 2423 1241 2493 quod
1291 2421 1422 2475 nihil
1461 2421 1753 2475 attulimus.
1797 2417 1931 2484 Quid

358 2520 525 2586 cutim,
549 2517 887 2589 dic,quacso?
914 2534 1018 2571 non
1049 2518 1163 2585 ipse
1189 2529 1413 2585 magnus
1431 2513 1520 2567 ille
1544 2512 1737 2566 Paulus
1763 2522 1813 2565 et
1835 2510 1929 2563 ad-

357 2610 654 2674 mirandus,
684 2610 775 2679 qui
800 2611 971 2679 legem
998 2608 1204 2669 didicit,
1235 2606 1322 2675 qui
1354 2604 1419 2658 ad
1443 2604 1606 2673 pedes
1628 2601 1935 2657 Gamalielis

358 2715 545 2761 exacte
574 2704 943 2765 fuiteruditus,
971 2703 1138 2772 gratia
1169 2700 1267 2755 fuit
1293 2700 1511 2753 salvus?
1540 2698 1651 2752 Hoc
1676 2698 1797 2765 jure
1822 2712 1938 2767 my-

361 2797 581 2850 sterium
604 2803 793 2849 vocat:
825 2794 918 2847 Est
944 2795 1082 2847 enim
1105 2792 1437 2863 mysterium,
1459 2790 1598 2861 quod
1625 2800 1811 2860 gentes
1836 2800 1938 2841 sta-

361 2888 454 2940 tim
480 2886 545 2940 ad
565 2886 818 2954 majorem
848 2884 1496 2949 deduxeritnobilitatem,
1523 2897 1681 2952 quam
1700 2881 1934 2934 Judazos.

362 2975 511 3032 Sicut
533 2994 709 3048 supra,
740 2976 930 3046 inquit,
960 2977 1140 3045 scripsi
1169 2976 1221 3028 in
1248 2975 1403 3039 brevi,
1434 2974 1486 3027 id
1512 2982 1613 3038 est,
1647 2974 1848 3042 paucis.
1880 2974 1935 3026 4.

362 3066 525 3120 Prout
572 3069 773 3136 potestis
818 3068 1038 3137 legentes
1078 3066 1375 3137 intelligere.
1402 3066 1558 3135 Papa:
1587 3066 1601 3118 !
1632 3081 1735 3119 non
1770 3074 1936 3117 tntqu

362 3161 654 3223 scribebat.
684 3176 858 3228 neque
908 3169 1167 3230 quantum
1199 3158 1438 3214 scribere
1489 3157 1791 3226 Oportebat.
1834 3155 1940 3209 Sed

366 3251 453 3306 hic
478 3252 690 3322 quidem
726 3251 826 3306 hoc
849 3251 1078 3307 faciebat
1116 3253 1195 3306 rei
1221 3261 1431 3315 natura,
1488 3250 1612 3303 alibi
1642 3260 1819 3304 autem
1863 3248 1939 3301 vi-

366 3344 520 3406 tinm,
550 3344 689 3396 sicut
709 3342 849 3411 apud
901 3343 1174 3405 Hebraeos,
1231 3342 1367 3395 sicut
1417 3338 1557 3408 apud
1610 3338 1939 3392 Corinthios.

370 3438 529 3492 Prout
557 3438 763 3506 potestis
788 3440 1003 3506 legentes
1028 3436 1307 3505 intelligere
1334 3435 1654 3505 prudentiam
1702 3451 1862 3487 meam
1889 3434 1944 3486 in

367 3530 609 3599 mysterio
638 3526 845 3582 Christi.
872 3528 926 3581 ld
949 3537 1053 3591 est,
1077 3526 1346 3596 quomodo
1385 3527 1641 3595 concepi,
1676 3525 1944 3595 quomodo

367 3620 604 3675 intellexi
631 3662 646 3684 ,
675 3628 769 3674 aut
812 3619 1113 3687 hujusmodi
1158 3634 1277 3689 quae,
1307 3619 1447 3673 dixit
1495 3620 1652 3685 Deus,
1680 3628 1771 3672 aut
1798 3618 1940 3689 quod

368 3711 863 3767 sedeatadextris.
917 3710 1121 3765 Deinde
1174 3712 1335 3764 etiam
1393 3711 1747 3779 dignitatem,
1802 3711 1943 3781 quod

370 3806 493 3861 Non
522 3808 594 3860 sic
621 3807 740 3876 fecit
782 3803 919 3857 Deus
961 3804 1099 3857 omni
1137 3803 1290 3874 genti.
1337 3802 1405 3856 Et
1434 3818 1677 3871 quamam
1718 3803 1787 3856 sit
1814 3819 1948 3873 gens

367 3900 453 3954 cui
474 3898 553 3952 sic
577 3896 704 3952 fecit
737 3897 876 3950 Deus
898 3896 1198 3959 declarans,
1224 3894 1498 3964 subjungit
1528 3912 1542 3947 :
1573 3895 1625 3948 5.
1662 3894 1812 3960 Quod
1832 3893 1950 3949 aliis

369 3990 792 4062 generationibus,
819 3989 1008 4056 inquit,
1028 4004 1127 4040 non
1147 3997 1218 4039 est
1238 3988 1467 4057 agnitum
1494 3987 1616 4052 [iliis
1638 3987 1899 4039 hominum
1928 4028 1946 4054 ,

370 4082 521 4138 sicuti
547 4098 682 4134 nunc
700 4079 975 4134 revelatum
1014 4090 1086 4133 est
1113 4080 1301 4133 sanctis
1348 4081 1591 4150 apostolis
1617 4081 1725 4149 ejus
1756 4090 1801 4133 et
1832 4096 1950 4149 pro-

372 4174 536 4244 phetis
555 4175 609 4226 in
640 4173 858 4243 Spiritu.
882 4171 1018 4238 Quid
1063 4186 1221 4241 ergo,
1267 4171 1353 4225 die
1396 4172 1544 4235 mihi,
1606 4188 1709 4226 non
1760 4182 1952 4228 norant

372 4264 686 4336 prOphetae?
714 4263 992 4331 Quomodo
1021 4279 1149 4332 ergo
1194 4263 1325 4318 dicit
1349 4262 1592 4318 Christus
1614 4306 1629 4329 ,
1659 4264 1868 4335 Moyses
1899 4274 1954 4319 et

376 4360 649 4430 propheta!
680 4358 794 4413 lucc
818 4358 886 4413 de
898 4374 983 4412 me
1007 4357 1369 4426 scripserunt?
1391 4368 1444 4412 et
1471 4374 1677 4422 rursus,
1705 4358 1767 4413 Si
1788 4361 1952 4413 credi-

376 4451 573 4504 dissetis
601 4448 786 4521 Moysi,
823 4448 1159 4502 credidissetis
1173 4458 1218 4501 et
1246 4449 1409 4501 mihi?
1434 4459 1487 4502 et
1513 4464 1716 4512 rursus,
1738 4450 1954 4504 Scruta-
1996 4472 1999 4476 ·

377 4544 503 4595 mini
533 4542 844 4611 Scripturas,
872 4540 990 4610 quia
1007 4556 1091 4593 vos
1109 4541 1296 4609 putatis
1317 4540 1368 4592 in
1395 4540 1516 4608 ipsis
1542 4540 1694 4591 vitam
1715 4551 1953 4594 cateruam

378 4634 582 4695 habere;
605 4643 652 4686 et
676 4633 778 4685 illa:
800 4642 917 4684 sunt
966 4647 1077 4702 qua:
1112 4631 1453 4684 testimonium
1500 4631 1756 4705 perhibent
1782 4632 1843 4685 de
1876 4649 1954 4685 me

380 4729 559 4798 (Joan.
588 4728 641 4782 5.
668 4727 757 4781 46.
788 4726 879 4786 59)
905 4726 927 4777 ?
954 4728 1061 4779 Aut
1087 4724 1189 4779 hoc
1212 4727 1338 4778 dicit
1362 4766 1376 4791 ,
1415 4726 1554 4794 quod
1585 4742 1686 4780 non
1706 4728 1953 4782 omnibus

381 4819 479 4875 fuit
510 4821 803 4873 revelatum
830 4836 843 4882 ;
868 4816 1073 4870 addidit
1100 4818 1239 4870 enim
1262 4834 1273 4868 :
1305 4816 1450 4883 Quod
1479 4818 1593 4869 aliis
1614 4820 1955 4887 generationi-

384 4916 471 4968 bus
488 4930 585 4965 non
612 4921 681 4965 est
709 4912 935 4982 agnitum
958 4910 1078 4977 ﬁliis
1106 4910 1386 4973 hominum,
1414 4920 1466 4961 ut
1488 4926 1617 4962 nunc
1641 4911 1735 4979 fuit
1761 4912 1955 4964 revela-

383 5018 489 5060 tum
521 5024 539 5059 :
575 5014 667 5059 aut
688 5004 829 5075 quod
857 5020 960 5056 non
989 5004 1068 5056 sic
1096 5002 1197 5055 fuit
1242 5003 1513 5071 cognitum
1558 5002 1717 5056 rebus
1756 5004 1883 5071 ipsis
1906 5014 1959 5057 et

384 5096 557 5164 factis,
590 5096 657 5151 Ut
684 5112 818 5149 nunc
842 5094 1113 5148 revelatum
1144 5092 1236 5160 fuit
1258 5092 1442 5145 sanctis
1477 5090 1719 5160 apostolis
1768 5093 1877 5161 ejus
1913 5103 1957 5146 et

385 5194 642 5264 praphetis
670 5191 722 5244 in
748 5188 968 5258 Spiritu.
987 5185 1279 5240 Considera
1306 5185 1447 5237 enim
1482 5201 1495 5237 :
1523 5184 1715 5237 Petrus
1742 5185 1840 5238 nisi
1866 5201 1961 5237 au-

389 5285 609 5338 divisset
636 5298 666 5335 a
694 5280 913 5349 Spiritu,
972 5292 1076 5331 non
1131 5275 1401 5345 profectus
1461 5283 1606 5328 esset
1644 5274 1709 5328 ad
1753 5287 1955 5344 gentes.

388 5377 523 5432 Audi
550 5376 692 5429 enim
718 5372 842 5443 quid
870 5371 1015 5424 dicat
1038 5387 1050 5421 :
1074 5368 1215 5437 Ergo
1243 5366 1391 5420 Dedit
1418 5364 1521 5418 illis
1545 5364 1683 5418 Deus
1712 5365 1961 5436 Spiritum

390 5477 615 5523 sanctum
660 5465 789 5518 sicut
808 5472 853 5516 et
878 5462 1019 5515 nobis
1044 5457 1179 5532 (Act.
1213 5459 1299 5512 11.
1329 5458 1459 5521 l7);
1493 5455 1594 5508 hoc
1625 5466 1726 5518 est,
1759 5456 1808 5508 in
1846 5456 1965 5525 Spi-

394 5566 495 5617 ritu
520 5600 535 5624 ,
562 5558 687 5628 quia
716 5572 810 5627 per
833 5555 1093 5625 Spiritum
1119 5553 1363 5623 dignatus
1380 5559 1462 5604 est
1484 5552 1621 5604 Deus
1652 5560 1706 5603 ut
1730 5551 1829 5619 ipsi
1874 5566 1964 5605 ac-

394 5658 635 5724 cipereut
660 5651 903 5721 gratiam.
949 5651 1124 5717 Atque
1147 5646 1397 5700 dicebant
1417 5643 1629 5713 quidem
1656 5642 1960 5713 pmpltetaz;

394 5748 486 5803 sed
517 5763 619 5801 non
671 5745 813 5799 adeo
847 5752 1033 5798 exacte
1083 5748 1379 5799 noverant,
1427 5753 1545 5790 cum
1593 5753 1691 5792 nec
1737 5736 1963 5806 apostoli

398 5842 608 5909 quidem
640 5849 918 5911 postquam
945 5834 1307 5900 audivissent;
1342 5833 1624 5887 humanam
1654 5831 1796 5887 enim
1841 5829 1956 5885 ba:c

1936 406 1948 419 .
1989 365 2140 421 CAP.
2183 363 2270 422 Ill.
2311 366 2543 422 HOMIL.
2587 367 2677 423 νι.
3529 367 3597 422 ιϐ

2030 483 2294 537 rationem
2320 493 2375 539 et
2395 499 2545 553 spem
2596 498 2935 538 communem
2962 483 3117 553 longe
3143 484 3484 553 superabant.
3539 486 3595 540 6.

2027 573 2155 629 Esse
2172 586 2340 645 gentes
2359 576 2627 630 coheredes
2652 584 2698 629 et
2721 576 3109 645 concorporales
3138 586 3184 629 et
3212 578 3595 644 comparticipes

2028 682 2398 734 promissionis.

2097 756 2149 810 5.
2177 756 2312 821 Quid
2341 766 2440 821 est,
2466 757 2746 811 Coheredes
2774 768 2822 810 et
2845 758 3228 826 comparticipes
3256 757 3602 812 promissionis

2027 854 2072 898 et
2093 848 2477 916 concorporales
2507 847 2534 900 .9
2563 847 2673 901 Hoc
2698 856 2782 901 est
2819 862 3086 915 magnum,
3117 847 3256 915 quod
3301 863 3462 900 unum
3494 846 3598 901 sint

2027 952 2245 1007 corpus,
2275 938 2417 1007 quod
2448 954 2636 1008 magna
2663 940 3051 1009 propinquitas.
3081 939 3214 993 Nam
3234 938 3377 1009 quod
3403 953 3601 992 vocan-

2027 1030 2109 1085 d:e
2129 1032 2343 1101 quidem
2370 1042 2551 1087 essent
2573 1074 2588 1096 .
2613 1042 2899 1096 noverant;
2930 1018 3071 1102 quod
3098 1032 3163 1087 ad
3190 1034 3303 1087 btec
3326 1031 3599 1097 vocandae,

2028 1138 2136 1178 non
2161 1125 2289 1179 item
2316 1143 2330 1178 :
2359 1125 2461 1179 hoc
2487 1126 2631 1179 enim
2653 1135 2807 1181 vocat
2849 1126 3162 1197 mysterium
3207 1124 3601 1194 promissionis.

2028 1217 2323 1287 Participes
2347 1228 2501 1270 erant
2533 1217 2808 1285 Israeliue,
2836 1217 3245 1286 comparticipes
3268 1224 3419 1269 erant
3443 1215 3607 1269 etiam

2028 1317 2216 1374 gentes
2240 1307 2613 1376 promissiOuis
2659 1308 2771 1361 Dei.
2818 1306 2885 1360 In
2929 1306 3129 1360 Christo
3157 1323 3245 1376 per
3270 1307 3603 1376 evangelium.

2031 1396 2144 1451 Hoc
2163 1406 2262 1462 est,
2297 1398 2438 1467 quod
2482 1407 2535 1451 et
2558 1397 2624 1452 ad
2652 1399 2796 1466 ipsos
2819 1399 3037 1451 missum
3067 1399 3158 1462 sit,
3187 1407 3241 1450 et
3266 1397 3407 1467 quod
3434 1396 3609 1450 credi-

2035 1492 2212 1546 derint
2242 1509 2255 1545 :
2285 1507 2389 1545 non
2422 1492 2565 1547 enim
2608 1502 2925 1562 utcumque.
2969 1491 3083 1555 sed,
3116 1491 3220 1544 Pcr
3270 1492 3605 1561 evangelium.

2030 1583 2136 1638 Sed
2166 1584 2266 1636 hoc
2292 1584 2507 1654 quidem
2538 1583 2670 1638 nihil
2700 1595 3073 1653 estmagnum;
3104 1598 3322 1651 parvum
3344 1584 3483 1637 enim
3502 1592 3605 1648 est;

2031 1685 2086 1731 et
2114 1676 2255 1729 aliud
2279 1676 2451 1745 majus
2475 1676 2629 1730 nobis
2660 1675 2880 1740 revelat,
2916 1674 3055 1744 quod
3082 1691 3185 1729 non
3226 1675 3397 1728 solum
3437 1674 3609 1727 homi-

2033 1784 2149 1834 nes,
2179 1769 2272 1822 sed
2302 1784 2401 1823 nec
2425 1769 2600 1839 angeli
2630 1784 2730 1824 nec
2774 1769 3100 1838 archangeli,
3148 1768 3241 1823 sed
3265 1784 3361 1823 nec
3382 1769 3483 1822 ulla
3505 1769 3607 1823 alia

2034 1870 2271 1929 p0Iestas
2295 1871 2477 1915 creata
2528 1861 2630 1916 hoc
2681 1871 2900 1915 noverat
2926 1880 2939 1915 :
2967 1861 3068 1916 hoc
3095 1861 3237 1915 enim
3267 1870 3383 1915 erat
3408 1871 3609 1931 myste-

2034 1951 2194 2016 rium,
2225 1962 2411 2007 etnon
2466 1962 2585 2008 erat
2632 1954 2879 2022 cuiquam
2930 1953 3246 2008 revelatum.
3279 1946 3611 2006 Prudentium

2035 2064 2219 2113 meam,
2246 2048 2433 2116 inquit,
2476 2048 2775 2117 intelligere.
2826 2045 3079 2100 Fortasse
3130 2045 3335 2107 innuit,
3364 2044 3503 2114 quod
3530 2044 3610 2098 eis

2037 2138 2175 2192 dixit
2218 2139 2268 2192 in
2299 2139 2486 2203 Actis,
2517 2138 2657 2207 quod
2689 2137 2760 2192 sit
2789 2138 2904 2206 ejus
2931 2136 3176 2206 qutedam
3207 2136 3558 2205 intelligentia
3592 2175 3608 2197 ,

2037 2241 2094 2285 ut
2129 2232 2288 2285 etiam
2331 2240 2517 2301 gentes
2544 2238 2715 2284 vocet.
2743 2229 2890 2283 llanc
2914 2243 3065 2282 suam
3095 2227 3225 2282 dicit
3274 2227 3611 2295 prudentiam

2036 2323 2298 2393 mysterii,
2328 2322 2492 2391 quod.
2512 2321 2664 2387 dixit,
2693 2320 2838 2391 quod
2867 2320 2918 2373 in
2942 2320 3122 2389 seipse
3147 2318 3341 2372 condet
3368 2318 3422 2371 in
3449 2332 3611 2369 unum

2040 2433 2234 2470 novum
2288 2415 2580 2469 hominem.
2615 2417 2654 2469 A
2684 2414 3012 2469 revelatione
3057 2411 3198 2467 enim
3243 2411 3429 2465 didicit
3471 2409 3613 2479 quod

2040 2526 2145 2563 non
2197 2517 2442 2578 oporteat
2485 2518 2672 2579 gentes
2724 2505 3040 2571 abominari,
3072 2514 3126 2559 et
3155 2506 3269 2574 ipse
3297 2514 3348 2559 et
3378 2503 3568 2557 Petrus
3596 2519 3610 2550 :

2041 2602 2143 2654 hoc
2166 2601 2296 2655 dicit
2322 2602 2374 2654 in
2397 2615 2497 2654 sua
2524 2599 2859 2654 defensione.
2899 2599 2951 2651 7.
2977 2598 3134 2662 (iuius
3184 2599 3347 2667 factus
3387 2611 3499 2647 sum
3523 2609 3615 2663 ego

2040 2694 2267 2746 minister
2290 2692 2568 2745 secundum
2622 2690 2812 2743 donum
2853 2688 3031 2759 gratia:
3072 2687 3191 2752 Dei,
3220 2702 3331 2757 quae
3378 2687 3500 2738 data
3544 2694 3617 2738 est

2043 2786 2167 2839 mihi
2197 2783 2472 2838 secundum
2497 2784 2839 2850 Operatiouem
2866 2780 3062 2832 virtutis
3091 2779 3219 2848 ejus.
3249 2776 3389 2830 Dixit
3415 2792 3471 2829 se
3494 2791 3617 2830 esse

2040 2878 2297 2941 vinctum,
2326 2875 2418 2929 sed
2445 2890 2628 2929 rursus
2657 2882 2820 2926 totum
2860 2872 2976 2941 ejus
3002 2884 3120 2925 esse
3137 2869 3300 2932 dicit;
3330 2867 3621 2922 Secundum

2043 2970 2233 3022 donum
2259 2968 2439 3038 gratia:
2486 2968 2628 3035 ejus,
2677 2964 2968 3033 inquiens:
3019 2959 3314 3016 secundum
3366 2946 3625 3011 virtutem

2043 3063 2189 3117 enim
2216 3076 2280 3115 ac
2306 3069 2625 3129 potestatem
2654 3058 2778 3112 doni
2808 3057 2906 3111 fuit
2930 3056 3159 3125 dignitas
3188 3052 3346 3122 hujus
3378 3050 3617 3104 honoris.

2046 3157 2153 3213 Sed
2180 3173 2283 3211 non
2306 3153 2607 3210 sull‘ecissct
2633 3152 2835 3207 donum
2864 3192 2878 3216 ,
2909 3150 3010 3204 nisi
3041 3148 3116 3202 illi
3148 3146 3433 3200 indidisset
3456 3144 3623 3199 virtu—

2045 3261 2151 3306 tem
2181 3265 2241 3303 ac
2275 3256 2588 3317 potestatem
2599 3284 2613 3297 .

2117 3342 2273 3396 Pauli
2300 3338 2763 3393 virtus.—Revcra
2795 3336 2936 3391 enim
2965 3350 3171 3404 magna).
3201 3333 3298 3387 fuit
3322 3333 3535 3386 virtutis
3559 3346 3624 3385 ac

2046 3434 2353 3505 potestatis;
2385 3446 2486 3485 nec
2516 3429 2745 3483 humana
2775 3429 3069 3483 sufficiebat
3097 3426 3365 3497 diligentia
3392 3434 3446 3478 et
3472 3426 3625 3478 indu-

2048 3527 2199 3580 stria.
2228 3522 2351 3577 Tria
2377 3522 2520 3574 enim
2566 3520 2743 3573 attulit
2767 3519 2833 3571 ad
2875 3519 3305 3587 prmdicationem
3349 3534 3363 3567 :
3409 3514 3621 3568 ferven-

2050 3627 2156 3671 tem
2187 3624 2241 3668 et
2268 3613 2523 3667 audacem
2556 3611 2719 3663 animi
2767 3609 3097 3661 alacritatem
3124 3648 3138 3670 ,
3193 3616 3246 3660 et
3284 3606 3348 3659 ad
3400 3606 3625 3674 quodvis

2050 3704 2419 3763 sustinendum
2457 3712 2695 3773 paratam
2734 3701 2965 3754 animam
2992 3741 3007 3764 ,
3040 3708 3094 3752 et
3124 3698 3525 3767 intelligentiam
3564 3713 3627 3751 ac

2050 3799 2367 3870 sapientiam
2401 3814 2414 3849 :
2446 3811 2551 3849 non
2582 3793 2882 3847 sufﬁciebat
2923 3793 3063 3845 enim
3093 3790 3334 3843 lubenter
3358 3789 3504 3843 adire
3535 3804 3627 3858 pe-

2050 3895 2237 3960 ricula,
2262 3895 2366 3947 vita
2394 3891 2619 3960 inquam
2640 3904 2742 3942 non
2764 3887 2987 3941 cadebat
3014 3884 3377 3953 reprehensio,
3400 3885 3500 3937 nisi
3524 3884 3629 3935 vir-

2052 3995 2219 4043 tutem
2251 3982 2479 4052 Spiritus
2509 3980 2819 4050 accepisset.
2844 3977 2908 4031 Et
2940 3976 2991 4031 id
3012 3976 3235 4046 primum
3260 3991 3325 4028 ex
3356 3975 3471 4042 ipso
3496 3990 3628 4027 cou-

2054 4075 2334 4143 templare,
2355 4073 2462 4126 imo
2477 4070 2599 4125 audi
2619 4086 2736 4125 eum
2760 4068 3078 4122 scribentem
3098 4065 3188 4120 :Ut
3210 4083 3309 4118 non
3323 4066 3627 4132 vituperetur

2054 4168 2389 4224 ministerium
2419 4175 2643 4219 nostrum
2665 4163 2741 4234 (Ξ.
2768 4159 2885 4216 Cor.
2915 4162 2967 4215 6.
2998 4162 3084 4230 '5);
3114 4168 3168 4213 et
3197 4173 3404 4223 rursus,
3431 4156 3632 4210 Exhor-

2054 4263 2173 4315 tatio
2200 4261 2331 4313 enim
2360 4267 2551 4319 nostra,
2578 4272 2677 4308 non
2702 4270 2763 4306 ea:
2786 4268 2974 4315 errore,
3014 4266 3172 4319 neque
3197 4266 3259 4301 ex
3286 4248 3627 4313 immunditia,

2055 4368 2213 4421 neque
2236 4350 2289 4402 in
2314 4364 2540 4402 sermone
2561 4344 2888 4408 adulationis,
2918 4358 3074 4405 neque
3092 4341 3143 4392 in
3182 4340 3442 4392 occasione
3464 4340 3633 4391 avari-

2057 4445 2139 4498 tite
2160 4444 2237 4511 (1.
2274 4439 2516 4495 ΤΙιεεε.2.
2544 4437 2624 4510 5).
2646 4436 2832 4490 Vidisti
2857 4450 2959 4487 non
2988 4448 3107 4488 esse
3131 4432 3416 4485 obnoxium
3445 4422 3631 4498 repre4

2059 4532 2348 4589 hensioni?
2382 4532 2447 4585 Et
2474 4544 2681 4593 rursus,
2715 4526 3043 4580 Providentes
3087 4522 3237 4585 bona,
3295 4537 3401 4575 non
3455 4523 3629 4575 solum

2058 4641 2238 4679 coram
2271 4622 2512 4679 Domino.
2544 4619 2637 4674 sed
2659 4619 2817 4673 etiam
2837 4633 3005 4668 coram
3027 4614 3309 4668 hominibus
3339 4612 3512 4683 (Rom.
3543 4612 3632 4666 1‘2.

2061 4714 2174 4784 17).
2204 4713 2405 4767 Deinde
2427 4711 2526 4764 sub
2557 4709 2690 4772 lucc,
2737 4706 2972 4773 Quotidie
3020 4707 3228 4766 morior,
3275 4720 3362 4774 per
3410 4713 3636 4756 nostram

2060 4806 2413 4879 gloriationem
2433 4843 2446 4867 ,
2478 4810 2630 4870 quam
2651 4799 2807 4852 habeo
2831 4798 2883 4849 in
2911 4796 3107 4850 Christo
3142 4794 3268 4847 Jesu
3296 4795 3370 4864 (l.
3402 4795 3518 4847 Cor.
3545 4794 3633 4847 15.

2061 4902 2189 4967 Si);
2223 4906 2277 4951 et
2315 4909 2520 4959 rursus,
2554 4892 2676 4957 Quis
2705 4907 2795 4943 nos
2819 4888 3071 4958 separabit
3096 4904 3129 4938 a
3167 4887 3373 4939 caritate
3397 4886 3585 4940 Christi
3612 4885 3638 4937 Ρ

2061 4990 2280 5062 aﬂlictio,
2304 4998 2391 5041 aut
2412 4984 2665 5055 angustia,
2698 4991 2784 5034 aut
2806 4980 3119 5050 persequutio
3147 4978 3321 5049 (Rom.
3344 4976 3396 5032 8.
3425 4976 3519 5047 55)
3539 4976 3563 5029 ?
3582 4984 3639 5030 et

2063 5095 2269 5142 rursus,
2294 5076 2355 5131 In
2380 5076 2621 5147 patientia
2641 5074 2821 5137 multa,
2848 5072 2902 5124 in
2929 5069 3351 5132 tribulationibus,
3380 5069 3433 5121 in
3463 5084 3637 5121 neces-

2064 5175 2293 5229 sitatibus
2317 5212 2331 5236 ,
2373 5172 2425 5223 in
2455 5167 2936 5239 persequutionibus,
2968 5164 3021 5217 in
3052 5165 3315 5234 angustiis.
3348 5164 3401 5215 iu
3450 5163 3635 5233 plagis,

2064 5271 2117 5322 in
2145 5262 2425 5320 carceribus
2476 5261 2549 5332 (2.
2579 5259 2695 5313 Cor.
2727 5258 2779 5311 5.
2814 5258 2864 5310 4.
2898 5256 2976 5327 5).
3004 5255 3206 5309 Deinde
3254 5255 3368 5324 ejus
3416 5254 3633 5322 dispen-

2067 5361 2201 5417 satio
2222 5377 2235 5413 :
2255 5356 2443 5411 Factus
2468 5369 2580 5407 sum
2597 5350 2628 5403 J
2637 5350 2794 5403 udteis
2816 5361 3071 5416 tamquam
3087 5344 3326 5410 Iudaeus;
3350 5345 3410 5397 iis
3429 5345 3512 5414 qui
3532 5345 3643 5398 sine

2069 5457 2175 5524 lege
2216 5460 2332 5507 sunt
2369 5448 2513 5519 quasi
2555 5447 2662 5499 sine
2687 5444 2792 5513 lege
2816 5456 3013 5505 essem;
3047 5442 3110 5493 iis
3136 5439 3221 5509 qui
3243 5438 3334 5490 sub
3365 5437 3471 5509 lege
3498 5447 3645 5491 erant

2070 5555 2322 5613 tamquam
2358 5542 2451 5595 sub
2478 5540 2582 5609 lege
2603 5534 2802 5599 essem(
2833 5535 2884 5587 1.
2914 5532 3031 5586 Cor.
3063 5531 3116 5585 9.
3148 5530 3238 5586 20.
3278 5528 3392 5601 21).
3423 5530 3643 5583 Raditur

2071 5638 2253 5701 etiam,
2278 5642 2333 5688 et
2361 5632 2485 5685 facit
2513 5626 2942 5683 innumerabilia.
2975 5623 3129 5692 Quod
3156 5631 3332 5678 autem
3362 5634 3445 5677 est
3479 5632 3643 5691 caput

2072 5728 2331 5790 omnium,
2357 5724 2408 5777 in
2434 5723 2630 5776 virtute
2663 5718 2894 5787 Spiritus
2916 5715 3107 5769 sancti.
3140 5713 3260 5768 Non
3287 5714 3418 5769 enim
3447 5713 3644 5768 audebo

2076 5818 2266 5891 aliquid
2310 5815 2444 5885 loqui
2471 5828 2643 5869 eorum
2662 5851 2677 5879 ,
2709 5824 2817 5881 qua:
2844 5824 2945 5862 non
2990 5805 3152 5874 effecit
3182 5806 3407 5862 Christus
3433 5820 3523 5876 per
3565 5819 3646 5858 me
