  <div class='ocr_page' id='page_1' title='image "/cluster/home/n/w/nwhite01/storage/ocr_20150623/62/nnc1.0046979654/053.png"; bbox 0 0 4060 6400; ppageno 0'>
   <div class='ocr_carea' id='block_1_1' title="bbox 437 328 3706 420">
    <p class='ocr_par' dir='ltr' id='par_1_1' title="bbox 437 328 3706 420">
     <span class='ocr_line' id='line_1_1' title="bbox 437 328 3706 420; baseline -0 -27"><span class='ocrx_word' id='word_1_1' title='bbox 437 335 507 393; x_wconf 69' lang='grc' dir='ltr'><strong>ιν</strong></span> <span class='ocrx_word' id='word_1_2' title='bbox 1165 337 1221 394; x_wconf 83' lang='grc'><strong>8.</strong></span> <span class='ocrx_word' id='word_1_3' title='bbox 1261 334 1537 394; x_wconf 73' lang='lat' dir='ltr'><strong>JOANNIS</strong></span> <span class='ocrx_word' id='word_1_4' title='bbox 1570 328 2040 390; x_wconf 74' lang='lat' dir='ltr'><strong>CllBYSOSTOMl</strong></span> <span class='ocrx_word' id='word_1_5' title='bbox 2078 328 2392 386; x_wconf 81' lang='lat' dir='ltr'><strong>ARCHIEP.</strong></span> <span class='ocrx_word' id='word_1_6' title='bbox 2414 332 2957 420; x_wconf 60' lang='lat' dir='ltr'><strong>v(JONS&#39;I‘ANTINOI‘.</strong></span> <span class='ocrx_word' id='word_1_7' title='bbox 3635 348 3706 405; x_wconf 70' lang='lat'><strong>43</strong></span> 
     </span>
    </p>
   </div>
   <div class='ocr_carea' id='block_1_2' title="bbox 434 448 2007 526">
    <p class='ocr_par' dir='ltr' id='par_1_2' title="bbox 434 448 2007 526">
     <span class='ocr_line' id='line_1_2' title="bbox 434 448 2007 526; baseline -0.006 -18"><span class='ocrx_word' id='word_1_8' title='bbox 434 452 610 524; x_wconf 83' lang='lat' dir='ltr'><strong>(Rom.</strong></span> <span class='ocrx_word' id='word_1_9' title='bbox 638 453 844 526; x_wconf 66' lang='lat'><strong>15.18)</strong></span> <span class='ocrx_word' id='word_1_10' title='bbox 869 472 886 522; x_wconf 88' lang='lat'><strong>;</strong></span> <span class='ocrx_word' id='word_1_11' title='bbox 916 463 971 510; x_wconf 87' lang='lat' dir='ltr'><strong>et</strong></span> <span class='ocrx_word' id='word_1_12' title='bbox 997 469 1218 519; x_wconf 89' lang='lat' dir='ltr'><strong>rursus,</strong></span> <span class='ocrx_word' id='word_1_13' title='bbox 1253 455 1392 522; x_wconf 81' lang='lat' dir='ltr'><strong>Quid</strong></span> <span class='ocrx_word' id='word_1_14' title='bbox 1422 455 1555 509; x_wconf 83' lang='lat' dir='ltr'><strong>enim</strong></span> <span class='ocrx_word' id='word_1_15' title='bbox 1585 463 1655 509; x_wconf 90' lang='lat' dir='ltr'><strong>est</strong></span> <span class='ocrx_word' id='word_1_16' title='bbox 1681 450 1816 523; x_wconf 84' lang='lat' dir='ltr'><strong>quod</strong></span> <span class='ocrx_word' id='word_1_17' title='bbox 1840 448 2007 501; x_wconf 87' lang='lat' dir='ltr'><strong>minus</strong></span> 
     </span>
    </p>
   </div>
   <div class='ocr_carea' id='block_1_3' title="bbox 436 540 2016 617">
    <p class='ocr_par' dir='ltr' id='par_1_3' title="bbox 436 540 2016 617">
     <span class='ocr_line' id='line_1_3' title="bbox 436 540 2016 617; baseline -0.003 -20"><span class='ocrx_word' id='word_1_18' title='bbox 436 545 681 599; x_wconf 82' lang='lat' dir='ltr'><strong>habuistis</strong></span> <span class='ocrx_word' id='word_1_19' title='bbox 721 561 830 617; x_wconf 71' lang='lat' dir='ltr'><strong>pra</strong></span> <span class='ocrx_word' id='word_1_20' title='bbox 851 546 1043 601; x_wconf 68' lang='lat' dir='ltr'><strong>caeteris</strong></span> <span class='ocrx_word' id='word_1_21' title='bbox 1071 544 1351 600; x_wconf 81' lang='lat' dir='ltr'><strong>Ecclesiis.’</strong></span> <span class='ocrx_word' id='word_1_22' title='bbox 1370 555 1424 599; x_wconf 90' lang='lat' dir='ltr'><strong>et</strong></span> <span class='ocrx_word' id='word_1_23' title='bbox 1452 544 1666 609; x_wconf 91' lang='lat' dir='ltr'><strong>iterum,</strong></span> <span class='ocrx_word' id='word_1_24' title='bbox 1710 540 1860 595; x_wconf 83' lang='lat' dir='ltr'><strong>Nihil</strong></span> <span class='ocrx_word' id='word_1_25' title='bbox 1882 540 2016 594; x_wconf 86' lang='lat' dir='ltr'><strong>enim</strong></span> 
     </span>
    </p>
   </div>
   <div class='ocr_carea' id='block_1_4' title="bbox 436 633 2020 706">
    <p class='ocr_par' dir='ltr' id='par_1_4' title="bbox 436 633 2020 706">
     <span class='ocr_line' id='line_1_4' title="bbox 436 633 2020 706; baseline -0.001 -19"><span class='ocrx_word' id='word_1_26' title='bbox 436 636 603 689; x_wconf 84' lang='lat' dir='ltr'><strong>minus</strong></span> <span class='ocrx_word' id='word_1_27' title='bbox 619 652 729 690; x_wconf 87' lang='lat' dir='ltr'><strong>sum</strong></span> <span class='ocrx_word' id='word_1_28' title='bbox 750 634 811 689; x_wconf 85' lang='lat' dir='ltr'><strong>ab</strong></span> <span class='ocrx_word' id='word_1_29' title='bbox 835 636 897 690; x_wconf 89' lang='lat' dir='ltr'><strong>iis</strong></span> <span class='ocrx_word' id='word_1_30' title='bbox 924 637 1008 706; x_wconf 84' lang='lat' dir='ltr'><strong>qui</strong></span> <span class='ocrx_word' id='word_1_31' title='bbox 1030 648 1147 689; x_wconf 89' lang='lat' dir='ltr'><strong>sunt</strong></span> <span class='ocrx_word' id='word_1_32' title='bbox 1170 653 1325 705; x_wconf 88' lang='lat' dir='ltr'><strong>supra</strong></span> <span class='ocrx_word' id='word_1_33' title='bbox 1342 636 1545 689; x_wconf 86' lang='lat' dir='ltr'><strong>modum</strong></span> <span class='ocrx_word' id='word_1_34' title='bbox 1565 634 1802 705; x_wconf 85' lang='lat' dir='ltr'><strong>apostoli,</strong></span> <span class='ocrx_word' id='word_1_35' title='bbox 1822 633 2020 687; x_wconf 85' lang='lat' dir='ltr'><strong>tametsi</strong></span> 
     </span>
    </p>
   </div>
   <div class='ocr_carea' id='block_1_5' title="bbox 438 726 2018 798">
    <p class='ocr_par' dir='ltr' id='par_1_5' title="bbox 438 726 2018 798">
     <span class='ocr_line' id='line_1_5' title="bbox 438 726 2018 798; baseline -0.002 -18"><span class='ocrx_word' id='word_1_36' title='bbox 438 727 568 780; x_wconf 81' lang='lat' dir='ltr'><strong>nihil</strong></span> <span class='ocrx_word' id='word_1_37' title='bbox 594 744 707 783; x_wconf 86' lang='lat' dir='ltr'><strong>sum</strong></span> <span class='ocrx_word' id='word_1_38' title='bbox 736 728 813 797; x_wconf 71' lang='lat'><strong>(2.</strong></span> <span class='ocrx_word' id='word_1_39' title='bbox 840 728 958 783; x_wconf 87' lang='lat' dir='ltr'><strong>Cor.</strong></span> <span class='ocrx_word' id='word_1_40' title='bbox 995 728 1081 784; x_wconf 75' lang='grc'><strong>12.</strong></span> <span class='ocrx_word' id='word_1_41' title='bbox 1110 730 1196 784; x_wconf 76' lang='grc'><strong>15.</strong></span> <span class='ocrx_word' id='word_1_42' title='bbox 1224 730 1335 798; x_wconf 90' lang='grc'><strong>11).</strong></span> <span class='ocrx_word' id='word_1_43' title='bbox 1355 728 1482 784; x_wconf 87' lang='lat' dir='ltr'><strong>Sine</strong></span> <span class='ocrx_word' id='word_1_44' title='bbox 1510 728 1593 783; x_wconf 86' lang='lat' dir='ltr'><strong>his</strong></span> <span class='ocrx_word' id='word_1_45' title='bbox 1617 726 1758 782; x_wconf 92' lang='lat' dir='ltr'><strong>enim</strong></span> <span class='ocrx_word' id='word_1_46' title='bbox 1788 742 1893 781; x_wconf 89' lang='lat' dir='ltr'><strong>non</strong></span> <span class='ocrx_word' id='word_1_47' title='bbox 1918 740 2018 794; x_wconf 86' lang='lat' dir='ltr'><strong>po-</strong></span> 
     </span>
    </p>
   </div>
   <div class='ocr_carea' id='block_1_6' title="bbox 439 816 2019 892">
    <p class='ocr_par' dir='ltr' id='par_1_6' title="bbox 439 816 2019 892">
     <span class='ocr_line' id='line_1_6' title="bbox 439 816 2019 892; baseline -0.003 -18"><span class='ocrx_word' id='word_1_48' title='bbox 439 828 546 874; x_wconf 90' lang='lat' dir='ltr'><strong>test</strong></span> <span class='ocrx_word' id='word_1_49' title='bbox 564 821 700 875; x_wconf 87' lang='lat' dir='ltr'><strong>lieri.</strong></span> <span class='ocrx_word' id='word_1_50' title='bbox 728 820 845 875; x_wconf 89' lang='lat' dir='ltr'><strong>Non</strong></span> <span class='ocrx_word' id='word_1_51' title='bbox 873 836 1000 892; x_wconf 91' lang='lat' dir='ltr'><strong>ergo</strong></span> <span class='ocrx_word' id='word_1_52' title='bbox 1032 831 1245 891; x_wconf 76' lang='lat' dir='ltr'><strong>propter</strong></span> <span class='ocrx_word' id='word_1_53' title='bbox 1271 822 1419 891; x_wconf 88' lang='lat' dir='ltr'><strong>signa</strong></span> <span class='ocrx_word' id='word_1_54' title='bbox 1451 820 1569 889; x_wconf 89' lang='lat' dir='ltr'><strong>ejus</strong></span> <span class='ocrx_word' id='word_1_55' title='bbox 1596 820 1717 873; x_wconf 78' lang='lat' dir='ltr'><strong>facti</strong></span> <span class='ocrx_word' id='word_1_56' title='bbox 1736 826 1859 871; x_wconf 90' lang='lat' dir='ltr'><strong>sunt</strong></span> <span class='ocrx_word' id='word_1_57' title='bbox 1887 816 2019 870; x_wconf 80' lang='lat' dir='ltr'><strong>ﬁde-</strong></span> 
     </span>
    </p>
   </div>
   <div class='ocr_carea' id='block_1_7' title="bbox 438 912 2020 983">
    <p class='ocr_par' dir='ltr' id='par_1_7' title="bbox 438 912 2020 983">
     <span class='ocr_line' id='line_1_7' title="bbox 438 912 2020 983; baseline -0.002 -16"><span class='ocrx_word' id='word_1_58' title='bbox 438 912 519 967; x_wconf 88' lang='lat' dir='ltr'><strong>les</strong></span> <span class='ocrx_word' id='word_1_59' title='bbox 547 928 560 965; x_wconf 91' lang='lat'>:</span> <span class='ocrx_word' id='word_1_60' title='bbox 590 928 694 967; x_wconf 90' lang='lat' dir='ltr'><strong>non</strong></span> <span class='ocrx_word' id='word_1_61' title='bbox 716 914 857 969; x_wconf 91' lang='lat' dir='ltr'><strong>enim</strong></span> <span class='ocrx_word' id='word_1_62' title='bbox 884 914 1033 983; x_wconf 87' lang='lat' dir='ltr'><strong>signa</strong></span> <span class='ocrx_word' id='word_1_63' title='bbox 1063 914 1164 969; x_wconf 93' lang='lat' dir='ltr'><strong>hoc</strong></span> <span class='ocrx_word' id='word_1_64' title='bbox 1189 913 1486 978; x_wconf 79' lang='lat' dir='ltr'><strong>faciebant;</strong></span> <span class='ocrx_word' id='word_1_65' title='bbox 1517 928 1686 983; x_wconf 91' lang='lat' dir='ltr'><strong>neque</strong></span> <span class='ocrx_word' id='word_1_66' title='bbox 1702 928 1768 967; x_wconf 80' lang='lat' dir='ltr'><strong>ex</strong></span> <span class='ocrx_word' id='word_1_67' title='bbox 1798 912 1861 965; x_wconf 87' lang='lat' dir='ltr'><strong>iis</strong></span> <span class='ocrx_word' id='word_1_68' title='bbox 1883 925 2020 981; x_wconf 71' lang='lat' dir='ltr'><strong>pra:-</strong></span> 
     </span>
    </p>
   </div>
   <div class='ocr_carea' id='block_1_8' title="bbox 441 1004 2016 1081">
    <p class='ocr_par' dir='ltr' id='par_1_8' title="bbox 441 1004 2016 1081">
     <span class='ocr_line' id='line_1_8' title="bbox 441 1004 2016 1081; baseline -0.003 -21"><span class='ocrx_word' id='word_1_69' title='bbox 441 1005 587 1061; x_wconf 86' lang='lat' dir='ltr'><strong>clare</strong></span> <span class='ocrx_word' id='word_1_70' title='bbox 607 1004 674 1081; x_wconf 88' lang='lat' dir='ltr'><strong>de</strong></span> <span class='ocrx_word' id='word_1_71' title='bbox 696 1020 754 1061; x_wconf 92' lang='lat' dir='ltr'><strong>se</strong></span> <span class='ocrx_word' id='word_1_72' title='bbox 772 1007 971 1061; x_wconf 92' lang='lat' dir='ltr'><strong>sentire</strong></span> <span class='ocrx_word' id='word_1_73' title='bbox 1000 1006 1233 1068; x_wconf 87' lang='lat' dir='ltr'><strong>volebat,</strong></span> <span class='ocrx_word' id='word_1_74' title='bbox 1259 1007 1351 1061; x_wconf 90' lang='lat' dir='ltr'><strong>sed</strong></span> <span class='ocrx_word' id='word_1_75' title='bbox 1379 1021 1443 1060; x_wconf 83' lang='lat' dir='ltr'><strong>ex</strong></span> <span class='ocrx_word' id='word_1_76' title='bbox 1465 1006 1607 1061; x_wconf 91' lang='lat' dir='ltr'><strong>aliis.</strong></span> <span class='ocrx_word' id='word_1_77' title='bbox 1633 1005 1854 1075; x_wconf 90' lang='lat' dir='ltr'><strong>Oportet</strong></span> <span class='ocrx_word' id='word_1_78' title='bbox 1874 1005 2016 1060; x_wconf 91' lang='lat' dir='ltr'><strong>enim</strong></span> 
     </span>
    </p>
   </div>
   <div class='ocr_carea' id='block_1_9' title="bbox 441 1097 2017 1169">
    <p class='ocr_par' dir='ltr' id='par_1_9' title="bbox 441 1097 2017 1169">
     <span class='ocr_line' id='line_1_9' title="bbox 441 1097 2017 1169; baseline -0.001 -15"><span class='ocrx_word' id='word_1_79' title='bbox 441 1108 625 1154; x_wconf 90' lang='lat' dir='ltr'><strong>etnon</strong></span> <span class='ocrx_word' id='word_1_80' title='bbox 654 1114 776 1156; x_wconf 88' lang='lat' dir='ltr'><strong>esse</strong></span> <span class='ocrx_word' id='word_1_81' title='bbox 813 1100 1101 1155; x_wconf 81' lang='lat' dir='ltr'><strong>obnoxium</strong></span> <span class='ocrx_word' id='word_1_82' title='bbox 1132 1101 1571 1169; x_wconf 90' lang='lat' dir='ltr'><strong>reprehensioni,</strong></span> <span class='ocrx_word' id='word_1_83' title='bbox 1599 1109 1654 1155; x_wconf 89' lang='lat' dir='ltr'><strong>et</strong></span> <span class='ocrx_word' id='word_1_84' title='bbox 1677 1097 2017 1169; x_wconf 83' lang='lat' dir='ltr'><strong>dispensandi</strong></span> 
     </span>
    </p>
   </div>
   <div class='ocr_carea' id='block_1_10' title="bbox 441 1190 2018 1264">
    <p class='ocr_par' dir='ltr' id='par_1_10' title="bbox 441 1190 2018 1264">
     <span class='ocr_line' id='line_1_10' title="bbox 441 1190 2018 1264; baseline -0.001 -18"><span class='ocrx_word' id='word_1_85' title='bbox 441 1201 624 1248; x_wconf 86' lang='lat' dir='ltr'><strong>tenere</strong></span> <span class='ocrx_word' id='word_1_86' title='bbox 649 1202 840 1261; x_wconf 84' lang='lat' dir='ltr'><strong>artem,</strong></span> <span class='ocrx_word' id='word_1_87' title='bbox 858 1193 992 1248; x_wconf 89' lang='lat' dir='ltr'><strong>etad</strong></span> <span class='ocrx_word' id='word_1_88' title='bbox 1016 1194 1247 1264; x_wconf 89' lang='lat' dir='ltr'><strong>pericula</strong></span> <span class='ocrx_word' id='word_1_89' title='bbox 1265 1194 1510 1248; x_wconf 89' lang='lat' dir='ltr'><strong>adeunda</strong></span> <span class='ocrx_word' id='word_1_90' title='bbox 1534 1202 1858 1263; x_wconf 89' lang='lat' dir='ltr'><strong>promptum,</strong></span> <span class='ocrx_word' id='word_1_91' title='bbox 1880 1201 1931 1245; x_wconf 91' lang='lat' dir='ltr'><strong>et</strong></span> <span class='ocrx_word' id='word_1_92' title='bbox 1950 1190 2018 1245; x_wconf 89' lang='lat' dir='ltr'><strong>ad</strong></span> 
     </span>
    </p>
   </div>
   <div class='ocr_carea' id='block_1_11' title="bbox 444 1282 2013 1355">
    <p class='ocr_par' dir='ltr' id='par_1_11' title="bbox 444 1282 2013 1355">
     <span class='ocr_line' id='line_1_11' title="bbox 444 1282 2013 1355; baseline -0.003 -16"><span class='ocrx_word' id='word_1_93' title='bbox 444 1282 744 1339; x_wconf 90' lang='lat' dir='ltr'><strong>docendum</strong></span> <span class='ocrx_word' id='word_1_94' title='bbox 771 1298 893 1339; x_wconf 89' lang='lat' dir='ltr'><strong>esse</strong></span> <span class='ocrx_word' id='word_1_95' title='bbox 920 1294 1121 1355; x_wconf 86' lang='lat' dir='ltr'><strong>aptum.</strong></span> <span class='ocrx_word' id='word_1_96' title='bbox 1146 1284 1200 1339; x_wconf 91' lang='lat' dir='ltr'><strong>ln</strong></span> <span class='ocrx_word' id='word_1_97' title='bbox 1222 1284 1305 1339; x_wconf 89' lang='lat' dir='ltr'><strong>his</strong></span> <span class='ocrx_word' id='word_1_98' title='bbox 1325 1286 1492 1355; x_wconf 88' lang='lat' dir='ltr'><strong>magis</strong></span> <span class='ocrx_word' id='word_1_99' title='bbox 1510 1300 1569 1339; x_wconf 93' lang='lat' dir='ltr'><strong>se</strong></span> <span class='ocrx_word' id='word_1_100' title='bbox 1596 1294 1742 1339; x_wconf 90' lang='lat' dir='ltr'><strong>recte</strong></span> <span class='ocrx_word' id='word_1_101' title='bbox 1762 1282 2013 1354; x_wconf 82' lang='lat' dir='ltr'><strong>gerebat:</strong></span> 
     </span>
    </p>
   </div>
   <div class='ocr_carea' id='block_1_12' title="bbox 437 1376 2014 1449">
    <p class='ocr_par' dir='ltr' id='par_1_12' title="bbox 437 1376 2014 1449">
     <span class='ocr_line' id='line_1_12' title="bbox 437 1376 2014 1449; baseline 0.001 -20"><span class='ocrx_word' id='word_1_102' title='bbox 437 1376 485 1430; x_wconf 85' lang='lat' dir='ltr'><strong>si</strong></span> <span class='ocrx_word' id='word_1_103' title='bbox 517 1378 631 1432; x_wconf 73' lang='lat' dir='ltr'><strong>htec</strong></span> <span class='ocrx_word' id='word_1_104' title='bbox 654 1386 807 1432; x_wconf 89' lang='lat' dir='ltr'><strong>erant</strong></span> <span class='ocrx_word' id='word_1_105' title='bbox 827 1419 843 1443; x_wconf 90' lang='lat'><strong>,</strong></span> <span class='ocrx_word' id='word_1_106' title='bbox 873 1377 1003 1432; x_wconf 88' lang='lat' dir='ltr'><strong>nihil</strong></span> <span class='ocrx_word' id='word_1_107' title='bbox 1043 1392 1180 1448; x_wconf 89' lang='lat' dir='ltr'><strong>opus</strong></span> <span class='ocrx_word' id='word_1_108' title='bbox 1223 1387 1341 1433; x_wconf 90' lang='lat' dir='ltr'><strong>erat</strong></span> <span class='ocrx_word' id='word_1_109' title='bbox 1382 1379 1567 1449; x_wconf 81' lang='lat' dir='ltr'><strong>signis.</strong></span> <span class='ocrx_word' id='word_1_110' title='bbox 1596 1377 1771 1447; x_wconf 88' lang='lat' dir='ltr'><strong>Ipsum</strong></span> <span class='ocrx_word' id='word_1_111' title='bbox 1801 1377 2014 1448; x_wconf 84' lang='lat' dir='ltr'><strong>quidem</strong></span> 
     </span>
    </p>
   </div>
   <div class='ocr_carea' id='block_1_13' title="bbox 438 1466 2019 1538">
    <p class='ocr_par' dir='ltr' id='par_1_13' title="bbox 438 1466 2019 1538">
     <span class='ocr_line' id='line_1_13' title="bbox 438 1466 2019 1538; baseline 0.001 -17"><span class='ocrx_word' id='word_1_112' title='bbox 438 1477 585 1522; x_wconf 87' lang='lat' dir='ltr'><strong>certe</strong></span> <span class='ocrx_word' id='word_1_113' title='bbox 610 1466 851 1523; x_wconf 76' lang='lat' dir='ltr'><strong>videmus</strong></span> <span class='ocrx_word' id='word_1_114' title='bbox 871 1469 1031 1525; x_wconf 89' lang='lat' dir='ltr'><strong>etiam</strong></span> <span class='ocrx_word' id='word_1_115' title='bbox 1059 1479 1186 1524; x_wconf 87' lang='lat' dir='ltr'><strong>ante</strong></span> <span class='ocrx_word' id='word_1_116' title='bbox 1217 1469 1389 1538; x_wconf 90' lang='lat' dir='ltr'><strong>signa,</strong></span> <span class='ocrx_word' id='word_1_117' title='bbox 1422 1468 1827 1524; x_wconf 84' lang='lat' dir='ltr'><strong>innumerabilia</strong></span> <span class='ocrx_word' id='word_1_118' title='bbox 1872 1472 2019 1537; x_wconf 89' lang='lat' dir='ltr'><strong>ejus-</strong></span> 
     </span>
    </p>
   </div>
   <div class='ocr_carea' id='block_1_14' title="bbox 440 1558 2019 1629">
    <p class='ocr_par' dir='ltr' id='par_1_14' title="bbox 440 1558 2019 1629">
     <span class='ocr_line' id='line_1_14' title="bbox 440 1558 2019 1629; baseline 0.001 -17"><span class='ocrx_word' id='word_1_119' title='bbox 440 1558 583 1613; x_wconf 91' lang='lat' dir='ltr'><strong>modi</strong></span> <span class='ocrx_word' id='word_1_120' title='bbox 606 1568 753 1614; x_wconf 90' lang='lat' dir='ltr'><strong>recte</strong></span> <span class='ocrx_word' id='word_1_121' title='bbox 777 1558 1027 1629; x_wconf 81' lang='lat' dir='ltr'><strong>gessisse.</strong></span> <span class='ocrx_word' id='word_1_122' title='bbox 1058 1558 1208 1614; x_wconf 86' lang='lat' dir='ltr'><strong>Nunc</strong></span> <span class='ocrx_word' id='word_1_123' title='bbox 1234 1569 1409 1614; x_wconf 89' lang='lat' dir='ltr'><strong>autem</strong></span> <span class='ocrx_word' id='word_1_124' title='bbox 1441 1560 1570 1614; x_wconf 85' lang='lat' dir='ltr'><strong>nihil</strong></span> <span class='ocrx_word' id='word_1_125' title='bbox 1600 1560 1789 1615; x_wconf 91' lang='lat' dir='ltr'><strong>horum</strong></span> <span class='ocrx_word' id='word_1_126' title='bbox 1815 1559 2019 1616; x_wconf 89' lang='lat' dir='ltr'><strong>haben-</strong></span> 
     </span>
    </p>
   </div>
   <div class='ocr_carea' id='block_1_15' title="bbox 442 1650 2019 1715">
    <p class='ocr_par' dir='ltr' id='par_1_15' title="bbox 442 1650 2019 1715">
     <span class='ocr_line' id='line_1_15' title="bbox 442 1650 2019 1715; baseline 0.002 -12"><span class='ocrx_word' id='word_1_127' title='bbox 442 1659 545 1715; x_wconf 86' lang='lat' dir='ltr'><strong>tes,</strong></span> <span class='ocrx_word' id='word_1_128' title='bbox 598 1650 777 1705; x_wconf 86' lang='lat' dir='ltr'><strong>omnia</strong></span> <span class='ocrx_word' id='word_1_129' title='bbox 828 1650 1079 1706; x_wconf 89' lang='lat' dir='ltr'><strong>volumus</strong></span> <span class='ocrx_word' id='word_1_130' title='bbox 1135 1651 1380 1706; x_wconf 89' lang='lat' dir='ltr'><strong>obtinere</strong></span> <span class='ocrx_word' id='word_1_131' title='bbox 1422 1659 1479 1706; x_wconf 90' lang='lat' dir='ltr'><strong>et</strong></span> <span class='ocrx_word' id='word_1_132' title='bbox 1521 1651 1753 1706; x_wconf 79' lang='lat' dir='ltr'><strong>efﬁcere.</strong></span> <span class='ocrx_word' id='word_1_133' title='bbox 1795 1650 1926 1705; x_wconf 89' lang='lat' dir='ltr'><strong>Nam</strong></span> <span class='ocrx_word' id='word_1_134' title='bbox 1973 1650 2019 1706; x_wconf 87' lang='lat' dir='ltr'><strong>si</strong></span> 
     </span>
    </p>
   </div>
   <div class='ocr_carea' id='block_1_16' title="bbox 440 1739 2018 1813">
    <p class='ocr_par' dir='ltr' id='par_1_16' title="bbox 440 1739 2018 1813">
     <span class='ocr_line' id='line_1_16' title="bbox 440 1739 2018 1813; baseline 0.003 -21"><span class='ocrx_word' id='word_1_135' title='bbox 440 1739 668 1796; x_wconf 88' lang='lat' dir='ltr'><strong>alterum</strong></span> <span class='ocrx_word' id='word_1_136' title='bbox 699 1741 768 1795; x_wconf 91' lang='lat' dir='ltr'><strong>ab</strong></span> <span class='ocrx_word' id='word_1_137' title='bbox 786 1742 956 1797; x_wconf 85' lang='lat' dir='ltr'><strong>altero</strong></span> <span class='ocrx_word' id='word_1_138' title='bbox 984 1741 1143 1797; x_wconf 78' lang='lat' dir='ltr'><strong>fuerit</strong></span> <span class='ocrx_word' id='word_1_139' title='bbox 1172 1752 1501 1812; x_wconf 86' lang='lat' dir='ltr'><strong>separatum,</strong></span> <span class='ocrx_word' id='word_1_140' title='bbox 1527 1743 1794 1813; x_wconf 90' lang='lat' dir='ltr'><strong>reliquum</strong></span> <span class='ocrx_word' id='word_1_141' title='bbox 1822 1744 1879 1798; x_wconf 83' lang='lat' dir='ltr'><strong>iit</strong></span> <span class='ocrx_word' id='word_1_142' title='bbox 1904 1743 2018 1798; x_wconf 79' lang='lat' dir='ltr'><strong>iuu—</strong></span> 
     </span>
    </p>
   </div>
   <div class='ocr_carea' id='block_1_17' title="bbox 442 1831 2019 1903">
    <p class='ocr_par' dir='ltr' id='par_1_17' title="bbox 442 1831 2019 1903">
     <span class='ocr_line' id='line_1_17' title="bbox 442 1831 2019 1903; baseline 0.004 -19"><span class='ocrx_word' id='word_1_143' title='bbox 442 1831 556 1885; x_wconf 90' lang='lat' dir='ltr'><strong>tile.</strong></span> <span class='ocrx_word' id='word_1_144' title='bbox 588 1832 727 1898; x_wconf 85' lang='lat' dir='ltr'><strong>Quid</strong></span> <span class='ocrx_word' id='word_1_145' title='bbox 758 1832 899 1886; x_wconf 90' lang='lat' dir='ltr'><strong>enim</strong></span> <span class='ocrx_word' id='word_1_146' title='bbox 944 1833 1095 1901; x_wconf 85' lang='lat' dir='ltr'><strong>juvat</strong></span> <span class='ocrx_word' id='word_1_147' title='bbox 1135 1849 1257 1888; x_wconf 88' lang='lat' dir='ltr'><strong>esse</strong></span> <span class='ocrx_word' id='word_1_148' title='bbox 1288 1848 1615 1903; x_wconf 90' lang='lat' dir='ltr'><strong>propensum</strong></span> <span class='ocrx_word' id='word_1_149' title='bbox 1660 1833 1726 1888; x_wconf 91' lang='lat' dir='ltr'><strong>ad</strong></span> <span class='ocrx_word' id='word_1_150' title='bbox 1775 1833 2019 1891; x_wconf 90' lang='lat' dir='ltr'><strong>adeunda</strong></span> 
     </span>
    </p>
   </div>
   <div class='ocr_carea' id='block_1_18' title="bbox 441 1924 2018 1996">
    <p class='ocr_par' dir='ltr' id='par_1_18' title="bbox 441 1924 2018 1996">
     <span class='ocr_line' id='line_1_18' title="bbox 441 1924 2018 1996; baseline 0.001 -19"><span class='ocrx_word' id='word_1_151' title='bbox 441 1924 677 1993; x_wconf 86' lang='lat' dir='ltr'><strong>pericula</strong></span> <span class='ocrx_word' id='word_1_152' title='bbox 700 1964 717 1991; x_wconf 89' lang='lat'><strong>,</strong></span> <span class='ocrx_word' id='word_1_153' title='bbox 746 1924 791 1979; x_wconf 87' lang='lat' dir='ltr'><strong>si</strong></span> <span class='ocrx_word' id='word_1_154' title='bbox 818 1926 888 1979; x_wconf 91' lang='lat' dir='ltr'><strong>sit</strong></span> <span class='ocrx_word' id='word_1_155' title='bbox 926 1926 1032 1979; x_wconf 88' lang='lat' dir='ltr'><strong>vita</strong></span> <span class='ocrx_word' id='word_1_156' title='bbox 1064 1925 1293 1981; x_wconf 78' lang='lat' dir='ltr'><strong>obnoxia</strong></span> <span class='ocrx_word' id='word_1_157' title='bbox 1322 1926 1726 1996; x_wconf 86' lang='lat' dir='ltr'><strong>reprehensioni</strong></span> <span class='ocrx_word' id='word_1_158' title='bbox 1750 1927 1774 1979; x_wconf 88' lang='lat'><strong>?</strong></span> <span class='ocrx_word' id='word_1_159' title='bbox 1802 1927 1864 1981; x_wconf 89' lang='lat' dir='ltr'><strong>Si</strong></span> <span class='ocrx_word' id='word_1_160' title='bbox 1884 1927 2018 1980; x_wconf 82' lang='lat' dir='ltr'><strong>enim</strong></span> 
     </span>
    </p>
   </div>
   <div class='ocr_carea' id='block_1_19' title="bbox 442 2014 2023 2088">
    <p class='ocr_par' dir='ltr' id='par_1_19' title="bbox 442 2014 2023 2088">
     <span class='ocr_line' id='line_1_19' title="bbox 442 2014 2023 2088; baseline 0.003 -20"><span class='ocrx_word' id='word_1_161' title='bbox 442 2014 633 2081; x_wconf 69' lang='lat' dir='ltr'><strong>tanien,</strong></span> <span class='ocrx_word' id='word_1_162' title='bbox 666 2015 853 2086; x_wconf 81' lang='lat' dir='ltr'><strong>inquit,</strong></span> <span class='ocrx_word' id='word_1_163' title='bbox 902 2016 1040 2088; x_wconf 84' lang='lat' dir='ltr'><strong>quod</strong></span> <span class='ocrx_word' id='word_1_164' title='bbox 1065 2018 1118 2071; x_wconf 90' lang='lat' dir='ltr'><strong>in</strong></span> <span class='ocrx_word' id='word_1_165' title='bbox 1158 2028 1206 2072; x_wconf 88' lang='lat' dir='ltr'><strong>te</strong></span> <span class='ocrx_word' id='word_1_166' title='bbox 1228 2026 1339 2083; x_wconf 87' lang='lat' dir='ltr'><strong>est,</strong></span> <span class='ocrx_word' id='word_1_167' title='bbox 1367 2026 1484 2073; x_wconf 87' lang='lat' dir='ltr'><strong>sunt</strong></span> <span class='ocrx_word' id='word_1_168' title='bbox 1526 2019 1758 2085; x_wconf 67' lang='lat' dir='ltr'><strong>tenebrae,</strong></span> <span class='ocrx_word' id='word_1_169' title='bbox 1809 2019 2023 2073; x_wconf 65' lang='lat' dir='ltr'><strong>tenebrae</strong></span> 
     </span>
    </p>
   </div>
   <div class='ocr_carea' id='block_1_20' title="bbox 441 2111 2021 2187">
    <p class='ocr_par' dir='ltr' id='par_1_20' title="bbox 441 2111 2021 2187">
     <span class='ocr_line' id='line_1_20' title="bbox 441 2111 2021 2187; baseline 0.004 -25"><span class='ocrx_word' id='word_1_170' title='bbox 441 2120 645 2178; x_wconf 79' lang='lat' dir='ltr'><strong>quanta:</strong></span> <span class='ocrx_word' id='word_1_171' title='bbox 670 2121 786 2166; x_wconf 88' lang='lat' dir='ltr'><strong>sunt</strong></span> <span class='ocrx_word' id='word_1_172' title='bbox 828 2111 1039 2182; x_wconf 74' lang='lat' dir='ltr'><strong>(Matth.</strong></span> <span class='ocrx_word' id='word_1_173' title='bbox 1072 2114 1124 2169; x_wconf 85' lang='lat'><strong>6.</strong></span> <span class='ocrx_word' id='word_1_174' title='bbox 1153 2114 1289 2187; x_wconf 71' lang='lat'><strong>25)?</strong></span> <span class='ocrx_word' id='word_1_175' title='bbox 1317 2115 1453 2184; x_wconf 82' lang='lat' dir='ltr'><strong>Quid</strong></span> <span class='ocrx_word' id='word_1_176' title='bbox 1491 2125 1666 2171; x_wconf 90' lang='lat' dir='ltr'><strong>autem</strong></span> <span class='ocrx_word' id='word_1_177' title='bbox 1696 2115 1915 2186; x_wconf 83' lang='lat' dir='ltr'><strong>prodest</strong></span> <span class='ocrx_word' id='word_1_178' title='bbox 1942 2117 2021 2169; x_wconf 87' lang='lat' dir='ltr'><strong>iu-</strong></span> 
     </span>
    </p>
   </div>
   <div class='ocr_carea' id='block_1_21' title="bbox 440 2204 2021 2277">
    <p class='ocr_par' dir='ltr' id='par_1_21' title="bbox 440 2204 2021 2277">
     <span class='ocr_line' id='line_1_21' title="bbox 440 2204 2021 2277; baseline 0.004 -22"><span class='ocrx_word' id='word_1_179' title='bbox 440 2204 652 2271; x_wconf 90' lang='lat' dir='ltr'><strong>culpata</strong></span> <span class='ocrx_word' id='word_1_180' title='bbox 683 2205 787 2258; x_wconf 85' lang='lat' dir='ltr'><strong>vita</strong></span> <span class='ocrx_word' id='word_1_181' title='bbox 819 2206 867 2260; x_wconf 91' lang='lat' dir='ltr'><strong>ci</strong></span> <span class='ocrx_word' id='word_1_182' title='bbox 911 2206 999 2277; x_wconf 91' lang='lat' dir='ltr'><strong>qui</strong></span> <span class='ocrx_word' id='word_1_183' title='bbox 1027 2207 1098 2260; x_wconf 92' lang='lat' dir='ltr'><strong>sit</strong></span> <span class='ocrx_word' id='word_1_184' title='bbox 1130 2208 1349 2276; x_wconf 89' lang='lat' dir='ltr'><strong>ignavus</strong></span> <span class='ocrx_word' id='word_1_185' title='bbox 1376 2219 1430 2261; x_wconf 92' lang='lat' dir='ltr'><strong>et</strong></span> <span class='ocrx_word' id='word_1_186' title='bbox 1473 2208 1910 2263; x_wconf 89' lang='lat' dir='ltr'><strong>somniculosus?</strong></span> <span class='ocrx_word' id='word_1_187' title='bbox 1959 2208 2021 2261; x_wconf 87' lang='lat' dir='ltr'><strong>Si</strong></span> 
     </span>
    </p>
   </div>
   <div class='ocr_carea' id='block_1_22' title="bbox 442 2297 2021 2371">
    <p class='ocr_par' dir='ltr' id='par_1_22' title="bbox 442 2297 2021 2371">
     <span class='ocr_line' id='line_1_22' title="bbox 442 2297 2021 2371; baseline 0.004 -22"><span class='ocrx_word' id='word_1_188' title='bbox 442 2297 555 2367; x_wconf 88' lang='lat' dir='ltr'><strong>quis</strong></span> <span class='ocrx_word' id='word_1_189' title='bbox 575 2299 707 2352; x_wconf 86' lang='lat' dir='ltr'><strong>enim</strong></span> <span class='ocrx_word' id='word_1_190' title='bbox 746 2315 847 2353; x_wconf 83' lang='lat' dir='ltr'><strong>non</strong></span> <span class='ocrx_word' id='word_1_191' title='bbox 872 2299 1017 2353; x_wconf 78' lang='lat' dir='ltr'><strong>tollat</strong></span> <span class='ocrx_word' id='word_1_192' title='bbox 1046 2316 1243 2353; x_wconf 85' lang='lat' dir='ltr'><strong>crucem</strong></span> <span class='ocrx_word' id='word_1_193' title='bbox 1271 2317 1414 2354; x_wconf 88' lang='lat' dir='ltr'><strong>suam</strong></span> <span class='ocrx_word' id='word_1_194' title='bbox 1453 2311 1500 2354; x_wconf 89' lang='lat' dir='ltr'><strong>et</strong></span> <span class='ocrx_word' id='word_1_195' title='bbox 1526 2310 1765 2371; x_wconf 84' lang='lat' dir='ltr'><strong>sequatur</strong></span> <span class='ocrx_word' id='word_1_196' title='bbox 1791 2319 1886 2366; x_wconf 90' lang='lat' dir='ltr'><strong>me,</strong></span> <span class='ocrx_word' id='word_1_197' title='bbox 1922 2319 2021 2355; x_wconf 86' lang='lat' dir='ltr'><strong>non</strong></span> 
     </span>
    </p>
   </div>
   <div class='ocr_carea' id='block_1_23' title="bbox 443 2390 2021 2464">
    <p class='ocr_par' dir='ltr' id='par_1_23' title="bbox 443 2390 2021 2464">
     <span class='ocr_line' id='line_1_23' title="bbox 443 2390 2021 2464; baseline 0.003 -19"><span class='ocrx_word' id='word_1_198' title='bbox 443 2400 517 2445; x_wconf 86' lang='lat' dir='ltr'><strong>est</strong></span> <span class='ocrx_word' id='word_1_199' title='bbox 550 2408 628 2445; x_wconf 90' lang='lat' dir='ltr'><strong>me</strong></span> <span class='ocrx_word' id='word_1_200' title='bbox 651 2392 836 2463; x_wconf 83' lang='lat' dir='ltr'><strong>dignus</strong></span> <span class='ocrx_word' id='word_1_201' title='bbox 866 2390 1079 2464; x_wconf 81' lang='lat' dir='ltr'><strong>(Matth.</strong></span> <span class='ocrx_word' id='word_1_202' title='bbox 1116 2393 1202 2448; x_wconf 88' lang='grc'><strong>10.</strong></span> <span class='ocrx_word' id='word_1_203' title='bbox 1235 2393 1366 2462; x_wconf 82' lang='lat'><strong>58)?</strong></span> <span class='ocrx_word' id='word_1_204' title='bbox 1391 2402 1463 2456; x_wconf 90' lang='lat' dir='ltr'><strong>et,</strong></span> <span class='ocrx_word' id='word_1_205' title='bbox 1488 2393 1597 2447; x_wconf 85' lang='lat' dir='ltr'><strong>Nisi</strong></span> <span class='ocrx_word' id='word_1_206' title='bbox 1630 2394 1748 2464; x_wconf 90' lang='lat' dir='ltr'><strong>quis</strong></span> <span class='ocrx_word' id='word_1_207' title='bbox 1786 2396 2021 2463; x_wconf 74' lang='lat' dir='ltr'><strong>posuerit</strong></span> 
     </span>
    </p>
   </div>
   <div class='ocr_carea' id='block_1_24' title="bbox 442 2481 2019 2554">
    <p class='ocr_par' dir='ltr' id='par_1_24' title="bbox 442 2481 2019 2554">
     <span class='ocr_line' id='line_1_24' title="bbox 442 2481 2019 2554; baseline 0.003 -19"><span class='ocrx_word' id='word_1_208' title='bbox 442 2482 674 2537; x_wconf 88' lang='lat' dir='ltr'><strong>animam</strong></span> <span class='ocrx_word' id='word_1_209' title='bbox 703 2498 853 2537; x_wconf 91' lang='lat' dir='ltr'><strong>suam</strong></span> <span class='ocrx_word' id='word_1_210' title='bbox 882 2499 978 2553; x_wconf 89' lang='lat' dir='ltr'><strong>pro</strong></span> <span class='ocrx_word' id='word_1_211' title='bbox 1003 2484 1190 2539; x_wconf 89' lang='lat' dir='ltr'><strong>ovibus</strong></span> <span class='ocrx_word' id='word_1_212' title='bbox 1211 2483 1388 2554; x_wconf 84' lang='lat' dir='ltr'><strong>(Joau.</strong></span> <span class='ocrx_word' id='word_1_213' title='bbox 1422 2481 1511 2539; x_wconf 70' lang='grc'><strong>10.</strong></span> <span class='ocrx_word' id='word_1_214' title='bbox 1542 2485 1652 2554; x_wconf 92' lang='grc'><strong>11).</strong></span> <span class='ocrx_word' id='word_1_215' title='bbox 1682 2485 1817 2553; x_wconf 85' lang='lat' dir='ltr'><strong>Quid</strong></span> <span class='ocrx_word' id='word_1_216' title='bbox 1843 2497 2019 2541; x_wconf 86' lang='lat' dir='ltr'><strong>autem</strong></span> 
     </span>
    </p>
   </div>
   <div class='ocr_carea' id='block_1_25' title="bbox 445 2579 2023 2652">
    <p class='ocr_par' dir='ltr' id='par_1_25' title="bbox 445 2579 2023 2652">
     <span class='ocr_line' id='line_1_25' title="bbox 445 2579 2023 2652; baseline 0.002 -19"><span class='ocrx_word' id='word_1_217' title='bbox 445 2579 665 2649; x_wconf 86' lang='lat' dir='ltr'><strong>prodest</strong></span> <span class='ocrx_word' id='word_1_218' title='bbox 705 2587 928 2650; x_wconf 89' lang='lat' dir='ltr'><strong>utraque</strong></span> <span class='ocrx_word' id='word_1_219' title='bbox 959 2581 1073 2634; x_wconf 58' lang='lat' dir='ltr'><strong>huic</strong></span> <span class='ocrx_word' id='word_1_220' title='bbox 1118 2590 1321 2645; x_wconf 90' lang='lat' dir='ltr'><strong>tenere,</strong></span> <span class='ocrx_word' id='word_1_221' title='bbox 1351 2589 1405 2635; x_wconf 93' lang='lat' dir='ltr'><strong>et</strong></span> <span class='ocrx_word' id='word_1_222' title='bbox 1435 2596 1543 2635; x_wconf 91' lang='lat' dir='ltr'><strong>non</strong></span> <span class='ocrx_word' id='word_1_223' title='bbox 1572 2594 1694 2635; x_wconf 92' lang='lat' dir='ltr'><strong>esse</strong></span> <span class='ocrx_word' id='word_1_224' title='bbox 1742 2591 1923 2652; x_wconf 86' lang='lat' dir='ltr'><strong>aptum</strong></span> <span class='ocrx_word' id='word_1_225' title='bbox 1955 2581 2023 2636; x_wconf 90' lang='lat' dir='ltr'><strong>ad</strong></span> 
     </span>
    </p>
   </div>
   <div class='ocr_carea' id='block_1_26' title="bbox 444 2671 2026 2743">
    <p class='ocr_par' dir='ltr' id='par_1_26' title="bbox 444 2671 2026 2743">
     <span class='ocr_line' id='line_1_26' title="bbox 444 2671 2026 2743; baseline 0.002 -18"><span class='ocrx_word' id='word_1_226' title='bbox 444 2671 879 2741; x_wconf 88' lang='lat' dir='ltr'><strong>dispensandum,</strong></span> <span class='ocrx_word' id='word_1_227' title='bbox 927 2681 987 2726; x_wconf 91' lang='lat' dir='ltr'><strong>ut</strong></span> <span class='ocrx_word' id='word_1_228' title='bbox 1011 2672 1139 2727; x_wconf 85' lang='lat' dir='ltr'><strong>sciat</strong></span> <span class='ocrx_word' id='word_1_229' title='bbox 1169 2672 1437 2743; x_wconf 92' lang='lat' dir='ltr'><strong>quomodo</strong></span> <span class='ocrx_word' id='word_1_230' title='bbox 1464 2681 1712 2742; x_wconf 84' lang='lat' dir='ltr'><strong>Oporteat</strong></span> <span class='ocrx_word' id='word_1_231' title='bbox 1741 2673 2026 2742; x_wconf 79' lang='lat' dir='ltr'><strong>unicuique</strong></span> 
     </span>
    </p>
   </div>
   <div class='ocr_carea' id='block_1_27' title="bbox 443 2762 2027 2835">
    <p class='ocr_par' dir='ltr' id='par_1_27' title="bbox 443 2762 2027 2835">
     <span class='ocr_line' id='line_1_27' title="bbox 443 2762 2027 2835; baseline 0 -17"><span class='ocrx_word' id='word_1_232' title='bbox 443 2763 813 2833; x_wconf 88' lang='lat' dir='ltr'><strong>respondere?</strong></span> <span class='ocrx_word' id='word_1_233' title='bbox 861 2765 919 2819; x_wconf 88' lang='lat' dir='ltr'><strong>Si</strong></span> <span class='ocrx_word' id='word_1_234' title='bbox 948 2766 1107 2818; x_wconf 92' lang='lat' dir='ltr'><strong>etiam</strong></span> <span class='ocrx_word' id='word_1_235' title='bbox 1144 2766 1292 2835; x_wconf 87' lang='lat' dir='ltr'><strong>signa</strong></span> <span class='ocrx_word' id='word_1_236' title='bbox 1319 2780 1425 2819; x_wconf 92' lang='lat' dir='ltr'><strong>non</strong></span> <span class='ocrx_word' id='word_1_237' title='bbox 1456 2764 1565 2819; x_wconf 90' lang='lat' dir='ltr'><strong>sint</strong></span> <span class='ocrx_word' id='word_1_238' title='bbox 1610 2764 1665 2819; x_wconf 91' lang='lat' dir='ltr'><strong>in</strong></span> <span class='ocrx_word' id='word_1_239' title='bbox 1691 2764 1877 2831; x_wconf 90' lang='lat' dir='ltr'><strong>nobis,</strong></span> <span class='ocrx_word' id='word_1_240' title='bbox 1910 2762 2027 2818; x_wconf 66' lang='lat' dir='ltr'><strong>haec</strong></span> 
     </span>
    </p>
   </div>
   <div class='ocr_carea' id='block_1_28' title="bbox 446 2856 2025 2927">
    <p class='ocr_par' dir='ltr' id='par_1_28' title="bbox 446 2856 2025 2927">
     <span class='ocr_line' id='line_1_28' title="bbox 446 2856 2025 2927; baseline -0.001 -16"><span class='ocrx_word' id='word_1_241' title='bbox 446 2866 671 2927; x_wconf 89' lang='lat' dir='ltr'><strong>utraque</strong></span> <span class='ocrx_word' id='word_1_242' title='bbox 712 2856 820 2911; x_wconf 89' lang='lat' dir='ltr'><strong>sint</strong></span> <span class='ocrx_word' id='word_1_243' title='bbox 849 2858 901 2910; x_wconf 91' lang='lat' dir='ltr'><strong>in</strong></span> <span class='ocrx_word' id='word_1_244' title='bbox 934 2856 1107 2910; x_wconf 90' lang='lat' dir='ltr'><strong>nobis.</strong></span> <span class='ocrx_word' id='word_1_245' title='bbox 1139 2856 1245 2912; x_wconf 88' lang='lat' dir='ltr'><strong>Sed</strong></span> <span class='ocrx_word' id='word_1_246' title='bbox 1290 2867 1464 2911; x_wconf 91' lang='lat' dir='ltr'><strong>tamen</strong></span> <span class='ocrx_word' id='word_1_247' title='bbox 1508 2857 1625 2911; x_wconf 64' lang='lat' dir='ltr'><strong>haec</strong></span> <span class='ocrx_word' id='word_1_248' title='bbox 1667 2857 1843 2911; x_wconf 89' lang='lat' dir='ltr'><strong>omnia</strong></span> <span class='ocrx_word' id='word_1_249' title='bbox 1870 2872 1935 2909; x_wconf 80' lang='lat' dir='ltr'><strong>ex</strong></span> <span class='ocrx_word' id='word_1_250' title='bbox 1964 2870 2025 2910; x_wconf 91' lang='lat' dir='ltr'><strong>se</strong></span> 
     </span>
    </p>
   </div>
   <div class='ocr_carea' id='block_1_29' title="bbox 446 2948 2028 3019">
    <p class='ocr_par' dir='ltr' id='par_1_29' title="bbox 446 2948 2028 3019">
     <span class='ocr_line' id='line_1_29' title="bbox 446 2948 2028 3019; baseline 0 -17"><span class='ocrx_word' id='word_1_251' title='bbox 446 2949 709 3012; x_wconf 81' lang='lat' dir='ltr'><strong>all&#39;erens,</strong></span> <span class='ocrx_word' id='word_1_252' title='bbox 764 2957 932 3004; x_wconf 91' lang='lat' dir='ltr'><strong>totum</strong></span> <span class='ocrx_word' id='word_1_253' title='bbox 983 2961 1258 3019; x_wconf 87' lang='lat' dir='ltr'><strong>acceptum</strong></span> <span class='ocrx_word' id='word_1_254' title='bbox 1300 2950 1505 3005; x_wconf 81' lang='lat' dir='ltr'><strong>ferebat</strong></span> <span class='ocrx_word' id='word_1_255' title='bbox 1550 2950 1754 3017; x_wconf 70' lang='lat' dir='ltr'><strong>gratite.</strong></span> <span class='ocrx_word' id='word_1_256' title='bbox 1792 2948 1903 3003; x_wconf 85' lang='lat' dir='ltr'><strong>lloc</strong></span> <span class='ocrx_word' id='word_1_257' title='bbox 1942 2956 2028 3004; x_wconf 89' lang='lat' dir='ltr'><strong>est</strong></span> 
     </span>
    </p>
   </div>
   <div class='ocr_carea' id='block_1_30' title="bbox 444 3038 2028 3112">
    <p class='ocr_par' dir='ltr' id='par_1_30' title="bbox 444 3038 2028 3112">
     <span class='ocr_line' id='line_1_30' title="bbox 444 3038 2028 3112; baseline 0 -18"><span class='ocrx_word' id='word_1_258' title='bbox 444 3042 579 3111; x_wconf 93' lang='lat' dir='ltr'><strong>grati</strong></span> <span class='ocrx_word' id='word_1_259' title='bbox 621 3040 824 3096; x_wconf 82' lang='lat' dir='ltr'><strong>famuli.</strong></span> <span class='ocrx_word' id='word_1_260' title='bbox 872 3040 981 3096; x_wconf 88' lang='lat' dir='ltr'><strong>Nec</strong></span> <span class='ocrx_word' id='word_1_261' title='bbox 1024 3057 1275 3112; x_wconf 86' lang='lat' dir='ltr'><strong>umquam</strong></span> <span class='ocrx_word' id='word_1_262' title='bbox 1319 3041 1690 3096; x_wconf 89' lang='lat' dir='ltr'><strong>didicissemus</strong></span> <span class='ocrx_word' id='word_1_263' title='bbox 1729 3055 1816 3096; x_wconf 87' lang='lat' dir='ltr'><strong>res</strong></span> <span class='ocrx_word' id='word_1_264' title='bbox 1853 3038 1921 3094; x_wconf 90' lang='lat' dir='ltr'><strong>ab</strong></span> <span class='ocrx_word' id='word_1_265' title='bbox 1960 3054 2028 3095; x_wconf 91' lang='lat' dir='ltr'><strong>eo</strong></span> 
     </span>
    </p>
   </div>
   <div class='ocr_carea' id='block_1_31' title="bbox 448 3133 2026 3201">
    <p class='ocr_par' dir='ltr' id='par_1_31' title="bbox 448 3133 2026 3201">
     <span class='ocr_line' id='line_1_31' title="bbox 448 3133 2026 3201; baseline -0.001 -15"><span class='ocrx_word' id='word_1_266' title='bbox 448 3142 647 3201; x_wconf 89' lang='lat' dir='ltr'><strong>gestas,</strong></span> <span class='ocrx_word' id='word_1_267' title='bbox 679 3133 779 3186; x_wconf 89' lang='lat' dir='ltr'><strong>nisi</strong></span> <span class='ocrx_word' id='word_1_268' title='bbox 810 3133 1056 3187; x_wconf 88' lang='lat' dir='ltr'><strong>redactus</strong></span> <span class='ocrx_word' id='word_1_269' title='bbox 1085 3141 1230 3188; x_wconf 83' lang='lat' dir='ltr'><strong>esset</strong></span> <span class='ocrx_word' id='word_1_270' title='bbox 1257 3134 1565 3187; x_wconf 83' lang='lat' dir='ltr'><strong>necessario</strong></span> <span class='ocrx_word' id='word_1_271' title='bbox 1584 3134 1650 3186; x_wconf 89' lang='lat' dir='ltr'><strong>ad</strong></span> <span class='ocrx_word' id='word_1_272' title='bbox 1676 3146 1794 3187; x_wconf 74' lang='lat' dir='ltr'><strong>rem</strong></span> <span class='ocrx_word' id='word_1_273' title='bbox 1832 3148 2026 3201; x_wconf 87' lang='lat' dir='ltr'><strong>geren-</strong></span> 
     </span>
    </p>
   </div>
   <div class='ocr_carea' id='block_1_32' title="bbox 445 3223 2029 3296">
    <p class='ocr_par' dir='ltr' id='par_1_32' title="bbox 445 3223 2029 3296">
     <span class='ocr_line' id='line_1_32' title="bbox 445 3223 2029 3296; baseline 0.001 -18"><span class='ocrx_word' id='word_1_274' title='bbox 445 3223 587 3279; x_wconf 88' lang='lat' dir='ltr'><strong>dam.</strong></span> <span class='ocrx_word' id='word_1_275' title='bbox 642 3225 863 3295; x_wconf 89' lang='lat' dir='ltr'><strong>Dignine</strong></span> <span class='ocrx_word' id='word_1_276' title='bbox 892 3241 1077 3281; x_wconf 90' lang='lat' dir='ltr'><strong>sumus</strong></span> <span class='ocrx_word' id='word_1_277' title='bbox 1113 3226 1203 3296; x_wconf 89' lang='lat' dir='ltr'><strong>qui</strong></span> <span class='ocrx_word' id='word_1_278' title='bbox 1251 3226 1399 3281; x_wconf 85' lang='lat' dir='ltr'><strong>Pauli</strong></span> <span class='ocrx_word' id='word_1_279' title='bbox 1455 3227 1539 3281; x_wconf 90' lang='lat' dir='ltr'><strong>vel</strong></span> <span class='ocrx_word' id='word_1_280' title='bbox 1586 3228 2029 3282; x_wconf 84' lang='lat' dir='ltr'><strong>meminerimus?</strong></span> 
     </span>
    </p>
   </div>
   <div class='ocr_carea' id='block_1_33' title="bbox 446 3319 2024 3392">
    <p class='ocr_par' dir='ltr' id='par_1_33' title="bbox 446 3319 2024 3392">
     <span class='ocr_line' id='line_1_33' title="bbox 446 3319 2024 3392; baseline 0.001 -19"><span class='ocrx_word' id='word_1_281' title='bbox 446 3319 539 3374; x_wconf 92' lang='lat' dir='ltr'><strong>llle</strong></span> <span class='ocrx_word' id='word_1_282' title='bbox 561 3320 721 3374; x_wconf 91' lang='lat' dir='ltr'><strong>etiam</strong></span> <span class='ocrx_word' id='word_1_283' title='bbox 751 3320 953 3377; x_wconf 88' lang='lat' dir='ltr'><strong>habens</strong></span> <span class='ocrx_word' id='word_1_284' title='bbox 980 3337 1099 3391; x_wconf 60' lang='lat' dir='ltr'><strong>quas</strong></span> <span class='ocrx_word' id='word_1_285' title='bbox 1120 3323 1168 3377; x_wconf 92' lang='lat' dir='ltr'><strong>ei</strong></span> <span class='ocrx_word' id='word_1_286' title='bbox 1196 3337 1355 3391; x_wconf 85' lang='lat' dir='ltr'><strong>opem</strong></span> <span class='ocrx_word' id='word_1_287' title='bbox 1389 3320 1592 3376; x_wconf 79' lang='lat' dir='ltr'><strong>ferebat</strong></span> <span class='ocrx_word' id='word_1_288' title='bbox 1617 3322 1841 3392; x_wconf 77' lang='lat' dir='ltr'><strong>gratiam</strong></span> <span class='ocrx_word' id='word_1_289' title='bbox 1867 3361 1882 3385; x_wconf 92' lang='lat'><strong>,</strong></span> <span class='ocrx_word' id='word_1_290' title='bbox 1918 3336 2024 3375; x_wconf 91' lang='lat' dir='ltr'><strong>non</strong></span> 
     </span>
    </p>
   </div>
   <div class='ocr_carea' id='block_1_34' title="bbox 444 3413 2029 3489">
    <p class='ocr_par' dir='ltr' id='par_1_34' title="bbox 444 3413 2029 3489">
     <span class='ocr_line' id='line_1_34' title="bbox 444 3413 2029 3489; baseline 0 -20"><span class='ocrx_word' id='word_1_291' title='bbox 444 3415 577 3469; x_wconf 84' lang='lat' dir='ltr'><strong>satis</strong></span> <span class='ocrx_word' id='word_1_292' title='bbox 603 3413 809 3481; x_wconf 90' lang='lat' dir='ltr'><strong>habuit,</strong></span> <span class='ocrx_word' id='word_1_293' title='bbox 836 3414 930 3471; x_wconf 90' lang='lat' dir='ltr'><strong>sed</strong></span> <span class='ocrx_word' id='word_1_294' title='bbox 961 3416 1123 3470; x_wconf 91' lang='lat' dir='ltr'><strong>etiam</strong></span> <span class='ocrx_word' id='word_1_295' title='bbox 1148 3415 1293 3470; x_wconf 90' lang='lat' dir='ltr'><strong>mille</strong></span> <span class='ocrx_word' id='word_1_296' title='bbox 1317 3413 1731 3489; x_wconf 87' lang='lat' dir='ltr'><strong>subiitpericula</strong></span> <span class='ocrx_word' id='word_1_297' title='bbox 1760 3433 1774 3468; x_wconf 91' lang='lat'><strong>:</strong></span> <span class='ocrx_word' id='word_1_298' title='bbox 1806 3430 1903 3469; x_wconf 90' lang='lat' dir='ltr'><strong>nos</strong></span> <span class='ocrx_word' id='word_1_299' title='bbox 1928 3429 2029 3469; x_wconf 88' lang='lat' dir='ltr'><strong>au-</strong></span> 
     </span>
    </p>
   </div>
   <div class='ocr_carea' id='block_1_35' title="bbox 448 3508 2039 3581">
    <p class='ocr_par' dir='ltr' id='par_1_35' title="bbox 448 3508 2039 3581">
     <span class='ocr_line' id='line_1_35' title="bbox 448 3508 2039 3581; baseline -0.003 -16"><span class='ocrx_word' id='word_1_300' title='bbox 448 3520 558 3568; x_wconf 88' lang='lat' dir='ltr'><strong>tem</strong></span> <span class='ocrx_word' id='word_1_301' title='bbox 584 3512 673 3581; x_wconf 89' lang='lat' dir='ltr'><strong>qui</strong></span> <span class='ocrx_word' id='word_1_302' title='bbox 706 3511 793 3566; x_wconf 92' lang='lat' dir='ltr'><strong>illa</strong></span> <span class='ocrx_word' id='word_1_303' title='bbox 838 3525 1083 3565; x_wconf 90' lang='lat' dir='ltr'><strong>caremus</strong></span> <span class='ocrx_word' id='word_1_304' title='bbox 1128 3508 1320 3563; x_wconf 86' lang='lat' dir='ltr'><strong>liducia</strong></span> <span class='ocrx_word' id='word_1_305' title='bbox 1346 3550 1363 3574; x_wconf 94' lang='lat'><strong>,</strong></span> <span class='ocrx_word' id='word_1_306' title='bbox 1410 3509 2039 3577; x_wconf 69' lang='lat' dir='ltr'><strong>undenam,dic,qu&#39;.eso,</strong></span> 
     </span>
    </p>
   </div>
   <div class='ocr_carea' id='block_1_36' title="bbox 446 3599 2026 3672">
    <p class='ocr_par' dir='ltr' id='par_1_36' title="bbox 446 3599 2026 3672">
     <span class='ocr_line' id='line_1_36' title="bbox 446 3599 2026 3672; baseline -0.002 -14"><span class='ocrx_word' id='word_1_307' title='bbox 446 3613 820 3672; x_wconf 81' lang='lat' dir='ltr'><strong>exspectamus</strong></span> <span class='ocrx_word' id='word_1_308' title='bbox 841 3617 939 3657; x_wconf 93' lang='lat' dir='ltr'><strong>nos</strong></span> <span class='ocrx_word' id='word_1_309' title='bbox 982 3610 1400 3657; x_wconf 82' lang='lat' dir='ltr'><strong>conservatores</strong></span> <span class='ocrx_word' id='word_1_310' title='bbox 1438 3616 1532 3656; x_wconf 88' lang='lat' dir='ltr'><strong>eos</strong></span> <span class='ocrx_word' id='word_1_311' title='bbox 1575 3601 1667 3671; x_wconf 88' lang='lat' dir='ltr'><strong>qui</strong></span> <span class='ocrx_word' id='word_1_312' title='bbox 1705 3599 1863 3655; x_wconf 90' lang='lat' dir='ltr'><strong>nobis</strong></span> <span class='ocrx_word' id='word_1_313' title='bbox 1900 3610 2026 3657; x_wconf 91' lang='lat' dir='ltr'><strong>sunt</strong></span> 
     </span>
    </p>
   </div>
   <div class='ocr_carea' id='block_1_37' title="bbox 446 3690 2026 3762">
    <p class='ocr_par' dir='ltr' id='par_1_37' title="bbox 446 3690 2026 3762">
     <span class='ocr_line' id='line_1_37' title="bbox 446 3690 2026 3762; baseline -0.004 -11"><span class='ocrx_word' id='word_1_314' title='bbox 446 3695 659 3761; x_wconf 89' lang='lat' dir='ltr'><strong>crediti,</strong></span> <span class='ocrx_word' id='word_1_315' title='bbox 682 3704 774 3748; x_wconf 92' lang='lat' dir='ltr'><strong>aut</strong></span> <span class='ocrx_word' id='word_1_316' title='bbox 799 3709 892 3749; x_wconf 88' lang='lat' dir='ltr'><strong>eos</strong></span> <span class='ocrx_word' id='word_1_317' title='bbox 920 3702 1232 3760; x_wconf 89' lang='lat' dir='ltr'><strong>accepturos</strong></span> <span class='ocrx_word' id='word_1_318' title='bbox 1269 3692 1361 3762; x_wconf 88' lang='lat' dir='ltr'><strong>qui</strong></span> <span class='ocrx_word' id='word_1_319' title='bbox 1389 3691 1627 3746; x_wconf 92' lang='lat' dir='ltr'><strong>nondum</strong></span> <span class='ocrx_word' id='word_1_320' title='bbox 1657 3690 2026 3747; x_wconf 79' lang='lat' dir='ltr'><strong>accesserint?</strong></span> 
     </span>
    </p>
   </div>
   <div class='ocr_carea' id='block_1_38' title="bbox 448 3784 2024 3858">
    <p class='ocr_par' dir='ltr' id='par_1_38' title="bbox 448 3784 2024 3858">
     <span class='ocr_line' id='line_1_38' title="bbox 448 3784 2024 3858; baseline -0.005 -14"><span class='ocrx_word' id='word_1_321' title='bbox 448 3804 565 3853; x_wconf 89' lang='lat' dir='ltr'><strong>nos,</strong></span> <span class='ocrx_word' id='word_1_322' title='bbox 599 3788 835 3858; x_wconf 90' lang='lat' dir='ltr'><strong>inquam,</strong></span> <span class='ocrx_word' id='word_1_323' title='bbox 859 3786 946 3856; x_wconf 92' lang='lat' dir='ltr'><strong>qui</strong></span> <span class='ocrx_word' id='word_1_324' title='bbox 978 3784 1338 3855; x_wconf 85' lang='lat' dir='ltr'><strong>voluptatibus</strong></span> <span class='ocrx_word' id='word_1_325' title='bbox 1365 3793 1423 3839; x_wconf 92' lang='lat' dir='ltr'><strong>et</strong></span> <span class='ocrx_word' id='word_1_326' title='bbox 1449 3784 1658 3839; x_wconf 90' lang='lat' dir='ltr'><strong>deliciis</strong></span> <span class='ocrx_word' id='word_1_327' title='bbox 1696 3784 1899 3854; x_wconf 80' lang='lat' dir='ltr'><strong>expleri</strong></span> <span class='ocrx_word' id='word_1_328' title='bbox 1926 3799 2024 3837; x_wconf 89' lang='lat' dir='ltr'><strong>cu-</strong></span> 
     </span>
    </p>
   </div>
   <div class='ocr_carea' id='block_1_39' title="bbox 448 3876 2027 3947">
    <p class='ocr_par' dir='ltr' id='par_1_39' title="bbox 448 3876 2027 3947">
     <span class='ocr_line' id='line_1_39' title="bbox 448 3876 2027 3947; baseline -0.003 -13"><span class='ocrx_word' id='word_1_329' title='bbox 448 3896 649 3945; x_wconf 88' lang='lat' dir='ltr'><strong>ramus,</strong></span> <span class='ocrx_word' id='word_1_330' title='bbox 680 3887 737 3934; x_wconf 91' lang='lat' dir='ltr'><strong>et</strong></span> <span class='ocrx_word' id='word_1_331' title='bbox 783 3877 1014 3947; x_wconf 90' lang='lat' dir='ltr'><strong>undique</strong></span> <span class='ocrx_word' id='word_1_332' title='bbox 1059 3877 1224 3931; x_wconf 91' lang='lat' dir='ltr'><strong>otium</strong></span> <span class='ocrx_word' id='word_1_333' title='bbox 1253 3876 1564 3946; x_wconf 70' lang='lat' dir='ltr'><strong>quaerimus,</strong></span> <span class='ocrx_word' id='word_1_334' title='bbox 1596 3885 1649 3931; x_wconf 91' lang='lat' dir='ltr'><strong>et</strong></span> <span class='ocrx_word' id='word_1_335' title='bbox 1676 3876 1911 3946; x_wconf 90' lang='lat' dir='ltr'><strong>pericula</strong></span> <span class='ocrx_word' id='word_1_336' title='bbox 1957 3891 2027 3931; x_wconf 86' lang='lat' dir='ltr'><strong>ne</strong></span> 
     </span>
    </p>
   </div>
   <div class='ocr_carea' id='block_1_40' title="bbox 447 3968 2023 4041">
    <p class='ocr_par' dir='ltr' id='par_1_40' title="bbox 447 3968 2023 4041">
     <span class='ocr_line' id='line_1_40' title="bbox 447 3968 2023 4041; baseline -0.003 -14"><span class='ocrx_word' id='word_1_337' title='bbox 447 3973 502 4027; x_wconf 88' lang='lat' dir='ltr'><strong>in</strong></span> <span class='ocrx_word' id='word_1_338' title='bbox 521 3972 724 4028; x_wconf 87' lang='lat' dir='ltr'><strong>somnis</strong></span> <span class='ocrx_word' id='word_1_339' title='bbox 743 3970 957 4041; x_wconf 90' lang='lat' dir='ltr'><strong>quidem</strong></span> <span class='ocrx_word' id='word_1_340' title='bbox 981 3970 1121 4026; x_wconf 84' lang='lat' dir='ltr'><strong>ferre</strong></span> <span class='ocrx_word' id='word_1_341' title='bbox 1141 3983 1445 4041; x_wconf 88' lang='lat' dir='ltr'><strong>possumus,</strong></span> <span class='ocrx_word' id='word_1_342' title='bbox 1469 3968 1578 4024; x_wconf 90' lang='lat' dir='ltr'><strong>imo</strong></span> <span class='ocrx_word' id='word_1_343' title='bbox 1601 3982 1734 4024; x_wconf 89' lang='lat' dir='ltr'><strong>vero</strong></span> <span class='ocrx_word' id='word_1_344' title='bbox 1753 3968 2023 4035; x_wconf 87' lang='lat' dir='ltr'><strong>nolumus;</strong></span> 
     </span>
    </p>
   </div>
   <div class='ocr_carea' id='block_1_41' title="bbox 448 4058 2025 4133">
    <p class='ocr_par' dir='ltr' id='par_1_41' title="bbox 448 4058 2025 4133">
     <span class='ocr_line' id='line_1_41' title="bbox 448 4058 2025 4133; baseline -0.004 -15"><span class='ocrx_word' id='word_1_345' title='bbox 448 4079 480 4118; x_wconf 88' lang='lat' dir='ltr'><strong>a</strong></span> <span class='ocrx_word' id='word_1_346' title='bbox 507 4062 764 4133; x_wconf 88' lang='lat' dir='ltr'><strong>sapientia</strong></span> <span class='ocrx_word' id='word_1_347' title='bbox 811 4072 987 4116; x_wconf 91' lang='lat' dir='ltr'><strong>autem</strong></span> <span class='ocrx_word' id='word_1_348' title='bbox 1021 4060 1135 4131; x_wconf 89' lang='lat' dir='ltr'><strong>ejus</strong></span> <span class='ocrx_word' id='word_1_349' title='bbox 1188 4068 1392 4114; x_wconf 90' lang='lat' dir='ltr'><strong>tantum</strong></span> <span class='ocrx_word' id='word_1_350' title='bbox 1448 4058 1723 4124; x_wconf 89' lang='lat' dir='ltr'><strong>absumus,</strong></span> <span class='ocrx_word' id='word_1_351' title='bbox 1767 4069 2025 4129; x_wconf 88' lang='lat' dir='ltr'><strong>quantum</strong></span> 
     </span>
    </p>
   </div>
   <div class='ocr_carea' id='block_1_42' title="bbox 447 4151 2028 4221">
    <p class='ocr_par' dir='ltr' id='par_1_42' title="bbox 447 4151 2028 4221">
     <span class='ocr_line' id='line_1_42' title="bbox 447 4151 2028 4221; baseline -0.001 -12"><span class='ocrx_word' id='word_1_352' title='bbox 447 4154 639 4209; x_wconf 63' lang='lat' dir='ltr'><strong>caelum</strong></span> <span class='ocrx_word' id='word_1_353' title='bbox 669 4170 698 4209; x_wconf 89' lang='lat' dir='ltr'><strong>a</strong></span> <span class='ocrx_word' id='word_1_354' title='bbox 730 4153 912 4210; x_wconf 88' lang='lat' dir='ltr'><strong>terra?</strong></span> <span class='ocrx_word' id='word_1_355' title='bbox 968 4153 1255 4221; x_wconf 84' lang='lat' dir='ltr'><strong>PrOpterea</strong></span> <span class='ocrx_word' id='word_1_356' title='bbox 1308 4162 1363 4208; x_wconf 91' lang='lat' dir='ltr'><strong>et</strong></span> <span class='ocrx_word' id='word_1_357' title='bbox 1411 4152 1500 4221; x_wconf 90' lang='lat' dir='ltr'><strong>qui</strong></span> <span class='ocrx_word' id='word_1_358' title='bbox 1550 4160 1749 4206; x_wconf 72' lang='lat' dir='ltr'><strong>nostra:</strong></span> <span class='ocrx_word' id='word_1_359' title='bbox 1799 4151 2028 4221; x_wconf 89' lang='lat' dir='ltr'><strong>subjecti</strong></span> 
     </span>
    </p>
   </div>
   <div class='ocr_carea' id='block_1_43' title="bbox 450 4244 2029 4313">
    <p class='ocr_par' dir='ltr' id='par_1_43' title="bbox 450 4244 2029 4313">
     <span class='ocr_line' id='line_1_43' title="bbox 450 4244 2029 4313; baseline -0.004 -9"><span class='ocrx_word' id='word_1_360' title='bbox 450 4256 581 4304; x_wconf 84' lang='lat' dir='ltr'><strong>sunt</strong></span> <span class='ocrx_word' id='word_1_361' title='bbox 598 4245 1067 4311; x_wconf 87' lang='lat' dir='ltr'><strong>administrationi,</strong></span> <span class='ocrx_word' id='word_1_362' title='bbox 1113 4244 1337 4299; x_wconf 89' lang='lat' dir='ltr'><strong>multum</strong></span> <span class='ocrx_word' id='word_1_363' title='bbox 1364 4244 1564 4299; x_wconf 91' lang='lat' dir='ltr'><strong>distant</strong></span> <span class='ocrx_word' id='word_1_364' title='bbox 1592 4244 1659 4297; x_wconf 91' lang='lat' dir='ltr'><strong>ab</strong></span> <span class='ocrx_word' id='word_1_365' title='bbox 1687 4244 1751 4298; x_wconf 91' lang='lat' dir='ltr'><strong>iis</strong></span> <span class='ocrx_word' id='word_1_366' title='bbox 1775 4244 1862 4313; x_wconf 91' lang='lat' dir='ltr'><strong>qui</strong></span> <span class='ocrx_word' id='word_1_367' title='bbox 1905 4253 2029 4298; x_wconf 92' lang='lat' dir='ltr'><strong>tunc</strong></span> 
     </span>
    </p>
   </div>
   <div class='ocr_carea' id='block_1_44' title="bbox 452 4336 2028 4411">
    <p class='ocr_par' dir='ltr' id='par_1_44' title="bbox 452 4336 2028 4411">
     <span class='ocr_line' id='line_1_44' title="bbox 452 4336 2028 4411; baseline -0.003 -16"><span class='ocrx_word' id='word_1_368' title='bbox 452 4350 607 4395; x_wconf 88' lang='lat' dir='ltr'><strong>erant</strong></span> <span class='ocrx_word' id='word_1_369' title='bbox 658 4357 672 4394; x_wconf 94' lang='lat'><strong>:</strong></span> <span class='ocrx_word' id='word_1_370' title='bbox 713 4338 1149 4411; x_wconf 84' lang='lat' dir='ltr'><strong>quandoquidem</strong></span> <span class='ocrx_word' id='word_1_371' title='bbox 1181 4339 1270 4408; x_wconf 89' lang='lat' dir='ltr'><strong>qui</strong></span> <span class='ocrx_word' id='word_1_372' title='bbox 1302 4348 1427 4392; x_wconf 89' lang='lat' dir='ltr'><strong>tunc</strong></span> <span class='ocrx_word' id='word_1_373' title='bbox 1467 4347 1620 4391; x_wconf 89' lang='lat' dir='ltr'><strong>erant</strong></span> <span class='ocrx_word' id='word_1_374' title='bbox 1645 4336 1887 4405; x_wconf 82' lang='lat' dir='ltr'><strong>discipuli</strong></span> <span class='ocrx_word' id='word_1_375' title='bbox 1914 4378 1929 4400; x_wconf 97' lang='lat'><strong>,</strong></span> <span class='ocrx_word' id='word_1_376' title='bbox 1964 4336 2028 4390; x_wconf 89' lang='lat' dir='ltr'><strong>iis</strong></span> 
     </span>
    </p>
   </div>
   <div class='ocr_carea' id='block_1_45' title="bbox 449 4428 2025 4502">
    <p class='ocr_par' dir='ltr' id='par_1_45' title="bbox 449 4428 2025 4502">
     <span class='ocr_line' id='line_1_45' title="bbox 449 4428 2025 4502; baseline -0.003 -16"><span class='ocrx_word' id='word_1_377' title='bbox 449 4431 540 4502; x_wconf 90' lang='lat' dir='ltr'><strong>qui</strong></span> <span class='ocrx_word' id='word_1_378' title='bbox 570 4446 711 4485; x_wconf 91' lang='lat' dir='ltr'><strong>nunc</strong></span> <span class='ocrx_word' id='word_1_379' title='bbox 730 4441 856 4485; x_wconf 90' lang='lat' dir='ltr'><strong>sunt</strong></span> <span class='ocrx_word' id='word_1_380' title='bbox 875 4430 1111 4499; x_wconf 90' lang='lat' dir='ltr'><strong>magistri</strong></span> <span class='ocrx_word' id='word_1_381' title='bbox 1134 4438 1286 4484; x_wconf 89' lang='lat' dir='ltr'><strong>erant</strong></span> <span class='ocrx_word' id='word_1_382' title='bbox 1315 4429 1737 4499; x_wconf 67' lang='lat' dir='ltr'><strong>prtestantiores,</strong></span> <span class='ocrx_word' id='word_1_383' title='bbox 1773 4438 1829 4481; x_wconf 93' lang='lat' dir='ltr'><strong>ut</strong></span> <span class='ocrx_word' id='word_1_384' title='bbox 1853 4429 1941 4498; x_wconf 92' lang='lat' dir='ltr'><strong>qui</strong></span> <span class='ocrx_word' id='word_1_385' title='bbox 1976 4428 2025 4482; x_wconf 93' lang='lat' dir='ltr'><strong>in</strong></span> 
     </span>
    </p>
   </div>
   <div class='ocr_carea' id='block_1_46' title="bbox 451 4522 2029 4594">
    <p class='ocr_par' dir='ltr' id='par_1_46' title="bbox 451 4522 2029 4594">
     <span class='ocr_line' id='line_1_46' title="bbox 451 4522 2029 4594; baseline -0.001 -15"><span class='ocrx_word' id='word_1_386' title='bbox 451 4522 643 4581; x_wconf 87' lang='lat' dir='ltr'><strong>mediis</strong></span> <span class='ocrx_word' id='word_1_387' title='bbox 689 4524 901 4592; x_wconf 87' lang='lat' dir='ltr'><strong>populis</strong></span> <span class='ocrx_word' id='word_1_388' title='bbox 943 4531 998 4576; x_wconf 90' lang='lat' dir='ltr'><strong>et</strong></span> <span class='ocrx_word' id='word_1_389' title='bbox 1042 4522 1282 4594; x_wconf 90' lang='lat' dir='ltr'><strong>tyrannis</strong></span> <span class='ocrx_word' id='word_1_390' title='bbox 1329 4522 1647 4591; x_wconf 89' lang='lat' dir='ltr'><strong>intercepti,</strong></span> <span class='ocrx_word' id='word_1_391' title='bbox 1690 4531 1745 4576; x_wconf 89' lang='lat' dir='ltr'><strong>et</strong></span> <span class='ocrx_word' id='word_1_392' title='bbox 1794 4522 2029 4589; x_wconf 83' lang='lat' dir='ltr'><strong>undique</strong></span> 
     </span>
    </p>
   </div>
   <div class='ocr_carea' id='block_1_47' title="bbox 449 4612 2027 4684">
    <p class='ocr_par' dir='ltr' id='par_1_47' title="bbox 449 4612 2027 4684">
     <span class='ocr_line' id='line_1_47' title="bbox 449 4612 2027 4684; baseline -0.002 -13"><span class='ocrx_word' id='word_1_393' title='bbox 449 4630 637 4671; x_wconf 87' lang='lat' dir='ltr'><strong>omnes</strong></span> <span class='ocrx_word' id='word_1_394' title='bbox 667 4615 923 4669; x_wconf 88' lang='lat' dir='ltr'><strong>habentes</strong></span> <span class='ocrx_word' id='word_1_395' title='bbox 950 4614 1130 4669; x_wconf 88' lang='lat' dir='ltr'><strong>hostes</strong></span> <span class='ocrx_word' id='word_1_396' title='bbox 1156 4655 1171 4680; x_wconf 92' lang='lat'><strong>,</strong></span> <span class='ocrx_word' id='word_1_397' title='bbox 1209 4628 1277 4668; x_wconf 94' lang='lat' dir='ltr'><strong>ne</strong></span> <span class='ocrx_word' id='word_1_398' title='bbox 1306 4628 1491 4683; x_wconf 92' lang='lat' dir='ltr'><strong>parum</strong></span> <span class='ocrx_word' id='word_1_399' title='bbox 1522 4614 1737 4684; x_wconf 91' lang='lat' dir='ltr'><strong>quidem</strong></span> <span class='ocrx_word' id='word_1_400' title='bbox 1786 4612 2027 4668; x_wconf 86' lang='lat' dir='ltr'><strong>attrahe-</strong></span> 
     </span>
    </p>
   </div>
   <div class='ocr_carea' id='block_1_48' title="bbox 448 4704 1861 4763">
    <p class='ocr_par' dir='ltr' id='par_1_48' title="bbox 448 4704 1861 4763">
     <span class='ocr_line' id='line_1_48' title="bbox 448 4704 1861 4763; baseline -0.003 0"><span class='ocrx_word' id='word_1_401' title='bbox 448 4708 644 4763; x_wconf 84' lang='lat' dir='ltr'><strong>hantur</strong></span> <span class='ocrx_word' id='word_1_402' title='bbox 685 4714 742 4760; x_wconf 91' lang='lat' dir='ltr'><strong>et</strong></span> <span class='ocrx_word' id='word_1_403' title='bbox 786 4704 1217 4761; x_wconf 81' lang='lat' dir='ltr'><strong>inﬂectebautur.</strong></span> <span class='ocrx_word' id='word_1_404' title='bbox 1843 4716 1861 4725; x_wconf 83' lang='grc'><strong>“</strong></span> 
     </span>
    </p>
   </div>
   <div class='ocr_carea' id='block_1_49' title="bbox 516 4794 2024 4867">
    <p class='ocr_par' dir='ltr' id='par_1_49' title="bbox 516 4794 2024 4867">
     <span class='ocr_line' id='line_1_49' title="bbox 516 4794 2024 4867; baseline -0.001 -15"><span class='ocrx_word' id='word_1_405' title='bbox 516 4798 571 4853; x_wconf 78' lang='grc'><strong>4.</strong></span> <span class='ocrx_word' id='word_1_406' title='bbox 592 4796 729 4851; x_wconf 78' lang='lat' dir='ltr'><strong>Audi</strong></span> <span class='ocrx_word' id='word_1_407' title='bbox 757 4797 936 4867; x_wconf 87' lang='lat' dir='ltr'><strong>itaque</strong></span> <span class='ocrx_word' id='word_1_408' title='bbox 961 4796 1084 4865; x_wconf 87' lang='lat' dir='ltr'><strong>quid</strong></span> <span class='ocrx_word' id='word_1_409' title='bbox 1099 4795 1242 4850; x_wconf 88' lang='lat' dir='ltr'><strong>dicat</strong></span> <span class='ocrx_word' id='word_1_410' title='bbox 1264 4794 1696 4866; x_wconf 88' lang='lat' dir='ltr'><strong>Philippensibus</strong></span> <span class='ocrx_word' id='word_1_411' title='bbox 1725 4812 1740 4851; x_wconf 90' lang='lat'><strong>:</strong></span> <span class='ocrx_word' id='word_1_412' title='bbox 1773 4795 2024 4861; x_wconf 84' lang='lat' dir='ltr'><strong>Quoniam</strong></span> 
     </span>
    </p>
   </div>
   <div class='ocr_carea' id='block_1_50' title="bbox 444 4889 2026 4960">
    <p class='ocr_par' dir='ltr' id='par_1_50' title="bbox 444 4889 2026 4960">
     <span class='ocr_line' id='line_1_50' title="bbox 444 4889 2026 4960; baseline -0.001 -14"><span class='ocrx_word' id='word_1_413' title='bbox 444 4892 585 4953; x_wconf 60' lang='lat' dir='ltr'><strong>tabis</strong></span> <span class='ocrx_word' id='word_1_414' title='bbox 613 4891 857 4945; x_wconf 81' lang='lat' dir='ltr'><strong>donatum</strong></span> <span class='ocrx_word' id='word_1_415' title='bbox 883 4900 957 4946; x_wconf 84' lang='lat' dir='ltr'><strong>est</strong></span> <span class='ocrx_word' id='word_1_416' title='bbox 988 4905 1080 4960; x_wconf 87' lang='lat' dir='ltr'><strong>pro</strong></span> <span class='ocrx_word' id='word_1_417' title='bbox 1110 4889 1312 4944; x_wconf 75' lang='lat' dir='ltr'><strong>Christo</strong></span> <span class='ocrx_word' id='word_1_418' title='bbox 1331 4930 1347 4955; x_wconf 90' lang='lat'><strong>,</strong></span> <span class='ocrx_word' id='word_1_419' title='bbox 1392 4906 1495 4944; x_wconf 84' lang='lat' dir='ltr'><strong>non</strong></span> <span class='ocrx_word' id='word_1_420' title='bbox 1539 4891 1703 4945; x_wconf 84' lang='lat' dir='ltr'><strong>solum</strong></span> <span class='ocrx_word' id='word_1_421' title='bbox 1729 4900 1783 4944; x_wconf 90' lang='lat' dir='ltr'><strong>ut</strong></span> <span class='ocrx_word' id='word_1_422' title='bbox 1811 4892 1865 4944; x_wconf 86' lang='lat' dir='ltr'><strong>in</strong></span> <span class='ocrx_word' id='word_1_423' title='bbox 1910 4907 2026 4944; x_wconf 86' lang='lat' dir='ltr'><strong>eum</strong></span> 
     </span>
    </p>
   </div>
   <div class='ocr_carea' id='block_1_51' title="bbox 443 4981 2023 5056">
    <p class='ocr_par' dir='ltr' id='par_1_51' title="bbox 443 4981 2023 5056">
     <span class='ocr_line' id='line_1_51' title="bbox 443 4981 2023 5056; baseline -0.001 -17"><span class='ocrx_word' id='word_1_424' title='bbox 443 4985 683 5049; x_wconf 77' lang='lat' dir='ltr'><strong>credatis,</strong></span> <span class='ocrx_word' id='word_1_425' title='bbox 719 4984 808 5038; x_wconf 89' lang='lat' dir='ltr'><strong>sed</strong></span> <span class='ocrx_word' id='word_1_426' title='bbox 836 4984 986 5038; x_wconf 85' lang='lat' dir='ltr'><strong>etiam</strong></span> <span class='ocrx_word' id='word_1_427' title='bbox 1014 4992 1069 5036; x_wconf 89' lang='lat' dir='ltr'><strong>ut</strong></span> <span class='ocrx_word' id='word_1_428' title='bbox 1090 4999 1184 5053; x_wconf 88' lang='lat' dir='ltr'><strong>pro</strong></span> <span class='ocrx_word' id='word_1_429' title='bbox 1212 4982 1323 5053; x_wconf 89' lang='lat' dir='ltr'><strong>ipso</strong></span> <span class='ocrx_word' id='word_1_430' title='bbox 1376 4983 1643 5051; x_wconf 85' lang='lat' dir='ltr'><strong>patiamini</strong></span> <span class='ocrx_word' id='word_1_431' title='bbox 1674 4981 1934 5056; x_wconf 81' lang='lat' dir='ltr'><strong>(Philipp.</strong></span> <span class='ocrx_word' id='word_1_432' title='bbox 1970 4986 2023 5039; x_wconf 91' lang='grc'><strong>1.</strong></span> 
     </span>
    </p>
   </div>
   <div class='ocr_carea' id='block_1_52' title="bbox 442 5074 2025 5150">
    <p class='ocr_par' dir='ltr' id='par_1_52' title="bbox 442 5074 2025 5150">
     <span class='ocr_line' id='line_1_52' title="bbox 442 5074 2025 5150; baseline -0.002 -18"><span class='ocrx_word' id='word_1_433' title='bbox 442 5076 584 5150; x_wconf 75' lang='lat'><strong>29);</strong></span> <span class='ocrx_word' id='word_1_434' title='bbox 640 5092 824 5131; x_wconf 82' lang='lat' dir='ltr'><strong>rursus</strong></span> <span class='ocrx_word' id='word_1_435' title='bbox 871 5085 1048 5132; x_wconf 86' lang='lat' dir='ltr'><strong>autem</strong></span> <span class='ocrx_word' id='word_1_436' title='bbox 1094 5074 1699 5137; x_wconf 87' lang='lat' dir='ltr'><strong>Thessalonicensibus,</strong></span> <span class='ocrx_word' id='word_1_437' title='bbox 1732 5074 2025 5130; x_wconf 86' lang='lat' dir='ltr'><strong>lmitatores</strong></span> 
     </span>
    </p>
   </div>
   <div class='ocr_carea' id='block_1_53' title="bbox 444 5167 2021 5242">
    <p class='ocr_par' dir='ltr' id='par_1_53' title="bbox 444 5167 2021 5242">
     <span class='ocr_line' id='line_1_53' title="bbox 444 5167 2021 5242; baseline 0.001 -19"><span class='ocrx_word' id='word_1_438' title='bbox 444 5172 569 5242; x_wconf 65' lang='lat' dir='ltr'><strong>{acti</strong></span> <span class='ocrx_word' id='word_1_439' title='bbox 581 5171 699 5226; x_wconf 79' lang='lat' dir='ltr'><strong>estis</strong></span> <span class='ocrx_word' id='word_1_440' title='bbox 724 5170 1060 5225; x_wconf 81' lang='lat' dir='ltr'><strong>Ecclesiarum</strong></span> <span class='ocrx_word' id='word_1_441' title='bbox 1082 5168 1195 5234; x_wconf 78' lang='lat' dir='ltr'><strong>Dei,</strong></span> <span class='ocrx_word' id='word_1_442' title='bbox 1216 5184 1329 5240; x_wconf 75' lang='lat' dir='ltr'><strong>qua:</strong></span> <span class='ocrx_word' id='word_1_443' title='bbox 1339 5179 1452 5222; x_wconf 85' lang='lat' dir='ltr'><strong>sunt</strong></span> <span class='ocrx_word' id='word_1_444' title='bbox 1470 5169 1521 5221; x_wconf 86' lang='lat' dir='ltr'><strong>in</strong></span> <span class='ocrx_word' id='word_1_445' title='bbox 1541 5168 1725 5222; x_wconf 66' lang='lat' dir='ltr'><strong>Iudaea</strong></span> <span class='ocrx_word' id='word_1_446' title='bbox 1744 5170 1792 5237; x_wconf 93' lang='grc'><strong>(1</strong></span> <span class='ocrx_word' id='word_1_447' title='bbox 1807 5207 1822 5222; x_wconf 97' lang='grc'><strong>.</strong></span> <span class='ocrx_word' id='word_1_448' title='bbox 1844 5167 2021 5224; x_wconf 81' lang='lat' dir='ltr'><strong>Thess.</strong></span> 
     </span>
    </p>
   </div>
   <div class='ocr_carea' id='block_1_54' title="bbox 444 5262 2022 5337">
    <p class='ocr_par' dir='ltr' id='par_1_54' title="bbox 444 5262 2022 5337">
     <span class='ocr_line' id='line_1_54' title="bbox 444 5262 2022 5337; baseline -0.005 -12"><span class='ocrx_word' id='word_1_449' title='bbox 444 5265 499 5327; x_wconf 58' lang='grc' dir='ltr'><strong>ἓ.</strong></span> <span class='ocrx_word' id='word_1_450' title='bbox 533 5266 656 5337; x_wconf 71' lang='grc' dir='ltr'><strong>Η).</strong></span> <span class='ocrx_word' id='word_1_451' title='bbox 691 5265 758 5319; x_wconf 85' lang='grc' dir='ltr'><strong>Ει</strong></span> <span class='ocrx_word' id='word_1_452' title='bbox 782 5264 846 5318; x_wconf 88' lang='lat' dir='ltr'><strong>ad</strong></span> <span class='ocrx_word' id='word_1_453' title='bbox 871 5263 1123 5318; x_wconf 66' lang='lat' dir='ltr'><strong>Hehraaos</strong></span> <span class='ocrx_word' id='word_1_454' title='bbox 1148 5263 1387 5320; x_wconf 88' lang='lat' dir='ltr'><strong>scribens</strong></span> <span class='ocrx_word' id='word_1_455' title='bbox 1412 5262 1625 5317; x_wconf 84' lang='lat' dir='ltr'><strong>dicebat</strong></span> <span class='ocrx_word' id='word_1_456' title='bbox 1650 5281 1662 5316; x_wconf 91' lang='lat'><strong>:</strong></span> <span class='ocrx_word' id='word_1_457' title='bbox 1691 5262 1760 5316; x_wconf 87' lang='lat' dir='ltr'><strong>Et</strong></span> <span class='ocrx_word' id='word_1_458' title='bbox 1787 5264 2022 5333; x_wconf 84' lang='lat' dir='ltr'><strong>rapinam</strong></span> 
     </span>
    </p>
   </div>
   <div class='ocr_carea' id='block_1_55' title="bbox 444 5355 2020 5428">
    <p class='ocr_par' dir='ltr' id='par_1_55' title="bbox 444 5355 2020 5428">
     <span class='ocr_line' id='line_1_55' title="bbox 444 5355 2020 5428; baseline -0.001 -15"><span class='ocrx_word' id='word_1_459' title='bbox 444 5360 984 5413; x_wconf 76' lang='lat' dir='ltr'><strong>bonarumvestrorum</strong></span> <span class='ocrx_word' id='word_1_460' title='bbox 1009 5371 1122 5411; x_wconf 88' lang='lat' dir='ltr'><strong>cum</strong></span> <span class='ocrx_word' id='word_1_461' title='bbox 1149 5355 1336 5425; x_wconf 86' lang='lat' dir='ltr'><strong>gaudio</strong></span> <span class='ocrx_word' id='word_1_462' title='bbox 1378 5357 1669 5424; x_wconf 85' lang='lat' dir='ltr'><strong>suscepistis</strong></span> <span class='ocrx_word' id='word_1_463' title='bbox 1709 5356 1894 5428; x_wconf 79' lang='lat' dir='ltr'><strong>(Hebr.</strong></span> <span class='ocrx_word' id='word_1_464' title='bbox 1929 5358 2020 5411; x_wconf 87' lang='grc'><strong>10.</strong></span> 
     </span>
    </p>
   </div>
   <div class='ocr_carea' id='block_1_56' title="bbox 446 5447 2014 5519">
    <p class='ocr_par' dir='ltr' id='par_1_56' title="bbox 446 5447 2014 5519">
     <span class='ocr_line' id='line_1_56' title="bbox 446 5447 2014 5519; baseline -0.001 -13"><span class='ocrx_word' id='word_1_465' title='bbox 446 5452 561 5519; x_wconf 70' lang='grc' dir='ltr'><strong>δι).</strong></span> <span class='ocrx_word' id='word_1_466' title='bbox 588 5450 999 5506; x_wconf 74' lang='lat' dir='ltr'><strong>Colosseusihus</strong></span> <span class='ocrx_word' id='word_1_467' title='bbox 1017 5463 1229 5519; x_wconf 89' lang='lat' dir='ltr'><strong>quoque</strong></span> <span class='ocrx_word' id='word_1_468' title='bbox 1251 5447 1354 5504; x_wconf 78' lang='lat' dir='ltr'><strong>fert</strong></span> <span class='ocrx_word' id='word_1_469' title='bbox 1376 5450 1759 5516; x_wconf 89' lang='lat' dir='ltr'><strong>testimonium,</strong></span> <span class='ocrx_word' id='word_1_470' title='bbox 1794 5450 2014 5507; x_wconf 88' lang='lat' dir='ltr'><strong>dicens:</strong></span> 
     </span>
    </p>
   </div>
   <div class='ocr_carea' id='block_1_57' title="bbox 447 5542 2022 5607">
    <p class='ocr_par' dir='ltr' id='par_1_57' title="bbox 447 5542 2022 5607">
     <span class='ocr_line' id='line_1_57' title="bbox 447 5542 2022 5607; baseline 0.001 -10"><span class='ocrx_word' id='word_1_471' title='bbox 447 5543 637 5597; x_wconf 77' lang='grc' dir='ltr'><strong>Μονιυὶ</strong></span> <span class='ocrx_word' id='word_1_472' title='bbox 662 5545 791 5596; x_wconf 82' lang='lat' dir='ltr'><strong>enim</strong></span> <span class='ocrx_word' id='word_1_473' title='bbox 813 5543 947 5607; x_wconf 86' lang='lat' dir='ltr'><strong>estis,</strong></span> <span class='ocrx_word' id='word_1_474' title='bbox 979 5551 1025 5598; x_wconf 88' lang='lat' dir='ltr'><strong>et</strong></span> <span class='ocrx_word' id='word_1_475' title='bbox 1052 5543 1150 5595; x_wconf 81' lang='lat' dir='ltr'><strong>vita</strong></span> <span class='ocrx_word' id='word_1_476' title='bbox 1169 5553 1331 5596; x_wconf 85' lang='lat' dir='ltr'><strong>vestra</strong></span> <span class='ocrx_word' id='word_1_477' title='bbox 1352 5542 1593 5596; x_wconf 84' lang='lat' dir='ltr'><strong>absconsa</strong></span> <span class='ocrx_word' id='word_1_478' title='bbox 1632 5554 1704 5597; x_wconf 92' lang='lat' dir='ltr'><strong>est</strong></span> <span class='ocrx_word' id='word_1_479' title='bbox 1731 5561 1846 5597; x_wconf 87' lang='lat' dir='ltr'><strong>cum</strong></span> <span class='ocrx_word' id='word_1_480' title='bbox 1872 5544 2022 5598; x_wconf 77' lang='lat' dir='ltr'><strong>Chri-</strong></span> 
     </span>
    </p>
   </div>
   <div class='ocr_carea' id='block_1_58' title="bbox 447 5633 2014 5705">
    <p class='ocr_par' dir='ltr' id='par_1_58' title="bbox 447 5633 2014 5705">
     <span class='ocr_line' id='line_1_58' title="bbox 447 5633 2014 5705; baseline -0.002 -13"><span class='ocrx_word' id='word_1_481' title='bbox 447 5648 521 5692; x_wconf 86' lang='lat' dir='ltr'><strong>sto</strong></span> <span class='ocrx_word' id='word_1_482' title='bbox 547 5636 599 5688; x_wconf 87' lang='lat' dir='ltr'><strong>in</strong></span> <span class='ocrx_word' id='word_1_483' title='bbox 625 5633 731 5688; x_wconf 89' lang='lat' dir='ltr'><strong>Deo</strong></span> <span class='ocrx_word' id='word_1_484' title='bbox 763 5633 893 5705; x_wconf 81' lang='lat' dir='ltr'><strong>(Col.</strong></span> <span class='ocrx_word' id='word_1_485' title='bbox 925 5635 979 5688; x_wconf 76' lang='lat'><strong>5.</strong></span> <span class='ocrx_word' id='word_1_486' title='bbox 1011 5634 1087 5703; x_wconf 78' lang='lat'><strong>3).</strong></span> <span class='ocrx_word' id='word_1_487' title='bbox 1116 5634 1182 5689; x_wconf 81' lang='lat' dir='ltr'><strong>Et</strong></span> <span class='ocrx_word' id='word_1_488' title='bbox 1222 5634 1289 5689; x_wconf 91' lang='lat' dir='ltr'><strong>de</strong></span> <span class='ocrx_word' id='word_1_489' title='bbox 1312 5635 1442 5704; x_wconf 85' lang='lat' dir='ltr'><strong>ipsis</strong></span> <span class='ocrx_word' id='word_1_490' title='bbox 1471 5633 1555 5688; x_wconf 89' lang='lat' dir='ltr'><strong>his</strong></span> <span class='ocrx_word' id='word_1_491' title='bbox 1582 5644 1808 5690; x_wconf 88' lang='lat' dir='ltr'><strong>testatur</strong></span> <span class='ocrx_word' id='word_1_492' title='bbox 1853 5638 2014 5690; x_wconf 88' lang='lat' dir='ltr'><strong>etiam</strong></span> 
     </span>
    </p>
   </div>
   <div class='ocr_carea' id='block_1_59' title="bbox 447 5725 2017 5797">
    <p class='ocr_par' dir='ltr' id='par_1_59' title="bbox 447 5725 2017 5797">
     <span class='ocr_line' id='line_1_59' title="bbox 447 5725 2017 5797; baseline 0.004 -20"><span class='ocrx_word' id='word_1_493' title='bbox 447 5725 583 5797; x_wconf 79' lang='lat' dir='ltr'><strong>quod</strong></span> <span class='ocrx_word' id='word_1_494' title='bbox 614 5728 775 5781; x_wconf 88' lang='lat' dir='ltr'><strong>multa</strong></span> <span class='ocrx_word' id='word_1_495' title='bbox 819 5727 1081 5784; x_wconf 86' lang='lat' dir='ltr'><strong>subierint</strong></span> <span class='ocrx_word' id='word_1_496' title='bbox 1130 5726 1382 5796; x_wconf 87' lang='lat' dir='ltr'><strong>pericula.</strong></span> <span class='ocrx_word' id='word_1_497' title='bbox 1424 5727 1492 5781; x_wconf 88' lang='lat' dir='ltr'><strong>Et</strong></span> <span class='ocrx_word' id='word_1_498' title='bbox 1520 5726 1587 5780; x_wconf 90' lang='lat' dir='ltr'><strong>ad</strong></span> <span class='ocrx_word' id='word_1_499' title='bbox 1613 5727 1827 5782; x_wconf 86' lang='lat' dir='ltr'><strong>Galatas</strong></span> <span class='ocrx_word' id='word_1_500' title='bbox 1854 5729 2017 5783; x_wconf 90' lang='lat' dir='ltr'><strong>etiam</strong></span> 
     </span>
    </p>
   </div>
   <div class='ocr_carea' id='block_1_60' title="bbox 439 5816 2024 5893">
    <p class='ocr_par' dir='ltr' id='par_1_60' title="bbox 439 5816 2024 5893">
     <span class='ocr_line' id='line_1_60' title="bbox 439 5816 2024 5893; baseline 0.003 -17"><span class='ocrx_word' id='word_1_501' title='bbox 439 5817 681 5876; x_wconf 79' lang='lat' dir='ltr'><strong>scribens</strong></span> <span class='ocrx_word' id='word_1_502' title='bbox 706 5820 797 5893; x_wconf 65' lang='lat' dir='ltr'><strong>ait.</strong></span> <span class='ocrx_word' id='word_1_503' title='bbox 824 5816 992 5873; x_wconf 83' lang='lat' dir='ltr'><strong>Tanta</strong></span> <span class='ocrx_word' id='word_1_504' title='bbox 1010 5820 1143 5875; x_wconf 76' lang='grc' dir='ltr'><strong>ναωί</strong></span> <span class='ocrx_word' id='word_1_505' title='bbox 1169 5819 1283 5874; x_wconf 83' lang='lat' dir='ltr'><strong>estis</strong></span> <span class='ocrx_word' id='word_1_506' title='bbox 1307 5820 1415 5874; x_wconf 87' lang='lat' dir='ltr'><strong>sine</strong></span> <span class='ocrx_word' id='word_1_507' title='bbox 1443 5835 1619 5887; x_wconf 83' lang='lat' dir='ltr'><strong>causa,</strong></span> <span class='ocrx_word' id='word_1_508' title='bbox 1648 5818 1691 5873; x_wconf 90' lang='lat' dir='ltr'><strong>si</strong></span> <span class='ocrx_word' id='word_1_509' title='bbox 1718 5829 1882 5875; x_wconf 77' lang='lat' dir='ltr'><strong>tamen</strong></span> <span class='ocrx_word' id='word_1_510' title='bbox 1916 5826 2024 5881; x_wconf 86' lang='lat' dir='ltr'><strong>sine</strong></span> 
     </span>
    </p>
   </div>
   <div class='ocr_carea' id='block_1_61' title="bbox 2119 447 3702 530">
    <p class='ocr_par' dir='ltr' id='par_1_61' title="bbox 2119 447 3702 530">
     <span class='ocr_line' id='line_1_61' title="bbox 2119 447 3702 530; baseline 0.015 -34"><span class='ocrx_word' id='word_1_511' title='bbox 2119 460 2274 500; x_wconf 89' lang='lat' dir='ltr'><strong>causa</strong></span> <span class='ocrx_word' id='word_1_512' title='bbox 2318 447 2457 520; x_wconf 77' lang='lat' dir='ltr'><strong>(Gal.</strong></span> <span class='ocrx_word' id='word_1_513' title='bbox 2482 452 2535 507; x_wconf 78' lang='lat'><strong>3.</strong></span> <span class='ocrx_word' id='word_1_514' title='bbox 2564 453 2641 516; x_wconf 70' lang='grc'><strong>4).</strong></span> <span class='ocrx_word' id='word_1_515' title='bbox 2674 453 2832 509; x_wconf 86' lang='lat' dir='ltr'><strong>Vides</strong></span> <span class='ocrx_word' id='word_1_516' title='bbox 2858 472 3046 513; x_wconf 90' lang='lat' dir='ltr'><strong>omnes</strong></span> <span class='ocrx_word' id='word_1_517' title='bbox 3086 456 3212 516; x_wconf 89' lang='lat' dir='ltr'><strong>huic</strong></span> <span class='ocrx_word' id='word_1_518' title='bbox 3243 460 3322 516; x_wconf 91' lang='lat' dir='ltr'><strong>rei</strong></span> <span class='ocrx_word' id='word_1_519' title='bbox 3368 462 3702 530; x_wconf 79' lang='lat' dir='ltr'><strong>incubuiSse,</strong></span> 
     </span>
    </p>
   </div>
   <div class='ocr_carea' id='block_1_62' title="bbox 2124 544 3700 620">
    <p class='ocr_par' dir='ltr' id='par_1_62' title="bbox 2124 544 3700 620">
     <span class='ocr_line' id='line_1_62' title="bbox 2124 544 3700 620; baseline 0.011 -27"><span class='ocrx_word' id='word_1_520' title='bbox 2124 554 2318 611; x_wconf 91' lang='lat' dir='ltr'><strong>nempe</strong></span> <span class='ocrx_word' id='word_1_521' title='bbox 2362 551 2419 597; x_wconf 92' lang='lat' dir='ltr'><strong>ut</strong></span> <span class='ocrx_word' id='word_1_522' title='bbox 2450 544 2586 600; x_wconf 89' lang='lat' dir='ltr'><strong>bene</strong></span> <span class='ocrx_word' id='word_1_523' title='bbox 2630 544 2887 602; x_wconf 83' lang='lat' dir='ltr'><strong>facerent.</strong></span> <span class='ocrx_word' id='word_1_524' title='bbox 2922 548 3213 620; x_wconf 87' lang='lat' dir='ltr'><strong>Propterea</strong></span> <span class='ocrx_word' id='word_1_525' title='bbox 3240 562 3368 610; x_wconf 90' lang='lat' dir='ltr'><strong>tunc</strong></span> <span class='ocrx_word' id='word_1_526' title='bbox 3405 557 3565 610; x_wconf 80' lang='lat' dir='ltr'><strong>etiam</strong></span> <span class='ocrx_word' id='word_1_527' title='bbox 3594 574 3700 611; x_wconf 90' lang='lat' dir='ltr'><strong>non</strong></span> 
     </span>
    </p>
   </div>
   <div class='ocr_carea' id='block_1_63' title="bbox 2122 634 3706 716">
    <p class='ocr_par' dir='ltr' id='par_1_63' title="bbox 2122 634 3706 716">
     <span class='ocr_line' id='line_1_63' title="bbox 2122 634 3706 716; baseline 0.011 -30"><span class='ocrx_word' id='word_1_528' title='bbox 2122 640 2239 686; x_wconf 92' lang='lat' dir='ltr'><strong>erat</strong></span> <span class='ocrx_word' id='word_1_529' title='bbox 2258 634 2425 687; x_wconf 86' lang='lat' dir='ltr'><strong>otiosa</strong></span> <span class='ocrx_word' id='word_1_530' title='bbox 2468 638 2634 705; x_wconf 90' lang='lat' dir='ltr'><strong>gratia</strong></span> <span class='ocrx_word' id='word_1_531' title='bbox 2675 680 2689 694; x_wconf 95' lang='lat'><strong>.</strong></span> <span class='ocrx_word' id='word_1_532' title='bbox 2726 651 3003 709; x_wconf 88' lang='lat' dir='ltr'><strong>propterea</strong></span> <span class='ocrx_word' id='word_1_533' title='bbox 3036 641 3161 698; x_wconf 90' lang='lat' dir='ltr'><strong>hinc</strong></span> <span class='ocrx_word' id='word_1_534' title='bbox 3186 644 3237 698; x_wconf 93' lang='lat' dir='ltr'><strong>in</strong></span> <span class='ocrx_word' id='word_1_535' title='bbox 3270 645 3422 701; x_wconf 89' lang='lat' dir='ltr'><strong>bonis</strong></span> <span class='ocrx_word' id='word_1_536' title='bbox 3450 649 3706 716; x_wconf 82' lang='lat' dir='ltr'><strong>operibus</strong></span> 
     </span>
    </p>
   </div>
   <div class='ocr_carea' id='block_1_64' title="bbox 2123 724 3700 806">
    <p class='ocr_par' dir='ltr' id='par_1_64' title="bbox 2123 724 3700 806">
     <span class='ocr_line' id='line_1_64' title="bbox 2123 724 3700 806; baseline 0.013 -32"><span class='ocrx_word' id='word_1_537' title='bbox 2123 724 2283 779; x_wconf 88' lang='lat' dir='ltr'><strong>vitam</strong></span> <span class='ocrx_word' id='word_1_538' title='bbox 2312 727 2555 796; x_wconf 86' lang='lat' dir='ltr'><strong>agebant.</strong></span> <span class='ocrx_word' id='word_1_539' title='bbox 2583 729 2718 799; x_wconf 84' lang='lat' dir='ltr'><strong>Quid</strong></span> <span class='ocrx_word' id='word_1_540' title='bbox 2745 747 2871 787; x_wconf 88' lang='lat' dir='ltr'><strong>vero</strong></span> <span class='ocrx_word' id='word_1_541' title='bbox 2896 734 2964 787; x_wconf 89' lang='lat' dir='ltr'><strong>ad</strong></span> <span class='ocrx_word' id='word_1_542' title='bbox 2990 735 3300 792; x_wconf 81' lang='lat' dir='ltr'><strong>Corinthios</strong></span> <span class='ocrx_word' id='word_1_543' title='bbox 3325 740 3524 793; x_wconf 87' lang='lat' dir='ltr'><strong>scribat</strong></span> <span class='ocrx_word' id='word_1_544' title='bbox 3552 742 3700 806; x_wconf 89' lang='lat' dir='ltr'><strong>audi,</strong></span> 
     </span>
    </p>
   </div>
   <div class='ocr_carea' id='block_1_65' title="bbox 2122 816 3706 902">
    <p class='ocr_par' dir='ltr' id='par_1_65' title="bbox 2122 816 3706 902">
     <span class='ocr_line' id='line_1_65' title="bbox 2122 816 3706 902; baseline 0.014 -35"><span class='ocrx_word' id='word_1_545' title='bbox 2122 816 2274 885; x_wconf 88' lang='lat' dir='ltr'><strong>queis</strong></span> <span class='ocrx_word' id='word_1_546' title='bbox 2307 820 2468 874; x_wconf 90' lang='lat' dir='ltr'><strong>multa</strong></span> <span class='ocrx_word' id='word_1_547' title='bbox 2515 825 2736 877; x_wconf 85' lang='lat' dir='ltr'><strong>crimina</strong></span> <span class='ocrx_word' id='word_1_548' title='bbox 2777 826 2962 895; x_wconf 88' lang='lat' dir='ltr'><strong>objicit</strong></span> <span class='ocrx_word' id='word_1_549' title='bbox 2990 845 3003 881; x_wconf 93' lang='lat'><strong>:</strong></span> <span class='ocrx_word' id='word_1_550' title='bbox 3036 843 3213 885; x_wconf 92' lang='lat' dir='ltr'><strong>annon</strong></span> <span class='ocrx_word' id='word_1_551' title='bbox 3242 830 3311 887; x_wconf 89' lang='lat' dir='ltr'><strong>de</strong></span> <span class='ocrx_word' id='word_1_552' title='bbox 3341 832 3445 887; x_wconf 89' lang='lat' dir='ltr'><strong>illis</strong></span> <span class='ocrx_word' id='word_1_553' title='bbox 3490 849 3706 902; x_wconf 78' lang='lat' dir='ltr'><strong>quoque</strong></span> 
     </span>
    </p>
   </div>
   <div class='ocr_carea' id='block_1_66' title="bbox 2124 908 3707 990">
    <p class='ocr_par' dir='ltr' id='par_1_66' title="bbox 2124 908 3707 990">
     <span class='ocr_line' id='line_1_66' title="bbox 2124 908 3707 990; baseline 0.011 -28"><span class='ocrx_word' id='word_1_554' title='bbox 2124 908 2239 965; x_wconf 65' lang='lat' dir='ltr'><strong>haec</strong></span> <span class='ocrx_word' id='word_1_555' title='bbox 2266 913 2597 981; x_wconf 77' lang='lat' dir='ltr'><strong>testificatur,</strong></span> <span class='ocrx_word' id='word_1_556' title='bbox 2621 915 2727 971; x_wconf 76' lang='lat' dir='ltr'><strong>Sed</strong></span> <span class='ocrx_word' id='word_1_557' title='bbox 2745 921 3117 976; x_wconf 67' lang='lat' dir='ltr'><strong>inmutationem</strong></span> <span class='ocrx_word' id='word_1_558' title='bbox 3138 934 3373 990; x_wconf 84' lang='lat' dir='ltr'><strong>vestram,</strong></span> <span class='ocrx_word' id='word_1_559' title='bbox 3401 925 3489 978; x_wconf 87' lang='lat' dir='ltr'><strong>sed</strong></span> <span class='ocrx_word' id='word_1_560' title='bbox 3509 926 3707 980; x_wconf 87' lang='lat' dir='ltr'><strong>deside-</strong></span> 
     </span>
    </p>
   </div>
   <div class='ocr_carea' id='block_1_67' title="bbox 2122 1004 3701 1088">
    <p class='ocr_par' dir='ltr' id='par_1_67' title="bbox 2122 1004 3701 1088">
     <span class='ocr_line' id='line_1_67' title="bbox 2122 1004 3701 1088; baseline 0.011 -32"><span class='ocrx_word' id='word_1_561' title='bbox 2122 1004 2256 1058; x_wconf 89' lang='lat' dir='ltr'><strong>rium</strong></span> <span class='ocrx_word' id='word_1_562' title='bbox 2309 1004 2385 1076; x_wconf 73' lang='grc'><strong>(9..</strong></span> <span class='ocrx_word' id='word_1_563' title='bbox 2417 1006 2536 1062; x_wconf 85' lang='lat' dir='ltr'><strong>Cor.</strong></span> <span class='ocrx_word' id='word_1_564' title='bbox 2568 1010 2619 1061; x_wconf 88' lang='lat'><strong>7.</strong></span> <span class='ocrx_word' id='word_1_565' title='bbox 2652 1010 2787 1079; x_wconf 80' lang='lat' dir='ltr'><strong>ll)?</strong></span> <span class='ocrx_word' id='word_1_566' title='bbox 2815 1013 2879 1066; x_wconf 86' lang='lat' dir='ltr'><strong>Et</strong></span> <span class='ocrx_word' id='word_1_567' title='bbox 2916 1013 2983 1067; x_wconf 91' lang='lat' dir='ltr'><strong>de</strong></span> <span class='ocrx_word' id='word_1_568' title='bbox 3014 1013 3115 1069; x_wconf 89' lang='lat' dir='ltr'><strong>hac</strong></span> <span class='ocrx_word' id='word_1_569' title='bbox 3146 1031 3205 1070; x_wconf 91' lang='lat' dir='ltr'><strong>re</strong></span> <span class='ocrx_word' id='word_1_570' title='bbox 3234 1032 3351 1086; x_wconf 71' lang='lat' dir='ltr'><strong>qua:</strong></span> <span class='ocrx_word' id='word_1_571' title='bbox 3393 1020 3523 1088; x_wconf 88' lang='lat' dir='ltr'><strong>ipsis</strong></span> <span class='ocrx_word' id='word_1_572' title='bbox 3550 1020 3701 1086; x_wconf 76' lang='lat' dir='ltr'><strong>dicit,</strong></span> 
     </span>
    </p>
   </div>
   <div class='ocr_carea' id='block_1_68' title="bbox 2124 1105 3703 1180">
    <p class='ocr_par' dir='ltr' id='par_1_68' title="bbox 2124 1105 3703 1180">
     <span class='ocr_line' id='line_1_68' title="bbox 2124 1105 3703 1180; baseline 0.008 -27"><span class='ocrx_word' id='word_1_573' title='bbox 2124 1114 2184 1153; x_wconf 87' lang='lat' dir='ltr'><strong>ea</strong></span> <span class='ocrx_word' id='word_1_574' title='bbox 2214 1114 2355 1154; x_wconf 92' lang='lat' dir='ltr'><strong>nunc</strong></span> <span class='ocrx_word' id='word_1_575' title='bbox 2399 1116 2467 1154; x_wconf 89' lang='lat' dir='ltr'><strong>ne</strong></span> <span class='ocrx_word' id='word_1_576' title='bbox 2493 1116 2521 1154; x_wconf 88' lang='lat' dir='ltr'><strong>a</strong></span> <span class='ocrx_word' id='word_1_577' title='bbox 2573 1105 2840 1173; x_wconf 84' lang='lat' dir='ltr'><strong>magistris</strong></span> <span class='ocrx_word' id='word_1_578' title='bbox 2868 1106 3081 1176; x_wconf 86' lang='lat' dir='ltr'><strong>quidem</strong></span> <span class='ocrx_word' id='word_1_579' title='bbox 3113 1107 3230 1163; x_wconf 82' lang='lat' dir='ltr'><strong>ﬁeri</strong></span> <span class='ocrx_word' id='word_1_580' title='bbox 3272 1109 3484 1165; x_wconf 84' lang='lat' dir='ltr'><strong>videtis.</strong></span> <span class='ocrx_word' id='word_1_581' title='bbox 3518 1110 3703 1180; x_wconf 89' lang='lat' dir='ltr'><strong>Itaque</strong></span> 
     </span>
    </p>
   </div>
   <div class='ocr_carea' id='block_1_69' title="bbox 2125 1194 3709 1274">
    <p class='ocr_par' dir='ltr' id='par_1_69' title="bbox 2125 1194 3709 1274">
     <span class='ocr_line' id='line_1_69' title="bbox 2125 1194 3709 1274; baseline 0.008 -28"><span class='ocrx_word' id='word_1_582' title='bbox 2125 1203 2349 1261; x_wconf 87' lang='lat' dir='ltr'><strong>pereunt</strong></span> <span class='ocrx_word' id='word_1_583' title='bbox 2375 1204 2429 1248; x_wconf 92' lang='lat' dir='ltr'><strong>et</strong></span> <span class='ocrx_word' id='word_1_584' title='bbox 2458 1194 2776 1250; x_wconf 84' lang='lat' dir='ltr'><strong>interierunt</strong></span> <span class='ocrx_word' id='word_1_585' title='bbox 2805 1200 3005 1255; x_wconf 90' lang='lat' dir='ltr'><strong>omnia.</strong></span> <span class='ocrx_word' id='word_1_586' title='bbox 3028 1200 3200 1255; x_wconf 85' lang='lat' dir='ltr'><strong>Causa</strong></span> <span class='ocrx_word' id='word_1_587' title='bbox 3230 1211 3406 1257; x_wconf 89' lang='lat' dir='ltr'><strong>autem</strong></span> <span class='ocrx_word' id='word_1_588' title='bbox 3436 1213 3538 1267; x_wconf 84' lang='lat' dir='ltr'><strong>est.</strong></span> <span class='ocrx_word' id='word_1_589' title='bbox 3562 1205 3709 1274; x_wconf 84' lang='lat' dir='ltr'><strong>quod</strong></span> 
     </span>
    </p>
   </div>
   <div class='ocr_carea' id='block_1_70' title="bbox 2125 1286 3708 1364">
    <p class='ocr_par' dir='ltr' id='par_1_70' title="bbox 2125 1286 3708 1364">
     <span class='ocr_line' id='line_1_70' title="bbox 2125 1286 3708 1364; baseline 0.006 -24"><span class='ocrx_word' id='word_1_590' title='bbox 2125 1286 2395 1341; x_wconf 79' lang='lat' dir='ltr'><strong>refrixerit</strong></span> <span class='ocrx_word' id='word_1_591' title='bbox 2427 1288 2643 1353; x_wconf 87' lang='lat' dir='ltr'><strong>caritas,</strong></span> <span class='ocrx_word' id='word_1_592' title='bbox 2682 1288 2823 1357; x_wconf 89' lang='lat' dir='ltr'><strong>quod</strong></span> <span class='ocrx_word' id='word_1_593' title='bbox 2866 1292 2953 1360; x_wconf 91' lang='lat' dir='ltr'><strong>qui</strong></span> <span class='ocrx_word' id='word_1_594' title='bbox 2986 1301 3209 1360; x_wconf 89' lang='lat' dir='ltr'><strong>peccant</strong></span> <span class='ocrx_word' id='word_1_595' title='bbox 3236 1308 3344 1348; x_wconf 89' lang='lat' dir='ltr'><strong>non</strong></span> <span class='ocrx_word' id='word_1_596' title='bbox 3381 1296 3708 1364; x_wconf 87' lang='lat' dir='ltr'><strong>castigentur</strong></span> 
     </span>
    </p>
   </div>
   <div class='ocr_carea' id='block_1_71' title="bbox 2125 1378 3704 1451">
    <p class='ocr_par' dir='ltr' id='par_1_71' title="bbox 2125 1378 3704 1451">
     <span class='ocr_line' id='line_1_71' title="bbox 2125 1378 3704 1451; baseline 0.005 -20"><span class='ocrx_word' id='word_1_597' title='bbox 2125 1378 2289 1451; x_wconf 90' lang='lat' dir='ltr'><strong>(audi</strong></span> <span class='ocrx_word' id='word_1_598' title='bbox 2319 1394 2439 1433; x_wconf 90' lang='lat' dir='ltr'><strong>eum</strong></span> <span class='ocrx_word' id='word_1_599' title='bbox 2466 1379 2788 1434; x_wconf 88' lang='lat' dir='ltr'><strong>scribentem</strong></span> <span class='ocrx_word' id='word_1_600' title='bbox 2816 1380 2882 1434; x_wconf 88' lang='lat' dir='ltr'><strong>ad</strong></span> <span class='ocrx_word' id='word_1_601' title='bbox 2949 1379 3286 1437; x_wconf 90' lang='lat' dir='ltr'><strong>Timotheum</strong></span> <span class='ocrx_word' id='word_1_602' title='bbox 3318 1394 3372 1437; x_wconf 84' lang='lat' dir='ltr'><strong>et</strong></span> <span class='ocrx_word' id='word_1_603' title='bbox 3400 1385 3663 1439; x_wconf 86' lang='lat' dir='ltr'><strong>dicentem</strong></span> <span class='ocrx_word' id='word_1_604' title='bbox 3688 1428 3704 1449; x_wconf 92' lang='lat'><strong>,</strong></span> 
     </span>
    </p>
   </div>
   <div class='ocr_carea' id='block_1_72' title="bbox 2126 1469 3705 1548">
    <p class='ocr_par' dir='ltr' id='par_1_72' title="bbox 2126 1469 3705 1548">
     <span class='ocr_line' id='line_1_72' title="bbox 2126 1469 3705 1548; baseline 0.004 -24"><span class='ocrx_word' id='word_1_605' title='bbox 2126 1469 2400 1525; x_wconf 85' lang='lat' dir='ltr'><strong>Peccantes</strong></span> <span class='ocrx_word' id='word_1_606' title='bbox 2427 1488 2599 1525; x_wconf 90' lang='lat' dir='ltr'><strong>coram</strong></span> <span class='ocrx_word' id='word_1_607' title='bbox 2629 1473 2859 1526; x_wconf 86' lang='lat' dir='ltr'><strong>omnibus</strong></span> <span class='ocrx_word' id='word_1_608' title='bbox 2882 1489 3037 1543; x_wconf 84' lang='lat' dir='ltr'><strong>argue</strong></span> <span class='ocrx_word' id='word_1_609' title='bbox 3064 1473 3140 1546; x_wconf 88' lang='grc'><strong>[1.</strong></span> <span class='ocrx_word' id='word_1_610' title='bbox 3162 1474 3297 1530; x_wconf 86' lang='lat' dir='ltr'><strong>Tim.</strong></span> <span class='ocrx_word' id='word_1_611' title='bbox 3317 1476 3368 1531; x_wconf 83' lang='lat'><strong>5.</strong></span> <span class='ocrx_word' id='word_1_612' title='bbox 3398 1476 3536 1548; x_wconf 75' lang='lat'><strong>20]);</strong></span> <span class='ocrx_word' id='word_1_613' title='bbox 3564 1477 3705 1547; x_wconf 87' lang='lat' dir='ltr'><strong>quod</strong></span> 
     </span>
    </p>
   </div>
   <div class='ocr_carea' id='block_1_73' title="bbox 2124 1565 3704 1637">
    <p class='ocr_par' dir='ltr' id='par_1_73' title="bbox 2124 1565 3704 1637">
     <span class='ocr_line' id='line_1_73' title="bbox 2124 1565 3704 1637; baseline 0.003 -20"><span class='ocrx_word' id='word_1_614' title='bbox 2124 1565 2395 1634; x_wconf 89' lang='lat' dir='ltr'><strong>principes</strong></span> <span class='ocrx_word' id='word_1_615' title='bbox 2420 1574 2719 1635; x_wconf 67' lang='lat' dir='ltr'><strong>aegrotent:</strong></span> <span class='ocrx_word' id='word_1_616' title='bbox 2746 1581 2866 1619; x_wconf 86' lang='lat' dir='ltr'><strong>nam</strong></span> <span class='ocrx_word' id='word_1_617' title='bbox 2894 1566 3020 1621; x_wconf 92' lang='lat' dir='ltr'><strong>dum</strong></span> <span class='ocrx_word' id='word_1_618' title='bbox 3047 1578 3206 1637; x_wconf 91' lang='lat' dir='ltr'><strong>caput</strong></span> <span class='ocrx_word' id='word_1_619' title='bbox 3230 1584 3334 1623; x_wconf 91' lang='lat' dir='ltr'><strong>non</strong></span> <span class='ocrx_word' id='word_1_620' title='bbox 3366 1579 3447 1623; x_wconf 76' lang='lat' dir='ltr'><strong>est</strong></span> <span class='ocrx_word' id='word_1_621' title='bbox 3492 1586 3704 1631; x_wconf 85' lang='lat' dir='ltr'><strong>samnn,</strong></span> 
     </span>
    </p>
   </div>
   <div class='ocr_carea' id='block_1_74' title="bbox 2124 1656 3707 1729">
    <p class='ocr_par' dir='ltr' id='par_1_74' title="bbox 2124 1656 3707 1729">
     <span class='ocr_line' id='line_1_74' title="bbox 2124 1656 3707 1729; baseline 0.004 -21"><span class='ocrx_word' id='word_1_622' title='bbox 2124 1656 2394 1726; x_wconf 91' lang='lat' dir='ltr'><strong>quomodo</strong></span> <span class='ocrx_word' id='word_1_623' title='bbox 2440 1657 2577 1711; x_wconf 90' lang='lat' dir='ltr'><strong>bene</strong></span> <span class='ocrx_word' id='word_1_624' title='bbox 2631 1658 2815 1712; x_wconf 85' lang='lat' dir='ltr'><strong>valens</strong></span> <span class='ocrx_word' id='word_1_625' title='bbox 2864 1659 3122 1713; x_wconf 88' lang='lat' dir='ltr'><strong>manserit</strong></span> <span class='ocrx_word' id='word_1_626' title='bbox 3165 1660 3426 1729; x_wconf 91' lang='lat' dir='ltr'><strong>reliquum</strong></span> <span class='ocrx_word' id='word_1_627' title='bbox 3473 1661 3707 1729; x_wconf 78' lang='lat' dir='ltr'><strong>corpus?</strong></span> 
     </span>
    </p>
   </div>
   <div class='ocr_carea' id='block_1_75' title="bbox 2127 1745 3707 1822">
    <p class='ocr_par' dir='ltr' id='par_1_75' title="bbox 2127 1745 3707 1822">
     <span class='ocr_line' id='line_1_75' title="bbox 2127 1745 3707 1822; baseline 0.006 -22"><span class='ocrx_word' id='word_1_628' title='bbox 2127 1745 2261 1803; x_wconf 81' lang='lat' dir='ltr'><strong>Vide</strong></span> <span class='ocrx_word' id='word_1_629' title='bbox 2290 1762 2421 1819; x_wconf 91' lang='lat' dir='ltr'><strong>ergo</strong></span> <span class='ocrx_word' id='word_1_630' title='bbox 2445 1756 2643 1819; x_wconf 87' lang='lat' dir='ltr'><strong>quanta</strong></span> <span class='ocrx_word' id='word_1_631' title='bbox 2671 1749 2742 1803; x_wconf 90' lang='lat' dir='ltr'><strong>sit</strong></span> <span class='ocrx_word' id='word_1_632' title='bbox 2787 1750 3140 1819; x_wconf 71' lang='lat' dir='ltr'><strong>intequalitas.</strong></span> <span class='ocrx_word' id='word_1_633' title='bbox 3170 1750 3303 1806; x_wconf 86' lang='lat' dir='ltr'><strong>Nam</strong></span> <span class='ocrx_word' id='word_1_634' title='bbox 3337 1754 3428 1822; x_wconf 91' lang='lat' dir='ltr'><strong>qui</strong></span> <span class='ocrx_word' id='word_1_635' title='bbox 3458 1764 3602 1808; x_wconf 88' lang='lat' dir='ltr'><strong>recte</strong></span> <span class='ocrx_word' id='word_1_636' title='bbox 3630 1754 3707 1809; x_wconf 82' lang='lat' dir='ltr'><strong>vi-</strong></span> 
     </span>
    </p>
   </div>
   <div class='ocr_carea' id='block_1_76' title="bbox 2124 1840 3707 1913">
    <p class='ocr_par' dir='ltr' id='par_1_76' title="bbox 2124 1840 3707 1913">
     <span class='ocr_line' id='line_1_76' title="bbox 2124 1840 3707 1913; baseline 0.004 -20"><span class='ocrx_word' id='word_1_637' title='bbox 2124 1848 2274 1901; x_wconf 84' lang='lat' dir='ltr'><strong>vunt.</strong></span> <span class='ocrx_word' id='word_1_638' title='bbox 2306 1850 2359 1893; x_wconf 90' lang='lat' dir='ltr'><strong>ct</strong></span> <span class='ocrx_word' id='word_1_639' title='bbox 2384 1840 2888 1910; x_wconf 85' lang='lat' dir='ltr'><strong>quomodocumque</strong></span> <span class='ocrx_word' id='word_1_640' title='bbox 2916 1841 3117 1897; x_wconf 88' lang='lat' dir='ltr'><strong>habent</strong></span> <span class='ocrx_word' id='word_1_641' title='bbox 3148 1842 3421 1913; x_wconf 79' lang='lat' dir='ltr'><strong>ﬁduciam,</strong></span> <span class='ocrx_word' id='word_1_642' title='bbox 3438 1846 3707 1900; x_wconf 87' lang='lat' dir='ltr'><strong>montium</strong></span> 
     </span>
    </p>
   </div>
   <div class='ocr_carea' id='block_1_77' title="bbox 2124 1935 3708 2005">
    <p class='ocr_par' dir='ltr' id='par_1_77' title="bbox 2124 1935 3708 2005">
     <span class='ocr_line' id='line_1_77' title="bbox 2124 1935 3708 2005; baseline 0 -14"><span class='ocrx_word' id='word_1_643' title='bbox 2124 1935 2399 1991; x_wconf 90' lang='lat' dir='ltr'><strong>cacumina</strong></span> <span class='ocrx_word' id='word_1_644' title='bbox 2447 1944 2780 2005; x_wconf 89' lang='lat' dir='ltr'><strong>occuparunt</strong></span> <span class='ocrx_word' id='word_1_645' title='bbox 2804 1943 2860 1990; x_wconf 89' lang='lat' dir='ltr'><strong>et</strong></span> <span class='ocrx_word' id='word_1_646' title='bbox 2896 1949 2926 1989; x_wconf 91' lang='lat' dir='ltr'><strong>a</strong></span> <span class='ocrx_word' id='word_1_647' title='bbox 2954 1936 3132 1991; x_wconf 89' lang='lat' dir='ltr'><strong>medio</strong></span> <span class='ocrx_word' id='word_1_648' title='bbox 3162 1946 3522 2002; x_wconf 89' lang='lat' dir='ltr'><strong>recesserunt,</strong></span> <span class='ocrx_word' id='word_1_649' title='bbox 3569 1946 3708 1991; x_wconf 84' lang='lat' dir='ltr'><strong>tam-</strong></span> 
     </span>
    </p>
   </div>
   <div class='ocr_carea' id='block_1_78' title="bbox 2124 2025 3707 2099">
    <p class='ocr_par' dir='ltr' id='par_1_78' title="bbox 2124 2025 3707 2099">
     <span class='ocr_line' id='line_1_78' title="bbox 2124 2025 3707 2099; baseline 0.001 -17"><span class='ocrx_word' id='word_1_650' title='bbox 2124 2042 2282 2098; x_wconf 91' lang='lat' dir='ltr'><strong>quam</strong></span> <span class='ocrx_word' id='word_1_651' title='bbox 2311 2027 2378 2081; x_wconf 91' lang='lat' dir='ltr'><strong>ab</strong></span> <span class='ocrx_word' id='word_1_652' title='bbox 2402 2025 2553 2081; x_wconf 90' lang='lat' dir='ltr'><strong>hoste</strong></span> <span class='ocrx_word' id='word_1_653' title='bbox 2579 2037 2632 2081; x_wconf 92' lang='lat' dir='ltr'><strong>et</strong></span> <span class='ocrx_word' id='word_1_654' title='bbox 2656 2026 2854 2093; x_wconf 90' lang='lat' dir='ltr'><strong>alieno,</strong></span> <span class='ocrx_word' id='word_1_655' title='bbox 2882 2042 2977 2082; x_wconf 91' lang='lat' dir='ltr'><strong>seu</strong></span> <span class='ocrx_word' id='word_1_656' title='bbox 3006 2042 3111 2082; x_wconf 93' lang='lat' dir='ltr'><strong>non</strong></span> <span class='ocrx_word' id='word_1_657' title='bbox 3133 2044 3163 2082; x_wconf 90' lang='lat' dir='ltr'><strong>a</strong></span> <span class='ocrx_word' id='word_1_658' title='bbox 3191 2042 3289 2082; x_wconf 88' lang='lat' dir='ltr'><strong>suo</strong></span> <span class='ocrx_word' id='word_1_659' title='bbox 3309 2043 3532 2099; x_wconf 91' lang='lat' dir='ltr'><strong>corpore</strong></span> <span class='ocrx_word' id='word_1_660' title='bbox 3554 2030 3707 2084; x_wconf 80' lang='lat' dir='ltr'><strong>avul-</strong></span> 
     </span>
    </p>
   </div>
   <div class='ocr_carea' id='block_1_79' title="bbox 2126 2110 3709 2175">
    <p class='ocr_par' dir='ltr' id='par_1_79' title="bbox 2126 2110 3709 2175">
     <span class='ocr_line' id='line_1_79' title="bbox 2126 2110 3709 2175; baseline 0.001 -1"><span class='ocrx_word' id='word_1_661' title='bbox 2126 2120 2170 2174; x_wconf 91' lang='lat' dir='ltr'><strong>si</strong></span> <span class='ocrx_word' id='word_1_662' title='bbox 2204 2138 2218 2174; x_wconf 88' lang='lat'><strong>:</strong></span> <span class='ocrx_word' id='word_1_663' title='bbox 2251 2110 2501 2175; x_wconf 67' lang='lat' dir='ltr'><strong>scelePati</strong></span> <span class='ocrx_word' id='word_1_664' title='bbox 2551 2127 2730 2174; x_wconf 87' lang='lat' dir='ltr'><strong>autem</strong></span> <span class='ocrx_word' id='word_1_665' title='bbox 2784 2128 2839 2174; x_wconf 91' lang='lat' dir='ltr'><strong>et</strong></span> <span class='ocrx_word' id='word_1_666' title='bbox 2882 2118 3068 2175; x_wconf 84' lang='lat' dir='ltr'><strong>referti</strong></span> <span class='ocrx_word' id='word_1_667' title='bbox 3114 2119 3272 2175; x_wconf 89' lang='lat' dir='ltr'><strong>malis</strong></span> <span class='ocrx_word' id='word_1_668' title='bbox 3318 2120 3609 2174; x_wconf 86' lang='lat' dir='ltr'><strong>innumeris</strong></span> <span class='ocrx_word' id='word_1_669' title='bbox 3653 2121 3709 2175; x_wconf 90' lang='lat' dir='ltr'><strong>iu</strong></span> 
     </span>
    </p>
   </div>
   <div class='ocr_carea' id='block_1_80' title="bbox 2128 2212 3704 2283">
    <p class='ocr_par' dir='ltr' id='par_1_80' title="bbox 2128 2212 3704 2283">
     <span class='ocr_line' id='line_1_80' title="bbox 2128 2212 3704 2283; baseline 0.001 -17"><span class='ocrx_word' id='word_1_670' title='bbox 2128 2212 2395 2267; x_wconf 87' lang='lat' dir='ltr'><strong>Ecclesias</strong></span> <span class='ocrx_word' id='word_1_671' title='bbox 2428 2213 2731 2267; x_wconf 91' lang='lat' dir='ltr'><strong>iusilierunt</strong></span> <span class='ocrx_word' id='word_1_672' title='bbox 2781 2230 2797 2268; x_wconf 88' lang='lat'><strong>:</strong></span> <span class='ocrx_word' id='word_1_673' title='bbox 2832 2214 3047 2268; x_wconf 85' lang='lat' dir='ltr'><strong>venales</strong></span> <span class='ocrx_word' id='word_1_674' title='bbox 3086 2212 3303 2267; x_wconf 80' lang='lat' dir='ltr'><strong>fuerunt</strong></span> <span class='ocrx_word' id='word_1_675' title='bbox 3356 2214 3704 2283; x_wconf 86' lang='lat' dir='ltr'><strong>principatus.</strong></span> 
     </span>
    </p>
   </div>
   <div class='ocr_carea' id='block_1_81' title="bbox 2128 2303 3711 2375">
    <p class='ocr_par' dir='ltr' id='par_1_81' title="bbox 2128 2303 3711 2375">
     <span class='ocr_line' id='line_1_81' title="bbox 2128 2303 3711 2375; baseline 0.001 -17"><span class='ocrx_word' id='word_1_676' title='bbox 2128 2303 2410 2359; x_wconf 88' lang='lat' dir='ltr'><strong>lnnumera</strong></span> <span class='ocrx_word' id='word_1_677' title='bbox 2439 2304 2563 2359; x_wconf 90' lang='lat' dir='ltr'><strong>hinc</strong></span> <span class='ocrx_word' id='word_1_678' title='bbox 2584 2305 2721 2359; x_wconf 91' lang='lat' dir='ltr'><strong>mala</strong></span> <span class='ocrx_word' id='word_1_679' title='bbox 2751 2314 3060 2371; x_wconf 88' lang='lat' dir='ltr'><strong>nascuntur,</strong></span> <span class='ocrx_word' id='word_1_680' title='bbox 3094 2321 3253 2359; x_wconf 90' lang='lat' dir='ltr'><strong>nemo</strong></span> <span class='ocrx_word' id='word_1_681' title='bbox 3297 2313 3379 2359; x_wconf 89' lang='lat' dir='ltr'><strong>est</strong></span> <span class='ocrx_word' id='word_1_682' title='bbox 3409 2306 3499 2375; x_wconf 90' lang='lat' dir='ltr'><strong>qui</strong></span> <span class='ocrx_word' id='word_1_683' title='bbox 3540 2306 3711 2360; x_wconf 88' lang='lat' dir='ltr'><strong>corri-</strong></span> 
     </span>
    </p>
   </div>
   <div class='ocr_carea' id='block_1_82' title="bbox 2126 2394 3710 2466">
    <p class='ocr_par' dir='ltr' id='par_1_82' title="bbox 2126 2394 3710 2466">
     <span class='ocr_line' id='line_1_82' title="bbox 2126 2394 3710 2466; baseline -0.002 -16"><span class='ocrx_word' id='word_1_684' title='bbox 2126 2406 2235 2466; x_wconf 87' lang='lat' dir='ltr'><strong>gat,</strong></span> <span class='ocrx_word' id='word_1_685' title='bbox 2270 2411 2429 2450; x_wconf 91' lang='lat' dir='ltr'><strong>nemo</strong></span> <span class='ocrx_word' id='word_1_686' title='bbox 2450 2397 2537 2465; x_wconf 91' lang='lat' dir='ltr'><strong>qui</strong></span> <span class='ocrx_word' id='word_1_687' title='bbox 2570 2397 2843 2463; x_wconf 84' lang='lat' dir='ltr'><strong>increpet;</strong></span> <span class='ocrx_word' id='word_1_688' title='bbox 2868 2394 2961 2450; x_wconf 89' lang='lat' dir='ltr'><strong>sed</strong></span> <span class='ocrx_word' id='word_1_689' title='bbox 2989 2396 3126 2448; x_wconf 89' lang='lat' dir='ltr'><strong>viam</strong></span> <span class='ocrx_word' id='word_1_690' title='bbox 3157 2398 3439 2465; x_wconf 88' lang='lat' dir='ltr'><strong>quamdam</strong></span> <span class='ocrx_word' id='word_1_691' title='bbox 3481 2407 3534 2450; x_wconf 90' lang='lat' dir='ltr'><strong>et</strong></span> <span class='ocrx_word' id='word_1_692' title='bbox 3560 2396 3710 2448; x_wconf 83' lang='lat' dir='ltr'><strong>ordi-</strong></span> 
     </span>
    </p>
   </div>
   <div class='ocr_carea' id='block_1_83' title="bbox 2128 2486 3713 2557">
    <p class='ocr_par' dir='ltr' id='par_1_83' title="bbox 2128 2486 3713 2557">
     <span class='ocr_line' id='line_1_83' title="bbox 2128 2486 3713 2557; baseline 0.001 -16"><span class='ocrx_word' id='word_1_693' title='bbox 2128 2503 2249 2543; x_wconf 93' lang='lat' dir='ltr'><strong>nem</strong></span> <span class='ocrx_word' id='word_1_694' title='bbox 2294 2486 2502 2557; x_wconf 89' lang='lat' dir='ltr'><strong>accepit</strong></span> <span class='ocrx_word' id='word_1_695' title='bbox 2544 2486 2811 2542; x_wconf 84' lang='lat' dir='ltr'><strong>confusio.</strong></span> <span class='ocrx_word' id='word_1_696' title='bbox 2862 2487 3111 2542; x_wconf 88' lang='lat' dir='ltr'><strong>Peccavit</strong></span> <span class='ocrx_word' id='word_1_697' title='bbox 3164 2488 3468 2557; x_wconf 86' lang='lat' dir='ltr'><strong>quispiam,</strong></span> <span class='ocrx_word' id='word_1_698' title='bbox 3511 2497 3566 2543; x_wconf 90' lang='lat' dir='ltr'><strong>et</strong></span> <span class='ocrx_word' id='word_1_699' title='bbox 3612 2488 3713 2543; x_wconf 79' lang='lat' dir='ltr'><strong>fuit</strong></span> 
     </span>
    </p>
   </div>
   <div class='ocr_carea' id='block_1_84' title="bbox 2126 2580 3709 2650">
    <p class='ocr_par' dir='ltr' id='par_1_84' title="bbox 2126 2580 3709 2650">
     <span class='ocr_line' id='line_1_84' title="bbox 2126 2580 3709 2650; baseline -0.002 -13"><span class='ocrx_word' id='word_1_700' title='bbox 2126 2583 2448 2638; x_wconf 84' lang='lat' dir='ltr'><strong>accusatus?</strong></span> <span class='ocrx_word' id='word_1_701' title='bbox 2468 2580 2584 2636; x_wconf 87' lang='lat' dir='ltr'><strong>Non</strong></span> <span class='ocrx_word' id='word_1_702' title='bbox 2618 2581 2670 2635; x_wconf 92' lang='lat' dir='ltr'><strong>in</strong></span> <span class='ocrx_word' id='word_1_703' title='bbox 2699 2580 2802 2636; x_wconf 90' lang='lat' dir='ltr'><strong>hoc</strong></span> <span class='ocrx_word' id='word_1_704' title='bbox 2831 2581 2981 2650; x_wconf 89' lang='lat' dir='ltr'><strong>ponit</strong></span> <span class='ocrx_word' id='word_1_705' title='bbox 2999 2580 3230 2635; x_wconf 89' lang='lat' dir='ltr'><strong>studium</strong></span> <span class='ocrx_word' id='word_1_706' title='bbox 3264 2589 3322 2634; x_wconf 92' lang='lat' dir='ltr'><strong>ut</strong></span> <span class='ocrx_word' id='word_1_707' title='bbox 3353 2594 3411 2635; x_wconf 92' lang='lat' dir='ltr'><strong>se</strong></span> <span class='ocrx_word' id='word_1_708' title='bbox 3432 2580 3709 2635; x_wconf 79' lang='lat' dir='ltr'><strong>innoxium</strong></span> 
     </span>
    </p>
   </div>
   <div class='ocr_carea' id='block_1_85' title="bbox 2128 2675 3710 2745">
    <p class='ocr_par' dir='ltr' id='par_1_85' title="bbox 2128 2675 3710 2745">
     <span class='ocr_line' id='line_1_85' title="bbox 2128 2675 3710 2745; baseline 0.002 -14"><span class='ocrx_word' id='word_1_709' title='bbox 2128 2676 2393 2741; x_wconf 88' lang='lat' dir='ltr'><strong>ostendat,</strong></span> <span class='ocrx_word' id='word_1_710' title='bbox 2429 2676 2522 2731; x_wconf 89' lang='lat' dir='ltr'><strong>sed</strong></span> <span class='ocrx_word' id='word_1_711' title='bbox 2572 2686 2631 2731; x_wconf 90' lang='lat' dir='ltr'><strong>ut</strong></span> <span class='ocrx_word' id='word_1_712' title='bbox 2674 2676 2915 2731; x_wconf 82' lang='lat' dir='ltr'><strong>invenire</strong></span> <span class='ocrx_word' id='word_1_713' title='bbox 2961 2675 3131 2745; x_wconf 90' lang='lat' dir='ltr'><strong>possit</strong></span> <span class='ocrx_word' id='word_1_714' title='bbox 3172 2675 3349 2731; x_wconf 88' lang='lat' dir='ltr'><strong>socios</strong></span> <span class='ocrx_word' id='word_1_715' title='bbox 3398 2676 3710 2734; x_wconf 88' lang='lat' dir='ltr'><strong>criminum.</strong></span> 
     </span>
    </p>
   </div>
   <div class='ocr_carea' id='block_1_86' title="bbox 2127 2768 3712 2841">
    <p class='ocr_par' dir='ltr' id='par_1_86' title="bbox 2127 2768 3712 2841">
     <span class='ocr_line' id='line_1_86' title="bbox 2127 2768 3712 2841; baseline 0.001 -17"><span class='ocrx_word' id='word_1_716' title='bbox 2127 2770 2265 2839; x_wconf 86' lang='lat' dir='ltr'><strong>Quid</strong></span> <span class='ocrx_word' id='word_1_717' title='bbox 2288 2786 2461 2841; x_wconf 89' lang='lat' dir='ltr'><strong>agam,</strong></span> <span class='ocrx_word' id='word_1_718' title='bbox 2491 2786 2615 2825; x_wconf 91' lang='lat' dir='ltr'><strong>cum</strong></span> <span class='ocrx_word' id='word_1_719' title='bbox 2641 2770 2897 2841; x_wconf 77' lang='lat' dir='ltr'><strong>gehennae</strong></span> <span class='ocrx_word' id='word_1_720' title='bbox 2917 2770 3075 2825; x_wconf 65' lang='lat' dir='ltr'><strong>minae</strong></span> <span class='ocrx_word' id='word_1_721' title='bbox 3095 2776 3223 2826; x_wconf 88' lang='lat' dir='ltr'><strong>sunt</strong></span> <span class='ocrx_word' id='word_1_722' title='bbox 3243 2768 3549 2824; x_wconf 71' lang='lat' dir='ltr'><strong>intentatze?</strong></span> <span class='ocrx_word' id='word_1_723' title='bbox 3572 2770 3712 2826; x_wconf 78' lang='lat' dir='ltr'><strong>Cre-</strong></span> 
     </span>
    </p>
   </div>
   <div class='ocr_carea' id='block_1_87' title="bbox 2128 2861 3706 2932">
    <p class='ocr_par' dir='ltr' id='par_1_87' title="bbox 2128 2861 3706 2932">
     <span class='ocr_line' id='line_1_87' title="bbox 2128 2861 3706 2932; baseline -0.003 -14"><span class='ocrx_word' id='word_1_724' title='bbox 2128 2863 2238 2919; x_wconf 91' lang='lat' dir='ltr'><strong>dite</strong></span> <span class='ocrx_word' id='word_1_725' title='bbox 2264 2864 2414 2932; x_wconf 91' lang='lat' dir='ltr'><strong>mihi,</strong></span> <span class='ocrx_word' id='word_1_726' title='bbox 2435 2864 2537 2918; x_wconf 90' lang='lat' dir='ltr'><strong>nisi</strong></span> <span class='ocrx_word' id='word_1_727' title='bbox 2555 2864 2696 2919; x_wconf 87' lang='lat' dir='ltr'><strong>Deus</strong></span> <span class='ocrx_word' id='word_1_728' title='bbox 2718 2863 2825 2919; x_wconf 92' lang='lat' dir='ltr'><strong>illic</strong></span> <span class='ocrx_word' id='word_1_729' title='bbox 2846 2862 3001 2918; x_wconf 90' lang='lat' dir='ltr'><strong>nobis</strong></span> <span class='ocrx_word' id='word_1_730' title='bbox 3015 2871 3341 2918; x_wconf 89' lang='lat' dir='ltr'><strong>reservasset</strong></span> <span class='ocrx_word' id='word_1_731' title='bbox 3365 2861 3706 2931; x_wconf 89' lang='lat' dir='ltr'><strong>supplicium,</strong></span> 
     </span>
    </p>
   </div>
   <div class='ocr_carea' id='block_1_88' title="bbox 2128 2954 3713 3027">
    <p class='ocr_par' dir='ltr' id='par_1_88' title="bbox 2128 2954 3713 3027">
     <span class='ocr_line' id='line_1_88' title="bbox 2128 2954 3713 3027; baseline -0.001 -16"><span class='ocrx_word' id='word_1_732' title='bbox 2128 2957 2382 3011; x_wconf 85' lang='lat' dir='ltr'><strong>videretis</strong></span> <span class='ocrx_word' id='word_1_733' title='bbox 2425 2957 2667 3027; x_wconf 90' lang='lat' dir='ltr'><strong>quotidie</strong></span> <span class='ocrx_word' id='word_1_734' title='bbox 2696 2957 2928 3022; x_wconf 85' lang='lat' dir='ltr'><strong>majores</strong></span> <span class='ocrx_word' id='word_1_735' title='bbox 2957 2954 3244 3026; x_wconf 66' lang='lat' dir='ltr'><strong>tragoedias</strong></span> <span class='ocrx_word' id='word_1_736' title='bbox 3273 2969 3433 3025; x_wconf 88' lang='lat' dir='ltr'><strong>quam</strong></span> <span class='ocrx_word' id='word_1_737' title='bbox 3463 2954 3713 3009; x_wconf 86' lang='lat' dir='ltr'><strong>Judaicas</strong></span> 
     </span>
    </p>
   </div>
   <div class='ocr_carea' id='block_1_89' title="bbox 2130 3047 3708 3118">
    <p class='ocr_par' dir='ltr' id='par_1_89' title="bbox 2130 3047 3708 3118">
     <span class='ocr_line' id='line_1_89' title="bbox 2130 3047 3708 3118; baseline -0.003 -13"><span class='ocrx_word' id='word_1_738' title='bbox 2130 3050 2253 3105; x_wconf 89' lang='lat' dir='ltr'><strong>illas</strong></span> <span class='ocrx_word' id='word_1_739' title='bbox 2278 3050 2626 3105; x_wconf 86' lang='lat' dir='ltr'><strong>calamitates.</strong></span> <span class='ocrx_word' id='word_1_740' title='bbox 2653 3048 2792 3118; x_wconf 87' lang='lat' dir='ltr'><strong>Quid</strong></span> <span class='ocrx_word' id='word_1_741' title='bbox 2833 3049 3020 3105; x_wconf 91' lang='lat' dir='ltr'><strong>enim?</strong></span> <span class='ocrx_word' id='word_1_742' title='bbox 3059 3047 3152 3103; x_wconf 92' lang='lat' dir='ltr'><strong>sed</strong></span> <span class='ocrx_word' id='word_1_743' title='bbox 3182 3062 3341 3103; x_wconf 92' lang='lat' dir='ltr'><strong>nemo</strong></span> <span class='ocrx_word' id='word_1_744' title='bbox 3372 3056 3708 3112; x_wconf 87' lang='lat' dir='ltr'><strong>succenseat,</strong></span> 
     </span>
    </p>
   </div>
   <div class='ocr_carea' id='block_1_90' title="bbox 2130 3139 3713 3210">
    <p class='ocr_par' dir='ltr' id='par_1_90' title="bbox 2130 3139 3713 3210">
     <span class='ocr_line' id='line_1_90' title="bbox 2130 3139 3713 3210; baseline -0.001 -13"><span class='ocrx_word' id='word_1_745' title='bbox 2130 3157 2236 3197; x_wconf 91' lang='lat' dir='ltr'><strong>non</strong></span> <span class='ocrx_word' id='word_1_746' title='bbox 2271 3140 2442 3195; x_wconf 91' lang='lat' dir='ltr'><strong>dicam</strong></span> <span class='ocrx_word' id='word_1_747' title='bbox 2466 3141 2609 3196; x_wconf 92' lang='lat' dir='ltr'><strong>enim</strong></span> <span class='ocrx_word' id='word_1_748' title='bbox 2638 3139 2951 3197; x_wconf 86' lang='lat' dir='ltr'><strong>nominatim</strong></span> <span class='ocrx_word' id='word_1_749' title='bbox 2990 3157 3004 3194; x_wconf 89' lang='lat'><strong>:</strong></span> <span class='ocrx_word' id='word_1_750' title='bbox 3033 3139 3078 3194; x_wconf 90' lang='lat' dir='ltr'><strong>si</strong></span> <span class='ocrx_word' id='word_1_751' title='bbox 3102 3139 3221 3210; x_wconf 91' lang='lat' dir='ltr'><strong>quis</strong></span> <span class='ocrx_word' id='word_1_752' title='bbox 3241 3154 3362 3195; x_wconf 90' lang='lat' dir='ltr'><strong>cum</strong></span> <span class='ocrx_word' id='word_1_753' title='bbox 3390 3140 3713 3195; x_wconf 82' lang='lat' dir='ltr'><strong>accessisset</strong></span> 
     </span>
    </p>
   </div>
   <div class='ocr_carea' id='block_1_91' title="bbox 2128 3231 3712 3303">
    <p class='ocr_par' dir='ltr' id='par_1_91' title="bbox 2128 3231 3712 3303">
     <span class='ocr_line' id='line_1_91' title="bbox 2128 3231 3712 3303; baseline -0.002 -15"><span class='ocrx_word' id='word_1_754' title='bbox 2128 3232 2195 3289; x_wconf 89' lang='lat' dir='ltr'><strong>ad</strong></span> <span class='ocrx_word' id='word_1_755' title='bbox 2220 3232 2525 3299; x_wconf 80' lang='lat' dir='ltr'><strong>ecclesiam,</strong></span> <span class='ocrx_word' id='word_1_756' title='bbox 2559 3233 2623 3287; x_wconf 92' lang='lat' dir='ltr'><strong>iis</strong></span> <span class='ocrx_word' id='word_1_757' title='bbox 2640 3233 2731 3303; x_wconf 88' lang='lat' dir='ltr'><strong>qui</strong></span> <span class='ocrx_word' id='word_1_758' title='bbox 2760 3248 2904 3287; x_wconf 88' lang='lat' dir='ltr'><strong>nunc</strong></span> <span class='ocrx_word' id='word_1_759' title='bbox 2925 3240 3050 3288; x_wconf 91' lang='lat' dir='ltr'><strong>sunt</strong></span> <span class='ocrx_word' id='word_1_760' title='bbox 3076 3241 3131 3287; x_wconf 93' lang='lat' dir='ltr'><strong>et</strong></span> <span class='ocrx_word' id='word_1_761' title='bbox 3158 3232 3249 3303; x_wconf 89' lang='lat' dir='ltr'><strong>qui</strong></span> <span class='ocrx_word' id='word_1_762' title='bbox 3290 3231 3565 3287; x_wconf 87' lang='lat' dir='ltr'><strong>vobiscum</strong></span> <span class='ocrx_word' id='word_1_763' title='bbox 3586 3240 3712 3286; x_wconf 87' lang='lat' dir='ltr'><strong>sunt</strong></span> 
     </span>
    </p>
   </div>
   <div class='ocr_carea' id='block_1_92' title="bbox 2127 3320 3717 3387">
    <p class='ocr_par' dir='ltr' id='par_1_92' title="bbox 2127 3320 3717 3387">
     <span class='ocr_line' id='line_1_92' title="bbox 2127 3320 3717 3387; baseline -0.002 -8"><span class='ocrx_word' id='word_1_764' title='bbox 2127 3324 2389 3387; x_wconf 87' lang='lat' dir='ltr'><strong>adductis,</strong></span> <span class='ocrx_word' id='word_1_765' title='bbox 2419 3339 2514 3379; x_wconf 91' lang='lat' dir='ltr'><strong>eos</strong></span> <span class='ocrx_word' id='word_1_766' title='bbox 2541 3323 2909 3387; x_wconf 81' lang='lat' dir='ltr'><strong>examinaret;</strong></span> <span class='ocrx_word' id='word_1_767' title='bbox 2956 3323 3063 3377; x_wconf 93' lang='lat' dir='ltr'><strong>imo</strong></span> <span class='ocrx_word' id='word_1_768' title='bbox 3089 3337 3218 3378; x_wconf 91' lang='lat' dir='ltr'><strong>vero</strong></span> <span class='ocrx_word' id='word_1_769' title='bbox 3258 3336 3361 3377; x_wconf 91' lang='lat' dir='ltr'><strong>non</strong></span> <span class='ocrx_word' id='word_1_770' title='bbox 3393 3336 3566 3387; x_wconf 91' lang='lat' dir='ltr'><strong>nunc,</strong></span> <span class='ocrx_word' id='word_1_771' title='bbox 3613 3320 3717 3376; x_wconf 76' lang='lat' dir='ltr'><strong>sed</strong></span> 
     </span>
    </p>
   </div>
   <div class='ocr_carea' id='block_1_93' title="bbox 2128 3412 3707 3486">
    <p class='ocr_par' dir='ltr' id='par_1_93' title="bbox 2128 3412 3707 3486">
     <span class='ocr_line' id='line_1_93' title="bbox 2128 3412 3707 3486; baseline -0.001 -17"><span class='ocrx_word' id='word_1_772' title='bbox 2128 3416 2174 3471; x_wconf 91' lang='lat' dir='ltr'><strong>si</strong></span> <span class='ocrx_word' id='word_1_773' title='bbox 2205 3418 2322 3486; x_wconf 89' lang='lat' dir='ltr'><strong>quis</strong></span> <span class='ocrx_word' id='word_1_774' title='bbox 2345 3416 2395 3470; x_wconf 92' lang='lat' dir='ltr'><strong>in</strong></span> <span class='ocrx_word' id='word_1_775' title='bbox 2426 3415 2515 3470; x_wconf 91' lang='lat' dir='ltr'><strong>die</strong></span> <span class='ocrx_word' id='word_1_776' title='bbox 2542 3414 2783 3481; x_wconf 79' lang='lat' dir='ltr'><strong>Pasclue,</strong></span> <span class='ocrx_word' id='word_1_777' title='bbox 2812 3429 3001 3468; x_wconf 89' lang='lat' dir='ltr'><strong>omnes</strong></span> <span class='ocrx_word' id='word_1_778' title='bbox 3026 3412 3119 3484; x_wconf 92' lang='lat' dir='ltr'><strong>qui</strong></span> <span class='ocrx_word' id='word_1_779' title='bbox 3157 3412 3418 3468; x_wconf 88' lang='lat' dir='ltr'><strong>accedunt</strong></span> <span class='ocrx_word' id='word_1_780' title='bbox 3437 3422 3491 3468; x_wconf 89' lang='lat' dir='ltr'><strong>et</strong></span> <span class='ocrx_word' id='word_1_781' title='bbox 3520 3414 3707 3467; x_wconf 88' lang='lat' dir='ltr'><strong>lavan-</strong></span> 
     </span>
    </p>
   </div>
   <div class='ocr_carea' id='block_1_94' title="bbox 2130 3505 3707 3578">
    <p class='ocr_par' dir='ltr' id='par_1_94' title="bbox 2130 3505 3707 3578">
     <span class='ocr_line' id='line_1_94' title="bbox 2130 3505 3707 3578; baseline -0.004 -15"><span class='ocrx_word' id='word_1_782' title='bbox 2130 3516 2218 3563; x_wconf 89' lang='lat' dir='ltr'><strong>tur</strong></span> <span class='ocrx_word' id='word_1_783' title='bbox 2246 3515 2527 3578; x_wconf 85' lang='lat' dir='ltr'><strong>postquam</strong></span> <span class='ocrx_word' id='word_1_784' title='bbox 2554 3506 2911 3562; x_wconf 89' lang='lat' dir='ltr'><strong>accessissent</strong></span> <span class='ocrx_word' id='word_1_785' title='bbox 2942 3505 3008 3560; x_wconf 91' lang='lat' dir='ltr'><strong>ad</strong></span> <span class='ocrx_word' id='word_1_786' title='bbox 3036 3506 3315 3575; x_wconf 87' lang='lat' dir='ltr'><strong>mysteria,</strong></span> <span class='ocrx_word' id='word_1_787' title='bbox 3347 3515 3535 3560; x_wconf 82' lang='lat' dir='ltr'><strong>exacte</strong></span> <span class='ocrx_word' id='word_1_788' title='bbox 3579 3520 3707 3559; x_wconf 78' lang='lat' dir='ltr'><strong>exa-</strong></span> 
     </span>
    </p>
   </div>
   <div class='ocr_carea' id='block_1_95' title="bbox 2130 3597 3709 3669">
    <p class='ocr_par' dir='ltr' id='par_1_95' title="bbox 2130 3597 3709 3669">
     <span class='ocr_line' id='line_1_95' title="bbox 2130 3597 3709 3669; baseline -0.003 -14"><span class='ocrx_word' id='word_1_789' title='bbox 2130 3601 2409 3661; x_wconf 88' lang='lat' dir='ltr'><strong>minasset,</strong></span> <span class='ocrx_word' id='word_1_790' title='bbox 2462 3612 2527 3653; x_wconf 90' lang='lat' dir='ltr'><strong>eo</strong></span> <span class='ocrx_word' id='word_1_791' title='bbox 2558 3607 2779 3669; x_wconf 90' lang='lat' dir='ltr'><strong>accepto</strong></span> <span class='ocrx_word' id='word_1_792' title='bbox 2808 3597 2998 3668; x_wconf 89' lang='lat' dir='ltr'><strong>spiritu</strong></span> <span class='ocrx_word' id='word_1_793' title='bbox 3035 3606 3091 3651; x_wconf 91' lang='lat' dir='ltr'><strong>ut</strong></span> <span class='ocrx_word' id='word_1_794' title='bbox 3118 3605 3364 3650; x_wconf 91' lang='lat' dir='ltr'><strong>accurate</strong></span> <span class='ocrx_word' id='word_1_795' title='bbox 3389 3606 3569 3650; x_wconf 84' lang='lat' dir='ltr'><strong>nosset</strong></span> <span class='ocrx_word' id='word_1_796' title='bbox 3589 3612 3709 3666; x_wconf 69' lang='lat' dir='ltr'><strong>qua:</strong></span> 
     </span>
    </p>
   </div>
   <div class='ocr_carea' id='block_1_96' title="bbox 2128 3688 3709 3761">
    <p class='ocr_par' dir='ltr' id='par_1_96' title="bbox 2128 3688 3709 3761">
     <span class='ocr_line' id='line_1_96' title="bbox 2128 3688 3709 3761; baseline -0.004 -15"><span class='ocrx_word' id='word_1_797' title='bbox 2128 3692 2198 3748; x_wconf 89' lang='lat' dir='ltr'><strong>ab</strong></span> <span class='ocrx_word' id='word_1_798' title='bbox 2220 3692 2299 3747; x_wconf 87' lang='lat' dir='ltr'><strong>eis</strong></span> <span class='ocrx_word' id='word_1_799' title='bbox 2314 3700 2461 3761; x_wconf 88' lang='lat' dir='ltr'><strong>gesta</strong></span> <span class='ocrx_word' id='word_1_800' title='bbox 2490 3699 2635 3756; x_wconf 92' lang='lat' dir='ltr'><strong>sunt,</strong></span> <span class='ocrx_word' id='word_1_801' title='bbox 2666 3689 2830 3744; x_wconf 89' lang='lat' dir='ltr'><strong>multa</strong></span> <span class='ocrx_word' id='word_1_802' title='bbox 2857 3696 3039 3745; x_wconf 88' lang='lat' dir='ltr'><strong>essent</strong></span> <span class='ocrx_word' id='word_1_803' title='bbox 3072 3692 3284 3743; x_wconf 87' lang='lat' dir='ltr'><strong>iuventa</strong></span> <span class='ocrx_word' id='word_1_804' title='bbox 3327 3688 3569 3758; x_wconf 87' lang='lat' dir='ltr'><strong>graviora</strong></span> <span class='ocrx_word' id='word_1_805' title='bbox 3597 3704 3709 3742; x_wconf 89' lang='lat' dir='ltr'><strong>ma-</strong></span> 
     </span>
    </p>
   </div>
   <div class='ocr_carea' id='block_1_97' title="bbox 2131 3779 3711 3852">
    <p class='ocr_par' dir='ltr' id='par_1_97' title="bbox 2131 3779 3711 3852">
     <span class='ocr_line' id='line_1_97' title="bbox 2131 3779 3711 3852; baseline -0.002 -13"><span class='ocrx_word' id='word_1_806' title='bbox 2131 3784 2198 3839; x_wconf 90' lang='lat' dir='ltr'><strong>lis</strong></span> <span class='ocrx_word' id='word_1_807' title='bbox 2241 3782 2477 3839; x_wconf 84' lang='lat' dir='ltr'><strong>Judaicis</strong></span> <span class='ocrx_word' id='word_1_808' title='bbox 2522 3798 2536 3835; x_wconf 90' lang='lat'><strong>:</strong></span> <span class='ocrx_word' id='word_1_809' title='bbox 2566 3795 2763 3852; x_wconf 88' lang='lat' dir='ltr'><strong>nempe</strong></span> <span class='ocrx_word' id='word_1_810' title='bbox 2792 3796 2887 3835; x_wconf 90' lang='lat' dir='ltr'><strong>eos</strong></span> <span class='ocrx_word' id='word_1_811' title='bbox 2912 3780 3005 3851; x_wconf 87' lang='lat' dir='ltr'><strong>qui</strong></span> <span class='ocrx_word' id='word_1_812' title='bbox 3033 3779 3275 3835; x_wconf 90' lang='lat' dir='ltr'><strong>divinant</strong></span> <span class='ocrx_word' id='word_1_813' title='bbox 3309 3781 3544 3848; x_wconf 86' lang='lat' dir='ltr'><strong>auguriis</strong></span> <span class='ocrx_word' id='word_1_814' title='bbox 3568 3823 3583 3847; x_wconf 90' lang='lat'><strong>,</strong></span> <span class='ocrx_word' id='word_1_815' title='bbox 3616 3782 3711 3851; x_wconf 90' lang='lat' dir='ltr'><strong>qui</strong></span> 
     </span>
    </p>
   </div>
   <div class='ocr_carea' id='block_1_98' title="bbox 2132 3871 3709 3936">
    <p class='ocr_par' dir='ltr' id='par_1_98' title="bbox 2132 3871 3709 3936">
     <span class='ocr_line' id='line_1_98' title="bbox 2132 3871 3709 3936; baseline -0.003 -6"><span class='ocrx_word' id='word_1_816' title='bbox 2132 3885 2349 3931; x_wconf 87' lang='lat' dir='ltr'><strong>utuntur</strong></span> <span class='ocrx_word' id='word_1_817' title='bbox 2376 3873 2670 3931; x_wconf 83' lang='lat' dir='ltr'><strong>veneﬁciis.</strong></span> <span class='ocrx_word' id='word_1_818' title='bbox 2724 3871 2957 3926; x_wconf 90' lang='lat' dir='ltr'><strong>sortibus</strong></span> <span class='ocrx_word' id='word_1_819' title='bbox 2986 3881 3043 3927; x_wconf 91' lang='lat' dir='ltr'><strong>et</strong></span> <span class='ocrx_word' id='word_1_820' title='bbox 3068 3871 3530 3936; x_wconf 89' lang='lat' dir='ltr'><strong>incantationibus,</strong></span> <span class='ocrx_word' id='word_1_821' title='bbox 3556 3886 3709 3926; x_wconf 91' lang='lat' dir='ltr'><strong>scor-</strong></span> 
     </span>
    </p>
   </div>
   <div class='ocr_carea' id='block_1_99' title="bbox 2133 3963 3709 4033">
    <p class='ocr_par' dir='ltr' id='par_1_99' title="bbox 2133 3963 3709 4033">
     <span class='ocr_line' id='line_1_99' title="bbox 2133 3963 3709 4033; baseline -0.004 -10"><span class='ocrx_word' id='word_1_822' title='bbox 2133 3977 2351 4033; x_wconf 90' lang='lat' dir='ltr'><strong>tatores,</strong></span> <span class='ocrx_word' id='word_1_823' title='bbox 2380 3965 2672 4030; x_wconf 89' lang='lat' dir='ltr'><strong>adulteros,</strong></span> <span class='ocrx_word' id='word_1_824' title='bbox 2700 3963 2901 4029; x_wconf 89' lang='lat' dir='ltr'><strong>ebrios,</strong></span> <span class='ocrx_word' id='word_1_825' title='bbox 2930 3973 2983 4019; x_wconf 91' lang='lat' dir='ltr'><strong>et</strong></span> <span class='ocrx_word' id='word_1_826' title='bbox 3009 3964 3299 4018; x_wconf 89' lang='lat' dir='ltr'><strong>maledicos</strong></span> <span class='ocrx_word' id='word_1_827' title='bbox 3342 3979 3357 4016; x_wconf 88' lang='lat'><strong>:</strong></span> <span class='ocrx_word' id='word_1_828' title='bbox 3388 3978 3581 4018; x_wconf 88' lang='lat' dir='ltr'><strong>avaros</strong></span> <span class='ocrx_word' id='word_1_829' title='bbox 3608 3979 3709 4016; x_wconf 88' lang='lat' dir='ltr'><strong>au-</strong></span> 
     </span>
    </p>
   </div>
   <div class='ocr_carea' id='block_1_100' title="bbox 2132 4056 3709 4129">
    <p class='ocr_par' dir='ltr' id='par_1_100' title="bbox 2132 4056 3709 4129">
     <span class='ocr_line' id='line_1_100' title="bbox 2132 4056 3709 4129; baseline -0.003 -12"><span class='ocrx_word' id='word_1_830' title='bbox 2132 4069 2238 4117; x_wconf 90' lang='lat' dir='ltr'><strong>tem</strong></span> <span class='ocrx_word' id='word_1_831' title='bbox 2279 4068 2335 4113; x_wconf 92' lang='lat' dir='ltr'><strong>et</strong></span> <span class='ocrx_word' id='word_1_832' title='bbox 2360 4059 2449 4129; x_wconf 90' lang='lat' dir='ltr'><strong>qui</strong></span> <span class='ocrx_word' id='word_1_833' title='bbox 2489 4058 2661 4113; x_wconf 90' lang='lat' dir='ltr'><strong>aliena</strong></span> <span class='ocrx_word' id='word_1_834' title='bbox 2689 4057 2951 4111; x_wconf 89' lang='lat' dir='ltr'><strong>invadunt</strong></span> <span class='ocrx_word' id='word_1_835' title='bbox 2995 4057 3121 4111; x_wconf 89' lang='lat' dir='ltr'><strong>nolo</strong></span> <span class='ocrx_word' id='word_1_836' title='bbox 3146 4056 3357 4123; x_wconf 89' lang='lat' dir='ltr'><strong>dicere,</strong></span> <span class='ocrx_word' id='word_1_837' title='bbox 3398 4072 3467 4113; x_wconf 90' lang='lat' dir='ltr'><strong>ne</strong></span> <span class='ocrx_word' id='word_1_838' title='bbox 3495 4065 3709 4127; x_wconf 88' lang='lat' dir='ltr'><strong>tangam</strong></span> 
     </span>
    </p>
   </div>
   <div class='ocr_carea' id='block_1_101' title="bbox 2130 4150 3711 4227">
    <p class='ocr_par' dir='ltr' id='par_1_101' title="bbox 2130 4150 3711 4227">
     <span class='ocr_line' id='line_1_101' title="bbox 2130 4150 3711 4227; baseline -0.002 -18"><span class='ocrx_word' id='word_1_839' title='bbox 2130 4155 2337 4227; x_wconf 86' lang='lat' dir='ltr'><strong>aliquos</strong></span> <span class='ocrx_word' id='word_1_840' title='bbox 2368 4168 2432 4208; x_wconf 84' lang='lat' dir='ltr'><strong>ex</strong></span> <span class='ocrx_word' id='word_1_841' title='bbox 2466 4153 2531 4207; x_wconf 88' lang='lat' dir='ltr'><strong>iis</strong></span> <span class='ocrx_word' id='word_1_842' title='bbox 2555 4152 2643 4222; x_wconf 91' lang='lat' dir='ltr'><strong>qui</strong></span> <span class='ocrx_word' id='word_1_843' title='bbox 2676 4160 2819 4206; x_wconf 92' lang='lat' dir='ltr'><strong>sunt.</strong></span> <span class='ocrx_word' id='word_1_844' title='bbox 2851 4150 2987 4218; x_wconf 90' lang='lat' dir='ltr'><strong>Quid</strong></span> <span class='ocrx_word' id='word_1_845' title='bbox 3016 4167 3163 4216; x_wconf 88' lang='lat' dir='ltr'><strong>vero,</strong></span> <span class='ocrx_word' id='word_1_846' title='bbox 3197 4151 3241 4206; x_wconf 89' lang='lat' dir='ltr'><strong>si</strong></span> <span class='ocrx_word' id='word_1_847' title='bbox 3272 4160 3541 4206; x_wconf 89' lang='lat' dir='ltr'><strong>scrutatus</strong></span> <span class='ocrx_word' id='word_1_848' title='bbox 3565 4162 3711 4206; x_wconf 87' lang='lat' dir='ltr'><strong>esset</strong></span> 
     </span>
    </p>
   </div>
   <div class='ocr_carea' id='block_1_102' title="bbox 2130 4244 3707 4316">
    <p class='ocr_par' dir='ltr' id='par_1_102' title="bbox 2130 4244 3707 4316">
     <span class='ocr_line' id='line_1_102' title="bbox 2130 4244 3707 4316; baseline -0.002 -14"><span class='ocrx_word' id='word_1_849' title='bbox 2130 4262 2321 4302; x_wconf 88' lang='lat' dir='ltr'><strong>onmes</strong></span> <span class='ocrx_word' id='word_1_850' title='bbox 2352 4247 2404 4301; x_wconf 91' lang='lat' dir='ltr'><strong>iu</strong></span> <span class='ocrx_word' id='word_1_851' title='bbox 2449 4246 2581 4300; x_wconf 87' lang='lat' dir='ltr'><strong>orbe</strong></span> <span class='ocrx_word' id='word_1_852' title='bbox 2609 4254 2768 4299; x_wconf 65' lang='lat' dir='ltr'><strong>terra:</strong></span> <span class='ocrx_word' id='word_1_853' title='bbox 2794 4246 2885 4316; x_wconf 92' lang='lat' dir='ltr'><strong>qui</strong></span> <span class='ocrx_word' id='word_1_854' title='bbox 2912 4244 3194 4309; x_wconf 90' lang='lat' dir='ltr'><strong>accedunt,</strong></span> <span class='ocrx_word' id='word_1_855' title='bbox 3244 4244 3386 4315; x_wconf 90' lang='lat' dir='ltr'><strong>quod</strong></span> <span class='ocrx_word' id='word_1_856' title='bbox 3426 4259 3531 4299; x_wconf 90' lang='lat' dir='ltr'><strong>non</strong></span> <span class='ocrx_word' id='word_1_857' title='bbox 3562 4244 3707 4299; x_wconf 78' lang='lat' dir='ltr'><strong>inve-</strong></span> 
     </span>
    </p>
   </div>
   <div class='ocr_carea' id='block_1_103' title="bbox 2130 4339 3709 4409">
    <p class='ocr_par' dir='ltr' id='par_1_103' title="bbox 2130 4339 3709 4409">
     <span class='ocr_line' id='line_1_103' title="bbox 2130 4339 3709 4409; baseline -0.003 -13"><span class='ocrx_word' id='word_1_858' title='bbox 2130 4342 2298 4396; x_wconf 87' lang='lat' dir='ltr'><strong>uisset</strong></span> <span class='ocrx_word' id='word_1_859' title='bbox 2340 4339 2632 4395; x_wconf 88' lang='lat' dir='ltr'><strong>delictum?</strong></span> <span class='ocrx_word' id='word_1_860' title='bbox 2672 4339 2809 4405; x_wconf 90' lang='lat' dir='ltr'><strong>Quid</strong></span> <span class='ocrx_word' id='word_1_861' title='bbox 2840 4339 2882 4392; x_wconf 94' lang='lat' dir='ltr'><strong>si</strong></span> <span class='ocrx_word' id='word_1_862' title='bbox 2915 4339 3227 4409; x_wconf 87' lang='lat' dir='ltr'><strong>principes?</strong></span> <span class='ocrx_word' id='word_1_863' title='bbox 3250 4354 3431 4405; x_wconf 86' lang='lat' dir='ltr'><strong>annon</strong></span> <span class='ocrx_word' id='word_1_864' title='bbox 3470 4339 3709 4409; x_wconf 78' lang='lat' dir='ltr'><strong>pecunia:</strong></span> 
     </span>
    </p>
   </div>
   <div class='ocr_carea' id='block_1_104' title="bbox 2129 4432 3711 4503">
    <p class='ocr_par' dir='ltr' id='par_1_104' title="bbox 2129 4432 3711 4503">
     <span class='ocr_line' id='line_1_104' title="bbox 2129 4432 3711 4503; baseline -0.002 -14"><span class='ocrx_word' id='word_1_865' title='bbox 2129 4435 2339 4502; x_wconf 90' lang='lat' dir='ltr'><strong>avidos,</strong></span> <span class='ocrx_word' id='word_1_866' title='bbox 2373 4434 2595 4503; x_wconf 89' lang='lat' dir='ltr'><strong>imperia</strong></span> <span class='ocrx_word' id='word_1_867' title='bbox 2627 4443 2871 4489; x_wconf 92' lang='lat' dir='ltr'><strong>ementes</strong></span> <span class='ocrx_word' id='word_1_868' title='bbox 2899 4441 2954 4487; x_wconf 91' lang='lat' dir='ltr'><strong>et</strong></span> <span class='ocrx_word' id='word_1_869' title='bbox 2983 4432 3347 4503; x_wconf 82' lang='lat' dir='ltr'><strong>magistratus,</strong></span> <span class='ocrx_word' id='word_1_870' title='bbox 3378 4432 3606 4496; x_wconf 89' lang='lat' dir='ltr'><strong>invidos,</strong></span> <span class='ocrx_word' id='word_1_871' title='bbox 3644 4432 3711 4486; x_wconf 91' lang='lat' dir='ltr'><strong>li-</strong></span> 
     </span>
    </p>
   </div>
   <div class='ocr_carea' id='block_1_105' title="bbox 2129 4523 3711 4597">
    <p class='ocr_par' dir='ltr' id='par_1_105' title="bbox 2129 4523 3711 4597">
     <span class='ocr_line' id='line_1_105' title="bbox 2129 4523 3711 4597; baseline -0.002 -17"><span class='ocrx_word' id='word_1_872' title='bbox 2129 4527 2303 4594; x_wconf 88' lang='lat' dir='ltr'><strong>vidos,</strong></span> <span class='ocrx_word' id='word_1_873' title='bbox 2336 4526 2479 4582; x_wconf 87' lang='lat' dir='ltr'><strong>inani</strong></span> <span class='ocrx_word' id='word_1_874' title='bbox 2507 4525 2678 4597; x_wconf 90' lang='lat' dir='ltr'><strong>gloria</strong></span> <span class='ocrx_word' id='word_1_875' title='bbox 2719 4525 3058 4589; x_wconf 89' lang='lat' dir='ltr'><strong>laborantes,</strong></span> <span class='ocrx_word' id='word_1_876' title='bbox 3088 4523 3364 4579; x_wconf 89' lang='lat' dir='ltr'><strong>helluones</strong></span> <span class='ocrx_word' id='word_1_877' title='bbox 3385 4563 3401 4588; x_wconf 90' lang='lat'><strong>,</strong></span> <span class='ocrx_word' id='word_1_878' title='bbox 3442 4531 3497 4578; x_wconf 89' lang='lat' dir='ltr'><strong>et</strong></span> <span class='ocrx_word' id='word_1_879' title='bbox 3522 4538 3711 4578; x_wconf 89' lang='lat' dir='ltr'><strong>servos</strong></span> 
     </span>
    </p>
   </div>
   <div class='ocr_carea' id='block_1_106' title="bbox 2130 4615 3717 4692">
    <p class='ocr_par' dir='ltr' id='par_1_106' title="bbox 2130 4615 3717 4692">
     <span class='ocr_line' id='line_1_106' title="bbox 2130 4615 3717 4692; baseline -0.004 -15"><span class='ocrx_word' id='word_1_880' title='bbox 2130 4620 2372 4692; x_wconf 68' lang='lat' dir='ltr'><strong>pecunia:</strong></span> <span class='ocrx_word' id='word_1_881' title='bbox 2386 4623 2411 4673; x_wconf 68' lang='grc' dir='ltr'>Υ</span> <span class='ocrx_word' id='word_1_882' title='bbox 2432 4618 2564 4675; x_wconf 87' lang='lat' dir='ltr'><strong>Cum</strong></span> <span class='ocrx_word' id='word_1_883' title='bbox 2585 4634 2714 4689; x_wconf 90' lang='lat' dir='ltr'><strong>ergo</strong></span> <span class='ocrx_word' id='word_1_884' title='bbox 2739 4626 2879 4671; x_wconf 87' lang='lat' dir='ltr'><strong>tanta</strong></span> <span class='ocrx_word' id='word_1_885' title='bbox 2905 4617 2975 4671; x_wconf 90' lang='lat' dir='ltr'><strong>sit</strong></span> <span class='ocrx_word' id='word_1_886' title='bbox 2992 4616 3257 4685; x_wconf 89' lang='lat' dir='ltr'><strong>impietas,</strong></span> <span class='ocrx_word' id='word_1_887' title='bbox 3280 4615 3404 4686; x_wconf 92' lang='lat' dir='ltr'><strong>quid</strong></span> <span class='ocrx_word' id='word_1_888' title='bbox 3423 4629 3526 4668; x_wconf 91' lang='lat' dir='ltr'><strong>non</strong></span> <span class='ocrx_word' id='word_1_889' title='bbox 3547 4628 3717 4685; x_wconf 76' lang='lat' dir='ltr'><strong>grave</strong></span> 
     </span>
    </p>
   </div>
   <div class='ocr_carea' id='block_1_107' title="bbox 2129 4706 3712 4782">
    <p class='ocr_par' dir='ltr' id='par_1_107' title="bbox 2129 4706 3712 4782">
     <span class='ocr_line' id='line_1_107' title="bbox 2129 4706 3712 4782; baseline -0.005 -14"><span class='ocrx_word' id='word_1_890' title='bbox 2129 4722 2213 4768; x_wconf 90' lang='lat' dir='ltr'><strong>est</strong></span> <span class='ocrx_word' id='word_1_891' title='bbox 2240 4710 2696 4782; x_wconf 75' lang='lat' dir='ltr'><strong>exspectandum?</strong></span> <span class='ocrx_word' id='word_1_892' title='bbox 2715 4709 2783 4764; x_wconf 89' lang='lat' dir='ltr'><strong>Et</strong></span> <span class='ocrx_word' id='word_1_893' title='bbox 2803 4718 2861 4763; x_wconf 90' lang='lat' dir='ltr'><strong>ut</strong></span> <span class='ocrx_word' id='word_1_894' title='bbox 2888 4708 3070 4762; x_wconf 88' lang='lat' dir='ltr'><strong>sciatis</strong></span> <span class='ocrx_word' id='word_1_895' title='bbox 3090 4715 3289 4777; x_wconf 90' lang='lat' dir='ltr'><strong>quanto</strong></span> <span class='ocrx_word' id='word_1_896' title='bbox 3317 4706 3577 4776; x_wconf 92' lang='lat' dir='ltr'><strong>supplicio</strong></span> <span class='ocrx_word' id='word_1_897' title='bbox 3600 4706 3712 4760; x_wconf 89' lang='lat' dir='ltr'><strong>sint</strong></span> 
     </span>
    </p>
   </div>
   <div class='ocr_carea' id='block_1_108' title="bbox 2129 4798 3711 4877">
    <p class='ocr_par' dir='ltr' id='par_1_108' title="bbox 2129 4798 3711 4877">
     <span class='ocr_line' id='line_1_108' title="bbox 2129 4798 3711 4877; baseline -0.005 -16"><span class='ocrx_word' id='word_1_898' title='bbox 2129 4806 2275 4877; x_wconf 89' lang='lat' dir='ltr'><strong>digni</strong></span> <span class='ocrx_word' id='word_1_899' title='bbox 2304 4806 2391 4875; x_wconf 90' lang='lat' dir='ltr'><strong>qui</strong></span> <span class='ocrx_word' id='word_1_900' title='bbox 2420 4804 2504 4859; x_wconf 91' lang='lat' dir='ltr'><strong>bis</strong></span> <span class='ocrx_word' id='word_1_901' title='bbox 2537 4804 2768 4874; x_wconf 88' lang='lat' dir='ltr'><strong>peccatis</strong></span> <span class='ocrx_word' id='word_1_902' title='bbox 2788 4802 3006 4857; x_wconf 81' lang='lat' dir='ltr'><strong>obnoxii</strong></span> <span class='ocrx_word' id='word_1_903' title='bbox 3038 4799 3531 4871; x_wconf 90' lang='lat' dir='ltr'><strong>deprehenduntur,</strong></span> <span class='ocrx_word' id='word_1_904' title='bbox 3556 4798 3711 4869; x_wconf 83' lang='lat' dir='ltr'><strong>cogi-</strong></span> 
     </span>
    </p>
   </div>
   <div class='ocr_carea' id='block_1_109' title="bbox 2132 4891 3713 4960">
    <p class='ocr_par' dir='ltr' id='par_1_109' title="bbox 2132 4891 3713 4960">
     <span class='ocr_line' id='line_1_109' title="bbox 2132 4891 3713 4960; baseline -0.004 -9"><span class='ocrx_word' id='word_1_905' title='bbox 2132 4905 2243 4952; x_wconf 88' lang='lat' dir='ltr'><strong>tate</strong></span> <span class='ocrx_word' id='word_1_906' title='bbox 2286 4906 2468 4950; x_wconf 88' lang='lat' dir='ltr'><strong>vetera</strong></span> <span class='ocrx_word' id='word_1_907' title='bbox 2515 4910 2530 4947; x_wconf 89' lang='lat'><strong>:</strong></span> <span class='ocrx_word' id='word_1_908' title='bbox 2566 4911 2704 4949; x_wconf 89' lang='lat' dir='ltr'><strong>unus</strong></span> <span class='ocrx_word' id='word_1_909' title='bbox 2749 4908 2930 4948; x_wconf 91' lang='lat' dir='ltr'><strong>sacras</strong></span> <span class='ocrx_word' id='word_1_910' title='bbox 2962 4894 3256 4952; x_wconf 69' lang='lat' dir='ltr'><strong>sulfuratus</strong></span> <span class='ocrx_word' id='word_1_911' title='bbox 3289 4901 3373 4947; x_wconf 88' lang='lat' dir='ltr'><strong>est</strong></span> <span class='ocrx_word' id='word_1_912' title='bbox 3416 4891 3713 4960; x_wconf 72' lang='lat' dir='ltr'><strong>pecunias,</strong></span> 
     </span>
    </p>
   </div>
   <div class='ocr_carea' id='block_1_110' title="bbox 2132 4984 3714 5057">
    <p class='ocr_par' dir='ltr' id='par_1_110' title="bbox 2132 4984 3714 5057">
     <span class='ocr_line' id='line_1_110' title="bbox 2132 4984 3714 5057; baseline -0.003 -14"><span class='ocrx_word' id='word_1_913' title='bbox 2132 4990 2294 5045; x_wconf 89' lang='lat' dir='ltr'><strong>homo</strong></span> <span class='ocrx_word' id='word_1_914' title='bbox 2322 4989 2477 5044; x_wconf 89' lang='lat' dir='ltr'><strong>miles</strong></span> <span class='ocrx_word' id='word_1_915' title='bbox 2505 5029 2520 5055; x_wconf 92' lang='lat'><strong>,</strong></span> <span class='ocrx_word' id='word_1_916' title='bbox 2551 4997 2607 5044; x_wconf 89' lang='lat' dir='ltr'><strong>et</strong></span> <span class='ocrx_word' id='word_1_917' title='bbox 2632 5001 2820 5042; x_wconf 90' lang='lat' dir='ltr'><strong>omnes</strong></span> <span class='ocrx_word' id='word_1_918' title='bbox 2860 4987 3152 5057; x_wconf 90' lang='lat' dir='ltr'><strong>perierunt.</strong></span> <span class='ocrx_word' id='word_1_919' title='bbox 3183 4985 3343 5040; x_wconf 85' lang='lat' dir='ltr'><strong>Scitis</strong></span> <span class='ocrx_word' id='word_1_920' title='bbox 3394 4984 3714 5039; x_wconf 80' lang='lat' dir='ltr'><strong>historiam?</strong></span> 
     </span>
    </p>
   </div>
   <div class='ocr_carea' id='block_1_111' title="bbox 2130 5077 3711 5148">
    <p class='ocr_par' dir='ltr' id='par_1_111' title="bbox 2130 5077 3711 5148">
     <span class='ocr_line' id='line_1_111' title="bbox 2130 5077 3711 5148; baseline -0.004 -11"><span class='ocrx_word' id='word_1_921' title='bbox 2130 5084 2198 5137; x_wconf 91' lang='lat' dir='ltr'><strong>de</strong></span> <span class='ocrx_word' id='word_1_922' title='bbox 2227 5081 2445 5135; x_wconf 90' lang='lat' dir='ltr'><strong>Charmi</strong></span> <span class='ocrx_word' id='word_1_923' title='bbox 2490 5082 2581 5135; x_wconf 92' lang='lat' dir='ltr'><strong>illo</strong></span> <span class='ocrx_word' id='word_1_924' title='bbox 2609 5080 2729 5134; x_wconf 90' lang='lat' dir='ltr'><strong>dico</strong></span> <span class='ocrx_word' id='word_1_925' title='bbox 2774 5080 2861 5148; x_wconf 88' lang='lat' dir='ltr'><strong>qui</strong></span> <span class='ocrx_word' id='word_1_926' title='bbox 2913 5079 3203 5133; x_wconf 82' lang='lat' dir='ltr'><strong>suﬂ&#39;uratus</strong></span> <span class='ocrx_word' id='word_1_927' title='bbox 3230 5077 3400 5131; x_wconf 78' lang='lat' dir='ltr'><strong>fuerat</strong></span> <span class='ocrx_word' id='word_1_928' title='bbox 3428 5077 3711 5131; x_wconf 89' lang='lat' dir='ltr'><strong>donarium</strong></span> 
     </span>
    </p>
   </div>
   <div class='ocr_carea' id='block_1_112' title="bbox 2131 5167 3714 5244">
    <p class='ocr_par' dir='ltr' id='par_1_112' title="bbox 2131 5167 3714 5244">
     <span class='ocr_line' id='line_1_112' title="bbox 2131 5167 3714 5244; baseline -0.006 -16"><span class='ocrx_word' id='word_1_929' title='bbox 2131 5174 2265 5244; x_wconf 86' lang='lat' dir='ltr'><strong>(Jos.</strong></span> <span class='ocrx_word' id='word_1_930' title='bbox 2296 5176 2327 5227; x_wconf 88' lang='lat'><strong>7</strong></span> <span class='ocrx_word' id='word_1_931' title='bbox 2355 5183 2403 5227; x_wconf 86' lang='lat' dir='ltr'><strong>et</strong></span> <span class='ocrx_word' id='word_1_932' title='bbox 2432 5174 2589 5243; x_wconf 86' lang='lat' dir='ltr'><strong>sqq.).</strong></span> <span class='ocrx_word' id='word_1_933' title='bbox 2614 5173 2735 5227; x_wconf 80' lang='lat' dir='ltr'><strong>Ideo</strong></span> <span class='ocrx_word' id='word_1_934' title='bbox 2772 5181 2898 5225; x_wconf 91' lang='lat' dir='ltr'><strong>tunc</strong></span> <span class='ocrx_word' id='word_1_935' title='bbox 2924 5172 3135 5226; x_wconf 89' lang='lat' dir='ltr'><strong>dicebat</strong></span> <span class='ocrx_word' id='word_1_936' title='bbox 3162 5170 3418 5239; x_wconf 87' lang='lat' dir='ltr'><strong>propheta</strong></span> <span class='ocrx_word' id='word_1_937' title='bbox 3447 5185 3461 5221; x_wconf 91' lang='lat'><strong>:</strong></span> <span class='ocrx_word' id='word_1_938' title='bbox 3489 5167 3714 5235; x_wconf 75' lang='lat' dir='ltr'><strong>Impleta</strong></span> 
     </span>
    </p>
   </div>
   <div class='ocr_carea' id='block_1_113' title="bbox 2130 5260 3715 5338">
    <p class='ocr_par' dir='ltr' id='par_1_113' title="bbox 2130 5260 3715 5338">
     <span class='ocr_line' id='line_1_113' title="bbox 2130 5260 3715 5338; baseline -0.008 -15"><span class='ocrx_word' id='word_1_939' title='bbox 2130 5278 2204 5323; x_wconf 85' lang='lat' dir='ltr'><strong>est</strong></span> <span class='ocrx_word' id='word_1_940' title='bbox 2232 5268 2369 5338; x_wconf 83' lang='lat' dir='ltr'><strong>regio</strong></span> <span class='ocrx_word' id='word_1_941' title='bbox 2411 5267 2617 5320; x_wconf 84' lang='lat' dir='ltr'><strong>illorum</strong></span> <span class='ocrx_word' id='word_1_942' title='bbox 2648 5264 2863 5319; x_wconf 87' lang='lat' dir='ltr'><strong>sortibus</strong></span> <span class='ocrx_word' id='word_1_943' title='bbox 2886 5274 2929 5317; x_wconf 88' lang='lat' dir='ltr'><strong>et</strong></span> <span class='ocrx_word' id='word_1_944' title='bbox 2951 5265 3178 5333; x_wconf 85' lang='lat' dir='ltr'><strong>auguriis</strong></span> <span class='ocrx_word' id='word_1_945' title='bbox 3203 5263 3333 5316; x_wconf 87' lang='lat' dir='ltr'><strong>sicut</strong></span> <span class='ocrx_word' id='word_1_946' title='bbox 3360 5272 3492 5315; x_wconf 88' lang='lat' dir='ltr'><strong>terra</strong></span> <span class='ocrx_word' id='word_1_947' title='bbox 3532 5260 3715 5313; x_wconf 62' lang='lat' dir='ltr'><strong>alieni-</strong></span> 
     </span>
    </p>
   </div>
   <div class='ocr_carea' id='block_1_114' title="bbox 2130 5351 3711 5431">
    <p class='ocr_par' dir='ltr' id='par_1_114' title="bbox 2130 5351 3711 5431">
     <span class='ocr_line' id='line_1_114' title="bbox 2130 5351 3711 5431; baseline -0.006 -17"><span class='ocrx_word' id='word_1_948' title='bbox 2130 5376 2373 5431; x_wconf 84' lang='lat' dir='ltr'><strong>genarum</strong></span> <span class='ocrx_word' id='word_1_949' title='bbox 2405 5356 2554 5426; x_wconf 85' lang='lat' dir='ltr'><strong>(lsai.</strong></span> <span class='ocrx_word' id='word_1_950' title='bbox 2584 5356 2638 5409; x_wconf 73' lang='lat'><strong>2.</strong></span> <span class='ocrx_word' id='word_1_951' title='bbox 2669 5356 2745 5426; x_wconf 89' lang='lat'><strong>6).</strong></span> <span class='ocrx_word' id='word_1_952' title='bbox 2775 5355 2927 5410; x_wconf 89' lang='lat' dir='ltr'><strong>Nunc</strong></span> <span class='ocrx_word' id='word_1_953' title='bbox 2956 5364 3131 5409; x_wconf 89' lang='lat' dir='ltr'><strong>autem</strong></span> <span class='ocrx_word' id='word_1_954' title='bbox 3161 5353 3358 5423; x_wconf 90' lang='lat' dir='ltr'><strong>ubique</strong></span> <span class='ocrx_word' id='word_1_955' title='bbox 3377 5351 3533 5405; x_wconf 88' lang='lat' dir='ltr'><strong>malis</strong></span> <span class='ocrx_word' id='word_1_956' title='bbox 3554 5351 3711 5420; x_wconf 87' lang='lat' dir='ltr'><strong>plena</strong></span> 
     </span>
    </p>
   </div>
   <div class='ocr_carea' id='block_1_115' title="bbox 2130 5447 3710 5514">
    <p class='ocr_par' dir='ltr' id='par_1_115' title="bbox 2130 5447 3710 5514">
     <span class='ocr_line' id='line_1_115' title="bbox 2130 5447 3710 5514; baseline -0.004 -9"><span class='ocrx_word' id='word_1_957' title='bbox 2130 5460 2254 5505; x_wconf 89' lang='lat' dir='ltr'><strong>sunt</strong></span> <span class='ocrx_word' id='word_1_958' title='bbox 2276 5452 2476 5514; x_wconf 84' lang='lat' dir='ltr'><strong>omnia,</strong></span> <span class='ocrx_word' id='word_1_959' title='bbox 2508 5459 2562 5502; x_wconf 90' lang='lat' dir='ltr'><strong>et</strong></span> <span class='ocrx_word' id='word_1_960' title='bbox 2600 5465 2758 5503; x_wconf 89' lang='lat' dir='ltr'><strong>nemo</strong></span> <span class='ocrx_word' id='word_1_961' title='bbox 2799 5450 2969 5503; x_wconf 91' lang='lat' dir='ltr'><strong>timet.</strong></span> <span class='ocrx_word' id='word_1_962' title='bbox 2998 5447 3237 5503; x_wconf 85' lang='lat' dir='ltr'><strong>Tandem</strong></span> <span class='ocrx_word' id='word_1_963' title='bbox 3268 5449 3583 5501; x_wconf 89' lang='lat' dir='ltr'><strong>timeamus:</strong></span> <span class='ocrx_word' id='word_1_964' title='bbox 3611 5460 3710 5499; x_wconf 81' lang='lat' dir='ltr'><strong>no-</strong></span> 
     </span>
    </p>
   </div>
   <div class='ocr_carea' id='block_1_116' title="bbox 2130 5537 3713 5610">
    <p class='ocr_par' dir='ltr' id='par_1_116' title="bbox 2130 5537 3713 5610">
     <span class='ocr_line' id='line_1_116' title="bbox 2130 5537 3713 5610; baseline -0.003 -15"><span class='ocrx_word' id='word_1_965' title='bbox 2130 5544 2205 5597; x_wconf 87' lang='lat' dir='ltr'><strong>vit</strong></span> <span class='ocrx_word' id='word_1_966' title='bbox 2244 5543 2382 5597; x_wconf 86' lang='lat' dir='ltr'><strong>Deus</strong></span> <span class='ocrx_word' id='word_1_967' title='bbox 2410 5542 2570 5595; x_wconf 88' lang='lat' dir='ltr'><strong>etiam</strong></span> <span class='ocrx_word' id='word_1_968' title='bbox 2599 5541 2772 5609; x_wconf 85' lang='lat' dir='ltr'><strong>justus</strong></span> <span class='ocrx_word' id='word_1_969' title='bbox 2819 5542 3006 5609; x_wconf 89' lang='lat' dir='ltr'><strong>punire</strong></span> <span class='ocrx_word' id='word_1_970' title='bbox 3036 5556 3157 5596; x_wconf 91' lang='lat' dir='ltr'><strong>cum</strong></span> <span class='ocrx_word' id='word_1_971' title='bbox 3188 5540 3364 5610; x_wconf 84' lang='lat' dir='ltr'><strong>impiis</strong></span> <span class='ocrx_word' id='word_1_972' title='bbox 3388 5579 3404 5601; x_wconf 87' lang='lat'><strong>,</strong></span> <span class='ocrx_word' id='word_1_973' title='bbox 3438 5548 3495 5591; x_wconf 94' lang='lat' dir='ltr'><strong>ut</strong></span> <span class='ocrx_word' id='word_1_974' title='bbox 3521 5537 3713 5591; x_wconf 90' lang='lat' dir='ltr'><strong>accidit</strong></span> 
     </span>
    </p>
   </div>
   <div class='ocr_carea' id='block_1_117' title="bbox 2131 5629 3712 5703">
    <p class='ocr_par' dir='ltr' id='par_1_117' title="bbox 2131 5629 3712 5703">
     <span class='ocr_line' id='line_1_117' title="bbox 2131 5629 3712 5703; baseline -0.004 -16"><span class='ocrx_word' id='word_1_975' title='bbox 2131 5633 2299 5688; x_wconf 88' lang='lat' dir='ltr'><strong>tribus</strong></span> <span class='ocrx_word' id='word_1_976' title='bbox 2329 5634 2510 5703; x_wconf 90' lang='lat' dir='ltr'><strong>pueris</strong></span> <span class='ocrx_word' id='word_1_977' title='bbox 2534 5642 2774 5701; x_wconf 89' lang='lat' dir='ltr'><strong>tempore</strong></span> <span class='ocrx_word' id='word_1_978' title='bbox 2800 5633 3054 5695; x_wconf 82' lang='lat' dir='ltr'><strong>Danielis,</strong></span> <span class='ocrx_word' id='word_1_979' title='bbox 3093 5641 3150 5685; x_wconf 94' lang='lat' dir='ltr'><strong>ut</strong></span> <span class='ocrx_word' id='word_1_980' title='bbox 3170 5630 3290 5683; x_wconf 91' lang='lat' dir='ltr'><strong>aliis</strong></span> <span class='ocrx_word' id='word_1_981' title='bbox 3312 5629 3626 5693; x_wconf 89' lang='lat' dir='ltr'><strong>innumeris,</strong></span> <span class='ocrx_word' id='word_1_982' title='bbox 3650 5636 3712 5681; x_wconf 89' lang='lat' dir='ltr'><strong>ut</strong></span> 
     </span>
    </p>
   </div>
   <div class='ocr_carea' id='block_1_118' title="bbox 2128 5716 3712 5795">
    <p class='ocr_par' dir='ltr' id='par_1_118' title="bbox 2128 5716 3712 5795">
     <span class='ocr_line' id='line_1_118' title="bbox 2128 5716 3712 5795; baseline -0.004 -13"><span class='ocrx_word' id='word_1_983' title='bbox 2128 5727 2290 5783; x_wconf 87' lang='lat' dir='ltr'><strong>etiam</strong></span> <span class='ocrx_word' id='word_1_984' title='bbox 2326 5727 2376 5780; x_wconf 93' lang='lat' dir='ltr'><strong>in</strong></span> <span class='ocrx_word' id='word_1_985' title='bbox 2421 5724 2577 5780; x_wconf 84' lang='lat' dir='ltr'><strong>hellis</strong></span> <span class='ocrx_word' id='word_1_986' title='bbox 2605 5742 2725 5795; x_wconf 80' lang='lat' dir='ltr'><strong>qua:</strong></span> <span class='ocrx_word' id='word_1_987' title='bbox 2756 5741 2895 5780; x_wconf 91' lang='lat' dir='ltr'><strong>nunc</strong></span> <span class='ocrx_word' id='word_1_988' title='bbox 2922 5724 3098 5779; x_wconf 74' lang='lat' dir='ltr'><strong>adhuc</strong></span> <span class='ocrx_word' id='word_1_989' title='bbox 3135 5716 3401 5777; x_wconf 87' lang='lat' dir='ltr'><strong>accidunt.</strong></span> <span class='ocrx_word' id='word_1_990' title='bbox 3443 5721 3578 5776; x_wconf 89' lang='lat' dir='ltr'><strong>Nam</strong></span> <span class='ocrx_word' id='word_1_991' title='bbox 3632 5721 3712 5775; x_wconf 87' lang='lat' dir='ltr'><strong>illi</strong></span> 
     </span>
    </p>
   </div>
   <div class='ocr_carea' id='block_1_119' title="bbox 2134 5812 3700 5892">
    <p class='ocr_par' dir='ltr' id='par_1_119' title="bbox 2134 5812 3700 5892">
     <span class='ocr_line' id='line_1_119' title="bbox 2134 5812 3700 5892; baseline -0.006 -16"><span class='ocrx_word' id='word_1_992' title='bbox 2134 5825 2347 5892; x_wconf 83' lang='lat' dir='ltr'><strong>quidem</strong></span> <span class='ocrx_word' id='word_1_993' title='bbox 2388 5824 2547 5879; x_wconf 86' lang='lat' dir='ltr'><strong>etiam</strong></span> <span class='ocrx_word' id='word_1_994' title='bbox 2580 5820 2749 5892; x_wconf 90' lang='lat' dir='ltr'><strong>ipsam</strong></span> <span class='ocrx_word' id='word_1_995' title='bbox 2780 5830 3262 5891; x_wconf 88' lang='lat' dir='ltr'><strong>quantamcumque</strong></span> <span class='ocrx_word' id='word_1_996' title='bbox 3290 5812 3491 5873; x_wconf 78' lang='lat' dir='ltr'><strong>habent</strong></span> <span class='ocrx_word' id='word_1_997' title='bbox 3515 5828 3700 5888; x_wconf 87' lang='lat' dir='ltr'><strong>pecca-</strong></span> 
     </span>
    </p>
   </div>
  </div>
