4060 6400
263 347 337 404 87
1120 354 1188 412 ΙΝ
1225 357 1447 418 EPIST.
1480 359 1573 416 AD
1605 359 1826 417 EPHES

1935 361 2034 418 ιι).
2074 362 2161 422 ιιι.
2197 366 2429 426 ιιολιιι..
2475 372 2561 430 Vl.
3453 379 3528 434 ιε

275 450 528 534 Ὀρῶμεν
559 461 691 534 γοῦν
744 467 910 522 αὐτὸν
937 470 1033 526 καὶ
1079 472 1184 544 πρὸ
1225 477 1337 530 τῶν
1387 493 1627 544 σημειων
1677 479 1848 549 μυρία
1955 482 2265 550 γεγόνασιν,
2299 485 2490 560 ὥσπερ
2521 488 2780 560 πολεμίου
2809 491 2904 544 καὶ
2936 489 3240 562 ἀλλοτρίου,
3265 492 3381 546 ἀλλ’
3406 493 3531 565 οὐχὶ

258 549 487 606 τοιαῦτα
518 553 938 624 κατωρθωκότα.
975 559 1091 616 Νῦν
1120 562 1174 616 δὲ
1204 565 1356 621 οὐδὲν
1390 565 1596 620 τούτων
1627 565 1842 635 ἔχοντες

257 639 446 708 ἡμεῖς.
481 640 783 712 βουλόμεθα
826 646 1046 703 πάντων
1083 654 1325 720 κρατεῖν.
1367 642 1604 722 Θάτερον
1636 653 1746 724 γὰρ
1775 655 1840 708 ἂν

259 725 573 799 διασπασθῇ
608 729 862 802 θατέρου,
895 733 955 786 τὸ
987 734 1176 791 λοιπὸν
1207 739 1483 811 ἄχρηστον
1519 741 1750 811 γίνεται.
1775 742 1841 796 Τί

259 815 374 885 γὰρ
407 815 597 883 ὄφελος
638 819 1009 889 ῥιψοκίνδυνον
1064 821 1226 889 εἶναι,
1267 827 1384 898 βίου
1422 830 1551 883 ὂντα
1585 831 1840 901 ἐπιληψί-

265 918 402 991 μου;
429 903 544 976 [45]
575 907 641 959 El
672 908 782 976 τὰρ
813 909 878 961 τὸ
925 910 1051 979 ςρῶς
1093 913 1160 966 τὸ
1190 915 1262 969 ἐν
1284 917 1379 970 σοι
1405 919 1652 984 σκότος,
1683 921 1838 991 φησὶ,

260 990 334 1043 τὸ
367 993 592 1058 σκότος
612 996 812 1049 πόσον
828 1015 847 1062 ;
863 999 928 1052 Τί
951 999 1011 1052 τὸ
1031 1000 1222 1069 ὄφελος
1246 1003 1361 1073 βίου
1382 999 1523 1058 εἶναι
1571 990 1838 1076 ἀλήπτου,

259 1077 469 1148 νωθρὸν
491 1080 622 1134 δντα
646 1083 743 1136 καὶ
772 1084 1040 1157 ὑπνηλόν;
1079 1089 1223 1142 Ἐὰν
1241 1091 1351 1158 γὰρ
1367 1091 1453 1161 μή
1487 1109 1579 1160 τις
1602 1094 1716 1163 ἄρῃ
1736 1095 1842 1149 τὸν

259 1167 530 1233 σταυρὸν
571 1170 787 1233 αὑτοῦ,
844 1174 1008 1242 φησὶ,
1065 1176 1163 1228 καί
1200 1177 1592 1249 ἀκολουθήσῃ
1649 1183 1842 1236 ὀπίσω

253 1267 399 1319 μου,
421 1255 533 1307 οὐκ
557 1255 690 1308 ἐστι
711 1275 831 1324 μου
859 1258 1031 1326 ἄξιος
1049 1277 1067 1294 ο
1102 1262 1220 1328 καὶ,
1264 1264 1389 1318 Ἐάν
1423 1267 1497 1336 μή
1537 1285 1622 1331 τις
1647 1267 1712 1339 θῇ
1742 1268 1840 1340 τὴν

257 1337 441 1424 «huth
485 1341 653 1395 αὐτοῦ
696 1344 834 1416 ὑπὲρ
864 1346 975 1402 τῶν
1019 1349 1309 1420 προϐάτων
1341 1356 1388 1407 ⁸.
1433 1354 1500 1406 Τί
1547 1355 1602 1408 δὲ
1649 1337 1841 1424 δίρελος

259 1420 405 1481 εῖναι
425 1433 598 1484 ταῦτα
628 1433 935 1504 ἀμφότερα,
958 1437 1054 1491 καὶ
1084 1439 1159 1509 μὴ
1193 1435 1334 1493 εἶναι
1366 1420 1730 1513 οἰκονομικὸν,
1758 1445 1838 1514 τῷ

258 1516 461 1570 εἰδέναι
484 1519 601 1579 πῶς
631 1521 714 1574 δεῖ
741 1523 821 1574 ἐνὶ
846 1523 1062 1595 ἑκάστῳ
1095 1527 1532 1597 άποκρίνασθαι;
1565 1532 1625 1584 Εί
1657 1533 1840 1587 καὶτὰ

261 1606 464 1674 σημεῖα
501 1606 601 1659 οὐκ
630 1609 688 1659 ἐν
718 1609 870 1678 ἡμῖν,
905 1611 1080 1666 ταῦτα
1101 1613 1388 1686 ἀμφότερα
1420 1619 1478 1671 ὲν
1500 1620 1654 1690 ἡμῖν.
1699 1619 1839 1673 Ἀλλ’

259 1691 412 1760 ὅμως
444 1693 682 1748 τοσαῦτα
716 1698 989 1766 εἰσφέρων
1029 1703 1158 1772 περὶ
1186 1703 1406 1767 ἑαυτοῦ,
1436 1705 1496 1759 τὸ
1520 1709 1628 1761 πᾶν
1659 1708 1838 1776 ὲλογίο

259 1776 385 1839 ζετο
421 1783 487 1850 τῇ
515 1782 720 1852 χάριτι.
759 1784 930 1838 Τοῦτο
958 1787 1301 1859 εὐγνώμονος
1331 1791 1564 1849 οἰκέτου.
1598 1795 1708 1848 Kal
1729 1796 1838 1850 οὐδ’

257 1864 328 1919 ἂν
357 1867 636 1939 ἐμάθομεν
661 1871 823 1924 αὐτοῦ
858 1891 988 1927 ποτε
1015 1874 1085 1928 τὰ
1116 1877 1539 1949 κατορθώματα,
1575 1884 1622 1934 εί
1654 1884 1727 1953 μὴ
1759 1886 1839 1950 εἰς

256 1953 507 2025 ἀνάγκην
539 1957 776 2030 κατέστη
809 1958 903 2012 τοῦ
938 1961 1289 2032 πράγματος.
1321 1959 1468 2036 Ἀρα
1504 1967 1644 2030 ἄξιοί
1670 1972 1837 2040 ἐσμεν

257 2039 364 2094 κᾶν
387 2043 700 2114 μεμνῆσθαι
733 2048 982 2113 Παύλου;
1015 2050 1253 2115 Ἐκεῖνος
1277 2053 1371 2106 καὶ
1391 2055 1491 2125 τὴν
1515 2056 1675 2128 χάριν
1698 2039 1836 2129 ἔχων

257 2127 581 2219 βοηθοῦσαν,
627 2135 729 2189 οὐκ
789 2139 1052 2208 ἡρκεῖτο,
1111 2140 1246 2196 ἀλλά
1302 2146 1528 2216 μυρίους
1586 2127 1836 2219 εἰσέφερε

254 2217 573 2280 κινδύνους⁶
617 2224 780 2293 ἡμεῖς
825 2225 881 2278 δὲ
918 2228 1353 2300 ἀπεστερημένοι
1397 2236 1493 2304 τῆς
1521 2217 1835 2307 παρρησίας

251 2305 493 2376 ἐκείνης,
519 2310 704 2376 πόθεν,
729 2312 852 2366 είπέ
874 2333 982 2384 μοι,
1006 2319 1440 2391 προσδοκῶμενῆ
1462 2323 1588 2386 τοὺς
1603 2305 1836 2396 ἐγχειρι-

253 2393 484 2461 σθὲντας
514 2398 768 2467 φυλάξαι,
801 2401 832 2472 ἢ
860 2403 984 2467 τοὺς
1007 2406 1216 2460 οὐδέπω
1238 2411 1634 2478 προσελθόντας
1661 2393 1832 2486 προσ-

253 2480 465 2549 λαϐεῖν,
501 2485 777 2558 ἄνθρωποι
821 2495 1034 2564 τρυφᾷν
1082 2497 1516 2567 μεμελετηκότες
1566 2499 1661 2553 καὶ
1699 2480 1833 2555 άνά⁴

251 2586 459 2625 παυσιν
482 2577 757 2646 πανταχοῦ
787 2575 1102 2650 ζητοῦντες,
1127 2584 1223 2637 καὶ
1251 2586 1532 2648 κινδύνους
1556 2589 1672 2641 οὐδὲ
1697 2589 1832 2662 ὄναρ

251 2658 498 2724 ἐνεγκεῖν
537 2661 850 2733 δυνάμενοι,
898 2669 1100 2736 μᾶλλον
1140 2671 1198 2723 δὲ
1233 2672 1295 2724 ού
1344 2672 1612 2738 θέλοντες,
1642 2675 1742 2746 τῆς
1772 2658 1831 2730 δὲ

249 2747 447 2815 σοφίας
479 2749 690 2804 ἐκείνου
733 2754 990 2808 τοσοῦτον
1020 2755 1341 2826 ἀπέχοντες,
1387 2761 1511 2814 ὅσον
1541 2763 1570 2814 6
1603 2763 1832 2833 οὐρανὸς

246 2833 350 2902 τῆς
393 2835 527 2905 γῆς
557 2837 658 2892 Διὰ
697 2839 856 2894 τοῦτο
892 2843 987 2896 καὶ
1027 2845 1076 2896 οί
1121 2846 1214 2914 ὑφ’
1242 2849 1377 2916 ἡμῖν
1408 2850 1544 2904 πολὺ
1573 2850 1682 2904 τῶν
1710 2853 1831 2906 τότε

247 2923 649 2993 ἀφεστήκασιν,
687 2928 873 2999 ἐπειδὴ
898 2931 948 2983 οί
974 2931 1094 2986 τότε
1130 2934 1372 3003 μαθηταὶ
1390 2937 1498 2992 τῶν
1526 2938 1622 2992 νῦν
1649 2940 1830 2994 διδασ-

247 3008 433 3064 κάλων
462 3013 744 3083 κρείττους
769 3012 932 3088 ἦσαν,
967 3021 1027 3075 ὲν
1067 3021 1253 3091 μέσοις
1282 3025 1478 3096 δήμοις
1506 3028 1602 3080 καὶ
1629 3029 1830 3098 τυράν-

245 3114 364 3161 νοις
402 3101 825 3173 ἀπειλημμένοι.
882 3107 978 3161 καὶ
1034 3109 1243 3174 πάντας
1296 3099 1564 3168 πάντοθεν
1613 3115 1830 3187 ἔχοντες

246 3185 562 3274 πολεμίους,
594 3192 689 3245 καὶ
731 3192 854 3247 οὐδὲ
902 3194 1041 3266 πρὸς
1071 3195 1247 3269 βραχὺ
1297 3185 1693 3274 καθελκόμενοι
1732 3206 1828 3259 καὶ

245 3273 740 3348 ἑπικαμπτόμενοι.

324 3364 522 3418 Ἀκουε
572 3366 704 3434 γοῦν
753 3367 806 3422 τί
848 3387 984 3442 φησι
1039 3373 1463 3445 Φιλιππησίοιςο
1518 3378 1640 3433 Ὅτι
1683 3380 1828 3448 ὑμῖν·

241 3447 537 3518 ἐχαρίσθη
556 3454 621 3505 τὸ
645 3455 1101 3524 ὑπὲροΧριστοῦ,
1130 3462 1202 3514 οὐ
1219 3464 1415 3530 μόνον
1443 3465 1509 3519 τὸ
1526 3469 1612 3532 είς
1640 3447 1828 3521 αὑτὸν

244 3539 578 3600 πιστεύειν,
601 3541 767 3596 ἀλλά
792 3545 890 3599 καί
917 3547 981 3599 τὸ
995 3548 1150 3616 ὑπὲρ
1176 3551 1364 3604 αὐτοῦ
1394 3552 1678 3622 πάσχειν.
1698 3556 1827 3609 Θεσ⁹

246 3624 595 3682 σαλονικεῦσι
625 3629 684 3682 δὲ
730 3632 911 3696 πάλιν,
949 3635 1031 3688 ὅτι
1078 3636 1338 3706 Mummi
1366 3639 1662 3707 ’ἐγένεσθε
1707 3643 1828 3696 τῶν

255 3709 638 3780 Ἐκκλησιῶν
675 3716 782 3770 τοῦ
808 3720 954 3775 Θεοῦ
982 3721 1103 3776 τῶν
1133 3723 1203 3777 ἑν
1245 3724 1318 3792 τῇ
1383 3727 1662 3797 Ἰουδαίᾳ.
1715 3732 1826 3784 Kal

255 3797 530 3874 Ἑϐραίοις
550 3802 604 3856 δὲ
637 3803 864 3874 γράφων
889 3807 1042 3877 ἔλεγε
1066 3825 1083 3842 ·
1116 3811 1227 3865 Καὶ
1261 3814 1376 3881 τὴν
1400 3816 1680 3884 ἁρπαγὴν
1705 3817 1825 3872 τῶν

241 3888 644 3957 ὑπαρχόντων
693 3893 862 3961 ὑμῶν
911 3897 1058 3964 μετὰ
1117 3898 1306 3966 χαρᾶς
1352 3903 1820 3967 προσεδέξασθε.

241 3975 358 4030 Καὶ
399 3975 769 4033 Κολοσσαεῦσι
813 3981 868 4034 δὲ
903 3989 1174 4055 μαρτυρεῖ
1220 3987 1427 4056 λέγων·
1472 3991 1824 4048 Ἀπεθὰνετε

239 4060 376 4129 γὰρ,
398 4064 496 4118 καὶ
520 4068 557 4133 ή
584 4064 697 4134 ζωὴ
715 4066 885 4136 ὑμῶν
902 4070 1228 4138 κέκρυπται
1245 4075 1366 4128 σὺν
1380 4077 1615 4144 Χριστῷ
1641 4079 1711 4132 ἐν
1742 4079 1824 4146 τῷ

243 4149 403 4214 Θεῷ·
441 4153 536 4204 καὶ
565 4154 750 4217 αὐτοῖς
781 4155 839 4208 δὲ
872 4157 1082 4221 τούτοις
1103 4161 1332 4226 πολλοὺς
1371 4165 1647 4230 κινδύνους
1677 4186 1820 4238 μαρ-

239 4242 417 4311 τυρεῖ.
443 4242 554 4295 Kal
606 4244 875 4310 Γαλάταις
911 4247 967 4300 δὲ
1014 4250 1245 4320 γράφων
1289 4252 1440 4322 λέγει
1471 4272 1486 4285 ⁸
1546 4257 1822 4312 Τοσαῦτα

240 4327 494 4385 ἐπάθετε
518 4333 672 4397 εικη,
699 4333 756 4386 εἴ
783 4351 849 4403 γε
875 4335 975 4389 καί
995 4339 1142 4406 είκη.
1182 4340 1294 4392 Kal
1315 4342 1446 4412 ὁρᾷς
1471 4343 1666 4408 αὐτοὺς
1693 4348 1821 4416 περὶ

239 4415 491 4481 εὐποιίας
511 4418 718 4482 πάντας
751 4423 1133 4492 ὲσχολακότας.
1170 4427 1269 4479 Διὰ
1297 4427 1454 4482 τοῦτο
1479 4430 1571 4482 καὶ
1597 4432 1628 4501 ἡ
1661 4415 1822 4503 χάρις

239 4503 464 4574 ἐνήργει
491 4505 637 4570 τότε,
665 4507 754 4560 διὰ
789 4510 947 4564 τοῦτο
971 4513 1063 4565 καὶ
1103 4513 1163 4566 ὲν
1201 4515 1621 4586 κατορθώμασιν
1659 4519 1816 4584 ἔζων.

243 4591 447 4646 Ἀκουε
479 4593 538 4646 δὲ
559 4595 655 4648 xal
678 4597 984 4667 Κορινθίοις
1002 4599 1056 4652 τί
1088 4601 1312 4671 γράφει,
1336 4598 1416 4667 οἷς
1448 4605 1616 4676 μυρία
1649 4607 1818 4675 ἐγκα-

238 4677 325 4732 λεῖ
346 4696 358 4708 ’
404 4681 526 4760 οὐχὶ
555 4682 651 4735 καὶ
685 4685 871 4748 αὐτοῖς
916 4691 1203 4758 μαρτυρεῖ,
1245 4689 1438 4758 λέγων,
1477 4692 1663 4748 Ἀλλὰ
1713 4696 1821 4748 τὸν

238 4763 428 4834 ζῆλον
460 4766 648 4836 ὑμῶν,
690 4769 854 4824 ἀλλὰ
890 4771 1007 4840 τὴν
1052 4774 1460 4842 ἐπιπόθησιν;
1495 4780 1607 4832 Καὶ
1656 4781 1819 4835 πάλιν

235 4854 372 4925 περὶ
398 4854 589 4908 τούτου
625 4857 728 4911 ὅσα
755 4859 936 4923 αὐτοῖς
979 4865 1267 4934 μαρτυρεῖ,
1295 4863 1469 4918 ταῦτα
1498 4865 1618 4920 οὐδὲ
1651 4869 1709 4920 ὲν
1739 4868 1818 4921 δι-

235 4938 529 5004 δασκάλοις
566 4942 666 4996 ίδοι
714 4960 800 5008 τις
847 4945 915 4999 ἂν
961 4949 1224 5019 γινόμενα
1273 4950 1368 5005 νῦν
1393 4968 1407 4980 ⁸
1447 4952 1588 5006 ὥστε
1641 4956 1818 5010 πάντα

237 5028 446 5097 οῐχεται
488 5031 584 5083 καὶ
624 5031 894 5092 ἀπόλωλε,
929 5035 1004 5088 Τὸ
1042 5037 1099 5090 δὲ
1129 5036 1324 5104 αἴτιον,
1358 5040 1420 5092 τὸ
1448 5041 1546 5111 τὴν
1595 5043 1817 5114 ἀγάπην

236 5114 495 5186 ἑψύχθαι,
554 5118 615 5172 τὸ
670 5121 800 5185 τοὺς
857 5122 1273 5196 ἁμαρτάνοντας
1347 5127 1422 5198 μὴ
1492 5129 1816 5195 κολάζεσθαι

239 5203 428 5274 (ἃκουε
457 5205 568 5276 γὰρ
593 5206 758 5260 αὑτοῦ
783 5209 1086 5281 γράφοντος
1108 5213 1187 5283 τῷ
1213 5215 1485 5288 Τιμοθέῳ,
1511 5219 1605 5271 καὶ
1631 5218 1817 5288 λέγον-

237 5307 332 5352 τος
345 5307 361 5321 ·
384 5291 530 5359 Τοὺς
549 5293 1000 5365 ἁμαρτάνοντας
1023 5299 1281 5356 ἐνώπιον
1298 5303 1543 5359 πάντων
1557 5307 1813 5377 ἕλεγχε)’

235 5378 303 5432 τὸ
356 5382 484 5441 τοὺς
515 5381 784 5452 άρχοντας
828 5389 1036 5441 νοσεῖν·
1085 5389 1186 5459 τῆς
1241 5391 1350 5464 γάρ
1398 5394 1644 5463 κεφαλῆς
1699 5396 1814 5471 [44]

237 5469 338 5540 οὐχ
372 5468 744 5540 ὑγιαινούσης,
777 5473 894 5538 πῶς
936 5474 1003 5529 ἂν
1033 5475 1093 5528 τὸ
1119 5475 1307 5532 λοιπὸν
1356 5480 1514 5552 σῶμα
1541 5468 1816 5554 εὔρωστον

240 5556 425 5625 μένοις
459 5557 602 5628 Ὅρα
631 5559 760 5629 γοῦν
808 5562 1094 5634 ἀνωμαλία
1126 5565 1222 5620 νῦν
1276 5567 1399 5638 ὅση.
1448 5571 1510 5622 Ui
1561 5572 1659 5642 μὲν
1704 5573 1810 5646 γάρ

221 5645 416 5718 ’ὀρθῶς
439 5646 704 5718 βιοῦντες,
736 5650 829 5704 καὶ
861 5651 1216 5725 ὁπωσδήποτε
1243 5658 1556 5729 παρρησίαν
1578 5645 1813 5732 ἔχοντες,

236 5733 340 5799 τὰς
371 5738 614 5809 κορυφάς
642 5739 750 5793 τῶν
775 5739 946 5811 ὀρέων
975 5743 1356 5815 κατειλήφασι,
1392 5746 1487 5802 καὶ
1533 5748 1597 5803 ὲκ
1643 5751 1812 5822 μέσου

304 5957 332 5988 ⁸
363 5955 512 6022 Mars.
547 5957 701 6010 Savil.
737 5962 830 6010 τῶν
852 5963 998 6026 φίλων
1022 5963 1189 6016 αὑτοῦ.

1951 569 2153 622 οίκείου
2179 570 2431 642 σώματος
2455 575 2845 646 άποσπώμενοι
2861 593 2876 606 ·
2909 577 3100 646 φθόροι
3121 578 3177 632 δὲ
3205 580 3298 632 καὶ
3320 581 3532 652 μυρίων

1950 656 2210 727 γέμοντες
2245 660 2432 714 κακῶν
2464 663 2827 734 εἰσεπήδησαν
2873 664 2956 727 είς
3007 665 3108 727 τὰς
3164 665 3525 736 Ἐκκλησίας·

1950 743 2159 816 ὠνηταὶ
2184 748 2477 816 γεγόνασιν
2505 752 2560 804 αί
2586 751 2770 821 ἀρχαί.
2804 753 2989 822 Μυρία
3015 751 3262 808 ἐντεῦθεν
3287 753 3530 809 τίκτεται

1946 832 2114 897 κακά,
2151 835 2246 888 καὶ
2273 837 2448 901 οὐδεὶς
2475 839 2504 891 6
2527 837 2930 909 διορθούμενος,
2965 839 3143 901 οὐδεὶς
3165 839 3194 892 6
3221 840 3492 908 ἐπιτιμῶν
3510 855 3526 870 ο

1946 921 2062 975 ἀλλ’
2098 923 2218 977 ὁδόν
2269 943 2393 980 τινα
2452 927 2545 980 καὶ
2597 927 2928 980 ἀκολουθίαν
2982 927 3174 982 ἔλαϐεν
3217 929 3252 998 ἡ
3307 928 3526 993 ἀταξία.

1948 1012 2203 1084 Ἤμαρτέ
2233 1033 2342 1079 τις,
2376 1017 2472 1071 καί⁵
2509 1018 2807 1090 ὲνεκλήθη;
2840 1019 2916 1072 Οὐ
2950 1018 3088 1090 ⁴ιτρὸς
3117 1019 3178 1072 τὸ
3208 1019 3378 1084 δεῖξαι
3404 1021 3534 1073 ἐαυ-

1943 1100 2035 1154 τὸν
2061 1101 2239 1170 άθῷον
2282 1103 2522 1170 σπεύδει,
2557 1105 2696 1158 ἀλλὰ
2741 1107 2878 1177 πρὸς
2921 1105 2982 1159 τὸ
3010 1105 3303 1176 δυνηθῆναι
3336 1125 3529 1160 κοινω-

1945 1188 2070 1251 νοὺς
2099 1187 2206 1241 τῶν
2243 1190 2613 1261 ἐγκλημάτων
2643 1192 2848 1264 εὑρεῖν.
2879 1191 2946 1244 Τί
2980 1191 3163 1256 πάθω,
3207 1192 3292 1246 ὅτι
3328 1191 3529 1260 γέεννα

1945 1275 2275 1349 ἡπείληται;
2319 1281 2658 1336 Πιστεύσατέ
2705 1299 2818 1352 μοι,
2867 1281 2944 1345 ὡς
2991 1281 3041 1334 εί
3095 1280 3169 1352 μὴ
3213 1282 3331 1335 ἐκεῖ
3365 1297 3567 1368 τετα-.

1949 1364 2136 1434 μίευτο
2186 1368 2288 1437 τὴν
2341 1369 2563 1422 κόλασιν
2597 1371 2730 1439 ἡμῖν
2775 1371 2804 1422 ὁ
2837 1368 2992 1432 Θεὸς,
3050 1369 3160 1422 τῶν
3219 1368 3532 1423 Ἴουδαῑκῶν.

1946 1453 2249 1524 συμφορῶν
2292 1455 2512 1526 μείζους
2560 1455 2628 1510 ἂν
2677 1455 2848 1509 εἴδετε
2883 1456 3007 1509 καθ’
3040 1456 3277 1526 ἑκάστην
3307 1457 3526 1527 ἡμέραν

1943 1542 2272 1614 τραγῳδίας.
2298 1542 2363 1597 Τί
2402 1543 2549 1615 γάρ;
2581 1543 2717 1598 ἀλλὰ
2753 1543 2827 1614 μὴ
2856 1544 3167 1615 δργι-σθὴτω
3198 1543 3386 1615 μηδείς
3405 1560 3421 1576 ο
3460 1544 3530 1598 ού

1944 1631 2053 1703 γὰρ
2075 1632 2338 1702 ὀνομαστὶ
2361 1634 2472 1709 ἐρῶ
2493 1651 2507 1666 ο
2540 1633 2594 1687 εί
2623 1652 2707 1698 τις
2739 1634 3188 1704 παραγενόμενος
3204 1636 3286 1698 είς
3312 1634 3410 1698 τὴν
3427 1636 3522 1688 ἐκ·

1943 1720 2190 1792 κλησίαν,
2225 1723 2368 1792 ὑμᾶς
2400 1725 2527 1786 τοὺς
2554 1723 2651 1778 νῦν
2699 1723 2861 1788 ὄντας
2899 1723 3089 1778 ἐνθάδε
3137 1725 3526 1795 παραστήσας,

1941 1810 2068 1872 τοὺς
2095 1809 2216 1880 μεθ’
2245 1811 2401 1880 ἡμῶν
2428 1809 2609 1875 ὄντας,
2655 1810 2902 1878 ἐξέτασιν
2938 1813 3199 1864 ἐποιεῖτο·
3238 1810 3438 1880 μᾶλλον
3460 1810 3522 1864 δὲ

1941 1896 2003 1948 οὐ
2033 1895 2149 1961 νῦν,
2183 1895 2299 1949 ἀλλ’
2317 1895 2372 1948 εί
2392 1914 2475 1960 τις
2502 1897 2645 1950 κατὰ
2674 1898 2775 1968 τὴν
2805 1899 3022 1968 ἡμέραν
3047 1897 3143 1951 τοῦ
3169 1897 3354 1968 πάσχα
3386 1898 3522 1951 πάν-

1941 2000 2038 2046 τας
2064 1984 2192 2047 τοὺς
2213 1984 2534 2054 προσιόντας
2564 1984 2655 2038 καὶ
2681 1985 3023 2054 λουομένους,
3046 1985 3073 2025 ι)
3099 1986 3236 2056 μετὰ
3261 1986 3323 2039 τὸ
3352 2003 3520 2057 προσ-

1941 2070 2116 2125 ελθεῖν
2135 2074 2249 2135 τοῖς
2283 2072 2602 2143 μυστηρίοις
2617 2073 2847 2144 ἐξήτασε
2882 2075 2980 2128 σὺν
3002 2073 3278 2145 ἀκριϐείᾳ,
3297 2073 3524 2144 πνεῦμα.

1938 2159 2183 2214 τοιοῦτον
2210 2160 2411 2226 λαϐὼν,
2436 2160 2577 2214 ῶστε
2613 2161 2811 2215 εἰδέναι
2842 2163 2910 2216 τά
2941 2162 3308 2233 πεπραγμένα
3333 2163 3520 2224 αὐτοῖς

1945 2248 2084 2318 μετὰ
2129 2247 2439 2319 ἀκριϐείας,
2488 2248 2661 2302 πολλὰ
2711 2249 2778 2303 ἂν
2837 2249 3031 2320 εὑρέθη
3093 2249 3368 2321 βαρύτερα
3408 2250 3529 2304 τῶνι

1951 2337 2261 2392 Ἰουδαῖκων
2286 2336 2492 2392 κακῶν.
2525 2339 2634 2391 Καὶ
2659 2339 2768 2410 γὰρ
2796 2338 3231 2404 οίωνιζομένους,
3255 2341 3350 2392 καὶ
3375 2356 3516 2410 φαρ-

1940 2425 2197 2496 μακείαις
2225 2427 2317 2480 καὶ
2334 2426 2711 2497 κλῃδονισμοῖς
2735 2426 2830 2478 καὶ
2857 2425 3093 2495 ἐπῳδαῖς
3113 2427 3517 2497 κεχρημένους,

1938 2513 2032 2566 καὶ
2070 2513 2537 2584 πεπορνευκότας,
2580 2513 2674 2567 καὶ
2721 2511 3156 2583 μοιχεύσαντας,
3203 2515 3297 2567 καὶ.
3345 2513 3516 2584 μεθύο

1939 2617 2086 2664 σους,
2114 2601 2208 2654 καὶ
2239 2601 2513 2672 λοιδόρους
2549 2594 2709 2672 εῦρεν
2736 2599 2823 2654 άν.
2856 2599 3188 2664 Πλεονέκτας
3213 2601 3270 2654 δὲ
3296 2603 3354 2654 ού
3394 2601 3516 2671 βού-

1934 2688 2098 2759 λομαι
2127 2689 2326 2756 λέγειν,
2359 2690 2435 2760 μὴ
2454 2688 2549 2743 καί
2575 2707 2737 2742 τινων
2755 2688 2982 2759 ἅψωμαι
3007 2688 3116 2742 τῶν
3144 2689 3328 2743 ἐνθάδε
3347 2687 3516 2742 ἐστώο

1933 2793 2063 2831 των.
2099 2777 2165 2830 Τί
2201 2777 2280 2842 δὲ,
2320 2776 2375 2830 εί
2398 2794 2484 2840 τις
2515 2777 2643 2839 τοὺς
2681 2777 2739 2829 ὲν
2767 2780 2832 2849 τῇ
2866 2777 3159 2849 οἰκουμένῃ
3189 2777 3518 2848 προσιόντας·

1937 2863 2182 2926 ἅπαντας
2214 2865 2506 2935 ἡρεύνησε,
2539 2867 2691 2918 ποῖον
2723 2867 2821 2919 οὐκ
2856 2865 2922 2920 ἂν
2955 2858 3081 2936 εῦρε
3105 2864 3511 2936 πλημμέλημας

1933 2951 1986 3005 τί
2008 2953 2064 3005 δὲ
2089 2954 2215 3015 τοὺς
2242 2952 2540 3024 άρχοντας;
2564 2954 2687 3024 οὐχὶ
2705 2971 2809 3024 χρη
2821 2953 3006 3025 μάτων
3027 2955 3367 3024 ἐφιεμένους,
3393 2953 3517 3024 οὐχὶ

1933 3043 2108 3112 ἀρχάς
2137 3043 2502 3110 ὠνουμένους,
2535 3043 2656 3113 οὐχὶ
2689 3043 3006 3115 φθονεροὺς,
3039 3044 3159 3113 οὐχί
3182 3043 3512 3113 βασκάνους,

1930 3130 2052 3199 οὐχὶ
2099 3129 2428 3196 κενοδόξους,
2479 3131 2603 3200 οὐχὶ
2654 3131 3029 3202 λαιμάργους,
3082 3131 3175 3185 καὶ
3212 3131 3516 3202 χρημάτων

1931 3217 2180 3283 δούλουςς
2212 3215 2493 3288 Τοσαύτης
2521 3213 2614 3272 οῦν
2655 3218 2911 3284 ἀσεϐείας
2949 3219 3260 3291 γινομένης,
3294 3218 3349 3272 τί
3389 3217 3513 3289 οὐχὶ

1932 3303 2300 3374 προσδοκῆσαι
2329 3305 2438 3376 χρὴ
2465 3303 2674 3371 δεινόν;
2699 3305 2810 3360 Καὶ
2844 3306 2932 3360 ἵνα
2974 3307 3180 3377 μάθητε
3213 3307 3312 3377 ὅσῃ
3334 3323 3512 3375 τιμω-

1934 3393 2028 3462 ρίᾳ
2062 3393 2353 3448 ὑπεύθυνοί
2369 3397 2508 3448 είσιν
2535 3398 2584 3449 οί
2597 3395 2809 3460 τούτοις
2826 3397 3178 3467 ἁλισκόμενοι
3204 3401 3315 3462 τοῖς
3333 3398 3512 3468 ἁμαρ-

1931 3480 2188 3549 τήμασιν,
2218 3483 2450 3536 ἐννοεῖτε
2485 3482 2556 3536 τὰ
2581 3483 2791 3537 παλαιά
2809 3499 2823 3514 ο
2855 3479 2938 3547 είς
2965 3483 3192 3553 ἔκλεψεν
3220 3484 3340 3554 ἱερὰ
3369 3485 3509 3556 χρή-

1935 3585 2081 3638 ματα
2114 3569 2454 3643 στρατιώτης
2483 3571 2796 3642 ἄνθρωπος,
2825 3573 2922 3626 καὶ
2959 3573 3162 3636 πάντες
3203 3570 3505 3627 ἀπώλοντο.

1929 3651 2078 3727 ’Ἄρα
2116 3657 2230 3711 ἴστε
2269 3659 2369 3730 τὴν
2399 3658 2675 3728 ίστορίαν;
2712 3659 2848 3731 Περὶ
2885 3659 2983 3714 τοῦ
3018 3660 3208 3730 Χαρμλ⁵
3236 3659 3378 3728 λέγω
3409 3655 3508 3711 τοῦ

1928 3746 1990 3798 τὸ
2030 3746 2287 3816 ἀνάθημα
2332 3746 2657 3817 κλέψαντος,
2703 3748 2816 3802 Kal
2867 3748 2990 3803 τότε
3040 3749 3139 3818 μὲν
3164 3749 3193 3801 6
3220 3747 3510 3818 προφήτης

1930 3833 2134 3901 ἔλεγεν,
2169 3836 2250 3889 ὅτι
2298 3837 2682 3905 Ἐνεπλήσθη
2713 3838 2751 3904 ἡ
2786 3837 2947 3907 χώρα
2994 3836 3192 3891 αὐτῶν
3225 3835 3510 3904 κλῃδονι-

1928 3921 2119 3991 σμῶν,
2150 3923 2231 3989 ὡς
2258 3924 2298 3991 ἠ
2324 3923 2442 3978 τῶν
2470 3925 2856 3994 ἀλλοφύλων.
2895 3925 3008 3979 Νῦν
3036 3925 3092 3979 δὲ
3127 3925 3297 3996 μυρία
3347 3923 3508 3993 γέμει

1929 4010 2208 4080 πανταχοῦ
2235 4012 2402 4074 κακά,
2433 4014 2529 4066 καὶ
2558 4014 2738 4077 οὐδεὶς
2769 4013 3000 4068 δέδοικε.
3036 4012 3368 4083 Φοϐηθῶμεν
3399 4011 3510 4064 λοι-

1929 4101 2058 4153 πόν’
2095 4096 2236 4154 οἶδεν
2263 4103 2290 4154 ὁ
2321 4102 2454 4165 Θεὸς
2495 4103 2589 4156 καὶ
2627 4102 2871 4166 δικαίους
2911 4105 3049 4174 μετά
3087 4101 3299 4157 ἀσεϐῶν
3336 4115 3507 4169 τιμω-

1930 4187 2162 4260 ρεῖσθαι,
2195 4185 2306 4242 οἷον
2342 4189 2568 4258 γέγονεν
2597 4191 2691 4243 ἐπὶ
2719 4189 2812 4243 τοῦ
2845 4191 3062 4261 Δανιὴλ,
3091 4190 3312 4243 ἐπὶτῶν
3338 4186 3507 4256 τριῶν

1927 4277 2153 4339 παίδων,
2179 4271 2288 4329 οἷον
2321 4277 2415 4328 ἐπὶ
2453 4276 2664 4347 μυρίων
2693 4279 2778 4331 ἑτέ
2789 4295 2916 4349 ρων,
2943 4274 3054 4332 οἷον
3082 4278 3175 4332 ἐπὶ
3212 4279 3319 4332 τῶν
3345 4280 3506 4333 πολέ-

1931 4387 2047 4440 μων
2087 4368 2194 4423 τῶν
2232 4367 2312 4420 ἔτι
2349 4370 2443 4420 καὶ
2473 4370 2567 4421 νῦν
2601 4369 3032 4437 συμϐαινόντων.
3065 4365 3226 4424 οὗτοι
3269 4371 3368 4441 μὲν
3393 4371 3508 4443 γάρ

1927 4462 2024 4516 καὶ
2072 4461 2206 4514 αὐτὸ
2244 4472 2266 4499 ο
2310 4462 2434 4514 ὅσον
2469 4459 2683 4530 ἔχουσιν
2726 4461 3144 4532 ἁμαρτημάτων
3195 4461 3380 4534 βάρος,
3415 4463 3505 4518 διὰ

1925 4551 2115 4607 τούτου
2143 4551 2513 4615 ἀποτίθενται,
2549 4551 2749 4603 ἐκεῖνοι
2776 4551 2833 4604 δὲ
2863 4550 2945 4606 οῦ.
2979 4553 3077 4606 Διὰ
3115 4551 3289 4606 ταῦτα
3327 4555 3506 4610 πάντα

1928 4643 2282 4713 προσέχωμεν
2312 4643 2546 4704 ἑαυτοῖς.
2577 4641 2689 4712 Οὐχ
2723 4644 2887 4713 ὁρᾶτε
2915 4643 3043 4716 τοὺς
3069 4645 3340 4716 πολέμους
3361 4664 3376 4712 ;
3401 4649 3503 4701 οὐκ

1925 4733 2156 4788 ἀκούετε
2179 4733 2276 4795 τὰς
2306 4733 2591 4802 συμφοράς
2611 4733 2703 4798 ;οὑ
2727 4733 3044 4787 παιδεύεσθε
3067 4735 3274 4800 τούτοις
3294 4756 3308 4804 ;
3331 4737 3506 4809 Ἔθνη

1926 4825 2022 4880 καὶ
2052 4824 2238 4887 πόλεις
2253 4823 2538 4892 ὁλόκληροι
2564 4824 3066 4892 κατεποντίσθησαν
3091 4827 3184 4880 καὶ
3199 4825 3498 4890 ἀπώλοντο,

1931 4917 2193 4990 μυριάδες
2209 4914 2470 4970 τοσαῦται
2501 4913 2617 4986 [45]
2651 4915 2802 4985 παρὰ
2826 4917 2938 4980 τοῖς
2965 4916 3259 4987 βαρϐάροις
3280 4916 3507 4971 δουλεύς

1922 5029 2074 5065 ουσιν
2099 5026 2112 5039 ·
2147 5010 2215 5065 ἂν
2256 5009 2332 5081 μὴ
2363 5011 2430 5079 τῇ
2472 5008 2670 5081 γεέννῃ
2718 5008 3203 5079 σωφρονιζώμεοα,
3238 5011 3343 5065 κᾶν
3376 5011 3500 5064 τού-

1921 5121 2055 5168 τοις.
2090 5105 2182 5174 Μὴ
2210 5103 2304 5156 καὶ
2329 5101 2503 5155 ταῦτα
2531 5099 2750 5154 ἀπειλαί
2776 5102 2905 5165 εἰσι,
2930 5101 3023 5154 καὶ
3048 5102 3168 5171 οὐχὶ
3195 5103 3503 5173 πράγματα

1923 5193 2296 5262 ὲκϐεϐηκότα;
2349 5190 2610 5259 Μεγάλην
2661 5191 2858 5242 ἐκεῖνοι
2905 5189 3005 5261 τὴν
3057 5190 3213 5258 δίκην
3264 5191 3495 5258 ἔδωκαν,

1923 5284 2060 5339 ἀλλὰ
2092 5283 2314 5353 μείζονα
2354 5281 2598 5351 δώσομεν
2643 5283 2827 5351 ἡμεῖς,
2853 5283 2902 5334 οί
2937 5282 3071 5352 μηδὲ
3112 5285 3231 5345 ταῖς
3269 5284 3496 5337 ἐκείνων

1923 5374 2380 5447 σωφρονιζόμενοι
2430 5375 2759 5444 συμφοραῖς.
2800 5372 3058 5442 Φορτικὸς
3092 5374 3120 5425 ὁ
3155 5373 3332 5441 λόγος,
3379 5371 3496 5427 οἶδα

1921 5468 2096 5538 κάγὼ,
2127 5467 2240 5520 ἀλλ’
2264 5465 2358 5519 ἐὰν
2385 5465 2534 5535 αὐτῷ
2560 5465 2936 5536 προσέχωμεν,
2968 5466 3158 5535 κέρδος
3181 5466 3318 5536 ἔχων
3339 5465 3385 5520 ἀ.
3418 5469 3492 5520 Οὐ

1921 5559 2030 5632 γὰρ
2067 5559 2180 5630 ἔχει
2217 5557 2354 5628 πρὸς
2399 5557 2558 5629 χάριν
2594 5557 2837 5627 ὁμιλεῖν,
2869 5556 3071 5628 μᾶλλον
3108 5557 3164 5610 δὲ
3215 5558 3493 5624 οὐδέποτε,

1982 5841 2011 5882 δ
2039 5838 2177 5888 Unus
2195 5835 2347 5887 habet
2368 5835 2676 5897 λελουμένους

1985 5903 2007 5931 ⁸
2032 5899 2231 5962 Legem
2255 5899 2401 5962 jglpet
2424 5894 2643 5962 ῡιιίιεευε
2663 5894 2794 5946 οὗτοι
2813 5897 2899 5962 μὲν
2919 5897 3008 5961 γὰρ
3031 5899 3111 5948 καὶ
3143 5898 3278 5950 αὐτοί

1986 5962 2016 6003 ἀ
2038 5957 2189 6026 Μέτε.
2213 5957 2388 6022 εει-ιι,
2409 5961 2572 6023 κέρδος
2593 5961 2648 6008 οὐ
2693 5959 2858 6023 μικρὸν
2899 5957 3200 6025 εὑρεθήσεται
3234 5964 3489 6030 προξενῶν.
