4068 6390
527 334 596 392 49
1193 333 1252 390 5.
1291 335 1581 393 JOANNIS
1615 335 2086 394 CHRYSOSTOM

2197 335 2475 394 RCHIEP.
2523 336 3079 394 CONSTANTINOP.
3722 339 3792 394 50

520 451 751 505 ἀλλ’-ἀεὶ
774 451 844 506 τὰ
882 452 1156 523 δυνάμενα
1196 456 1472 508 συστεῖλαι
1505 456 1600 508 καὶ
1639 457 1974 524 σωφρονίσαι
2003 456 2104 526 τὴν

519 533 716 606 ψιχήν.
745 535 930 590 Ταῦτα
956 538 1065 608 γὰρ
1091 539 1240 591 αἴτια
1260 539 1473 606 γίνεται
1499 541 1610 592 τῶν
1635 541 1940 609 μελλόντων
1971 540 2108 608 ἀγα-

1799 763 2113 777 _

2212 453 2322 508 θῶν
2345 471 2360 486 ·
2391 474 2469 510 ων
2496 455 2709 525 γένοιτο
2741 455 2946 518 πάντας
2982 457 3014 524 η
3025 454 3132 525 μᾶς
3157 455 3452 525 ἐπιτυχεῖν,
3489 453 3673 525 χάριτι
3701 453 3797 509 καὶ

2215 537 2626 612 φιλανθρωπίᾳ.

2023 927 2269 982 ΟΜῘΛΙΑ
2295 929 2370 982 Ζ’.

533 1119 694 1200 Ἐμοί
726 1125 808 1192 τῷ
833 1126 1274 1200 ἐλαχιστοτέρῳ
1306 1128 1567 1200 πάντων
1609 1128 1796 1200 ἁγίων
1849 1128 2028 1194 ἐδόθη
2059 1129 2097 1195 η

590 1199 762 1269 χάρις
806 1199 980 1269 αῦτη,
1013 1199 1083 1250 ἐν
1133 1199 1258 1264 τοῖς
1295 1199 1538 1254 ἔθνεσιν
1592 1201 2102 1267 εὐαγγελίσασθαι

589 1268 698 1323 τὸν
721 1268 1190 1336 ἀνεξιχνίαστον
1243 1269 1512 1323 πλοῦτον
1537 1270 1644 1323 τοῦ
1690 1269 1970 1337 Χριστοῦ,
2003 1269 2101 1321 κιιί

589 1339 848 1410 φωτίσαι
896 1339 1149 1404 πάντας,
1174 1339 1267 1405 τίς
1303 1341 1352 1410 Δ’ἡ
1390 1341 1698 1410 οἰκονομία
1729 1339 1836 1392 τοῦ
1858 1355 2100 1410 μυστη-

581 1407 723 1478 ρίου
756 1409 862 1463 τοῦ
891 1407 1427 1477 ἀποκεκρυμμένου
1467 1407 1602 1463 ἀπό
1626 1411 1746 1463 τῶν
1769 1409 2001 1463 αἰώνων
2030 1410 2102 1462 ἐν

593 1481 673 1544 τῷ
730 1479 852 1543 Θεῷ
917 1479 998 1544 τῷ
1047 1482 1121 1533 τίι
1160 1480 1358 1533 πάντα
1415 1481 1693 1534 κτίσαντι
1745 1479 1843 1532 διὰ
1896 1480 2100 1545 Ἰησοῦ

590 1549 856 1621 Χριστοῦ
876 1568 890 1582 ο
923 1551 1024 1603 ἵνα
1079 1549 1380 1621 γνωρισθῇ
1437 1551 1556 1604 νῦν
1586 1553 1712 1616 ταῖς
1745 1549 1958 1621 ἀρχαῖς
2001 1550 2099 1621 καὶ

589 1620 720 1686 ταῖς
754 1621 1067 1687 ἐξουσίαις
1089 1619 1172 1674 ἐν
1245 1621 1369 1686 τοῖς
1411 1621 1797 1688 ἐπουρανίοις
1849 1619 1946 1673 διὰ
1988 1619 2102 1686 τῆς

601 1691 968 1758 Ἐκκλησίας
995 1693 1034 1758 ἠ
1069 1692 1505 1757 πολυποίκιλος
1556 1691 1744 1760 σοφία
1772 1692 1880 1744 τοῦ
1929 1691 2098 1751 Θεοῦ,

589 1764 744 1816 κατὰ
795 1764 1084 1830 πρόθεσιν
1116 1761 1234 1814 τῶν
1282 1761 1532 1825 αἰώνων,
1586 1760 1668 1830 ἢν
1711 1761 2006 1830 ἐποίησεν
2031 1761 2102 1814 ἐν

588 1832 824 1900 Χριστῷ
861 1833 1065 1900 Ἰησοῦ
1097 1831 1178 1902 τῷ
1208 1832 1404 1900 Κυρίῳ
1431 1832 1620 1902 ἡμῶν.

589 1965 730 2029 Τοὺς
763 1967 844 2030 είς
885 1967 1119 2038 ἰατρεῖον
1163 1967 1493 2039 ἐρχομένους
1517 1968 1614 2038 οὐχ
1649 1966 1838 2031 ἁπλῶς
1875 1967 1995 2020 ἐκεῖ
2020 1967 2102 2021 δεῖ

519 2048 864 2120 πορεύεσθαι,
893 2049 1007 2102 ἀλλ’
1037 2050 1178 2103 ὥστε
1209 2050 1504 2121 μανθάνειν
1537 2049 1963 2122 θεραπεύεσθαι,
2004 2051 2101 2104 καὶ

519 2131 788 2204 φάρμακα
847 2133 1167 2190 ἐπιτιθέναι.
1228 2136 1337 2187 Καὶ
1401 2137 1547 2205 ἡμᾶς
1612 2135 1792 2189 τοίνυν
1868 2129 2102 2188 ἐνταῦθα

519 2216 1016 2287 παραγενομένους,
1056 2218 1155 2286 οὐχ
1205 2217 1395 2282 ἀπλῶς
1421 2219 1502 2271 δεῖ
1526 2218 1682 2272 τοῦτο
1715 2221 1911 2283 ποιεῖν,
1963 2219 2100 2272 ἀλλὰ

520 2299 811 2366 μανθάνειν
841 2301 940 2371 τῆς
985 2301 1492 2373 ταπεινοφροσύνης
1545 2302 1758 2356 Παύλου
1793 2304 1894 2374 τὴν
1925 2303 2098 2374 ὑπερ-

517 2385 700 2455 ὅολήν.
735 2384 799 2437 Τί
825 2385 974 2454 γάρ;
1009 2384 1228 2456 Ἐπειδὴ
1285 2385 1479 2455 ἔμελλε
1525 2384 1706 2454 λέγειν
1748 2388 1809 2440 τὸ
1867 2386 2096 2456 μέγεθος

514 2469 612 2538 τῆς
641 2471 861 2539 χάριτος
889 2468 984 2522 τοῦ
1009 2469 1169 2534 Θεοῦ,
1208 2469 1444 2523 άκουσον
1474 2471 1526 2522 τί
1571 2488 1738 2542 φησιν
1759 2487 1772 2501 ο
1822 2471 1985 2539 Ἐμοὶ
2015 2468 2098 2536 τῷ

512 2552 952 2622 ἐλαχιστοτέρῳ
978 2553 1221 2606 πάντων
1241 2554 1426 2623 ἁγίων
1448 2553 1627 2622 ἐδόθη
1661 2557 1701 2622 η
1727 2553 1900 2624 χάρις
1916 2555 2093 2622 αὕτη.

512 2630 622 2688 Ἦν
658 2637 758 2704 μὲν
796 2636 1299 2707 ταπεινοφροσύνης
1329 2638 1424 2690 καὶ
1445 2637 1506 2690 τὸ
1535 2639 1628 2690 ἐπὶ
1663 2641 1779 2702 τοῖς
1807 2638 2097 2710 προτέροις

509 2719 896 2790 ἁμαρτήμασι,
924 2720 1102 2772 καίτοι
1134 2719 1566 2791 ἐξηλειμμένοις,
1595 2721 1836 2794 θρηνεῖν,
1867 2722 1962 2774 καὶ
1999 2739 2096 2792 με·

515 2801 751 2873 μνῆσθαι
790 2804 991 2866 αὐτῶν,
1024 2804 1120 2857 καὶ
1155 2806 1493 2875 μετριάζειν,
1526 2806 1602 2868 ὡς
1631 2807 1762 2860 ὅταν
1797 2807 1931 2877 λέγῃ
1968 2805 2094 2875 βλά-

513 2903 730 2957 σφημον
757 2887 950 2940 ἐαυτὸν
977 2889 1070 2940 καὶ
1091 2887 1327 2958 διώκτην
1354 2889 1728 2960 καὶ-ὑϐριστήν
1746 2906 1758 2918 ⁸
1798 2890 1912 2943 ἀλλ’
1940 2891 2093 2944 οὐδὲν

513 2971 626 3024 ἴσον
653 2970 863 3026 τούτου.
893 2971 1164 3044 Πρότερον
1180 2971 1310 3042 γὰρ,
1344 2973 1500 3042 φησὶ,
1525 2973 1765 3037 τοιοῦτος
1794 2974 1962 3044 ἢμην,
2000 2975 2096 3026 καὶ

510 3055 772 3126 έκτρωμα
804 3056 861 3109 δὲ
897 3055 1090 3108 ἐαυτὸν
1121 3057 1278 3109 καλεῖ
1299 3075 1313 3090 ο
1349 3057 1408 3110 τὸ
1433 3057 1490 3110 δέ
1515 3058 1657 3129 μετὰ
1687 3057 1929 3112 τοσαῦτα
1959 3076 2094 3112 κατ-

507 3138 810 3212 ορθώματα
855 3140 950 3194 καὶ
1011 3141 1103 3194 ἐπὶ
1149 3141 1244 3194 τοῦ
1307 3143 1572 3214 παρόντος
1620 3143 1959 3214 μετριάζειν,
1998 3145 2092 3197 καὶ

511 3223 729 3276 πάντων
793 3224 985 3278 ἑαυτὸν
1030 3224 1211 3293 λέγειν
1265 3225 1698 3298 ἐλαχιστότερον,
1754 3227 1958 3298 πολλῆς
1999 3228 2093 3281 καὶ

510 3306 956 3377 ὑπερϐαλλούσης
1000 3308 1117 3361 ἐστὶ
1167 3310 1536 3382 μετριότητος.
1573 3310 1730 3378 Ἐμοὶ
1759 3310 1840 3376 τῷ
1885 3312 2091 3380 ἐλαχι-

507 3391 770 3460 στοτέρῳ
801 3391 1045 3445 πάντων
1066 3393 1267 3462 ἀγίων.
1302 3395 1416 3448 Ούκ
1445 3391 1587 3458 εἷπε,
1611 3395 1730 3448 Τῶν
1756 3396 2088 3450 ἀποστόλων·

509 3475 653 3530 ὥστε
685 3479 908 3530 κάκεῖνο
939 3475 1130 3530 τούτου
1169 3476 1410 3532 ἔλαττον.
1445 3478 1594 3531 Ἐκεῖ
1613 3479 1720 3550 γάρ
1758 3475 1928 3539 εἶπεν,
1969 3481 2090 3532 Οὐκ

505 3560 623 3630 είμί
657 3561 864 3626 ἱκανὸς
894 3561 1207 3616 καλεῖσθαι
1247 3563 1590 3628 ἀπόστολος
1610 3579 1622 3591 ·
1661 3561 1896 3616 ἐνταῦθα
1915 3562 1972 3615 δὲ
1997 3563 2092 3615 καὶ

505 3644 614 3697 τῶν
642 3643 814 3712 άγίων
840 3644 1055 3698 πάντων
1081 3644 1492 3718 ἐλαχιστότερον
1525 3642 1666 3699 εἷναί
1690 3662 1872 3716 φησιν.
1902 3646 2086 3713 Ἐμοί,

507 3729 665 3798 φησὶ,
703 3725 784 3791 τῷ
815 3728 1256 3796 ἐλαχιστοτέρῳ
1300 3727 1546 3782 πάντων
1600 3729 1786 3797 ἁγίων
1823 3728 2001 3796 ἐδόθη
2048 3729 2088 3795 η

508 3812 680 3880 χάρις
704 3811 880 3878 αὕτη.
911 3811 1089 3876 Ποία;
1145 3813 1674 3880 Εὐαγτελίσασθαι
1723 3811 1849 3879 τοῖς
1885 3813 2092 3868 ἔθνεσι

506 3895 616 3948 τὸν
664 3895 1130 3963 ἀνεξιχνίαστον
1173 3895 1442 3950 πλοῦτον
1491 3896 1600 3949 τοῦ
1657 3896 1937 3964 Χριστοῦ,
1993 3896 2091 3950 καί

506 3978 763 4048 φωτίσαι
799 3977 1049 4044 πάντας,
1080 3978 1172 4044 τίς
1207 3979 1246 4046 η
1281 3980 1590 4046 οἰκονομία
1620 3979 1727 4032 τοῦ
1747 3980 2090 4048 μυστηρίου

508 4061 616 4115 τοῦ
664 4061 1249 4130 ἀποκεκαλυμμένου
1305 4061 1425 4115 ἀπὸ
1479 4061 1599 4114 τῶν
1635 4061 1868 4115 αἰώνων
1909 4062 1980 4115 έν
2010 4061 2091 4128 τῷ

509 4145 652 4212 Θεῷ,
680 4147 762 4211 τῷ
793 4147 864 4199 τὰ
917 4145 1114 4199 πάντα
1155 4146 1430 4199 κτίσαντι
1453 4145 1552 4199 διὰ
1580 4145 1693 4218 [46]
1729 4147 1925 4212 Ἰησοῦ
1957 4150 2090 4216 Χρι-

505 4230 680 4293 στοῦ,
739 4231 840 4284 ἵνα
897 4229 1203 4298 γνωρισθῇ
1254 4230 1370 4285 νῦν
1398 4231 1529 4297 ταῖς
1566 4231 1776 4300 ἀρχαῖς
1815 4232 1914 4285 καί
1961 4233 2090 4299 ταῖς

505 4315 817 4380 ἐξουσίαις
849 4314 920 4368 ἐν
973 4315 1099 4379 τοῖς
1136 4314 1518 4382 ἐπουρανίοις
1548 4314 1646 4368 διὰ
1692 4315 1802 4384 τῆς
1834 4319 2087 4385 Ἐκκλη-

507 4401 650 4465 σίας
673 4400 710 4467 η
741 4399 1181 4465 πολυποίκιλος
1209 4402 1395 4468 σοφία
1424 4400 1529 4453 τοῦ
1564 4400 1731 4454 Θεοῦ.
1762 4401 1964 4465 Ἔστω,
1997 4403 2090 4454 ἀν-

508 4484 748 4555 θρώποις
798 4485 900 4537 οὐκ
953 4483 1356 4553 ἀπεκαλύφθη·
1419 4486 1512 4536 καὶ
1551 4485 1820 4552 ἀγγέλους
1859 4485 1953 4538 καὶ
1985 4486 2087 4555 ἀρ-

507 4569 809 4647 χαγγέλους
835 4568 1110 4638 φωτίζεις,
1158 4571 1251 4622 καὶ
1281 4570 1453 4640 ἀρχὰς
1479 4569 1574 4622 καὶ
1614 4569 1861 4632 ἐξουσίας
1887 4587 1902 4635 ;
1955 4571 2084 4631 Ναὶ,

508 4652 673 4722 φησίν
692 4667 706 4682 ·
742 4655 799 4705 ἐν
827 4653 936 4724 γὰρ
963 4653 1042 4723 τῷ
1070 4652 1191 4722 Θεῴ
1213 4653 1513 4722 κέκρυπτο,
1539 4654 1634 4705 καὶ
1662 4653 1781 4722 Θεῷ
1806 4652 1883 4723 τῷ
1909 4653 2087 4706 πάντα

507 4738 754 4795 κτίσαντι
783 4738 870 4791 διὰ
917 4737 1112 4807 Ἰησοῦ.
1145 4739 1254 4791 Καὶ
1279 4737 1485 4806 τολμᾷς
1518 4737 1675 4789 τοῦτο
1699 4739 1873 4789 εἰπεῖν
1899 4755 1912 4800 ;
1955 4737 2084 4799 Ναὶ,

507 4823 692 4891 φησίν.
724 4821 885 4874 Ἀλλὰ
939 4822 1099 4874 πόθεν
1147 4822 1304 4874 τοῦτο
1353 4822 1512 4889 δῆλον
1549 4823 1661 4883 τοῖς
1709 4820 1961 4887 ἀγγέλοις
1989 4822 2086 4888 γέν

505 4921 670 4970 γονε;
710 4905 807 4957 Διὰ
848 4903 948 4973 τῆς
984 4905 1333 4976 Ἐκκλησίας.
1389 4905 1497 4957 Καὶ
1540 4904 1660 4956 οὐδὲ
1693 4903 1880 4965 ἁπλῶς
1907 4899 2082 4968 εἶπεν,

518 4989 582 5040 Ἥ
615 4987 832 5059 ποικίλη
868 4988 1028 5056 σοφία
1057 4989 1150 5041 τοῦ
1172 4987 1328 5048 Θεοῦ,
1357 4988 1494 5046 ἀλλ’,
1538 4988 1599 5040 Ἠ
1625 4987 2082 5052 πολυποίκιλος.

505 5071 572 5124 Τί
601 5068 693 5125 οῦν
723 5073 839 5125 ἐστι
868 5071 1060 5135 τοῦτο;
1097 5072 1195 5123 οὐκ
1246 5071 1442 5141 ᾔδεσαν
1472 5070 1693 5138 ἄγγελοι
1720 5087 1733 5126 :
1779 5070 2047 5139 Οὐδαμῶς
2068 5087 2082 5101 ο

505 5159 558 5209 εἰ
584 5157 693 5227 γὰρ
722 5156 889 5226 ἀρχαὶ
929 5157 1028 5208 οὐκ
1052 5155 1272 5226 ᾔδεσαν,
1300 5155 1479 5222 πολλῴ
1509 5155 1708 5222 μᾶλλον
1739 5153 1960 5220 ἄγγελοι
1986 5154 2087 5206 οὐκ

504 5239 703 5312 ᾔδεσαν
731 5240 815 5294 ἀν.
858 5239 923 5292 Τί
969 5234 1090 5304 οὗν;
1141 5238 1264 5291 οὐδέ
1299 5237 1632 5307 ἀρχάγγελοι
1681 5236 1911 5307 ᾔδεσαν;
1950 5237 2085 5289 υύδὲ

505 5325 738 5376 ἐκεῖνοι·
780 5323 942 5376 πόθεν
984 5321 1041 5378 δέ
1071 5322 1165 5376 καὶ
1201 5319 1425 5389 ἔμελλον
1456 5320 1737 5383 είσεσθαις
1774 5319 1916 5382 τίνος
1945 5321 2080 5372 ἁπο-

505 5405 904 5472 καλύπτοντος;
942 5405 1072 5458 Ὅτε
1128 5405 1288 5473 ἡμεῖς
1342 5404 1640 5474 ἐμάθομεν,
1678 5403 1798 5456 τότε
1839 5403 2083 5456 κάκεῖνοι

505 5489 574 5542 δι’
603 5489 780 5558 ἡμῶν.
810 5492 1008 5542 Ἄκουε
1044 5487 1155 5558 γὰρ
1177 5488 1269 5540 τοῦ
1292 5488 1524 5556 ἀγγέλου
1546 5487 1796 5554 λέγοντος
1829 5487 1965 5557 πρὸς
1993 5489 2085 5540 τὸν

519 5573 717 5642 Ἰωσήφ
741 5589 754 5603 ⁸
797 5573 1090 5637 Καλέσεις
1118 5570 1186 5625 τὸ
1219 5571 1407 5642 ὄνομα
1438 5571 1625 5624 αὐτοῦ
1660 5571 1905 5638 Ἰησοῦν
1932 5589 1946 5602 ·
1981 5575 2087 5626 αὺ-

504 5654 610 5720 τὸς
635 5653 746 5724 γὰρ
791 5654 977 5709 σώσει
1025 5658 1133 5709 τὸν
1165 5654 1319 5708 λαὸν
1367 5653 1555 5708 αὑτοῦ
1597 5653 1718 5709 ἀπὸ
1750 5651 1870 5706 τῶν
1899 5653 2086 5722 ἁμαρ-

507 5735 650 5792 τιῶν
687 5736 902 5791 αὐτῶν.
941 5739 1112 5802 Αὐτὸς
1146 5737 1426 5808 ἀπεστάλη
1461 5738 1542 5800 είς
1589 5735 1658 5788 τὰ
1701 5735 1851 5805 ἔθνη,
1886 5737 2083 5790 ἐκεῖνοι

453 5823 458 5828 ’
503 5821 562 5874 δὲ
597 5821 676 5883 είς
709 5820 808 5891 τὴν
838 5823 1159 5893 περιτομήν.
1185 5823 1371 5889 Ὥστε,
1407 5822 1468 5874 τὸ
1510 5818 1959 5889 θαυμασιώτερον
1984 5822 2076 5876 καὶ

506 5904 829 5974 ἔκπληκτον,
885 5905 1026 5975 ἐμοὶ,
1079 5906 1264 5976 φησὶν,
1322 5904 1474 5975 ἐδόθη
1524 5903 1601 5972 τῷ
1655 5902 2068 5978 ἐλαχιστοτέρῳ,

2203 1130 2313 1182 Καὶ
2347 1128 2508 1183 τοῦτο
2531 1129 2587 1182 δὲ
2621 1129 2845 1201 χάριτος
2888 1125 2978 1202 ἦν,
3007 1130 3070 1182 τδ
3099 1128 3194 1182 τδν
3234 1128 3430 1200 μικρὸν
3459 1129 3530 1183 τὰ
3567 1129 3792 1200 μείζονα

2201 1213 2633 1283 ἐγχειρισθῆναι,
2679 1215 2741 1267 τὸ
2773 1214 3029 1281 γενέσθαι
3057 1212 3265 1267 τούτων
3291 1213 3711 1284 εύαγγελιστήν.
3731 1214 3792 1266 ’0

2200 1298 2310 1368 γάρ
2335 1297 2443 1352 τῶν
2493 1298 2757 1368 μειζόνων
2787 1298 3078 1367 γενόμενος
3131 1295 3551 1366 εύαγγελιστὴς,
3615 1298 3792 1370 ταύτῃ

2204 1383 2376 1451 μέγας
2404 1382 2570 1436 ἐστίν.
2603 1383 3132 1452 Εὑαγγελίσασθαι
3165 1383 3234 1435 ὲν
3275 1380 3400 1447 τοῖς
3442 1381 3650 1436 ἔθνεσι
3681 1383 3789 1435 τὸν

2199 1465 2666 1534 ἀνεξιχνίαστον
2692 1467 2962 1521 πλοῦτον
2990 1465 3098 1519 τοῦ
3136 1465 3420 1533 Χριστοῦ.
3457 1465 3518 1518 ΕΞ
3557 1467 3586 1519 ὁ
3615 1464 3787 1518 πλοῦ-

2199 1565 2291 1611 τος
2313 1549 2476 1602 αὐτοῦ
2506 1550 2930 1620 ἀνεξιχνίαστος,
2951 1551 3046 1603 καὶ
3071 1550 3210 1620 μετὰ
3233 1550 3294 1602 τὸ
3319 1550 3577 1619 φανῆναι,
3606 1549 3788 1619 πολλῷ

2205 1631 2404 1702 μᾶλλον
2433 1633 2668 1704 ἡούσία.
2706 1633 2769 1686 Εἰ
2807 1634 3107 1704 μυστήριον
3138 1632 3220 1686 ἔτι
3263 1633 3402 1699 ἐστὶ,
3433 1632 3614 1703 πολλῷ
3651 1633 3790 1704 μᾶλ-

2199 1718 2289 1771 λον
2322 1718 2428 1790 πρὸ
2454 1717 2550 1771 τοῦ
2581 1717 2971 1788 γνωρισθῆναι.
3017 1718 3335 1786 Μυστήριον
3382 1716 3495 1788 γὰρ
3525 1717 3657 1769 αὐτὸ
3694 1716 3791 1770 διὰ.

2200 1805 2357 1857 τοῦτο
2378 1803 2552 1868 καλεῖ,
2576 1802 2765 1873 ἐπειδὴ
2794 1803 2928 1873 μηδέ
2953 1801 3176 1869 ἄγγελοι
3200 1801 3424 1871 ᾔδεσαν,
3451 1801 3588 1870 μηδέ
3615 1800 3790 1871 ἑτέρῳ

2200 1889 2308 1941 τινὶ
2345 1887 2504 1958 δῆλον
2550 1883 2638 1958 ἦν.
2693 1887 2805 1940 Kal
2841 1888 3097 1956 φωτίσαι
3136 1885 3390 1951 πάντας,
3426 1887 3584 1956 φησι,
3619 1887 3711 1952 τίς
3744 1887 3786 1954 ή

2201 1973 2506 2040 οἰκονομία
2539 1970 2646 2025 τοῦ
2692 1971 3027 2039 μυστηρίου
3075 1969 3182 2023 τοῦ
3243 1969 3789 2039 ἀποκεκρυμμένου

2200 2055 2318 2110 ἀπὸ
2352 2053 2472 2108 τῶν
2501 2055 2732 2109 αἰώνων
2777 2054 2848 2106 ἐν
2878 2053 2958 2120 τῷ
3011 2052 3135 2119 Θεῷ
3183 2051 3264 2119 τῷ
3304 2051 3377 2106 τὰ
3415 2052 3614 2108 πάντα
3660 2053 3788 2106 κτί-

2201 2155 2378 2192 σαντι
2414 2138 2512 2192 διὰ
2556 2137 2754 2206 Ἰησοῦ
2802 2137 3083 2207 Χριστοῦ.
3121 2137 3380 2205 Ἀγγελοι
3423 2137 3584 2191 τοῦτο
3627 2137 3789 2207 μόνον

2201 2221 2420 2292 ᾔδεσαν,
2451 2223 2534 2276 ὅτι
2575 2221 2860 2290 Ἐγενήθη
2889 2220 3062 2290 μερὶς
3114 2222 3337 2288 Κυρίου
3367 2221 3520 2288 λαὸς
3559 2220 3784 2275 αὑτοῦ·

2202 2309 2297 2361 καὶ
2328 2307 2513 2369 πάλιν,
2546 2305 2609 2359 '0
2639 2305 2842 2374 ἅρχων
2861 2305 2982 2359 τῶν
3009 2305 3280 2374 Περσῶν,
3308 2305 3497 2375 φησιν,
3520 2305 3786 2373 ἀντέστη

2199 2408 2319 2460 μοι.
2342 2392 2505 2444 ’Ὠστε
2538 2389 2692 2443 οὐδὲν
2739 2389 3072 2460 θαυμαστὸν,
3119 2391 3167 2442 εί
3211 2391 3305 2443 καὶ
3341 2389 3500 2442 τοῦτο
3528 2389 3784 2459 ἠγνόουν.

2204 2475 2268 2528 Εἰ
2325 2475 2434 2544 γὰρ
2479 2473 2549 2526 τά
2577 2473 2677 2543 τῆς
2736 2473 2999 2526 ἐπανόδου
3048 2472 3303 2541 ἠγνόουν,
3347 2471 3530 2541 πολλῷ
3585 2471 3788 2542 μᾶλλον

2201 2555 2375 2610 ταῦτα
2401 2573 2414 2589 ·
2466 2555 2560 2609 καὶ
2602 2558 2712 2626 γὰρ
2752 2555 3072 2624 εὐαγγέλιον
3122 2555 3282 2609 τοῦτό
3335 2557 3505 2610 ἐστιν.
3549 2555 3783 2619 Ὅστις,

2203 2640 2358 2709 φησι,
2393 2639 2581 2694 σώσει
2618 2640 2727 2692 τὸν
2770 2639 2927 2694 λαὸν
2969 2639 3160 2694 αὑτοῦ
3190 2641 3299 2693 τὸν
3323 2639 3584 2706 Ἰσραήλ,
3615 2637 3788 2692 Οὐδὲν

2204 2725 2335 2794 περὶ
2371 2724 2480 2776 τῶν
2506 2723 2674 2777 ἐθνῶν
2695 2739 2709 2753 ·
2745 2724 2882 2777 ἀλλὰ
2934 2724 3066 2794 περὶ
3105 2723 3215 2777 τῶν
3256 2724 3426 2778 ἐθνῶν
3458 2724 3522 2776 τὸ
3557 2721 3788 2792 Πνεῦμα

2201 2809 2598 2862 ἀποκαλύπτει.
2627 2808 2750 2860 Ὀτι
2781 2808 2880 2878 μὲν
2905 2803 3000 2861 οὖν
3021 2807 3352 2878 ἐκλήθησαν,
3379 2807 3595 2877 ᾔδεσαν,
3620 2808 3704 2859 ὅτι
3725 2806 3786 2858 δὲ

2201 2895 2296 2946 ἐπὶ
2337 2896 2452 2956 τοῖς
2505 2893 2712 2955 αὐτοῖς,
2747 2892 2840 2944 καὶ
2895 2890 3037 2944 ὥστε
3089 2893 3171 2954 είς
3201 2891 3290 2944 τὸν
3330 2890 3520 2962 θρόνον
3560 2891 3786 2944 καθίσαι

2200 2977 2291 3028 τὸν
2318 2976 2412 3028 τοῦ
2447 2975 2604 3041 Θεοῦ,
2629 2974 2788 3028 τοῦτο
2810 2975 2892 3038 τίς
2921 2977 2986 3028 ἂν
3011 2975 3381 3046 προσεδόκησε
3405 2991 3420 3040 ;
3455 2976 3538 3037 τίς
3574 2976 3640 3028 ἂν
3660 2973 3785 3026 ἐπί-

2204 3077 2392 3112 στευσε
2418 3077 2433 3127 ;
2480 3060 2591 3114 Τοῦ
2615 3060 3176 3128 ἀποκεκρυμμένου,
3216 3061 3400 3128 φησὶν,
3431 3059 3500 3112 ἐν
3521 3056 3603 3123 τῷ
3636 3057 3782 3123 Θεῷ.

2201 3144 2418 3216 Ταύτην
2455 3146 2511 3198 δὲ
2559 3145 2658 3217 τὴν
2713 3145 3028 3216 οἰκονομίαν
3075 3144 3409 3215 σαφέστερον
3444 3144 3503 3198 ἐν
3532 3145 3598 3214 τῇ
3644 3141 3785 3211 πρὸς

2213 3228 2518 3298 Ῥωμαίους
2548 3227 2946 3281 ἀποκαλύπτει.
2987 3228 3089 3281 Ἐν
3129 3225 3208 3291 τῷ
3239 3225 3381 3291 Θεῷ,
3419 3226 3576 3296 φησὶ,
3607 3222 3686 3289 τῷ
3711 3223 3788 3276 τὰ

2201 3309 2398 3364 πάντα
2436 3311 2712 3364 κτίσαντι
2759 3310 2860 3364 διὰ
2894 3309 3098 3376 Ἰησοῦ
3128 3309 3408 3378 Χριστοῦ.
3461 3309 3570 3362 Καὶ
3600 3305 3786 3368 καλῶς

2201 3395 2576 3465 ἐμνημόνευσε
2612 3395 2866 3460 κτίσεως,
2904 3394 3096 3460 εἰπὼν,
3125 3396 3228 3448 Διὰ
3271 3393 3475 3461 Ἰησοῦ
3497 3392 3781 3462 Χριστοῦ.

2212 3479 2271 3531 Ὀ
2309 3478 2418 3548 γὰρ
2447 3479 2626 3532 πάντα
2654 3478 2721 3530 δι’
2755 3477 2918 3532 αὑτοῦ
2948 3478 3160 3540 κτίσας,
3207 3477 3303 3532 καὶ
3333 3477 3492 3530 τοῦτο
3519 3475 3584 3529 δι’
3613 3473 3784 3529 αὐτοῦ

2200 3562 2608 3615 ἀποκαλύπτειο
2667 3561 2824 3635 οὐδὲν
2872 3561 2980 3633 γὰρ
3033 3561 3204 3632 χωρὶς
3251 3559 3416 3615 αὑτοῦ
3468 3559 3781 3629 πεποίηκε’

2199 3648 2388 3714 Χωρίς
2426 3647 2534 3718 γάρ
2568 3645 2777 3709 αὑτοῦ,
2828 3646 3014 3714 φησὶν,
3058 3645 3300 3713 ἐγένετο
3351 3643 3556 3698 οὐδέν.
3593 3641 3783 3696 Εἰπὼν

2198 3732 2374 3801 ἀρχὰς
2405 3731 2502 3783 καὶ
2554 3729 2824 3793 ἐξουσίας,
2862 3729 2957 3782 καὶ
3002 3729 3130 3792 τοὺς
3177 3729 3291 3783 ἀνω
3323 3729 3419 3781 καὶ
3463 3729 3592 3790 τοὺς
3625 3727 3780 3780 κάτω

2197 3810 2338 3868 εἷπε.
2371 3813 2530 3868 Κατὰ
2557 3814 2845 3879 πρόθεσιν
2874 3813 2994 3866 τῶν
3021 3812 3271 3866 αἰώνων.
3319 3811 3434 3865 Νῦν
3466 3813 3584 3883 μὲν,
3619 3811 3780 3882 φησὶ,

2197 3899 2441 3966 γέγονεν,
2475 3898 2534 3949 ού
2568 3895 2662 3950 νῦν
2705 3896 2762 3948 δέ
2803 3895 3027 3966 ῶριστο,
3080 3895 3198 3948 ἀλλ’
3251 3895 3460 3950 ἀνωθεν
3505 3894 3779 3967 προτετύ-

2197 3999 2367 4036 πωτο.
2399 3981 2561 4035 Κατὰ
2596 3981 2890 4048 πρόθεσιν
2918 3979 3036 4033 τῶν
3067 3979 3322 4047 αἰώνων,
3368 3979 3450 4047 ἢν
3483 3981 3782 4045 ἐποίησεν

2196 4065 2266 4119 ἐν
2293 4064 2525 4133 Χριστῷ
2561 4062 2768 4130 Ἰησοῦ
2789 4062 2904 4134 [47]
2936 4063 3014 4127 τῷ
3046 4065 3240 4132 Κυρίῳ
3265 4063 3436 4132 ἡμῶν
3457 4081 3471 4094 ο
3502 4064 3780 4125 τουτέστι,

2197 4149 2338 4202 κατὰ
2401 4148 2708 4220 πρόγνωσιν
2745 4147 2854 4199 τῶν
2893 4145 3129 4208 αἰώνων,
3195 4145 3466 4218 προειδὼς
3517 4146 3588 4200 τά
3644 4146 3780 4217 μέλ-

2196 4235 2357 4286 λοντα
2385 4248 2398 4262 ·
2454 4234 2578 4295 τοὺς
2627 4231 2916 4302 μέλλοντας
2945 4230 3147 4294 αἰῶνὰς
3171 4248 3336 4301 φησιν
3356 4245 3370 4261 °
3413 4232 3531 4302 ᾔδει
3557 4231 3666 4303 γὰρ
3709 4231 3781 4284 τὰ

2197 4317 2454 4387 ἐσόμενα,
2505 4315 2602 4367 καὶ
2653 4314 2828 4378 οὕτως
2880 4313 3068 4386 ὥρισε.
3127 4315 3289 4369 Κατὰ
3323 4319 3626 4383 πρόθεσιν
3656 4315 3781 4369 τῶν

2195 4401 2445 4456 αἰώνων·
2471 4399 2600 4461 ἴσως
2627 4397 2832 4452 τούτων
2859 4392 2934 4450 ὧν
2958 4398 3215 4466 ἐποίησεν
3241 4401 3298 4451 ἐν
3325 4398 3545 4468 Χριστῷ
3573 4400 3776 4468 Ἰησοῦ,

2195 4485 2278 4538 ὃτι
2299 4483 2364 4554 δὴ
2397 4482 2485 4534 διὰ
2510 4481 2605 4534 τοῦ
2637 4481 2877 4550 Χριστοῦ
2905 4481 3130 4549 γέγονεν
3149 4481 3434 4536 ἆπαν.Ἔν
3458 4477 3507 4550 ᾧ
3531 4482 3777 4552 ἔχομεν,

2195 4567 2350 4636 φησὶ,
2387 4564 2500 4631 τὴν
2550 4564 2898 4632 παρρησίαν
2943 4565 3043 4618 καὶ
3101 4565 3217 4631 τὴν
3270 4568 3677 4636 προσαγωγὴν
3705 4567 3781 4620 ἐν

2194 4648 2549 4714 πεποιθήσει
2578 4647 2678 4699 διὰ
2715 4645 2825 4714 τῆς
2855 4647 3116 4713 πίστεως
3152 4649 3361 4703 αὑτοῦ.
3389 4650 3502 4718 Ούχ
3548 4649 3623 4711 ὡς
3653 4652 3780 4718 αἰχ-

2197 4731 2455 4801 μάλωτοι,
2499 4730 2654 4800 φησὶ,
2703 4729 3120 4800 προσήχθημεν,
3168 4731 3276 4784 οὐδ’
3318 4733 3394 4788 ὡς
3439 4732 3780 4803 συγγνώμης

2193 4813 2525 4884 ἀξιούμενοι,
2553 4813 2674 4866 ούδέ
2703 4814 2780 4876 ὡς
2831 4815 3236 4885 ἡμαρτηκότες.
3285 4817 3418 4881 Καὶ,
3473 4818 3594 4885 Τὴν
3618 4820 3778 4886 παῤ-

2184 4901 2415 4968 ρησίαν
2444 4897 2799 4970 γὰρ,.φησ“ιν,
2838 4896 3058 4966 ἔχομεν
3093 4898 3163 4952 ἐν
3199 4900 3578 4967 πεποιθήσει,
3617 4919 3780 4955 τουτ-

2191 4983 2330 5046 έστι,
2362 4983 2501 5052 μετά
2528 4981 2622 5033 τοῦ
2658 4980 2904 5051 θαρρεῖν.
2941 4981 3150 5044 Πόθεν;
3202 4985 3308 5037 Διὰ
3344 4983 3458 5052 τῆς
3509 4987 3778 5052 πίστεως

2187 5065 2392 5120 αὑτοῦ.
2421 5065 2517 5117 Διὸ
2547 5063 2822 5133 αἰτοῦμαι
2840 5062 2927 5132 μὴ
2957 5065 3238 5118 ἐκκακεῖν
3267 5067 3336 5119 ἐν
3356 5067 3484 5133 ταῖς
3517 5069 3776 5137 θλίψεσί

2188 5165 2308 5216 μου
2344 5148 2497 5214 ὑπὲρ
2525 5147 2711 5215 ὑμῶν,
2735 5146 2867 5213 ἣτις
2891 5147 3022 5199 ἐστὶ
3058 5147 3207 5211 δόξα
3235 5147 3424 5218 ὑμῶν.
3460 5149 3586 5214 Πῶς
3621 5153 3776 5204 ἐστιν

2191 5232 2334 5302 ὑπὲρ
2362 5230 2574 5295 αὑτῶν;
2604 5231 2721 5292 πῶς
2749 5230 2865 5283 ἐστι
2892 5229 3017 5296 δόξα
3044 5231 3226 5284 αὐτῶν
3255 5248 3270 5295 ;
3297 5232 3422 5286 Ὅτι
3451 5233 3631 5297 οὕτως
3665 5235 3773 5287 αύο

2185 5317 2312 5380 τοὺς
2337 5315 2624 5384 ἠγάπησεν
2656 5315 2684 5367 ό
2706 5313 2859 5377 Θεὸς,
2895 5313 3036 5367 ῶστε
3073 5316 3169 5368 καὶ
3214 5317 3304 5370 τὸν
3340 5318 3471 5372 Υἱὸν
3495 5319 3636 5389 ὑπὲρ
3665 5319 3774 5371 αύ-

2182 5401 2290 5453 τῶν
2319 5400 2518 5457 δοῦναι,
2550 5399 2644 5450 καὶ
2671 5397 2799 5461 τοὺς
2826 5397 3043 5462 δούλους
3067 5399 3294 5456 κακοῦν.
3325 5400 3442 5454 Ἵνα
3476 5401 3587 5473 γὰρ
3615 5396 3771 5456 οὗτοι

2182 5480 2680 5552 τύχωσιτοσούτων
2725 5480 2970 5548 ἀγαθῶν,
3031 5482 3241 5547 Παῦλος
3289 5483 3593 5556 ἐδεσμεῖτο.
3621 5486 3773 5556 Ἄρα

2183 5566 2342 5620 τοῦτο
2373 5566 2473 5635 τῆς
2504 5564 2703 5634 πολλῆς
2755 5563 2847 5617 τοῦ
2901 5563 3038 5617 Θεοῦ
3089 5568 3221 5636 περὶ
3274 5568 3476 5632 αὐτοὺς
3515 5568 3769 5637 ἀγάπηςο

2183 5652 2320 5720 ὅπερ
2354 5651 2446 5704 καὶ
2479 5649 2609 5717 περὶ
2634 5649 2743 5700 τῶν
2769 5649 3067 5717 προφητῶν
3092 5666 3258 5720 φησιν
3289 5652 3316 5702 ὁ
3345 5652 3481 5716 Θεός
3503 5667 3515 5680 ⁸
3565 5653 3774 5706 Ἀπέκ-

2189 5749 2386 5786 τεινον
2406 5731 2630 5795 αὐτοὺς
2669 5731 2740 5784 ἐν
2755 5732 2978 5799 ῥήματι
3029 5732 3330 5801 στόματός
3372 5752 3512 5803 μου.
3556 5737 3685 5800 Πῶς
3713 5735 3776 5790 δὲ

2181 5817 2506 5881 ὲξεκὰκουν,
2569 5815 2730 5868 ἄλλου
2779 5814 3133 5884 θλιϐομένου;
3192 5817 3503 5884 Τουτέστιν,
3571 5819 3774 5890 ἐθορυ-

2190 5902 2398 5968 ϐοῦντο,
2476 5901 2848 5970 ἐταράττοντο.
2910 5899 3091 5954 Ταῦτα
3145 5903 3240 5956 καὶ
3305 5903 3775 5959 Θεσσαλονικεῦσι
