4060 6400
284 360 357 418 49
1170 347 1235 404 ΙΝ
1273 346 1485 404 EPIST.
1518 340 1610 396 AD
1644 334 1888 393 EPIIES.
1926 330 2078 388 CAP.
2121 329 2212 385 111.
2252 329 2485 388 HOMIL.
2526 334 2639 391 VII.
2745 370 2771 385 κ
3487 328 3554 384 50

288 490 473 532 torum
519 469 833 544 gravitatem
862 482 958 537 per
986 465 1040 520 id
1080 464 1395 534 deponunt,
1447 462 1503 517 bi
1555 474 1687 516 vero
1732 474 1862 513 non.

286 568 512 636 Propter
539 563 653 617 haec
677 559 855 617 omnia
877 557 1033 612 nobis
1048 556 1181 626 ipsis
1200 554 1558 609 attendamus.
1575 550 1692 605 Non
1713 549 1858 604 vide-

287 661 358 715 tis
373 656 547 713 bella?
570 668 677 709 non
694 651 890 707 auditis
908 647 1278 704 calamitates?
1304 661 1411 701 non
1441 645 1525 699 his
1543 640 1866 698 erudimini?

287 749 486 805 Gentes
504 754 560 801 et
572 744 816 800 civitates
831 742 1051 809 integrae
1072 739 1339 807 absorpta:
1356 744 1480 790 sunt
1497 743 1553 789 et
1568 733 1864 803 perierunt;

290 854 399 897 tam
430 840 595 895 multa
620 836 792 891 millia
814 830 1211 897 serviuntapud
1234 831 1487 884 barbaros
1520 843 1533 880 :
1556 828 1599 881 si
1621 826 1863 895 gehenna

292 948 393 989 nos
424 947 531 987 non
560 929 808 998 castigat,
840 927 956 981 haec
980 924 1169 979 saltem
1201 938 1299 977 nos
1326 920 1589 991 castigent
1616 926 1670 972 et
1711 916 1871 971 doce-

289 1033 385 1080 ant
410 1037 620 1092 sapere.
645 1022 726 1073 An
755 1018 870 1072 haec
912 1016 1073 1071 mina:
1092 1015 1256 1068 sunt?
1288 1027 1466 1066 nonne
1493 1026 1576 1064 res
1602 1024 1721 1079 qum
1740 1022 1869 1062 eve-

290 1114 529 1175 nerunt?
559 1111 779 1180 Magnas
802 1110 878 1162 illi
923 1106 1187 1161 dederunt
1218 1118 1422 1173 pinnas,
1454 1101 1547 1156 sed
1573 1116 1669 1154 nos
1700 1098 1870 1167 majo-

1972 467 2062 509 res
2083 453 2344 515 dabimus,
2376 452 2463 521 qui
2492 466 2559 506 ex
2584 450 2797 507 illorum
2827 444 3218 505 calamitatibus
3244 459 3347 500 non
3378 446 3510 497 casti

1970 562 2181 618 gamur.
2212 546 2387 601 Grave
2412 555 2491 600 est
2523 552 2580 598 et
2630 543 2911 599 molestum
2935 541 3076 612 quod
3097 540 3258 594 dico:
3285 554 3384 606 ego
3413 552 3520 604 quo

1970 656 2077 709 que
2108 639 2160 694 id
2190 640 2305 694 scio
2331 680 2347 703 ,
2391 638 2486 693 sed
2517 638 2723 692 lucrum
2756 636 2911 691 aliert
2953 635 2998 689 si
3045 632 3404 689 attendamus.
3432 629 3549 683 Non

1972 730 2117 783 enim
2154 728 2296 784 dicta
2322 727 2526 799 profert
2552 742 2801 797 umquam
2829 726 2894 781 ad
2930 725 3153 795 gratiam
3177 765 3193 789 ,
3221 721 3315 776 sed
3343 735 3404 774 ca
3430 736 3550 789 qth

1975 824 2144 892 magis
2169 832 2392 890 possunt
2433 823 2664 875 animam
2696 822 2973 875 continere
3013 827 3066 873 et
3105 816 3402 870 modestam
3432 811 3555 866 red-

1973 915 2121 968 dere.
2140 914 2263 968 Haec
2279 916 2421 968 enim
2444 923 2569 969 sunt
2587 914 2741 968 nobis
2753 928 2929 967 causa:
2952 911 3249 965 futurorum
3270 908 3555 961 bonorum:

1973 1021 2091 1072 qn.e
2122 1006 2278 1059 detur
2316 1008 2468 1061 nobis
2498 1007 2747 1060 omnibus
2776 1004 3070 1072 consequi,
3102 999 3269 1071 gratia
3298 1006 3353 1052 et
3404 995 3554 1050 beni-

1975 1098 2197 1165 gnitate.

304 1213 3565 1261 _______________________________________.___

1638 1308 1986 1369 HOMILIA
2026 1308 2167 1368 VII.

291 1466 424 1523 CAP.
456 1466 510 1519 5.
540 1480 593 1517 v.
624 1461 678 1518 8.
705 1460 837 1515 Mihi
881 1468 1048 1513 autent
1086 1465 1372 1509 sanctorum
1403 1452 1627 1506 omnium
1652 1452 1861 1504 minimo

368 1559 488 1611 data
516 1564 587 1609 est
625 1553 790 1625 gratia
820 1551 927 1606 hate
951 1591 967 1616 ,
1000 1549 1053 1601 in
1080 1546 1305 1618 gentibus
1336 1544 1679 1614 evangelisare
1703 1543 1874 1594 inves—

368 1649 601 1721 tigabiles
648 1645 851 1699 divitias
899 1641 1105 1698 Christi.
1151 1640 1204 1693 ‘J.
1248 1647 1296 1692 et
1340 1637 1633 1691 illuminare
1671 1649 1872 1697 omnes,

370 1756 482 1811 qua:
506 1740 572 1794 sit
615 1734 926 1806 dispensatio
956 1730 1262 1786 sacramenti
1291 1726 1571 1781 absconditi
1604 1742 1637 1778 a
1679 1725 1878 1779 swculis

369 1837 425 1888 in
445 1834 553 1887 Deo
568 1832 655 1899 qui
675 1831 847 1884 omnia
867 1825 1051 1881 creavit
1079 1841 1167 1892 per
1191 1821 1369 1877 Jcsum
1392 1818 1685 1883 Christum;
1711 1816 1798 1890 1οτ
1826 1826 1879 1870 ut

370 1928 646 1978 innotescat
668 1936 800 1975 nunc
828 1915 1196 1988 principatibus
1235 1923 1283 1968 et
1304 1910 1631 1982 potestatibus
1657 1909 1710 1962 in
1731 1910 1881 1961 ctele-

371 2014 531 2068 stibus
587 2028 677 2081 per
726 2009 1009 2063 Ecclesiam
1075 2004 1403 2075 multiformis
1446 2000 1695 2070 sapientia
1742 1996 1881 2065 Dei,

375 2105 462 2160 H.
492 2100 770 2156 secundum
800 2097 1187 2169 praeﬁnitionem
1214 2094 1515 2147 sazculorum
1539 2131 1555 2157 ,
1586 2105 1738 2160 quam
1768 2088 1885 2159 fecit

375 2197 428 2249 in
455 2194 654 2248 Christo
679 2190 805 2244 Jcsu
834 2189 1051 2242 Domino
1078 2194 1269 2241 nostro.

379 2287 430 2340 1.
463 2284 679 2339 Summa
705 2279 861 2335 Pauli
894 2278 1181 2332 humilitas.
1213 2305 1284 2316 ——
1308 2274 1400 2329 Eis
1444 2273 1534 2344 qui
1578 2272 1645 2327 ad
1692 2270 1888 2326 medici

306 2376 528 2431 veniunt
553 2371 823 2428 ofﬁcinam
844 2411 859 2436 ,
891 2384 997 2424 non
1024 2368 1142 2423 sine
1170 2381 1329 2421 causa
1362 2365 1488 2419 illuc
1512 2372 1595 2418 est
1618 2362 1885 2427 eundum,

310 2468 405 2525 sed
453 2476 510 2522 ut
545 2466 755 2520 discant
782 2476 974 2517 curare
998 2470 1054 2516 et
1082 2457 1341 2513 adbibere
1370 2455 1780 2512 medicamenta.
1824 2454 1891 2507 Et

310 2574 410 2616 nos
432 2572 646 2629 quoque
671 2570 792 2611 eum
820 2553 927 2609 huc
955 2550 1344 2607 accesserimus
1365 2588 1380 2616 ,
1415 2563 1522 2602 non
1549 2547 1652 2600 hoc
1677 2552 1893 2615 Oportet

314 2661 520 2707 temere
573 2647 750 2702 facere
798 2653 853 2700 et
902 2640 1338 2705 inconsiderate,
1382 2637 1477 2693 sed
1528 2646 1585 2691 ut
1626 2637 1893 2691 discamus

312 2744 463 2800 Pauli
510 2754 776 2797 summam
825 2735 1201 2791 humilitatem.
1229 2732 1367 2799 Quid
1414 2729 1598 2786 enim?
1629 2729 1891 2795 Quoniam

314 2844 429 2891 erat
452 2833 691 2887 dicturus
717 2829 905 2900 gratiae
930 2826 1029 2881 Dei
1060 2822 1503 2894 magnitudinem,
1533 2821 1657 2877 audi
1690 2820 1839 2874 illum
1874 2836 1890 2873 :

317 2925 450 2985 Mihi
476 2924 698 2978 omnium
739 2929 1029 2973 sanctorum
1067 2916 1275 2969 minimo
1304 2915 1424 2968 data
1465 2923 1541 2968 est
1564 2913 1730 2983 gratia
1767 2912 1892 2965 hwc.

317 3017 445 3072 Erat
478 3014 696 3085 quidem
728 3011 1076 3075 humilitatis,
1105 3020 1325 3078 prepter
1351 3007 1529 3076 priora
1556 3006 1772 3071 delicta,
1795 3004 1897 3058 etsi

318 3110 494 3165 deleta
519 3149 536 3174 ,
582 3107 801 3176 lugere,
847 3117 1032 3158 eorum
1074 3099 1383 3153 meminisse
1409 3137 1424 3162 ,
1468 3106 1524 3151 et
1568 3096 1811 3151 modeste
1840 3111 1899 3150 se

318 3215 527 3272 gerere,
550 3208 606 3253 ut
628 3194 842 3267 quando
864 3194 990 3247 dicit
1009 3208 1067 3248 se
1085 3191 1451 3261 blasphemutn
1478 3199 1530 3243 et
1550 3199 1900 3257 persequuto~

322 3309 435 3349 rem
480 3301 534 3347 et
573 3288 1060 3350 contumeliosum;
1092 3283 1191 3339 sed
1227 3299 1332 3337 non
1360 3292 1444 3337 est
1473 3281 1603 3336 illud
1634 3296 1754 3336 cum
1801 3282 1902 3335 hoc

322 3384 728 3442 conferendum.
764 3381 919 3436 Prius
950 3380 1114 3445 enim,
1147 3377 1338 3447 inquit,
1368 3376 1513 3430 Talis
1540 3389 1687 3429 eram
1707 3413 1723 3439 ,
1756 3384 1811 3428 et
1843 3388 1902 3428 se

324 3485 481 3531 vocat
521 3474 821 3529 abortivum
855 3487 870 3524 ε
899 3478 1021 3540 post
1047 3478 1126 3524 tot
1150 3478 1330 3522 autem
1359 3466 1616 3536 praeclare
1642 3475 1809 3536 gesta,
1842 3478 1903 3519 se

326 3566 571 3623 modeste
592 3579 803 3635 gerere,
826 3577 887 3616 ac
913 3576 972 3617 se
998 3574 1238 3615 omnium
1270 3559 1549 3613 minimum
1576 3558 1788 3620 dicere,
1820 3566 1905 3612 est

326 3659 512 3714 multze
552 3665 607 3712 et
652 3668 875 3711 summat
904 3653 1203 3708 modestire.
1247 3650 1410 3715 Mihi,
1442 3650 1651 3716 inquit,
1694 3650 1903 3702 minimo

308 3750 552 3805 omnium
578 3757 887 3802 sanctorunt.
932 3744 1050 3799 Non
1089 3743 1225 3798 dixit
1267 3743 1631 3811 apostolorum
1666 3758 1679 3793 :
1713 3756 1902 3810 quam-

328 3841 510 3895 obrem
552 3845 637 3893 est
664 3835 798 3890 illud
824 3848 1037 3904 quoque
1068 3833 1171 3887 hoe
1195 3833 1393 3887 minus.
1426 3832 1540 3887 Illic
1565 3832 1704 3885 enim
1734 3831 1902 3897 dixit,

330 3933 454 3988 Non
476 3951 587 3988 sum
616 3933 802 4002 dignus
838 3930 1005 3984 uocari
1036 3928 1294 3998 apostolus
1324 3928 1400 3998 (1.
1426 3926 1546 3981 Cor.
1579 3928 1663 3981 15.
1691 3926 1786 3997 9);
1821 3926 1907 3980 hic

329 4039 509 4083 autem
539 4040 600 4081 se
625 4026 786 4080 etiam
814 4021 944 4077 dicit
965 4021 1206 4077 omnium
1238 4027 1550 4073 sanctorum
1578 4017 1856 4072 minimum
1890 4034 1903 4071 :

329 4119 485 4183 Mihi,
514 4117 708 4187 ittquit,
740 4114 964 4169 omnium
992 4122 1283 4166 sanctorum
1314 4110 1522 4165 minimo
1550 4109 1671 4162 data
1698 4120 1770 4164 est
1791 4128 1908 4180 gra-

333 4211 405 4264 tia
432 4210 540 4263 hac
572 4224 587 4261 :
619 4207 910 4274 Quaenam?
950 4201 1315 4274 Euangelizare
1342 4200 1569 4272 gentibus
1596 4201 1908 4271 impervesti-

331 4300 522 4373 gabiles
570 4297 772 4352 diuitias
799 4293 988 4349 Christi
1026 4302 1073 4347 et
1119 4292 1410 4346 illuminare
1451 4306 1655 4355 omnes,
1707 4307 1819 4361 qua:
1846 4293 1910 4344 sit

332 4393 643 4463 dispensatio
682 4389 909 4461 mysterii
944 4387 1222 4442 absconditi
1248 4403 1280 4439 a
1315 4385 1514 4441 seculis
1540 4387 1595 4440 in
1638 4384 1778 4452 Deo,
1824 4386 1911 4457 qui

333 4486 506 4543 omnia
531 4484 718 4538 creavit
744 4499 834 4554 per
860 4480 897 4535 Ι
901 4498 1041 4536 esum
1063 4479 1350 4545 Christum;
1376 4490 1430 4532 ut
1468 4479 1747 4534 innotescat
1776 4496 1912 4533 nunc

335 4576 705 4649 principatibus
719 4582 769 4629 et
816 4572 1141 4642 potestatibus
1157 4574 1212 4624 in
1233 4570 1507 4627 otelestibus
1523 4585 1613 4639 per
1633 4568 1915 4624 Ecclesium

334 4666 665 4736 multiformis
684 4664 933 4734 sapientia
956 4662 1075 4718 Dei.
1098 4663 1247 4729 Esto,
1276 4660 1701 4716 hominihusnon
1721 4659 1916 4716 fuitre-

334 4756 951 4825 velatumailluminasne
966 4755 1247 4826 angeloset
1261 4753 1632 4823 archangelos,
1651 4763 1707 4808 et
1721 4753 1916 4823 princi-

336 4857 496 4920 patus
524 4856 579 4903 et
604 4845 927 4919 potestates?
968 4845 1160 4912 Certe,
1187 4844 1358 4915 inquit
1388 4860 1401 4894 :
1434 4845 1489 4898 in
1518 4845 1627 4898 Deo
1653 4845 1795 4899 enim
1822 4843 1921 4897 fuit

336 4940 688 5005 absconsum,
718 4948 773 4994 et
800 4937 911 4993 Deo
939 4938 1031 5008 qui
1050 4937 1230 4993 omnia
1258 4938 1461 4992 creavit
1487 4952 1582 5006 per
1609 4936 1814 4993 Jesum.
1844 4937 1918 4993 Et

338 5031 509 5087 audes
545 5030 651 5086 hoc
674 5030 897 5086 dicere?
923 5029 1098 5084 Etiam
1124 5070 1141 5095 ,
1174 5028 1365 5100 inquit.
1392 5026 1500 5083 Sed
1533 5028 1675 5083 unde
1696 5030 1799 5083 hoc
1825 5029 1925 5084 fuit

338 5121 685 5179 manifestum
701 5120 941 5192 angelis?
970 5120 1071 5175 Per
1095 5120 1407 5175 Ecclesiam.
1440 5118 1625 5188 Neque
1645 5119 1818 5175 solum
1834 5119 1922 5174 di-

342 5216 443 5281 xit,
466 5216 607 5269 varia
625 5214 719 5270 Dei
734 5213 1017 5284 sapientia,
1036 5212 1324 5278 sed,Valde
1350 5213 1510 5266 varia.
1532 5211 1669 5280 Quid
1687 5212 1926 5282 hoeergo

344 5306 471 5362 est?
513 5320 622 5360 non
657 5313 854 5359 norunt
876 5303 1083 5374 angeli?
1112 5302 1329 5359 Minime
1359 5320 1376 5358 :
1402 5318 1530 5358 nam
1555 5305 1601 5359 si
1642 5303 1928 5373 principa—

347 5407 437 5452 tus
464 5411 571 5453 non
598 5404 796 5451 norunt
817 5436 834 5460 ,
864 5397 1036 5452 multo
1063 5395 1240 5451 minus
1281 5397 1455 5466 angeli
1486 5398 1754 5452 noverint.
1783 5396 1924 5464 Quid

346 5489 516 5560 ergo?
544 5503 644 5544 nec
668 5488 971 5560 archangeli
992 5488 1222 5543 norunt?
1247 5487 1357 5543 Nec
1393 5489 1507 5543 illi:
1536 5490 1806 5544 undenam
1836 5507 1928 5545 es-

348 5589 474 5634 sent
521 5578 826 5650 cognituri?
872 5594 1107 5650 quonam
1158 5579 1473 5634 revelante?
1527 5580 1756 5648 Quando
1824 5597 1923 5636 nos

349 5671 636 5728 didicimus
656 5712 672 5737 ,
703 5680 833 5727 tune
858 5671 937 5727 illi
960 5685 1175 5743 quoque
1212 5686 1309 5740 per
1336 5685 1459 5726 nos.
1484 5672 1623 5727 Audi
1650 5674 1794 5728 enim
1823 5688 1927 5727 an-

350 5761 531 5833 εειιιω
553 5760 822 5817 dicentem
834 5760 1066 5833 Jogepho
1090 5779 1106 5819 ;
1136 5752 1357 5811 Voconia
1377 5778 1555 5817 nomen
1573 5764 1683 5834 eius
1708 5763 1888 5819 Jesum
1909 5780 1927 5819 :

1976 1467 2085 1517 ipse
2102 1451 2233 1503 enim
2260 1451 2454 1504 salvum
2479 1448 2630 1520 faciet
2662 1450 2902 1517 populum
2925 1468 2955 1502 a
2975 1451 3188 1517 peccatis
3213 1449 3316 1501 suis
3348 1447 3559 1519 (Matth.

1981 1543 2033 1595 1.
2065 1542 2178 1612 21).
2215 1543 2334 1611 Ipse
2382 1543 2576 1596 missus
2626 1541 2725 1595 fuit
2766 1542 2829 1593 ad
2876 1553 3096 1610 gentes,
3147 1541 3221 1593 illi
3273 1547 3450 1592 autem
3496 1539 3560 1591 ad

1981 1635 2467 1689 circumeisionem.
2496 1634 2881 1700 Quamobrem,
2914 1633 3054 1702 quod
3085 1642 3167 1686 est
3194 1631 3561 1685 admirabilius

1983 1737 2037 1781 et
2058 1726 2399 1796 stupendum,
2432 1727 2579 1789 milti,
2616 1727 2803 1796 inquit,
2834 1727 3014 1780 datum
3040 1729 3230 1795 estqui
3261 1742 3376 1777 sum
3410 1725 3568 1778 mini-

1985 1835 2123 1874 mus.
2173 1820 2300 1873 Erat
2347 1829 2524 1873 autem
2574 1818 2675 1873 hoc
2722 1835 2932 1887 quoque
2978 1820 3160 1886 gratim
3211 1818 3352 1887 quod
3403 1834 3565 1887 parvo

1987 1911 2186 1981 majora
2207 1922 2329 1964 sunt
2351 1911 2572 1976 credita,
2597 1921 2653 1964 ut
2679 1921 2821 1965 esset
2849 1926 3032 1965 eorum
3059 1912 3407 1981 evangelista.
3432 1911 3564 1965 Nam

1987 2003 2077 2072 qui
2106 2003 2365 2071 majorum
2397 2000 2493 2055 fuit
2521 2003 2881 2071 evangelista,
2914 2002 3018 2057 hac
3067 2005 3276 2057 ratione
3318 2013 3401 2058 est
3450 2021 3565 2056 nta-

1987 2110 2144 2165 gnus.
2188 2094 2554 2165 Evangelizare
2593 2096 2646 2148 in
2685 2097 2915 2166 gentibus
2962 2096 3330 2167 investigabilcs
3369 2097 3571 2150 divitias

1991 2185 2196 2239 Christi.
2224 2185 2279 2239 Si
2306 2186 2423 2255 ejus
2468 2185 2666 2239 divitiae
2691 2196 2817 2240 sunt
2846 2187 3374 2256 impervestigabiles,
3406 2190 3567 2242 etiam

1992 2286 2270 2345 postquam
2317 2276 2595 2345 apparuit,
2650 2276 2821 2329 multo
2861 2277 3029 2346 magis
3078 2279 3332 2331 essentia.
3382 2278 3435 2333 Si
3484 2288 3569 2332 est

1993 2366 2167 2421 adlmc
2195 2369 2534 2437 mysterium,
2568 2368 2737 2420 multo
2769 2369 2936 2437 magis
2961 2380 3245 2437 antequam
3274 2384 3569 2438 cognosce-

1992 2470 2160 2514 retur.
2190 2458 2500 2528 Mysterium
2527 2458 2667 2512 enim
2699 2459 2869 2528 ipsum
2904 2468 3180 2529 propterea
3210 2469 3396 2523 vocat,
3426 2476 3567 2528 quo-

1994 2553 2136 2606 niam
2165 2567 2263 2606 nec
2290 2552 2463 2621 angeli
2492 2561 2773 2617 noverant,
2809 2567 2907 2605 nec
2936 2552 3025 2605 ulli
3067 2553 3155 2606 alii
3186 2560 3302 2606 erat
3330 2553 3557 2609 manife-

1996 2658 2156 2701 stum.
2192 2645 2259 2700 Et
2281 2647 2587 2711 illuminare,
2618 2646 2806 2714 inquit,
2840 2662 3012 2699 omnes
3039 2662 3152 2715 qua:
3174 2647 3237 2699 sit
3264 2649 3572 2717 dispensatio

1997 2739 2223 2809 mystcrii
2250 2738 2530 2791 absconditi
2556 2754 2587 2790 a
2629 2738 2827 2791 sa’culis
2852 2738 2906 2790 in
2934 2736 3060 2803 Deo,
3088 2738 3173 2806 qui
3202 2740 3369 2791 omnia
3392 2740 3575 2792 creavit

2000 2849 2089 2901 per
2116 2831 2296 2886 Jesum
2321 2831 2599 2885 Christum.
2635 2830 2821 2900 Angeli
2849 2830 2950 2883 hoc
2982 2839 3187 2883 tantum
3215 2839 3407 2884 norant
3431 2831 3574 2900 quod

2000 2924 2191 2978 Factus
2221 2934 2292 2978 est
2322 2924 2487 2994 portio
2519 2921 2728 2976 Domini
2758 2923 2978 2991 populus
3008 2924 3117 2993 ejus
3148 2921 3325 2995 (Deut.
3356 2923 3443 2977 3‘2.
3479 2922 3531 2990 9)
3559 2940 3575 2987 ;

2000 3026 2054 3071 et
2083 3031 2267 3071 rursus
2288 3056 2304 3077 ,
2340 3014 2587 3083 Princeps
2619 3012 2896 3066 Persarum
2923 3014 3108 3067 restitit
3137 3013 3261 3066 mihi
3292 3012 3453 3083 (Dan.
3486 3014 3576 3069 10.

2005 3111 2113 3177 15).
2140 3106 2499 3175 Quamobrem
2530 3120 2636 3159 non
2668 3114 2752 3159 est
2783 3104 3086 3157 mirandum
3113 3145 3129 3170 ,
3159 3104 3203 3158 si
3236 3102 3337 3158 hoc
3364 3119 3578 3173 quoque

2003 3200 2339 3270 ignorabant.
2366 3197 2499 3251 Nam
2529 3197 2571 3249 si
2600 3195 2828 3250 reditum
2858 3195 3206 3265 ignorabant,
3254 3194 3368 3249 hate
3411 3195 3580 3248 multo

2003 3294 2173 3363 magis
2197 3311 2209 3346 :
2235 3303 2317 3347 est
2337 3291 2480 3346 enim
2513 3290 2615 3345 hoc
2640 3290 2994 3359 evangelium.
3028 3288 3129 3354 Qui
3150 3288 3363 3352 salvum,
3388 3288 3579 3357 inquit,

2006 3385 2157 3457 faciet
2187 3383 2432 3454 populum
2460 3398 2610 3437 suum
2634 3380 2801 3435 Israel
2845 3380 3058 3450 (Matth.
3092 3381 3144 3433 1.
3172 3378 3290 3450 21).
3323 3380 3467 3433 Nihil
3513 3381 3582 3435 de

2004 3474 2253 3543 gentibus
2286 3472 2419 3527 :sed
2462 3472 2529 3527 de
2575 3471 2820 3541 gentibus
2860 3470 3063 3524 revelat
3104 3469 3355 3538 Spiritus.
3408 3473 3586 3540 Atque

2005 3566 2147 3636 quod
2174 3576 2374 3620 vocatae
2400 3563 2616 3635 quidem
2647 3571 2851 3629 essent,
2881 3570 3108 3626 norant;
3139 3561 3281 3630 quod
3310 3572 3489 3616 autem
3515 3562 3583 3614 ad

2007 3657 2193 3713 eadem
2219 3696 2233 3721 ,
2275 3664 2329 3709 et
2355 3669 2585 3709 sessurae
2628 3661 2813 3708 essent
2838 3652 2892 3706 in
2921 3652 3115 3706 throno
3142 3651 3276 3718 Dei,
3308 3652 3430 3721 quis
3479 3652 3585 3706 hoc

2011 3755 2400 3819 exspectasset,
2427 3746 2547 3816 quis
2576 3743 2926 3811 credidisset?
2952 3743 3266 3809 Absconditi,
3313 3743 3502 3812 inquit,
3530 3744 3586 3796 in

2010 3839 2140 3894 Deo.
2175 3838 2322 3892 Hanc
2350 3845 2527 3891 autem
2551 3835 3006 3906 dispensationem
3031 3834 3271 3904 apertius
3298 3835 3499 3889 revelat
3528 3834 3587 3888 in

2014 3930 2251 4000 Epistola
2285 3927 2350 3982 ad
2394 3928 2684 3982 Romanos.
2732 3925 2800 3981 In
2844 3925 2987 3992 Deo,
3036 3927 3242 3994 inquit,
3285 3926 3373 3997 qui
3418 3933 3587 3979 omnia

2012 4021 2198 4076 creavit
2229 4037 2318 4092 per
2346 4018 2526 4074 Iesum
2556 4018 2829 4074 Christum.
2863 4019 3031 4075 Recte
3055 4028 3230 4073 autem
3258 4021 3592 4075 creationem

2012 4112 2330 4168 memoravit
2375 4111 2596 4178 dicens,
2630 4108 2744 4181 Per.
2764 4110 3036 4164 Christum.
3081 4110 3213 4165 Nam
3260 4112 3349 4181 qui
3410 4112 3588 4166 omnia

2014 4205 2215 4260 ereavit
2240 4220 2335 4274 per
2365 4204 2536 4272 ipsum
2558 4245 2574 4268 ,
2604 4202 2705 4257 hoc
2730 4218 2941 4274 quoque
2985 4218 3081 4271 per
3118 4204 3289 4273 ipsum
3321 4204 3524 4259 revelat
3574 4223 3594 4263 :

2016 4298 2147 4352 nihil
2186 4297 2331 4352 enim
2370 4297 2487 4351 sine
2532 4295 2624 4350 illo
2653 4294 2781 4349 fecit
2821 4311 2833 4346 :
2871 4310 2991 4349 nam
3039 4294 3165 4349 Sine
3205 4295 3324 4362 illo,
3379 4294 3590 4365 inquit,

2018 4392 2208 4460 factum
2237 4397 2309 4441 est
2336 4387 2462 4440 nihil
2495 4384 2686 4457 (Joan.
2715 4387 2770 4439 1.
2803 4386 2895 4455 5).
2928 4385 3121 4439 Dicens
3164 4386 3491 4455 principatus
3537 4395 3590 4441 et

2016 4489 2326 4549 potestates,
2345 4477 2479 4532 dixit
2496 4486 2548 4530 et
2564 4477 2867 4546 superiores
2887 4486 2941 4532 et
2970 4476 3270 4531 inferiores.
3300 4478 3591 4533 Secundum

2016 4572 2401 4642 prteﬁnitionem
2451 4569 2769 4623 steculorum.
2800 4569 2951 4623 Nunc
2976 4569 3192 4638 quidem
3231 4569 3427 4625 factum
3471 4580 3593 4637 est,

2019 4663 2222 4731 inquit,
2249 4677 2353 4714 non
2382 4676 2522 4714 nunc
2550 4669 2729 4715 autem
2767 4668 2850 4714 est
2880 4660 3202 4731 praeﬁnitum
3227 4702 3243 4728 ,
3289 4661 3384 4716 sed
3405 4663 3592 4718 multis

2022 4761 2167 4806 retro
2214 4753 2348 4805 actis
2397 4751 2724 4820 temporibus
2753 4750 2849 4805 fuit
2890 4753 3261 4807 constitutum.
3296 4753 3603 4809 Secundum

2023 4845 2412 4916 prteﬁnitionem
2452 4844 2752 4898 steculorum
2796 4861 2947 4916 quam
2976 4846 3095 4914 fecit
3130 4847 3183 4900 in
3230 4847 3429 4901 Christo
3470 4847 3601 4902 Jesn

2025 4936 2243 4991 Domino
2272 4944 2462 4989 nostro.
2494 4934 2606 4989 Hoc
2634 4943 2718 4989 est
2738 4976 2753 5001 ,
2806 4936 3096 4991 secundum
3124 4939 3598 5009 pra-cognitionem

2025 5030 2344 5085 steculorum
2362 5069 2379 5095 ,
2400 5036 2458 5081 ut
2485 5027 2573 5099 qui
2594 5026 2770 5081 futura
2795 5029 3182 5098 prmscivisset,
3208 5030 3381 5085 futura
3404 5035 3600 5087 sarcula

2026 5120 2155 5176 dicit
2184 5140 2197 5174 :
2230 5120 2431 5175 sciebat
2457 5120 2601 5175 enim
2622 5118 2796 5173 futura
2830 5128 2879 5174 et
2909 5120 2987 5175 sic
3011 5120 3274 5176 deﬁnivit.
3308 5122 3598 5177 Secundum

2029 5213 2412 5284 prteﬁnitionem
2459 5212 2799 5274 steculorum;
2874 5211 3066 5267 horum
3144 5211 3406 5280 fortasse,
3485 5231 3608 5283 qua:

2030 5308 2157 5362 fecit
2176 5306 2229 5361 in
2258 5306 2474 5361 Christo
2520 5304 2692 5360 Jesu:
2746 5321 2837 5376 per
2880 5305 3154 5363 Christum
3197 5317 3374 5362 autem
3404 5308 3602 5364 factum

2032 5408 2117 5455 est
2173 5398 2505 5453 universum.
2555 5396 2642 5453 12.
2676 5396 2740 5450 1η
2766 5414 2902 5464 quo,
2943 5399 3146 5469 inquit,
3195 5400 3435 5454 habemus
3463 5402 3599 5470 ﬁdu-

2033 5492 2169 5546 ciam
2220 5498 2268 5544 et
2310 5506 2565 5544 accessum
2612 5490 2667 5543 in
2719 5490 3025 5560 conﬁdentia
3051 5508 3140 5561 per
3158 5492 3311 5560 ﬁdem
3332 5493 3461 5563 ejus.
3482 5492 3606 5548 Non

2036 5595 2305 5654 tamquam
2330 5584 2523 5652 captivi
2549 5624 2565 5651 ,
2594 5583 2799 5652 inquit,
2839 5582 3051 5637 adducti
3074 5599 3260 5639 sumus
3283 5626 3298 5650 ,
3328 5602 3504 5657 neque
3556 5598 3611 5645 ut

2033 5675 2235 5746 dignati
2286 5674 2483 5739 venia,
2511 5689 2684 5745 neque
2735 5683 3002 5745 tamquam
3048 5676 3141 5746 qui
3186 5679 3608 5747 peccaverimus.

2040 5765 2251 5821 Etenim
2280 5764 2571 5834 Fiduciam,
2595 5765 2784 5835 inquit.
2812 5765 3049 5822 habemus
3075 5766 3128 5823 in
3154 5767 3477 5839 conﬁdentia,
3500 5767 3613 5823 hoc
