4060 6400
531 335 594 394 51
1266 332 1323 387 S.
1362 322 1635 385 JOANNIS
1672 316 2134 380 CHRYSOSTOMI
2173 316 2490 373 ARCHIEP.
2528 317 3055 379 CONSTANTINOP.
3719 324 3789 385 52

528 462 634 515 est,
661 451 996 507 conﬁdimus.
1027 446 1344 503 Undenam?
1370 443 1472 499 Per
1498 444 1649 513 ﬁdem
1691 442 1818 512 ejus.
1848 439 1935 493 15.
1968 436 2104 491 Pro-

535 558 647 616 pter
670 546 805 615 quod
826 554 938 613 peto
964 561 1027 596 ne
1052 541 1297 609 deﬁciatis
1338 539 1391 592 in
1422 533 1824 592 tribulationibus
1866 532 1987 584 meis
2012 545 2104 601 pro

528 638 685 699 vobis,
712 652 824 706 qua:
849 646 922 690 est
948 632 1114 705 gloria
1140 643 1319 687 vestra.
1351 629 1628 697 Quomodo
1654 636 1778 680 sunt
1808 639 1905 693 pro
1936 620 2104 690 ipsis?

530 727 800 797 quomodo
830 734 954 779 sunt
1005 724 1171 795 gloria
1223 722 1501 792 ipsorum?
1544 720 1804 788 Quoniam
1852 715 1995 787 ipsos
2021 713 2100 768 sic

527 820 717 873 dilexit
749 819 906 883 Deus,
934 828 989 871 ut
1008 818 1169 870 etiam
1199 830 1295 884 pro
1322 814 1449 885 ipsis
1476 813 1630 867 daret
1656 811 1874 878 Filium,
1902 817 1956 864 et
1981 824 2099 863 ser-

529 927 624 964 vos
659 925 785 964 suos
813 909 949 963 male
976 910 1233 961 afﬁceret.
1263 905 1394 960 Nam
1423 912 1482 959 ut
1504 904 1588 958 isti
1617 913 1721 956 tam
1753 904 1917 955 multa
1966 902 2046 950 hoi
2070 914 2100 953 a

526 1011 1003 1070 consequerentur,
1063 1000 1257 1053 Paulus
1307 1005 1422 1051 erat
1468 997 1519 1050 in
1570 993 1815 1049 vinculis.
1867 992 1979 1047 Hoc
2019 1001 2102 1046 est

526 1094 707 1149 multa:
756 1093 847 1146 Dei
879 1093 928 1146 in
978 1090 1121 1160 ipsos
1151 1090 1424 1143 caritatis:
1480 1086 1621 1157 quod
1670 1087 1830 1140 etiam
1861 1084 1928 1138 de
1970 1098 2099 1153 pro-

527 1186 702 1254 phetis
730 1184 856 1237 dicit
886 1184 1020 1236 Deus
1054 1200 1066 1234 :
1098 1180 1275 1234 Occidi
1300 1196 1383 1233 eos
1408 1180 1462 1232 in
1486 1177 1643 1232 verbis
1673 1179 1775 1230 aris
1796 1176 1894 1230 mei
1923 1175 2077 1244 (Osee

525 1277 559 1332 6
610 1277 688 1347 5).
715 1274 994 1343 Quomodo
1025 1283 1205 1327 autem
1230 1271 1547 1326 deficiebant
1584 1270 1690 1323 alio
1717 1268 1956 1323 afﬂicto?
1988 1269 2098 1323 lloc

523 1378 640 1434 est,
686 1368 1156 1439 perturbabantur.
1205 1365 1317 1419 Hoc
1363 1365 1522 1418 etiam
1570 1364 1702 1416 dicit
1751 1362 1991 1416 scribens
2030 1360 2097 1416 ad

534 1458 1044 1513 Thessalonicenses
1080 1475 1092 1508 :
1125 1454 1192 1510 Ut
1224 1471 1367 1508 nemo
1392 1464 1648 1508 moveatur
1674 1454 1727 1506 in
1750 1454 2094 1507 tribulationi-

523 1554 612 1607 bus
637 1553 745 1606 istis
775 1553 849 1621 (1.
873 1548 1051 1604 Thess.
1079 1549 1133 1603 5.
1159 1546 1235 1618 ὅ).
1265 1547 1381 1601 Non
1409 1548 1580 1601 solum
1608 1548 1763 1600 enim
1782 1562 1887 1599 non
1912 1545 2095 1599 dolen-

519 1645 644 1698 dum
671 1684 688 1710 ,
749 1643 842 1697 sed
873 1644 1031 1696 etiam
1063 1649 1145 1695 est
1176 1639 1476 1693 lzetandum.
1514 1638 1571 1693 Si
1616 1640 1758 1691 enim
1787 1654 1848 1692 ex
1898 1639 2090 1707 praedi-

520 1736 698 1789 ctione
723 1733 962 1801 accipitis
990 1730 1433 1792 consolationem,
1456 1729 1788 1800 prrcdicimus
1818 1728 2049 1783 futurum
2075 1770 2091 1793 ,

519 1836 579 1879 ut
605 1825 688 1879 hic
717 1825 1032 1894 affligantur.
1066 1823 1275 1891 Quare?
1306 1822 1566 1889 Quoniam
1599 1822 1852 1875 Dominus
1880 1823 1956 1876 sic
1980 1820 2094 1892 jus—

517 1917 606 1969 sit.
637 1916 726 1971 14.
760 1915 931 1986 Hujus
966 1916 1040 1969 rei
1065 1916 1231 1986 gratia
1254 1915 1403 1983 ﬂecto
1432 1930 1595 1984 genua
1624 1931 1736 1967 mea
1773 1914 1841 1967 ad
1889 1914 2092 1969 Putrem

516 2008 721 2062 Domini
747 2010 905 2062 nostri
945 2006 1064 2063 Iesu
1092 2007 1301 2071 Christi,
1330 2006 1417 2062 15.
1455 2023 1519 2060 ea:
1543 2023 1641 2078 quo
1668 2008 1829 2085 omnis
1869 2009 2090 2078 paterni-

519 2112 596 2153 tas
626 2103 676 2153 in
706 2101 844 2155 caelis
878 2108 926 2153 et
948 2101 1001 2153 in
1030 2110 1163 2153 terra
1188 2099 1500 2153 nominatur.
1534 2098 1657 2154 Sua:
1686 2115 1779 2167 pro
1810 2100 1935 2169 ipsis
1966 2115 2090 2169 pre-

514 2192 740 2245 cationis
764 2191 997 2245 ostendit
1022 2190 1291 2245 alTectum.
1319 2190 1431 2244 Non
1464 2190 1596 2245 dixit
1627 2191 1800 2246 solum
1821 2231 1836 2257 ,
1868 2191 2087 2257 Precor,

512 2285 608 2339 sed
652 2295 1024 2354 compnnctam
1056 2285 1290 2339 ostendit
1339 2286 1699 2354 precationem
1729 2300 1795 2340 ex
1835 2300 1898 2340 eo
1944 2284 2087 2355 quod

512 2376 692 2431 ﬂectat
714 2392 906 2446 genua.
942 2375 1025 2430 Ea:
1044 2393 1142 2446 quo
1168 2377 1329 2430 omnis
1356 2378 1652 2445 paternitas.
1685 2376 1800 2430 Non
1825 2376 1935 2447 jatn
1962 2377 2091 2432 dicit

511 2468 806 2522 secundum
837 2482 1117 2522 numerum
1144 2467 1452 2536 angelorum
1479 2508 1494 2531 ,
1524 2466 1617 2521 sed
1645 2467 1936 2521 secundum
1966 2483 2087 2521 eum

509 2560 600 2631 qui
632 2558 756 2614 fecit
783 2560 954 2613 tribus
980 2574 1240 2629 supernas
1268 2567 1323 2612 et
1345 2558 1582 2612 infernas
1608 2600 1623 2622 ,
1653 2574 1757 2612 non
1787 2560 1972 2628 quales
1996 2559 2089 2614 Ju-

510 2652 699 2707 daicze.
734 2651 822 2707 16.
860 2650 927 2705 Ut
953 2651 1034 2704 det
1074 2651 1210 2704 vobis
1238 2652 1512 2703 secundum
1550 2649 1751 2703 divitias
1781 2653 1957 2722 gloria:
1984 2669 2090 2707 sua:

510 2743 741 2798 virtutem
770 2742 1085 2797 corroborari
1112 2759 1200 2811 per
1230 2742 1483 2812 Spiritum
1506 2743 1616 2811 ejus
1637 2742 1689 2796 in
1716 2743 1947 2798 interiori
1989 2744 2085 2798 ho-

514 2836 669 2902 mine,
701 2835 795 2889 17.
843 2834 1100 2890 Christum
1130 2834 1357 2889 habitare
1382 2851 1469 2905 per
1490 2835 1641 2900 ﬁdem
1665 2834 1719 2888 in
1744 2837 1978 2891 cordibus
2006 2852 2088 2892 ve-

510 2928 648 2980 stris.
682 2926 815 2982 Vide
839 2942 957 2980 eum
988 2936 1182 2997 quanta
1207 2926 1602 2981 insatiabilitate
1628 2928 1708 2982 eis
1730 2929 1866 2982 bona
1901 2942 2087 2998 prece-

513 3027 636 3084 tur,
671 3032 738 3071 ne
774 3016 1239 3072 circumferuntur.
1292 3016 1574 3084 Quomodo
1621 3027 1799 3073 autem
1848 3020 1905 3073 fit
1946 3020 2090 3075 hoc?

513 3108 618 3164 Per
647 3107 898 3179 Spiritum
921 3120 1152 3163 sanctum
1205 3111 1257 3164 in
1304 3111 1532 3164 interiori
1583 3111 1784 3166 homine
1808 3113 2091 3168 inhabitare

513 3204 770 3257 Christum
798 3220 888 3273 per
922 3203 1074 3271 ﬁdem
1103 3204 1156 3256 in
1185 3204 1417 3257 cordibus
1440 3203 1631 3257 vestris.
1663 3204 1976 3269 Quomodo?
2021 3206 2089 3261 In

513 3294 725 3350 caritate
748 3296 964 3349 radicati
989 3306 1033 3348 et
1058 3295 1293 3365 fundati,
1321 3294 1409 3349 13.
1433 3304 1487 3348 ut
1519 3296 1719 3364 possitis
1759 3299 2087 3365 comprehen-

513 3386 633 3441 dere
677 3403 791 3440 cum
832 3386 1061 3441 omnibus
1098 3386 1318 3448 sanctis,
1346 3402 1459 3454 quce
1486 3388 1550 3439 sit
1575 3386 1836 3456 longitudo
1883 3396 1930 3440 et
1967 3388 2087 3440 lati-

512 3480 673 3545 tudo,
715 3489 761 3534 et
811 3479 1094 3533 sublimitas
1137 3489 1184 3532 et
1232 3477 1544 3548 profundum
1585 3492 1605 3531 :
1639 3478 1725 3533 19.
1768 3479 1898 3533 scire
1939 3481 2090 3533 etiam

510 3571 958 3640 supereminentem
980 3571 1202 3625 scientia:
1228 3571 1488 3623 caritatem
1511 3569 1721 3624 Christi.

585 3661 640 3716 2.
682 3662 833 3728 Quod
871 3670 1117 3732 precatus
1157 3670 1239 3716 est
1265 3661 1316 3714 in
1346 3660 1627 3730 principio,
1659 3660 1760 3715 hoc
1788 3676 1931 3715 nunc
1956 3677 2091 3731 quo-

512 3770 636 3825 que.
661 3755 796 3823 Quid
824 3764 906 3810 est
931 3764 1108 3809 autem
1134 3754 1275 3823 quod
1298 3753 1435 3807 dixit
1457 3753 1508 3807 in
1536 3752 1835 3822 principio?
1858 3751 1925 3807 Ut
1952 3752 2089 3806 Deus

514 3847 722 3903 Domini
761 3850 919 3902 nostri
953 3843 1083 3901 Jesu
1129 3845 1355 3911 Christi,
1402 3844 1560 3899 Pater
1600 3846 1797 3917 gloriae,
1828 3846 1911 3899 det
1953 3846 2090 3901 vobis

512 3939 750 4008 spiritum
783 3936 1042 4007 sapientiae
1080 3945 1126 3991 et
1166 3935 1486 3990 reuelationis
1527 3936 1581 3989 in
1608 3937 1916 4006 agnitionem
1955 3938 2086 4008 ejus,

514 4028 828 4082 illuminatos
870 4027 1043 4080 oculos
1068 4026 1236 4079 cordis
1262 4026 1430 4090 vestri,
1460 4035 1516 4078 ut
1544 4026 1717 4079 sciatis
1742 4042 1854 4094 qua:
1881 4028 1944 4081 sit
1975 4043 2091 4095 spes

515 4115 787 4173 vocationis
809 4120 937 4186 ejus,
966 4127 1012 4170 et
1038 4132 1151 4187 qua:
1173 4116 1363 4169 divitia:
1385 4116 1563 4186 gloria:
1587 4116 1877 4170 hereditatis
1905 4118 2014 4186 ejus
2038 4118 2091 4170 in

514 4210 717 4274 sanctis,
739 4217 786 4262 et
810 4224 922 4278 qua:
959 4209 1022 4262 sit
1050 4207 1424 4278 supereminens
1446 4207 1741 4276 magnitudo
1762 4207 1958 4260 virtutis
1983 4208 2091 4277 ejus

515 4303 569 4355 in
606 4317 697 4355 nos
733 4298 819 4371 qui
854 4299 1105 4355 credimus
1151 4298 1364 4369 (Ephes.
1414 4299 1466 4352 1.
1516 4297 1723 4369 17-19).
1766 4298 1907 4353 Idem
1953 4314 2093 4353 nunc

516 4406 727 4463 quoque
746 4392 876 4447 dicit
906 4408 920 4444 :
956 4386 1024 4446 Ut
1055 4390 1256 4459 possitis
1277 4389 1696 4460 comprehendere
1723 4405 1837 4441 cum
1866 4389 2093 4443 omnibus

517 4483 721 4549 sanctis,
763 4498 877 4551 qua:
916 4482 981 4536 sit
1027 4480 1289 4553 longitudo
1338 4490 1384 4534 et
1430 4479 1667 4546 latitudo,
1716 4480 1997 4533 sublimitas
2046 4489 2093 4533 et

521 4574 865 4646 profundum;
888 4572 989 4628 hoc
1017 4584 1119 4639 est,
1166 4573 1476 4645 mysterium
1505 4571 1645 4641 quod
1682 4586 1778 4640 pro
1804 4573 1959 4626 nobis
1986 4572 2095 4626 dis-

520 4677 799 4737 pensatum
829 4677 911 4721 est
958 4674 1204 4720 accurate
1245 4666 1426 4719 scire:
1471 4662 1572 4717 hoc
1615 4664 1756 4717 enim
1794 4673 1945 4717 vocat
1971 4663 2092 4716 lati-

521 4756 757 4813 tudinem
786 4768 840 4811 et
865 4756 1272 4826 longitudinem,
1314 4753 1723 4824 profunditatem
1756 4762 1811 4808 et
1849 4753 2093 4808 sublimi-

520 4856 684 4905 tatem
715 4866 728 4903 :
756 4848 808 4902 id
846 4854 963 4914 est,
1011 4846 1427 4916 magnitudinem
1473 4845 1711 4899 caritatis
1760 4845 1849 4900 Dei
1896 4859 2090 4912 nosse,

519 4938 790 5009 quomodo
818 4939 868 4992 in
896 4953 1108 4992 omnem
1139 4945 1343 5008 partem
1370 4944 1588 4990 extensa
1615 4938 1704 4990 sit.
1736 4934 1805 4989 Et
1824 4950 1940 4989 eam
1969 4951 2092 4991 cor-

522 5031 795 5102 poralibus
842 5032 1024 5100 ﬁguris
1072 5027 1384 5097 descripsit,
1436 5027 1725 5082 ostendens
1776 5028 2092 5084 hominem:

521 5123 968 5192 comprehendit‘
999 5137 1118 5192 qua:
1160 5132 1286 5176 sunt
1312 5135 1493 5191 supra,
1522 5136 1642 5190 quas
1682 5119 1841 5189 infra,
1883 5132 1939 5176 et
1975 5137 2095 5191 quae

521 5231 592 5271 ex
625 5226 951 5271 transverso.
994 5216 1231 5269 Diximus
1257 5214 1424 5281 enim,
1455 5214 1641 5284 inquit,
1678 5230 1782 5268 non
1809 5225 1891 5269 est
1915 5225 2094 5269 autem

522 5324 657 5365 mea:
690 5308 903 5364 dicendi
931 5306 1194 5363 facultatis
1225 5306 1340 5361 hinc
1364 5306 1582 5374 docere,
1605 5307 1701 5362 sed
1728 5307 1896 5361 sancti
1922 5306 2094 5377 Spiri-

521 5410 628 5455 tus.
659 5398 830 5469 Hujus
857 5400 1055 5464 virtute,
1096 5397 1287 5468 inquit,
1332 5396 1649 5451 corroborari
1684 5396 1941 5452 adversus
1972 5408 2092 5452 ten-

521 5493 768 5559 tationes,
811 5499 865 5547 et
903 5504 1008 5545 non
1035 5488 1213 5545 labare
1249 5496 1306 5544 et
1331 5487 1518 5543 devios
1552 5487 1698 5543 ferri.
1730 5487 2091 5554 Quamobrem

582 5644 600 5677 ι
635 5651 762 5694 Unus
776 5642 1019 5695 Codex....
1046 5650 1245 5695 extensa
1266 5643 1346 5695 sit.
1379 5643 1545 5695 ralem
1574 5650 1735 5694 mitem
1756 5644 2089 5695 demonstrare

519 5714 698 5772 quarta
718 5705 1015 5772 supernatis
1040 5706 1459 5772 Dei_i_mtgnitudo_,
1485 5706 1815 5772 corporalibus
1837 5704 2007 5769 ﬁguris
2028 5706 2086 5761 ει-

517 5771 617 5821 tam
638 5766 908 5833 descripsit,
935 5768 1093 5832 rcipsa
1115 5766 1297 5833 dicens,
1324 5769 1449 5833 quod
1465 5766 1852 5831 comprehendat,
1868 5766 1961 5820 etc.

2213 432 2326 484 lteri
2369 433 2524 487 aliter
2560 448 2663 487 non
2708 443 2881 503 potest
2926 445 2984 489 ut
3027 436 3457 499 corroboremur,
3495 452 3653 508 quam
3691 456 3779 509 per

2207 522 2462 592 Spiritum
2507 533 2563 579 et
2608 527 2949 580 tentationes.
2988 528 3269 595 Quomodo
3310 539 3487 584 autem
3536 530 3781 589 Christus

2209 614 2410 669 habitet
2440 616 2493 669 in
2519 617 2789 684 cordibus,
2817 618 2939 672 andi
2968 619 3238 673 Christum
3269 620 3532 676 dicentem
3559 642 3572 678 :
3597 623 3707 694 Ego
3734 636 3782 679 et

2209 703 2365 758 Pater
2406 707 2656 761 veniemus
2677 749 2691 771 ,
2740 717 2785 761 et
2838 710 3150 762 mansionem
3190 711 3329 779 apud
3379 728 3491 764 eum
3540 716 3781 781 faciemus

2210 794 2387 866 (Joan.
2420 798 2508 852 14.
2531 797 2647 867 2⁸5).
2684 798 2947 855 Inhabitat
2973 812 3149 855 autem
3182 817 3288 856 non
3320 804 3656 872 simpliciter,
3684 810 3779 863 sed

2208 889 2258 942 in
2288 890 2536 944 cordibus
2566 890 2810 946 ﬁdelibus
2836 907 2954 963 quae
2983 894 3192 948 radices
3219 906 3445 964 egerunt
3472 897 3522 952 in
3553 900 3670 967 ejus
3689 917 3778 956 ca-

2204 982 2378 1046 ritate,
2425 998 2542 1051 quae
2583 998 2686 1037 non
2717 984 2884 1038 deviae
2914 983 3179 1040 feruntur.
3228 986 3295 1040 Ut
3322 990 3543 1056 possitis,
3586 991 3777 1062 inquit.

2205 1072 2385 1144 Itaque
2415 1075 2620 1144 magnis
2641 1090 2775 1144 opus
2794 1086 2877 1131 est
2901 1078 3122 1131 viribus.
3159 1077 3256 1133 Ubi
3285 1096 3411 1133 vero
3433 1081 3626 1136 talibus
3645 1100 3780 1154 Opus

2202 1167 2272 1222 sit
2298 1168 2499 1222 viribus
2527 1168 2782 1234 declarat,
2821 1170 3169 1242 subjungens,
3215 1171 3282 1226 Ut
3311 1176 3514 1243 possitis
3551 1194 3780 1246 compre-

2202 1258 2417 1312 hendere
2449 1275 2562 1311 cum
2602 1261 2833 1314 omnibus
2873 1264 3080 1327 sanctis,
3114 1278 3228 1332 qua:
3270 1264 3334 1317 sit
3369 1267 3691 1335 profunditas
3730 1280 3778 1323 et

2200 1351 2435 1413 altitudo,
2463 1362 2510 1403 et
2538 1352 2664 1404 scire
2683 1367 2798 1418 quae
2822 1352 2886 1405 sit
2913 1354 3291 1421 supereminens
3320 1355 3505 1408 caritas
3528 1358 3776 1427 cognitio-

2201 1441 2277 1494 nis
2314 1438 2517 1495 Christi.
2569 1439 2638 1495 Ut
2686 1442 3055 1509 adimpleamur
3084 1442 3139 1495 in
3180 1459 3377 1497 omnem
3416 1446 3777 1515 plenitudinem

2200 1531 2315 1585 Dei.
2349 1533 2459 1585 lloc
2486 1540 2663 1586 autem
2696 1533 2810 1585 vult
2835 1533 3136 1602 signiﬁcare
3164 1550 3177 1585 :
3206 1533 3536 1604 Quamquam
3580 1541 3776 1595 caritas

2198 1622 2391 1679 Christi
2422 1623 2577 1693 longe
2601 1632 2818 1693 superet
2834 1638 3047 1677 omnem
3076 1626 3362 1679 humanam
3383 1628 3772 1696 cognitionem;

2197 1731 2293 1771 vos
2315 1725 2489 1770 tamen
2516 1716 2870 1786 cognoscetis,
2899 1716 2942 1770 si
2972 1717 3211 1772 habeatis
3238 1717 3507 1773 Christum
3534 1720 3778 1775 habitan-

2196 1817 2303 1862 tem
2346 1808 2397 1861 in
2430 1807 2599 1862 vobis.
2629 1806 2813 1878 Neque
2840 1808 3012 1862 solum
3043 1808 3144 1862 hoc
3185 1825 3252 1863 ex
3293 1808 3383 1864 illo
3414 1813 3773 1880 cognoscetis,

2197 1914 2378 1954 verum
2406 1908 2460 1953 et
2489 1897 2839 1964 iinplebimini
2888 1898 2941 1952 in
2982 1913 3197 1952 omnem
3238 1897 3621 1967 plenitudinem
3654 1901 3771 1957 Dei.

2195 1991 2296 2048 Ubi
2327 2001 2419 2045 aut
2451 1991 2657 2056 annuit,
2705 1988 2844 2043 idem
2875 2004 2997 2044 esse
3026 1990 3410 2059 plenitudinem
3455 1991 3571 2057 Dei,
3614 2003 3773 2061 atque

2193 2098 2536 2153 cognoscere,
2561 2081 2830 2153 quomodo
2862 2082 2912 2135 in
2938 2081 3095 2136 Patre
3124 2091 3178 2136 et
3199 2081 3333 2135 Filio
3365 2091 3417 2138 et
3446 2094 3632 2138 sancto
3652 2084 3773 2153 Spi-

2195 2176 2301 2230 ritu
2360 2176 2500 2229 Deus
2545 2188 2684 2229 unus
2733 2173 2944 2229 adorari
2987 2173 3148 2228 debet
3179 2183 3308 2228 :aut
3355 2174 3669 2231 adhortatur
3713 2184 3773 2231 ut

2193 2266 2334 2320 serio
2374 2265 2743 2319 incumbamus
2784 2263 2835 2318 in
2867 2264 2941 2330 id,
2990 2273 3047 2318 ut
3084 2263 3389 2319 omnimoda
3422 2265 3637 2331 virtute,
3666 2281 3771 2335 qua

2191 2358 2426 2413 abundat
2454 2358 2617 2420 Deus,
2648 2372 2746 2411 nos
2772 2357 3110 2426 impleamur.
3141 2355 3233 2410 20.
3268 2355 3332 2409 Ei
3355 2366 3543 2423 autem,
3567 2359 3655 2428 qui
3675 2375 3772 2428 po-

2193 2461 2300 2507 tens
2343 2461 2415 2505 est
2459 2451 2632 2504 omnia
2660 2450 2829 2519 facere
2870 2448 3340 2518 superabundanter
3366 2464 3519 2516 quam
3559 2449 3773 2519 petimus

2191 2552 2280 2598 aut
2321 2544 2648 2613 intelligimus
2695 2541 2973 2596 secundum
3011 2541 3243 2595 virtutem
3283 2557 3397 2611 quae
3438 2551 3675 2611 operatur
3717 2543 3773 2596 in

2192 2636 2355 2689 nobis.
2390 2635 2687 2689 Secundum
2717 2635 2947 2688 virtutem
2972 2643 3116 2689 recte
3134 2632 3267 2688 dixit
3287 2652 3299 2687 :
3317 2649 3384 2688 ex
3410 2634 3602 2689 virtute
3626 2635 3769 2689 enim

2193 2745 2254 2785 ea
2280 2728 2568 2797 accipimus
2595 2743 2717 2797 quae
2747 2741 3032 2796 numquam
3079 2725 3434 2795 speravimus.
3476 2725 3628 2791 Quod
3667 2740 3769 2779 au-

2193 2828 2300 2873 tem
2331 2817 2682 2873 abundantius
2711 2830 2870 2885 quam
2901 2830 3020 2885 quae
3049 2815 3280 2885 petimus
3301 2825 3390 2868 aut
3417 2813 3765 2885 intelligimus

2193 2910 2398 2976 fecerit,
2425 2910 2602 2981 palam
2627 2919 2709 2964 est
2735 2925 2800 2963 ex
2827 2908 2892 2962 iis
2914 2923 3031 2978 quae
3059 2908 3173 2977 ipse
3198 2908 3487 2963 scribebat.
3517 2908 3647 2962 Nam
3668 2923 3771 2979 ego

2192 3001 2428 3072 quidem,
2457 3000 2649 3071 inquit,
2679 3013 2869 3069 precor
2900 3017 2914 3051 :
2948 2999 3060 3068 ipse
3086 3009 3263 3052 autem
3293 2999 3454 3053 etiam
3477 2999 3594 3054 sine
3633 3000 3769 3054 meis

2193 3094 2440 3166 precibus
2467 3093 2669 3162 majora
2708 3092 2866 3147 faciet
2890 3106 3048 3161 quam
3075 3100 3274 3145 nostrre
3298 3092 3404 3145 sint
3436 3092 3720 3160 petitiones
3747 3105 3768 3148 :

2192 3201 2297 3240 non
2325 3186 2500 3243 solum
2537 3186 2739 3253 majora
2774 3193 2869 3237 aut
2894 3183 3250 3248 abundanter,
3282 3182 3396 3244 sed,
3433 3183 3768 3254 Superabutt-

2192 3278 2391 3344 danter,
2415 3276 2832 3347 magnitudinem
2861 3274 2988 3330 doni
3016 3274 3316 3329 declarans.
3351 3274 3630 3330 Undenam
3662 3276 3769 3332 hoc

2192 3371 2395 3440 liquet?
2440 3370 2517 3424 Ex
2562 3370 2760 3423 virtute
2803 3382 2923 3437 qua:
2965 3376 3222 3436 operatur
3267 3368 3319 3421 in
3365 3368 3539 3422 nobis.
3585 3368 3767 3438 Neque

2193 3460 2335 3514 enim
2376 3459 2491 3512 hare
2519 3473 2768 3527 umquam
2804 3457 3073 3525 petiimus,
3112 3471 3286 3526 neque
3311 3458 3760 3526 exspectavimus.

2190 3551 2283 3605 21.
2315 3548 2451 3618 Ipsi,
2480 3548 2668 3618 inquit,
2702 3548 2865 3618 gloria
2892 3547 2947 3600 in
2974 3545 3203 3599 Ecclesia
3240 3547 3293 3600 in
3334 3546 3532 3600 Christo
3562 3546 3687 3601 Jesu
3713 3549 3768 3601 in

2192 3659 2363 3697 omnes
2396 3641 2735 3712 generationes
2773 3639 2945 3693 διεσαιί
2968 3639 3285 3693 sazculorum.
3330 3639 3509 3692 Amen.
3544 3640 3770 3693 Pulchre

2193 3733 2454 3790 conclusit
2479 3732 2775 3786 orationem
2806 3730 3052 3798 precibus
3082 3738 3135 3783 et
3160 3728 3573 3797 glorificatione.
3598 3727 3773 3798 Opor-

2194 3824 2344 3879 tebat
2366 3824 2507 3877 enim
2540 3836 2661 3876 eum
2688 3819 2969 3890 gloriﬁcari
2997 3828 3051 3872 et
3070 3818 3309 3873 benedici
3336 3820 3425 3888 qui
3455 3828 3600 3872 tanta
3629 3834 3770 3888 pra:-

2195 3915 2325 3969 buit.
2354 3913 2527 3979 Quare
2553 3911 2655 3965 hoc
2682 3926 2892 3980 quoque
2918 3926 3039 3979 pars
3067 3920 3149 3963 est
3175 3909 3556 3971 admirationis,
3585 3911 3763 3980 glori-

2196 4006 2352 4059 ficare
2374 4012 2591 4073 propter
2611 4017 2670 4056 ea
2699 4017 2817 4071 qum
2844 4017 2875 4056 a
2903 4002 3010 4054 Deo
3030 4014 3213 4054 sumus
3232 3999 3429 4068 adepti,
3464 4015 3557 4068 per
3585 3999 3770 4053 Jesum

2194 4096 2485 4151 Christum.
2533 4094 2709 4147 Gloria
2745 4095 2861 4162 ejus
2890 4095 2942 4146 in
2975 4091 3223 4157 Ecclesia,
3260 4102 3405 4146 recte
3450 4091 3583 4146 dixit
3612 4108 3625 4144 :
3655 4093 3768 4161 ipsa

2195 4187 2337 4241 enim
2387 4186 2498 4239 sola
2551 4193 2731 4239 manet
2776 4185 2826 4236 in
2874 4192 3207 4252 perpetuum.
3250 4181 3383 4247 Quia
3431 4192 3608 4236 autem
3654 4184 3768 4252 ipsa

2196 4294 2412 4349 semper
2452 4266 2579 4341 stat,
2610 4278 2722 4331 vult
2762 4277 2910 4331 illum
2935 4291 2965 4332 a
2996 4278 3150 4331 nobis
3177 4276 3459 4347 gloriﬁcari
3497 4290 3664 4347 usque
3700 4278 3771 4332 ad

2196 4372 2747 4427 consummationem:
2782 4370 2881 4425 hoc
2928 4372 3070 4426 enim
3120 4370 3434 4440 signiﬁcavit
3467 4371 3672 4435 dicens,
3705 4370 3773 4425 In

2196 4479 2366 4516 omnes
2393 4462 2738 4533 generationes
2777 4461 2966 4515 sceculi.
2999 4460 3134 4528 Quid
3164 4461 3268 4514 sint
3297 4461 3643 4529 paternitates
3670 4475 3772 4515 ne.

2196 4568 2347 4608 cesse
2390 4561 2472 4607 est
2505 4552 2702 4607 dicere.
2733 4552 2861 4606 Nam
2896 4551 2979 4607 hic
3016 4551 3232 4620 quidem
3260 4554 3605 4622 paternitates
3645 4562 3774 4607 sunt

2197 4660 2415 4715 genera,
2446 4645 2498 4699 in
2526 4644 2658 4699 caelo
2682 4655 2858 4698 autem
2882 4643 3149 4715 quomodo
3201 4645 3292 4699 ubi
3324 4645 3498 4699 nullus
3516 4659 3582 4700 ex
3600 4646 3774 4701 altero

2198 4744 2281 4791 est
2304 4735 2549 4806 genitus?
2580 4751 2644 4789 an
2676 4737 2784 4791 illic
2810 4746 2977 4791 cmtus
3003 4745 3158 4789 vocat
3182 4744 3406 4807 πατριὰς,
3437 4736 3489 4790 id
3526 4747 3607 4791 est
3634 4753 3775 4806 gen-

2200 4839 2281 4884 tes
2324 4844 2386 4884 ac
2431 4829 2818 4898 cognationes?
2860 4829 2998 4883 sicut
3040 4830 3307 4882 invenitur
3359 4829 3409 4881 in
3457 4827 3727 4897 Scriptura
3755 4871 3773 4893 ,

2202 4927 2382 4991 πατριά
2424 4924 2688 4990 ἁματταρεὶ
2718 4919 2814 4990 (a),
2855 4928 3034 4987 utpote
3068 4933 3097 4971 a
3137 4933 3242 4988 quo
3278 4927 3453 4986 patres
3491 4928 3775 4973 vocantur.

2201 5010 2315 5065 Non
2353 5020 2520 5064 totum
2551 5019 2725 5065 autem
2753 5024 2783 5064 a
2810 5009 2919 5063 Deo
2949 5008 3200 5078 postulat,
3235 5008 3327 5061 sed
3356 5008 3515 5062 etiam
3545 5010 3613 5062 ab
3639 5009 3775 5076 ipsis

2203 5102 2360 5157 ﬁdem
2391 5110 2445 5156 et
2472 5102 2748 5156 caritatem
2780 5118 2793 5154 :
2828 5115 3000 5168 neque
3030 5100 3202 5154 solum
3231 5100 3529 5162 caritatem,
3559 5098 3653 5153 sed
3685 5114 3781 5153 ra-

2201 5192 2428 5247 dicatam
2449 5202 2505 5248 et
2525 5192 2819 5255 fundatam,
2850 5201 2908 5245 ttt
2927 5206 3099 5262 neque
3125 5192 3266 5245 venti
3294 5206 3410 5243 eam
3434 5191 3776 5254 labefaciant,

2201 5300 2375 5354 neque
2405 5284 2693 5354 quidquam
2725 5282 2867 5338 aliud
2889 5298 3008 5338 eam
3038 5283 3271 5350 dejiciat.
3296 5282 3437 5335 Dixit
3456 5281 3779 5335 afﬂictiones

2200 5388 2321 5429 esse
2360 5374 2625 5443 gloriam:
2656 5374 2700 5427 si
2746 5383 2924 5428 autem
2965 5389 3118 5439 mete,
3156 5372 3323 5426 multo
3362 5372 3528 5441 magis
3555 5380 3775 5425 vestrae.

2272 5466 2326 5520 5.
2366 5463 2726 5532 Quamobrem
2751 5465 2795 5519 si
2819 5463 3123 5535 affligimur,
3154 5477 3259 5517 non
3292 5462 3409 5517 ideo
3437 5461 3777 5517 deserimur:

2259 5635 2332 5698 (a)
2378 5638 2463 5685 Hic
2505 5638 2723 5700 suspicor
2766 5636 3031 5701 legendum
3072 5649 3207 5701 πατριδι
3248 5649 3420 5701 κεραμί.
3464 5635 3521 5684 In
3561 5634 3780 5687 Hebri-0

2197 5703 2329 5819 £15113
2354 5704 2564 5772 legitur;
2591 5715 2700 5761 erat
2721 5715 2890 5760 autem
2908 5709 3065 5760 tribus
3088 5708 3377 5760 Levitarum.
3409 5704 3536 5759 Vide
3556 5713 3691 5756 Num.
3714 5704 3774 5771 4,
