4060 6400
370 275 440 335 51
1228 285 1297 343 IN
1332 286 1551 343 EPIST.
1595 287 1686 342 AD
1724 284 1949 341 EPIIES

364 387 592 462 γράφων
621 390 770 462 λέγει
793 409 807 424 ’
845 394 1024 451 Ὥστε
1044 399 1280 468 μηδένα
1306 381 1657 457 σαίνεσθαῖ
1666 393 1752 455 ’ὲν
1805 369 1936 467 ταῖς

363 481 609 549 θλίψεσι
664 484 927 552 ταύταις.
968 488 1041 541 Ού
1075 490 1237 560 μόνον
1276 492 1386 563 γάρ
1420 493 1521 545 οὐκ
1548 492 1757 561 ἀλγεῖν,
1791 489 1930 545 ἀλλά

362 571 457 623 καὶ
484 571 697 642 χαίρειν
724 576 851 646 χρή.
879 577 939 629 El
965 578 1075 649 γὰρ
1108 580 1219 634 ἀπὸ
1247 584 1348 653 τῆς
1375 582 1734 653 προρρήσεως
1759 597 1944 650 παρα-

359 658 642 728 μυθεῖσθε,
684 662 1022 736 προλέγομεν
1048 668 1199 738 ὑμῖν,
1231 670 1314 723 ὃτι
1361 670 1627 740 μέλλομεν
1666 668 1943 723 θλίϐεσθαι

363 745 571 803 ἐνθάδε.
617 747 685 801 Τί
732 750 968 819 δήποτε;
1013 755 1137 809 ’Ὁτι
1197 756 1372 821 οὕτως
1400 759 1428 811 6
1458 758 1742 828 Δεσπότης
1773 773 1944 827 προσ-

362 833 541 901 έταξε.
576 838 797 893 Τούτου
828 839 1006 910 χάριν
1036 846 1284 914 κάμπτω
1307 844 1379 899 τὰ
1400 846 1624 915 γόνατά
1650 863 1769 915 μου
1795 844 1945 912 πρὸς

362 921 473 976 τὸν
500 924 737 993 Πατέρα
790 929 897 983 τοῦ
948 933 1171 999 Κυρίου
1221 931 1394 999 ἡμῶν
1417 933 1625 1002 Ἰησοῦ
1654 932 1942 999 Χριστοῦ,

364 1009 435 1073 ἐξ
478 1006 551 1066 οὗ
602 1013 771 1069 πᾶσα
821 1019 1039 1084 πατριὰ
1082 1018 1152 1073 ἐν
1199 1019 1499 1089 οὐρανοῖς,
1550 1020 1652 1073 καὶ
1683 1020 1784 1073 ἐπὶ
1832 1018 1947 1089 γῆς

359 1098 729 1169 ὀνομάζεται.
780 1104 889 1175 Τὴν
921 1103 1164 1160 διάθεσιν
1193 1109 1292 1178 τῆς
1327 1109 1493 1179 εὐχῆς
1530 1111 1631 1180 τῆς
1660 1108 1803 1177 ὑπὲρ
1848 1108 1945 1161 αὑ·-

365 1184 473 1241 τῶν
501 1188 793 1246 δείκνυσιν.
832 1193 946 1247 Οὐκ
976 1188 1132 1249 εἶπεν
1163 1196 1373 1261 ἁπλῶς,
1398 1196 1653 1268 εὔχομαι,
1678 1196 1816 1250 ἀλλά
1844 1197 1944 1265 τὴν

364 1278 849 1351 κατανενυγμένην
870 1281 1054 1352 δέησιν
1082 1282 1173 1337 διά
1204 1282 1298 1337 τοῦ
1327 1284 1604 1354 κάμπτειν
1628 1284 1701 1337 τὰ
1736 1284 1943 1353 γόνατα

363 1360 653 1434 ὲδήλωσεν·
694 1364 797 1431 Ἐξ
826 1364 899 1424 οὗ
923 1368 1093 1424 πᾶσα
1128 1372 1365 1440 πατριὰ.
1392 1372 1589 1427 Οὐκέτι
1622 1372 1762 1425 κατά
1786 1371 1944 1442 ἀριθ-

368 1448 487 1525 μὸν,
505 1451 774 1519 ἀγγέλων,
798 1457 984 1525 φησὶν,
1005 1457 1141 1525 ἀλλά
1166 1458 1260 1513 καὶ
1291 1458 1389 1522 τὰς
1413 1459 1527 1513 ἀνω
1554 1460 1646 1513 καὶ
1676 1460 1773 1523 τὰς
1795 1459 1945 1512 κάτω

364 1520 673 1598 ποιήσαντα
706 1520 902 1594 φυλάς,
932 1529 1029 1597 οὐχ
1068 1522 1179 1581 οἷαι
1228 1530 1285 1582 αἱ
1315 1520 1629 1583 ἰουδαῖκαί.
1661 1520 1795 1585 κινά
1823 1528 1942 1598 δῴη

363 1590 510 1676 ῦβῖν
537 1610 690 1663 κατὰ
861 1590 1134 1668 πλοῦτον
1173 1615 1283 1684 τῆς
1327 1614 1515 1682 δόξης
1544 1616 1730 1670 αὑτοῦ
1759 1590 1944 1670 ama—di

359 1709 460 1763 μει
487 1696 922 1766 κραταιωθῆναι
975 1699 1075 1755 διὰ
1108 1702 1215 1756 τοῦ
1246 1702 1596 1771 Πνεύματος
1640 1702 1829 1757 αὐτοῦ
1857 1705 1946 1767 είς

364 1783 473 1837 τὸν
499 1784 623 1839 ἔσω
648 1785 985 1855 ἄνθρωπον,
1028 1791 1389 1860 κατοικῆσαι
1419 1792 1527 1845 τὸν
1550 1794 1812 1859 Χριστὸν
1847 1791 1946 1846 διὰ

363 1868 480 1940 τῆς
510 1874 771 1941 πίστεως
815 1876 887 1929 ἐν
928 1876 1059 1944 ταῖς
1100 1878 1377 1947 καρδίαις
1424 1876 1615 1949 ὑμῶν.
1638 1881 1778 1952 Ὅρα
1825 1879 1942 1950 μεθ’

363 1958 499 2032 δσης
521 1961 829 2033 ἀπληστίας
850 1965 1145 2037 ἐπεύχεται
1171 1969 1353 2033 αὐτοῖς
1374 1968 1445 2022 τά
1472 1967 1673 2037 ἀγαθά,
1699 1969 1839 2022 ὥστε
1867 1969 1944 2039 μὴ

362 2048 766 2121 περιφέρεσθαι
802 2056 856 2117 ⁸,
888 2052 1014 2117 Πῶς
1050 2054 1108 2107 δὲ
1134 2055 1293 2110 τοῦτο
1328 2056 1574 2126 γίνεται;
1627 2056 1732 2110 Διά
1758 2056 1947 2110 Πνεύ-

359 2151 547 2205 ματος
577 2138 753 2207 ἁγίου
780 2142 869 2207 είς
906 2142 1015 2196 τὸν
1042 2143 1166 2197 ἔσω
1189 2143 1357 2212 ὑμῶν
1403 2144 1721 2213 ἄνθρωπον
1750 2160 1947 2198 κατοι-

362 2221 551 2293 κῆσαι
579 2224 688 2279 τὸν
713 2228 974 2295 Χριστὸν
998 2228 1098 2285 διὰ
1127 2229 1237 2299 τῆς
1264 2231 1525 2299 πίστεως
1561 2232 1633 2287 ἐν
1658 2230 1785 2297 ταῖς
1809 2248 1947 2299 καρ-

362 2310 536 2378 δίαις.
571 2311 733 2380 Πῶς;
777 2314 882 2369 Ἐν
921 2315 1128 2386 ἀγάπῃ
1182 2317 1549 2388 ἐρριζωμένοι
1585 2320 1685 2373 καί
1711 2323 1945 2389 τεθεμε-

362 2398 659 2469 λιωμένοι,
732 2401 833 2456 ἵνα
881 2402 1253 2475 ἐξισχύσητε
1317 2408 1766 2463 καταλαϐέσθαι
1819 2408 1943 2462 σὺν

363 2482 516 2542 πᾶσι
546 2486 672 2553 τοῖς
706 2488 919 2559 ἁγίοις,
964 2492 1023 2545 τί
1058 2492 1127 2545 τὸ
1174 2493 1428 2561 πλάτος,
1480 2495 1581 2549 καί
1615 2496 1813 2566 μῆκος
1839 2495 1942 2549 καί

358 2574 554 2647 ,βάθος
585 2578 686 2634 καί
714 2578 891 2649 ὕψος,
927 2578 1153 2648 γνῶναί
1182 2598 1248 2635 τε
1281 2580 1395 2649 τὴν
1426 2582 1943 2653 ὑπερϐάλλουσαι·

362 2663 476 2736 τῆς
502 2665 781 2738 γνώσεως
804 2665 1051 2737 ἀγάπην
1078 2667 1187 2723 τοῦ
1213 2669 1499 2739 Χριστοῦ.

437 2865 618 2937 Ὅπερ
652 2865 955 2938 ἀρχόμενος
981 2864 1205 2937 ηὔξατο,
1230 2865 1390 2921 τοῦτο
1421 2867 1517 2922 καλ⁵
1534 2865 1649 2921 νῦν.
1683 2867 1749 2921 Τί
1771 2865 1828 2920 δὲ
1854 2865 1948 2920 καὶ

361 2954 552 3025 ἔλεγεν
584 2957 640 3009 ὲν
679 2957 853 3027 άρχῇ;
892 2956 1028 3011 Ἵνα
1070 2958 1104 3010 ό
1155 2957 1298 3022 Θεὸς
1350 2956 1457 3011 τοῦ
1506 2957 1729 3025 Κυρίου
1777 2955 1949 3025 ἡμῶν

377 3043 572 3110 Ἰησοῦ
608 3043 892 3113 Χριστοῦ,
935 3046 969 3098 ό
1019 3043 1222 3113 Πατὴρ
1254 3043 1368 3113 τῆς
1402 3043 1609 3112 δόξης,
1652 3042 1772 3112 δῴη
1802 3045 1946 3115 ὑμῖν

364 3131 601 3202 πνεῦμα
641 3132 864 3203 σοφίας
893 3132 995 3187 καὶ
1048 3133 1494 3203 ἀποκαλύψεως
1519 3134 1592 3187 ἐν
1627 3132 1946 3201 ἐπιγνώσει

364 3219 574 3284 αὑτοῦ,
600 3220 1095 3290 πεφωτισμένους
1124 3222 1264 3288 τοὺς
1287 3218 1641 3290 ὀφθαλμοὺς
1668 3219 1781 3289 τῆς
1809 3237 1950 3289 καρ-

363 3308 498 3374 δίας
526 3308 712 3377 ὑμῶν,
745 3310 829 3372 είς
856 3308 925 3361 τὸ
945 3307 1171 3362 ειδέναι
1201 3306 1359 3378 ὑμᾶς
1381 3308 1475 3374 τίς
1497 3308 1672 3362 ἐστιν
1694 3308 1734 3376 ἠ
1769 3308 1947 3375 ἐλπὶς

363 3395 477 3464 τῆς
496 3396 775 3465 κλήσεως
794 3396 1007 3463 αὑτοῦ,
1020 3395 1121 3450 καί
1151 3395 1243 3462 τίς
1263 3398 1297 3450 ό
1320 3395 1590 3463 πλοῦτος
1615 3395 1729 3467 τῆς
1749 3396 1940 3467 δόξης

362 3483 473 3551 τῆς
498 3484 901 3554 κληρονομίας
928 3484 1119 3541 αὑτοῦ
1151 3484 1224 3539 ἐν
1243 3484 1370 3551 τοῖς
1398 3486 1615 3555 ἁγίοις,
1662 3486 1763 3540 καὶ
1789 3488 1849 3541 τί
1872 3485 1941 3540 τὸ

364 3573 748 3640 ὑπερϐάλλον
784 3572 1038 3642 μέγεθος
1097 3571 1211 3642 τῆς
1267 3574 1582 3644 δυνάμεως
1631 3574 1825 3629 αὑτοῦ
1858 3576 1946 3642 είς

363 3661 525 3729 Mc
545 3660 689 3726 τοὺς
717 3662 1140 3728 πιστεύοντας.
1172 3662 1283 3715 Καὶ
1327 3662 1422 3716 νῦν
1453 3661 1513 3715 τὸ
1560 3662 1691 3716 αὐτό
1744 3677 1941 3733 φησιν·

364 3747 483 3822 με]
523 3747 661 3804 Ἵνα
696 3750 996 3819 ίσχύσητε
1023 3748 1467 3805 καταλαϐέσθαι
1496 3748 1619 3804 σὺν
1638 3747 1790 3805 πᾶσι
1820 3748 1947 3816 τοῖς

364 3838 578 3909 ἁγίοις,
609 3837 668 3892 τί
692 3837 759 3891 τὸ
809 3836 1043 3905 πλάτος
1074 3837 1175 3892 καὶ
1218 3836 1419 3907 μῆκος
1472 3835 1575 3891 καί
1600 3835 1796 3904 βάθος
1842 3837 1946 3891 καί

364 3925 554 3994 ὕψοςο
592 3924 862 3991 τουτέστι,
888 3924 953 3979 τὸ
993 3926 1293 3997 μυστήριον
1330 3925 1393 3979 τὸ
1431 3924 1573 3996 ὑπὲρ
1603 3924 1763 3996 ἡμῶν
1797 3926 1945 3978 οἰκο-

364 4013 601 4084 νομηθὲν
636 4012 774 4083 μετά
802 4012 1089 4084 ἀκριϐείας
1139 4012 1372 4068 ειδέναι⁸
1406 4011 1567 4066 τοῦτο
1598 4014 1709 4084 γὰρ
1742 4013 1946 4078 πλάτος

364 4102 461 4155 καὶ
491 4102 664 4172 μῆκος
689 4102 864 4165 καλεῖ,
911 4101 1007 4155 καὶ
1059 4100 1221 4171 βάθος
1250 4101 1345 4155 καὶ
1377 4100 1513 4170 ὕψος
1540 4118 1555 4133 ·
1585 4100 1851 4167 τουτέστι,
1884 4100 1946 4155 τὸ

369 4188 599 4259 μέγεθος
625 4187 729 4258 τῆς
758 4188 981 4259 ἀγάπης
1032 4186 1127 4241 τοῦ
1158 4185 1294 4240 Θεοῦ
1336 4188 1561 4256 γνῶναι,
1589 4188 1706 4251 πῶς
1740 4205 1945 4242 παντα-

364 4275 464 4346 χοῦ
489 4274 775 4328 ἐκτέταται
790 4291 804 4305 ο
832 4275 928 4329 καὶ
951 4277 1285 4344 σωματικοῖς
1301 4275 1473 4347 αὐτὴν
1497 4275 1783 4346 ὑπέγραψε
1813 4277 1945 4347 σχή-

369 4379 524 4433 μασι,
552 4362 764 4426 δεικνὺς
810 4363 903 4416 τὸν
934 4362 1256 4434 ἀνθρωπονο
1310 4363 1602 4434 περιέλαϐε
1638 4364 1666 4403 δ
1700 4363 1769 4417 τὰ
1810 4363 1941 4430 ἄνω,

366 4450 436 4503 τά
462 4449 633 4514 κάτω,
660 4449 728 4503 τὰ
759 4450 825 4503 ὲκ
853 4448 1124 4518 πλαγίων.
1180 4449 1423 4521 Εἴπομεν
1453 4453 1584 4521 γὰρ,
1621 4450 1811 4521 φησὶν,
1844 4451 1947 4504 οὐκ

364 4536 570 4590 ἔστιδὲ
598 4538 708 4591 τῶν
742 4537 891 4607 ὲμῶν
941 4537 1118 4606 λόγων
1169 4536 1346 4592 ταῦτα
1397 4537 1627 4604 διδάξαι,
1670 4538 1807 4592 ἀλλά
1847 4538 1943 4592 τοῦ

367 4624 686 4697 Πνεῦματος
728 4626 821 4679 τοῦ
867 4626 1047 4694 ἁγίου.
1110 4627 1328 4681 Τούτου
1358 4625 1433 4695 τῇ
1478 4625 1748 4696 δυνάμει,
1785 4626 1939 4698 φησὶ,

365 4710 800 4782 κραταιωθῆναι
835 4713 969 4783 πρὸς
1015 4714 1142 4778 τοὺς
1196 4716 1557 4785 πειρασμοὺς,
1604 4716 1697 4769 καὶ
1750 4714 1812 4768 τὸ
1868 4717 1943 4787 μὴ

367 4800 810 4872 παραφέρεσθαι.
834 4801 998 4855 Ὥστε
1030 4801 1133 4855 οὐκ
1181 4802 1330 4856 ἔστιν
1372 4801 1546 4866 άλλως
1595 4803 1943 4874 κραταιωθῆ-

366 4906 477 4951 ναι,
507 4888 622 4941 ἀλλ’
652 4888 685 4959 ῆ
716 4888 803 4942 διὰ
830 4889 1143 4959 Πνεύματος
1167 4891 1264 4944 καὶ
1299 4888 1645 4961 πειρασμῶν.
1674 4891 1797 4954 Πῶς
1830 4891 1886 4944 δὲ
1916 4892 1945 4943 6

368 4973 605 5043 Χριστὸς
639 4978 887 5028 κατοικεῖ
930 4976 987 5027 ὲν
1014 4978 1131 5039 ταῖς
1158 4976 1429 5048 καρδίαις,
1465 4975 1631 5030 ἄκουε
1665 4977 1829 5031 αὑτοῦ
1858 4977 1947 5031 λέ-

368 5079 557 5130 γοντος
588 5062 682 5116 τοῦ
727 5064 963 5136 Χριστοῦ
990 5081 1004 5097 ·
1050 5066 1455 5136 Ἐλευσόμεθα
1484 5065 1599 5134 ἐγὼ
1624 5066 1721 5119 καὶ
1751 5070 1783 5120 ό
1826 5070 1946 5121 Πα-

368 5150 503 5219 τὴρ,
541 5152 636 5204 καί
668 5152 868 5220 μονὴν
898 5155 1034 5221 παρ’
1089 5153 1247 5220 αὐτῷ
1296 5154 1652 5225 ποιήσομεν.
1690 5157 1948 5210 Κατοικεῖ

370 5237 429 5292 δὲ
453 5239 550 5309 οὐχ
577 5238 786 5303 ἀπλῶς,
823 5240 939 5294 ἀλλ’
988 5244 1047 5295 ὲν
1096 5244 1215 5306 ταῖς
1272 5242 1523 5315 καρδίαις
1555 5245 1675 5307 ταῖς
1702 5246 1944 5311 πισταῖς,

368 5330 492 5392 ταῖς
518 5328 916 5400 ὲῤῥιζωμέναις
946 5330 1006 5383 ὲν
1033 5333 1099 5402 τῇ
1131 5332 1321 5406 ἀγάπῃ
1363 5330 1552 5397 αὐτοῦ,
1583 5334 1706 5397 ταῖς
1736 5334 1811 5404 μὴ
1842 5350 1947 5386 πα-

374 5416 796 5489 ραφερομέναις.
815 5418 951 5475 Ἵνα
980 5417 1365 5490 ἐξισχύσητε,
1389 5420 1743 5492 φησίν.Ὦστε
1768 5422 1950 5493 ἰσχύος

436 5633 465 5664 ⁸
500 5632 791 5703 Βοεριτεῑυτ
810 5632 1021 5705 δεῖίιὶιιε
1037 5618 1308 5704 legehdum
1334 5648 1443 5685 esse
1465 5637 1831 5743 πῗραφέρεσθαι.
1847 5636 1949 5687 Sed

436 5695 736 5743 :ewolanum
787 5697 938 5743 lecno
982 5704 1135 5743 euam
1181 5696 1422 5743 quadrare
1468 5711 1515 5743 γι
1552 5705 1679 5743 ειιπ.

374 5705 521 5744 exem
562 5697 736 5742 larium
787 5697 938 5746 lectio
982 5697 1135 5747 etiam
1181 5697 1422 5758 quadrare
1468 5697 1679 5747 videtin.

382 5818 400 5828 -
495 5709 633 5807 lﬁlus
648 5757 825 5828 φύει,
849 5760 1112 5828 ἐκτέτριταη
1135 5759 1330 5828 ᾼεικνὺς
1360 5760 1413 5807 δὲ
1435 5759 1495 5828 τὸ
1521 5760 1710 5828 μέγεθος
1727 5761 1842 5828 ὅσον
1862 5766 1948 5819 τῆς

374 5818 578 5889 ἆχᾶῖτηςν
602 5822 1021 5889 καὶςοωμσιτικοῆ
1058 5821 1201 5871 αὐτὸν
1241 5822 1483 5889 ὒπέγοαδῖιτ
1524 5818 1763 5886 inﬁgam,
1797 5818 1945 5879 ὄντως

378 5881 545 5931 σίπών·
565 5881 830 5945 «meum;

1954 326 1967 339 .
2009 282 2161 339 CAP.
2204 285 2292 342 Ill.
2336 286 2566 343 HOMIL.
2614 288 2726 343 VII.
3552 292 3624 349 52

2054 400 2259 474 πολλῆς
2288 402 2388 457 δεῖ.
2421 403 2531 457 Ποῦ
2581 404 2639 457 δὲ
2671 402 2873 474 ταύτης
2905 405 3036 476 ἡμῖν
3072 406 3232 477 χρεία
3254 407 3451 479 δηλῶν,
3489 410 3630 468 ἑπάο

2052 512 2178 563 γει·
2212 496 2663 551 Καταιαϐέσθαι
2684 497 2805 551 σὺν
2830 497 3019 552 πᾶσιν
3040 499 3251 569 ἁγίοις,
3270 503 3327 554 τί
3350 504 3414 556 τὸ
3438 505 3631 573 βάθος

2051 589 2151 642 καὶ
2195 589 2375 658 ὕψος,
2438 591 2662 660 γνῶναί
2694 607 2757 644 τε
2808 590 2925 658 τὴν
2965 593 3479 659 ὑπερϐάλλουσαν
3515 598 3627 668 τῆς

2050 680 2327 751 γνώσεως
2353 682 2595 752 ἀγάπην
2620 684 2727 737 τοῦ
2750 684 3030 751 Χριστοῦ.
3060 685 3195 741 Ἵνα
3229 690 3633 760 πληρωθῶμεν

2048 778 2131 843 είς
2162 776 2285 832 πᾶν
2318 778 2385 832 τὸ
2417 780 2707 849 πλήρωμα
2740 781 2847 835 τοῦ
2879 782 3047 837 Θεοῦ,
3081 784 3145 836 '0
3175 783 3232 836 δὲ
3265 783 3435 852 λέγει,
3473 785 3632 840 τοῦτό

2049 873 2229 925 ἐστιν’
2277 873 2339 925 El
2366 872 2459 926 καὶ
2492 872 2810 943 ὑπέρκειται
2845 877 3027 944 πάσης
3059 875 3316 943 γνώσεως
3350 879 3632 950 ἀνθρωπί-

2051 981 2146 1032 νης
2176 965 2209 1034 ἡ
2241 965 2428 1036 ἀγάπη
2462 965 2556 1018 τοῦ
2586 966 2845 1036 Χριστοῦ,
2875 968 3024 1037 ὅμως
3052 969 3209 1039 ὑμεῖς
3251 971 3550 1039 γνώσεσθε,
3581 972 3632 1025 εί

2048 1056 2141 1109 τὸν
2172 1058 2405 1128 Χριστὸν
2439 1057 2655 1127 σχοίητε
2695 1060 3012 1114 ἐνοικοῦντα
3033 1078 3047 1091 ·
3100 1064 3161 1115 ού
3216 1063 3376 1132 μόνον
3406 1065 3463 1119 δὲ
3488 1064 3633 1135 γνὼ-

2050 1148 2209 1203 σεσθε
2243 1149 2301 1214 ἐξ
2350 1150 2515 1203 αὑτοῦ
2552 1151 2734 1214 τοῦτο,
2769 1152 2904 1206 ἀλλὰ
2954 1155 3049 1207 καὶ
3090 1158 3518 1228 πληρωθήσεσοε
3551 1162 3633 1225 είς

2048 1246 2157 1297 πᾶν
2184 1245 2243 1299 τὸ
2275 1245 2548 1317 πλήρωμα
2578 1245 2675 1299 τοῦ
2707 1246 2843 1300 Θεοῦ
2864 1265 2877 1279 °
2912 1250 3185 1321 πλήρωμα
3214 1252 3349 1305 Θεοῦ
3390 1253 3567 1321 λέγων
3596 1254 3631 1327 ἢ

2046 1338 2109 1391 τὸ
2138 1338 2361 1407 γνῶναι,
2390 1340 2465 1403 ὡς
2494 1343 2549 1393 ὲν
2578 1341 2753 1411 Πατρὶ
2787 1342 2880 1395 καὶ
2907 1343 3021 1413 Υἰῷ
3053 1344 3148 1397 καὶ
3185 1344 3463 1415 Πνεύματι
3492 1346 3634 1418 ἁγίῳ

2051 1435 2439 1502 προσκυνεῖται
2470 1435 2498 1486 ὀ
2526 1433 2681 1499 Θεὸς,
2709 1435 2741 1505 ἢ
2766 1434 3089 1507 προτρέπων
3115 1435 3257 1490 οῦτω
3286 1438 3631 1505 σπουδάζειν,

2049 1524 2191 1578 ὥστε
2227 1525 2567 1597 πληροῦσθαι
2608 1528 2790 1599 πάσης
2819 1528 3041 1598 ἀρετῆς,
3075 1524 3142 1599 ἧς
3174 1530 3391 1601 πλήρης
3424 1531 3572 1585 ἐστὶν
3602 1530 3634 1585 6

2048 1617 2200 1680 Θεός.
2232 1616 2315 1681 Τῷ
2337 1618 2405 1670 δὲ
2437 1618 2752 1687 δυναμένῳ
2774 1620 2925 1687 ὑπὲρ
2955 1619 3152 1674 πάντα
3182 1622 3431 1685 ποιῆσαι
3456 1626 3635 1693 ὑπερ-

2047 1710 2417 1778 εκπερισσοῦ
2449 1704 2537 1764 ὧν
2563 1713 2885 1781 αἰτούμεθα
2915 1713 2953 1781 ἣ
2988 1715 3267 1783 νοοῦμεν,
3323 1717 3473 1770 κατὰ
3516 1716 3635 1784 τὴν

2048 1803 2307 1873 δύναμιν
2335 1803 2451 1869 τὴν
2473 1803 2915 1873 ἐνεργουμένην
2943 1806 3015 1859 ἐν
3040 1806 3201 1875 ἡμῖν.
3223 1806 3439 1870 Καλῶς,
3473 1808 3634 1863 Κατὰ

2047 1898 2166 1963 τὴν
2222 1895 2502 1965 δύναμιν,
2552 1894 2709 1950 εῐπε’
2764 1897 3050 1969 δυνάμεως
3110 1898 3219 1969 γάρ
3252 1899 3313 1952 τὸ
3350 1898 3556 1967 λαϐεῖν,
3596 1898 3636 1954 ἃ

2051 1986 2186 2058 μηδὲ
2212 1986 2532 2058 ἠλπίσαμεν
2558 1988 2801 2045 πώποτε.
2836 1990 2959 2044 Ὅτι
2986 1991 3042 2043 δὲ
3077 1991 3407 2060 ὲκπερισσοῦ
3436 1983 3512 2046 ὧν
3543 1994 3633 2047 αί-

2046 2078 2355 2150 τούμεθαῆ
2406 2082 2638 2151 νοοῦμεν
2690 2081 2939 2154 ἐποίησε,
2988 2082 3147 2153 δῆλον
3173 2084 3234 2149 ἐξ
3271 2077 3347 2137 ὧν
3391 2084 3633 2155 ἔγραφεν

2049 2172 2235 2237 αὑτός.
2270 2171 2412 2243 Ἐγὼ
2455 2174 2553 2244 μὲν
2584 2173 2713 2246 γάρ,
2748 2176 2935 2245 φησὶν,
2968 2174 3232 2247 εὔχομαιο
3265 2179 3429 2241 αὐτὸς
3460 2178 3635 2233 δὲκαὶ

2048 2268 2220 2340 χωρὶς
2248 2268 2347 2338 τῆς
2375 2268 2517 2339 ὲμῆς
2541 2266 2731 2339 εὐχῆς,
2773 2270 2996 2341 μείζονα
3030 2271 3327 2342 ἐργάσεται
3354 2270 3464 2324 τῶν
3490 2272 3634 2342 ἠμε-

2047 2361 2223 2430 τέρων
2249 2360 2543 2431 αἰτήσεων.
2572 2362 2672 2432 οὐχ
2698 2362 2889 2425 ἁπλῶς
2926 2362 3171 2434 μείζονα,
3204 2364 3238 2434 ἢ
3276 2362 3632 2435 ὲκπερισσοῦ,

2047 2453 2164 2507 ἀλλ’
2188 2452 2781 2525 ι’Υπερεκπερισσοῦ,
2829 2456 2893 2509 τὸ
2942 2456 3173 2526 μέγεθος
3223 2457 3502 2527 ἐμφαίνων
3531 2456 3634 2526 τῆς

2047 2545 2277 2616 δωρεᾶς.
2332 2544 2505 2599 Πόθεν
2532 2545 2589 2599 δὲ
2622 2545 2783 2617 δῆλον
2829 2546 3023 2612 τοῦτος
3056 2549 3151 2603 Ἐκ
3199 2550 3300 2618 τῆς
3344 2548 3633 2620 δυνάμεως

2046 2637 2147 2708 τῆς
2176 2637 2595 2709 ἐνεργουμένης,
2637 2640 2825 2711 φησὶν,
2880 2642 2939 2694 ὲν
2974 2645 3129 2715 ἡμῖν.
3162 2640 3302 2696 υῠτε
3349 2642 3463 2713 γὰρ
3496 2643 3633 2715 ῂτήο

2046 2731 2223 2801 σαμὲν
2253 2747 2383 2785 ποτε
2436 2731 2632 2797 ταῦτα,
2663 2733 2788 2787 οὔτε
2823 2735 3325 2807 προσεδοκήσαμεν.
3378 2733 3542 2801 Αὐτῷ
3589 2734 3632 2803 ἡ

2046 2825 2218 2891 δόξα,
2245 2826 2435 2898 φησὶν,
2466 2826 2537 2879 ἐν
2574 2826 2651 2894 τῇ
2685 2828 3015 2896 Ἐκκλησία
3051 2829 3122 2882 ἐν
3151 2828 3387 2897 Χριστῷ
3426 2825 3633 2895 Ἰησοῦ

2044 2923 2133 2987 είς
2161 2920 2363 2988 πάσας
2402 2920 2510 2988 τὰς
2551 2922 2760 2991 γενεὰς
2792 2922 2900 2977 τοῦ
2947 2921 3163 2988 αἰῶνος
3214 2920 3335 2974 τῶν
3374 2919 3628 2976 αἰώνων.

2059 3012 2255 3082 Ἀμήν.
2293 3012 2491 3077 Καλῶς
2517 3016 2596 3079 είς
2626 3015 2792 3085 εὐχὴν
2845 3013 2944 3069 καὶ⁵
2987 3013 3296 3082 δοξολογίαν
3340 3012 3433 3066 τὸν
3474 3012 3635 3082 λόγον

2046 3106 2420 3160 κατέκλεισεν.
2470 3107 2619 3160 Ἔδει
2667 3107 2779 3178 γάρ
2830 3106 2922 3160 τὸν
2974 3104 3214 3160 τοσαῦτα
3271 3104 3629 3178 παρασχόντα

2046 3201 2179 3270 ἡμῖν
2220 3198 2539 3269 δοξασθῆναι
2576 3198 2672 3252 καὶ
2716 3198 3099 3269 εύλογηθῆναι.
3155 3198 3275 3271 [49]
3314 3200 3481 3254 Ὥστε
3538 3199 3635 3253 καὶ

2044 3292 2202 3348 τοῦτο
2231 3293 2395 3365 μέρος
2427 3292 2543 3345 ἐστὶ
2570 3292 2923 3364 θαυμασμοῦ,
2950 3292 3012 3346 τὸ
3041 3292 3289 3360 δοξάζειν
3330 3293 3496 3348 ἓνεκα
3523 3293 3635 3347 τῶν

2045 3385 2417 3458 ὑπηργμένων
2448 3388 2584 3458 ἡμῖν
2628 3384 2782 3457 παρὰ
2808 3385 2904 3441 τοῦ
2939 3384 3077 3439 Θεοῦ
3128 3386 3221 3440 διὰ
3258 3384 3435 3455 Ἰησοῦ
3493 3386 3635 3459 Χρισ-

2049 3476 2196 3533 στοῦ.
2234 3477 2306 3533 Ἡ
2326 3478 2478 3545 δόξα
2506 3478 2694 3533 αὐτοῦ
2731 3478 2802 3532 ἐν
2830 3476 2906 3547 τῇ
2946 3478 3298 3546 Ἐκκλησία,
3328 3478 3512 3541 καλῶς
3541 3473 3635 3530 οῦ-

2044 3588 2155 3635 τως
2184 3570 2364 3625 εῐπεψ
2418 3570 2558 3643 αῦτη
2588 3573 2697 3642 γάρ
2728 3565 2839 3623 οἶδε
2873 3570 3011 3640 μόνη
3040 3569 3226 3639 μένειν
3255 3570 3335 3633 είς
3360 3568 3421 3621 τὸ
3451 3569 3633 3642 διηνε-

2046 3665 2163 3728 κές.
2192 3663 2347 3718 Ἐπεὶ
2369 3662 2427 3716 δὲ
2458 3662 2599 3733 αὕτη
2625 3662 2714 3716 διά
2749 3662 2952 3726 παντὸς
2972 3662 3195 3733 ἕστηκε,
3236 3660 3487 3732 βούλεται
3530 3661 3633 3715 αὑ·-

2047 3757 2137 3810 τδν
2164 3756 2259 3809 καὶ
2284 3754 2601 3821 δοξάζεσθαι
2634 3754 2725 3825 ὑφ’
2767 3755 2801 3826 ἡ
2813 3754 2929 3825 μῶν
2958 3753 3121 3825 μέχρι
3146 3755 3245 3827 τῆς
3276 3753 3624 3819 συντελείας⁶

2047 3848 2208 3904 τοῦτο
2244 3848 2353 3919 γάρ
2380 3847 2649 3919 ἐδήλωσεν
2673 3846 2867 3910 εἰπὼν,
2899 3848 3005 3913 Είς
3035 3844 3242 3913 πάσας
3277 3845 3387 3913 τὰς
3417 3846 3631 3916 γενεὰς

2047 3940 2155 3994 τοῦ
2188 3939 2424 4004 αἰῶνος.
2449 3940 2515 3993 Τί
2545 3941 2713 4006 ἐστιν,
2737 3939 2795 3994 αί
2826 3939 3077 4008 πατριαὶ,
3102 3939 3402 4008 ἀναγκαῖον
3431 3940 3630 3994 εἰπεῖν.

2060 4030 2327 4086 Ἐνταῦθα
2357 4031 2457 4102 μὲν
2484 4031 2594 4103 γάρ
2624 4031 2856 4103 πατριαί
2905 4032 3012 4084 είσι
3041 4029 3109 4084 τά
3139 4030 3295 4102 γένη,
3328 4032 3387 4084 ὲν
3429 4030 3487 4085 δὲ
3536 4031 3632 4085 οὐ·

2050 4122 2197 4196 ρανῷ
2229 4124 2366 4192 πῶς,
2398 4124 2528 4179 ἔνθα
2556 4124 2734 4185 οὐδεὶς
2778 4124 2837 4190 ἐξ
2866 4123 3081 4187 οὐδενὸς
3104 4124 3371 4191 γέγονεν;
3414 4123 3485 4176 Ἢ
3516 4123 3637 4179 ικεϊ

2045 4222 2115 4276 τά
2163 4221 2487 4292 συστήματά
2537 4237 2670 4293 φησι
2724 4219 2982 4291 πατριὰς,
3015 4220 3269 4292 καθάπερ
3320 4221 3417 4275 καὶ
3462 4222 3522 4275 ὲν
3560 4224 3631 4294 τῇ

2047 4314 2236 4385 Γραφῇ
2267 4312 2415 4367 ἔστιν
2434 4313 2614 4385 εὑρεῖν
2644 4313 2918 4384 κείμενον,
2947 4312 3154 4384 πατριά
3181 4312 3507 4384 ἀματταρεὶ,
3536 4314 3631 4383 ἀφ’

2046 4400 2108 4460 οῦ
2155 4406 2252 4461 καὶ
2290 4405 2528 4475 πατέρες
2566 4404 2879 4459 καλοῦνται.
2906 4405 2982 4458 Οὐ
3011 4403 3163 4473 παρά
3190 4404 3285 4457 τοῦ
3312 4404 3449 4459 Θεοῦ
3480 4404 3539 4458 δὲ
3570 4405 3634 4460 τὸ

2049 4501 2157 4552 πᾶν
2202 4498 2447 4559 ἀπαιτεῖ,
2496 4496 2632 4550 ἀλλά
2674 4496 2766 4550 καὶ
2814 4496 2948 4567 παρ’
2977 4496 3158 4550 αὐτῶν
3180 4497 3281 4569 τὴν
3312 4497 3498 4551 πίστιν
3531 4497 3631 4553 καὶ

2047 4590 2146 4661 τὴν
2177 4588 2399 4659 ἀγάπην
2422 4603 2439 4620 ’
2479 4589 2573 4641 καὶ
2597 4587 2696 4657 οὐχ
2728 4587 2914 4651 ἀπλῶς
2937 4588 3035 4658 τὴν
3061 4588 3305 4659 ἀγάπην,
3329 4588 3444 4643 ἀλλ’
3474 4592 3630 4663 ἐρρι-

2049 4680 2299 4752 ζωμένην
2331 4680 2427 4734 καὶ
2450 4679 2945 4751 τεθεμελιωμένην,
2983 4679 3125 4734 ὥστε
3173 4682 3311 4752 μήτε
3338 4681 3628 4751 πνεύματα

2046 4775 2217 4845 αὐτὴν
2252 4773 2517 4836 σαλεύειν,
2568 4773 2707 4843 μήτε
2757 4771 2885 4825 ἀλλο
2922 4771 3091 4843 μηδὲν
3140 4773 3311 4846 αὐτὴν
3339 4774 3624 4830 καταϐάλ-

2046 4865 2179 4921 λειν.
2207 4863 2372 4920 Εἶπεν
2401 4868 2483 4921 ὅτι
2506 4864 2632 4930 δόξα
2660 4865 2799 4920 εἰσὶν
2821 4866 2877 4919 αἱ
2907 4865 3148 4937 θλίψεις
3189 4868 3240 4921 εἰ
3282 4867 3341 4921 δὲ
3372 4868 3430 4923 αί
3468 4869 3626 4939 ἐμαὶ,

2048 4959 2228 5031 πολλῷ
2264 4959 2469 5031 μᾶλλον
2494 4959 2550 5013 αἱ
2575 4958 2749 5029 ὑμῶν.

2123 5127 2284 5180 Ὥστε
2311 5126 2412 5179 οὐκ
2435 5124 3069 5196 ἐγκαταλιμπανομένων
3092 5126 3211 5180 ἐστὶ
3236 5125 3297 5179 τὺ
3327 5124 3623 5179 θλίϐεσθαι·

2051 5220 2111 5273 οὐ
2144 5219 2253 5290 γάρ
2298 5218 2364 5273 ἂν
2391 5219 2419 5271 6
2445 5216 2683 5271 τοσαῦτα
2723 5220 3104 5290 ἐργασάμενος
3150 5218 3312 5272 τοῦτο
3343 5219 3624 5287 ἐποίησεν.

2054 5314 2119 5366 Εἰ
2144 5313 2200 5365 δὲ
2224 5310 2319 5364 τοῦ
2362 5309 2498 5364 Θεοῦ
2533 5311 2633 5380 τὴν
2656 5310 2881 5381 ἀγάπην
2911 5309 3051 5364 ὥστε
3094 5310 3308 5381 μαθεῖν,
3338 5314 3438 5384 τῆς
3461 5310 3629 5381 εὐχῆς

2053 5403 2252 5473 Παύλῳ
2278 5402 2377 5468 δεῖ,
2430 5402 2524 5455 καὶ
2573 5400 2894 5472 Πνεύματος
2941 5401 3101 5472 χρεία
3151 5400 3499 5473 ὲνιδρύσεως,
3534 5401 3629 5457 τοῦ

2053 5495 2291 5569 Χριστοῦ
2320 5497 2420 5565 τὴν
2440 5494 2629 5549 οὐσίαν
2659 5493 2741 5558 τίς
2765 5495 2971 5548 εἵσεται
3000 5493 3281 5564 λογισμοῖς
3304 5494 3630 5548 κατακολου-

2054 5592 2198 5659 θῶν;
2252 5588 2443 5643 Καίτοι
2474 5587 2524 5640 τί
2565 5586 2821 5641 δύσκολον
2850 5588 3083 5658 πρᾶγμα
3132 5586 3344 5655 μαθεῖν,
3376 5589 3457 5641 ὅτι
3486 5587 3633 5658 φιλεῖ

2051 5682 2198 5756 ἡμᾶς
2226 5684 2254 5736 6
2281 5682 2414 5747 Θεός
2446 5698 2461 5747 ;
2498 5681 2712 5753 Σφόδρα
2756 5680 3035 5745 δύσκολον,
3090 5680 3361 5751 ἀγαπητέ.
3407 5682 3470 5735 Οί
3531 5680 3632 5752 μὲν

2048 5782 2157 5851 γάρ
2194 5778 2463 5833 καὶτοῦτο
2490 5777 2796 5846 ἀγνοοῦσιν,
2818 5776 2941 5830 ὅθεν
2970 5775 3067 5831 καὶ¹
3098 5776 3234 5847 φασὶ
3268 5776 3439 5849 μυρία
3471 5776 3623 5831 κακὰ

2054 5873 2232 5943 εἰςτὺν
2261 5872 2464 5943 κόσμον
2481 5870 2744 5941 γίνεσθαιι
2770 5871 2817 5924 οί
2829 5869 2885 5925 δὲ
2906 5870 2966 5927 τὸ
2994 5870 3160 5926 πόσον
3173 5869 3447 5941 ἀγνοοῦσι.
3470 5870 3581 5927 Καὶ
3600 5871 3631 5924 ό
