4068 6390
470 312 540 368 55
1160 304 1520 366 S'JOANNIS
1553 298 2045 361 CHRYSOSTOMI
2076 298 2398 396 ABCIEIEP.
2435 304 2989 364 CONSTANTINOP.
3652 297 3721 357 5‘

474 423 683 488 Παῦλος
713 424 770 478 δὲ
816 424 876 476 οὐ
907 423 967 476 τὸ
989 424 1176 489 πόσον,
1209 425 1269 475 οὐ
1302 423 1358 476 δὲ
1384 423 1526 476 ὥστε
1560 421 1829 494 μετρῆσαι
1864 418 2037 489 ζητεῖ·

469 527 592 589 πώς
610 524 719 594 γάρ
750 540 764 586 ;
798 522 912 574 ἀλλ’
941 523 1024 575 ὅτι
1070 521 1408 593 ὑπερϐάλλον
1446 522 1540 575 καὶ
1580 522 1726 591 μέγα
1760 519 1879 573 ἐστί
1913 516 2043 569 αὐτὸ

468 623 626 676 τοῦτο
660 621 850 693 μαθεῖν
873 636 888 649 ’
918 620 1011 673 καί
1038 636 1227 689 φησιν,
1255 620 1338 671 ὅτι
1370 619 1501 672 αύτδ
1538 618 1697 671 τοῦτο
1726 615 1908 678 ἱκανός
1927 617 2043 667 ἐστι

469 719 640 784 δεῖξαι
658 720 752 773 καὶ
775 718 881 771 ἀπὸ
904 716 1003 785 τῆς
1028 715 1301 785 γνώσεως,
1324 711 1391 787 ἦς
1418 717 1579 786 ἡμεῖς
1606 713 1914 785 κατηξιώθη
1925 730 2041 783 μεν.

467 817 663 872 Καίτοι
695 815 746 869 τί
774 816 1032 885 περισσόν
1064 816 1182 867 ἐστι
1216 812 1309 866 τοῦ
1334 811 1724 884 κραταιοῦσθαι
1752 809 1860 877 ;Τὸ
1894 810 2045 864 δυνά-

471 932 584 986 μει,
616 914 803 983 ῶσπερ
859 913 952 965 τοῦ
990 912 1081 964 τὸν
1132 911 1365 981 Χριστὸν
1415 910 1560 979 ἔχειν
1603 909 1791 971 ἀπλῶς
1810 909 1870 961 τὸ
1897 907 2042 961 ἔνδον

470 1013 589 1064 ἐστί
650 1010 927 1078 περισσόν.
964 1007 1192 1075 Μεγάλα
1240 1006 1309 1059 τά
1343 1005 1671 1076 αἰτηθέντα,
1709 1006 1903 1074 φησὶν,
1928 1003 2042 1057 ἀλλ’

465 1106 575 1161 οἶδε
611 1109 706 1161 καὶ
733 1107 872 1177 ὑπὲρ
924 1105 1063 1159 αύτά
1096 1106 1290 1166 ποιεῖν,
1316 1102 1455 1155 ὥστε
1498 1102 1573 1172 μὴ
1605 1102 1763 1172 μόνον
1797 1102 2038 1170 ἀγαπᾷν,

464 1206 602 1259 ἀλλά
622 1204 716 1257 καὶ
734 1202 938 1273 σφόδρα
966 1201 1124 1254 τοῦτο
1154 1202 1346 1252 ποιεῖν.
1367 1199 1812 1269 Μεριμνήσωμεν
1840 1198 2040 1262 τοίνυν,

465 1302 763 1372 ἀγαπητοὶ,
795 1299 936 1352 ῶστε
969 1296 1063 1352 τοῦ
1091 1298 1225 1350 Θεοῦ
1257 1297 1354 1367 τὴν
1390 1296 1610 1365 ἀγάπην
1647 1294 1855 1364 μαθεῖν.
1880 1294 2042 1361 Μέγα

462 1400 619 1453 τοῦτό
656 1399 825 1459 ἐστιν,
864 1396 1015 1450 ούδέν
1046 1394 1189 1448 οὕτω
1240 1396 1387 1465 ἡμᾶς
1416 1394 1651 1463 ὠφελεῖ,
1681 1392 1834 1446 οὐδὲν
1870 1389 2041 1453 οὕτως

460 1497 612 1566 ἡμᾶς
676 1493 1045 1548 κατανύσσειο
1075 1493 1168 1546 τοῦ
1221 1492 1388 1562 φόϐου
1449 1492 1547 1561 τῆς
1604 1490 1830 1559 γεέννης
1856 1488 2040 1541 ἱκανὸν

460 1593 622 1647 τοῦτο
674 1592 874 1663 μᾶλλον
904 1591 1045 1646 ἐλεῖν
1081 1593 1181 1654 τὰς
1211 1590 1487 1662 ἡμετέρας
1515 1590 1713 1661 ψυχάς.
1745 1591 1920 1644 Πόθεν
1945 1586 2039 1644 οὖν

462 1689 756 1759 είσόμεθα;
800 1690 906 1743 Ἐκ
948 1704 1009 1741 τε
1050 1687 1158 1740 τῶν
1194 1687 1521 1758 εἰρημένων,
1567 1687 1629 1739 ἔκ
1672 1704 1733 1741 τε
1773 1687 1880 1740 τῶν
1915 1685 2038 1740 καθ’

461 1786 701 1855 ἑκάστην
738 1784 952 1855 ἡμέραν
999 1782 1431 1853 συμϐαινόντων.
1490 1782 1648 1847 Τίνος
1702 1783 1810 1853 γὰρ
1852 1783 2040 1836 ἐνεκεν

459 1881 638 1935 ταῦτα
692 1880 1015 1949 γεγένηται;
1048 1879 1207 1941 ποίας
1259 1879 1451 1949 χρείας
1504 1879 1602 1949 τῆς
1648 1878 1843 1941 αύτοῦ;
1875 1878 2039 1931 Οὐδε-

463 1980 615 2049 μιᾶς.
651 1980 799 2032 ’Δνω
836 1979 932 2032 καλ¹
986 1978 1138 2032 κάτω
1169 1979 1269 2047 τὴν
1315 1978 1537 2047 ἀγάπην
1576 1978 1787 2049 τίθησιν
1815 1978 1992 2032 αἰτίαν
2021 1994 2034 2008 ·

464 2075 701 2145 μάλιστα
742 2073 801 2126 δέ
837 2073 1021 2143 ἐκείνη
1066 2073 1255 2142 ἀγάπη
1290 2074 1459 2135 ἐστὶν,
1488 2074 1617 2126 ὅταν
1645 2075 2038 2144 εύεργετῶνται

460 2170 739 2241 ἄνθρωποι
763 2170 991 2241 μηδενὸς
1025 2168 1475 2240 προῦπάρξαντος
1502 2170 1633 2239 παρ’
1665 2171 1865 2224 αὐτῶν.
1898 2170 2037 2223 Τοῦ-

458 2284 550 2320 τον
584 2266 761 2320 τοίνυν
796 2266 1071 2336 καὶήμεῖς
1116 2263 1415 2335 μιμώμεθα
1441 2276 1467 2304 ι
1489 2302 1504 2328 ,
1542 2266 1669 2328 τοὺς
1716 2265 1942 2336 ἐχθροὺς
1974 2261 2036 2320 εῦ

458 2364 726 2437 ποιῶμεν,
761 2365 887 2427 τοὺς
926 2363 1220 2435 μισοῦντας
1251 2364 1436 2433 ἡμᾶς,
1476 2363 1604 2426 τοὺς
1633 2364 2037 2436 ἀποστρεφομέ-

457 2482 585 2529 νους
628 2461 1006 2535 προσιώμεθα.
1054 2461 1227 2515 Τοῦτο
1260 2464 1437 2531 ὁμοιοῖ
1486 2462 1634 2531 ἡμᾶς
1662 2462 1740 2533 τῷ
1767 2463 1906 2534 Θεῷ.
1942 2465 2039 2517 Ἂν

458 2563 568 2635 γάρ
619 2562 713 2616 τὸν
779 2561 955 2631 φίλον,
991 2561 1196 2629 φησὶν,
1234 2561 1561 2630 ἀγαπήσῃς,
1596 2561 1650 2614 τί
1700 2562 1761 2614 τὸ
1812 2562 2033 2633 κέρδος;

456 2658 618 2712 τοῦτο
656 2658 754 2711 καὶ
801 2658 850 2710 οἰ
901 2657 1104 2711 ἐθνικοὶ
1143 2657 1413 2711 ποιοῦσιν.
1465 2655 1578 2729 [50]
1627 2656 1788 2709 Ἀλλά
1834 2656 1888 2709 τί
1939 2658 2038 2727 τῆς

459 2755 682 2824 ἀγάπης
707 2755 1037 2825 τεκμήριον;
1065 2755 1169 2807 Τὸν
1205 2754 1470 2824 μισοῦντα
1494 2757 1734 2827 ἀγαπᾷν.
1771 2756 2038 2826 Βούλομαί

457 2871 512 2906 τι
564 2854 875 2923 ὑπόδειγμα
924 2853 1119 2916 εἰπεῖν,
1171 2852 1449 2921 σύγγνωτέ
1482 2872 1602 2923 μοι,
1646 2855 1741 2908 καὶ
1770 2855 1866 2924 οὐχ
1888 2854 2037 2923 εὑρί-

460 2965 576 3002 σκω
597 2949 655 3001 ἐν
673 2949 786 3012 τοῖς
820 2948 1212 3017 πνευματικοῖς
1245 2964 1258 2978 ·
1286 2948 1365 3000 διὸ
1389 2948 1497 3001 ἀπὸ
1528 2947 1637 3001 τῶν
1676 2948 1875 3013 ἔξωθεν
1905 2949 2035 3020 ἐρῶ.

457 3044 571 3115 θῦχ
603 3045 764 3116 ὁρᾶτε
797 3043 925 3107 τοὺς
956 3042 1197 3113 ἐρῶντας
1224 3044 1447 3107 τούτους
1476 3062 1491 3110 ;
1520 3045 1659 3100 πόσα
1694 3045 2037 3118 ὑδριζόμενοι

456 3138 612 3212 παρά
668 3138 777 3193 τῶν
814 3139 1142 3211 ἐρωμένων,
1180 3139 1323 3193 πόσα
1353 3141 1857 3211 ἐπιϐουλευόμενοι,
1895 3143 2037 3195 πόσα

456 3234 837 3307 ζημιούμενοι,
872 3234 1271 3307 προσηλοῦνται
1314 3238 1408 3290 καὶ
1444 3239 1786 3299 ἐκκαίονται.
1824 3239 2037 3309 καὶτῆς

457 3331 669 3385 ἑαυτῶν
729 3331 909 3401 ψυχῆς
960 3331 1159 3401 μᾶλλον
1206 3332 1376 3395 αύτάς
1423 3334 1719 3401 ἀγαπῶσι,
1762 3334 2039 3389 διανυκτε-

458 3424 709 3497 ρεύοντες
734 3426 792 3478 ἐν
818 3428 931 3489 τοϊς
960 3425 1187 3480 ἐκείνων
1216 3427 1540 3499 προθύροις;
1593 3430 1832 3484 Ἐκεῖθεν
1860 3431 2038 3484 λάϐω-

460 3538 561 3592 μεν
586 3520 647 3574 τὸ
674 3520 999 3592 ὑπόδειγμα,
1030 3522 1128 3592 ούχ
1164 3520 1305 3576 ὥστε
1324 3523 1579 3587 τοιαύτας
1610 3525 1806 3595 φιλεῖν,
1834 3527 2037 3597 πόρνας

457 3615 602 3686 λέγω
632 3619 918 3685 γυναῖκας,
948 3617 1065 3670 ἀλλ’
1084 3618 1225 3671 ὣστε
1253 3617 1400 3671 οῦτω
1428 3619 1601 3687 φιλεῖν
1625 3623 1752 3686 τοὺς
1783 3623 2033 3693 ἐχθρούς.

456 3710 596 3764 Εἰπέ
645 3712 753 3780 γάρ
793 3728 905 3780 μοι,
939 3710 1061 3782 οὐχ)⁸
1082 3712 1299 3765 πάντων
1338 3713 1551 3784 ἐχθρῶν
1582 3717 2036 3789 ὑϐριστικώτερον

456 3808 641 3872 αὐτοῖς
664 3808 961 3877 κέχρηνται
982 3847 997 3869 ,
1029 3809 1123 3861 καὶ
1146 3809 1244 3879 τὴν
1265 3810 1455 3863 οὐσίαν
1491 3812 1831 3865 διασπαθῶσι
1862 3815 1911 3877 Ι),
1943 3815 2036 3867 καὶ

464 3906 565 3977 τὴν
621 3905 743 3975 ὄψιν
786 3906 1097 3975 ὑδρίζουσι,
1123 3908 1215 3959 καὶ
1249 3906 1360 3960 τῶν
1392 3908 1821 3980 διακονουμένων
1844 3912 2037 3975 αύταῖς

469 4003 834 4074 δουλικώτερα
886 4003 1292 4069 ἐπιτάττουσιν;
1354 4004 1493 4057 Ἀλλ’
1544 4007 1693 4076 ὅμως
1751 4008 1851 4060 οὐκ
1912 4010 2037 4078 ἀφί-

446 4116 711 4154 ηστανται.
742 4100 937 4154 Καίτοι
987 4099 1162 4162 οὐδεὶς
1186 4100 1376 4153 οὐδένα
1410 4101 1520 4171 ἔχει
1546 4103 1788 4157 τοιοῦτον
1819 4105 2033 4177 ἐχθρὸν,

455 4190 569 4250 οἷον
595 4198 624 4250 6
658 4196 831 4266 φιλῶν
858 4195 958 4267 τὴν
982 4195 1335 4266 φιλουμένην.
1359 4198 1466 4249 Καὶ
1495 4198 1604 4269 γάρ
1635 4199 2037 4269 θρύπτεταικαὶ

457 4292 749 4358 αἰκίζεται,
782 4293 877 4345 καὶ
905 4290 1283 4362 ἀποκέχρηται
1338 4292 1487 4362 αύτῷ
1527 4294 1832 4366 πολλάκιςή
1860 4296 2036 4365 φιλου-

461 4389 618 4459 μένη,
665 4389 761 4442 καὶ
807 4388 918 4458 ὅσῳ
964 4388 1030 4442 ἂν
1081 4389 1303 4458 φιλῆται
1335 4427 1351 4449 ,
1401 4391 1641 4461 τοσούτῳ
1682 4396 2032 4460 καταφρονεῖ.

456 4485 652 4539 Καίτοι
682 4485 737 4538 τί
770 4487 868 4556 τῆς
900 4483 1043 4538 οὕτω
1088 4484 1437 4556 διακειμένης
1478 4488 1656 4558 ψυχῆς
1680 4488 2034 4560 θηριωδέστε-

460 4593 595 4649 ρονς
644 4577 785 4634 Ἀλλ’
833 4578 984 4649 ὅμως
1038 4576 1284 4646 φιλοῦσιν
1331 4579 1547 4632 ἐκεῖνοι.
1589 4581 1749 4633 Ἀλλά
1784 4583 1924 4653 τάχα
1940 4584 2033 4638 καὶ

458 4675 568 4728 ἀπὸ
604 4675 714 4729 τῶν
752 4674 1136 4745 πνευματικῶν
1174 4674 1479 4745 εὑρήσομεν
1504 4676 1758 4747 τοιαύτην
1788 4679 2030 4750 ἀγάπην,

457 4768 521 4825 οὐ
555 4769 666 4824 τῶν
685 4768 782 4824 νῦν
810 4786 825 4801 ο
856 4769 1032 4839 ἐψύγη
1074 4770 1182 4840 γάρ
1204 4786 1218 4801 ο
1247 4769 1385 4822 ἀλλὰ
1421 4770 1530 4824 τῶν
1561 4771 1731 4824 πάλαι
1784 4774 2035 4842 μεγάλων

460 4865 558 4920 καὶ
594 4864 926 4935 θαυμαστῶν
947 4864 1171 4919 ἐκείνων
1201 4864 1430 4935 ἀνδρῶν.
1850 4867 1864 4873 “
1888 4879 1893 4883 ’

543 4948 602 5002 ’0
627 4948 867 5019 Μωῦσῆς
893 4950 922 5002 6
976 4949 1245 5018 μακάριος
1272 4949 1368 5001 καὶ
1394 4946 1623 5012 τούτους
1646 4951 1843 5015 αὐτοὺς
1866 4956 2033 5025 ὕπερ-

458 5041 620 5099 έὸαλε
647 5043 775 5107 τοὺς
810 5043 973 5115 ἔρωτι
1010 5044 1319 5115 φιλοῦντας.
1368 5043 1494 5108 Πῶς
1540 5045 1637 5099 καὶ
1671 5048 1779 5099 τίνι
1810 5049 2029 5119 τρόπῳ;

458 5141 680 5211 Πρῶτον
703 5139 803 5211 μὲν
828 5139 897 5193 τά
927 5140 1175 5211 βασίλεια
1214 5140 1393 5210 ἀφιεὶς
1434 5142 1530 5195 καὶ
1555 5140 1653 5213 τὴν
1680 5144 1796 5197 ἐκεῖ
1823 5146 2034 5218 τρυφὴν

460 5241 555 5294 καὶ
589 5239 687 5311 τὴν
740 5239 1038 5310 θεραπείαν
1091 5240 1186 5293 καὶ
1228 5240 1290 5292 τὸ
1316 5238 1657 5305 δοξάζεσθαι,
1695 5242 1865 5295 εἵλετο
1890 5240 2031 5298 εἶναι

463 5334 603 5406 μετά
648 5334 756 5390 τῶν
798 5334 1167 5406 Ἰσραηλιτῶν.
1211 5336 1406 5390 Καίτοι
1440 5337 1500 5389 ού
1538 5337 1695 5409 μόνον
1720 5340 1818 5393 ούκ
1848 5341 1915 5395 ἄν
1942 5360 2029 5407 τις

458 5429 618 5493 ἄλλος
658 5430 951 5501 εἰργάσατο
986 5430 1163 5497 τοῦτο,
1192 5431 1329 5485 ἀλλά
1384 5433 1487 5485 κᾶν
1516 5435 1831 5507 ἐπῃσχύνθη
1879 5438 2033 5508 ἐλέγ-

460 5543 644 5598 χοντος
696 5529 882 5600 ἐτέρου
918 5530 1154 5601 φανῆναι
1192 5531 1459 5602 συγγενὴς
1501 5533 1561 5585 ού
1604 5534 1764 5604 μόνον
1794 5536 2030 5601 δούλων,

462 5635 600 5692 ἀλλά
648 5636 740 5689 καὶ
790 5638 1002 5709 μιαρῶν
1031 5634 1172 5691 εἶναι
1208 5636 1578 5709 νομιζομένων
1603 5652 1615 5667 ⁸
1650 5640 1675 5692 ὁ
1700 5637 1757 5691 δὲ
1779 5638 1839 5691 ού
1876 5636 2036 5708 μόνον

546 5818 570 5887 ξ
599 5818 748 5887 61mg.
766 5822 948 5887 βοτη..
975 5830 1271 5887 μιμούμενοι.

545 5879 576 5925 ὅ
614 5879 723 5931 Mss:
749 5883 848 5933 duo
884 5879 1138 5939 διασπῶσι.

2153 407 2257 477 τὴν
2294 406 2612 475 συγγένειαν
2627 409 2726 461 ούκ
2743 409 3076 479 ἐπῃσχύνθη,
3104 407 3237 461 ἀλλά
3256 408 3350 462 καὶ
3379 408 3542 463 παντὶ
3566 409 3721 481 θυμῲ

2148 515 2322 586 ἤμυνε
2342 556 2356 579 ,
2388 516 2482 570 καὶ
2510 517 2591 578 εἰς
2632 515 2909 577 κινδύνους
2939 512 3129 567 ἐαυτὸν
3152 511 3373 581 ἔρριψεν
3406 510 3547 581 ὑπὲρ
3574 510 3721 563 ἐκείο

2146 630 2273 668 νων.
2301 613 2459 677 Πῶς;
2503 612 2678 683 Ὀρῶν
2703 655 2717 677 ,
2754 611 2908 680 φησὶ,
2952 609 3074 663 τινά
3095 606 3403 669 ἀδικοῦντα,
3441 607 3614 678 ἤμυνε
3642 605 3721 676 τῷ

2144 708 2490 780 ἀδικουμένῳ
2516 751 2529 773 ,
2575 709 2668 762 καὶ
2725 709 3012 761 ἀπέκτεινε
3073 705 3164 758 τὸν
3226 704 3533 757 ἀδικοῦντα.
3581 704 3719 756 Ἀλλ’

2144 803 2297 857 οῦπω
2321 805 2492 857 ταῦτα
2528 805 2666 875 ὑπὲρ
2700 803 2909 874 ἐχθρῶν
2942 818 2956 832 ·
2999 800 3210 872 μεγάλα
3250 801 3347 870 μὲν
3376 794 3467 852 οῦν
3495 800 3590 852 καὶ
3621 800 3720 851 αύ-

2144 900 2231 966 τά,
2269 901 2367 970 οὐχ
2393 900 2537 954 οὕτω
2573 902 2629 954 δὲ
2663 902 2738 963 ώς
2768 900 2838 953 τά
2870 898 3006 970 μετά
3038 897 3239 950 ταῦτα.
3274 898 3351 967 Τῇ
3375 892 3466 949 οὖν
3489 897 3722 969 ἐπιούσῃ

2145 995 2326 1066 ἡμέρᾳ
2370 996 2432 1048 τὸ
2464 997 2595 1049 αὐτὸ
2646 993 2751 1049 εἶδε
2800 996 3103 1064 γινόμενον,
3138 994 3387 1046 κάκεῖνον
3420 986 3464 1060 ᾧ
3514 994 3721 1063 ἤμυνεν

2141 1089 2283 1158 ὁρῶν
2303 1089 2621 1153 ἀδικοῦντα,
2659 1088 2891 1159 παρῄνει
2930 1087 3242 1141 παύσασθαι
3277 1090 3373 1157 τῆς
3406 1086 3615 1149 ἀδικίας
3647 1102 3662 1115 ·
3690 1086 3720 1138 6

2141 1185 2198 1237 δέ
2218 1202 2369 1256 φησι,
2394 1186 2561 1256 πολλῇ
2580 1185 2940 1256 ἀγνωμοσύνῃ
2967 1183 3327 1254 κεχρημένος,
3352 1181 3453 1248 Τίς
3478 1198 3552 1236 σε
3569 1199 3718 1236 κατ-

2140 1281 2404 1349 ἐστησεν
2437 1283 2701 1352 ἄρχοντα
2742 1282 2843 1336 καὶ
2877 1281 3180 1350 δικαστὴν
3216 1280 3307 1349 ἐφ’
3362 1280 3555 1349 ἡμᾶς-ς
3587 1280 3721 1333 Τίνα

2140 1381 2240 1433 ούκ
2270 1379 2336 1433 ἂν
2361 1381 2629 1451 ἐνέπρησε
2665 1379 2735 1432 τά
2764 1381 2983 1450 ῥήματα
3014 1377 3218 1442 ταύτας
3257 1378 3320 1430 Εἰ
3344 1378 3525 1430 τοίνυν
3553 1375 3713 1446 θυμῷ

2139 1476 2201 1528 τὸ
2245 1478 2505 1546 πρότερον
2556 1476 2768 1543 ἐγένετο
2812 1477 2905 1529 καί
2936 1475 3123 1546 μανίᾳ,
3152 1477 3244 1528 καὶ
3273 1473 3462 1527 τοῦτον
3485 1474 3550 1526 ἂν
3580 1473 3719 1543 πλή-

2143 1571 2239 1637 ξας
2281 1574 2509 1626 ἀνεῖλεν.
2535 1573 2607 1626 Ού
2648 1573 2756 1644 γὰρ
2790 1572 2853 1643 δὴ
2899 1574 3125 1636 ἐκεῖνος,
3156 1572 3294 1642 ύπέρ
3324 1566 3383 1625 οὗ
3415 1569 3574 1623 τοῦτο
3606 1570 3722 1643 ἐδέ-

2140 1689 2281 1736 νετο,
2309 1673 2683 1743 κατεμήνυσεν
2710 1672 2775 1725 ἂν
2789 1671 2972 1737 αὑτὸν,
3004 1671 3117 1723 ἀλλ’
3148 1672 3228 1724 ότι
3254 1672 3534 1737 συγγενεῖς
3556 1664 3716 1738 ἦσαν,

2141 1769 2313 1839 φησί,
2354 1767 2526 1821 ταῦτα
2572 1762 2744 1821 εἶπεν.
2788 1769 2918 1821 Ὅτε
2965 1768 3227 1837 ἠδικεῖτο,
3271 1766 3424 1819 οὐδὲν
3476 1765 3718 1817 τοιοῦτον

2138 1864 2460 1933 ἐφθέγξατο.
2497 1866 2593 1931 Τίς
2624 1880 2698 1919 σε
2740 1863 3120 1932 κατέστησεν
3144 1864 3407 1932 ἄρχοντα
3430 1864 3527 1915 καὶ
3553 1863 3717 1915 δικα-

2138 1960 2299 2028 στὴν
2324 1960 2417 2029 ἐφ’
2443 1959 2644 2030 ἡμᾶς-ς
2678 1960 2776 2013 Διά
2826 1960 2879 2012 τί
2928 1961 3002 2030 μὴ
3042 1959 3171 2029 χθὲς
3219 1954 3373 2021 εἶπες
3416 1957 3611 2022 τοῦτο;
3650 1958 3714 2011 Ἦ

2137 2056 2322 2111 ἀδικία
2349 2058 2383 2126 ἡ
2414 2055 2483 2127 σὴ
2507 2056 2600 2110 καὶ
2635 2057 2670 2126 ή
2696 2055 2937 2126 ὠμότης,
2963 2054 3149 2125 φησὶν,
3188 2053 3326 2124 αῦτη
3359 2072 3425 2123 με
3448 2054 3715 2121 κατέστη-

2141 2171 2234 2208 σεν
2259 2154 2496 2225 ἄρχοντα
2521 2156 2617 2209 καὶ¹
2643 2154 2929 2222 δικαστήν.
2973 2151 3133 2205 Ἀλλά
3162 2151 3257 2205 νῦν
3296 2152 3397 2221 ὅρα
3418 2152 3499 2205 ὅτι
3524 2148 3717 2221 καὶτῷ

2137 2251 2256 2322 Θεῷ
2303 2252 2477 2307 ταῦτα
2503 2251 2721 2320 λέγουσί
2753 2248 2867 2323 [51]
2891 2267 3054 2313 τινες.
3098 2248 3187 2303 Ἐν
3214 2244 3295 2311 οἷς
3324 2249 3421 2319 μὲν
3451 2249 3560 2319 γὰρ
3597 2249 3715 2301 ἀδι-

2138 2349 2378 2413 κοῦνται,
2424 2348 2702 2417 βούλονται
2743 2347 2905 2400 αὐτὸν
2950 2341 3091 2399 εἶναι
3143 2345 3394 2416 σφοδρὸν,
3464 2346 3559 2399 καὶ
3616 2346 3715 2413 τῆς

2142 2444 2525 2517 μακροθυμίας
2561 2442 2726 2498 αὑτοῦ
2771 2442 3170 2514 κατηγοροῦσιν
3200 2460 3212 2472 ’
3252 2443 3381 2495 ὅταν
3425 2442 3481 2496 δέ
3513 2444 3715 2498 ἀδικῶ-

2141 2558 2247 2608 σιν,
2270 2540 2472 2596 οὐκέτι.
2519 2540 2586 2594 Τί
2607 2539 2815 2593 τούτων
2872 2538 3199 2609 πικρότερον
3240 2538 3348 2592 τῶν
3409 2540 3708 2610 ρημάτων;

2152 2637 2290 2691 Ἀλλ’
2317 2638 2465 2707 ὅμως
2500 2637 2640 2706 μετά
2670 2636 2843 2689 ταῦτα
2865 2636 3002 2705 πρὸς
3032 2636 3158 2698 τοὺς
3182 2634 3505 2705 ἀγνώμονας
3527 2678 3542 2703 ν
3579 2637 3717 2707 πρὸς

2137 2735 2263 2795 τοὺς
2304 2733 2632 2803 ἀχαρίστους
2670 2732 3024 2802 πεμπόμενος
3050 2770 3065 2796 ,
3102 2733 3323 2802 ἤρχετο,
3348 2734 3439 2785 καὶ
3472 2733 3573 2785 ούκ
3596 2732 3719 2786 ἀνε-

2137 2830 2315 2883 δύετο.
2355 2829 2516 2882 Ἀλλά
2568 2828 2666 2883 καὶ
2703 2828 2841 2899 μετά
2879 2827 2949 2880 τά
2980 2829 3184 2897 σημεῖα
3218 2828 3421 2891 ἐκεῖνα,
3453 2829 3547 2880 καὶ
3578 2829 3717 2898 μετά

2136 2926 2205 2978 τά
2234 2924 2484 2996 θαύματα
2508 2925 2577 2979 τά
2604 2926 2670 2978 δι’
2689 2924 2858 2978 αὑτοῦ
2884 2924 3172 2994 γενόμενα,
3198 2922 3531 2976 καταλεῦσαι
3555 2923 3719 2976 αὑτὸν

2138 3020 2401 3085 πολλάκις
2424 3022 2806 3093 ἐπεχείρησαν,
2828 3022 2923 3075 καὶ
2945 3020 3176 3089 ἐξέφυγε
3192 3020 3291 3084 τὰς
3310 3022 3497 3091 χεῖρας
3513 3021 3715 3075 αὐτῶν·

2137 3119 2231 3171 καί⁵
2257 3117 2667 3188 κατεγόγγυξον
2704 3118 2965 3189 συνεχῶς,
2997 3117 3112 3171 ἀλλ’
3134 3120 3285 3188 ὅμως
3319 3118 3517 3181 αὐτοὺς
3544 3117 3713 3179 οὕτως

2138 3215 2315 3285 ἐφίλει
2364 3214 2563 3286 ἔρωτι,
2605 3215 2680 3279 ὡς
2722 3217 2899 3268 εἰπεῖν
2938 3214 3077 3285 πρὸς
3118 3213 3212 3267 τὸν
3238 3213 3390 3279 Θεὸν,
3426 3214 3589 3285 ἡνίκα
3617 3213 3717 3284 τὴν

2138 3312 2417 3384 ἁμαρτίαν
2446 3312 2664 3383 ἐκείνην
2709 3311 2809 3382 τὴν
2839 3312 3085 3382 χαλεπὴν
3115 3312 3437 3381 εἰργάσαντο
3462 3328 3476 3341 ο
3502 3314 3571 3365 El
3602 3312 3716 3379 μὲν

2137 3407 2301 3477 ἁφῆς
2325 3407 2532 3474 αὐτοῖς
2554 3406 2670 3476 τὴν
2702 3408 3016 3476 ἁμαρτίαν,
3046 3407 3196 3476 ἄφες
3221 3424 3236 3439 ο
3266 3409 3319 3460 εί
3350 3407 3419 3460 δὲ
3439 3406 3545 3475 μὴ,
3565 3406 3715 3476 κάμὲ

2136 3503 2464 3572 ἑξάλειψ-ον
2493 3503 2563 3557 ἐκ
2601 3502 2712 3571 τῆς
2730 3504 2953 3567 βίϐλου
2982 3498 3061 3573 ἧς
3098 3503 3396 3573 ἔγραψας.
3439 3501 3714 3571 Βούλομαι

2140 3602 2258 3671 μετ’
2279 3601 2503 3654 ἐκείνων
2528 3599 2845 3662 ἀπολέσθαι,
2872 3600 3057 3669 φησὶν,
3100 3599 3133 3670 ἢ
3161 3600 3332 3670 χωρὶς
3355 3601 3577 3652 ἐκείνων
3610 3599 3703 3651 σώ-

2138 3695 2563 3760 ζεσθαι.⁹υντως
2604 3697 2790 3767 μανία,
2813 3696 2983 3759 ὅντως
3004 3695 3144 3764 ἔρως
3180 3697 3372 3767 μέγας.
3408 3695 3473 3747 Τί
3499 3694 3679 3763 λέγεις
3697 3712 3713 3760 ;

2135 3792 2229 3845 τοῦ
2282 3792 2513 3864 ούρανοῦ
2570 3794 2971 3863 καταφρονεῖς;
3005 3792 3149 3857 Ναὶ,
3204 3792 3338 3864 φησί
3372 3791 3551 3861 ’φιλῶ
3608 3792 3717 3862 γάρ

2135 3897 2261 3959 τοὺς
2284 3894 2634 3966 ἠδικηκότας.
2654 3894 3066 3965 Ἐξαλειφθῆναι
3094 3896 3264 3959 αἰτεῖς
3285 3912 3299 3961 ;
3334 3894 3443 3948 Καὶ
3466 3894 3520 3947 τί
3538 3894 3714 3959 πάθω,

2137 3988 2300 4058 φησίν
2324 4005 2339 4053 ;
2364 3987 2502 4058 ἔρως
2529 3986 2640 4057 γάρ
2658 3988 2794 4041 ἐστι.
2820 3986 2886 4039 Τί
2914 3987 2972 4040 δὲ
2999 3986 3069 4040 τά
3099 3986 3241 4056 μετά
3264 3985 3439 4040 ταῦτα
3464 4003 3479 4052 ;
3512 3986 3716 4039 Ἀκου-

2138 4101 2229 4138 σον
2265 4085 2318 4137 τί
2348 4101 2513 4154 φησιν
2543 4083 2771 4154 ἑτέρωθι
2802 4083 3049 4154 ήΓραφή
3068 4100 3084 4115 °
3119 4083 3229 4137 Καὶ
3256 4082 3524 4151 ἐκακώθη
3548 4085 3718 4137 Mam-

2135 4179 2256 4247 σῆς
2298 4179 2372 4232 δι’
2410 4180 2653 4246 αὐτούς.
2693 4179 2932 4243 Ποσάκις
2976 4178 3253 4249 ὓϐρισαν;
3303 4179 3539 4243 ποσάκις
3582 4180 3717 4231 άπε-

2136 4278 2527 4349 χειροτόνησαν
2558 4276 2745 4339 αὑτὸν,
2788 4275 2996 4329 καὶτὸν
3022 4275 3251 4343 ἀδελφόν
3274 4293 3290 4341 ;
3332 4276 3414 4340 είς
3436 4275 3715 4343 Αἴγυπτον

2136 4376 2371 4438 ποσάκις
2426 4373 2824 4443 μεταναστῆναι
2876 4370 3149 4443 ἐζήτησαν
3175 4388 3190 4437 ;
3220 4371 3316 4425 καὶ
3372 4369 3512 4441 μετά
3538 4369 3714 4425 ταῦτα

2137 4471 2322 4524 πάντα
2348 4468 2626 4534 ἐξεκαίετο
2648 4468 2741 4522 καὶ
2773 4469 3063 4538 ἐμεμήνει,
3096 4468 3191 4521 καὶ
3218 4466 3361 4537 ὑπὲρ
3394 4466 3576 4520 αὐτῶν
3606 4466 3715 4519 πά-

2139 4583 2287 4636 σχειν
2322 4566 2539 4635 ἕτοιμος
2559 4560 2647 4635 ἦν,
2685 4562 2840 4618 Οῦτω
2870 4565 2951 4617 δεῖ
2979 4564 3155 4634 φιλεῖν
3180 4565 3307 4627 τοὺς
3340 4563 3585 4634 ἐχθροὺς,
3616 4580 3713 4615 κο-

2138 4661 2409 4731 πτόμενον
2450 4660 2547 4713 καὶ
2581 4658 3099 4731 ταλαιπωρούμενον
3124 4660 3221 4713 καὶ
3254 4659 3433 4712 πάντα
3452 4657 3712 4712 ποιοῦντα

2135 4757 2232 4809 καὶ
2260 4754 2648 4825 χωριζόμενον,
2688 4756 2934 4823 ἐφίεσθαι
2968 4756 3068 4826 τῆς
3111 4755 3388 4825 σωτηρίας
3425 4754 3624 4807 αὐτῶν.
3645 4753 3713 4806 Τί

2134 4850 2193 4903 δέ
2222 4852 2250 4904 6
2278 4850 2511 4916 Παῦλος,
2545 4851 2669 4903 εἰπέ
2712 4868 2826 4921 μοι,
2848 4852 2968 4920 ούχί
2992 4851 3087 4904 καὶ
3112 4848 3338 4919 γέενναν
3367 4850 3569 4921 ᾔτησεν
3592 4851 3712 4903 ἀντ’

2136 4948 2361 5013 αὐτῶνς
2415 4947 2555 5001 Ἀλλ’
2588 4948 2695 5002 ἀπὸ
2754 4946 2848 5000 τοῦ
2902 4948 3174 5000 Δεσπότου
3230 4948 3293 5000 τὸ
3359 4948 3709 5020 παράδειγμα

2136 5047 2435 5113 ἀναγκαῖον
2475 5046 2728 5113 ἀγαγεῖν.
2771 5041 2929 5096 Οὕτω
2970 5044 3078 5115 γάρ
3109 5045 3205 5098 καὶ
3239 5044 3401 5107 αὐτὸς
3427 5048 3592 5109 ποιεῖ,
3620 5044 3709 5097 λέ-

2135 5158 2271 5210 γων,
2300 5142 2381 5194 ὅτι
2404 5140 2515 5194 Τὸν
2551 5140 2730 5207 ἥλιον
2747 5138 2935 5192 αὐτοῦ
2947 5139 3383 5193 ἀνατέλλειέπί
3407 5140 3709 5208 πονηροὺς

2135 5237 2238 5291 καί
2289 5236 2548 5307 ἀγαθούς
2578 5251 2593 5266 θ
2628 5235 2737 5288 ἀπὸ
2771 5233 2867 5287 τοῦ
2891 5234 3106 5305 Πατρὸς
3134 5235 3300 5288 αὐτοῦ
3326 5235 3505 5306 φέρων
3529 5237 3589 5289 τὸ
3606 5253 3709 5290 παι

2140 5336 2429 5407 ράδειγμα,
2475 5334 2639 5403 ἡμεῖς
2680 5331 2737 5385 δέ
2788 5333 2884 5385 ἀπ’
2902 5331 3067 5385 αὐτοῦ
3116 5330 3211 5384 τοῦ
3266 5328 3706 5403 ΧριστοῦῘΗλθε

2136 5431 2276 5504 πρὸς
2296 5431 2515 5493 αὐτοὺς,
2548 5428 2687 5482 κατά
2714 5428 2811 5499 τὴν
2835 5426 3146 5497 οἰκονομίαν
3181 5428 3343 5497 λέγω,
3375 5428 3557 5491 δοῦλος
3588 5430 3707 5497 ἐγέ-

2136 5536 2256 5577 νετο
2287 5524 2353 5575 δι’
2384 5521 2600 5583 αὐτοὺς,
2634 5520 2995 5572 ἐταπείνωσεν
3024 5519 3239 5584 ἐαυτὸν,
3275 5520 3529 5584 ἐκένωσε,
3575 5536 3707 5589 μορ-

2135 5616 2242 5686 φὴν
2283 5614 2471 5667 δούλου
2531 5612 2692 5666 ἔλασε
2725 5626 2738 5639 ⁸
2770 5611 2863 5664 καὶ
2900 5612 3364 5684 παραγενόμενος,
3390 5610 3512 5664 οὔτε
3544 5613 3703 5676 αὐτὸς

2134 5707 2214 5767 εἰς
2277 5702 2394 5756 666v
2444 5701 2615 5755 ἐθνῶν
2661 5703 2958 5772 ἀπήρχετο,
2986 5702 3214 5765 καὶτοῖς
3240 5703 3510 5772 μαθηταῖς
3544 5702 3702 5757 τοῦτο

2134 5794 2395 5849 ἐπέταττε
2434 5810 2446 5822 ·
2472 5793 2567 5845 κιλιί⁸
2608 5793 2668 5845 οὐ
2706 5788 2863 5845 τοῦτο
2905 5792 3085 5858 μόνον,
3128 5793 3263 5845 ἀλλά
3306 5793 3401 5846 καὶ
3467 5795 3701 5866 περιῆγε

2134 5882 2656 5955 θερατιεύωνπᾶσαν
2680 5884 2833 5939 νόσον
2854 5884 2944 5937 καί
2985 5885 3165 5939 πᾶσαν
3196 5884 3487 5954 μαλακίαν.
