2030 3200
173 156 209 185 55
629 150 662 179 ΙΝ
680 150 789 179 EPIST.
810 150 856 178 AD
875 149 998 179 EPﬂES.

173 221 227 241 non
241 212 314 241 enim
327 211 380 239 hoc
393 210 487 239 fecerit
503 209 548 245 qui
563 213 617 236 tam
631 208 712 236 multa
726 212 767 236 est
779 213 918 243 operatus.
933 206 963 235 Si

173 264 273 292 autem.
287 262 316 286 ut
328 258 416 285 discat
435 256 483 284 Dei
498 256 649 287 caritatem,
664 254 747 282 Paulo
760 261 827 289 opus
847 258 889 281 cst
902 260 965 288 pre-

172 306 279 333 catione
298 310 327 333 et
340 304 427 332 fulcro
448 303 574 338 Spiritus,
588 302 649 337 quis
661 300 760 329 Christi
782 300 850 328 sciet
871 307 965 327 essen-

173 352 247 384 tiam,
263 358 379 386 sequens
389 348 548 377 ratiocinia?
561 347 642 383 Atqui
651 346 795 374 difﬁcilene
807 351 849 373 est
860 345 965 373 discere

173 396 244 432 quod
264 396 336 423 Deus
349 402 399 423 nos
413 394 526 430 diligat?
542 394 590 421 Est
604 392 748 420 admodum
758 391 876 424 difﬁcile,
895 398 911 418 ο
924 390 965 418 di-

173 443 253 470 lecte.
279 441 347 469 Nam
370 441 415 468 alii
434 440 544 475 quidem
565 439 646 467 etiam
666 438 718 465 hoc
739 437 875 472 ignorant,
894 436 965 463 unde

171 490 253 517 etiam
265 488 359 515 dicunt
381 485 586 515 innumerabilia
608 484 677 512 mala
699 483 765 511 oriri
781 482 881 510 mundo
896 491 903 510 :
918 482 964 509 alii

172 542 261 562 autem
279 535 403 570 ignorant
414 537 555 569 quantum.
570 531 669 559 Paulus
690 535 779 558 autem
801 537 855 556 non
868 528 966 563 quaerit

172 588 310 617 quantum,
328 588 415 615 neque
435 585 463 606 ut
476 578 630 606 dimetiatur
643 586 649 603 :
664 576 800 613 quomodo
813 576 885 603 enim
901 581 966 610 pos-

173 627 232 655 set?
243 627 290 654 sed
304 626 375 661 quod
394 625 444 652 hoc
455 625 542 659 ipsum
554 624 659 650 discere
671 627 711 650 est
722 629 856 650 summum
866 626 894 648 et
908 628 966 648 ma-

172 682 252 709 gnum
263 682 269 700 :
280 672 378 700 etdicit
390 679 420 699 se
432 679 465 698 ex
477 671 528 697 hoc
537 670 594 704 ipso
610 676 689 704 posse
703 667 855 699 ostendere.
869 673 965 701 nempe

173 728 205 747 ex
220 718 382 754 cognitione,
390 724 441 752 qua
448 724 497 743 nos
504 716 603 750 dignati
611 720 712 741 sumus.
722 711 965 748 Atquidestabun-

172 765 278 792 (lautius
288 771 367 798 quam
377 759 743 790 corroborariYCorroborari
755 759 865 791 virtute,
875 764 966 793 quem-

172 810 315 838 admodum
330 810 409 836 etiam
425 808 561 836 Christum
576 807 648 834 intus
663 805 764 833 habere
782 803 965 832 abundantius

171 863 223 890 est,
245 864 323 891 quam
345 855 503 889 simpliciter
521 861 582 881 eum
596 853 706 885 habere,
722 851 742 879 i.
759 858 785 879 e.
807 849 967 885 simpliciter

172 911 234 930 eum
248 901 379 937 proﬁteri.
391 901 495 935 Magna,
505 900 600 934 inquit,
616 903 679 925 sunt
691 905 752 933 quae
764 901 907 933 petuntur;
918 894 965 923 Sed

173 949 224 976 scit
235 950 314 976 etiam
330 947 419 975 facere
431 954 491 982 qua:
506 946 563 981 ipsa
577 949 715 979 superant,
731 943 800 971 adeo
810 947 840 970 ut
854 950 908 969 non
922 948 968 969 so-

174 995 228 1021 lum
242 993 394 1028 diligamus,
409 992 456 1019 sed
472 992 551 1018 etiam
564 991 654 1018 valde.
669 989 828 1017 Meditemur
842 987 933 1022 igitur,
946 993 966 1014 ο

172 1040 277 1072 dilecti,
301 1045 329 1066 ut
346 1038 392 1066 Dei
404 1038 539 1066 discamus
560 1037 743 1063 dilectionem.
762 1034 819 1062 Hoc
841 1039 965 1068 magnum

174 1091 216 1114 est
231 1095 238 1113 :
254 1086 318 1113 nihil
333 1085 409 1112 nobis
421 1085 459 1111 sic
472 1083 589 1119 prodest,
604 1082 669 1109 nihil
680 1088 729 1109 nos
743 1080 779 1108 ita
791 1078 965 1115 conpungit:

174 1132 226 1159 hoc
242 1131 326 1165 magis
337 1135 380 1158 est
392 1135 484 1164 aptum
499 1134 527 1156 et
540 1130 677 1155 sullicrcns
689 1125 722 1154 ad
738 1131 845 1153 nostras
858 1124 968 1160 capien-

173 1180 222 1205 das
240 1178 355 1208 animas,
369 1184 449 1211 quam
474 1181 559 1202 metus
578 1174 720 1208 gehennam
736 1171 816 1200 Unde
830 1178 894 1198 vero
915 1170 967 1197 hoc

173 1225 310 1253 sciemus?
336 1224 367 1250 Et
389 1230 422 1250 ex
447 1223 478 1249 iis
493 1229 552 1256 qua:
569 1221 639 1247 dicta
662 1223 735 1252 sunt,
761 1222 788 1246 et
802 1225 835 1245 ex
860 1217 892 1244 iis
906 1224 967 1252 quae

173 1271 292 1306 quotidie
305 1270 437 1297 accidunt.
454 1268 538 1301 Quam
552 1267 588 1294 ei)
600 1272 709 1293 causam
724 1264 783 1292 haec
798 1264 868 1292 facta
881 1262 965 1290 sunt!

172 1317 236 1352 quid
250 1318 290 1345 eis
302 1317 351 1351 ipsi
362 1323 429 1350 opus
444 1315 510 1342 fuit?
520 1314 601 1341 Nihil.
617 1313 680 1340 Sive
690 1319 808 1344 sursum,
819 1311 877 1338 sive
887 1310 968 1337 deor-

174 1371 233 1390 sum
243 1368 358 1398 specles,
369 1369 475 1389 causam
486 1367 592 1394 semper
603 1358 676 1394 ponit
684 1358 838 1386 caritatem:
850 1355 966 1383 maxime

173 1417 264 1439 autem
286 1411 332 1438 illa
356 1415 397 1437 est
420 1409 528 1441 caritas,
551 1407 658 1442 quando
680 1405 781 1434 beneﬁt
802 1403 966 1437 hominibus,

173 1467 235 1486 cum
251 1458 317 1485 nihil
332 1457 365 1484 ab
379 1457 420 1484 eis
435 1457 508 1491 pains
530 1456 563 1482 sit
584 1454 733 1489 profectum
749 1451 883 1479 beneficii.
898 1449 969 1477 Eum

173 1512 240 1540 ergo
261 1512 310 1531 nos
329 1511 436 1539 quoque
458 1503 604 1532 imitemur.
624 1499 823 1528 benefaciamus
842 1496 967 1529 inimicis,

174 1551 207 1578 iis
223 1551 268 1586 qui
291 1558 341 1577 nos
355 1549 479 1581 oderunt,
497 1548 529 1574 iis
549 1547 593 1582 qui
609 1554 659 1573 nos
680 1548 850 1575 aversantur,
873 1541 907 1569 ad
921 1548 968 1568 eos

173 1595 351 1623 accedamus:
369 1595 420 1621 hoc
444 1601 493 1620 nos
521 1593 575 1620 Deo
603 1591 690 1618 reddit
713 1589 825 1617 similes.
849 1587 917 1615 Nam
944 1586 968 1614 si

173 1642 301 1674 amicum,
328 1640 422 1675 inquit,
447 1639 553 1674 diligas,
577 1638 640 1672 quid
667 1636 730 1664 inde
757 1633 891 1662 lucraris?
914 1633 967 1660 hoc

175 1688 254 1714 etiam
267 1686 367 1713 faciunt
380 1685 480 1713 ethnici
494 1683 600 1719 (Matth.
658 1682 714 1717 ιδ).
728 1680 781 1708 Sed
794 1679 864 1715 quod
876 1683 917 1706 est
928 1678 968 1705 in-

174 1734 274 1761 dicium
287 1732 426 1759 caritatis?
439 1731 552 1765 Diligere
562 1737 622 1756 eum
634 1727 677 1762 qui
689 1726 787 1754 oderit.
801 1724 869 1752 Volo
879 1723 969 1751 dicere

174 1779 284 1814 aliquod
304 1778 455 1813 exemplum
470 1786 476 1809 ;
494 1776 622 1811 ignoscite
645 1774 722 1808 mihi,
743 1777 796 1800 non
812 1771 920 1799 invenio
941 1771 967 1798 in

174 1825 360 1861 spiritualibus
374 1834 381 1851 :
396 1823 568 1859 quamobrem
592 1822 678 1848 dicam
702 1828 736 1848 ex
757 1818 888 1847 externis.
909 1816 968 1845 Non

175 1872 271 1899 \idetis
286 1870 379 1906 eosqui
387 1867 621 1901 hicamanﬁquam
629 1862 859 1899 multisabiisqua
875 1869 970 1890 aman-

173 1922 220 1944 tur
240 1915 420 1949 contumeliis,
444 1914 558 1946 insidiis,
580 1911 686 1940 damnis
708 1910 763 1938 sint
784 1908 970 1937 aﬁ'ecti:sunt

174 1963 247 1990 afﬁxi
268 1968 370 1994 tamen,
388 1961 536 1995 ardentque
562 1964 590 1986 et
609 1962 733 1990 uruntur,
758 1960 786 1984 et
810 1963 857 1984 eas
883 1954 968 1990 magis

174 2014 266 2036 amant
284 2016 365 2044 quam
386 2015 449 2034 suas
470 2007 585 2036 animas,
602 2007 790 2039 pernoctantes
813 2001 840 2029 in
861 2001 967 2028 illarum

175 2055 334 2083 vestibulis?
353 2054 428 2081 lllinc
444 2051 605 2086 accipiamus
622 2048 785 2083 exemplum,
800 2054 853 2074 non
873 2050 901 2073 ut
923 2053 970 2073 eas

176 2109 308 2134 amemus,
326 2100 492 2131 tneretrices,
515 2099 634 2132 inquam,
658 2095 705 2123 sed
726 2098 756 2122 ut
778 2094 813 2121 ita
826 2093 969 2128 diligamus

177 2145 311 2172 inimicos.
323 2143 390 2171 Nam
404 2143 449 2169 dic
458 2141 533 2173 mihi,
547 2148 599 2167 non
610 2137 831 2166 contumeliosius
839 2136 865 2163 in
879 2143 926 2163 cos
941 2142 971 2163 se

175 2196 274 2226 gerunt
291 2197 372 2225 quam
386 2196 482 2216 omnes
501 2187 623 2214 inimici?
644 2193 697 2213 non
711 2184 842 2219 dissipant
857 2182 971 2210 faculta-

178 2239 240 2265 tes“!
255 2245 308 2265 non
322 2237 350 2264 in
364 2244 395 2264 os
408 2235 585 2263 contumelias
599 2234 734 2267 ingerunt,
751 2235 779 2258 et
790 2230 830 2258 eis
846 2228 971 2257 servilius

177 2284 311 2319 imperant
323 2290 401 2317 quam
412 2282 467 2308 suis
480 2278 626 2307 ministris?
637 2278 691 2305 Sed
704 2281 794 2304 tamen
809 2282 860 2303 non
877 2274 971 2302 absce-

176 2329 254 2356 dunt.
270 2328 349 2363 Atqui
364 2327 451 2354 nullus
465 2326 543 2353 talem
558 2325 638 2351 habet
651 2323 757 2351 hostem
772 2321 879 2357 qualem
894 2327 971 2346 anta-

177 2381 222 2404 tor
243 2380 368 2403 amatam.
389 2373 464 2401 [Ilum
485 2373 557 2400 cnim
573 2371 729 2398 ludiﬁcatur
751 2373 779 2396 et
797 2366 972 2395 dissimulans

179 2422 282 2453 irridet,
301 2425 329 2449 et
351 2429 384 2448 eo
405 2427 477 2454 saepe
494 2419 615 2446 abutitur
638 2416 736 2449 amica,
758 2418 786 2442 et
807 2421 862 2449 quo
887 2412 973 2448 magis

178 2472 295 2500 amatur,
313 2474 346 2494 eo
366 2466 449 2500 magis
463 2464 586 2498 despicit.
605 2461 686 2496 Atqui
707 2461 795 2488 anima
817 2459 857 2486 sic
877 2457 972 2486 aﬁ‘ecta

179 2513 243 2547 quid
260 2517 302 2539 est
327 2511 410 2546 magis
431 2508 596 2537 belluiuum?
620 2508 658 2534 llli
684 2512 774 2534 tamen
797 2508 897 2532 amant.
919 2502 973 2531 Sed

180 2559 294 2586 fortasse
309 2557 388 2585 etiam
402 2564 417 2583 e
430 2555 613 2590 spiritualibus
628 2553 708 2580 talem
723 2550 891 2579 inveniemus
905 2549 975 2577 cari-

181 2610 274 2636 tatetn,
298 2611 350 2630 non
373 2602 453 2629 exiis
474 2600 582 2635 quidem
604 2599 649 2634 qui
671 2605 743 2626 nunc
765 2601 847 2630 sunt;
870 2595 975 2623 refrixit

180 2652 271 2683 enim;
291 2649 339 2678 sed
360 2657 394 2677 ex
415 2648 467 2676 illis
486 2647 551 2675 viris
572 2646 675 2682 magnis
693 2649 721 2674 et
740 2643 908 2672 admirandis
928 2641 974 2677 qui

182 2697 290 2725 fuerunt
305 2696 380 2723 olim.
616 2717 620 2722 .

219 2743 247 2770 4.
264 2742 361 2769 Beatus
370 2740 415 2767 ille
424 2740 510 2767 Moses
519 2739 567 2766 hos
576 2745 682 2773 quoque
688 2736 824 2772 superavit
831 2735 876 2771 qui
884 2742 976 2763 amore

181 2788 254 2824 capti
265 2791 367 2815 amant.
376 2785 533 2822 Quomodo?
543 2785 662 2814 Primum
670 2784 776 2820 quidem
787 2783 880 2811 relicta
891 2782 975 2817 regia,

183 2839 211 2862 et
221 2841 283 2870 qua:
292 2833 346 2861 illic
356 2837 432 2861 erant
442 2831 556 2863 deliciis,
571 2829 718 2865 obsequiis,
732 2829 817 2865 gloria
826 2833 854 2857 et
862 2829 975 2862 honore,

183 2880 349 2909 maluitesse
360 2886 424 2906 cum
438 2877 575 2906 tmolius.
591 2876 671 2911 Atqui
688 2884 742 2905 non
759 2875 810 2904 hoc
825 2874 911 2904 solum
922 2881 977 2903 non

344 2924 480 2956 ΡΑτιοι.
502 2923 562 2955 Gn.
584 2922 681 2954 LXII.

1017 149 1095 179 CAP.
1114 148 1167 180 Ill.
1188 150 1304 180 HOIllL.
1326 151 1382 180 Vll.
1774 154 1809 183 ει

1019 207 1126 236 fecisset
1145 209 1276 245 quispiam
1292 209 1375 244 alius,
1390 208 1437 238 sed
1447 209 1528 237 etiam
1537 209 1691 238 erubuisset
1701 210 1755 238 alio
1763 218 1807 238 at-

1015 259 1123 289 guente,
1130 255 1202 290 quod
1210 255 1442 291 apparuisseteum
1449 263 1511 283 esse
1520 261 1662 291 cognatum
1670 263 1723 283 non
1731 257 1812 284 modo

1016 307 1167 335 servorum,
1185 301 1233 329 sed
1246 309 1339 329 eorum
1351 302 1396 337 qui
1409 301 1491 329 etiam
1509 301 1734 329 existimabantur
1749 310 1810 330 esse

1016 346 1133 374 scelesti.
1148 347 1214 374 Eum
1227 354 1292 375 vero
1302 354 1354 375 non
1366 348 1453 375 solum
1464 355 1518 375 non
1528 347 1622 383 puduit
1631 348 1810 384 cognationis.

1016 393 1064 420 sed
1075 393 1155 421 etiam
1167 398 1224 421 toto
1234 395 1326 422 animo
1336 401 1384 422 eos
1394 395 1467 422 ultus
1478 399 1530 428 est,
1547 399 1574 422 et
1583 402 1614 422 se
1626 403 1675 430 pro
1685 395 1738 423 illis
1745 403 1812 423 con-

1017 437 1080 472 iecit
1088 438 1114 466 in
1126 439 1252 474 pericula.
1271 439 1433 474 Quomodo?
1443 440 1553 475 Videns,
1562 441 1657 476 inquit,
1668 441 1810 476 qucmdatu

1017 483 1158 512 facientem
1172 484 1307 520 injuriam,
1318 485 1390 513 ultus
1398 490 1439 514 est
1446 493 1508 514 eum
1522 486 1565 514 cui
1577 486 1658 514 ﬁebat
1668 487 1774 521 injuria,
1784 491 1812 513 et

1016 530 1115 558 occidit
1125 538 1187 559 eum
1199 531 1245 566 qui
1260 531 1403 560 inferebat.
1416 531 1470 560 Sed
1483 532 1603 560 nondum
1616 538 1679 561 sunt
1691 532 1749 560 bzec
1763 540 1811 567 pro

1017 577 1133 605 inimicis
1145 586 1151 605 :
1166 585 1260 612 magna
1270 578 1378 613 quidem
1389 585 1432 613 ea,
1442 578 1490 606 sed
1500 586 1555 608 non
1563 583 1616 606 tam
1626 586 1722 614 magna
1729 587 1810 614 quam

1016 631 1077 659 qua:
1092 627 1182 658 postea
1198 623 1271 652 fecit.
1288 624 1417 660 Sequenti
1432 632 1496 660 ergo
1508 624 1553 653 die
1565 625 1631 652 vidit
1646 625 1717 652 idern
1732 624 1788 652 ﬁeri
1800 645 1810 658 ,

1016 674 1043 697 et
1057 669 1130 697 illum
1145 669 1239 698 videns
1252 669 1376 705 iniuriam
1390 670 1530 698 facientem
1542 690 1550 704 ,
1565 678 1645 706 quem
1661 671 1732 698 ultus
1749 671 1810 699 fue-

1016 715 1115 750 ηψπ),
1127 714 1266 743 admonuit
1279 720 1306 743 ut
1319 721 1440 744 cessaret
1449 716 1573 752 iniuriam
1587 716 1675 744 facere
1688 726 1695 743 :
1710 717 1754 744 ille
1764 724 1811 744 au-

1016 765 1071 788 tem
1082 761 1227 789 inhumano
1238 761 1317 797 plane
1325 766 1355 790 et
1364 762 1468 798 ingrato
1480 762 1580 795 animo,
1592 762 1656 795 Qui:
1669 767 1702 795 te,
1714 763 1809 797 inquit,

1015 807 1147 834 constituit
1157 807 1296 842 principem
1306 812 1330 834 et
1336 807 1450 842 judicent
1458 816 1536 842 super
1545 816 1591 835 nos
1603 807 1699 843 (Exod.
1710 807 1737 834 2.
1749 808 1811 843 ﬂ)!

1016 852 1101 886 Quem
1113 859 1165 879 non
1177 852 1358 880 incendissent
1369 853 1427 881 haec
1436 853 1534 880 verba?
1544 852 1572 881 Si
1580 860 1646 888 ergo
1654 853 1726 888 quod
1738 853 1812 889 prius

1016 900 1116 927 factum
1130 904 1183 934 est,
1196 899 1297 928 factum
1311 904 1384 928 esset
1394 900 1482 935 aliqua
1495 900 1576 927 animi
1591 899 1773 935 indignatione
1783 904 1812 927 et

1017 946 1184 980 olfensione,
1202 946 1273 974 hunc
1294 954 1402 982 quoque
1423 946 1601 982 percussisset
1619 951 1649 974 et
1666 946 1702 974 de
1722 946 1812 974 medio

1016 993 1171 1021 Sustulisset
1185 1002 1191 1020 :
1206 1000 1260 1020 non
1274 993 1346 1021 enim
1362 993 1417 1026 ille,
1430 997 1540 1028 propter
1550 1000 1629 1028 quem
1644 992 1743 1021 factum
1754 992 1813 1020 fue-

1017 1043 1068 1071 rat.
1084 1046 1146 1067 eum
1160 1038 1311 1067 detulisset.
1323 1038 1379 1067 Sed
1392 1039 1518 1074 quoniam
1533 1038 1639 1073 cognati
1652 1043 1739 1072 erant,
1754 1038 1813 1067 bac

1016 1084 1091 1112 dicit.
1103 1084 1215 1119 Quando
1226 1085 1252 1112 ei
1263 1084 1345 1112 ﬁebat
1355 1084 1462 1119 injuria,
1474 1083 1540 1112 nihil
1553 1084 1608 1112 tale
1619 1089 1663 1112 est
1675 1084 1811 1119 loquutus.

1017 1132 1083 1166 Quis
1097 1136 1123 1159 te
1135 1131 1274 1159 constituit
1286 1131 1435 1166 principem
1455 1136 1483 1159 et
1500 1130 1618 1165 iudicem
1638 1138 1721 1166 super
1743 1129 1812 1157 nos?

1017 1178 1071 1206 Cur
1084 1177 1137 1205 hoc
1150 1182 1178 1205 et
1193 1177 1250 1204 beri
1272 1184 1327 1204 non
1347 1175 1459 1204 dixisti?
1472 1176 1572 1210 lnjuria
1587 1180 1632 1203 tua
1642 1196 1651 1209 ,
1668 1175 1753 1210 inquit
1761 1180 1813 1210 ,οι

1016 1225 1174 1258 crudelitas,
1188 1224 1246 1259 ipsa
1262 1231 1305 1251 me
1318 1223 1458 1250 constituit
1479 1222 1628 1257 principem
1641 1226 1670 1249 et
1681 1221 1812 1256 iudicem.

1018 1270 1071 1299 Sed
1085 1278 1156 1298 nunc
1169 1270 1283 1298 observa
1296 1269 1367 1304 quod
1382 1269 1438 1296 Deo
1452 1276 1559 1304 quoque
1573 1269 1630 1296 haec
1644 1268 1737 1295 dicunt
1751 1268 1812 1303 qni-

1017 1316 1091 1350 dam,
1104 1316 1170 1344 utin
1183 1323 1230 1344 eos
1243 1323 1258 1343 a
1271 1315 1370 1351 quibus
1382 1315 1477 1350 injuria
1490 1314 1645 1342 afliciuntur
1655 1314 1739 1341 velint
1750 1322 1811 1341 eum

1018 1371 1079 1392 esse
1091 1363 1287 1396 vehementem,
1302 1367 1330 1390 et
1349 1361 1408 1398 eius
1420 1365 1547 1389 accusent
1569 1361 1706 1389 lenitatem
1721 1365 1748 1388 et
1763 1368 1812 1395 pa-

1018 1409 1139 1437 tientiam
1153 1418 1160 1435 :
1173 1408 1280 1443 quando
1289 1411 1380 1435 autem
1390 1407 1486 1442 injuria
1496 1407 1625 1438 afﬁciunt,
1637 1414 1690 1433 non
1704 1405 1808 1433 itidem.

1018 1455 1087 1489 Quid
1102 1455 1145 1483 bis
1158 1455 1245 1483 verbis
1258 1454 1397 1483 amarius?
1411 1453 1464 1481 Sed
1480 1458 1567 1480 tamen
1579 1473 1587 1485 ,
1604 1460 1666 1480 cum
1681 1457 1742 1488 post
1755 1451 1813 1478 h:rc

1018 1501 1134 1529 mittitur
1147 1501 1180 1528 ad
1196 1501 1314 1536 ingratos
1326 1504 1355 1528 et
1369 1499 1491 1527 beneﬁcii
1507 1498 1690 1531 immemores,
1701 1497 1772 1525 venit
1786 1502 1814 1525 et

1019 1554 1072 1574 non
1086 1546 1229 1574 reensavit.
1243 1545 1296 1573 Sed
1309 1551 1337 1573 et
1350 1549 1412 1581 post
1425 1544 1468 1572 illa
1482 1545 1559 1580 signa
1572 1549 1600 1571 et
1613 1548 1673 1579 post
1684 1543 1813 1571 miracula

1018 1599 1078 1627 quae
1090 1599 1138 1627 per
1150 1591 1236 1626 ipsum
1250 1590 1319 1618 facta
1334 1594 1396 1617 sunt
1406 1610 1414 1623 ,
1429 1597 1502 1624 stepe
1516 1596 1578 1616 eum
1590 1594 1655 1617 sunt
1666 1589 1756 1616 conati
1772 1588 1813 1616 la-

1019 1638 1124 1673 pidibus
1136 1638 1267 1669 obruere,
1282 1640 1310 1664 et
1329 1635 1415 1663 evasit
1427 1642 1445 1663 e
1458 1635 1581 1662 manibus
1595 1641 1689 1662 eorum
1704 1642 1711 1661 :
1727 1638 1755 1662 ct
1767 1641 1811 1661 as-

1019 1684 1096 1711 sidue
1108 1682 1310 1710 tnurmurabant
1323 1690 1332 1714 ;
1354 1680 1403 1708 sed
1417 1685 1506 1708 tamen
1521 1680 1582 1707 illos
1595 1687 1628 1707 eo
1642 1686 1735 1706 amore
1748 1686 1813 1713 pro-

1019 1729 1190 1766 sequebatur,
1202 1734 1230 1756 ut
1241 1729 1296 1756 Deo
1308 1728 1415 1761 dixerit,
1428 1735 1490 1755 cum
1502 1734 1584 1761 grave
1599 1726 1663 1753 illud
1676 1730 1813 1761 peccatum

1018 1776 1209 1804 admisissent:
1225 1775 1257 1803 Si
1277 1777 1412 1809 peccatum
1430 1774 1531 1807 quidem
1549 1772 1676 1804 dimittas,
1690 1772 1789 1798 dimitte
1802 1780 1813 1798 .-

1019 1823 1059 1850 u'n
1071 1822 1164 1854 minus,
1174 1830 1214 1848 me
1222 1829 1320 1857 quoque
1331 1820 1387 1847 dele
1397 1828 1411 1847 ι
1421 1819 1485 1846 libro
1497 1827 1570 1854 quem
1579 1818 1703 1853 scripsisti
1712 1817 1811 1855 (Exod.

1019 1869 1066 1897 32.
1084 1869 1129 1897 3i.
1153 1868 1211 1905 52).
1226 1868 1312 1900 Malo,
1327 1867 1430 1902 inquit,
1444 1874 1506 1894 cum
1530 1866 1583 1894 illis
1603 1866 1710 1901 perire,
1733 1873 1813 1901 quam

1020 1914 1122 1949 absque
1137 1914 1189 1941 illis
1202 1920 1263 1941 esse
1276 1912 1377 1939 salvus.
1399 1912 1439 1940 Re
1459 1919 1523 1939 vera
1543 1916 1587 1939 est
1600 1910 1675 1938 furor
1685 1932 1693 1942 .
1707 1918 1737 1938 re
1751 1919 1813 1938 vera

1019 1967 1062 1990 est
1071 1968 1182 1997 magnus
1191 1968 1276 1987 amor.
1289 1959 1357 1993 Quid
1369 1959 1456 1987 dicis?
1466 1959 1560 1986 calum
1572 1958 1705 1993 despicis?
1715 1957 1813 1989 Etiam,

1021 2008 1123 2044 inquit;
1139 2015 1186 2035 eos
1198 2007 1271 2035 enim
1285 2014 1347 2034 amo
1359 2006 1406 2041 qui
1422 2006 1541 2033 fecerunt
1561 2004 1697 2039 iniuriam.
1723 2004 1813 2031 Deleri

1020 2055 1108 2091 petis?
1118 2054 1186 2088 Quid
1198 2053 1304 2086 faciam,
1318 2052 1422 2088 inquit?
1433 2057 1475 2080 est
1487 2053 1558 2079 enim
1570 2059 1656 2078 amor.
1668 2050 1736 2084 Quid
1750 2058 1815 2077 vero

1021 2109 1080 2136 quae
1095 2106 1188 2136 postea
1210 2103 1273 2127 sunt
1289 2098 1476 2133 consequuta?
1490 2097 1559 2125 Audi
1572 2096 1636 2132 quid
1657 2096 1721 2123 alibi
1742 2096 1815 2123 dicat

1021 2148 1159 2183 Scriptura
1175 2156 1182 2174 :
1200 2146 1231 2174 Et
1245 2146 1318 2173 malis
1331 2144 1438 2179 electus
1451 2144 1499 2179 fuit
1513 2143 1597 2171 Moses
1618 2147 1722 2178 propter
1742 2143 1814 2177 ipsos

1022 2194 1108 2231 (Ρωι.
1121 2194 1183 2222 105.
1194 2193 1253 2228 32).
1264 2192 1376 2226 Quoties
1389 2199 1449 2219 enm
1463 2189 1635 2219 contumeliis
1647 2188 1815 2216 affecerunt?

1022 2241 1127 2276 quoties
1147 2239 1327 2267 destituerunt
1348 2237 1424 2264 illum
1438 2240 1466 2263 et
1480 2235 1609 2262 fratrem?
1621 2234 1727 2269 quoties
1739 2241 1815 2269 qua:-

1022 2287 1125 2314 sierunt
1139 2284 1228 2313 redire
1250 2283 1276 2310 in
1299 2283 1445 2318 Egyptum
1454 2282 1465 2309 ?
1475 2286 1504 2309 et
1516 2285 1578 2316 post
1592 2280 1650 2308 hate
1662 2279 1751 2307 omnia
1764 2287 1814 2306 ex-

1022 2331 1201 2361 candescebat
1213 2335 1242 2357 et
1257 2329 1375 2361 furebat,
1390 2333 1418 2356 et
1432 2336 1482 2363 pro
1496 2327 1560 2362 ipsis
1580 2327 1684 2362 perpeti
1697 2331 1755 2354 erat
1767 2334 1815 2363 pa-

1023 2383 1119 2407 ratus:
1136 2377 1176 2404 sic
1196 2380 1303 2411 oportet
1323 2374 1435 2410 diligere
1460 2374 1600 2406 inimicos:
1622 2373 1769 2400 laceratum
1788 2377 1817 2400 et.

1023 2425 1152 2453 afflictum
1165 2431 1196 2451 ac
1210 2422 1273 2450 nihil
1284 2429 1338 2450 non
1349 2422 1488 2449 facientem
1503 2424 1531 2448 et
1543 2424 1707 2454 separatum,
1720 2419 1814 2446 horum

1024 2469 1179 2499 desiderare
1189 2468 1315 2497 salutem.
1328 2466 1397 2501 Quid
1407 2473 1482 2498 vero,
1491 2464 1535 2492 dic
1545 2464 1620 2497 mihi,
1630 2464 1730 2492 Paulus
1740 2464 1751 2490 ?
1761 2471 1815 2491 non

1025 2516 1105 2545 etiam
1120 2522 1169 2550 pro
1177 2514 1243 2550 ipsis
1256 2513 1331 2549 petiit
1340 2511 1511 2548 gehennam?
1524 2511 1620 2539 Sedab
1632 2510 1690 2545 ipso
1705 2509 1817 2537 Domino

1025 2569 1137 2591 necesse
1157 2565 1199 2589 est
1219 2559 1354 2587 adducere
1367 2558 1540 2593 exemplum:
1556 2564 1618 2585 nam
1639 2557 1697 2592 ipse
1710 2563 1819 2591 quoque

1026 2609 1067 2638 sic
1081 2608 1163 2640 facit,
1179 2607 1271 2634 dicens
1286 2614 1293 2632 :
1311 2605 1399 2633 Solem
1410 2612 1486 2631 suum
1500 2603 1560 2631 oriri
1576 2602 1637 2638 facit
1651 2609 1727 2636 super
1740 2601 1820 2627 bonos

1027 2661 1051 2684 et
1065 2655 1146 2683 malos
1158 2654 1169 2689 (
1179 2653 1272 2680 Matth.
1288 2652 1315 2680 5.
1328 2652 1393 2686 4.5),
1406 2658 1423 2678 a
1436 2651 1515 2678 Patre
1525 2656 1574 2677 suo
1586 2648 1740 2682 exemplum
1753 2646 1820 2674 affe-

1027 2711 1090 2732 rens
1102 2710 1110 2736 ;
1126 2709 1175 2729 nos
1187 2704 1275 2728 autem
1287 2699 1321 2726 ab
1335 2698 1393 2734 ipso
1404 2698 1521 2740 Christo.
1544 2690 1625 2724 Venit
1635 2694 1668 2722 ad
1682 2694 1774 2731 ipsos,
1787 2701 1822 2721 ex

1059 2782 1098 2814 (a)
1112 2785 1163 2807 Non
1174 2780 1233 2806 dicit
1243 2779 1367 2814 Scriptura
1373 2778 1512 2814 _llebraeptn
1522 2775 1598 2814 illum

1028 2804 1167 2845 εθῖὂςὲέιῖι
1178 2804 1232 2845 cum
1248 2804 1396 2845 improperLo
1407 2807 1510 2845 repulit:
1515 2806 1629 2845 eumdem
1635 2804 1820 2845 'ipsumnfluisse,

1029 2837 1337 2877 quem'IEgyptiusinjuria
1356 2837 1546 2877 adeptam.wa
1563 2839 1710 2864 concionans
1723 2837 1822 2868 Chryso-

1031 2870 1124 2903 s'wtnus
1134 2870 1263 2907 aliquando
1274 2870 1391 2898 inemori:
1404 2870 1502 2895 labitur.
