4060 6400
466 306 533 361 SS
1163 296 1220 351 S.
1260 291 1535 349 JOANNIS
1559 284 2031 345 CllRYSOSTOMl
2061 283 2380 339 ARCHIEP.
2410 282 2938 340 CONSTANTINOP.
3654 288 3729 341 sit

465 414 863 486 dispensatione
882 452 899 477 ,
927 412 1170 480 inquam’,
1204 418 1423 478 pr0pler
1453 407 1597 473 ipsos
1623 405 1792 458 luctus
1821 410 1903 456 est
1928 416 2044 454 ser-

464 525 581 577 vus,
612 508 848 578 seipsum
895 503 1234 567 humiliavit,
1267 502 1578 563 evacuavit,
1627 498 1854 552 formam
1901 493 2044 549 servi

463 602 669 672 accepit
699 619 713 657 :
743 608 940 655 etcum
967 598 1290 658 advenisset,
1324 609 1499 663 neque
1522 595 1643 662 ipse
1665 591 1797 646 abiit
1823 591 1874 644 in
1903 590 2043 643 viam

463 697 722 765 gentium,
746 700 802 745 et
827 692 926 745 hoc
954 689 1234 757 imperavit
1253 686 1527 755 discipulis
1555 703 1567 737 :
1597 699 1694 738 nec
1720 682 1820 736 hoc
1845 681 2041 745 solmu,

464 786 558 842 sed
589 795 643 841 ct
670 784 919 839 circuivit
962 794 1176 836 omnem
1220 779 1463 834 morbum
1496 790 1692 831 curans
1738 783 1793 829 et
1832 788 2044 827 omnem

467 876 855 944 aegritudinem.

537 966 780 1019 Inimicos
809 962 1061 1033 quomodo
1090 960 1300 1031 diligere
1337 966 1582 1028 Oporteat.
1612 987 1681 996 —
1705 954 1843 1023 Quid
1872 955 2043 1024 ergo?

466 1060 566 1114 Alii
590 1071 775 1111 mones
801 1057 1087 1125 stupebant
1120 1064 1172 1108 ct
1200 1051 1623 1113 admirabantur,
1657 1060 1711 1103 ct
1749 1048 1997 1103 dicebant
2028 1065 2040 1100 :

471 1148 736 1204 Undenam
763 1148 807 1201 ei
828 1148 935 1201 haec
964 1148 1090 1213 ﬁunt
1122 1144 1338 1213 (Matth.
1370 1144 1457 1198 15.
1490 1142 1618 1209 56)?
1648 1142 1679 1194 ii
1706 1150 1881 1195 autem
1909 1156 2043 1206 quos

464 1241 729 1296 alliciebat
756 1238 1050 1302 beneﬁciis,
1070 1235 1337 1299 dicebant,
1365 1233 1679 1289 Dtcmonium
1697 1233 1841 1286 habet
1862 1230 2041 1303 (Joan.

464 1335 552 1390 10.
580 1334 693 1405 20),
726 1334 1125 1401 etblaspltemat
1152 1343 1205 1385 et
1237 1330 1433 1383 insanit
1460 1338 1514 1383 et
1544 1340 1625 1381 est
1650 1328 1838 1396 planus
1866 1334 1919 1381 et
1950 1326 2045 1379 de-

463 1437 650 1495 ceptor
678 1425 888 1497 (Matth.
912 1425 966 1479 9.
997 1425 1049 1478 3.
1078 1432 1123 1476 et
1152 1422 1241 1476 27.
1262 1420 1375 1491 63).
1407 1419 1667 1489 Numquid
1690 1434 1819 1487 ergo
1846 1432 1939 1473 eos
1960 1433 2045 1472 reo

446 1522 630 1590 pulit?
659 1520 1025 1589 Nequaquam,
1069 1516 1166 1572 sed
1213 1530 1308 1570 eos
1346 1513 1639 1583 majoribus
1668 1512 1845 1566 affecit
1875 1510 2041 1564 bene-

463 1612 598 1667 ﬁciis
630 1611 745 1665 brec
772 1609 1014 1671 audiens,
1045 1617 1100 1661 et
1120 1607 1249 1661 abiit
1278 1605 1345 1660 ad
1371 1620 1464 1660 eos
1483 1605 1569 1674 qui
1603 1604 1959 1672 ipsum'eraut
1988 1602 2042 1655 in

460 1718 675 1759 erucem
705 1700 909 1765 acturi,
942 1709 999 1753 ut
1029 1714 1123 1753 eos
1152 1698 1330 1752 salvos
1384 1696 1601 1752 faceret.
1639 1694 1705 1747 Et
1761 1702 2038 1762 postquam

461 1798 557 1851 fuit
592 1794 902 1857 Crucilixus,
950 1792 1076 1861 quid
1119 1790 1293 1845 dicit?
1344 1788 1729 1853 Pater,tlimitte
1755 1787 1897 1848 illis;
1941 1801 2041 1837 non

461 1889 592 1941 enim
618 1887 783 1941 sciunt
809 1886 930 1954 quid
948 1884 1139 1953 fecittot
1170 1882 1317 1951 (Luc.
1342 1881 1432 1935 ‘25.
1461 1882 1572 1949 54).
1618 1880 1683 1933 Et
1709 1890 1863 1932 antea
1904 1881 2004 1931 mal
2029 1898 2040 1930 ε

459 1994 670 2048 passus.
702 1988 756 2032 et
778 1986 960 2046 postea
1017 1976 1155 2028 male
1185 1988 1394 2042 passus,
1431 1972 1495 2025 ad
1535 1980 1839 2025 extremum
1872 1986 2038 2039 usqu.)

458 2070 703 2138 spiritum
748 2083 844 2138 pro
873 2067 1000 2135 ipsis
1048 2066 1224 2117 omnia
1243 2065 1479 2133 agebat,
1510 2079 1610 2131 pro
1655 2063 1786 2131 ipsis
1827 2065 2036 2117 oruhat.

458 2163 521 2219 Et
551 2172 667 2231 post
699 2175 911 2215 crucem
944 2156 1070 2227 quid
1106 2173 1209 2212 non
1244 2171 1340 2227 pro
1371 2158 1451 2212 eis
1477 2156 1641 2212 fecit?
1667 2171 1844 2211 nonne
1895 2157 2039 2211 misit

537 2318 778 2328 __.__.._~

2152 398 2468 467 apostolos?
2509 412 2614 451 non
2656 398 2803 467 signa
2837 396 2998 453 fecit?
3028 412 3132 451 non
3175 398 3385 466 quidvis
3410 401 3614 453 movit?
3642 412 3728 456 Su:

2150 497 2361 559 oportet
2388 488 2611 558 diligere
2651 488 2917 554 inimicos,
2951 489 3030 543 sic
3075 488 3271 543 imitari
3294 489 3587 544 Christum.
3622 486 3728 546 Sic

2147 580 2273 633 fecit
2302 580 2533 634 Paulus:
2564 579 2829 649 lapidibus
2857 580 3144 648 appetitus,
3199 595 3387 649 passus
3420 581 3729 638 innumera-
3766 610 3771 637 ;

2150 673 2294 735 bilia,
2324 688 2426 744 pro
2450 672 2578 742 ipsis
2609 673 2796 743 agebat
2845 673 3043 726 omnia.
3078 672 3214 727 Audi
3257 688 3375 727 eum
3408 673 3675 728 dicentem
3710 692 3724 727 :

2150 764 2401 819 Voluntas
2420 765 2588 819 cordis
2608 765 2706 818 mei
2732 774 2777 817 et
2799 763 3074 817 obsecratio
3095 764 3150 832 fit
3169 782 3259 833 pro
3277 764 3379 819 illis
3390 766 3457 818 ad
3479 766 3724 830 salutem,-

2147 866 2200 909 et
2221 870 2454 921 rursum,
2491 856 2851 910 Testimonium
2874 858 3005 909 enim
3024 857 3126 910 illis
3149 857 3401 925 perhibeo,
3424 858 3555 927 quod
3577 871 3733 909 temu-

2150 948 2387 1002 lationem
2416 947 2511 1001 Dei
2536 948 2714 1001 habent
2742 949 2915 1017 (Rom.
2944 948 3030 1002 10.
3058 949 3110 1003 1.
3142 960 3189 1002 et
3209 949 3263 1017 2)
3287 965 3301 1011 ;
3324 959 3379 1003 et
3408 950 3595 1004 iterum
3626 968 3639 1003 :
3667 951 3722 1005 Si

2151 1052 2203 1096 tu
2231 1058 2295 1096 ex
2327 1043 2551 1097 naturali
2578 1043 2792 1097 excisus
2817 1044 3051 1097 oleastro
3086 1042 3317 1097 insertos
3339 1057 3398 1097 es
3424 1041 3602 1111 (Rom.
3632 1044 3722 1096 Η.

2150 1136 2260 1201 l7),
2289 1145 2488 1203 quanto
2520 1134 2687 1202 magis
2741 1135 2827 1188 isti
2880 1135 3184 1188 inserentnr
3236 1150 3345 1190 sua:
3398 1130 3599 1189 olivae?
3645 1135 3722 1191 Ex

2146 1237 2345 1294 quanto
2375 1244 2560 1281 amore
2593 1228 2707 1282 haec
2738 1229 2898 1282 verba
2944 1227 3047 1282 dici
3078 1229 3377 1291 existimas,
3430 1244 3493 1282 ex
3526 1239 3723 1298 quanta

2149 1319 2519 1374 benevolentia
2542 1320 2565 1372 ?
2590 1319 2705 1373 Non
2738 1328 2914 1388 potest
2942 1319 3068 1386 dici,
3094 1335 3197 1373 non
3233 1330 3427 1389 potest.
3451 1320 3539 1375 Sic
3564 1335 3725 1389 opor—

2149 1425 2223 1469 tet
2249 1414 2491 1467 inimicos
2520 1413 2745 1481 diligere
2775 1431 2787 1465 :
2819 1412 2921 1467 hoc
2949 1422 3033 1467 est
3064 1414 3228 1466 Deum
3252 1413 3471 1481 diligere
3497 1416 3585 1481 qui
3610 1412 3725 1480 jus-

2146 1509 2234 1571 sit,
2254 1508 2343 1577 qui
2374 1508 2541 1577 legem
2564 1507 2744 1570 dedit;
2777 1507 2927 1560 illum
2959 1506 3154 1560 imitari
3183 1514 3265 1560 est
3291 1505 3515 1575 diligere
3543 1505 3724 1559 inimi-

2146 1617 2287 1655 cum.
2315 1601 2496 1669 Cogita
2524 1600 2666 1668 quod
2696 1616 2801 1655 non
2834 1600 3049 1655 inimice
3083 1598 3383 1663 benefacis,
3436 1597 3532 1653 sed
3582 1598 3675 1652 tibi
3707 1617 3721 1653 :

2147 1711 2251 1748 non
2296 1694 2444 1747 illum
2479 1693 2674 1760 diligis.
2734 1692 2827 1747 sed
2861 1693 2969 1746 Deo
3015 1692 3220 1747 obedis.
3256 1691 3380 1745 Hrec
3426 1706 3555 1760 ergo
3601 1705 3721 1743 cum

2147 1788 2377 1840 sciamus
2397 1825 2412 1841 .
2443 1784 2824 1838 conﬁrmamus
2855 1784 2993 1837 inter
3026 1799 3123 1837 nos
3150 1783 3461 1848 amicitiam,
3505 1791 3564 1836 ut
3602 1796 3725 1836 eum

2149 1891 2246 1931 nos
2273 1877 2324 1931 in
2356 1891 2417 1931 ea
2449 1888 2636 1930 exacte
2664 1876 3012 1945 gesserimus,
3049 1890 3406 1943 assequamur
3438 1874 3574 1928 bona
3612 1889 3727 1943 pro-

2147 1971 2307 2025 missa
2336 1970 2385 2023 in
2414 1969 2629 2024 Christo
2646 1970 2771 2024 Jesu
2807 1969 3034 2024 Domino
3062 1979 3268 2032 nostro,
3294 1983 3414 2023 cum
3445 1982 3554 2038 quo
3580 1968 3722 2022 Patri

2146 2066 2303 2119 simul
2326 2080 2445 2118 eum
2471 2076 2657 2117 saneto
2680 2064 2879 2132 Spiritu
2903 2063 3358 2132 gloria,potentia,
3376 2062 3567 2126 honor,
3588 2075 3728 2114 tuine

2152 2166 2205 2209 et
2229 2172 2462 2226 semper,
2491 2165 2546 2210 et
2576 2156 2627 2209 in
2657 2156 2849 2208 smeula
2879 2156 3217 2208 surculorum.
3252 2155 3436 2206 Amen.

1770 2386 2130 2449 'HOMILIA
2171 2389 2339 2449 vm.
2402 2362 2411 2373 ’

455 2534 584 2586 (lar.
613 2534 666 2586 4.
700 2549 750 2585 ν.
782 2533 832 2586 l.
870 2531 1087 2585 Obsecro
1141 2532 1310 2600 itaque
1352 2547 1437 2583 vos
1482 2547 1572 2597 ego
1600 2530 1793 2582 vinetus
1841 2529 1891 2581 in
1934 2528 2037 2581 Do-

526 2627 682 2684 mino,
730 2635 783 2676 ut
812 2626 961 2694 digne
988 2624 1251 2677 ambuletis
1285 2625 1547 2675 vocatione
1575 2641 1672 2687 qm:
1709 2624 1865 2674 ruenti
1898 2627 2034 2686 estis,

527 2735 639 2771 cum
666 2719 800 2769 omni
834 2716 1116 2769 humilitate
1135 2727 1180 2767 et
1213 2716 1612 2768 mansuetudine.

533 2813 583 2865 I.
627 2811 912 2864 Doctorum
945 2816 1027 2863 est
1056 2807 1258 2871 virtus,
1307 2823 1411 2860 non
1450 2806 1740 2867 honorem,
1776 2821 1879 2859 non
1925 2806 2039 2873 glo-

457 2906 592 2960 riam
622 2918 866 2973 quzcrere
902 2901 1063 2955 abiis
1092 2899 1285 2970 quibus
1330 2900 1618 2969 imperant,
1651 2899 1743 2953 sed
1794 2899 2035 2968 ipsorum

461 2998 712 3062 salutem,
743 3006 797 3049 et
836 3011 934 3065 pro
982 3011 1043 3049 ea
1071 3011 1129 3049 re
1174 2995 1350 3049 omnia
1382 2993 1592 3049 facere.
1632 2993 1762 3048 Nam
1792 2994 1881 3063 qui
1910 2993 2039 3047 illud

457 3089 666 3157 quaerit,
700 3103 804 3141 non
846 3086 1005 3141 fuerit
1044 3087 1232 3139 doctor
1253 3128 1268 3150 ,
1314 3084 1408 3140 sed
1436 3094 1723 3156 tyrannus.
1751 3083 1866 3138 Non
1894 3085 2039 3138 enim

459 3179 599 3233 Deus
629 3187 909 3248 propterea
932 3186 985 3233 te
1012 3177 1077 3231 iis
1100 3176 1357 3246 prml'ecit,
1387 3186 1444 3232 ut
1468 3185 1525 3230 tu
1551 3175 1720 3245 magis
1738 3175 1948 3229 celaris
1988 3181 2043 3229 et

458 3271 783 3334 ohserveris,
814 3270 909 3325 sed
932 3278 988 3324 ut
1018 3279 1105 3323 tua
1132 3268 1349 3338 quidem
1379 3268 1737 3339 negligantur,
1765 3260 1883 3338 qum
1904 3281 2041 3321 vero

461 3374 587 3417 sunt
622 3364 834 3418 illorum
883 3364 1061 3417 omnia
1111 3361 1459 3417 aedificentur.
1512 3362 1624 3417 Hoc
1653 3360 1889 3415 doctoris
1909 3369 2039 3415 est:

460 3457 582 3510 talis
611 3466 727 3509 erat
749 3456 937 3509 beatus
965 3454 1187 3520 Paulus,
1216 3454 1353 3509 liber
1379 3455 1619 3509 abomni
1647 3454 1817 3519 fastu;
1848 3455 1917 3508 ila
1946 3470 2043 3506 au-

460 3557 569 3605 tem
611 3558 725 3604 erat
764 3548 986 3602 allectus
1009 3556 1068 3602 ut
1106 3555 1250 3603 esset
1277 3546 1493 3617 quidem
1528 3562 1666 3603 unus
1694 3562 1787 3602 exi
1816 3547 1998 3601 multis
2024 3588 2041 3612 ,

462 3639 569 3693 imo
597 3640 757 3693 etiam
798 3638 1013 3693 illorum
1060 3639 1334 3693 minimus.
1379 3638 1672 3707 Propterea
1698 3646 1758 3693 et
1795 3652 1856 3693 se
1886 3646 2045 3691 vocat

461 3745 711 3795 servum,
758 3738 813 3783 et
868 3730 1095 3799 plurima
1126 3739 1396 3799 tamquam
1440 3730 1747 3800 supplicans
1784 3728 2039 3800 loquitur.

463 3818 647 3889 Itaque
677 3819 795 3874 vide
823 3835 946 3874 eum
970 3835 1112 3874 nunc
1132 3835 1345 3889 quoque
1375 3820 1503 3874 nihil
1533 3821 1769 3876 scribere
1798 3820 2046 3893 imperio-

452 3926 604 3975 .sum,
637 3909 929 3980 niltilquod
952 3926 1061 3980 prie
1083 3926 1142 3965 se
1168 3910 1304 3967 lerat
1333 3913 1729 3977 auctoritatem,
1761 3913 1854 3969 sed
1896 3912 2039 3984 quod

464 4003 536 4055 sit
565 4009 898 4056 contractum
920 4016 984 4056 ac
1010 4001 1300 4057 demissum
1332 4020 1347 4058 :
1382 4002 1599 4057 Obsecro
1625 4005 1793 4073 itaque
1822 4021 1929 4069 vos,
1957 4005 2042 4059 in-

463 4092 600 4162 quit,
629 4107 720 4162 ego
742 4092 935 4146 cinctus
960 4093 1013 4146 in
1048 4092 1287 4154 Domino,
1329 4102 1383 4146 ut
1412 4093 1563 4165 digne
1588 4092 1852 4147 ambuletis
1893 4110 2043 4147 voca-

460 4184 606 4237 tione
630 4200 730 4253 qua
769 4185 930 4237 vocati
956 4185 1092 4238 estis.
1122 4183 1258 4252 Quid
1284 4198 1458 4254 rogas,
1480 4184 1821 4255 -dic.qua:so?
1850 4193 1907 4238 ut
1932 4186 2045 4254 ipse

468 4275 668 4345 aliquid
700 4273 1043 4344 assequaris?
1084 4276 1428 4346 Nequaquam
1448 4318 1463 4342 ,
1498 4276 1699 4345 inquit,
1724 4276 1817 4332 sed
1843 4286 1901 4331 ut
1927 4278 2046 4334 aliis

470 4368 693 4422 salutem
718 4366 962 4421 aﬂ'eram.
980 4367 1140 4436 Atqui
1169 4367 1257 4434 qui
1276 4377 1483 4437 rogant,
1499 4376 1690 4438 rogant
1706 4384 1821 4435 qua:
1835 4368 2045 4437 assequi

476 4458 713 4526 ipsorum
738 4459 983 4513 interest.
1014 4459 1079 4512 Et
1117 4474 1255 4524 mea,
1286 4459 1477 4529 inquit,
1510 4460 1609 4513 hoc
1637 4459 2049 4514 interestzsicut

471 4549 629 4603 etiam
657 4550 781 4603 alibi
806 4550 1049 4604 scribens
1078 4550 1289 4605 dicebat
1314 4567 1330 4603 :
1364 4549 1519 4604 Nunc
1534 4551 1767 4615 vivimus,
1789 4551 1831 4605 si
1852 4561 2047 4605 vosste-

474 4641 540 4695 tis
568 4642 619 4693 in
636 4640 849 4694 Domino
872 4642 921 4710 (l
948 4640 1127 4695 Thess.
1152 4641 1297 4710 5.8).
1318 4641 1543 4711 Semper
1556 4644 1696 4697 enim
1725 4643 1876 4697 valde
1906 4643 2049 4703 dCSir

473 4731 694 4785 derabat
720 4732 945 4786 Salutem
969 4746 1191 4787 suorum
1211 4733 1615 4802 discipulorum.
1649 4733 1760 4805 Ego
1777 4737 1967 4789 vinctus
1997 4735 2051 4789 in

471 4821 713 4877 Domino.
742 4822 924 4890 Magna
955 4832 1008 4876 et
1036 4839 1155 4891 qua:
1194 4823 1298 4877 vim
1330 4840 1572 4893 magnam
1601 4824 1761 4879 habet
1796 4824 2047 4895 dignitas,

474 4925 528 4967 et
556 4928 719 4980 regno
748 4921 801 4964 et
827 4913 1105 4965 consulatu
1132 4921 1185 4966 et
1203 4913 1477 4982 quibusvis
1505 4914 1625 4968 aliis
1652 4914 1842 4982 major.

458 5050 461 5055 .
544 5002 795 5057 Diadema
825 5002 850 5055 1
860 5000 1471 5071 m,peratorum.Vinctum
1486 5023 1591 5061 esse
1616 5022 1708 5077 pro
1729 5006 1927 5061 Christo
1944 5025 2053 5061 ma-

470 5098 554 5164 jus
579 5102 807 5166 putatur,
831 5111 981 5162 quam
1008 5095 1179 5149 sedere
1206 5112 1239 5149 a
1263 5096 1451 5151 dextris
1484 5099 1615 5167 ejus.
1643 5128 1715 5139 —
1738 5098 1890 5163 Quod
1931 5098 2054 5167 qui-

478 5187 597 5242 :lem
629 5186 757 5239 ιΙὶι-ἰι
779 5185 939 5240 etiam
974 5186 1216 5241 scribens
1241 5187 1309 5241 ad
1341 5187 1747 5244 Philemonem:
1782 5189 1908 5242 Cum
1958 5191 2054 5242 sim

456 5277 672 5331 Paulus
701 5293 872 5341 senex,
907 5293 1041 5331 nunc
1062 5288 1230 5332 autem
1246 5279 1446 5334 vinctus
1489 5282 1544 5335 in
1567 5278 1778 5336 Christo
1803 5279 2051 5351 (Philem.

474 5369 554 5439 9).
583 5369 725 5424 Nihil
768 5376 850 5422 est
896 5369 1037 5424 enim
1072 5385 1237 5440 seque
1285 5371 1603 5441 praeclarum
1648 5380 1807 5441 atque
1840 5372 2051 5425 vincula

480 5470 695 5530 propter
719 5460 1012 5529 Christum,
1039 5470 1200 5532 atque
1221 5470 1424 5517 catenae
1451 5464 1649 5517 sanctis
1674 5463 1780 5516 illis
1805 5463 2053 5517 manibus

478 5550 762 5619 impositte.
794 5550 1041 5606 Vinctum
1078 5568 1199 5608 esse
1228 5563 1445 5624 propter
1481 5553 1754 5608 Christum
1800 5563 1884 5608 est
1914 5570 2054 5623 pra:-

476 5642 674 5695 clarins
704 5657 859 5709 quam
906 5658 1026 5698 esse
1050 5646 1373 5713 apostolum,
1418 5661 1578 5717 quam
1609 5661 1729 5702 esse
1750 5646 2051 5716 doctorem,

477 5749 632 5805 quam
666 5748 782 5788 esse
807 5738 1207 5807 evangelistam.
1237 5739 1291 5796 Si
1315 5740 1435 5809 quis
1465 5753 1605 5796 amat
1631 5744 1923 5811 Christum,
1953 5762 2050 5799 no.

2145 2531 2219 2584 vit
2246 2531 2389 2602 quod
2417 2534 2611 2590 dicitur
2642 2535 2730 2593 :~si
2758 2536 2876 2607 quis
2905 2537 2956 2591 in
2990 2536 3269 2591 Dominum
3302 2535 3497 2588 insanit
3524 2542 3579 2589 et
3606 2532 3723 2597 ejus

2144 2643 2327 2685 amore
2352 2630 2541 2695 uritur,
2591 2631 2740 2686 novit
2780 2633 2885 2685 vim
2918 2631 3267 2687 vinculorum.
3316 2629 3558 2683 Maluerit
3602 2640 3724 2681 esse

2144 2720 2352 2776 vinctus
2374 2732 2591 2792 propter
2613 2722 2886 2777 Christum
2915 2738 3077 2790 quam
3108 2723 3352 2777 habitare
3373 2721 3553 2777 melos.
3575 2720 3721 2787 Quo-

2146 2812 2227 2865 vis
2248 2827 2379 2867 auro
2405 2813 2800 2881 splendidiores
2826 2815 2905 2868 eis
2925 2813 3244 2868 ostendebat
3271 2826 3480 2875 manus,
3508 2822 3563 2865 et
3584 2826 3722 2881 quo-

2150 2900 2232 2955 vis
2264 2903 2426 2971 regali
2455 2903 2777 2959 diademate.
2812 2904 2926 2958 Non
2956 2906 3097 2958 enim
3130 2912 3236 2958 tam
3275 2903 3614 2971 splendidum
3643 2902 3724 2956 la-

2147 2994 2221 3047 cit
2255 3003 2414 3064 caput
2456 2997 2587 3049 vitta
2642 3011 2706 3050 ex
2753 2997 2979 3065 gemmis
3017 2995 3315 3063 composita
3351 2994 3400 3048 ei
3453 2994 3720 3063 imposita.

2146 3099 2304 3154 quam
2347 3095 2533 3140 catena
2576 3088 2748 3141 ferrea
2806 3097 3022 3155 promer
3069 3088 3361 3141 Christum.
3417 3085 3565 3140 Tunc
3607 3094 3725 3139 erat

2146 3176 2307 3245 regiis
2328 3176 2529 3231 aedibus
2547 3192 2733 3232 carcer
2757 3180 3079 3247 prmelarior.
3095 3178 3229 3244 Quid
3257 3177 3565 3246 dicoregiis
3588 3177 3722 3229 :edi-

2148 3265 2285 3320 bus?
2307 3267 2424 3336 ipso
2446 3284 2659 3337 quoque
2685 3269 2817 3322 ca-lo
2844 3288 2855 3320 :
2889 3268 3120 3323 habebat
3145 3269 3286 3323 enim
3314 3269 3544 3321 vinctum
3561 3266 3725 3320 Chri-

2148 3360 2234 3413 sti.
2263 3359 2316 3414 Si
2346 3361 2464 3429 quis
2492 3360 2761 3415 Christmn
2792 3361 2998 3430 diligit,
3036 3362 3181 3415 novit
3224 3362 3362 3415 hanc
3387 3361 3720 3429 dignitatem,

2149 3452 2294 3505 novit
2321 3450 2455 3505 hanc
2482 3453 2751 3513 virtutem,
2780 3455 3194 3521 novitquantum
3223 3454 3405 3522 generi
3441 3451 3719 3505 hominum

2148 3542 2219 3594 sit
2244 3540 2616 3608 gratillcatum,
2645 3542 2785 3612 quod
2820 3552 3037 3612 propter
3063 3545 3234 3612 ipsum
3263 3544 3333 3597 sit
3361 3544 3589 3597 vinctus.
3615 3544 3724 3597 Hoc

2150 3633 2373 3685 fortasse
2399 3645 2479 3687 est
2514 3635 2841 3702 prmclarius,
2871 3651 3032 3704 quam
3065 3636 3260 3690 sedere
3287 3651 3315 3687 a
3342 3635 3544 3689 dextris
3572 3634 3720 3703 ejus:

2150 3724 2251 3779 hoc
2270 3735 2351 3779 est
2377 3727 2823 3795 magniﬁcentius,
2857 3743 3015 3795 quam
3039 3728 3231 3782 sedere
3258 3742 3420 3796 super
3436 3726 3721 3780 duodecim

2149 3819 2326 3882 sedes,
2360 3819 2596 3873 vinctum
2624 3835 2743 3875 esse
2782 3829 2998 3890 propter
3026 3819 3318 3875 Christum.
3349 3820 3415 3874 Et
3441 3818 3567 3889 quid
3605 3817 3726 3872 dico

2148 3913 2216 3967 de
2248 3912 2404 3966 rebus
2422 3913 2711 3967 immanis?
2746 3929 2832 3968 me
2862 3914 3022 3982 pudet
3054 3912 3303 3968 conferre
3328 3912 3540 3998 divitias
3564 3922 3728 3967 et-or-

2151 4008 2331 4053 natum
2362 4016 2579 4056 aureum
2610 4018 2731 4057 cum
2772 4004 3017 4059 vinculis.
3061 4003 3167 4059 Sed
3210 4018 3401 4074 magna
3449 4003 3535 4057 illa
3566 4003 3725 4058 missa

2149 4093 2369 4156 iaciens,
2400 4095 2557 4149 etiam
2590 4096 2635 4149 si
2667 4112 2751 4150 res
2781 4097 2979 4150 nullam
3014 4096 3235 4151 haberet
3276 4095 3597 4157 mercedem,
3626 4094 3728 4151 hoc

2150 4187 2323 4241 solum
2354 4195 2437 4241 est
2466 4204 2653 4257 magna
2684 4204 2888 4242 merces
2914 4198 2968 4242 et
3012 4188 3279 4243 sufﬁciens
3330 4188 3723 4250 remuneratio,

2151 4276 2265 4332 lucc
2293 4279 2472 4347 gravia
2504 4280 2605 4348 pati
2637 4290 2852 4349 pr0pler
2880 4295 3006 4335 eum
3025 4282 3111 4350 qui
3136 4288 3365 4333 amatur.
3387 4277 3726 4348 Sciuntun

2148 4367 2345 4422 dicitur
2382 4370 2471 4438 qui
2520 4381 2721 4433 amant,
2766 4371 2810 4424 si
2856 4387 2962 4424 non
2994 4372 3180 4435 Deum,
3206 4378 3263 4426 at
3313 4370 3591 4424 homines:
3636 4372 3728 4436 qui

2150 4461 2319 4529 magis
2345 4462 2592 4514 hetantur
2617 4462 2662 4515 si
2681 4462 2819 4515 male
2842 4463 3114 4531 patiuntur
3142 4477 3239 4532 pro
3270 4462 3335 4516 iis
3362 4476 3496 4531 quos
3523 4470 3727 4523 amant,

2150 4564 2307 4619 quam
2343 4550 2387 4603 si
2435 4550 2787 4605 bonorentur.
2832 4553 2943 4606 lloc
2973 4553 3141 4607 sancti
3169 4552 3317 4607 chori
3348 4552 3521 4607 solum
3549 4562 3629 4605 est
3656 4553 3733 4605 in-

2154 4642 2413 4711 telligere,
2443 4642 2831 4711 apostolorum,
2884 4644 3119 4708 inquam.
3172 4643 3304 4697 Audi
3348 4645 3490 4696 enim
3517 4644 3729 4698 beatum

2146 4731 2353 4786 Lucam
2382 4733 2668 4799 dicentem,
2698 4731 2948 4785 Redibant
2974 4734 3293 4803 gaudentesa
3323 4746 3594 4799 consprctu
3612 4752 3734 4786 con-

2153 4824 2279 4889 cilii,
2305 4826 2543 4894 quoniam
2572 4826 2712 4896 digni
2740 4826 2897 4879 habiti
2923 4836 3037 4880 sunt
3060 4843 3151 4896 pro
3175 4827 3374 4879 nomine
3400 4826 3583 4884 Christi
3614 4842 3731 4878 con-

2155 4918 2410 4970 tumeliam
2430 4918 2537 4985 pati
2560 4916 2695 4987 (Act.
2716 4918 2770 4971 5.
2800 4919 2916 4986 41).
2940 4919 3113 4986 Atque
3139 4918 3257 4970 aliis
3285 4916 3734 4986 quidemvidetur

2156 5024 2275 5063 esse
2296 5009 2604 5073 ridiculum,
2636 5011 2679 5064 si
2706 5011 2902 5079 probro
2924 5019 2976 5064 et
2999 5010 3313 5064 contumelia
3332 5024 3451 5063 esse
3464 5011 3734 5076 allectum,

2146 5102 2226 5155 sit
2253 5116 2372 5155 esse
2402 5102 2715 5171 dignitatem
2744 5112 3087 5171 asscquntum
3113 5143 3128 5167 ,
3153 5104 3196 5155 si
3242 5102 3439 5170 probro
3466 5115 3584 5155 esse
3609 5101 3737 5155 alie-

2158 5199 2322 5255 ctmn,
2350 5191 2420 5246 sit
2454 5193 2623 5246 ltelari
2655 5211 2667 5246 :
2703 5194 2766 5246 iis
2791 5202 2969 5245 autem
2993 5193 3080 5261 qui
3112 5192 3739 5246 sciuntChristideside-

2159 5282 2317 5347 rium,
2343 5282 2443 5336 hoc
2468 5298 2587 5337 esse
2614 5282 2953 5337 existimatur
2988 5282 3223 5335 omnium
3262 5280 3649 5339 beatissimum.
3683 5283 3738 5337 Si

2159 5372 2277 5441 quis
2308 5373 2435 5425 mihi
2464 5373 2681 5427 ollerret
2714 5382 2881 5428 totum
2919 5374 3131 5437 czelum,
3166 5381 3256 5426 aut
3294 5372 3435 5427 illam
3475 5385 3745 5439 catenam,

2142 5480 2260 5534 ego
2300 5465 2439 5518 illam
2464 5465 2773 5535 praeferrem
2818 5483 2831 5518 :
2869 5467 2912 5520 si
2938 5467 3057 5535 quis
3101 5481 3185 5519 me
3214 5464 3352 5533 apud
3383 5480 3606 5533 superos
3636 5478 3745 5517 cot-

2148 5558 2363 5612 locaret
2383 5573 2502 5612 cum
2525 5560 2747 5628 angelis,
2778 5570 3006 5613 autcum
3040 5556 3206 5610 Paulo
3247 5558 3458 5620 vincto,
3488 5557 3745 5624 eligerem

2146 5661 2431 5705 .carcerem
2462 5666 2475 5702 :
2505 5649 2547 5703 si
2575 5650 2696 5719 quis
2726 5665 2813 5704 me
2839 5649 3035 5704 laceret
3070 5662 3237 5702 unum
3277 5662 3343 5701 ex
3389 5646 3751 5701 Potestatibns

2164 5761 2280 5813 qua:
2309 5754 2431 5796 sum
2460 5743 2597 5798 θίγω
2630 5744 2815 5809 cados,
2850 5750 2941 5797 aut
2966 5742 3108 5803 circa
3161 5740 3380 5795 thronos
3405 5778 3421 5805 ,
3462 5748 3554 5792 aut
3584 5740 3747 5793 talem
