4068 6390
326 1954 343 1993 \

381 358 454 415 55

451 473 519 527 Τί
545 468 641 528 οῦν
668 492 683 542 ;
708 474 772 529 Οί
835 476 931 545 μὲν
970 474 1121 529 ἀλλοι
1172 475 1372 537 πάντες
1426 474 1818 545 ἐξεπλήσσοντο
1861 473 1955 525 καὶ

378 557 691 625 ἐθαύμαζον
712 599 727 621 ,
762 560 856 611 καὶ
894 559 1101 626 ἔλεγον,
1130 558 1323 611 Πόθεν
1352 558 1540 622 τούτῳ
1564 558 1781 619 ταῦτα;
1809 549 1955 608 οῦτοι

377 642 435 694 δὲ
448 641 893 711 εὐεργετούμενοι
908 641 1431 708 έλεγον,Δαιμόνιον
1447 642 1477 693 ἐ
1482 656 1593 706 χει,
1613 640 1729 701 καὶ,
1755 640 1957 702 ,βλασ-

377 722 599 791 φημεῖ,
628 726 750 786 καὶ,
791 724 1078 787 Μαίνεται,
1114 724 1233 789 καί,
1265 721 1505 785 Πλάνος
1532 722 1683 774 ἐστί.
1709 718 1835 790 'Ap’
1862 718 1955 773 οῦν

376 806 637 859 ἀπώσατο
661 804 889 870 αὑτούςς
921 806 1207 875 Οὐδαμῶς,
1248 802 1385 857 ἀλλὰ
1430 804 1523 856 καὶ
1563 804 1824 873 μειζόνως
1870 804 1957 856 εύ-

376 889 602 960 ηργέτει
618 888 793 942 ταῦτα
810 887 1042 954 ἀκούων,
1060 890 1155 942 καὶ
1173 887 1341 958 ἀπῄει
1360 887 1495 957 πρὸς
1512 890 1639 950 τοὺς
1663 888 1953 956 μέλλοντας

376 972 543 1025 αὑτὸν
564 972 853 1042 σταυροῦν,
877 972 963 1024 ἴνα
995 972 1156 1041 μόνον
1176 971 1371 1034 αὐτοὺς
1394 970 1655 1041 διασώσῃ.
1688 972 1797 1023 Καὶ
1815 970 1956 1041 μετά

373 1053 438 1106 τὸ
472 1054 945 1125 σταυρωθῆναι,τί
981 1071 1152 1124 φησι;
1184 1053 1396 1120 Πάτερ,
1431 1052 1581 1121 ἄφες
1604 1052 1808 1117 αὐτοῖς
1830 1068 1843 1082 ⁸
1879 1054 1952 1106 οὐ

375 1136 489 1204 γὰρ
554 1137 796 1191 οἴδασιν
829 1137 860 1189 ὃ
909 1135 1168 1190 ποιοῦσι.
1205 1135 1317 1188 Καὶ
1378 1136 1484 1205 πρὸ
1531 1135 1722 1188 τούτου
1767 1135 1954 1199 κακῶς

376 1219 593 1283 παθὼν,
642 1222 736 1273 καὶ
785 1220 922 1291 μετά
957 1219 1131 1273 ταῦτα
1183 1218 1367 1281 κακῶς
1427 1219 1636 1283 παθὼν,
1673 1221 1866 1291 μέχρις
1893 1222 1952 1272 ἐ-

376 1304 585 1373 σχάτης
616 1304 888 1373 ἀναπνοῆς
917 1305 1083 1373 περἰι
1112 1303 1290 1356 αὐτῶν
1312 1304 1487 1356 πάντα
1502 1304 1763 1375 ἔπραττεν
1779 1346 1793 1368 ,
1811 1305 1952 1374 ὑπὲρ

374 1386 560 1436 αὐτῶν
587 1386 777 1439 ἐδεῖτο.
805 1386 913 1439 Καὶ
945 1386 1084 1454 μετά
1113 1385 1204 1437 τὸν
1235 1385 1467 1455 σταυρὸν
1494 1386 1547 1437 τί
1586 1388 1685 1439 οὐκ
1724 1388 1949 1455 ἐποίησε

373 1468 446 1520 δι’
467 1468 665 1532 αὐτούς
695 1487 710 1534 ;
744 1470 863 1539 οὐχὶ
887 1468 1219 1531 ἀποστόλους
1242 1468 1587 1535 ἀπέστειλεν;
1608 1470 1728 1538 οὐχὶ
1752 1474 1951 1541 σημεῖα

375 1550 703 1617 είργάσατος
734 1552 854 1621 οὐχὶ
886 1554 995 1605 πᾶν
1022 1551 1199 1604 ὁτιοῦν
1222 1552 1473 1623 ἐκίνησεν
1504 1568 1519 1617 ;
1555 1551 1713 1605 Οῦτω
1742 1552 1824 1605 δεῖ
1863 1571 1951 1621 φι-

374 1631 487 1683 λεῖν
549 1635 674 1696 τοὺς
721 1634 967 1705 ἐχθροὺς,
1005 1633 1146 1687 οῦτω
1201 1635 1490 1703 μιμεῖσθαι
1544 1636 1638 1687 τὸν
1688 1636 1947 1705 Χριστόν.

375 1714 535 1769 Οῦτω
588 1716 794 1779 Παῦλος
832 1718 1052 1786 ἐποίησε
1082 1717 1195 1789 [5'2]
1224 1717 1576 1788 λιθαζόμενος
1596 1759 1610 1781 ,
1648 1719 1818 1788 μυρία
1840 1720 1948 1773 πά-

376 1815 544 1867 σχων,
576 1800 715 1869 ὑπὲρ
757 1800 936 1852 αὐτῶν
967 1799 1186 1853 ἅπαντα
1224 1800 1513 1871 ἔπραττεν.
1552 1804 1750 1855 Ἄκουε
1779 1801 1947 1855 αὐτοῦ

374 1880 659 1949 λέγοντος·
702 1883 763 1938 Ἠ
794 1884 1041 1937 εὐδοκία
1070 1900 1189 1953 μου
1210 1885 1325 1939 καί
1357 1885 1397 1954 ἡ
1423 1883 1633 1953 δέησις
1653 1885 1807 1953 ὑπὲρ
1838 1888 1945 1939 αὐ-

436 2042 455 2065 ⁸
481 2043 634 2097 Savil.
664 2048 789 2109 conj.
814 2050 950 2111 ὑπέρ.

1252 357 1321 412 ΙΝ
1361 356 1579 412 EPIST.
1615 358 1708 411 AD
1748 356 1989 410 EPIIES.
2030 354 2181 409 CAP.
2236 353 2321 407 IV.
2362 352 2596 409 IIOMIL.
2642 354 2778 409 VIII.

3559 349 3628 412 Ξειῖ
3650 350 3655 361 ’

2057 471 2178 525 τῶν
2237 471 2409 525 ἐστιν
2454 474 2540 536 εἰς
2577 474 2879 538 σωτηρίαν
2909 488 2923 502 ·
2961 472 3055 524 καὶ
3118 471 3300 536 πάλιν,
3343 475 3631 544 ΜαρτυΓῶ

2056 555 2167 623 γὰρ
2220 556 2445 619 αὐτοῖς,
2490 556 2580 607 ὅτι
2636 553 2819 619 ζῆλον
2848 554 2998 607 Θεοῦ
3031 556 3246 624 ἔχουσι
3272 573 3287 589 ⁸
3323 559 3418 610 καὶ
3442 559 3625 618 πάλιν.

2057 640 2127 691 El
2170 638 2251 689 σὺ
2291 637 2631 705 ἀγριέλαιος
2669 635 2754 688 ὢν
2792 637 3279 705 ἐνεκεντρίσθης,
3316 641 3468 710 πόσῳ
3493 641 3629 709 μᾶλ-

2055 719 2146 772 λον
2180 714 2325 773 οῦτοι
2374 719 2922 789 ἐγκεντρισθήσονται
2949 722 2976 761 b
3013 724 3081 793 τῇ
3108 722 3213 793 ἰδίᾳ
3252 723 3440 793 ﬂata;
3489 725 3627 778 Ἀπὸ

2056 804 2227 874 πόσης
2258 804 2643 873 φιλοστοργίας
2668 804 2766 857 οἴει
2787 804 2961 858 ταῦτα
2986 805 3241 874 λέγεσθαι
3270 807 3338 860 τά
3369 808 3623 877 ρήματα;

2054 885 2163 938 ἀπὸ
2219 887 2388 956 πόσης
2430 888 2681 952 εὐνοίας;
2728 888 2841 940 Οὐκ
2879 887 3026 941 ἔστιν
3067 891 3276 951 εἰπεῖν,
3302 890 3402 941 οὐκ
3446 889 3624 943 ἔστιν.

2056 966 2213 1021 Οῦτω
2252 968 2333 1021 δεῖ
2374 969 2548 1038 φιλεῖν
2579 971 2705 1031 τοὺς
2732 969 2962 1040 ἐχθρούς
2990 987 3002 998 ·
3040 970 3202 1023 τοῦτο
3226 971 3319 1023 τὸν
3356 970 3487 1025 Θεόν
3508 974 3627 1024 ἐστι

2054 1050 2373 1118 φιλεῖν,τὸν
2420 1051 2790 1118 ἐπιτάξαντα,
2843 1052 2937 1106 τὸν
2984 1053 3424 1123 νομοθετήσαντα
3486 1067 3509 1095 ε
3546 1056 3627 1107 ’τὸ

2057 1136 2340 1203 μιμεῖσθαι
2368 1137 2571 1188 ἐκεῖνον
2592 1179 2606 1201 ,
2640 1135 2699 1188 τὸ
2731 1135 2903 1203 φιλεῖν
2942 1136 3031 1188 τὸν
3061 1138 3253 1207 ἐχθρόν
3298 1140 3465 1192 ἐστιν.
3503 1138 3629 1189 Ἐν·

2052 1217 2242 1288 νόησον
2258 1219 2338 1270 ὅτι
2366 1218 2426 1271 ού
2444 1219 2533 1271 τὸν
2552 1219 2642 1288 ἐχθ
2653 1217 2742 1288 ρόν
2766 1219 3091 1288 εὐεργετεῖς,
3116 1219 3250 1273 ἁλλά
3282 1220 3499 1285 σαυτὸν,
3522 1222 3622 1273 οὐκ

2052 1300 2256 1353 ἐκεῖνον
2293 1301 2500 1370 φιλεῖς,
2536 1302 2672 1355 ἀλλὰ
2705 1301 2781 1371 τῷ
2816 1302 2934 1371 Θεῷ
2966 1302 3281 1364 ὑπακούεις.
3314 1302 3500 1355 Ταῦτα
3526 1300 3621 1356 οὖν

2052 1376 2270 1449 εἰδότες,
2300 1385 2640 1456 κυρώσωμεν
2692 1387 2770 1447 είς
2815 1386 3081 1453 ἀλλήλους
3129 1387 3228 1455 τὴν
3258 1386 3495 1457 ἀγάπην,
3535 1388 3624 1440 ἵνα

2056 1466 2192 1536 μετά
2210 1468 2492 1538 ἀκριϐείας
2508 1468 2713 1536 ταύτην
2741 1467 3184 1537 κατορθώσαντες
3200 1510 3215 1533 ,
3248 1471 3499 1538 τύχωμεν
3515 1470 3623 1521 τῶν

2051 1548 2474 1618 ἐπηγγελμένων
2498 1550 2717 1617 ἀγαθῶν
2754 1552 2811 1601 ἐν
2844 1550 3064 1619 Χριστῷ
3098 1549 3270 1620 Ἰησοῦ
3308 1550 3384 1619 τῷ
3432 1551 3623 1621 Κυρίῳ

2050 1631 2229 1699 ἡμῶν,
2269 1632 2386 1701 μεθ’
2418 1624 2479 1685 οὗ
2515 1632 2593 1701 τῷ
2640 1634 2813 1700 Πατρὶ
2868 1633 2986 1701 ἅμα
3034 1632 3112 1701 τῷ
3147 1634 3286 1703 ἁγίῳ
3343 1632 3619 1701 Πνεύματι

2049 1713 2198 1779 δόξα,
2229 1717 2451 1786 κράτος,
2479 1717 2635 1785 τιμὴ,
2673 1716 2764 1769 νῦν
2788 1716 2882 1769 καὶ
2907 1716 3015 1781 ἀεὶ,
3047 1715 3139 1767 καὶ
3166 1717 3248 1778 είς
3271 1717 3396 1779 τοὺς
3419 1715 3619 1773 αἰῶνας

2044 1796 2153 1851 τῶν
2187 1798 2419 1854 αἰώνων.
2472 1798 2665 1870 Ἀμήν.

2105 1994 2133 2031 b
2163 1994 2268 2058 Quo
2296 1994 2408 2058 Mss.
2419 2032 2444 2058 ,_
2459 1996 2841 2058 ἐγκεντρισθῶσι.

2106 2060 2127 2087 θ
2162 2055 2312 2119 Marg.
2334 2055 2882 2113 Ξθνίιζνουθετήσαντα.

1832 2498 2072 2553 ΟΜΙΛΙΑ
2107 2503 2186 2553 H'.

364 2715 701 2783 Παρακαλῶ
741 2711 857 2772 οὖν
892 2716 1048 2784 ὑμᾶς
1075 2714 1212 2787 ἐγ-ὼ,
1247 2716 1279 2769 ὀ
1308 2712 1557 2787 δέσμιος
1608 2717 1677 2770 ἐν
1718 2720 1936 2785 Κυρίῳ,

434 2786 615 2858 ἀξίως
647 2783 1045 2858 περιπατῆσαι
1072 2785 1183 2853 τῆς
1211 2783 1488 2858 κλήσεως
1516 2783 1591 2858 ἧς
1619 2783 1935 2856 ἐκλήθητε,

429 2856 583 2925 μετὰ
616 2856 822 2924 πάσης
854 2857 1420 2925 ταπεινοφροσύνης
1447 2856 1548 2911 καί
1575 2860 1934 2926 πραότητος.

435 2977 782 3031 Διδασκάλων
828 2976 976 3031 ἐστὶν
1026 2977 1196 3048 ἀρετὴ
1252 2977 1328 3047 μὴ
1386 2978 1574 3047 τιμὴν,
1608 2979 1742 3049 μηδέ
1781 2980 1939 3046 δόξαν

362 3061 549 3129 ζητεῖν
580 3060 729 3129 παρά
760 3060 868 3113 τῶν
899 3059 1241 3129 ἀρχομένων,
1259 3059 1394 3112 ἀλλά
1422 3060 1521 3130 τὴν
1546 3056 1820 3131 σωτηρίαν
1843 3062 1938 3114 a5-

359 3143 492 3207 τῶν,
545 3143 641 3195 καὶ
673 3143 849 3196 πάντα
876 3142 1016 3212 ὑπὲρ
1039 3141 1231 3194 τούτου
1266 3145 1443 3196 ποιεῖν
1474 3159 1489 3174 ·
1518 3144 1593 3207 ὼς
1616 3144 1642 3196 ὅ
1667 3161 1727 3212 γε
1761 3146 1939 3197 ἐκεῖνο

361 3224 563 3294 ζητῶν,
586 3225 686 3276 οὐκ
709 3224 773 3277 ἂν
791 3224 874 3293 εἴη
892 3224 1230 3289 διδάσκαλος,
1260 3225 1397 3278 ἀλλά
1425 3224 1707 3296 τύραννος.
1740 3227 1811 3278 Οὐ
1832 3226 1940 3295 γὰρ

358 3309 451 3363 διὰ
485 3308 643 3361 τοῦτό
693 3325 751 3359 σε
781 3308 1085 3377 ἐπέστησεν
1120 3309 1149 3359 ὁ
1177 3309 1309 3371 Θεὸς
1331 3310 1535 3373 αὐτοῖς,
1566 3310 1655 3364 ἵνα
1678 3310 1744 3363 σὺ
1781 3310 1935 3362 πλεί-

358 3410 481 3456 ονος
510 3391 827 3461 ἀπολαύσῃς
881 3392 1199 3462 θεραπείας,
1228 3393 1343 3445 ἀλλ⁹
1368 3394 1457 3447 ἵνα
1483 3394 1550 3446 τά
1580 3395 1680 3464 μὲν
1713 3395 1781 3447 σά
1802 3396 1938 3462 ἀμε-

359 3477 543 3547 λῆται,
568 3477 746 3530 πάντα
775 3477 832 3529 δέ
859 3477 927 3530 τά
955 3477 1180 3530 ἐκείνων
1212 3477 1589 3546 οίκοδομῆται.
1619 3479 1789 3531 Τοῦτό
1822 3481 1941 3532 ἐστι

360 3559 690 3613 διδασκάλου
724 3576 738 3589 ⁸
774 3559 1014 3623 τοιοῦτος
1060 3560 1089 3611 ὁ
1135 3558 1408 3629 μακάριος
1482 3560 1695 3623 Παῦλος
1751 3556 1840 3631 ἦν,
1881 3561 1942 3623 ὃς

359 3645 534 3711 τύφου
582 3641 682 3713 μὲν
721 3642 1034 3713 ἀπήλλακτο
1065 3643 1266 3705 παντὸς
1287 3681 1302 3705 ,
1323 3641 1466 3695 οὕτω
1495 3642 1551 3695 δὲ
1576 3642 1830 3707 διέκειτο,
1853 3643 1932 3707 ὠς

359 3720 445 3789 εἷς
472 3726 581 3779 τῶν
599 3725 833 3789 πολλῶν,
868 3726 1071 3793 μᾶλλον
1094 3725 1149 3778 δέ
1179 3726 1273 3779 καὶ
1298 3726 1483 3778 αὐτῶν
1512 3726 1813 3796 ἐλάχιστος.
1838 3728 1939 3780 Διά

358 3807 519 3863 τοῦτο
536 3810 629 3862 καὶ
654 3807 834 3862 δοῦλον
854 3809 1027 3863 αὐτῶν
1049 3808 1238 3862 ἐαυτὸν
1260 3810 1431 3873 καλεῖ,
1448 3811 1541 3862 καὶ
1559 3810 1627 3862 τά
1648 3810 1867 3864 πλείονα
1883 3812 1941 3862 ἐν

362 3892 645 3963 ἱκετηρίας
669 3891 819 3955 τάξει
852 3892 1177 3961 φθέγγεται.
1204 3894 1348 3962 ’Ὀρα
1377 3890 1509 3961 γοῦν
1542 3893 1636 3945 καὶ
1660 3892 1756 3945 νῦν
1783 3892 1938 3945 οὐδὲν

357 3974 713 4029 ἐπιτακτικὸν
734 3975 1032 4046 γράφοντα,
1074 3975 1226 4029 οὐδὲν
1255 3975 1590 4040 αύθεντικὸν,
1620 3975 1757 4031 ἀλλά
1784 3993 1936 4028 συνε-

359 4060 677 4130 σταλμένον,
696 4061 787 4113 καὶ
816 4059 1234 4130 καθυφειμένον.
1273 4060 1610 4126 Παρακαλῶ
1641 4056 1753 4114 οὖν
1798 4060 1932 4128 ἐγὼ,

358 4144 552 4214 φησὶν,
579 4141 731 4210 ὑμᾶς
766 4146 798 4196 ό
825 4143 1068 4211 δέσμιος
1109 4144 1178 4196 ἐν
1217 4146 1430 4210 Κυρίῳ,
1460 4142 1644 4208 ἀξίως
1693 4160 1936 4211 περιπα-

358 4226 543 4293 τῆσαι
571 4225 683 4293 τῆς
715 4225 994 4291 κλήσεως
1018 4221 1093 4295 ἧς
1128 4225 1443 4292 ἐκλήθητε.
1478 4227 1541 4279 Τί
1572 4226 1931 4298 παρακαλεῖς,

357 4311 483 4362 είπέ
515 4326 605 4379 μοι
634 4326 649 4373 ;
684 4309 772 4361 ἵνα
808 4310 950 4371 τινὸς
996 4308 1167 4379 τύχῃς
1198 4309 1396 4373 αύτός;
1432 4309 1717 4378 Οὐδαμῶς,
1745 4312 1931 4379 φησὶν,

356 4392 475 4444 ἀλλ’
506 4394 597 4445 ἶνα
631 4391 822 4454 ἀλλους
861 4393 1041 4444 σώσω.
1084 4391 1276 4445 Καίτοι
1298 4408 1364 4459 γε
1390 4393 1440 4443 οί
1467 4392 1931 4462 παρακαλοῦντες,

356 4475 504 4543 ὺπέρ
557 4474 666 4527 τῶν
710 4474 894 4536 αὐτοῖς
962 4475 1327 4542 διαφερόντων
1376 4475 1776 4545 παρακαλοῦσι.
1826 4477 1936 4529 Καὶ

355 4557 485 4626 ἐμοὶ
513 4555 671 4609 τοῦτο
712 4556 978 4625 διαφέρει,
1008 4557 1162 4626 φησὶ,
1200 4557 1383 4620 καθὼς
1413 4559 1505 4610 καὶ
1534 4558 1762 4629 ἐτέρωθι
1792 4559 1932 4629 γράο

359 4656 479 4707 φων
530 4639 685 4704 ἔλεγε
712 4654 725 4666 ·
777 4639 908 4692 Νῦν
938 4638 1152 4707 ζῶμεν,
1181 4640 1290 4693 ἐὰν
1349 4640 1517 4709 ὑμεῖς
1559 4641 1825 4708 στήκητε
1865 4643 1933 4694 ἐν

355 4723 577 4790 Κιιρίῳ.
603 4722 816 4795 Σφόδρα
840 4721 949 4793 γάρ
984 4723 1071 4775 ἀεὶ
1097 4723 1196 4793 τῆς
1216 4724 1490 4794 σωτηρίας
1509 4725 1615 4777 τῶν
1638 4725 1934 4795 μαθητευο-

358 4806 538 4877 μένων
593 4790 795 4874 ἐφίετο.
840 4790 981 4875 Ἐγὼ
1023 4808 1057 4859 ὁ
1108 4790 1359 4874 δέσμιος
1373 4790 1466 4859 γέν
1518 4790 1728 4874 Κυρίῳ.
1772 4790 1933 4875 Μέγα

353 4889 577 4958 ἀξίωμα
610 4889 702 4942 καὶ
730 4888 980 4959 σφοδρὸν,
1007 4890 1101 4944 καὶ
1131 4890 1410 4961 βασιλείας
1434 4892 1528 4943 καὶ
1552 4890 1818 4954 ὑπατείας
1838 4892 1933 4944 καὶ

352 4971 577 5024 πάντων
609 4972 815 5041 μεῖζον.

428 5124 732 5199 [55Γοπερ
747 5124 838 5181 οὖν
850 5128 944 5180 καὶ
962 5128 1091 5196 πρὸς
1103 5128 1378 5199 Φιλήμονα
1392 5126 1619 5199 γράφων
1635 5129 1817 5196 φησίν⁸
1835 5129 1933 5195 Ὠς

353 5210 601 5275 Παῦλος
616 5212 976 5278 πρεσϐύτης,
990 5211 1126 5263 ’νυνὶ
1142 5210 1209 5264 δὲ
1224 5210 1325 5264 καὶ
1340 5210 1582 5279 δέσμιος
1598 5210 1667 5263 ἐν
1678 5212 1928 5279 Χριστῷ.

352 5292 525 5345 Οὐδὲν
553 5294 662 5361 γὰρ
693 5293 835 5345 οῦτω
881 5293 1151 5363 λαμπρὸν,
1180 5293 1255 5357 ὡς
1307 5294 1504 5364 δεσμὸς
1559 5294 1647 5347 διὰ
1674 5295 1931 5365 Χριστὸν,

351 5375 430 5438 ὡς
475 5374 534 5427 αἱ
580 5375 797 5439 ἁλύσεις
835 5377 891 5429 αἱ
944 5377 1326 5447 περικείμεναι
1377 5382 1497 5441 ταῖς
1528 5379 1699 5439 ὁσίαις
1748 5379 1935 5448 χερσὶν

353 5456 615 5520 ἐκείναις.
665 5458 772 5511 Τοῦ
817 5459 1113 5513 ἀπόστολον
1157 5457 1317 5525 εἶναι,
1366 5460 1457 5513 τοῦ
1492 5460 1811 5513 διδάσκαλον
1854 5456 1935 5513 εἷ-

353 5558 468 5600 ναι.
518 5540 612 5594 τοῦ
670 5542 1060 5613 εὐαγγελιστὴν
1113 5540 1276 5604 εἶναι,
1327 5544 1486 5596 τοῦτο
1534 5544 1930 5615 λαμπρότερον,

351 5624 414 5675 τὸ
450 5624 672 5695 δέσμιον
707 5621 848 5679 εἶναι
898 5628 986 5681 διά
1030 5629 1120 5681 τὸν
1159 5628 1415 5698 Χριστόν.
1450 5628 1515 5680 Et
1538 5645 1620 5690 τις
1660 5628 1801 5695 φιλεῖ
1841 5628 1933 5680 τὸν

355 5708 612 5777 Χριστὸν,
636 5708 779 5776 ἔγνω
804 5712 866 5763 τὸ
891 5710 1177 5782 λεγόμενον
1197 5729 1211 5744 ο
1249 5715 1300 5764 εί
1325 5729 1409 5774 τις
1441 5713 1688 5780 μαίνεται
1719 5712 1813 5764 καλ¹
1836 5730 1933 5763 πε-

362 5790 634 5859 ρικαίεται
656 5793 747 5845 τοῦ
766 5795 1056 5858 Δεσπότου,
1081 5792 1184 5849 οἶδε
1203 5796 1301 5865 τὴν
1321 5795 1547 5865 δύναμιν
1564 5796 1671 5849 τῶν
1691 5796 1928 5864 δεσμῶν.

371 5874 434 5927 Ὀ
474 5874 712 5941 τοιοῦτος
747 5877 920 5933 ἕλοιτο
964 5880 1029 5935 ἂν
1061 5881 1279 5953 δέσμιος
1321 5875 1460 5935 εἶναι
1493 5881 1579 5935 διὰ
1607 5880 1862 5954 Χριστὸν,
1895 5883 1928 5953 ἢ

2040 2719 2168 2783 τοὺς
2211 2719 2473 2789 οὐρανοὺς
2506 2722 2692 2775 οἰκεῖν.
2747 2721 2951 2786 Παντὸς
2991 2721 3194 2793 χρυσοῦ
3228 2720 3613 2792 λαμπροτέρας

2042 2802 2224 2865 αὐτοῖς
2250 2801 2456 2855 ἐδείκνυ
2478 2804 2576 2866 τὰς
2593 2805 2800 2874 χεῖρας,
2829 2804 3027 2867 παντὸς
3053 2804 3380 2874 διαδήματος
3407 2804 3613 2873 βασιλι-

2042 2885 2158 2937 κοῦ.
2198 2885 2271 2937 Ού
2299 2885 2406 2956 γὰρ
2433 2884 2573 2938 οῦτω
2598 2889 2739 2939 ποιεῖ
2765 2886 3020 2956 λαμπράν
3046 2888 3283 2957 κεφαλὴν
3317 2888 3507 2942 ταινία
3535 2888 3616 2940 λι-

2043 2967 2362 3036 θοκόλλητος
2392 2969 2766 3039 περικειμένη,
2798 2969 2873 3030 ῶς
2899 2968 3085 3032 ἅλυσις
3120 2970 3313 3040 σιδηρᾶ
3353 2970 3439 3024 διὰ
3485 2971 3616 3039 Χριο

2044 3052 2189 3103 στόν.
2226 3052 2358 3102 Τότε
2398 3052 2506 3103 τῶν
2539 3051 2822 3120 βασιλείων
2854 3052 3231 3122 λαμπρότερον
3259 3053 3320 3104 τὸ
3336 3053 3615 3123 δεσμωτή-

2047 3152 2160 3205 ριον
2174 3130 2260 3203 ἦν.
2283 3133 2348 3186 Τί
2368 3135 2508 3202 λέγω
2531 3135 2815 3205 βασιλείων
2835 3152 2848 3199 ;
2873 3136 2966 3188 καὶ
2988 3135 3152 3187 αὐτοῦ
3172 3135 3228 3187 δέ
3250 3135 3343 3189 τοῦ
3362 3136 3614 3205 οὐρανοῦ·

2042 3218 2263 3287 δέσμιον
2293 3218 2400 3287 γάρ
2432 3214 2547 3286 εἶχε
2577 3217 2837 3288 Χριστοῦ.
2871 3218 3041 3280 Είτις
3074 3217 3219 3287 φιλεῖ
3242 3219 3333 3271 τὸν
3362 3220 3617 3289 Χριστὸν,

2041 3296 2149 3353 οἶδε
2184 3302 2338 3352 τοῦτο
2367 3302 2426 3353 τὸ
2454 3301 2692 3368 ἀξίωμα,
2715 3298 2822 3353 οἶδε
2852 3300 3056 3370 ταύτην
3085 3300 3183 3369 τὴν
3219 3302 3444 3371 ἀρετὴν,
3479 3298 3621 3355 οἶδεν

2041 3385 2163 3438 ὅσον
2191 3382 2573 3454 ἐχαρίσατοτῷ
2600 3384 2707 3436 τῶν
2738 3383 2834 3435 ἀνθ
2846 3382 3043 3453 ρώπων
3060 3384 3205 3451 γένει
3226 3384 3287 3436 τὸ
3314 3384 3619 3452 δεθῆναιδι’

2041 3470 2227 3523 αὐτόν.
2264 3468 2415 3537 Τάχα
2440 3467 2531 3519 τοῦ
2561 3467 2781 3519 καθίσαι
2811 3467 2872 3519 ἐκ
2892 3466 3079 3531 δεξιῶν
3108 3467 3273 3519 αὐτοῦ
3299 3465 3456 3519 τοῦτο
3481 3467 3619 3538 λαμ‹

2042 3554 2326 3625 πρότερον,
2355 3551 2449 3605 τοῦ
2472 3552 2691 3605 καθίσαι
2721 3550 2812 3603 ἐπὶ
2833 3549 3041 3603 δώδεκα
3073 3550 3277 3619 θρόνων
3301 3548 3457 3602 τοῦτο
3483 3568 3539 3602 σε
3549 3568 3617 3618 μ-

2042 3638 2276 3707 νότερον,
2320 3636 2379 3688 τὸ
2403 3635 2619 3705 δεθῆναι
2652 3634 2717 3686 δι’
2751 3631 2930 3685 αὐτόν.
2970 3633 3077 3684 Καὶ
3101 3633 3153 3684 τί
3177 3632 3319 3698 λέγω
3352 3633 3619 3701 περὶτῶν

2042 3720 2430 3790 ἀνθρωπίνων;
2461 3718 2787 3788 αἰσχύνομαι
2816 3717 3122 3787 συγκρίνων
3151 3714 3378 3769 πλοῦτον
3406 3718 3500 3770 καὶ
3527 3718 3616 3770 κό-

2043 3822 2178 3873 σμον
2216 3802 2447 3872 χρυσοῦν
2476 3802 2711 3870 δεσμοῖς.
2761 3800 2901 3854 Ἀλλ’
2940 3800 3096 3869 ἀφεὶς
3130 3802 3303 3853 εἰπεῖν
3337 3801 3465 3870 περὶ
3508 3800 3618 3853 τῶν

2045 3887 2293 3958 μεγάλων
2312 3885 2555 3949 ἐκείνων,
2582 3884 2686 3938 κᾶν
2706 3885 2911 3954 μηδένα
2937 3882 3125 3953 μισθὸν
3143 3880 3253 3955 εἶχε
3273 3884 3332 3937 τὸ
3358 3887 3614 3954 πρᾶγμα.

2039 3968 2197 4022 τοῦτο
2227 3968 2385 4039 μόνον
2417 3968 2589 4037 μέγας
2619 3968 2826 4039 μισθὸς,
2860 3966 3015 4021 τοῦτο
3040 3968 3307 4033 ἀντίδοσις
3338 3970 3520 4040 ἱκανὴ,
3553 3970 3616 4022 τὸ

2037 4051 2125 4105 διά
2148 4052 2239 4104 τὸν
2281 4050 2602 4121 φιλούμενον
2631 4050 2801 4104 ταῦτα
2840 4049 3067 4120 πάσχειν
3098 4051 3167 4104 τὰ
3196 4052 3365 4105 δεινά.
3406 4055 3616 4105 Ἰσασιν
3724 4068 3731 4071 ‘

2037 4138 2087 4189 οἱ
2109 4135 2413 4205 φιλοῦντες,
2449 4137 2498 4187 εί
2549 4133 2643 4187 καὶ
2690 4133 2763 4203 μὴ
2793 4133 2883 4186 τὸν
2918 4135 3071 4196 Θεὸν,
3109 4134 3225 4187 ἀλλ’
3272 4134 3613 4205 ἀνθρώπους,

2034 4219 2096 4273 τὸ
2122 4219 2437 4289 λεγόμενον,
2475 4217 2524 4271 οἳ
2568 4218 2784 4287 ἥδονται
2823 4218 3007 4281 κακῶς
3044 4218 3343 4287 πάσχοντες
3392 4218 3614 4288 μᾶλλον,

2034 4301 2381 4373 ἢτιμώμενοι
2408 4302 2557 4371 παρὰ
2577 4301 2685 4354 τῶν
2713 4302 3023 4372 ἐρωμένων.
3049 4301 3156 4354 Τοῦ
3183 4302 3340 4368 ἁγίου
3369 4300 3531 4371 χοροῦ
3555 4301 3615 4353 τὸ

2034 4384 2207 4439 ταῦτα
2236 4386 2468 4437 συνιδεῖν
2513 4384 2695 4453 μόνον,
2733 4384 2839 4435 τῶν
2870 4383 3180 4436 ἀποστόλων
3208 4384 3373 4450 λέγω.
3414 4384 3613 4436 ’Ἄκουε

2034 4468 2142 4538 γὰρ
2168 4468 2260 4520 τοῦ
2283 4468 2552 4538 μακαρίου
2574 4469 2758 4519 Λουκᾶ
2774 4466 3025 4534 λέγοντος
3046 4484 3059 4497 ’
3082 4468 3163 4520 ὅτι
3206 4467 3616 4536 Ὑπέστρεφον

2035 4552 2346 4619 χαίροντες
2366 4550 2482 4604 ἀπὸ
2509 4549 2831 4617 προσώπου
2856 4550 2960 4603 τοῦ
2981 4550 3315 4618 συνεδρίου,
3347 4550 3434 4604 ὅτι
3462 4551 3615 4616 ὑπὲρ

2034 4634 2139 4686 τοῦ
2162 4634 2452 4701 ὀνόματος
2497 4633 2602 4684 τοῦ
2632 4631 2894 4699 Χριστοῦ
2921 4632 3380 4698 κατηξιώθησαν
3411 4633 3615 4701 ἀτιμα-

2033 4716 2405 4784 σθῆναι.Τοῖς
2437 4715 2533 4784 μὲν
2568 4712 2662 4767 οὖν
2694 4714 2874 4778 ἄλλοις
2902 4716 3048 4768 δοκεί
3078 4716 3248 4784 γέλως
3281 4711 3439 4780 εἶναι,
3477 4718 3523 4767 εί
3553 4717 3615 4767 τό

2034 4798 2401 4868 ἀτιμασθῆναι
2432 4798 2831 4867 καταξιωθῆναί
2862 4800 3031 4858 ἐστιν,
3060 4800 3108 4851 εί
3134 4797 3192 4850 τὸ
3221 4798 3607 4869 ἀτιμασθῆναι,

2032 4881 2243 4951 χαίρειν
2283 4880 2433 4933 ἐστί⁸
2466 4883 2578 4943 τοῖς
2615 4881 2670 4933 δέ
2704 4881 3087 4951 ἐπισταμένοις
3116 4880 3209 4933 τοῦ
3247 4882 3485 4951 Χριστοῦ
3521 4882 3611 4932 τὸν

2034 4966 2198 5017 πόθον
2239 4964 2398 5018 τοῦτο
2433 4967 2649 5019 πάντων
2685 4964 3149 5035 μακαριστότερον
3177 4966 3509 5034 νενόμισται.
3551 4964 3616 5015 Et

2033 5064 2116 5109 τις
2149 5048 2272 5115 ἐμοὶ
2298 5047 2394 5100 τὸν
2423 5048 2650 5118 οὐρανὸν
2681 5047 2966 5117 ἐχαρίζετο
2998 5049 3194 5110 πάντα,
3228 5047 3259 5117 ἦ
3292 5048 3391 5117 τὴν
3420 5046 3611 5098 ἅλυσιν

2034 5130 2268 5199 ἐκείνην,
2292 5130 2505 5199 ἐκείνην
2532 5132 2597 5183 ἂν
2629 5131 2739 5198 ἐγὼ
2763 5130 3107 5201 προετίμησα
3130 5147 3144 5161 ο
3178 5131 3231 5182 εῖ
3257 5130 3339 5192 τίς
3373 5147 3441 5199 με
3473 5129 3613 5198 μετὰ

2033 5212 2141 5264 τῶν
2164 5213 2412 5279 ἀγγέλων
2441 5214 2560 5282 ἵστη
2588 5214 2719 5277 ἄνω,
2756 5215 2788 5281 ἦ
2821 5214 2957 5282 μετὰ
2991 5213 3203 5265 Παύλου
3225 5212 3529 5280 δεδεμένου,
3550 5212 3611 5261 τὸ

2030 5296 2402 5368 δεσμωτήριον
2421 5296 2487 5349 ἂν
2512 5298 2732 5366 εἱλόμην
2755 5314 2766 5325 ·
2786 5298 2840 5350 εί
2860 5314 2943 5359 τις
2974 5314 3039 5365 με
3063 5296 3286 5347 ἐκείνων
3315 5294 3411 5347 ἐνα
3434 5293 3609 5347 ἐποίει

2030 5380 2139 5431 τῶν
2173 5381 2457 5449 δυνάμεων
2488 5381 2596 5433 τῶν
2630 5382 2758 5452 περὶ
2789 5381 2881 5432 τὸν
2912 5380 3159 5450 οὐρανὸν,
3209 5378 3316 5429 τῶν
3359 5378 3488 5448 περὶ
3519 5377 3610 5429 τὸν

2035 5462 2242 5534 θρόνον,
2300 5463 2331 5531 ἢ
2390 5463 2675 5533 δεσμώτην
2727 5464 2987 5527 τοιοῦτον,
3052 5460 3289 5522 τοιοῦτος
3354 5460 3419 5512 ἂν
3467 5460 3609 5511 εἱλόο

2038 5563 2143 5617 μην
2178 5547 2429 5614 γενέσθαι
2470 5546 2771 5617 δεσμώτης.
2822 5545 3059 5607 Είκότως
3083 5561 3097 5574 ο
3136 5544 3287 5596 ούδέν
3333 5543 3434 5613 τῆς
3477 5542 3611 5597 ἀλύ-

2041 5647 2176 5693 σεως
2207 5630 2421 5699 ἐκείνης
2451 5630 2884 5702 μακαριώτερον.
2936 5629 3268 5696 Ἐϐουλόμην
3297 5628 3354 5680 ἐν
3383 5630 3495 5690 τοῖς
3518 5627 3610 5680 τό·

2039 5732 2161 5777 ποις
2193 5716 2446 5781 γενέσθαι
2481 5715 2574 5768 νῦν
2615 5717 2840 5777 ἐκείνοις
2861 5732 2875 5746 ο
2907 5714 3125 5781 λέγεται
3158 5712 3264 5781 γάρ
3306 5712 3386 5764 ἐτι
3425 5713 3609 5783 μένειν

2038 5798 2105 5850 τὰ
2138 5797 2313 5865 δεσμά
2337 5813 2349 5826 ’
2386 5799 2479 5850 καὶ
2509 5798 2635 5850 ἰδεῖν
2664 5800 2756 5850 καὶ
2787 5797 3068 5866 θαυμάσαι
3099 5797 3224 5857 τοὺς
3250 5794 3444 5864 ἄνδρας
3465 5794 3607 5845 ἐκείσ-

2039 5898 2161 5946 νους
2212 5878 2304 5934 τοῦ
2343 5881 2506 5935 πόθου
2547 5882 2642 5937 τοῦ
2682 5880 2918 5952 Χριστοῦ
2944 5898 2956 5911 ·
2999 5879 3300 5950 ἐϐουλόμην
3338 5877 3464 5931 ἰδεῖν
3507 5875 3607 5940 τὰς
