4060 6400
439 294 509 352 87
585 344 589 349 .
1216 306 1275 363 8.
1313 308 1600 370 JOANNIS
1636 310 2121 370 CHRYSOSTOMI
2161 311 2482 373 ARCHIEP.
2514 312 3072 373 CONSTANTINOP.
3634 319 3703 378 58

439 415 680 502 ἀλύσεις.
720 417 790 484 ἃς
828 420 1096 479 δεδοίκασι
1137 426 1235 495 μὲν
1259 426 1513 499 δαίμονες
1551 431 1649 485 καὶ
1684 431 2018 502 φρίττουσιν,

436 500 713 583 αίδοῦνται
736 505 792 558 δέ
807 507 1048 576 ἄγγελοι.
1067 512 1237 566 Οὐδὲν
1260 512 1469 583 βέλτιον
1489 516 1585 571 τοῦ
1615 500 1801 582 κακῶς
1822 516 2015 570 παθεῖν

436 599 491 637 τι
518 582 605 670 διά
635 587 888 659 Χριστόν.
919 593 1030 663 Οὐχ
1057 594 1200 649 οὕτω
1244 582 1533 670 μακαρίζω
1558 599 1791 664 Παῦλον,
1827 600 1909 653 ὅτι
1937 600 2017 663 είς

438 668 768 755 παράδεισον
803 675 1052 748 ἡρπάγη,
1112 680 1189 745 ὡς
1219 681 1304 735 ὅτι
1333 668 1413 747 εἰς
1448 684 1508 737 τὸ
1541 684 1915 755 δεσμωτήριον
1944 684 2030 737 ἐν·

441 751 671 840 εδλήθη.
850 760 963 830 Οὐχ
984 762 1159 827 οὕτως
1176 766 1337 820 αὑτὸν
1363 751 1671 839 μακαρίζω,
1699 751 2028 840 δτι-ηκουσεν

438 836 655 943 ἇρρῖιτα
683 843 749 913 ρή
759 861 926 943 ματα.
949 848 1117 943 (bc-6r:
1133 850 1394 943 ύπέμεινε
1426 853 1496 907 τά
1519 836 1696 943 δεῖμά
1713 836 1833 943 ὀύχ
1854 853 2028 943 οθτως

438 921 604 1009 αὑτὸν
657 929 968 1000 μακαρίζω,
1012 932 1093 986 ὅτι
1128 936 1355 1006 ἡρπάγη
1396 940 1478 1001 είς
1506 921 1688 1009 τρῆον
1723 921 1954 1008 οὐρανὸν
1970 948 2020 1001 ι,

438 1002 832 1093 ὡηιακαρίζω
867 1014 956 1069 διὰ
981 1017 1050 1071 τά
1076 1002 1270 1088 δεσμά.
1299 1002 1424 1075 Ὅτι
1459 1002 1571 1093 γὰρ
1603 1021 1779 1077 ταῦτα
1796 1002 2029 1076 ’ἐκείνων

442 1090 686 1174 μείζονα,
709 1096 942 1153 ἄκουσον
970 1102 1064 1154 καὶ
1081 1103 1245 1167 αὐτὸς
1261 1103 1381 1169 πῶς
1405 1090 1567 1159 τοῦτο
1586 1101 1749 1160 οἶδεν.
1765 1104 1900 1159 Οὐδὲ
1917 1105 2028 1174 γὰρ

440 1167 582 1240 εἷπε,
612 1177 927 1263 Παρακαλῶ
967 1184 1114 1255 ὑμᾶς
1142 1186 1253 1254 ἐγὼ
1280 1190 1309 1241 6
1344 1167 1566 1261 ῥήματα
1600 1191 1818 1263 ἀρῤητα
1860 1167 2027 1242 ἀκού-

442 1275 562 1324 σας,
606 1262 743 1317 ἀλλά
770 1266 853 1331 τίς
885 1271 1219 1338 Παρακαλῶ
1259 1272 1416 1344 ὑμᾶς
1454 1272 1570 1345 ἐγὼ
1608 1262 1647 1330 δέ
1679 1273 1926 1343 δέσμιος
1956 1272 2027 1325 ἐν

439 1345 658 1414 Κυρίῳ.

512 1533 574 1585 Et
596 1534 653 1587 δὲ
679 1535 752 1605 μὴ
768 1536 975 1602 πάσαις
993 1537 1153 1594 τοῦτο
1177 1542 1525 1612 προσγράφει
1541 1542 1663 1606 ταῖς
1688 1540 2023 1603 ἐπιστολαῖς,

440 1614 504 1668 ού
538 1617 887 1687 θαυμαστόν
942 1622 1063 1675 οὐδὲ
1108 1623 1216 1695 γὰρ
1255 1624 1488 1677 πάντοτε
1534 1625 1761 1687 ἐδέδετο,
1806 1625 1922 1679 ἀλλ’
1967 1625 2027 1677 ἐν

442 1699 655 1769 χρόνοις
683 1703 844 1759 τισίν.
882 1705 1252 1778 Αίρετώτερον
1285 1708 1408 1777 ἐμοὶ
1435 1706 1630 1761 παθεῖν
1668 1707 1857 1771 κακῶς
1886 1707 2027 1778 ὑπὲρ

441 1781 536 1835 τοῦ
572 1785 833 1855 Χριστοῦ,
873 1789 906 1859 ἢ
950 1790 1215 1858 τιμᾶσθαι
1244 1791 1395 1862 παρὰ
1425 1791 1520 1845 τοῦ
1552 1791 1812 1862 Χριστοῦ.
1855 1792 2029 1845 Τοῦτο

443 1869 657 1937 μεγάλη
690 1872 850 1943 τιμὴ.
882 1873 1042 1927 τοῦτο
1071 1874 1197 1942 δόξα
1224 1877 1258 1945 ή
1292 1876 1470 1930 πάντα
1492 1876 1928 1947 ὑπερϐάλλουσα.
1961 1875 2023 1928 El

441 1951 604 2017 αὐτὸς
632 1952 697 2006 δι’
729 1956 830 2024 ἐμὲ
854 1958 1143 2027 γενόμενος
1171 1959 1377 2024 δοῦλος,
1413 1961 1508 2014 καὶ
1543 1960 1641 2032 τὴν
1672 1960 1830 2024 δόξαν
1857 1959 2028 2014 κενώ-

444 2054 564 2101 σας,
604 2036 702 2107 ούχ
732 2039 904 2105 οὕτως
939 2043 1124 2112 ἡγεῖτο
1156 2046 1216 2098 ἐν
1249 2045 1374 2117 δόξῃ
1403 2043 1563 2108 εἶναι,
1604 2045 1681 2109 ὡς
1711 2047 1800 2099 ὅτε
1828 2046 2025 2098 ἐσταυ-

445 2119 604 2190 ροῦτο
625 2122 764 2192 ὑπὲρ
782 2124 938 2193 ἐμοῦ,
960 2126 1013 2178 τί
1036 2127 1135 2196 ἐμὲ
1152 2128 1346 2182 παθεῖν
1365 2129 1426 2182 ού
1452 2129 1567 2196 δεῖ;
1590 2131 1788 2183 Ἀκουε
1809 2129 1918 2200 γάρ
1938 2130 2029 2182 αύ-

439 2202 536 2256 τοῦ
554 2203 829 2273 λέγοντος.
870 2210 1232 2281 Δόξασόνμε
1250 2213 1354 2278 σὺ,
1376 2213 1587 2282 Πάτερ.
1611 2214 1677 2268 Τί
1695 2214 1878 2283 λέγεις
1898 2231 1914 2280 ;
1936 2215 2029 2268 ἐπὶ

441 2288 681 2359 σταυροῦ
709 2291 817 2363 ἄγῃ
851 2293 989 2362 μετά
1008 2294 1223 2366 λῃστῶν
1246 2297 1344 2350 καὶ
1372 2298 1774 2369 τυμϐωρύχων,
1803 2299 1895 2352 rbv
1918 2298 2028 2353 τῶν

441 2372 737 2443 ἐπαράτων
772 2374 1099 2444 ὑφίστασθαι
1133 2379 1384 2446 θάνατον,
1433 2381 1777 2453 ἐμπτύεσθαι
1815 2383 2029 2453 μέλλεις

441 2455 535 2509 καὶ
560 2456 909 2526 ῥαπίζεσθαι,
934 2460 1029 2514 καὶ
1043 2460 1219 2516 ταῦτα
1243 2462 1401 2528 δόξαν
1431 2464 1646 2529 καλεῖς;
1671 2466 1799 2529 Ναὶ,
1824 2465 1989 2535 φησίν
2013 2485 2027 2498 ο

442 2537 584 2608 ὑπὲρ
605 2538 714 2610 γάρ
739 2540 847 2594 τῶν
878 2542 1221 2615 φιλουμένων
1244 2546 1353 2615 ἐγὼ
1376 2546 1570 2616 πάσχω
1600 2547 1797 2613 ταῦτα,
1822 2548 1915 2602 καὶ
1936 2566 2029 2603 τα-

439 2621 537 2675 νῦν
561 2623 870 2688 δύξαναύτὰ
894 2627 1155 2697 ἡγοῦμαι.
1184 2630 1247 2683 EE
1267 2632 1295 2683 6
1318 2630 1443 2693 τοὺς
1468 2631 1721 2701 οίκτροὺς
1737 2632 1831 2686 καὶ
1851 2632 2055 2703 ταλαιο,

440 2704 661 2776 πώρους
686 2710 1116 2780 φιλήσας,δόξαν
1135 2713 1194 2766 τὸ
1223 2714 1455 2784 πρᾶγμα
1480 2715 1657 2779 καλεῖ,
1675 2715 1770 2768 καὶ
1803 2715 1864 2769 ού
1886 2716 1948 2769 rb
1971 2718 2029 2770 ἐν

440 2790 712 2863 τῷθρόνῳ
727 2789 866 2848 εἶναι
894 2794 971 2865 τῷ
996 2796 1274 2868 πατρικῷ,
1304 2797 1427 2852 οὐδὲ
1453 2799 1513 2852 rb
1543 2798 1600 2851 ἐν
1628 2801 1694 2869 τῇ
1715 2798 1863 2871 δόξῃ,
1892 2799 2031 2854 ἀλλὰ

439 2874 504 2928 rb
540 2877 599 2928 ἐν
633 2877 829 2948 ἀτιμίᾳ
865 2878 992 2942 δόξα
1027 2874 1117 2951 ἦν,
1156 2881 1253 2934 καὶ
1282 2880 1440 2935 τοῦτο
1479 2881 1690 2935 ἐκείνου
1727 2882 2027 2953 προετίθει,

441 2957 626 3029 πολλῷ
658 2960 860 3029 μᾶλλον
898 2961 1009 3030 ἐγὼ
1038 2961 1213 3017 ταῦτα
1239 2964 1442 3031 ὀφείλω
1474 2964 1635 3030 δόξαν
1664 2966 1939 3036 ήγεῖσθαι.
1968 2969 2032 3020 ’Ὠ

440 3041 551 3097 τῶν
584 3044 871 3113 μακαρίων
908 3043 1143 3117 δεσμῶν,
1172 3046 1218 3101 ὣ
1250 3047 1358 3101 τῶν
1391 3049 1674 3119 μακαρίων
1711 3049 1929 3119 χειρῶν,
1965 3051 2033 3114 ἃς

444 3125 753 3198 ἐκόσμησεν
773 3130 806 3198 ὴ
837 3128 1027 3194 ἁλυσις
1055 3130 1259 3202 ἐκείνη.
1290 3132 1404 3185 Οὐκ
1424 3127 1566 3201 ἦσαν
1588 3135 1732 3186 οὕτω
1760 3134 1940 3204 τίμιαι
1974 3136 2031 3188 αἱ

442 3213 626 3283 χεῖρες
656 3212 869 3267 Παύλου
899 3214 990 3269 τὸν
1023 3215 1194 3286 χωλὸν
1220 3215 1312 3269 τὸν
1345 3217 1403 3269 ἐν
1431 3216 1699 3288 Λύστροις
1724 3218 2033 3288 ἀναστήσα-

446 3311 537 3348 σαι
562 3296 1067 3368 κα“ιέγείρασαι,ὠς
1107 3298 1178 3352 τὰ
1201 3298 1377 3369 δεσμά
1399 3300 1802 3371 περικείμεναι.
1831 3304 1893 3355 El
1910 3305 2030 3357 κατ’

445 3379 689 3444 ἐκείνους
711 3382 837 3444 τοὺς
866 3381 1091 3452 χρόνους
1108 3378 1176 3453 ἦν
1196 3381 1327 3452 ἐγὼ,
1358 3383 1481 3437 τότε
1504 3382 1572 3438 ἂν
1606 3384 1839 3456 μάλιστα
1861 3387 2033 3450 αὐτὰς

444 3465 916 3536 περιεπτυξὰμην,
939 3467 1034 3520 καὶ
1063 3468 1158 3521 ἐπὶ
1186 3468 1287 3532 τὰς
1316 3468 1484 3538 κόρας
1513 3468 1688 3537 ἔθηκα
1721 3472 1819 3535 τὰς
1857 3473 1996 3542 ἐμάς
2016 3490 2030 3504 ·

444 3550 545 3600 οὐκ
562 3549 891 3621 ἐπαυσάμην
911 3550 1228 3618 καταφιλῶν
1242 3553 1429 3623 χεῖρας
1443 3552 1875 3617 καταξιωθείσας
1892 3556 2033 3626 ὑπὲρ

443 3631 540 3684 τοῦ
570 3634 842 3686 Δεσπότου
877 3633 1098 3703 δεθῆναι
1126 3633 1221 3687 τοῦ
1250 3635 1407 3704 ἐμοῦ.
1447 3635 1764 3707 Θαυμάζεις
1795 3638 2029 3703 Παῦλον,

444 3715 535 3768 ὅτε
578 3716 823 3786 καθῆψεν
876 3717 1113 3787 αὖτοῦή
1164 3717 1279 3787 ἐχις
1319 3718 1424 3788 τῆς
1474 3721 1680 3791 χειρὸς,
1735 3722 1831 3774 καὶ
1882 3724 2034 3776 οὐδὲν

446 3797 673 3867 ἐποίησε
694 3817 709 3865 ;
740 3799 831 3868 Μὴ
854 3798 1142 3872 θαυμάσῃς
1161 3816 1174 3829 ·
1205 3801 1407 3872 ᾐδέσθη
1430 3804 1540 3873 γάρ
1556 3803 1655 3875 τὴν
1673 3805 1865 3859 ἅλυσιν
1894 3822 1908 3837 ·
1939 3808 2035 3859 καὶ

448 3882 689 3937 θάλαττα
702 3882 759 3936 δὲ
781 3883 974 3953 ὁλόκλη
985 3902 1075 3955 ρος
1089 3884 1295 3957 ταύτην
1315 3887 1497 3957 ᾐδεῖτο
1512 3905 1528 3921 ⁸
1542 3888 1663 3942 τότε
1676 3888 1786 3961 γὰρ
1799 3890 2030 3945 ἐδέδετο.

448 3967 517 4021 Et
551 3967 637 4031 τίς
685 3985 775 4034 μοι
815 3971 1043 4039 νεκροὺς
1072 3968 1273 4023 ἔδωκεν
1323 3971 1629 4042 ἀναστῆσαι
1664 3973 1782 4034 νῦν,
1813 3975 1917 4027 οὐκ
1968 3975 2034 4030 ἂν

447 4049 606 4104 τοῦτο
628 4050 874 4123 είλόμην,
899 4051 1038 4106 ἀλλᾶ
1065 4054 1166 4121 τὴν
1189 4053 1379 4108 ἆλυσιν
1402 4072 1416 4086 ·
1446 4056 1496 4109 εί
1520 4056 1631 4109 τῶν
1650 4057 2035 4127 ἐκκλησιαστιι-

449 4135 563 4189 κῶν
598 4136 896 4208 φροντίδων
925 4137 1083 4201 ἐκτὸς
1114 4138 1285 4208 ἥμην,
1322 4138 1416 4193 καὶ
1446 4139 1510 4194 rb
1551 4140 1712 4212 σῶμα
1758 4140 2035 4213 εὔρωστον

449 4214 618 4289 εἷχον,
641 4221 741 4274 οῦκ
760 4219 827 4274 ἂν
844 4220 1252 4293 παρῃτησάμην
1275 4223 1587 4296 ἀποδημίαν
1608 4224 1878 4296 τοσαύτην
1898 4229 2033 4298 ποή-

452 4302 647 4358 σασθαι
670 4303 812 4372 ὑπὲρ
830 4304 924 4357 τοῦ
954 4305 1054 4368 τὰς
1076 4305 1295 4370 ἁλύσεις
1327 4307 1486 4377 μόνον
1514 4308 1664 4369 ίδεῖν,
1694 4309 1833 4378 ὑπὲρ
1856 4310 1950 4363 τοῦ
1974 4312 2035 4366 rb

450 4385 822 4458 δεσμωτήριον
845 4387 973 4442 ἔνθα
997 4389 1224 4445 ἐδέδετο.
1260 4391 1453 4443 Καίτοι
1479 4391 1574 4445 καὶ
1603 4391 1711 4445 τῶν
1736 4392 2033 4461 θαυμάτων

450 4471 618 4524 αὑτοῦ
642 4471 811 4525 πολλὰ
832 4473 1110 4544 πανταχοῦ
1143 4476 1348 4545 σημεῖα
1375 4477 1657 4546 τυγχάνει,
1682 4476 1798 4529 ἀλλ’
1821 4477 1919 4547 οὐχ
1941 4476 2036 4530 οῦ-

449 4571 559 4617 τως
584 4555 701 4608 ἐστὶ
730 4556 973 4614 ποθεινὰ.
1001 4560 1078 4620 ὡς
1098 4557 1169 4611 τά
1187 4558 1297 4610 τῶν
1328 4560 1663 4629 στιγμάτων.
1699 4562 1810 4614 Καὶ
1830 4562 1888 4615 ἐν
1915 4564 2035 4625 ταῖς

450 4640 698 4711 Γραφαῖς
725 4640 783 4693 δὲ
809 4641 907 4711 οὐχ
937 4640 1083 4694 οὕτω
1115 4660 1181 4712 με
1211 4642 1496 4713 εὐφραίνει
1526 4642 1781 4715 θαύματα
1809 4646 2035 4717 ἐργαζό-

453 4739 636 4793 μενος,
665 4721 743 4784 ὼς
774 4723 1000 4794 πάσχων
1027 4724 1234 4789 κακῶς,
1262 4727 1679 4794 μαστιζόμενος,
1710 4730 2030 4800 συρόμενος.

455 4807 664 4866 Ὀντως
693 4805 984 4876 θαυμαστά
1004 4808 1098 4861 καὶ
1117 4809 1185 4862 τά
1210 4808 1304 4861 τοῦ
1327 4810 1538 4880 χρωτδς
1559 4811 1818 4882 σουδάρια
1847 4813 1943 4867 καὶ
1964 4813 2034 4866 τὰ

452 4888 791 4959 σημικίνθια,
838 4890 1117 4960 παράδοξα
1148 4891 1528 4963 ὲργαζόμενα’
1563 4894 1678 4947 ἀλλ’
1711 4896 1774 4949 οὗ
1810 4896 2036 4950 τοιαῦτα

450 4966 539 5025 οἵα
564 4971 769 5027 ἐκεῖνα.
806 4974 1119 5041 Δείραντες
1148 4974 1357 5037 αὑτὸν,
1405 4977 1561 5045 φησὶ,
1602 4976 1701 5031 καί
1728 4978 2031 5045 ἐπιθέντες

452 5058 687 5123 πολλὰς
727 5055 844 5128 [55]
886 5056 1144 5125 πληγὰς,
1183 5058 1408 5113 ἔϐαλον
1437 5062 1525 5126 είς
1569 5061 1892 5129 φυλακήν·
1942 5065 2036 5117 καὶ

452 5138 637 5205 πάλιν,
686 5139 1000 5208 Δεδεμένοι
1044 5140 1278 5209 ὕμνουν
1319 5142 1426 5196 τὸν
1467 5146 1651 5197 Sed)“
1706 5146 1801 5199 καὶ
1848 5146 2033 5211 πάλιν,

449 5222 825 5288 Λιθὰσαντες
852 5222 1060 5286 αὐτὸν,
1095 5224 1322 5292 ἔσυρον
1352 5227 1470 5292 ἔξω
1495 5225 1604 5297 τῆς
1642 5226 1898 5298 πόλεώς,
1932 5248 2036 5286 νο-

448 5306 742 5377 μίσαντες
773 5306 961 5362 αὐτὸν
989 5308 1290 5363 τεθνάναι.

524 5490 788 5545 Βούλεσθε
814 5491 1009 5562 μαθεῖν
1034 5493 1159 5556 ὅσον
1186 5493 1334 5547 ἐστὶν
1357 5494 1547 5560 ἅλυσις
1573 5496 1770 5569 σιδηρᾶ
1795 5498 1883 5553 διὰ
1905 5500 2038 5571 Χρι-

456 5573 582 5629 στὸν
610 5575 968 5647 περικειμένη
1014 5575 1230 5648 σώματι
1261 5578 1522 5648 δουλικῷ;
1557 5580 1831 5636 ἀκούσατε
1873 5584 2038 5637 αὐτοῦ

442 5656 550 5713 θεοῦ
579 5658 817 5730 Χριστοῦ
843 5660 1115 5730 λέγοντος,
1142 5662 1433 5732 Μακάριοι
1457 5664 1620 5722 ἐστε.
1655 5666 1754 5735 Τί;
1791 5667 1920 5722 ὅταν
1949 5687 2039 5723 νε-

515 5884 547 5917 ⁸
571 5882 726 5945 Unus,
755 5883 819 5941 εἰς
840 5868 995 5948 τρίτον
1016 5887 1304 5950 παράδεισον
1327 5888 1407 5936 τὸν
1430 5887 1640 5950 οὐρανόν.

2131 432 2296 501 κροὺς
2312 432 2654 506 ἀναστήσητε
2674 453 2688 498 ;
2709 434 2843 505 Ούχί
2858 449 2874 466 °
2892 432 3027 487 ἀλλά
3042 431 3095 485 τί
3116 431 3278 495 ςὸταν
3296 432 3529 501 τυφλοὺς
3549 435 3710 508 θερα-

2131 515 2405 587 πεύσητε;
2445 517 2713 589 Οὐδαμῶς
2735 536 2749 551 ο
2794 517 2931 573 ἀλλὰ
2967 517 3055 582 τί;
3099 516 3289 569 Ὀταν
3324 517 3711 574 ὀνειδίσωσιν

2128 597 2303 666 ὑμᾶς,
2327 601 2426 654 καί
2451 599 2728 669 διώξωσι,
2749 602 2845 656 καί
2873 601 3088 655 εἴπωσι
3109 596 3232 654 πᾶν
3247 601 3514 670 πονηρὸν
3522 601 3712 673 ῥῆμα,

2128 682 2492 752 ψευδόμενοι
2513 686 2643 738 καθ’
2662 684 2832 753 ὑμῶν
2856 683 3069 737 ἕνεκεν
3082 682 3249 752 ἐμοῦ.
3274 683 3336 736 El
3362 684 3420 737 δὲ
3438 684 3500 737 rb
3525 685 3712 749 κακῶς

2129 763 2360 820 ἀκοῦσαι
2393 766 2536 820 οὕτω
2563 769 2709 821 ποιεῖ
2738 766 3062 838 μακαρίους,
3112 765 3175 819 rb
3204 765 3393 830 κακῶς
3416 766 3633 829 παθεῖν,
3656 768 3711 821 τί

2128 848 2229 901 οὐκ
2240 848 2306 903 ἂν
2317 866 2341 903 ε
2350 852 2363 903 ί
2370 851 2615 921 ργάσατο
2633 851 2662 893 ι’
2682 868 2697 917 ;
2717 853 2920 906 Ἀκουε
2933 849 3099 905 αὑτοῦ
3112 848 3207 904 τοῦ
3234 851 3509 923 μακαρίου
3520 851 3714 906 τούτου

2129 930 2377 1001 λέγοντος
2405 933 2638 1005 ἀλλαχοῦ
2663 950 2680 967 ’
2707 935 2937 990 Λοιπὸν
2966 934 3278 989 ἀπόκειταί
3295 952 3397 1003 μοι
3427 938 3461 989 ό
3491 934 3602 1005 τῆς
3622 934 3715 989 δι-

2130 1017 2464 1086 καιοσύνης
2494 1018 2819 1089 στέφανος.
2874 1019 3036 1073 Ἀλλά
3070 1017 3169 1072 τοῦ
3209 1020 3477 1087 στεφάνου
3515 1020 3714 1074 τούτου

2128 1100 2507 1173 λαμπρότερος
2527 1105 2555 1157 6
2574 1103 2793 1174 δεσμός.
2824 1102 3028 1157 Τούτου
3074 1118 3142 1172 με
3174 1102 3523 1169 καταξιώσει,
3552 1106 3710 1175 φησὶ,

2130 1184 2224 1236 καὶ
2259 1185 2411 1238 οὐδὲν
2439 1186 2581 1257 ὑπὲρ
2609 1187 2835 1240 ἐκείνων
2871 1184 3357 1256 ἀκριϐολογοῦμαι.
3402 1186 3588 1257 Ἀρκεῖ
3620 1204 3712 1252 μοι

2128 1266 2267 1337 πρὸς
2288 1270 2470 1323 πᾶσαν
2494 1270 2763 1324 ἀντίδοσιν
2788 1271 2850 1324 τὸ
2872 1270 3064 1325 παθεῖν
3084 1271 3272 1333 κακῶς
3301 1269 3390 1324 διὰ
3415 1272 3508 1325 τὸν
3535 1273 3712 1342 Χρισ-

2126 1349 2239 1406 τόν.
2271 1352 2418 1405 Δότω
2436 1371 2525 1423 μοι
2545 1353 2882 1423 φθέγξασθαι
2918 1355 3115 1419 ἐκεῖνο,
3145 1353 3715 1423 ὄτιἋνταναπληρῶ

2127 1433 2199 1488 τὰ
2225 1435 2611 1506 ὑστερήματα
2650 1439 2770 1490 τῶν
2797 1438 3065 1506 θλίψεων
3100 1437 3209 1492 τοῦ
3242 1437 3505 1506 Χριστοῦ
3536 1439 3608 1491 ἐν
3636 1436 3715 1507 τῇ

2127 1518 2311 1584 σαρκί
2328 1537 2470 1588 μου,
2496 1522 2591 1574 καὶ
2623 1521 2839 1584 οὐδενὸς
2868 1521 3081 1591 δέομαι.
3122 1521 3453 1593 Κατηξιὼθη
3479 1523 3573 1576 καὶ
3604 1522 3709 1575 Πέ-

2127 1616 2255 1671 τρος
2271 1601 2475 1673 ταύτης
2497 1604 2595 1675 τῆς
2624 1605 2870 1670 ἁλύσεως
2888 1620 2903 1636 ο
2931 1600 3040 1658 Ἦν
3065 1605 3193 1676 γὰρ,
3215 1606 3369 1676 φησὶ.
3406 1606 3710 1677 δεδεμένος,

2128 1686 2223 1738 καὶ
2258 1687 2694 1759 παραδεδομένος
2730 1687 3113 1760 στρατιώταις,
3137 1690 3232 1743 καὶ
3266 1688 3579 1744 ἐκάθευδεν.
3604 1688 3711 1743 Οὔ-

2127 1785 2237 1833 τως
2282 1770 2493 1841 ἔχαιρε,
2534 1774 2629 1827 καὶ¹
2658 1773 2761 1828 οὐκ
2796 1774 2975 1845 ήλγει,
3002 1774 3079 1838 ὡς
3106 1775 3203 1828 καὶ
3239 1774 3524 1829 καθεύδειν
3553 1790 3569 1805 ·
3613 1775 3715 1827 οὐκ

2128 1867 2194 1921 ἂν
2226 1868 2282 1921 δὲ
2309 1869 2471 1923 αὐτὸν
2505 1868 2674 1939 βαθὺς
2711 1870 2878 1936 ῦπνος
2904 1868 3070 1943 εἶχεν,
3101 1871 3157 1924 εῐ
3187 1887 3252 1939 γε
3283 1870 3341 1922 ἐν
3376 1866 3617 1941 φροντίδι
3645 1862 3716 1939 ἦν

2129 1952 2319 2024 πολλῇ.
2363 1954 2652 2009 Ἐκάθευδε
2691 1954 2895 2026 μεταξὺ
2936 1955 3284 2024 στρατιωτῶν
3309 1953 3384 2009 ὧν
3408 1970 3424 1986 ’
3464 1955 3563 2009 καὶ
3609 1953 3712 2022 ἀγ·-

2128 2035 2287 2104 γελος
2332 2033 2466 2108 ἦλθε
2512 2040 2649 2111 πρὸς
2702 2041 2887 2106 αὐτὸν,
2941 2042 3038 2095 καὶ
3081 2040 3333 2105 πατάξας
3389 2037 3557 2095 αὐτοῦ
3615 2037 3715 2109 τὴν

2129 2120 2395 2192 πλευράν,
2438 2123 2681 2194 ἤγειρεν.
2725 2124 2793 2177 Εἴ
2815 2141 2902 2188 τις
2933 2125 3116 2178 τοίνυν
3145 2121 3271 2178 εἶπέ
3307 2141 3419 2194 μοι,
3459 2122 3525 2176 Τί
3555 2120 3714 2175 ἐϐού-

2128 2201 2250 2268 λου;
2280 2204 2513 2273 ἄγγελος
2538 2202 2676 2262 εἶναι
2704 2209 2734 2261 6
2764 2208 2971 2276 Πέτρον
3011 2207 3199 2275 νύξας,
3229 2207 3263 2278 ἢ
3299 2208 3504 2279 Πέτρος
3536 2206 3565 2259 6
3594 2205 3714 2259 δια-

2132 2287 2355 2354 σωθείς;
2398 2289 2605 2361 Πέτρος
2650 2290 2718 2345 ἂν
2762 2291 2988 2362 εἱλόμην
3021 2291 3301 2361 γενέσθαι,
3354 2291 3423 2345 δι’
3459 2288 3521 2344 ὂν
3554 2290 3650 2344 καὶ
3686 2288 3717 2339 6

2128 2370 2362 2440 ἄγγελος
2394 2368 2581 2445 ἦλθεν.
2630 2373 2773 2445 Ἐγὼ
2803 2376 2911 2429 τῶν
2942 2375 3161 2447 δεσμῶν
3193 2376 3428 2446 όναίμτρ
3468 2374 3713 2429 ἐκείνων.

2129 2456 2241 2508 Καὶ
2262 2454 2402 2518 πῶς,
2428 2458 2617 2529 φησὶν,
2644 2458 2721 2523 ὡς
2750 2458 3004 2530 μεγάλων
3037 2459 3228 2514 κακῶν
3257 2458 3593 2526 ἀπαλλαγεὶς
3623 2456 3713 2509 εῦ-

2129 2555 2315 2609 Χεταιῖ
2344 2539 2436 2611 Μὴ
2462 2541 2750 2614 θαυμάσῃς
2767 2559 2782 2574 ⁸
2808 2541 3029 2613 εὔχεται
3050 2542 3182 2615 γάρ,
3213 2542 3467 2605 δεδοικὼς
3490 2541 3566 2613 μὴ
3587 2541 3717 2594 ἀπο-

2130 2622 2287 2696 θάνῃ.
2328 2624 2402 2676 Tb
2430 2624 2487 2678 δὲ
2525 2624 2822 2681 ἀποθανεῖν
2859 2626 3119 2680 ἐδεδοίκει
3160 2625 3249 2680 διὰ
3306 2625 3367 2680 rb
3417 2625 3498 2679 ἐτι
3532 2624 3719 2695 βούλε-

2132 2707 2256 2762 σθαι
2288 2708 2454 2763 αὐτὸν
2493 2709 2591 2781 τὴν
2620 2709 2765 2782 ζωὴν
2814 2705 2957 2765 εἶναι
2998 2710 3257 2765 ὑπόθεσιν
3290 2709 3397 2764 τῶν
3449 2708 3638 2763 παθῶν
3661 2717 3713 2758 ο.

2134 2791 2403 2846 Ἄκουσον
2457 2793 2590 2862 γοῦν
2641 2795 2735 2847 καὶ
2783 2794 2947 2858 αὐτὸς
2993 2795 3023 2848 6
3076 2794 3347 2865 μακάριος
3391 2792 3607 2854 Παῦλος
3660 2789 3717 2843 τί

2130 2891 2297 2945 φησι;
2333 2875 2405 2930 Τὸ
2430 2876 2739 2932 ἀναλῦσαι
2762 2878 2862 2933 καί
2895 2878 3021 2932 σὺν
3041 2876 3272 2947 Χριστῷ
3305 2874 3479 2941 εἷναι,
3506 2872 3720 2940 πολ.ιῷ

2125 2956 2370 3026 μᾶλλον
2384 2959 2697 3028 κρεῖσσον,
2715 2961 2782 3015 τὸ
2795 2961 2862 3014 δὲ
2872 2962 3240 3031 παραμένειν
3256 2960 3328 3030 τῇ
3344 2960 3523 3029 σαρκί
3538 2960 3719 3028 ἀναγ-

2132 3041 2445 3110 καιότερον
2457 3042 2532 3097 δι’
2544 3041 2898 3113 ὐμᾶς.Τοῦτο
2909 3046 3003 3098 καὶ
3020 3045 3179 3115 χάριν
3208 3043 3435 3098 ἐκάλεσε
3453 3042 3683 3113 γράφων
3701 3056 3714 3069 ·

2146 3123 2470 3195 Ἐχαρίσθη
2503 3128 2613 3198 γὰρ
2634 3128 2796 3197 ὑμῖν,
2823 3129 3011 3199 φησὶν,
3039 3128 3157 3183 ἀπὸ
3196 3126 3305 3182 τοῦ
3335 3125 3614 3195 Χριστοῦ,
3643 3126 3719 3178 οὐ

2126 3210 2320 3277 μόνον
2344 3211 2412 3263 τὸ
2441 3213 2528 3277 είς
2557 3212 2747 3266 αὐτὸν
2775 3213 3106 3277 πιστεύειν,
3139 3211 3301 3267 ἀλλὰ
3326 3214 3427 3265 καί
3464 3211 3529 3265 τὸ
3560 3208 3716 3277 ὑπὲρ

2130 3292 2319 3347 αὑτοῦ
2356 3292 2641 3363 πάσχειν.
2673 3296 2839 3351 Ὥστε
2869 3296 3030 3350 τοῦτο
3064 3296 3274 3350 ἐκείνου
3310 3294 3498 3367 μεῖζόν
3530 3296 3711 3347 ἐστιν·

2132 3374 2426 3447 ἐχαρίσατο
2457 3378 2589 3450 γάρ.
2625 3379 2831 3443 Ὄντως
2858 3380 2977 3433 ἐστί
3006 3379 3167 3451 χάρις
3200 3380 3454 3451 μεγίστη,
3483 3377 3578 3431 καὶ
3607 3393 3715 3429 πα-

2134 3460 2244 3511 σῶν
2281 3458 2489 3514 τούτων
2536 3459 2764 3531 μείζων,
2798 3462 2893 3516 τοῦ
2926 3462 3018 3516 τὸν
3049 3464 3203 3534 ἥλιον
3242 3463 3443 3533 στῆσαι
3485 3462 3581 3515 καὶ
3615 3459 3716 3530 τὴν

2135 3542 2389 3615 σελήνην,
2436 3543 2529 3599 τοῦ
2556 3544 2647 3598 τὸν
2677 3546 2884 3617 κόσμον
2909 3546 3132 3618 κινῆσαι
3155 3560 3171 3581 ο
3206 3545 3365 3600 τοῦτο
3406 3546 3592 3617 μεῖζον
3623 3542 3715 3596 τοῦ

2131 3627 2404 3698 δαιμόνων
2430 3629 2726 3700 κρατῆσαι,
2748 3630 2782 3702 ἢ
2804 3631 3079 3685 ἀπελάσαι
3108 3629 3388 3703 δαίμονας.
3412 3629 3525 3701 Ούχ
3547 3626 3716 3690 οὕτως

2132 3710 2391 3780 ἀλγοῦσιν
2424 3714 2623 3765 ἐκεῖνοι
2654 3714 2836 3767 πίστει
2865 3717 2930 3786 τῇ
2978 3716 3109 3787 παρ’
3142 3715 3301 3787 ἡμῶν
3348 3714 3714 3784 ἐλαυνόμενοι,

2132 3795 2209 3859 ὡς
2252 3797 2383 3850 ὅταν
2431 3798 2579 3867 ἡμᾶς
2629 3797 2779 3850 ῐδωσι
2828 3798 3000 3852 κακόν
3033 3817 3087 3852 τι
3132 3800 3446 3869 πάσχοντας
3494 3797 3582 3850 διὰ
3624 3797 3717 3849 τὸν

2134 3878 2391 3950 Χριστὸν,
2418 3879 2514 3933 καὶ
2538 3879 2942 3951 δεσμουμένους
2968 3898 2982 3913 ο
3016 3882 3238 3954 μείζονα
3261 3883 3371 3954 γάρ
3394 3880 3553 3934 τοῦτο
3576 3880 3721 3934 ποιεῖ

2132 3962 2232 4033 τὴν
2262 3963 2597 4034 παρρησίαν.
2644 3965 2721 4019 Οὐ
2746 3965 2835 4019 διά
2863 3965 3023 4020 τοῦτο
3061 3966 3225 4021 καλὸν
3252 3967 3314 4020 rb
3354 3964 3601 4020 δεδέσθαι
3631 3964 3719 4018 διὰ

2132 4047 2227 4099 τὸν
2281 4044 2540 4115 Χριστὸν,
2592 4049 2678 4102 ὅτι
2731 4048 3011 4119 βασιλείαν
3058 4050 3313 4123 προξενεῖ
3349 4050 3412 4103 rb
3460 4050 3713 4122 πρᾶγμα.

2132 4127 2251 4182 ἀλλ’
2274 4129 2356 4183 ὅτι
2382 4128 2471 4183 διὰ
2498 4130 2589 4184 τὸν
2620 4132 2858 4202 Χριστὸν
2885 4134 3094 4202 γίνεται
3114 4151 3130 4167 ⁸
3161 4136 3225 4189 ού
3254 4134 3345 4189 διὰ
3360 4133 3521 4189 τοῦτο
3542 4151 3719 4205 μακα-

2138 4211 2274 4284 ρίζω
2312 4214 2441 4276 τοὺς
2478 4213 2734 4284 δεσμοὺς,
2772 4216 2855 4271 ὅτι
2898 4219 2980 4282 είς
3020 4218 3114 4273 τὸν
3146 4219 3378 4291 οὐρανὸν
3419 4218 3717 4289 παραπέμ-

2134 4312 2352 4364 πουσιν,
2388 4297 2506 4352 ἀλλ’
2546 4299 2630 4353 ὃτι
2661 4298 2749 4353 διὰ
2780 4299 2873 4356 rbv
2914 4303 3197 4374 Δεσπότην
3224 4301 3321 4356 τοῦ
3354 4299 3592 4373 οὐρανοῦ
3631 4298 3718 4369 γί-

2133 4398 2337 4436 νονται.

2209 4546 2326 4622 [56]
2342 4549 2516 4604 Πόσον
2528 4549 2792 4623 καύχημα
2809 4552 3028 4621 είδέναι,
3046 4553 3129 4607 ὃτι
3144 4552 3233 4608 διὰ
3248 4554 3339 4609 rbv
3351 4552 3588 4626 Χριστὸν
3606 4550 3722 4608 ἐδέ-

2135 4632 2234 4704 θη;
2262 4634 2402 4705 πόση
2423 4635 2606 4706 ἡδονὴ,
2631 4636 2771 4708 πόση
2802 4636 2960 4708 τιμὴ,
2982 4638 3124 4709 πόση
3145 4639 3501 4712 λαμπρότης;
3538 4640 3723 4693 Ἐϐου-

2134 4714 2306 4788 λόμην
2334 4716 2627 4783 διαπαντὸς
2654 4718 2829 4773 ταῦτα
2862 4719 3194 4791 φθέγγεσθαι
3219 4739 3237 4755 ο
3270 4723 3571 4794 ἐΰουλόμην
3598 4723 3723 4794 ἔχε⁹

2136 4801 2261 4855 σθαι
2290 4804 2389 4872 τῆς
2417 4801 2695 4867 ἁλύσεως*
2730 4804 3053 4877 ἐϐουλόμην,
3097 4808 3145 4860 εί
3176 4808 3271 4861 καὶ
3316 4807 3395 4879 τῷ
3433 4808 3723 4878 πράγματι

2134 4885 2540 4957 ἀπεστέρημαι,
2588 4886 2725 4940 ἀλλά
2761 4886 2841 4957 τῷ
2887 4887 3032 4959 λόγῳ
3070 4890 3377 4962 περιθεῖναι
3401 4893 3500 4963 τὴν
3529 4891 3723 4945 ἅλυσιν

2132 4970 2201 5040 τῇ
2230 4967 2376 5040 ψυχῇ
2405 4970 2494 5024 διά
2512 4969 2612 5041 τῆς
2637 4970 2951 5037 διαθέσεως.
2991 4975 3299 5043 Ἐσείσθη,
3332 4976 3489 5047 φησὶ,
3534 4978 3598 5029 τὸ
3623 4974 3724 5029 δε-

2134 5054 2475 5123 σμωτήριον
2522 5054 2846 5125 δεδεμένου
2902 5059 3148 5113 Παύλου
3168 5100 3182 5124 ,
3232 5059 3333 5113 καὶ
3371 5059 3617 5114 πάντων
3650 5061 3726 5115 τὰ

2135 5138 2328 5209 δεσμὰ
2360 5140 2590 5209 ἀνείθη.
2624 5134 2779 5205 Εἶδες
2823 5140 3040 5212 δεσμῶν
3090 5142 3253 5213 φύσιν
3282 5144 3353 5198 τά
3389 5144 3565 5215 δεσμά
3600 5146 3727 5200 ἀνα-

2135 5223 2369 5277 λύουσαν
2390 5224 2591 5291 ;”Ωσπε
2598 5242 2630 5297 ρ
2647 5224 2756 5297 γάρ
2769 5228 2797 5279 6
2816 5224 2912 5280 τοῦ
2930 5227 3134 5296 Κυρίου
3149 5227 3380 5293 θάνατος
3390 5229 3480 5282 τὸν
3495 5229 3726 5283 θάνατον

2136 5306 2500 5371 ἐθανάτωσεν,
2529 5307 2671 5361 οῦτω
2703 5310 2798 5363 καὶ
2819 5310 2888 5364 τὰ
2914 5310 3129 5364 Παύλου
3154 5311 3331 5383 δεσμά
3358 5314 3485 5377 τοὺς
3512 5312 3722 5385 δεσμὼ·

2135 5408 2236 5454 τας
2277 5391 2458 5453 ἔλυσε,
2490 5392 2551 5444 rb
2585 5390 2960 5465 δεσμωτήριον
2999 5394 3199 5459 ἔσεισε,
3247 5395 3347 5463 τὰς
3403 5396 3575 5467 θύρας
3624 5398 3722 5451 ἀν·-

2140 5474 2310 5545 έῳξε·
2345 5474 2523 5528 καίτοι
2572 5475 2670 5547 οὐχ
2705 5474 2846 5546 αῦτη
2890 5476 3000 5531 τῶν
3037 5477 3253 5551 δεσμῶν
3281 5481 3315 5551 ὴ
3349 5480 3511 5549 φύσις
3553 5482 3723 5543 ἐστὶν,

2116 5557 2252 5612 ἀλλ’
2283 5558 2318 5629 ή
2346 5557 2583 5626 ἐναντία,
2619 5559 2870 5632 κατέχειν
2902 5561 2961 5616 ἐν
2994 5562 3264 5637 ἀσφαλείᾳ
3303 5563 3396 5618 τὸν
3419 5564 3745 5654 δεδεμένονη

2210 5767 2241 5834 ᾗ
2411 5767 2631 5834 quidam,
2652 5770 2926 5834 ἐργάσαιτο,
2951 5784 3050 5821 non
3072 5773 3220 5823 male.

2213 5832 2237 5860 ο
2259 5831 2414 5901 _Marg.
2441 5833 2618 5896 SaYil.,
2643 5831 2739 5883 τῶν
2781 5834 2997 5899 ἀγώνων,
3024 5842 3078 5886 el
3113 5836 3240 5886 infra
3266 5835 3497 5901 ἐπιμεῖναι
3521 5849 3610 5900 pro
3628 5853 3726 5887 m-

2150 5895 2379 5954 ραμένειν.
