4060 6400
342 402 413 459 57
1240 382 1307 440 IN
1342 378 1555 440 EPIST.
1593 380 1685 435 AD
1717 376 1955 437 EPHES.
1992 376 2144 435 CAP.
2184 377 2271 433 iV.
2314 378 2541 437 IlOlllL.
2582 383 2715 444 Vlll.
3540 393 3609 448 58

343 530 464 571 esse
498 511 757 572 vinctum,
805 502 981 573 potius
1019 506 1261 568 optarem
1291 493 1412 548 talis
1438 504 1559 546 esse
1584 489 1817 543 vinctus.
1856 483 1925 537 Et

340 612 462 678 jure
491 600 703 673 quidem
733 616 746 652 :
777 595 907 650 nihil
936 592 1081 647 enim
1108 598 1192 645 est
1226 589 1313 643 illa
1334 596 1521 641 catena
1547 580 1775 637 beatius.
1797 576 1925 633 Vel—

346 674 447 752 lem
470 709 610 749 nunc
638 706 759 745 esse
798 689 851 741 in
890 686 996 740 illis
1024 683 1191 748 locis,
1223 680 1275 735 in
1305 677 1497 749 quibus
1536 674 1784 729 dicuntur
1812 683 1923 724 ma-

345 801 474 843 nere
501 786 589 839 illa
618 780 830 835 vincula
852 820 869 845 ,
895 788 950 829 et
978 774 1160 829 videre
1180 813 1196 838 ,
1230 771 1479 839 virosque
1520 767 1642 821 illos
1669 761 1922 817 admirari

345 887 561 949 propter
604 871 804 929 Christi
832 867 1157 924 desiderium
1196 881 1210 918 :
1240 862 1429 917 vellem
1458 858 1640 914 videre
1680 865 1921 917 catenas,

341 984 475 1042 quas
499 967 883 1039 pertimescunt
908 958 1124 1030 quidem
1154 964 1207 1010 et
1252 954 1472 1007 horrent
1508 951 1803 1009 dasmones,
1832 959 1923 999 re-

342 1036 596 1117 verentur
619 1064 796 1112 autem
841 1052 1036 1124 angeli.
1088 1048 1227 1105 Nihil
1258 1055 1342 1101 est
1370 1043 1560 1099 melius
1589 1054 1746 1110 quam
1782 1036 1925 1092 male

343 1153 448 1223 pati
498 1158 720 1222 propter
757 1145 1051 1202 Christum.
1102 1141 1218 1197 Non
1269 1149 1376 1192 tam
1423 1136 1637 1192 beatum
1688 1129 1923 1223 praedico

343 1221 564 1301 Paulum
594 1241 738 1314 quod
785 1247 967 1309 raptus
1014 1236 1086 1291 sit
1120 1234 1172 1289 in
1216 1230 1540 1303 paradisum,
1572 1240 1732 1297 quam
1776 1221 1919 1294 quod

342 1341 615 1409 conjectus
657 1336 727 1390 sit
750 1333 804 1387 in
834 1343 1107 1385 carcerem
1140 1344 1153 1378 :
1184 1341 1289 1379 non
1320 1332 1425 1376 tam
1452 1319 1596 1375 enim
1644 1317 1764 1372 dico
1795 1315 1922 1369 bea-

343 1441 454 1486 tum
494 1426 638 1499 quod
681 1423 911 1479 audierit
955 1432 1152 1474 arcana
1178 1415 1359 1479 verba,
1383 1426 1542 1482 quam
1573 1424 1694 1464 eum
1725 1419 1923 1462 censeo

343 1496 555 1578 beatum
584 1524 805 1589 propter
833 1514 1044 1568 vincula
1073 1527 1087 1563 :
1120 1525 1225 1562 non
1256 1517 1361 1561 tam
1394 1505 1604 1559 beatum
1631 1500 1751 1555 dico
1777 1496 1920 1569 quod

341 1622 524 1683 raptus
552 1610 622 1665 sit
654 1610 707 1664 in
737 1606 955 1662 tertium
992 1601 1206 1663 cadum,
1257 1612 1415 1668 quam
1443 1604 1664 1664 propter
1692 1591 1781 1644 illa
1809 1590 1921 1642 viu-

340 1680 480 1760 cuia.
512 1702 648 1757 Nam
666 1698 808 1770 quod
840 1696 957 1751 hzcc
983 1693 1088 1747 illis
1114 1692 1221 1745 sint
1250 1687 1473 1757 majora.
1498 1684 1617 1739 amli
1653 1680 1923 1752 quomodo

342 1798 457 1863 ipse
480 1807 694 1864 quoque
722 1786 951 1843 noverit.
975 1784 1157 1853 Neque
1177 1780 1319 1836 enim
1345 1776 1479 1831 dixit
1502 1793 1516 1829 :
1543 1775 1690 1842 Rogo
1711 1787 1806 1825 vos
1823 1785 1924 1840 ego

340 1886 430 1955 qui
460 1887 621 1939 verba
639 1880 816 1935 audivi
849 1873 1180 1932 ineffabilia?
1205 1870 1299 1927 sed
1331 1867 1457 1939 quid
1480 1868 1504 1921 ?
1542 1866 1688 1936 Rogo
1715 1879 1803 1917 vos
1832 1877 1923 1932 ego

340 1978 533 2032 tinctus
555 1975 607 2028 in
632 1972 867 2027 Domino.

410 2067 464 2123 2.
506 2065 564 2123 Si
594 2065 696 2118 hoc
717 2073 897 2117 autem
940 2073 1045 2113 non
1074 2055 1323 2111 omnibus
1355 2048 1617 2105 adscribit
1640 2046 1883 2116 epistolis
1903 2083 1921 2111 ,

340 2176 448 2215 non
469 2168 551 2214 est
573 2157 767 2212 mirum
803 2168 951 2209 :non
982 2151 1128 2207 enim
1178 2161 1392 2216 semper
1431 2144 1534 2199 fuit
1570 2142 1801 2204 vinctus,
1829 2136 1923 2192 sed

342 2250 660 2323 quibusdam
691 2244 1045 2315 temporibus.
1078 2240 1204 2297 Mihi
1235 2246 1319 2293 est
1340 2235 1623 2306 optabilius
1648 2231 1787 2286 male
1817 2229 1924 2299 pati

343 2360 440 2413 pro
459 2341 695 2403 Christo,
741 2353 899 2409 quam
931 2332 1184 2389 honorari
1216 2347 1245 2384 a
1274 2329 1509 2385 Christo.
1540 2325 1651 2380 Hoc
1700 2334 1925 2413 magnus

340 2412 428 2488 est
448 2433 639 2496 honor,
679 2430 781 2484 hoc
824 2437 909 2485 est
946 2425 1113 2497 gloria
1159 2438 1279 2494 qua;
1306 2420 1487 2476 omnia
1512 2424 1820 2486 exsuperat.
1866 2412 1923 2467 Si

344 2528 456 2590 ipse
489 2525 579 2593 qui
623 2531 843 2593 propter
872 2536 959 2574 me
986 2520 1154 2573 factus
1190 2523 1270 2571 est
1313 2528 1538 2571 servus.
1564 2520 1618 2565 et
1643 2507 1926 2564 evacuavit

342 2618 589 2686 gloriam,
621 2633 724 2669 non
764 2614 902 2669 adeo
929 2609 1273 2667 existimabat
1301 2623 1360 2662 se
1396 2621 1518 2661 esse
1548 2605 1602 2659 in
1629 2603 1815 2671 gloria,
1871 2609 1928 2654 ut

341 2709 554 2779 quando
595 2724 695 2779 pro
740 2721 826 2760 me
863 2705 1120 2775 agebatur
1158 2701 1212 2755 in
1242 2712 1482 2763 crucem,
1528 2694 1653 2765 quid
1698 2708 1785 2747 me
1820 2706 1923 2744 non

341 2811 550 2871 oportet
568 2800 671 2870 pati
691 2800 713 2851 ?
737 2797 869 2852 Audi
888 2796 1029 2851 enim
1047 2794 1221 2862 ipsom
1238 2791 1505 2845 dicentem
1529 2806 1541 2843 :
1562 2786 1809 2853 ϐὼνίιῑσα
1825 2800 1923 2849 me,

343 2893 532 2964 inquit,
564 2902 616 2945 tu
651 2890 808 2943 Pater
827 2887 1006 2962 (Joan.
1037 2887 1123 2941 l7.
1156 2884 1232 2953 i).
1267 2881 1405 2950 Quid
1430 2879 1604 2934 dicis?
1634 2877 1687 2931 in
1710 2889 1924 2929 crucem

342 2987 536 3057 ageris,
570 2993 627 3039 ut
654 2990 1055 3039 exsecratorum
1073 2984 1300 3032 mortem
1329 2973 1523 3027 subeas
1562 2985 1681 3024 cum
1705 2965 1927 3022 latrooi-

341 3080 440 3135 bus
485 3087 542 3133 ct
599 3075 970 3146 sepulcrorum
1023 3068 1410 3131 eﬂ‘ossoribus;
1453 3079 1513 3120 es
1551 3060 1925 3130 conspuendus

340 3180 397 3225 et
421 3167 663 3240 colaphis
686 3165 994 3230 cardcndus,
1020 3172 1075 3219 et
1118 3161 1234 3215 haec
1273 3173 1434 3215 vocas
1459 3155 1678 3227 gloriam
1695 3155 1720 3207 ἱ)
1745 3154 1924 3215 Certe,

342 3264 546 3335 inquit;
578 3264 693 3316 haec
721 3260 864 3314 enim
892 3257 1067 3327 patior
1089 3270 1190 3325 pro
1235 3254 1300 3309 iis
1326 3266 1460 3321 quos
1488 3249 1676 3318 diligo,
1724 3256 1776 3301 et
1814 3245 1929 3299 hme

343 3371 485 3412 nuuc
507 3355 731 3429 gloriam
760 3351 1030 3407 existimo.
1062 3348 1119 3404 Si
1147 3346 1235 3417 qui
1264 3343 1601 3399 miserabiles
1629 3349 1682 3395 ct
1702 3339 1929 3392 miseros

343 3449 551 3511 dilexit,
601 3461 721 3501 eam
756 3456 867 3498 rem
898 3448 1054 3496 vocat
1100 3438 1348 3510 gloriam,
1397 3448 1575 3503 neque
1623 3432 1675 3485 in
1733 3430 1926 3483 tlirono

344 3557 465 3597 esse
494 3550 715 3609 paterno
744 3551 916 3605 neque
956 3534 1009 3588 in
1035 3532 1223 3603 gloria,
1264 3528 1359 3585 sed
1407 3527 1459 3582 in
1492 3524 1779 3596 ignominia
1809 3538 1929 3577 esse

344 3644 403 3689 et
422 3632 685 3687 dedecore
708 3638 821 3684 erat
840 3627 1028 3697 gloria,
1060 3622 1235 3679 ethoc
1259 3621 1333 3675 illi
1358 3616 1713 3689 praeferebat:
1761 3614 1937 3668 nmlto

345 3723 515 3793 magis
550 3734 652 3791 ego
689 3718 804 3772 hzcc
844 3716 1018 3771 debeo
1060 3711 1372 3769 existimare
1422 3707 1669 3778 gloriam.
1701 3704 1746 3758 Ο
1775 3702 1928 3758 beata

344 3811 589 3867 vincula!
617 3826 652 3865 ο
698 3808 883 3863 beatas
919 3819 1110 3860 manus
1137 3816 1275 3873 quas
1311 3798 1523 3854 ornavit
1570 3796 1673 3851 illa~
1702 3793 1934 3849 catena!

347 3903 461 3959 Non
494 3908 650 3967 erant
687 3898 824 3955 adeo
852 3894 1182 3952 honorandae
1207 3892 1359 3949 Pauli
1389 3904 1600 3953 manus,
1631 3902 1750 3958 quae
1784 3886 1935 3941 clau-

345 3995 473 4050 dum
506 3993 737 4064 quierat
783 3988 992 4060 Lystris
1024 3993 1315 4043 erexerunt
1340 3992 1395 4039 et
1446 3981 1687 4037 fecerunt
1708 3991 1942 4048 surgere

348 4087 487 4156 μοι.
509 4082 622 4156 li);
644 4092 703 4138 ut
725 4096 845 4152 qua;
866 4078 1066 4136 indutae
1080 4084 1232 4134 erant
1248 4073 1498 4130 vinculis.
1518 4071 1695 4142 Silego
1711 4068 1929 4124 fuissem

350 4179 453 4234 illis
480 4176 839 4246 temporibus,
871 4183 998 4227 tunc
1039 4170 1273 4226 maxime
1308 4182 1405 4223 eas
1437 4180 1610 4222 essem
1632 4164 1928 4233 amplexus,

347 4280 409 4325 et
430 4270 642 4339 pupillis
670 4267 806 4323 meis
835 4264 1191 4320 admovissem
1218 4280 1231 4314 :
1253 4275 1359 4315 non
1387 4272 1683 4314 cessassem
1708 4256 1934 4310 deoscu-

353 4364 453 4418 lari
480 4376 693 4427 manus,
726 4374 846 4430 quae
869 4358 1042 4428 dignae
1066 4363 1193 4410 sunt
1221 4353 1418 4408 habita:
1443 4367 1561 4422 qua:
1586 4366 1684 4421 pro
1706 4348 1934 4404 Domino

350 4469 476 4508 meo
511 4452 858 4507 vincirentur.
887 4446 1186 4505 Admiraris
1214 4445 1437 4500 Paulum
1459 4442 1673 4513 quando
1692 4442 1808 4511 ejus
1824 4455 1935 4494 ma-

352 4560 481 4600 num
508 4543 682 4614 tetigit
704 4545 885 4611 vipera
906 4582 922 4608 ,
953 4548 1009 4595 et
1035 4538 1168 4593 nihil
1188 4538 1237 4593 ei
1272 4536 1428 4592 fecit?
1453 4534 1532 4591 Ne
1570 4534 1780 4590 mireris
1809 4552 1822 4587 :
1852 4548 1947 4588 re-l

348 4637 521 4693 verita
573 4637 715 4690 enim
756 4635 853 4689 fuit
891 4642 1166 4699 catenam;
1200 4640 1362 4687 totam
1411 4630 1571 4685 etiam
1620 4644 1767 4684 mare
1816 4643 1935 4683 eam

350 4729 731 4793 reverebatur;
781 4735 913 4781 tunc
940 4726 1082 4781 enim
1122 4733 1242 4779 erat
1287 4724 1522 4778 vinctus.
1555 4721 1612 4777 Si
1659 4722 1779 4791 quis
1805 4719 1936 4774 mihi

351 4822 563 4877 dederit
588 4835 730 4875 nunc
756 4829 814 4874 ut
841 4820 1095 4875 suscitem
1121 4827 1384 4883 mortuos,
1405 4831 1509 4870 non
1538 4814 1640 4869 hoc
1661 4814 1937 4884 elegerim,

352 4914 451 4969 sed
496 4921 761 4967 catenam.
788 4909 844 4966 Si
866 4909 933 4963 ab
967 4908 1345 4964 ecclesiasticis
1370 4907 1515 4960 curis
1543 4919 1731 4960 essem
1758 4918 1938 4959 remo-

354 5017 464 5069 tus,
491 5014 545 5059 et
570 5012 715 5059 esset
755 5000 883 5056 mihi
912 5015 1113 5070 corpus
1132 5014 1318 5054 sanum
1346 5012 1409 5053 ac
1431 4998 1683 5064 validum,
1709 5012 1812 5050 non
1849 5012 1939 5052 rc-

353 5094 587 5151 eusarim
627 5094 766 5147 hanc
806 5092 1081 5161 suscipere
1129 5089 1635 5160 peregrinationem,
1668 5097 1725 5141 ut
1762 5087 1939 5142 solum

357 5184 592 5240 viderem
635 5192 881 5248 catenas,
914 5191 972 5236 ut
1012 5195 1285 5235 carcerem
1330 5180 1385 5234 in
1434 5194 1541 5248 quo
1583 5177 1681 5232 fuit
1708 5178 1951 5233 vinctus-

354 5275 518 5347 Atqui
547 5274 666 5345 ejus
711 5274 1091 5330 miraculorum
1117 5272 1499 5327 multamultis
1547 5272 1603 5325 in
1641 5271 1772 5326 locis
1816 5280 1941 5327 sunt

353 5370 530 5438 signa,
560 5368 657 5425 sed
695 5384 801 5423 non
830 5375 956 5422 sunt
976 5375 1085 5421 tam
1111 5365 1491 5421 desiderabilia
1519 5379 1679 5435 quam
1717 5365 1940 5434 stigma-

357 5470 492 5514 tum.
523 5458 591 5513 Et
629 5460 683 5514 in
712 5458 1004 5529 Scripturis
1042 5472 1149 5511 non
1177 5456 1247 5510 ita
1276 5471 1363 5511 me
1391 5454 1621 5510 delectat
1649 5456 1774 5511 dum
1815 5454 1943 5510 facit

354 5551 612 5605 miracula
635 5592 649 5616 ,
691 5564 848 5620 quam
895 5549 1023 5604 dum
1052 5547 1193 5603 male
1221 5546 1438 5617 patitur,
1469 5544 1647 5616 ﬂagris
1693 5546 1937 5613 czeditur,

356 5652 520 5708 atque
549 5652 809 5710 raptatur.
858 5638 999 5694 Vere
1026 5637 1293 5693 mirabilia
1341 5646 1465 5691 sunt
1512 5638 1655 5691 illius
1700 5638 1943 5707 corporis

352 5731 572 5786 sudaria
600 5740 655 5786 et
700 5730 1033 5786 scmicinctia
1055 5744 1175 5800 qua:
1220 5729 1481 5798 stupenda
1514 5738 1727 5798 patrant
1757 5747 1771 5786 :
1813 5738 1940 5785 sunt

358 5826 477 5881 hac
502 5839 627 5880 vere
654 5823 937 5893 mirabilia,
965 5820 1059 5881 sed
1089 5836 1192 5878 non
1232 5831 1287 5878 ut
1328 5822 1434 5877 illa.
1467 5821 1593 5876 Cum
1620 5822 1768 5878 iitum
1803 5823 1941 5878 ceci-

2029 488 2242 555 dissent,
2271 500 2317 543 et
2345 494 2530 548 multas
2565 498 2743 567 plagas
2789 499 2837 551 ei
2862 498 3238 569 imposuissent,
3268 507 3509 561 miserunt
3548 514 3609 564 in

2026 593 2300 649 carcerem;
2316 593 2370 638 et
2390 600 2594 654 rursus,
2635 588 2796 645 Vincti
2812 592 3090 647 laudabunt
3106 593 3266 649 Deum
3286 608 3371 659 :et
3398 614 3610 664 rursus,

2028 667 2340 739 Lapidantes
2359 685 2621 733 tremunt
2643 698 2757 735 eum
2801 693 2942 737 mra
2986 686 3233 739 civitatem
3258 729 3273 751 ,
3306 690 3605 744 existinma-

2028 768 2100 814 tes
2126 779 2240 816 eum
2263 778 2515 823 mortuum
2528 786 2634 826 esse
2653 773 2788 845 (Act.
2815 774 2902 828 l6.
2920 774 3162 833 25;Ibid.
3184 778 3318 834 v.25
3342 790 3390 833 et
3413 780 3498 834 Η.
3523 782 3606 849 8).

2102 851 2323 925 Propter
2349 858 2602 915 Christum
2643 865 2751 933 pati
2784 864 2927 919 bonis
2955 867 3184 919 omnibus
3214 870 3381 937 majus
3405 879 3500 925 est.
3531 898 3605 912 —-

2030 942 2203 1001 Vultis
2224 950 2363 1006 scire
2391 964 2587 1020 quanta
2614 970 2703 1010 res
2719 956 2791 1010 sit
2815 967 3002 1013 catena
3026 960 3193 1013 ferrea
3216 972 3432 1030 propter
3449 961 3610 1019 Chri-

2026 1046 2167 1091 stum
2216 1039 2267 1093 iu
2292 1055 2488 1112 corpus
2528 1047 2727 1102 servile
2766 1048 2998 1117 injecta?
3036 1051 3214 1105 audite
3242 1052 3414 1121 ipsum
3445 1053 3608 1109 Chri-

2026 1139 2167 1184 stum
2213 1132 2501 1201 dicentem,
2538 1135 2684 1192 Beati
2726 1140 2863 1194 estis.
2911 1140 2969 1196 In
3010 1143 3158 1212 quo?
3202 1158 3323 1198 cum
3368 1156 3611 1200 mortuos

2028 1222 2413 1281 suscitaveritis
2434 1228 2457 1279 ?
2481 1227 2863 1300 Nequaquam;
2895 1232 2989 1288 sed
3019 1234 3069 1287 in
3096 1249 3203 1304 quo
3224 1234 3248 1287 ‘l
3273 1235 3485 1303 quando
3504 1251 3610 1289 ctr-

2027 1328 2121 1369 cos
2161 1320 2518 1375 curaveritis?
2561 1322 2813 1389 Minime;
2847 1324 2943 1380 sed
2983 1325 3035 1380 in
3078 1328 3350 1397 quonam?
3391 1328 3611 1396 Quando

2028 1409 2229 1477 probris
2258 1426 2344 1465 vos
2372 1411 2635 1480 affecerint
2662 1417 2909 1483 homines,
2936 1427 2984 1471 et
3014 1419 3301 1489 persequuti
3328 1421 3536 1491 fuerint,
3562 1430 3610 1475 et

2026 1501 2244 1556 dixerint
2269 1519 2417 1559 onme
2440 1506 2632 1561 malum
2656 1507 2921 1563 adversum
2946 1524 3053 1569 vos.
3078 1511 3382 1575 mentientes,
3406 1521 3610 1581 propter

2027 1606 2106 1644 me
2153 1592 2369 1663 (Hatth.
2401 1596 2455 1651 5.
2490 1597 2605 1663 Η).
2638 1598 2695 1653 Si
2731 1608 2910 1654 autem
2953 1602 3093 1655 male
3113 1601 3299 1657 audire
3322 1602 3401 1658 sic
3426 1604 3613 1657 beatos

2026 1686 2207 1751 efﬁcit,
2241 1688 2382 1744 male
2413 1691 2518 1759 pati
2544 1691 2671 1762 quid
2711 1707 2819 1747 non
2848 1692 3075 1749 iecerit?
3104 1692 3241 1749 Audi
3269 1695 3440 1763 ipsum
3480 1695 3611 1750 bea-

2026 1787 2139 1833 tttm
2184 1778 2407 1835 Paulum
2454 1782 2720 1838 dicentem
2755 1783 2879 1839 alibi
2912 1801 2927 1840 :
2962 1784 3031 1839 In
3078 1786 3270 1856 reliquo
3295 1787 3515 1857 reposita
3538 1796 3612 1840 est

2025 1871 2151 1924 mihi
2178 1888 2367 1927 corona
2394 1873 2615 1944 justitite
2652 1876 2733 1944 (2.
2775 1875 2906 1930 Tim.
2934 1877 2989 1932 4.
3035 1878 3115 1939 8).
3147 1877 3253 1933 Sed
3285 1877 3384 1933 bac
3409 1894 3608 1936 corona

2026 1963 2337 2033 prmclarius
2357 1974 2439 2020 est
2468 1967 2738 2021 vinculum
2764 1986 2778 2022 :
2813 1968 2892 2023 Eo
2917 1983 3024 2034 me,
3053 1968 3245 2039 inquit,
3276 1970 3603 2040 dignabitur,

2025 2063 2081 2110 et
2110 2054 2177 2109 de
2220 2055 2325 2110 illis
2354 2071 2459 2110 non
2488 2068 2740 2114 accurate
2778 2060 3042 2131 discepto.
3076 2060 3156 2114 Ad
3182 2075 3398 2115 omnem
3428 2077 3604 2116 remu-

2026 2147 2360 2201 nerationem
2404 2149 2533 2203 mihi
2571 2151 2769 2205 sufficit
2815 2152 2955 2207 male
3002 2167 3218 2221 passum
3249 2168 3369 2207 esse
3395 2163 3604 2223 propter

2024 2237 2324 2293 Christum.
2366 2240 2467 2294 Det
2507 2240 2637 2295 mihi
2683 2254 2739 2295 ut
2773 2242 2902 2297 illud
2931 2243 3193 2312 eloquar:
3231 2243 3500 2313 Adimpleo
3544 2260 3605 2298 ea

2025 2345 2138 2399 qua:
2166 2331 2344 2385 desunt
2365 2332 2656 2401 passionum
2681 2331 2869 2389 Christi
2891 2335 2944 2387 in
2958 2351 3109 2388 carne
3124 2351 3235 2389 mea
3257 2334 3392 2405 (Col.
3416 2336 3465 2390 Ι.
3487 2336 3605 2405 24),

2026 2431 2083 2476 et
2125 2422 2325 2476 nullius
2373 2438 2526 2493 egeo.
2577 2424 2778 2493 Dignus
2813 2440 3028 2494 quoque
3068 2434 3151 2480 est
3181 2425 3392 2479 habitus
3418 2425 3611 2481 Petrus

2029 2513 2129 2568 hac
2172 2525 2404 2570 catena:
2454 2517 2582 2570 Erat
2627 2517 2792 2583 enim,
2836 2518 3028 2588 iuqttit,
3070 2518 3279 2573 vinctus
3304 2526 3360 2572 ct
3389 2519 3614 2573 tradittts

2028 2606 2320 2670 militibus,
2349 2616 2404 2661 et
2431 2606 2729 2662 dormiebat
2764 2608 2899 2677 (Act.
2946 2609 3033 2663 19..
3062 2610 3204 2679 4-6).
3233 2610 3381 2664 Adeo
3406 2610 3612 2678 gaude-

2028 2695 2119 2750 bat
2143 2713 2240 2751 ncc
2265 2697 2612 2765 alterabatur,
2645 2709 2698 2753 ut
2748 2699 3048 2769 profundus
3083 2715 3208 2755 eum
3236 2711 3443 2755 teneret
3469 2716 3607 2755 som-

2028 2804 2131 2841 nus
2159 2804 2173 2841 :
2208 2802 2313 2841 non
2338 2787 2646 2855 dormisset,
2677 2790 2723 2843 si
2768 2791 2820 2843 in
2852 2804 3044 2860 magna
3072 2790 3260 2846 fuisset
3289 2792 3600 2846 sollicitudi-

2028 2896 2116 2936 ne.
2141 2882 2445 2936 Dormiebat
2473 2883 2609 2937 inter
2630 2882 2827 2939 milites
2850 2923 2866 2949 ,
2892 2891 2947 2937 et
2971 2884 3118 2939 venit
3136 2884 3202 2939 ad
3225 2899 3346 2939 eum
3365 2886 3608 2955 angelus,

2027 2982 2083 3027 et
2105 2987 2359 3040 percusso
2405 2973 2518 3042 ejus
2553 2974 2723 3029 latere
2761 2989 2883 3030 eum
2914 2975 3195 3031 excitavit.
3223 2977 3281 3031 Si
3321 2979 3440 3047 quis
3483 2993 3611 3046 ergo

2029 3066 2158 3119 mihi
2186 3065 2390 3121 diceret
2417 3084 2431 3120 :
2460 3067 2597 3134 Quid
2627 3066 2838 3133 malles,
2890 3082 2956 3122 an
2984 3082 3107 3124 esse
3138 3069 3364 3140 angelus
3391 3070 3480 3140 qui
3510 3071 3613 3124 lte-

2031 3167 2171 3211 trum
2200 3159 2442 3228 pupugit,
2484 3174 2550 3212 an
2582 3158 2773 3213 Petrus
2797 3160 2888 3230 qui
2932 3160 3112 3215 salvus
3152 3161 3362 3216 evasit?
3396 3161 3613 3216 mallem

2029 3263 2153 3303 esse
2200 3248 2394 3313 Petrus
2437 3259 2657 3318 propter
2692 3265 2850 3319 quem
2897 3253 3043 3307 venit
3086 3252 3329 3323 angelus.
3364 3252 3454 3306 Illa
3479 3252 3612 3308 mihi

2031 3340 2352 3409 prodessent
2392 3342 2621 3396 vincula.
2675 3343 2740 3397 Et
2786 3344 3079 3413 quomodo,
3112 3343 3305 3413 inquit,
3343 3357 3613 3414 precatur,

2033 3446 2301 3505 tamquam
2331 3436 2587 3490 liberatus
2608 3452 2634 3489 a
2666 3439 2873 3507 magnis
2894 3438 3091 3493 malis?
3115 3438 3189 3493 Ne
3214 3439 3425 3495 mireris
3449 3457 3463 3494 :
3494 3454 3615 3509 pre-

2031 3534 2183 3579 catur
2209 3525 2351 3581 enim
2386 3527 2582 3581 timens
2610 3543 2677 3582 ne
2706 3528 2963 3582 moriatur
2990 3546 3003 3581 :
3035 3529 3256 3584 timebat
3282 3538 3459 3584 autem
3495 3545 3614 3584 mo-

2031 3615 2100 3677 ri,
2130 3616 2269 3683 quod
2321 3616 2495 3671 adlmc
2521 3618 2680 3671 vellet
2712 3619 2873 3672 vitam
2906 3634 3026 3674 esse
3053 3621 3418 3689 perpessionis
3452 3636 3616 3690 argu-

2033 3717 2270 3762 mentum
2320 3717 2376 3763 et
2422 3710 2725 3764 materiam.
2773 3710 2910 3765 Audi
2962 3712 3142 3781 itaque
3169 3711 3296 3782 quid
3331 3713 3446 3782 ipse
3474 3712 3618 3769 dicat

2031 3799 2221 3856 beatus
2248 3800 2446 3857 Paulus
2470 3821 2483 3857 :
2515 3801 2738 3857 Dissolvi
2766 3813 2813 3857 et
2839 3821 2953 3857 cum
2982 3805 3182 3860 Christo
3206 3822 3312 3859 esse
3326 3807 3487 3860 multo
3506 3823 3615 3861 me-

2035 3893 2132 3949 lius
2168 3910 2189 3949 :
2233 3911 2526 3966 permanere
2571 3906 2742 3951 autem
2783 3897 2837 3950 in
2885 3913 3038 3951 carne
3078 3899 3240 3969 magis
3282 3900 3619 3953 necessarium

2035 3996 2241 4058 prapter
2287 4004 2373 4043 vos
2412 3986 2673 4059 (Philipp.
2716 3990 2769 4044 l.
2798 3990 2888 4045 23.
2920 3989 3038 4058 24).
3077 3989 3189 4044 Hoc
3218 3991 3379 4045 etiam
3410 3991 3622 4046 vocavit

2033 4078 2282 4148 gratiam,
2310 4080 2591 4135 scribens:
2634 4079 2809 4147 Vobis,
2833 4080 3023 4151 inquit,
3057 4082 3299 4135 donatum
3326 4092 3399 4137 est
3424 4081 3620 4137 aCizri-

2033 4182 2134 4239 sto,
2165 4181 2218 4226 ut
2236 4189 2337 4226 non
2354 4173 2517 4228 solum
2544 4174 2595 4227 in
2623 4190 2736 4227 eum
2766 4174 3003 4238 credatis,
3034 4174 3124 4227 sed
3148 4176 3298 4229 etiam
3319 4191 3412 4243 pro
3436 4191 3493 4228 eo
3522 4193 3621 4243 pa-

2037 4266 2235 4320 tiamini
2260 4266 2368 4336 (Ib.
2396 4283 2445 4322 υ.
2492 4266 2609 4336 29).
2640 4267 3001 4336 Quamobrem
3043 4267 3143 4321 hoc
3170 4268 3262 4322 illo
3294 4276 3379 4323 est
3406 4268 3617 4337 majus:

2035 4357 2255 4412 donavit
2296 4359 2463 4414 enim.
2514 4360 2721 4415 Revera
2760 4370 2847 4415 est
2888 4361 3119 4415 maxima
3150 4362 3340 4432 gratia,
3367 4370 3422 4417 et
3448 4361 3621 4432 major

2038 4446 2146 4502 illis
2190 4448 2461 4514 omnibus,
2507 4465 2665 4519 quam
2710 4450 2878 4505 solem
2922 4459 2977 4505 et
3017 4451 3196 4505 lunam
3222 4451 3432 4518 sistere,
3460 4466 3621 4521 quam

2038 4539 2293 4593 mundum
2335 4554 2590 4595 movere:
2632 4541 2734 4596 hoc
2774 4542 2946 4611 majus
2970 4557 3130 4611 quam
3162 4542 3382 4599 vincere
3404 4554 3493 4599 aut
3520 4559 3621 4599 ex-

2041 4629 2238 4698 pellere
2265 4627 2557 4685 dmmones.
2587 4629 2703 4685 Non
2734 4630 2809 4685 illi
2837 4640 2942 4685 tam
2984 4632 3187 4699 dolent,
3210 4632 3336 4687 dum
3376 4634 3481 4689 ﬁde
3522 4650 3622 4691 ex-

2038 4722 2310 4791 pelluntur
2352 4736 2382 4774 a
2432 4721 2608 4787 nobis,
2639 4732 2696 4775 ut
2737 4723 2951 4791 quando
2976 4723 3210 4779 viderint
3238 4738 3337 4780 nos
3364 4727 3487 4780 mali
3514 4727 3585 4780 ali
3605 4755 3621 4766 -

2037 4812 2166 4883 quid
2213 4811 2324 4882 pati
2370 4820 2590 4881 propter
2632 4812 2900 4867 Christum
2942 4823 2998 4869 et
3043 4814 3233 4870 vinciri
3285 4834 3300 4870 :
3349 4815 3452 4871 boc
3474 4818 3620 4873 enim

2041 4904 2299 4973 majorem
2331 4902 2429 4958 dat-
2463 4903 2762 4959 libertatem
2791 4913 2846 4959 et
2883 4904 3151 4960 ﬁduciam.
3180 4905 3296 4963 Non
3338 4918 3620 4978 propterea

2042 5000 2240 5054 bonum
2285 5007 2368 5053 est
2404 4997 2638 5052 vinctum
2664 5013 2785 5053 esse
2814 5007 3032 5068 propter
3055 4998 3351 5064 Christum,
3383 5001 3526 5068 quod
3555 5016 3620 5055 ea

2043 5106 2131 5148 res
2151 5106 2373 5161 regnum
2419 5091 2689 5155 conciliet,
2719 5091 2816 5147 sed
2841 5092 2982 5161 quod
3021 5107 3087 5147 eo
3115 5092 3204 5147 ﬁat
3230 5104 3447 5162 propter
3468 5092 3624 5147 Chri-

2043 5191 2183 5237 stum
2227 5200 2241 5237 :
2296 5197 2400 5236 non
2451 5191 2733 5251 propterea
2779 5183 2932 5237 beata
2974 5183 3208 5251 prtedico
3244 5184 3449 5237 vincula
3480 5184 3622 5253 quod

2045 5274 2408 5328 transmittant
2434 5274 2485 5327 in
2515 5274 2730 5339 cwlum,
2761 5273 2858 5329 sed
2884 5274 3026 5345 quod
3052 5291 3117 5331 ea
3143 5276 3250 5330 sint
3272 5285 3491 5345 propter
3519 5275 3625 5329 Do-

2043 5366 2246 5419 minum
2278 5364 2417 5418 caiIi.

2117 5459 2171 5514 3.
2193 5458 2398 5523 Quanta
2448 5464 2531 5510 est
2574 5456 2822 5525 gloriatio
2867 5459 3005 5513 scire
3047 5458 3189 5527 quod
3219 5469 3436 5529 prolitrr
3461 5460 3621 5513 Chrio

2036 5558 2185 5605 stum
2214 5551 2284 5603 sit
2328 5550 2560 5616 vinctus,
2602 5561 2798 5619 quanta
2842 5552 3111 5620 voluptas,
3160 5564 3390 5623 quantus
3428 5554 3621 5618 honor.

2046 5651 2276 5709 quantus
2307 5640 2596 5710 splendor?
2633 5641 2835 5697 Vellem
2868 5641 2982 5697 haec
3014 5654 3271 5713 perpetuo
3312 5645 3485 5707 cll‘ari,
3512 5655 3626 5700 vet-

2045 5732 2149 5787 lem
2176 5732 2384 5787 haerere
2413 5744 2639 5794 catenae,
2668 5733 2862 5785 vellem
2891 5733 2990 5787 etsi
3025 5736 3196 5803 reipsa
3221 5750 3337 5789 smn
3366 5738 3621 5806 privatus,

2049 5839 2102 5883 at
2143 5830 2345 5883 ratione
2374 5844 2473 5899 per
2515 5826 2852 5881 ametioiiem
2885 5842 3114 5883 amittam
3158 5845 3219 5887 ea
3268 5830 3618 5891 circumdate.
