4060 6400
472 373 539 427 .59
1208 365 1263 419 S.
1306 363 1578 420 JOANNIS
1613 360 2085 419 CIIRYSOSTOMI
2125 361 2434 416 AllClllEP.
2465 363 2993 422 CONSTANTINOP.
3669 387 3730 440 πο

472 490 646 544 Terra
682 495 817 539 motu
847 499 1120 537 concussus
1146 493 1217 536 est
1256 496 1427 534 carcer
1451 480 1615 532 vincto
1648 476 1834 541 Paulo,
1868 485 1914 529 et
1941 484 2055 529 sunt

474 581 644 633 omnia
672 577 900 630 relaxata
927 573 1127 627 vincula
1152 572 1287 642 (Act,
1320 572 1406 625 16.
1435 570 1549 639 26).
1578 568 1772 623 Vidisti
1802 565 2041 620 vinculo-

476 684 595 723 rum
622 679 865 721 uaturam
892 663 1254 719 resolventem
1284 660 1536 715 vincula?
1568 658 1717 713 Sicut
1737 658 1880 712 enim
1911 670 2057 710 mors

480 761 694 818 Domini
720 770 894 814 morte
924 768 1152 813 mortem
1180 757 1378 821 affecit,
1408 757 1477 810 ita
1498 756 1659 809 etiam
1682 750 2057 808 Paulivincula

480 855 687 908 vinctos
738 852 1034 915 solverunt,
1086 863 1355 904 carcerem
1411 854 1829 909 concusserunt,
1878 851 2058 913 portas

441 940 817 1015 iaperuerunt.
868 944 1025 1012 Atqui
1074 958 1179 996 non
1218 950 1301 996 est
1328 940 1441 994 hmc
1462 938 1798 993 vinculorum
1832 946 2046 999 natura,

386 1102 387 1107 η
414 1017 440 1033 ”
477 1036 575 1092 sed
605 1036 895 1101 contraria,
946 1049 1139 1103 nempe
1184 1033 1420 1087 vinctum
1449 1040 1561 1085 tuto
1588 1038 1771 1084 tenere
1795 1028 1848 1082 in
1875 1035 2056 1081 custo-

476 1128 585 1191 dia,
618 1143 725 1181 non
752 1128 798 1181 ei
829 1124 1039 1195 aperire
1062 1124 1312 1193 parietes.
1344 1121 1449 1177 Sed
1480 1120 1812 1175 vinculorum
1841 1116 2055 1187 quidem

475 1233 583 1272 non
626 1226 711 1272 est
757 1216 1003 1271 absolute
1055 1215 1168 1269 hac
1196 1220 1408 1277 natura,
1449 1212 1546 1267 sed
1573 1210 1910 1265 vinculorum
1939 1222 2058 1277 qua:

476 1322 605 1367 sunt
644 1319 864 1381 propter
906 1308 1200 1363 Christum.
1247 1307 1435 1361 Custos
1461 1303 1707 1359 carceris
1734 1301 1961 1372 procidit
1990 1298 2058 1353 ad

481 1403 644 1473 pedes
678 1400 827 1456 Pauli
865 1410 918 1456 et
946 1400 1090 1456 Silaa.
1124 1397 1231 1454 Sed
1260 1412 1434 1468 neque
1460 1397 1563 1451 hoc
1589 1394 1837 1449 absolute
1860 1391 2060 1446 faciunt

476 1494 714 1558 vincula,
745 1502 803 1546 ut
830 1507 925 1547 eos
950 1488 1040 1561 qui
1072 1488 1562 1545 vinxeruntducant
1587 1488 1650 1541 ad
1672 1486 1833 1557 pedes
1853 1485 2060 1539 vincto-

478 1602 620 1651 rum,
674 1586 767 1641 sed
813 1596 997 1640 contra
1044 1584 1144 1639 hos
1179 1583 1287 1637 illis
1323 1582 1549 1637 reddant
1589 1580 1883 1649 subjectos.
1910 1576 2060 1632 Nunc

479 1688 658 1734 autem
692 1678 756 1742 is,
785 1678 877 1747 qui
907 1685 1022 1732 erat
1047 1677 1277 1741 solutus,
1307 1676 1663 1745 procubuerat
1685 1674 1751 1728 ad
1775 1673 1938 1728 vincti
1965 1687 2060 1741 pe-

483 1769 621 1826 des:
669 1771 757 1838 qui
804 1772 1068 1832 vinxerat,
1118 1768 1336 1836 rogabat
1386 1768 1617 1820 vinctum
1662 1774 1719 1819 ut
1761 1764 2061 1818 solveretur

481 1870 650 1916 metu.
681 1860 797 1915 Non
827 1869 878 1914 tu
908 1875 1029 1913 eum
1064 1859 1304 1925 vinxisti,
1332 1858 1417 1912 dic
1446 1857 1610 1910 mihi?
1638 1871 1743 1910 non
1775 1865 1827 1909 tu
1854 1871 1975 1910 eum
2008 1856 2059 1908 iu

484 1952 797 2008 interiorem
827 1951 1105 2021 conjecisti
1136 1949 1432 2004 custodiam
1456 1950 1479 2001 ?
1510 1964 1616 2002 non
1644 1957 1697 2002 tu
1715 1946 2061 2016 compedibus

485 2044 539 2098 in
569 2054 682 2098 tuto
712 2044 985 2098 collocasti
1011 2042 1215 2112 pedes?
1242 2042 1366 2112 quid
1390 2042 1795 2097 contremiscis‘t
1823 2040 1959 2107 Quid
1989 2048 2062 2093 tu-

487 2136 765 2191 multuaris
788 2136 811 2188 ?
845 2135 969 2205 quid
999 2134 1354 2206 lacrymaris?
1383 2134 1507 2203 quid
1535 2134 1793 2188 strinxisti
1836 2133 2061 2188 ensem?

481 2228 625 2285 Nihil
653 2229 780 2293 tale,
807 2228 997 2298 inquit,
1030 2228 1173 2281 vinxi
1203 2244 1216 2280 :
1246 2227 1548 2281 nesciebam
1583 2236 1780 2278 tantam
1811 2240 1933 2279 esse
1953 2226 2063 2278 vir-

484 2332 652 2377 tutem
686 2322 982 2375 vinctorum
1005 2319 1224 2374 Christi.
1258 2318 1395 2386 Quid
1416 2317 1593 2372 dicis?
1614 2325 1934 2387 acceperunt
1962 2331 2060 2386 po-

483 2424 730 2471 testatem
777 2415 939 2469 caalos
992 2413 1290 2482 aperiendi,
1345 2421 1399 2466 et
1440 2423 1710 2466 carcerem
1765 2427 1873 2466 non
1909 2419 2063 2466 erant

480 2503 742 2574 aperturi?
768 2504 1045 2559 solvebant
1064 2518 1156 2571 eos
1177 2502 1267 2572 qui
1293 2501 1454 2555 vincti
1483 2513 1682 2555 eranta
1708 2500 2060 2565 daemonibus,

482 2607 537 2653 et
594 2596 795 2652 ferrum
839 2611 934 2652 eos
968 2604 1085 2651 crat
1111 2593 1525 2664 superaturum?
1557 2592 1673 2647 Non
1712 2594 1850 2647 nosti
1895 2592 2060 2658 viros,

395 2742 405 2757 ,
484 2699 540 2744 et
570 2688 690 2744 ideo
719 2687 929 2743 veniam
960 2703 1018 2741 es
1042 2693 1425 2754 consequutus.
1459 2670 1653 2737 Paulus
1685 2693 1769 2738 est
1811 2683 1901 2737 ille
1942 2682 2063 2736 viu-

484 2790 627 2845 ctus,
656 2793 815 2848 quem
845 2776 1022 2847 angeli
1050 2790 1237 2830 omnes
1283 2783 1407 2828 sunt
1444 2773 1656 2829 reveriti
1688 2791 1700 2827 :
1735 2774 1928 2828 Paulus
1956 2781 2062 2837 est,

487 2870 641 2938 cujus
670 2869 887 2923 sudaria
913 2878 965 2922 et
987 2866 1317 2922 semicinctia
1344 2866 1613 2919 da-moues
1635 2864 1972 2934 expellebant
2010 2873 2065 2919 et

491 2961 710 3015 morbos
750 2958 1021 3028 fugahant.
1073 2957 1231 3024 Atqui
1264 2956 1408 3009 ferro
1434 2964 1518 3009 est
1547 2954 1716 3008 multo
1745 2954 1910 3024 magis
1938 2953 2066 3007 ada-

486 3053 805 3116 mantinum,
835 3059 889 3104 et
910 3049 1051 3119 quod
1074 3048 1245 3118 frangi
1269 3064 1373 3101 non
1399 3055 1594 3116 potest,
1614 3046 1871 3100 dremouis
1891 3045 2075 3099 vincu-

483 3148 595 3201 lum
624 3162 640 3201 :
682 3159 802 3199 nam
832 3143 932 3198 hoc
957 3142 1170 3213 quidem
1198 3142 1447 3205 animam,
1481 3139 1611 3194 illud
1638 3154 1765 3193 vero
1794 3139 1918 3209 ligat
1946 3153 2066 3193 cor-

484 3255 608 3310 pus.
638 3237 739 3305 Qui
765 3237 970 3291 viuctas
995 3251 1122 3305 ergo
1136 3236 1295 3289 solvit
1321 3234 1545 3296 animas,
1569 3247 1763 3302 corpus
1782 3247 1934 3287 suum
1958 3247 2063 3286 non

485 3330 657 3400 potuit
682 3328 916 3384 solvere?
936 3327 1026 3397 qui
1055 3326 1354 3382 daemonum
1378 3323 1659 3394 perfringit
1675 3324 1906 3389 vincula,
1936 3321 2065 3377 ferri

487 3438 594 3478 non
658 3422 878 3477 solverit
916 3420 1184 3491 ligamen?
1243 3417 1333 3488 qui
1390 3432 1485 3486 per
1538 3430 1662 3471 suas
1712 3426 1887 3469 vestes
1947 3415 2065 3469 illos

483 3512 726 3569 solvebat
749 3514 955 3566 vinctos
1010 3520 1063 3565 et
1104 3509 1362 3565 liberabat
1401 3523 1431 3561 a
1455 3508 1805 3573 daemonibus,
1835 3507 1945 3575 ipse
1973 3521 2067 3575 per

486 3620 546 3661 se
572 3606 807 3674 seipsum
836 3618 942 3657 non
968 3602 1226 3657 solverit?
1249 3602 1541 3669 Propterea
1566 3600 1681 3668 ipse
1710 3599 1937 3669 primum
1970 3599 2067 3652 fuit

483 3701 719 3758 vinctus.
744 3708 797 3753 et
820 3708 943 3751 tunc
970 3696 1129 3750 solvit
1157 3695 1387 3757 vinctos,
1416 3703 1473 3747 ut
1497 3693 1671 3748 discas
1696 3691 1838 3763 quod
1867 3691 2063 3747 Christi

485 3790 628 3847 se'rvi
654 3791 815 3845 vincti
849 3791 1002 3858 longe
1024 3789 1278 3857 majorem
1302 3788 1407 3839 vim
1436 3786 1653 3852 habent,
1678 3801 1835 3856 quam
1862 3786 1950 3856 qui
1977 3800 2059 3840 so-

486 3883 581 3936 luti
626 3888 768 3936 sunt.
815 3880 869 3935 Si
919 3879 1128 3934 solutus
1178 3878 1278 3932 hoc
1313 3877 1547 3941 fecisset,
1592 3892 1696 3931 non
1742 3886 1845 3931 tam
1879 3876 2064 3930 fuisset

485 3972 698 4026 mirum.
727 3970 843 4025 Non
872 3977 989 4025 erat
1036 3969 1214 4038 itaque
1238 3968 1504 4022 vinculum
1537 3967 1934 4031 imbecillitatis,
1965 3968 2061 4022 sed

486 4061 707 4130 majoris
753 4060 1026 4131 potentiae.
1074 4059 1162 4115 Sic
1185 4061 1327 4114 enim
1357 4060 1526 4112 sancti
1564 4059 1868 4128 praeclarior
1895 4059 2061 4114 virtus

484 4155 805 4219 ostenditur,
832 4154 1047 4223 quando
1070 4154 1231 4207 etiam
1259 4152 1469 4207 vinctus
1494 4153 1824 4207 dominatum
1855 4152 2062 4208 obtinet

482 4248 538 4303 in
568 4248 791 4313 vinctos,
820 4261 939 4301 cum
971 4247 1132 4301 etiam
1172 4244 1386 4298 vinctus
1428 4259 1534 4297 non
1581 4244 1753 4297 solum
1800 4244 2056 4312 seipsum,

482 4341 580 4396 sed
606 4341 765 4395 etiam
795 4339 1003 4394 vinctos
1032 4338 1212 4393 solvit.
1256 4336 1392 4404 Quid
1418 4336 1603 4405 juvant
1634 4337 1902 4406 parietes?
1932 4336 2056 4405 quid

483 4433 703 4502 prodest
726 4448 846 4486 eum
874 4432 923 4484 in
952 4431 1258 4485 interiorem
1290 4428 1558 4497 conjicere
1589 4428 1903 4490 custodiam,
1935 4442 2055 4481 cum

479 4523 640 4579 etiam
676 4522 943 4593 aperuerit
970 4520 1333 4576 exteriorem?
1374 4519 1480 4574 Cur
1510 4519 1561 4573 id
1590 4530 1767 4572 autem
1801 4528 1980 4583 noctu,
2004 4526 2060 4573 et

480 4631 578 4672 cur
600 4632 721 4671 cum
748 4625 904 4669 terrae
932 4624 1080 4669 motu
1106 4614 1301 4668 factum
1332 4611 1456 4667 est?
1483 4612 1675 4665 Parum
1703 4610 1831 4664 mihi
1860 4626 2054 4665 conce-

480 4707 589 4761 dite
617 4715 672 4761 et
688 4706 997 4776 permittite,
1031 4714 1088 4759 ut
1110 4705 1237 4759 dum
1275 4720 1303 4756 a
1335 4703 1517 4757 verbis
1542 4702 1893 4757 abscesserim
1924 4717 2055 4769 apo-

478 4800 703 4865 stolicis,
725 4810 780 4854 et
794 4800 846 4852 in
869 4798 1025 4853 factis
1040 4799 1349 4869 apostolicis
1377 4813 1461 4851 me
1487 4797 1809 4865 expleverim
1827 4796 2053 4860 deliciis,

480 4891 534 4946 in
579 4890 725 4945 Pauli
764 4900 952 4945 catena
997 4888 1271 4945 convivari
1305 4906 1318 4941 :
1347 4888 1471 4942 date
1510 4888 1636 4940 mihi
1686 4891 1737 4939 in
1788 4902 1849 4941 ea
1897 4885 2055 4955 paulo

477 4984 707 5050 amplius
727 4982 949 5038 versari.
983 4983 1325 5053 Apprehendi
1355 4981 1644 5043 vinculum,
1670 4996 1825 5035 nemo
1843 4996 1929 5035 me
1957 4980 2055 5033 ab-

478 5072 658 5129 ducet.
696 5072 886 5128 Tutius
909 5089 1006 5143 ego
1034 5090 1175 5128 nunc
1202 5090 1319 5127 sum
1345 5072 1556 5127 vinctus
1576 5072 1863 5137 desiderio,
1894 5086 2052 5142 quam

474 5166 565 5221 ille
605 5178 729 5221 tunc
758 5165 921 5235 ligno.
965 5166 1078 5220 Hoc
1105 5181 1262 5220 nemo
1288 5166 1445 5219 solvit
1470 5165 1775 5228 vinculum;
1805 5172 1887 5217 est
1910 5164 2052 5216 enim

471 5271 503 5311 a
530 5256 728 5312 Christi
752 5256 1019 5311 desiderio
1060 5274 1073 5309 :
1106 5257 1206 5310 hoc
1223 5272 1397 5326 neque
1416 5256 1612 5325 angeli,
1637 5269 1809 5324 neque
1830 5269 2051 5323 regnum

474 5349 727 5404 caelorum
743 5359 915 5418 potest
932 5350 1159 5404 solvere.
1176 5348 1521 5404 Licetaudirc
1538 5348 1708 5416 ipsum
1738 5346 1957 5400 Paulum
1976 5344 2054 5398 di-

469 5450 715 5496 centem:
741 5438 919 5511 Neque
935 5439 1121 5512 angeli,
1136 5457 1292 5508 neque
1309 5441 1638 5509 principatus,
1656 5454 1813 5508 neque
1836 5447 2049 5508 potesta-

468 5540 562 5594 tes,
578 5548 733 5601 neque
746 5531 985 5585 instantia
997 5548 1153 5598 neque
1172 5535 1360 5601 futura,
1379 5547 1532 5600 neque
1544 5531 1760 5583 altitudo
1778 5545 1932 5599 neque
1944 5544 2052 5584 uro-

468 5622 684 5692 funium
699 5632 857 5691 potest
868 5641 958 5678 nos
967 5640 1201 5694 separare
1218 5640 1248 5675 a
1260 5624 1465 5676 caritate
1483 5622 1667 5676 Christi
1695 5620 1908 5690 (Rom.8
1921 5620 2049 5691 .39).

538 5710 618 5765 De
642 5714 849 5767 custode
885 5715 1123 5779 carceris,
1169 5716 1220 5767 in
1250 5730 1347 5783 quo
1377 5713 1577 5767 Paulus
1606 5723 1712 5766 erat
1739 5712 1955 5764 vinctus.
1974 5741 2046 5750 —

466 5804 708 5875 Quanam
731 5820 858 5876 ergo
884 5806 949 5862 de
989 5823 1148 5863 causa
1190 5807 1381 5863 factum
1412 5817 1490 5862 est
1519 5806 1617 5862 hoc
1646 5806 1819 5862 media
1852 5807 2051 5860 nocte?

2159 490 2326 543 quare
2350 476 2513 531 etiam
2544 493 2662 531 cum
2695 489 2852 534 terra:
2896 483 3081 535 motu?
3109 482 3303 539 Audite
3332 486 3422 541 Dei
3451 490 3723 560 dispensa-

2161 567 2380 633 tionem,
2411 578 2465 623 et
2493 570 2850 627 admiramini.
2879 572 3126 629 Omnium
3150 588 3273 632 sunt
3297 580 3469 633 soluta
3501 586 3725 654 vincula,

2158 668 2213 715 et
2242 670 2409 730 porta:
2434 672 2557 716 sunt
2585 674 2801 733 aperue.
2831 665 2936 720 Sed
2968 668 3070 722 hoc
3093 669 3265 723 solum
3291 671 3485 727 factum
3514 685 3593 730 est
3622 694 3727 745 pro-

2160 760 2278 819 pter
2316 752 2590 807 custodem
2631 756 2896 818 carceris;
2932 772 3037 810 non
3068 759 3133 813 ad
3169 764 3603 833 ostentationem,
3632 770 3720 825 sed

2158 841 2225 895 ad
2255 843 2500 898 salutem.
2528 844 2660 899 Nam
2682 847 2825 916 quod
2857 848 3017 904 vincti
3057 853 3325 908 nescirent
3351 872 3411 911 se
3436 872 3555 914 esse
3582 861 3717 916 solu-
3765 860 3773 873 '

2159 940 2260 997 tos,
2293 943 2377 987 est
2410 936 2743 1005 perspicuum
2774 954 2836 992 ex
2866 955 2994 995 voce
3022 940 3192 995 Pauli.
3223 944 3360 1010 Quid
3390 949 3531 1003 enim
3561 950 3725 1008 dicit?

2158 1020 2417 1077 Clamavit
2453 1041 2583 1081 voce
2608 1044 2796 1097 magna
2835 1030 3021 1086 dicens
3051 1051 3064 1087 :
3092 1032 3242 1089 Nihil
3269 1037 3358 1090 tibi
3384 1041 3505 1093 mali
3534 1045 3692 1112 facias
3713 1086 3728 1111 ,

2160 1131 2329 1169 omnes
2356 1118 2488 1171 enim
2514 1119 2593 1172 hic
2620 1137 2792 1175 sumus
2823 1123 2957 1192 (Act.
2993 1124 3080 1179 16.
3107 1126 3221 1197 28).
3259 1128 3368 1184 Νοη
3392 1130 3618 1188 fuissent
3642 1152 3731 1190 au-

2162 1217 2266 1263 tem
2311 1224 2500 1266 omnes
2541 1213 2706 1279 intus,
2737 1215 2780 1269 si
2831 1217 3115 1272 scivissent
3143 1230 3325 1289 portas
3354 1240 3474 1281 esse
3503 1239 3729 1296 apertas,

2159 1313 2214 1356 et
2242 1318 2300 1357 se
2346 1305 2569 1361 solutos.
2607 1309 2737 1362 Nam
2780 1310 2871 1380 qui
2903 1328 3083 1367 muros
3110 1315 3460 1388 perfringunt,
3496 1332 3732 1395 tectaque

2159 1402 2213 1448 et
2236 1396 2559 1464 suggrundia
2605 1401 2926 1466 transiliunt,
2976 1414 3031 1457 et
3060 1406 3189 1459 nihil
3221 1424 3325 1462 non
3353 1411 3551 1467 audent
3578 1416 3733 1472 etiam

2159 1500 2280 1540 cum
2297 1489 2541 1553 vinculis,
2564 1507 2668 1545 non
2688 1493 3011 1551 tolerassent
3027 1506 3081 1551 et
3100 1499 3323 1556 vinculis
3339 1504 3527 1560 solutis
3548 1515 3598 1560 et
3614 1525 3733 1576 por-

2162 1577 2229 1630 tis
2248 1582 2449 1647 apertis
2475 1582 2617 1636 intus
2656 1600 2894 1649 manere,
2923 1587 3222 1646 dormiente
3246 1593 3361 1663 ipso
3382 1597 3602 1652 custode
3623 1614 3732 1655 car-

2159 1672 2317 1724 ceris.
2338 1671 2441 1727 Sed
2458 1689 2551 1741 pro
2569 1674 2756 1731 ferreis
2776 1678 3004 1734 vinculis
3020 1684 3224 1738 erateis
3245 1688 3420 1742 somni
3446 1690 3728 1749 vinculum.

2160 1758 2276 1827 Quo
2307 1760 2503 1817 factum
2535 1775 2619 1820 est
2649 1778 2705 1820 ut
2735 1778 2788 1822 et
2818 1769 2869 1823 id
2899 1770 3073 1837 ﬁeret,
3111 1790 3209 1830 nec
3254 1793 3317 1832 ex
3347 1779 3606 1836 miraculo
3632 1785 3732 1839 ulla

2162 1867 2299 1905 noxa
2348 1855 2548 1911 rediret
2601 1858 2667 1912 ad
2694 1860 2973 1916 custodem
3003 1867 3255 1932 carceris,
3298 1870 3387 1938 qui
3419 1883 3535 1926 erat
3562 1876 3734 1932 salvus

2161 1943 2388 2000 futurus.
2434 1948 2502 2002 Et
2525 1950 2719 2021 alioqui
2752 1955 2911 2007 etiam
2947 1958 3178 2013 maxime
3206 1972 3366 2015 noctu
3398 1964 3628 2033 ligantur
3649 1970 3733 2036 qui

2165 2047 2290 2090 sunt
2309 2038 2493 2102 vincti,
2511 2056 2614 2096 non
2644 2042 2895 2099 interdiu.
2923 2046 3139 2103 Licebat
3162 2067 3289 2122 ergo
3313 2063 3435 2109 tunc
3456 2056 3736 2127 diligenter

2160 2129 2345 2186 videre
2383 2148 2566 2189 rursus
2602 2135 2811 2192 vinctos
2846 2146 2902 2194 et
2941 2140 3292 2199 dormientes.
3326 2146 3383 2201 Si
3424 2148 3538 2204 hate
3564 2163 3734 2207 autem

2161 2220 2391 2279 interdiu
2435 2227 2568 2282 facta
2612 2240 2814 2307 essent,
2858 2248 3081 2305 magnus
3109 2248 3258 2292 ortus
3292 2252 3432 2297 esset
3463 2247 3734 2303 tumultus.

2163 2313 2271 2368 Cur
2295 2330 2424 2385 ergo
2455 2326 2613 2373 terra;
2642 2330 2790 2376 motu
2819 2338 3112 2381 concussus
3142 2327 3240 2382 fuit
3266 2334 3493 2387 carcer?
3519 2334 3586 2390 Ut
3617 2352 3735 2392 sur-

2161 2416 2312 2473 geret
2340 2418 2520 2463 custos
2544 2413 2778 2468 carceris
2805 2414 2872 2470 ad
2894 2418 2969 2471 rei
3000 2422 3398 2489 spectaculum:
3431 2426 3477 2480 is
3495 2429 3635 2482 enim
3653 2444 3738 2485 so-

2163 2495 2245 2550 lus
2274 2496 2461 2565 dignus
2490 2512 2607 2556 erat
2634 2503 2828 2560 salute.

2168 2606 2207 2679 ᾇ-
2235 2590 2286 2642 4.
2319 2589 2396 2643 Tu
2424 2601 2599 2647 autem
2651 2595 2781 2650 mihi
2822 2598 2945 2653 vide
2972 2598 3173 2655 Christi
3200 2617 3461 2660 summam
3490 2611 3733 2679 gratiam.

2162 2676 2295 2732 Nam
2326 2679 2464 2735 inter
2494 2683 2644 2737 Pauli
2690 2687 2922 2755 vincula,
2955 2689 3152 2746 Christi
3182 2710 3394 2765 quoque
3421 2676 3603 2767 gratia:
3627 2716 3742 2756 me-

2164 2772 2384 2827 minisse
2411 2774 2692 2843 pulchrum
2723 2787 2779 2833 et
2802 2778 3083 2837 honestum
3114 2802 3126 2836 :
3157 2786 3264 2840 imo
3289 2802 3417 2843 vero
3439 2806 3500 2844 ea
3530 2806 3741 2862 quoque

2164 2870 2318 2916 erant
2364 2863 2456 2919 Dei
2481 2867 2686 2934 gratiae.
2730 2867 2866 2924 Sunt
2894 2873 3035 2941 enim
3064 2876 3153 2943 qui
3182 2880 3575 2947 reprehendunt
3600 2885 3740 2952 quod

2164 2954 2342 3011 salvus
2371 2956 2531 3012 fuerit
2557 2969 2737 3016 custos
2786 2966 3040 3033 carceris,
3078 2976 3133 3023 et
3162 2984 3258 3038 pro
3278 2973 3466 3040 quibus
3490 2975 3741 3033 admirari

2164 3048 2443 3116 oportebat
2486 3050 2580 3105 Dei
2620 3052 2983 3120 clementiam,
3029 3073 3093 3111 ex
3140 3060 3207 3114 iis
3234 3062 3361 3130 ipsis
3389 3065 3739 3133 vituperant:

2165 3152 2266 3191 nec
2300 3140 2515 3193 mirum.
2550 3140 2804 3198 lmbecilli
2846 3146 2988 3201 enim
3017 3157 3071 3202 et
3099 3154 3283 3219 aegroti
3311 3164 3436 3208 sunt
3465 3154 3741 3224 hujusmo-

2164 3228 2240 3296 di,
2267 3231 2356 3300 qui
2383 3233 2539 3286 etiam
2580 3234 2889 3290 alimentum
2936 3239 3257 3308 vituperant,
3284 3245 3427 3313 quod
3462 3258 3741 3314 Oporterct

2166 3319 2437 3388 admirari,
2486 3331 2541 3378 et
2577 3325 2680 3379 mel
2709 3325 2893 3381 dicunt
2921 3342 3041 3384 esse
3069 3346 3328 3386 amarum.
3358 3334 3426 3389 Et
3453 3339 3537 3404 qui
3570 3355 3743 3393 cmen—

2166 3411 2323 3475 tiunt,
2372 3429 2437 3467 ex
2482 3430 2547 3469 eo
2575 3414 2995 3473 obtenebrantnr
3019 3436 3084 3475 ex
3122 3439 3229 3493 quo
3256 3424 3515 3481 deberent
3549 3429 3744 3485 illumi-

2165 3504 2302 3569 nari,
2336 3520 2454 3559 cum
2483 3507 2595 3563 haec
2624 3510 2868 3566 accidant
2888 3528 2993 3565 non
3024 3528 3089 3567 ex
3115 3531 3291 3570 rerum
3321 3529 3528 3581 natura,
3553 3506 3647 3576 sed
3675 3539 3742 3578 ex

2165 3595 2530 3653 imbecillitate
2557 3616 2743 3656 eorum
2774 3603 2863 3673 qui
2892 3605 2972 3659 eis
2999 3606 3074 3660 uti
3103 3623 3208 3662 non
3233 3621 3475 3679 possunt,
3508 3623 3563 3667 ut
3583 3630 3744 3684 opor-

2167 3695 2261 3742 tet.
2284 3687 2421 3754 Quid
2440 3705 2567 3759 ergo
2580 3691 2852 3748 dicebant?
2865 3695 2995 3750 Cum
3023 3709 3296 3767 oporteret
3320 3701 3569 3757 admirari
3598 3706 3742 3773 quod

2165 3793 2285 3833 eum
2313 3782 2546 3849 cepisset
2565 3785 2654 3852 qui
2680 3786 2746 3839 ad
2773 3796 3070 3843 extremum
3100 3792 3379 3862 prolapsus
3396 3806 3508 3849 erat
3530 3796 3739 3861 vitium,

2163 3879 2218 3924 et
2241 3870 2455 3927 fecisset
2485 3875 2783 3941 meliorem,
2815 3878 3036 3935 dicunt:
3065 3882 3344 3949 Quomodo
3373 3903 3478 3941 non
3509 3888 3743 3943 arbitra-

2163 3968 2248 4015 tus
2271 3971 2353 4017 est
2373 3979 2489 4017 eam
2507 3980 2619 4020 rem
2643 3982 2762 4024 esse
2781 3972 3168 4042 praestigiarum
3185 3983 3243 4029 et
3261 3976 3660 4041 iucantationis,
3685 3992 3744 4036 et

2163 4068 2268 4109 non
2299 4070 2392 4110 eos
2433 4060 2600 4127 magis
2638 4062 2859 4116 retinuit
2912 4073 2966 4118 et
3010 4065 3296 4122 clamavit?
3323 4069 3403 4124 Ad
3433 4070 3535 4126 hoc
3560 4074 3744 4128 multis

2163 4159 2289 4199 usus
2316 4156 2398 4199 est
2441 4149 2801 4217 conjecturis:
2833 4153 3061 4222 primum
3093 4157 3330 4227 quidem,
3368 4163 3510 4230 quod
3539 4163 3746 4218 audivit

2161 4250 2256 4289 eos
2286 4236 2450 4291 Deum
2489 4239 2768 4296 laudantes
2794 4252 2847 4297 et
2869 4244 3097 4315 hymnos
3122 4258 3400 4305 cantantes
3430 4269 3444 4304 :
3475 4252 3744 4321 ejusmodi

2160 4337 2337 4384 autem
2365 4332 2588 4402 hymnos
2614 4349 2719 4388 non
2751 4335 3093 4405 cecinissent,
3121 4340 3166 4393 si
3198 4340 3419 4397 fuissent
3449 4345 3745 4415 prmstigia-

2160 4430 2339 4476 tores:
2368 4424 2759 4493 Audivitenim,
2784 4428 2972 4498 inquit,
2994 4445 3087 4483 eos
3111 4430 3279 4486 Deum
3304 4433 3580 4490 laudantes
3603 4438 3744 4504 (Act.

2160 4512 2247 4567 16.
2277 4512 2390 4583 25).
2441 4514 2688 4570 Secundo
2715 4529 2914 4586 autem,
2959 4520 3100 4590 quod
3132 4522 3231 4591 ipsi
3264 4541 3367 4579 non
3398 4526 3743 4596 aufugerunt,

2159 4606 2253 4660 sed
2278 4607 2436 4660 etiam
2490 4608 2875 4676 prohibuerunt
2915 4629 2981 4666 ne
3009 4627 3068 4667 se
3096 4615 3454 4671 interficeret:
3485 4619 3527 4671 si
3558 4629 3745 4673 autem

2160 4707 2376 4767 propter
2412 4714 2471 4753 se
2515 4699 2615 4754 hoc
2654 4699 2922 4767 fecissent,
2959 4718 3065 4758 non
3094 4704 3235 4760 intus
3264 4708 3607 4774 mansissent,
3640 4709 3746 4764 sed

2158 4803 2216 4842 se
2244 4790 2391 4858 prius
2438 4792 2782 4845 exemissent.
2810 4792 2995 4862 Magna
3036 4804 3212 4849 autem
3244 4805 3325 4850 cst
3348 4799 3507 4851 etiam
3551 4816 3749 4854 eorum

2159 4879 2463 4935 humanitas
2489 4899 2502 4935 :
2532 4881 2919 4950 prohibuerunt
2940 4901 3007 4939 nc
3027 4900 3087 4939 se
3116 4886 3461 4955 interficeret,
3482 4890 3569 4958 qui
3594 4891 3752 4959 ipsos

2158 4972 2331 5026 valide
2354 4987 2415 5026 ac
2444 4973 2689 5028 similiter
2711 4974 2991 5044 ligaverat.
3021 4978 3100 5032 Ac
3121 4978 3167 5032 si
3194 4978 3453 5034 dixissent
3474 4982 3549 5035 illi
3574 5000 3590 5037 :
3622 4982 3753 5036 Fir-

2157 5065 2315 5118 miter
2334 5074 2388 5119 et
2411 5065 2606 5120 acriter
2633 5082 2730 5119 nos
2758 5067 2995 5134 vinxisti,
3028 5079 3086 5123 ut
3116 5070 3230 5139 ipse
3260 5086 3409 5126 esses
3438 5072 3644 5126 solutus
3669 5075 3752 5129 ab

2157 5154 2519 5209 acerbissimis
2544 5157 2793 5213 vinculis.
2822 5157 3041 5213 Catenis
3070 5161 3212 5214 enim
3238 5177 3459 5216 suorum
3489 5174 3753 5232 peccato-

2156 5263 2274 5303 rum
2294 5248 2657 5317 unusquisque
2680 5250 3083 5320 constringitur.
3106 5250 3235 5305 Nam
3262 5253 3350 5306 illa
3377 5254 3591 5323 quidem
3610 5269 3754 5312 sunt

2157 5339 2483 5394 exsecranda
2498 5340 2859 5397 viueula.ll:ec
2872 5353 3050 5397 autem
3065 5344 3217 5398 beata
3236 5356 3289 5398 et
3307 5346 3463 5401 valde
3480 5349 3720 5416 optanda
3734 5390 3749 5402 .

2154 5432 2289 5486 Nam
2317 5431 2458 5503 quod
2499 5431 2614 5487 haec
2635 5432 2725 5487 illa
2751 5434 3031 5503 solverint,
3055 5436 3292 5490 ostendit
3333 5454 3395 5490 ex
3425 5440 3748 5495 sensilibus.

2156 5523 2345 5579 Vidisti
2370 5539 2463 5578 eos
2500 5526 2707 5582 solutos
2734 5528 2824 5597 qui
2854 5529 2995 5582 ferro
3034 5526 3244 5582 fuerant
3274 5529 3482 5584 vincti?
3515 5530 3753 5587 Videbis
3782 5580 3792 5603 ,

2157 5630 2208 5673 te
2233 5635 2444 5689 quoque
2466 5622 2639 5690 ipsum
2657 5621 2951 5675 relaxatum
2973 5637 3037 5676 ex
3066 5623 3183 5677 aliis
3209 5626 3457 5692 gravibus
3489 5626 3752 5680 vinculis.
3778 5626 3779 5629 “

2154 5710 2281 5766 Haec
2307 5712 2537 5774 vincula,
2563 5714 2884 5778 vinctorum,
2905 5714 3140 5783 inquam,
3168 5717 3395 5783 vincula,
3424 5735 3527 5770 llutt
3563 5717 3750 5779 Pauli.
3777 5737 3784 5746 ·

2158 5804 2355 5861 faciunt
2404 5805 2490 5861 illa
2537 5806 2744 5862 vincula
2795 5808 3347 5877 peccatorum.Eraut
3391 5810 3498 5866 duo
3534 5827 3748 5882 gener?
