4060 6400
356 380 429 436 59
1193 393 1261 449 IN
1299 396 1515 455 EPIST.
1560 403 1652 455 Μ)
1689 403 1931 461 EPIIES.
1973 408 2126 466 CAP.
2168 411 2254 467 ιν.
2293 414 2526 470 HOMIL.
2564 414 2694 471 VIII.
3512 426 3584 483 σο

353 492 472 588 οὐχ).
647 496 856 588 τοίχους
894 501 1126 570 ἀνοίγειν
1168 508 1335 579 αὐτῷ.
1380 513 1537 567 Ἀλλὰ
1565 515 1673 568 τῶν
1700 520 1798 588 μὲν
1823 521 1910 572 δε-

353 583 506 652 σμῶν
531 585 715 649 ἁπλῶς
740 587 899 655 φύσις
927 592 1027 646 οὐκ
1073 596 1219 649 ἐστιν
1260 599 1421 671 αῦτη,
1461 605 1673 671 δεσμῶν
1711 607 1767 659 δέ
1806 609 1912 663 τῶν

350 670 437 763 διὰ
461 673 692 763 Χριστον
716 676 874 747 αὕτη.
902 680 1243 750 Προσέπεσεν
1268 689 1296 740 6
1317 670 1653 760 δεσμοφύλαξ
1673 693 1749 763 τῷ
1772 696 1917 749 Παύ-

350 758 426 849 λιρ
572 760 649 831 τῷ
674 763 820 834 Σίλα.
856 767 995 820 Ἀλλ’
1017 770 1136 823 οὐδὲ
1163 772 1319 826 τοῦτο
1345 758 1687 849 ποιεῖδεσμά
1705 758 1912 847 ἀπλῶς,

349 847 474 935 τοὺς
487 847 754 918 δήσαντας
770 853 849 916 είς
864 856 988 933 τοὺς
1002 857 1169 921 πόδας
1186 858 1339 927 ἄγειν
1359 862 1464 915 τῶν
1484 847 1799 935 δεδεμένων,
1824 869 1914 922 ἀλ-

347 932 417 986 λὰ
459 936 763 991 τούναντίον
809 932 1145 1013 ὑποχειρίους
1185 946 1403 1012 τούτους
1440 932 1669 1016 ἐκείνοις
1717 958 1911 1012 ποιεῖν.

346 1017 461 1110 IAN—6v
480 1020 535 1074 δὲ
548 1021 882 1110 ὀῗλελυμένος
903 1029 1007 1081 ὑπὸ
1023 1031 1149 1093 τοὺς
1172 1030 1413 1105 πόδαςῆν
1430 1036 1522 1089 τοῦ
1537 1037 1817 1110 δεδεμένου
1839 1057 1855 1074 ο
1884 1043 1914 1095 6

344 1106 512 1198 δῆσας
536 1109 688 1178 ἠξίου
715 1113 807 1166 τὸν
832 1114 1052 1169 δεθέντα
1082 1117 1306 1189 λυθῆναι
1336 1121 1429 1174 τοῦ
1463 1106 1816 1198 φόϐουίυύχὶ
1845 1130 1910 1181 σὺ

346 1194 560 1266 ἐδησας,
581 1199 702 1251 είπέ
730 1218 850 1270 μοι;
885 1204 1003 1272 οὐχὶ
1023 1206 1104 1268 είς
1123 1206 1218 1277 τὴν
1242 1210 1511 1279 ἐσωτέραν
1538 1212 1726 1277 ἔϐαλες
1748 1194 1909 1283 φυλα-

345 1284 449 1354 κήν
468 1294 488 1349 ‘;
519 1286 639 1375 οὐχὶ
654 1289 736 1375 είς
756 1289 817 1342 16
847 1291 999 1355 ξύλον
1028 1295 1312 1363 ἡσφαλίσω
1330 1300 1454 1363 τοὺς
1480 1294 1681 1375 πόδας;
1712 1304 1765 1355 τί
1785 1305 1909 1375 τρέ-

347 1387 503 1439 μεις;
549 1373 603 1426 τί
642 1374 871 1447 θορυϐῇ;
900 1379 953 1431 τί
983 1380 1267 1451 δακρύεις;
1301 1384 1353 1437 τί
1380 1386 1441 1439 τὸ
1469 1373 1620 1456 ξίφος
1650 1373 1906 1457 ἐσπάσω;

342 1459 509 1513 Οὐδὲν
535 1460 768 1516 τοιοῦτον
793 1465 977 1535 ἔδησα,
1006 1470 1168 1539 φησίν
1191 1487 1205 1501 ·
1235 1472 1334 1525 οὐκ
1363 1474 1530 1544 ᾔδειν,
1562 1477 1644 1529 ὅτι
1675 1477 1905 1549 τοσαύτη

340 1545 451 1635 τῶν
471 1548 563 1635 τοῦ
580 1551 814 1620 Χριστοῦ
835 1553 1067 1625 δεσμίων
1088 1557 1120 1627 ἡ
1141 1556 1385 1629 δύναμις.
1420 1562 1483 1614 Τί
1506 1562 1683 1630 λέγεις
1705 1580 1719 1629 ;
1745 1545 1908 1635 ούρα-ζ

341 1633 464 1721 νοὺς
492 1634 681 1690 ἔλαϐον
710 1638 956 1703 ἐξουσίαν
984 1642 1238 1712 ἀνοίγειν,
1281 1648 1373 1700 καὶ
1414 1648 1781 1721 δεσμωτήριον
1807 1633 1907 1706 ούκ

340 1720 562 1789 ἔμελλον
580 1724 851 1793 ἀνοίγειν;
880 1728 1005 1792 τοὺς
1026 1730 1129 1783 ὑπὸ
1151 1732 1417 1803 δαιμόνων
1447 1720 1757 1806 δεδεμένους
1780 1739 1905 1791 ἐλυ-

337 1825 421 1873 ον,
452 1811 546 1862 καὶ
579 1811 815 1882 σιδήριον
838 1814 1059 1885 ἔμελλεν
1086 1819 1263 1873 αὐτῶν
1294 1824 1674 1891 περιέσεσθαι;
1709 1827 1809 1880 οὐκ
1835 1824 1907 1881 οἶ-

338 1896 437 1959 δας
461 1900 585 1961 τοὺς
618 1898 816 1970 ἄνδρας
838 1918 852 1933 ’
884 1902 973 1956 διὰ
1000 1904 1155 1959 τοῦτο
1199 1909 1292 1961 καὶ
1330 1911 1655 1981 συγγνώμης
1694 1913 1900 1982 ἔτυχες.

339 1982 550 2047 Παῦλος
577 1986 606 2038 6
633 1985 910 2057 δεδεμένος
930 1990 1097 2057 ἐστὶν,
1126 1993 1185 2046 ὃν
1208 1995 1427 2063 ἄγγελοι
1455 1999 1650 2062 πάντες
1676 2000 1904 2070 ᾐδέσθη-

339 2087 475 2125 σανι·
505 2072 715 2138 Παῦλός
743 2076 911 2145 ἐστιν,
939 2073 1001 2133 οὗ
1039 2082 1131 2134 καὶ
1157 2083 1225 2135 τά
1255 2085 1505 2156 σουδάρια
1538 2089 1629 2140 καὶ
1658 2091 1723 2142 τὰ
1744 2106 1905 2160 σημι-

336 2161 515 2216 κίνθια
540 2164 799 2236 δαίμονας
824 2168 1041 2238 ἧλαυνε,
1080 2172 1175 2225 καὶ
1198 2174 1385 2239 νόσους
1426 2179 1744 2246 ἐφυγάδευε,
1779 2182 1902 2234 καί·

336 2264 419 2300 τοι
446 2250 623 2339 πολλῶ
653 2254 871 2324 σιδήρου
902 2256 1278 2327 ἀδαμάντινος,
1318 2263 1411 2339 καὶ
1445 2265 1845 2336 ἀρῤαγέστερος
1872 2268 1902 2319 6

336 2337 489 2406 παρὰ
530 2338 624 2392 τοῦ
668 2339 919 2410 δαίμονος
953 2345 1179 2415 δεσμός·
1211 2337 1365 2411 οὗτος
1415 2351 1512 2419 μὲν
1556 2353 1665 2421 γάρ
1701 2353 1899 2425 ψυχὴν,

334 2427 540 2490 ἐκεῖνος
572 2427 631 2481 δὲ
658 2428 827 2499 ’σῶμα
869 2431 1076 2501 δεσμεῖ.
1121 2434 1179 2487 '0
1199 2436 1372 2505 ψυχὰς
1398 2439 1576 2494 τοίνυν
1616 2441 1901 2511 δεδεμένας

334 2512 497 2575 λύων,
524 2515 582 2567 τὸ
597 2515 755 2586 σῶμα
778 2519 837 2571 16
853 2519 1015 2572 06106
1038 2522 1136 2574 οὐκ
1156 2523 1220 2575 ἂν
1247 2523 1427 2593 ἴσχυσε
1447 2525 1603 2580 λῦσαι
1624 2544 1638 2591 ;
1663 2529 1691 2580 6
1710 2526 1899 2600 δαιμό-

335 2618 443 2653 νων
471 2602 642 2666 δεσμά
668 2604 1019 2677 διαρρηγνὺς,
1052 2610 1270 2681 σιδήρου
1302 2612 1446 2665 δέσιν
1466 2614 1566 2667 οὐκ
1586 2615 1652 2667 ἂν
1675 2615 1861 2669 ἔλυσεν
1883 2633 1898 2681 ;
1924 2670 1929 2671 ,

332 2691 365 2745 6
388 2690 476 2744 διὰ
497 2690 605 2745 τῶν
630 2695 859 2763 ἱματίων
894 2696 1057 2751 αὐτοῦ
1085 2700 1210 2762 τοὺς
1235 2700 1515 2771 δεσμώτας
1544 2704 1784 2768 ἐκείνους
1810 2706 1901 2759 λύ-

332 2793 429 2842 ων,
463 2779 555 2831 καὶ
569 2779 692 2846 ,τῶν
714 2780 979 2851 δαιμόνων
1008 2783 1381 2849 ἀπαλλάττων,
1415 2786 1578 2851 αὐτὸς
1607 2789 1674 2841 δι’
1704 2789 1898 2843 ἐαυτοῦ

333 2865 526 2920 ἑαυτὸν
546 2867 648 2921 οὐκ
666 2867 733 2923 ἂν
752 2869 906 2924 ἔλυσε
926 2887 942 2935 ;
970 2870 1068 2925 Διά
1089 2872 1246 2926 τοῦτο
1265 2875 1477 2944 πρῶτον
1502 2877 1678 2949 ἐδέθη,
1700 2880 1795 2932 καὶ
1813 2880 1900 2932 τό-

331 2962 393 3005 τε
420 2953 545 3016 τοὺς
558 2953 871 3025 δεδεμένους
902 2956 1108 3025 ἔλυσεν,
1129 2959 1215 3013 ἵνα
1244 2960 1439 3033 μάθῃς,
1458 2963 1540 3015 ὄτι
1569 2965 1615 3016 οἱ
1641 2963 1734 3017 τοῦ
1761 2966 1899 3034 Χρι-

332 3038 460 3094 στοῦ
484 3039 658 3094 δοῦλοι
685 3041 973 3113 δεδεμένοι,
1013 3045 1192 3117 πολλῷ
1223 3048 1331 3101 τῶν
1352 3049 1672 3120 <λελυμένων
1714 3052 1898 3121 μείζο-

333 3143 401 3180 να
427 3127 606 3199 ἔχουσι
634 3132 733 3200 τὴν
765 3130 935 3201 ἰσχύν.
982 3132 1047 3185 Εἰ
1072 3132 1361 3205 λελυμένος
1394 3136 1550 3190 τοῦτο
1582 3140 1897 3209 εἰργάσατο,

330 3211 516 3285 ούκῆν
539 3216 681 3271 οὕτω
702 3217 1011 3287 θαυμαστόν
1034 3238 1048 3251 ·
1075 3220 1214 3275 ῶστε
1234 3224 1333 3276 οὐκ
1352 3224 1634 3289 ἀσθενείας
1656 3228 1683 3279 6
1701 3227 1898 3296 δεσμὸς

329 3297 423 3374 ἦν,
450 3303 587 3358 ἀλλά
622 3305 865 3376 μείζονος
893 3306 1192 3379 δυνάμεως.
1224 3310 1381 3363 Οὕτω
1413 3312 1519 3381 γὰρ
1546 3312 1899 3383 λαμπροτέρα

328 3397 366 3461 η
395 3391 546 3462 ίσχὺς
570 3391 665 3445 τοῦ
695 3392 848 3461 ἁγίου
876 3393 1167 3460 δείκνυται,
1200 3397 1326 3450 ὅταν
1359 3401 1453 3451 καὶ
1481 3399 1757 3469 δεδεμένος
1790 3401 1897 3453 τῶν

333 3478 641 3550 λελυμένων
663 3484 862 3553 κρατῇ,
889 3483 1016 3536 ὅταν
1038 3485 1066 3536 ὁ
1093 3484 1372 3555 δεδεμένος
1398 3485 1472 3557 μὴ
1501 3488 1658 3557 μόνον
1684 3487 1895 3554 ἐαυτὸν,

331 3566 465 3622 ἀλλά
485 3570 579 3623 καὶ
605 3570 728 3635 τοὺς
749 3570 1062 3641 δεδεμένους
1087 3572 1207 3644 λύῃ.
1250 3575 1314 3627 Τί
1344 3576 1452 3629 τῶν
1480 3575 1672 3647 τοίχων
1693 3577 1750 3630 16
1772 3577 1898 3645 ὄφε-

328 3656 449 3721 λοςς
474 3658 528 3712 τί
558 3658 620 3712 16
650 3659 810 3713 πλέον
832 3660 938 3714 ἀπὸ
966 3661 1057 3715 τοῦ
1089 3664 1167 3725 εἰς
1202 3664 1301 3733 τὴν
1348 3665 1622 3736 ἐσωτέραν
1653 3665 1897 3736 φυλακὴν

331 3740 513 3813 βαλεῖν
539 3746 722 3810 αὐτὸν,
744 3747 962 3815 ὃπουγε
988 3748 1079 3802 καὶ
1107 3749 1203 3819 τὴν
1227 3750 1495 3821 ἐξωτέραν
1526 3752 1727 3823 ἀνέῳξε
1748 3752 1893 3824 ;[57]

327 3831 431 3885 Διά
442 3832 494 3885 τί
511 3832 566 3886 δὲ
593 3835 651 3886 ἐν
675 3834 850 3899 νυκτὶ,
876 3834 969 3888 καί
990 3835 1126 3906 μετά
1152 3837 1374 3906 σεισμοῦ
1398 3838 1646 3906 γέγονεν;
1681 3841 1901 3896 Ἕνδοτέ

332 3936 425 3988 μοι
447 3920 640 3989 μικρὸν
671 3921 767 3974 καὶ
780 3923 1234 3991 παραχωρήσατε,
1248 3924 1356 3976 τῶν
1376 3926 1742 3979 ἀποστολικῶν
1757 3929 1896 3981 ἀπο-

329 4006 577 4077 σχομένῳ
604 4007 884 4078 ῥημάτων,
918 4009 1012 4061 καὶ
1040 4010 1436 4082 ἐντρυφήσαντι
1466 4015 1577 4076 τοῖς
1611 4014 1897 4068 ἀποστολι-

326 4098 445 4159 κοῖς
468 4095 809 4166 πράγμασιν,
832 4095 1145 4169 ἐστιαθῆναι
1158 4099 1225 4151 ἐν
1247 4102 1311 4169 τῇ
1331 4100 1519 4153 ἁλύσει
1542 4102 1750 4155 Παύλου
1772 4120 1786 4134 ο
1811 4104 1897 4156 δόε

324 4199 390 4235 τε
414 4199 501 4253 μοι
521 4183 779 4238 ἐπιπλέον
794 4184 1146 4255 ἐνδιατρῖψαι.
1168 4187 1547 4258 Ἐπελαϐόμην
1559 4190 1652 4242 τοῦ
1672 4191 1901 4262 δεσμοῦί

326 4269 500 4333 οὐδείς
534 4288 601 4340 με
627 4270 935 4341 ἀφίστησιν.
982 4272 1404 4345 Ἀσφαλέστερον
1431 4275 1540 4342 ἐγὼ
1559 4276 1777 4346 δέδεμαι
1798 4279 1893 4333 νῦν

325 4357 408 4427 τῷ
425 4357 594 4428 πόθῳ,
628 4357 665 4429 ἧ
691 4359 896 4421 ἐκεῖνος
916 4358 1035 4413 τότε
1062 4359 1139 4429 τῷ
1163 4360 1324 4429 ξύλῳ.
1366 4361 1563 4415 Τοῦτον
1582 4365 1755 4427 οὐδεὶς
1774 4365 1890 4420 λύει

325 4444 421 4498 τὸν
439 4444 656 4516 δεσμόν·
676 4446 783 4499 ἀπὸ
805 4446 913 4516 γὰρ
932 4445 1026 4499 τοῦ
1048 4447 1214 4500 πόθου
1238 4448 1362 4500 ἐστὶ*
1373 4447 1462 4501 τοῦ
1485 4450 1737 4519 Χριστοῦ
1766 4453 1893 4505 106-

321 4550 419 4586 106
442 4533 563 4589 οὐδὲ
582 4534 633 4587 οί
653 4533 895 4601 ἄγγελοι,
923 4535 1042 4589 οὐδὲ
1065 4535 1309 4605 βασιλεία
1326 4537 1565 4607 οὐρανῶν
1598 4540 1767 4610 ἰσχύει
1793 4541 1892 4594 λῦ-

328 4634 454 4674 σαι·
493 4619 659 4674 αὐτοῦ
704 4620 915 4675 Παύλου
953 4623 1103 4674 ἐστὶν
1131 4620 1360 4675 ἀκοῦσαι
1405 4623 1686 4690 λέγοντος,
1744 4628 1892 4683 Οὔτε

324 4711 585 4778 ἄγγελοι,
601 4709 740 4764 οὔτε
752 4708 1103 4778 ἁρχαὶ,.οὕτε
1122 4710 1425 4779 δυνάμεις,
1438 4712 1575 4766 οὔτε
1593 4713 1894 4771 ἐνεστῶτα

322 4796 465 4851 οὔτε
478 4795 801 4865 μέλλοντα,
823 4797 960 4851 οὔτε
976 4797 1194 4866 ὕψωμα
1211 4798 1347 4851 οὔτε
1356 4798 1549 4863 βάθος
1565 4800 1892 4868 δυνήσεται

322 4880 485 4951 ἡμᾶς
505 4885 756 4952 χωρίσαι
782 4882 899 4936 ἀπὸ
932 4881 1043 4951 τῆς
1069 4884 1305 4953 ἀγάπης
1336 4886 1443 4939 τοῦ
1468 4887 1748 4953 Χριστοῦ.

395 5044 547 5124 Τίνος
567 5038 659 5098 066
687 5044 848 5099 ἓνεκα
875 5045 1039 5115 μέσον
1069 5048 1279 5101 νυκτῶν
1303 5048 1364 5101 τὸ
1403 5051 1633 5121 πρᾶγμα
1664 5052 1888 5120 γέγονε;

320 5132 477 5195 τίνος
490 5132 676 5185 ἕνεκεν
701 5132 794 5185 καὶ
820 5132 955 5203 μετά
980 5133 1202 5203 σεισμοῦ
1223 5152 1237 5199 ;
1275 5136 1565 5189 Ἀκούσατε
1590 5137 1722 5190 Θεοῦ
1744 5140 1891 5193 οἰκο-

320 5217 535 5288 νομίαν,
572 5218 666 5271 καὶ
690 5218 1042 5287 θαυμάσατε.Δ
1059 5220 1281 5273 Πάντων
1299 5222 1368 5275 τὰ
1387 5221 1560 5292 δεσμὰ
1582 5223 1765 5295 ἐλύθη,
1798 5228 1895 5279 καὶ

320 5306 568 5376 αίθύραι
594 5304 934 5375 ἀνεῴγησαν.
976 5304 1137 5359 Ἀλλά
1168 5307 1327 5361 τοῦτο
1359 5309 1517 5378 μόνον
1549 5310 1637 5363 διὰ
1657 5312 1746 5365 τὸν
1766 5313 1891 5367 δεσ-

325 5393 617 5465 μοφύλακα
661 5390 917 5461 γέγονεν,
966 5392 1030 5447 ού
1071 5393 1209 5463 πρὸς
1257 5395 1533 5463 ἐπίδειξιν,
1571 5399 1727 5453 ἀλλά·
1755 5401 1890 5472 πρὸς

322 5481 618 5552 σαηηρίαν.
666 5480 790 5533 Ὅτι
847 5480 956 5551 γάρ
1010 5479 1110 5533 οὐκ
1151 5482 1344 5552 ᾔδεσαν
1382 5485 1432 5536 οἱ
1480 5484 1773 5555 δεσμῶται
1805 5490 1888 5543 ὅτι

320 5567 603 5637 λελυμένοι
644 5567 801 5633 εἰσὶν,
833 5567 990 5637 δῆλον
1022 5566 1131 5620 ἀπὺ
1165 5568 1277 5637 τῆς.
1304 5571 1486 5640 φωνῆς
1534 5572 1771 5629 Παύλου.
1823 5576 1888 5629 Τί

320 5656 432 5728 γάρ
456 5671 651 5726 φησιν;
690 5653 965 5726 Ἐφώνησε
982 5656 1038 5709 δὲ
1060 5659 1208 5726 φωνῇ
1236 5658 1442 5728 μεγάλῃ
1459 5658 1631 5727 λέγων
1648 5678 1663 5692 ·
1685 5662 1889 5731 Μηδὲν

320 5742 556 5811 πράξῃς
574 5740 807 5807 σεαυτῷ
830 5743 1037 5808 κακὸν,
1073 5742 1293 5810 πάντες
1315 5743 1423 5813 γάρ
1445 5745 1630 5815 ἐσμεν
1654 5748 1882 5806 ἐνθάδε.

321 5831 443 5883 Οὐκ
480 5832 547 5883 ἂν
576 5829 632 5882 δέ
666 5831 866 5893 πάντες
903 5825 1043 5901 ἦσαν
1074 5829 1242 5894 ἔνδον,
1307 5832 1356 5884 εί
1402 5828 1541 5885 εἶδον
1584 5834 1683 5896 τὰς
1717 5835 1885 5907 θύρας

322 5916 698 5989 ἀνεῳγμένας,
721 5918 815 5973 καὶ
836 5918 1061 5984 ἑαυτοὺς
1081 5917 1423 5990 λελυμένους.
1455 5921 1517 5974 Οί
1547 5920 1653 5993 γὰρ
1675 5923 1883 5995 τοίχους

2020 525 2416 598 διατέμνοντες,
2441 532 2532 585 καὶ
2549 532 2772 601 ὀρόφους
2788 534 2880 586 καὶ
2902 532 3121 604 θριγκία
3144 536 3578 606 ὑπερϐαίνοντες,

2020 616 2110 666 καὶ
2148 617 2323 670 πάντα
2364 618 2667 688 τολμῶντες
2714 620 2855 688 μετά
2889 620 3123 695 δεσμῶν,
3170 623 3269 675 οὐκ
3304 623 3370 677 ἂν
3414 626 3580 695 ἐκαρ-

2015 702 2272 772 τέρησαν,
2297 705 2391 757 καὶ
2420 705 2527 757 τῶν
2549 705 2758 776 δεσμῶν
2778 705 3084 777 λελυμένων
3125 708 3221 762 καὶ
3246 710 3354 763 τῶν
3402 712 3580 783 θυρῶν

2013 790 2403 861 ἀνεῳγμένων,
2449 792 2596 847 ἐνδον
2631 794 2843 864 μένειν,
2890 796 2984 849 καὶ
3021 796 3117 850 τοῦ
3174 797 3580 868 δεσμοφύλακος

2014 879 2365 944 καθεύδοντος
2409 884 2597 940 αὑτοῦ.
2668 885 2815 938 Ἀλλ’
2841 885 2962 939 ἀντὶ
3007 885 3220 954 δεσμῶν
3255 887 3485 960 σιδηρῶν
3509 885 3578 961 ἦν

2013 968 2195 1028 αὐτοῖς
2208 970 2236 1021 6
2256 969 2449 1040 δεσμὸς
2459 970 2548 1023 τοῦ
2563 969 2748 1025 ῦπνου.
2774 972 2871 1026 Διά
2881 973 3036 1027 τοῦτο
3047 975 3218 1039 οὕτως
3228 974 3573 1048 ᾠκονομήθη,

2011 1053 2150 1107 ὥστε
2190 1058 2362 1110 καὶτὸ
2388 1060 2618 1129 πρᾶγμα
2639 1060 2911 1127 γενέσθαι,
2939 1062 3033 1115 καὶ
3060 1062 3328 1133 μηδεμίαν
3349 1063 3456 1117 ἀπὸ
3479 1061 3574 1115 τοῦ

2013 1139 2289 1211 θαύματος
2327 1145 2527 1214 ζημίαν
2571 1146 2844 1217 συμϐῆναι
2884 1148 2962 1219 τῷ
3013 1149 3261 1219 μέλλοντι
3307 1150 3573 1215 σώζεσθαι

2009 1228 2395 1298 δεσμοφύλακι.
2429 1232 2539 1285 Καὶ
2567 1234 2762 1304 ἑτέρως
2785 1235 2842 1287 δὲ
2871 1236 3107 1305 μάλιστα
3144 1238 3194 1291 οί
3218 1236 3487 1293 δεδεμένοι
3515 1241 3573 1290 ἐν

2010 1317 2161 1369 νυκτὶ
2171 1317 2615 1387 δεσμοῦνται,ούκ
2632 1322 2691 1373 ἐν
2701 1323 2732 1389 ἡ
2743 1322 2905 1393 μέρᾳ.
2921 1324 3073 1378 Μετὰ
3085 1325 3284 1394 πολλῆς
3297 1322 3388 1378 οὖν
3406 1325 3571 1377 σπου-

2008 1400 2104 1472 δῆς
2120 1398 2185 1473 ἦν
2199 1403 2324 1455 ἰδεῖν
2337 1404 2650 1474 δεδεμένους
2663 1407 2844 1471 πάλιν,
2865 1409 2958 1461 καὶ
2973 1410 3347 1475 καθεύδοντας.
3368 1413 3430 1464 El
3446 1412 3502 1465 δὲ
3518 1414 3574 1464 ἐν

2007 1490 2189 1560 ἡμέρᾳ
2211 1491 2425 1558 ἐγένετο
2445 1492 2638 1557 ταῦτα,
2661 1495 2825 1557 πολὺς
2853 1494 2919 1548 ἂν
2938 1497 3152 1565 ἐγένετο
3167 1498 3576 1568 θόρυϐος.Τίνος

2007 1573 2098 1630 οὖν
2121 1578 2303 1631 ἕνεκεν
2330 1579 2422 1631 καὶ
2448 1581 2667 1649 ἐσείσθη
2698 1582 2757 1634 16
2772 1582 2977 1653 οἴκημα
3000 1602 3014 1650 ;
3045 1586 3205 1638 Ὥστε
3229 1586 3573 1657 διαναστῆναι

2005 1663 2096 1717 166
2123 1666 2506 1735 δεσμοφύλακα
2534 1671 2625 1722 ἐπὶ
2656 1671 2753 1741 τὴν
2777 1671 2871 1725 τοῦ
2894 1673 3214 1745 πράγματος
3233 1674 3360 1730 θέαν
3383 1691 3396 1706 ·
3421 1671 3573 1739 οὗτος

2004 1752 2114 1822 γὰρ
2134 1749 2201 1824 ἦν
2222 1754 2369 1820 ἄξιος
2396 1757 2493 1825 τῆς
2524 1758 2795 1828 σωτηρίας
2825 1760 3002 1837 μόνος.

2075 1947 2147 1999 Σὺ
2168 1947 2224 2001 δέ
2255 1965 2344 2017 μοι
2373 1947 2471 2003 θέα
2500 1950 2597 2021 τῆς
2624 1952 2718 2005 τοῦ
2754 1952 2989 2023 Χριστοῦ
3027 1954 3247 2025 χάριτος
3285 1954 3382 2024 τὴν
3406 1956 3573 2026 ὑπερ-

2003 2031 2187 2103 ϐολήν.
2222 2035 2442 2102 Μεταξὺ
2472 2038 2578 2107 γὰρ
2606 2039 2712 2092 τῶν
2742 2040 2953 2094 Παύλου
2979 2042 3189 2112 δεσμῶν
3218 2045 3311 2096 καὶ
3346 2043 3443 2112 τῆς
3474 2042 3571 2096 τοῦ

2002 2121 2237 2192 Χριστοῦ
2263 2124 2484 2194 χάριτος
2505 2127 2811 2197 μεμνῆσθαι
2832 2129 3013 2194 καλὸν,
3040 2130 3239 2200 μᾶλλον
3260 2130 3424 2184 δὲκαὶ
3445 2131 3574 2183 ταῦ-

2001 2225 2070 2261 τα
2100 2210 2195 2279 τῆς
2216 2211 2309 2263 τοῦ
2337 2212 2471 2265 Θεοῦ
2505 2215 2722 2285 χάριτός
2750 2217 2918 2271 ἐστιν.
2951 2218 3068 2271 Εἰσί
3100 2236 3245 2281 τινες
3280 2217 3574 2286 ἐγκαλοῦν-

2000 2314 2091 2359 τες
2113 2299 2193 2350 ὅτι
2220 2299 2450 2370 διεσώθη
2469 2304 2497 2355 6
2526 2303 2885 2372 δεσμοφύλαξ,
2909 2307 2999 2359 καὶ
3020 2307 3157 2377 ὑπὲρ
3176 2300 3250 2361 ὧν
3274 2307 3571 2377 θαυμάζειν

2000 2382 2095 2436 τοῦ
2126 2384 2258 2438 Θεοῦ
2283 2386 2381 2458 τὴν
2411 2388 2813 2460 φιλανθρωπίαν
2856 2392 3046 2461 ἐχρῆν,
3090 2394 3199 2447 ἀπὸ
3227 2394 3433 2448 τούτων
3468 2394 3570 2463 ψέ-

2001 2489 2187 2540 γοντες
2204 2488 2214 2501 ·
2242 2474 2336 2527 καὶ
2357 2476 2505 2529 οὐδὲν
2521 2475 2850 2547 θαυμαστόν.
2876 2481 2937 2531 Οί
2957 2480 3065 2549 γὰρ
3081 2481 3323 2544 ἀσθενεῖς
3339 2482 3569 2535 τοιοῦτοί

2001 2562 2157 2624 εἰσιν,
2213 2563 2262 2615 οἳ
2293 2564 2388 2617 καί¹
2418 2566 2517 2635 τὴν
2547 2567 2852 2636 τρέφουσαν
2883 2570 3089 2639 τροφὴν
3123 2570 3466 2635 κακίζουσιν,
3500 2572 3577 2639 ἦν

2002 2647 2299 2719 θαυμάζειν
2321 2652 2508 2720 ἐχρῆν,
2536 2653 2631 2705 καὶ
2659 2653 2720 2705 16
2743 2654 2865 2724 μέλι
2885 2657 3081 2726 πικρὸν
3107 2651 3245 2708 εἷναί
3270 2673 3421 2724 φασι.
3458 2658 3569 2710 Καὶ

1998 2735 2047 2787 οἱ
2094 2735 2527 2805 τυφλώττοντες,
2561 2739 2652 2809 ἀφ’
2681 2732 2742 2792 06
2785 2741 3011 2810 ὤφειλον
3045 2742 3410 2811 φωτίζεσθαι,
3460 2746 3569 2798 ἀπὸ

1998 2821 2186 2874 τούτου
2232 2824 2587 2889 σκοτίζονται.
2647 2827 2707 2880 οὐ
2734 2831 2888 2899 παρά
2934 2831 3033 2901 τὴν
3074 2831 3184 2884 τῶν
3227 2832 3569 2901 πραγμάτων

2001 2910 2161 2978 φύσιν
2188 2911 2393 2965 τούτων
2440 2913 2865 2983 συμϐαινόντων,
2912 2916 3047 2971 ἀλλά
3086 2917 3238 2989 παρὰ
3277 2920 3377 2988 τὴν
3403 2919 3568 2971 ἀσθέ-

1999 3015 2145 3051 νειαν
2173 2999 2279 3051 τῶν
2310 3001 2388 3062 είς
2416 3000 2532 3054 δέον
2555 3002 2738 3066 αὐτοῖς
2778 3004 3075 3075 κεχρῆσθαι
3125 3006 3201 3075 μὴ
3233 3006 3564 3075 δυναμένων.

2001 3085 2116 3159 [58]
2140 3087 2205 3139 Τί
2220 3083 2312 3140 οὖν
2326 3087 2508 3157 ἔλεγον
2525 3106 2540 3155 ;
2558 3090 2686 3144 Δέον
2707 3090 2999 3162 θαυμάσαι,
3023 3093 3103 3147 ὅτι
3120 3094 3200 3157 είς
3224 3095 3458 3165 ἐσχάτην
3474 3112 3567 3147 κα-

1998 3174 2123 3227 κίαν
2150 3176 2474 3244 ἐμπεσόντα,
2507 3175 2694 3230 τοῦτον
2725 3172 2858 3243 εἷλε,
2906 3180 3003 3232 καὶ
3035 3180 3227 3250 βελτίω
3251 3182 3564 3252 εἰργάσατο,

1998 3261 2213 3329 λέγουσι
2237 3279 2251 3293 ο
2288 3262 2414 3324 Πῶς
2438 3263 2548 3335 γὰρ
2578 3266 2678 3318 οὐκ
2706 3266 2923 3336 ἐνόμισε
2952 3267 3014 3320 τὸ
3046 3270 3279 3339 πρᾶγμα
3310 3272 3566 3340 γοητείας

1998 3344 2137 3401 εἶναι
2176 3351 2271 3403 καὶ
2307 3351 2663 3419 μαγγανείας,
2704 3354 2798 3406 καὶ
2831 3354 3029 3424 μᾶλλον
3072 3356 3269 3418 αὐτοὺς
3306 3357 3561 3424 κατέσχε,

1997 3438 2092 3489 καὶ
2109 3436 2439 3502 ἀνωλόλυξε;
2468 3439 2644 3493 Πολλὰ
2669 3440 2806 3511 πρὸς
2825 3441 2981 3495 τοῦτο
3001 3442 3352 3497 συνεϐάλλετο
3375 3459 3389 3473 ο
3414 3444 3565 3513 πρῶ-

1995 3538 2086 3574 τον
2118 3523 2236 3592 μὲν,
2264 3523 2343 3576 ὅτι
2368 3525 2599 3595 ῆκουσεν
2641 3526 2950 3593 ὑμνούντων
2974 3529 3066 3581 τὸν
3089 3528 3221 3581 Θεόν
3243 3544 3256 3557 ·
3284 3529 3385 3582 οὐκ
3411 3528 3475 3582 ἂν
3506 3529 3561 3581 6E:

1996 3609 2190 3679 γόητες
2203 3610 2472 3674 τοιούτους
2484 3608 2814 3685 ύμνουςῇδον
2833 3631 2847 3645 ·
2872 3616 3109 3667 Ἤκουσε
3121 3613 3229 3685 γὰρ
3245 3615 3439 3679 αὐτῶν,
3460 3628 3562 3685 φη-

1998 3697 2103 3759 σὶν,
2130 3698 2439 3767 ὑμνούντων
2450 3698 2539 3751 τὸν
2559 3698 2714 3753 Θεόν.
2735 3700 3014 3771 Δεύτερον,
3039 3702 3120 3755 ὅτι
3144 3702 3298 3755 αὐτοὶ
3313 3703 3410 3755 οὐκ
3429 3702 3535 3755 ἀπέ
3549 3730 3563 3739 -

1997 3800 2185 3851 φυγον,
2221 3784 2357 3837 ἀλλά
2378 3787 2469 3838 καὶ
2491 3786 2651 3840 αὐτὸν
2677 3787 2952 3843 ἐκώλυσαν
2986 3789 3187 3857 σφάξαι
3225 3790 3443 3843 ἐαυτόνσ
3463 3790 3562 3843 οὐκ

1995 3870 2061 3923 ἂν
2085 3871 2163 3934 δὲ,
2198 3872 2245 3924 εἰ
2278 3874 2484 3925 ἑαυτῶν
2517 3873 2700 3927 ἕνεκεν
2727 3875 2964 3938 ἐποίουν,
3013 3876 3159 3930 ἔνδον
3190 3877 3402 3946 έμενον,
3426 3877 3560 3929 ἀλλὰ

1997 3961 2293 4030 προτέρους
2317 3962 2383 4015 ἂν
2415 3964 2638 4025 ἐαυτοὺς
2664 3964 2883 4028 ἐξεῖλον.
2918 3965 3090 4035 Πολλὴ
3123 3965 3179 4019 δὲ
3205 3966 3382 4019 αὐτῶν
3404 3968 3494 4020 καὶ
3526 3968 3560 4036 ἡ

1996 4048 2403 4118 φιλανθρωπία’
2447 4049 2724 4104 ἐκώλυσαν
2757 4052 2918 4106 αὐτὸν
2970 4053 3167 4123 σφάξαι
3225 4055 3432 4113 ἐαυτὸν.
3470 4054 3562 4105 τὸν

1994 4134 2227 4205 δήσαντα
2247 4138 2461 4202 αὐτοὺς,
2490 4138 2771 4209 μονονουχὶ
2798 4140 2933 4210 πρὸς
2955 4141 3116 4193 αὑτὸν
3141 4141 3389 4208 λέγοντες
3409 4159 3421 4171 ·
3446 4143 3558 4195 Ms-

1993 4222 2062 4275 τὰ
2094 4223 2290 4293 πολλῆς
2324 4225 2423 4293 τῆς
2446 4225 2740 4294 ἀσφαλείας
2757 4227 3041 4296 ὴσφαλίσω
3068 4230 3147 4288 είς
3163 4229 3259 4298 τὴν
3288 4230 3558 4299 ἐσωτέραν

1998 4308 2466 4381 βαλὼνφυλακὴν,
2492 4314 2584 4365 καὶ
2612 4313 2823 4384 πικρῶς
2855 4315 3000 4384 ἡμᾶς
3023 4314 3239 4385 ἐδησας,
3275 4315 3361 4368 ἵνα
3395 4316 3559 4386 λυθῇς

1994 4396 2152 4458 αὐτὸς
2181 4397 2288 4448 τῶν
2311 4399 2651 4467 πικροτάτων
2674 4400 2909 4469 δεσμῶν.
2938 4401 3152 4470 Σειραῖς
3169 4404 3277 4471 γὰρ
3298 4402 3407 4455 τῶν
3434 4404 3558 4455 ἐαυ-

1995 4482 2087 4534 τοῦ
2121 4482 2401 4553 ἁμαρτιῶν
2442 4483 2669 4548 ἕκαστος
2716 4486 3019 4555 σφίγγεται.
3070 4488 3283 4541 Ἐκεῖνα
3309 4490 3411 4558 μὲν
3450 4490 3573 4559 γὰρ

1994 4568 2251 4638 ἐπόιραταΔ
2284 4570 2350 4621 τά
2387 4570 2583 4639 δεσμά,
2618 4570 2791 4623 ταῦτα
2823 4572 2897 4625 δὲ.
2922 4573 3185 4643 μακάρια,
3220 4578 3314 4628 καὶ
3359 4577 3576 4645 πολλῆς.

1992 4656 2158 4725 εὐχῆς
2182 4656 2329 4719 ἄξια.
2362 4657 2485 4710 Ὅτι
2534 4659 2643 4728 γὰρ
2674 4659 2788 4711 λύει
2827 4660 2896 4712 τά
2926 4662 3100 4730 δεσμά
3133 4664 3311 4716 ἐκεῖνα
3359 4664 3562 4729 ταῦτα,Δ

1992 4741 2189 4807 ἔδειξεν
2209 4744 2316 4796 ἀπὸ
2346 4745 2455 4798 τῶν
2478 4746 2770 4817 αἰσθητῶν.
2803 4744 2954 4812 Εἶδες
2992 4750 3115 4812 τοὺς
3134 4751 3211 4820 τῷ
3238 4752 3442 4822 σιδήρῳ
3471 4754 3566 4806 65-

1991 4830 2245 4899 δεμένους
2284 4831 2572 4901 λυθέντας;
2611 4835 2770 4904 Ὄψει
2799 4837 2891 4889 καὶ
2926 4838 3121 4891 σαυτὸν
3157 4840 3215 4905 ἐξ
3245 4840 3445 4912 ἐτέρων
3472 4841 3557 4893 δε-

1993 4917 2145 4985 σμῶν
2172 4917 2428 4972 ἀνεθέντα
2455 4921 2727 4990 χαλεπῶν.
2764 4922 2964 4976 Ταῦταλ
2994 4925 3063 4976 τὰ
3108 4924 3302 4995 δεσμὰ,
3349 4928 3418 4980 τὰ
3448 4929 3558 4980 τῶν

1990 5006 2280 5074 δεσμωτῶν
2324 5008 2486 5077 λέγω,
2542 5010 2603 5062 οὐ
2661 5010 2725 5063 τά
2760 5011 2996 5076 Παύλου,
3044 5012 3229 5067 ἐκεῖνα
3284 5014 3350 5067 τά
3383 5016 3556 5085 δεσμά

1991 5103 2133 5152 ποιεῖ
2158 5100 2224 5153 τά
2248 5101 2354 5153 τῶν
2379 5102 2681 5172 ἁμαρτιῶν.
2717 5103 2890 5173 Διπλῇ
2919 5099 3057 5172 ἦσαν
3081 5104 3355 5173 δεσμῶται
3383 5107 3433 5158 οἱ
3471 5106 3555 5157 ἕν-

1990 5191 2097 5254 δον,
2122 5191 2217 5244 καὶ
2247 5192 2409 5255 αὐτὸς
2447 5192 2731 5263 δεσμώτης
2751 5189 2820 5263 ἦν
2852 5195 2881 5246 ὁ
2918 5194 3283 5266 δεσμοφύλαξ.
3330 5198 3555 5250 Ἐκεῖνοι

1994 5282 2093 5350 μὲν
2142 5284 2249 5352 γὰρ
2298 5283 2500 5352 σιδήρῳ
2529 5284 2787 5347 ἐδέδεντο,
2841 5286 2933 5339 καὶ
2963 5287 3281 5358 ἁμαρτίαις,
3321 5283 3474 5351 0610;
3498 5290 3554 5341 δὲ

1989 5372 2282 5440 ἁμαρτίαις
2303 5372 2511 5442 μόναις.
2537 5375 2765 5427 Ἐλυσεν
2786 5376 3029 5440 ἐκείνους
3048 5380 3076 5431 6
3092 5378 3304 5441 Παῦλος
3327 5380 3408 5443 είς
3426 5380 3553 5447 πλη-

1992 5464 2249 5533 ροφορίαν
2276 5464 2467 5519 τούτου
2487 5482 2502 5497 ο
2535 5466 2629 5519 καὶ
2654 5469 2762 5538 γὰρ
2786 5464 2853 5538 ἦν
2892 5470 3063 5540 ὀρατά
3087 5470 3156 5524 τά
3180 5471 3377 5541 δεσμά.
3397 5471 3553 5524 Οὕτω

1989 5553 2127 5606 καὶὸ
2158 5555 2388 5622 Χριστὸς
2412 5555 2657 5626 ἐποίησε,
2680 5558 2879 5628 μᾶλλον
2904 5558 2961 5611 δὲ
2980 5559 3369 5630 ἀντιστρόφως.
3406 5562 3554 5614 Ἐκεῖ

1986 5643 2145 5716 διπλῆ
2191 5646 2493 5715 παράλυσις
2516 5644 2603 5719 ἦν.
2640 5647 2772 5702 Ποία
2806 5648 2865 5701 δὲ
2897 5648 3067 5721 αὖτη;
3120 5650 3185 5704 Ἦ
3222 5651 3330 5704 τῶν
3370 5653 3550 5722 ἀμαρ-

1985 5736 2133 5799 τιῶν,
2161 5737 2413 5806 καὶήτοῦ
2444 5737 2711 5808 σώματος.
2736 5740 2801 5793 Τί
2819 5736 2911 5794 οὖν
2928 5742 3097 5807 ποιεῖ;
3129 5742 3361 5811 Θάρσει,
3391 5746 3545 5813 φησὶ,

1985 5827 2219 5892 τέκνον,
2252 5829 2546 5898 ἀφέωνταί
2575 5848 2692 5885 σου
2721 5833 3111 5902 αίνάμαρτίαι.
3143 5836 3419 5907 Προτέραν
3446 5838 3544 5906 τὴν

1990 5921 2155 5985 ὅντως
2192 5922 2494 5994 παράλυσιν
2532 5922 2738 5992 ἔλυσεν,
2771 5920 2911 5980 εἶτα.
2937 5928 3029 5981 ἐπὶ
3070 5928 3274 6000 ταύτην
3301 5928 3569 6000 ἔρχεται..
