4068 6390
479 374 542 429 τι
1309 374 1366 430 S.
1404 371 1690 429 JOANNIS
1722 361 2207 428 CHRYSOS’I'OMI
2243 365 2562 424 ARCHIEP.
2600 364 3157 428 CONSTANTINOP.
3646 365 3717 423 69

482 489 611 542 Ὅτε
630 488 739 560 γὰρ
766 488 960 543 EIqu
982 500 1143 553 τινες
1158 486 1278 539 τῶν
1294 486 1676 555 γραμματέων
1696 486 1768 538 ἐν
1786 479 2045 546 ἑαυτοῖς,

484 567 675 638 οὗτος
718 568 1093 639 βλασφημεῖ,
1136 569 1309 636 εἰδὼς
1354 572 1387 623 ό
1432 567 1670 636 Ἰησοῦς
1713 568 1821 632 τὰς
1871 566 2047 618 ἐνθυ-

475 658 698 726 μήσεις
722 653 942 721 αὐτῶν,
964 652 1134 710 εἶπεν
1150 672 1169 687 ο
1200 656 1328 710 Ἵνα
1352 655 1412 709 τί
1438 653 1790 724 ἐνθυμεῖσθε
1815 650 2051 719 πονηρὰ

480 742 551 795 ἐν
574 742 703 808 ταῖς
723 739 991 809 καρδίαις
1013 737 1223 809 ὐμῶν;
1243 739 1302 793 τί
1314 738 1423 810 γάρ
1450 738 1623 792 ἐστιν
1639 737 2052 804 εὐκοπώτερον

480 824 705 887 ρίπεῖν,
762 822 1074 892 Ἀφέωνταί
1130 836 1248 877 σου
1295 824 1353 875 al
1394 822 1673 889 ἁμαρτίαι
1694 861 1710 885 ,
1760 819 1799 887 ἢ
1833 816 2048 882 εἰπεῖν,

487 908 745 976 Ἔγειραι
770 907 869 960 ναί
894 905 1240 975 περιπάτει;
1270 905 1407 963 Ἵνα
1431 904 1500 959 δὲ
1528 902 1729 972 εἰδῆτε
1756 903 1845 957 ὅτι
1873 901 2049 966 ἐξου-

482 989 627 1043 σίαν
644 989 772 1058 ἔχει
788 991 821 1043 ὁ
845 988 979 1055 Υἱὸς
997 988 1104 1042 τοῦ
1120 987 1434 1056 ἀνθρώπου
1452 988 1551 1041 ἐπὶ
1572 984 1682 1053 τῆς
1694 984 1806 1056 γῆς
1817 984 2054 1054 ἀφιέναι

483 1072 793 1139 ἁμαρτίας,
819 1069 982 1141 λέγει
1009 1070 1091 1137 τῷ
1124 1068 1510 1139 παραλυτικῷ
1527 1087 1542 1101 ’
1572 1067 1886 1139 Ἐγερθεὶς,
1904 1060 2054 1136 ἆρόν

484 1170 600 1208 σου
638 1154 757 1221 τὴν
783 1155 1006 1221 κλίνην
1029 1195 1045 1220 ,
1091 1154 1192 1207 καὶ
1230 1154 1424 1224 ὕπαγε
1450 1156 1541 1221 είς
1582 1149 1867 1207 τὸνοῖκόν
1911 1164 2051 1204 σου.

497 1239 774 1293 Ἔϐσϐαίου
812 1239 874 1292 τὸ
895 1239 1087 1311 νοητὸν
1113 1239 1221 1293 άπὸ
1252 1238 1347 1292 τοῦ
1371 1237 1655 1309 αἰσθητοῦ,
1686 1237 1794 1291 άπὸ
1821 1235 1916 1289 τοῦ
1950 1251 2056 1288 σω-

489 1323 720 1391 ματικοῦ
738 1324 799 1378 τδ
829 1323 970 1379 κατὰ
987 1322 1169 1394 ψυχήν
1197 1322 1593 1393 ἐργασάμενος.
1622 1320 1722 1374 Διὰ
1744 1320 1798 1373 τί
1821 1320 1877 1373 δὲ
1897 1318 2055 1372 τοῦτο

485 1405 773 1476 ἐποίησεν;
803 1406 925 1459 Ἵνα
955 1404 1221 1478 πληρωθῇ
1262 1405 1323 1458 τὸ
1360 1405 1676 1475 εἰρημένον·
1718 1403 1908 1457 Δοῦλε
1944 1417 2053 1455 πο-

486 1489 652 1558 νηρὲ,
705 1490 776 1544 ἐκ
812 1489 922 1544 τοῦ
965 1489 1264 1557 στόματός
1305 1501 1424 1542 σου
1484 1485 1668 1556 κρινῶ
1730 1500 1825 1542 σε.
1880 1485 1947 1539 Τί
1996 1484 2055 1537 δὲ

485 1578 715 1641 ἐκεῖνοις
742 1574 933 1637 Οὐδεὶς
953 1573 1176 1628 δύναται
1205 1572 1422 1641 ἀφιέναι
1454 1570 1753 1643 ἁμαρτίας,
1784 1571 1832 1623 εί
1865 1568 1940 1640 μή
1973 1563 2058 1630 είς

484 1662 514 1715 ό
540 1660 673 1719 Θεός
693 1676 707 1691 ’
748 1658 850 1712 οὐκ
875 1656 1106 1725 ἄγγελος
1156 1656 1265 1727 ἄρα
1294 1654 1503 1716 λοιπὸν,
1556 1655 1657 1710 οὐκ
1694 1652 2054 1728 ἀρχάγγελος,

485 1742 607 1796 οἰ)δέ
637 1740 769 1810 άλλη
802 1740 992 1810 κτιστή
1038 1739 1291 1809 δύναμις.
1337 1740 1527 1810 Ὑμεῖς
1572 1738 1731 1793 τοῦτο
1770 1735 2057 1807 ὡμολογή-

489 1842 639 1880 σατε.
667 1824 733 1877 Τί
760 1821 855 1877 οῦν
878 1823 1049 1893 ἐχρῆν
1078 1825 1291 1888 είπεῖν;
1328 1824 1427 1875 “Av
1445 1821 1640 1892 δειχθῶ
1660 1820 1844 1891 ἀφιεὶς
1871 1820 2056 1891 ἁμαρ-

486 1908 629 1972 τίας,
662 1906 882 1977 εῦδηλον
911 1908 993 1960 ὅτι
1023 1907 1156 1971 Θεὸς
1183 1906 1313 1976 ἐγώ.
1358 1905 1503 1960 Ἀλλ’
1533 1906 1635 1960 οὐκ
1671 1901 1827 1960 εἶπεν
1858 1903 2055 1966 οῦτως,

487 1994 623 2047 ἀλλὰ
645 1993 730 2055 τίς
763 1990 902 2045 Ἵνα
929 1989 999 2044 δὲ
1019 1990 1217 2060 εἰδῆτε
1240 1991 1331 2044 ὅτι
1362 1990 1658 2055 ἐξουσίαν
1686 1990 1811 2058 ἔχει
1862 1990 1895 2041 d
1926 1986 2060 2052 Υἱὸς

490 2075 596 2130 τοῦ
638 2073 955 2140 ἀνθρώπου
1001 2073 1100 2127 ἐπὶ
1153 2072 1265 2141 τῆς
1300 2072 1412 2142 γῆς
1453 2072 1693 2140 ἀφιέναι
1747 2071 2057 2142 ἁμαρτίας,

490 2161 623 2212 τότε
652 2156 770 2229 [59]
805 2156 969 2225 λέγει
1015 2155 1097 2221 τῷ
1140 2155 1546 2224 παραλυτικῷ,
1593 2154 1879 2224 Ἐγερθεὶς
1912 2146 2062 2221 ἆρόν

491 2258 607 2294 σου
636 2239 757 2306 τὴν
786 2239 1027 2305 κλίνην,
1061 2238 1157 2291 καὶ
1199 2238 1394 2307 ὕπαγε
1428 2239 1516 2304 είς
1563 2238 1672 2291 τὸν
1715 2232 1884 2292 οἶκόν
1916 2251 2057 2290 σου.

493 2324 659 2377 ὐταν
681 2318 795 2382 οὖν,
825 2321 978 2391 φησὶ,
1006 2320 1067 2373 τὸ
1092 2320 1495 2392 δυσκολώτερον
1531 2320 1877 2391 ἐργάσωμαι,
1904 2315 2062 2386 εῦδηο

489 2404 581 2459 λον
602 2406 684 2459 ὅτι
708 2402 930 2473 οὐδεμία
961 2402 1204 2473 περὶτοῦ
1234 2404 1458 2457 εύκόλου
1497 2400 1887 2456 καταλείπεται
1920 2398 2059 2468 πρό-

491 2505 653 2557 φασις
683 2487 803 2541 οὐδὲ
843 2486 1141 2555 ἀντιλογία.
1181 2486 1278 2539 Διὰ
1322 2488 1480 2540 τοῦτο
1528 2486 1591 2539 τὸ
1634 2486 1822 2556 νοητὸν
1855 2487 2063 2547 ἐκεῖνος

490 2572 714 2641 ἐποίησε
744 2571 1027 2640 πρότερον,
1052 2570 1239 2638 ἐπειδή
1272 2570 1457 2623 πολλοὶ
1494 2564 1638 2641 ἦσαν
1669 2570 1717 2622 οἱ
1747 2568 2059 2635 ἀντιλέγον-

488 2670 611 2718 τες’
665 2654 901 2708 ἐνταῦθα
933 2654 989 2707 δὲ
1034 2656 1145 2708 άπὸ
1176 2653 1270 2707 τοῦ
1318 2654 1508 2723 νοητοῦ
1557 2654 1651 2707 ἐπὶ
1694 2652 1758 2705 τὸ
1804 2651 2061 2722 αἰσθητὸν

490 2737 625 2791 αὐτὸ
652 2736 878 2807 ῆγαγεν.
906 2737 1051 2806 Ἀρα
1078 2738 1177 2790 οὐκ
1199 2733 1266 2807 ἦν
1289 2737 1621 2806 κουφότητος
1653 2736 1687 2805 ή
1712 2735 1916 2796 πίστιςε
1938 2731 2060 2787 Εἷδε

489 2820 617 2882 τοὺς
642 2819 947 2890 δεσμώτας,
982 2822 1075 2871 καὶ
1100 2819 1255 2873 οὐδὲν
1286 2815 1427 2871 εἶδεν
1444 2818 1563 2871 οὐδὲ
1590 2818 1789 2888 ήκουσε
1820 2816 2022 2887 φαῦλον
2042 2830 2057 2844 ⁸

491 2897 630 2955 εἶδεν
652 2902 715 2955 ού
748 2901 1054 2972 μαγγανεία
1074 2918 1128 2953 τι
1157 2901 1522 2971 γεγενημένον
1543 2918 1557 2931 °
1591 2900 1793 2971 ὕμνουν
1823 2898 1933 2969 γὰρ
1970 2900 2062 2953 τὸν

489 2984 654 3038 Θεόνσ
687 2979 828 3039 εἶδεν
865 2984 974 3039 ἀπὸ
1009 2984 1422 3056 φιλανθρωπίας
1454 2983 1656 3054 πολλῆς
1702 2984 1881 3036 πάντα
1910 2983 2063 3050 γενό-

496 3085 665 3140 μενα’
696 3069 761 3123 οὐ
808 3069 918 3141 γὰρ
966 3068 1245 3139 ἠμύναντο
1293 3068 1482 3133 αὑτὸν,
1527 3069 1707 3121 καίτοι
1748 3068 2058 3136 δυνάμενοι.

504 3151 663 3223 Ἐνῆν
691 3152 805 3222 γὰρ
822 3153 915 3206 καὶ
938 3152 1187 3215 ἐαυτοὺς,
1217 3153 1311 3205 καὶ
1336 3152 1464 3214 τοὺς
1488 3150 1805 3221 δεδεμένους
1850 3150 2061 3215 ἐξελόν-

492 3252 591 3298 τας
614 3236 869 3289 ἀπελθεῖν
894 3252 908 3265 ο
949 3238 999 3289 εί
1026 3236 1085 3289 δὲ
1120 3238 1196 3308 μὴ
1234 3237 1361 3300 τοὺς
1397 3236 1736 3307 δεδεμένους,
1772 3235 1888 3290 ἀλλ’
1933 3237 2062 3289 ἐαυ-

492 3317 641 3380 τούς.
686 3317 826 3372 Ἀλλ’
875 3319 975 3372 οὐκ
1015 3320 1346 3389 εἰργάσαντο
1367 3320 1546 3374 τοῦτο.
1603 3320 1765 3372 Ὥστε
1811 3319 1912 3372 οὐκ
1954 3318 2066 3372 ἀπὸ

492 3399 587 3453 τοῦ
614 3400 893 3472 θαύματος
929 3401 1108 3471 μόνον.
1136 3401 1272 3454 ἀλλὰ
1306 3402 1400 3455 καὶ
1422 3401 1532 3455 ἀπὸ
1558 3402 1653 3455 τοῦ
1675 3401 1880 3471 τρόπου
1899 3400 2065 3453 αὑτὸν

494 3484 819 3556 κατῄδεσαν.
868 3484 992 3547 Πῶς
1044 3482 1329 3554 ἐφώνησε;
1380 3484 1605 3556 Μεγάλῃ
1661 3487 1813 3554 φωνῇ
1852 3482 2064 3551 λέγων,

493 3568 699 3635 Μηδὲν
759 3566 1025 3635 ποιήσῃς
1073 3565 1307 3632 σεαυτῷ
1356 3568 1579 3621 κακόν·
1632 3567 1895 3632 ἅπαντες
1953 3566 2065 3635 γάρ

494 3650 682 3721 ἔσμεν
701 3650 936 3705 ἐνθάδε.
980 3652 1143 3722 Ὁρᾷς
1171 3652 1267 3705 καὶ
1300 3652 1359 3703 τὸ
1384 3651 1697 3717 άκενόδοξον
1736 3652 1829 3705 καὶ
1855 3650 1914 3704 τὸ
1937 3652 2069 3704 ἄτυ-

495 3753 596 3806 φον
618 3736 785 3789 καὶτὸ
806 3734 1178 3805 φιλόστοργον.
1194 3737 1307 3788 Ούκ
1330 3733 1501 3797 εἶπεν,
1527 3738 1611 3791 ὅτι
1631 3738 1708 3789 Δι’
1726 3737 1870 3806 ήμᾶς
1892 3734 2067 3788 ταῦτα

496 3818 737 3887 γέγονεν’
760 3818 896 3881 ἀλλ’,
927 3816 1126 3870 ὡσανεὶ
1151 3818 1257 3871 τῶν
1286 3818 1579 3889 δεσμωτῶν
1601 3814 1704 3884 είς,
1729 3819 1883 3890 φησί·
1908 3816 2068 3872 Πάν-

495 3920 596 3969 τες
617 3902 727 3973 γάρ
761 3902 949 3970 ἐσμεν
977 3901 1209 3955 ἐνθάδε.
1238 3903 1433 3956 Καίτοι
1473 3905 1522 3957 εί
1558 3904 1653 3957 καὶ
1685 3902 1759 3974 μὴ
1793 3902 1900 3974 πρὸ
1938 3901 2065 3955 τού-

495 4002 611 4049 του,
647 3984 781 4056 μηδέ
809 3984 897 4038 διὰ
948 3983 1041 4036 τοῦ
1090 3984 1368 4055 θαύματος
1421 3984 1617 4038 ἔλυσαν
1646 3985 1897 4048 ἑαυτοὺς.
1948 3982 2065 4038 ἀλλ’

497 4068 628 4137 ἐνῆν
653 4068 848 4131 αὐτοὺς
877 4066 1120 4139 σιγῆσαι,
1160 4067 1255 4121 καὶ
1294 4067 1503 4129 πάντας
1533 4068 1805 4123 ἀπολῦσαι
1839 4066 1935 4121 καὶ
1978 4066 2065 4120 δε-

496 4151 775 4221 δεμένους.
807 4152 869 4205 Εἰ
896 4153 1005 4222 γὰρ
1030 4151 1313 4220 ἐσίγησαν,
1353 4150 1446 4203 καὶ
1475 4150 1550 4222 μή
1580 4150 1669 4204 διὰ
1692 4153 1793 4223 τῆς
1821 4151 2069 4222 μεγάλης

498 4235 684 4306 φωνῆς
726 4234 990 4304 κατέσχον
1025 4234 1191 4288 αὐτοῦ
1229 4233 1329 4298 τὰς
1372 4236 1580 4304 χεῖρας,
1633 4233 1845 4307 ὢθησεν
1882 4234 1950 4287 ἂν
1981 4233 2071 4288 διὰ

497 4319 593 4374 τοῦ
613 4318 812 4390 λαιμοῦ
835 4317 897 4372 τὸ
918 4317 1090 4387 ξίφος.
1123 4318 1219 4371 Διιά
1266 4317 1426 4371 τοῦτο
1462 4317 1557 4371 κα)⁵
1592 4317 1843 4388 ἐϐόησεν,
1878 4318 2067 4389 ἐπειδὴ

496 4403 576 4464 είς
618 4401 719 4472 τὴν
746 4399 1028 4470 ἐνδοτέραν
1084 4400 1333 4472 φυλακὴν
1382 4395 1451 4473 ἦν
1497 4400 1850 4471 βεϐλημένος.
1911 4399 2072 4454 Κατὰ

500 4485 700 4538 σαυτοῦ
721 4484 878 4539 τοῦτο
902 4484 1226 4555 πεποίηκας,
1245 4485 1431 4556 φησὶν,
1458 4484 1724 4555 ἐνδοτέρω
1746 4483 1921 4555 βαλὼν
1942 4486 2070 4548 τοὺς

502 4566 794 4636 μέλλοντάς
832 4584 894 4621 σε
942 4566 1262 4637 ἐλευθεροῦν
1309 4565 1407 4620 τοῦ
1460 4565 1733 4621 κινδύνου.
1780 4567 1923 4620 Ἀλλ’
1970 4567 2073 4621 ούκ

498 4651 842 4719 ἐμιμήσαντο
871 4648 940 4703 τά
978 4649 1109 4720 παρ’
1139 4651 1354 4704 ἐκείνου
1382 4649 1675 4722 γενόμενα.
1723 4650 1967 4705 Ἐκείνου
2012 4650 2071 4704 δέ

499 4733 859 4798 ἀποθανόντος
882 4734 1083 4798 πάντες
1119 4734 1189 4789 ἂν
1211 4733 1497 4805 ἐξέφυγον.

570 4930 723 4997 Εἶδες
753 4933 838 4987 ὅτι
868 4933 1073 4989 εἴλοντο
1106 4933 1353 4990 δεδέσθαι
1392 4936 1614 5007 μᾶλλον,
1654 4935 1687 5007 ἢ
1722 4936 1930 4989 ἐκεῖνον
1973 4952 2074 4988 πε-

501 5018 689 5087 ριιδεῖν
723 5017 1115 5087 ἀπολλύμενον.
1163 5021 1262 5073 Διὰ
1307 5020 1465 5074 τοῦτο
1506 5021 1601 5072 καὶ
1636 5019 1887 5089 ἐνενόησε
1936 5017 2075 5088 πρὸς

500 5101 725 5169 ἐαυτὸν,
758 5100 821 5154 Et
853 5100 1051 5173 γόητες
1097 5098 1260 5172 ἦσαν,
1300 5104 1521 5166 πάντως
1558 5102 1625 5156 ἂν
1659 5102 1903 5161 ἐκείνους
1934 5101 2073 5153 ἀπέ-

499 5186 688 5249 λυσαν,
717 5184 814 5239 καὶ
841 5185 1068 5249 ἑαυτοὺς
1103 5185 1484 5257 ἠλευθέρωσαν
1510 5187 1619 5239 τῶν
1650 5185 1865 5255 δεσμῶν
1884 5202 1899 5215 ·
1925 5184 2073 5247 είκδς

500 5268 611 5339 γὰρ
635 5267 865 5330 πολλοὺς
894 5267 990 5322 καὶ
1016 5268 1291 5331 τοιούτους
1317 5267 1715 5339 ἐμϐεϐλῆσθαι.
1745 5267 1957 5330 Ἀλλως
1992 5266 2073 5332 δὲ,

503 5364 763 5427 πολλάκις
789 5363 1081 5433 δεξάμενος
1108 5364 1333 5435 γόητας,
1362 5365 1459 5418 καὶ
1486 5364 1639 5418 οὐδὲν
1674 5363 1800 5418 ίδὼν
1827 5363 2074 5419 τοιοῦτον

502 5450 814 5517 γενόμενον,
863 5446 1191 5517 ἐθαύμασεν.
1228 5447 1286 5501 '0
1337 5447 1471 5518 γόης
1520 5449 1622 5501 οὐκ
1673 5448 1742 5501 ἂν
1787 5447 1967 5501 ἔσεισε
2004 5447 2078 5501 τὰ

503 5528 726 5600 θεμέλια
750 5529 890 5583 ὥστε
918 5530 1195 5584 διυπνίσαι
1215 5531 1308 5583 τὸν
1326 5529 1731 5600 δεσμοφύλακα,
1766 5529 1860 5583 καὶ
1884 5530 2077 5583 δυσκο-

502 5612 744 5683 λωτέραν
781 5612 961 5685 ἐαυτῷ
1004 5613 1226 5683 ποιῆσαι
1281 5612 1381 5685 τήν
1433 5616 1631 5683 φυγήν.
1695 5613 1834 5668 Ἀλλ’
1876 5614 2076 5685 ἴδωμεν

501 5695 685 5750 λοιπὸν
714 5696 810 5749 τοῦ
828 5696 1237 5767 δεσμοφύλακα
1254 5696 1353 5768 τὴν
1375 5698 1575 5752 πίστιν.
1599 5698 1882 5766 Αίτήσας,
1911 5700 2068 5770 φησὶ,

500 5777 665 5846 φῶτα
698 5780 1088 5848 είσεπήδησε,
1124 5780 1224 5833 καὶ
1242 5780 1527 5849 ἔντρομος
1552 5779 1854 5850 ὑπάρχων,
1883 5796 2067 5849 προσ·

502 5862 685 5915 ἐπεσε
715 5862 796 5928 τῷ
819 5864 1040 5931 Παύλῳ
1083 5866 1181 5917 καὶ
1224 5864 1304 5930 τῷ
1346 5866 1527 5931 Σίλᾳ,
1573 5865 1666 5915 ναὶ
1719 5863 2072 5932 προαγαγὼν

501 5943 722 6013 αὐτοὺς
751 5944 888 6016 ἔξω,
930 5946 1103 6014 φησί’
1136 5946 1337 6014 Κύριοι
1358 5988 1373 6012 ,
1406 5947 1462 5999 τί
1493 5962 1568 6015 με
1607 5944 1703 6000 δεῖ
1741 5946 1936 6001 ποιεῖν
1967 5948 2067 6001 ἵνα

2154 476 2363 545 σωθῶ;
2394 479 2515 553 Πῦρ
2544 481 2767 554 ἐκράτει
2793 481 2890 537 καὶ⁵
2919 481 3091 552 ξίφος,
3122 480 3219 535 καὶ
3260 480 3414 551 ελεγι
3436 495 3454 513 ο
3489 481 3718 552 Κύριοι,

2153 567 2213 623 τί
2223 585 2301 637 με
2320 570 2409 623 δει
2428 572 2623 628 ποιεῖν
2640 573 2743 628 ἵνα
2765 573 2969 637 σωθῶ;
2989 576 3053 628 οι
3074 572 3143 626 δὲ
3165 567 3361 627 εἷπονο
3382 572 3724 627 Πίστευσον

2157 652 2247 717 είς
2259 652 2369 707 τὸν
2385 655 2609 720 Κύριον
2638 656 2876 725 Ἰησοῦν
2904 655 3181 725 Χριστὸν,
3206 655 3307 710 καί
3331 653 3587 723 σωθήσῃ
3614 652 3720 718 σὺν

2156 732 2258 789 καί
2286 737 2321 790 ὁ
2361 733 2529 804 οἶκός
2558 752 2699 795 σου.
2750 739 2921 794 Τοῦτο
2966 739 3088 810 οὐχὶ
3138 741 3351 809 γοήτων
3390 739 3533 803 ἐστὶ,
3566 737 3724 808 φησὶ,

2157 818 2334 891 δόγμα
2350 822 2590 878 τοιοῦτον
2616 824 2952 897 παραδοῦναι
2967 840 2983 856 ·
3005 824 3243 893 οὐδαμοῦ
3271 823 3526 894 δαίμονος
3543 822 3728 877 ἐνταῦ-

2158 904 2228 958 θα
2263 906 2473 977 μνήμη.
2519 908 2684 980 Ὅρᾷς
2724 909 2841 974 πῶς
2875 908 3029 974 ἄξιος
3072 908 3166 963 τοῦ
3198 909 3441 979 σωθῆναι
3477 910 3723 975 ἐκεῖνοςς

2171 988 2319 1042 Ἰδὼν
2342 990 2452 1061 γὰρ
2479 991 2540 1047 τὸ
2565 993 2769 1063 θαῦμα,
2795 995 2889 1048 καὶ
2918 993 3014 1048 τοῦ
3045 994 3212 1065 φόϐου
3241 993 3598 1060 ἀπαλλαγεὶς,
3627 990 3728 1046 οὐκ

2159 1072 2455 1129 ἐπελάθετο
2484 1076 2595 1130 τῶν
2638 1078 3050 1149 συμφερόντων,
3085 1078 3204 1133 ἀλλ’
3241 1080 3300 1131 ἐν
3328 1076 3569 1149 τοσούτῳ
3608 1094 3727 1130 κιν-

2159 1155 2301 1229 δύνῳ
2332 1157 2445 1230 [60]
2476 1160 2608 1231 περὶ
2643 1162 2742 1232 τῆς
2789 1162 3064 1234 σωτηρίας
3113 1161 3396 1234 ἐφρόντιζε
3446 1161 3549 1231 τῆς
3589 1161 3731 1216 κατὰ

2159 1241 2359 1314 ψυχὴν,
2400 1245 2498 1299 καὶ
2521 1245 2596 1308 ὡς
2629 1246 2798 1319 ἐχρῆν
2839 1247 3181 1311 διδασκάλοις
3213 1248 3552 1317 προσελθεῖν,
3586 1245 3733 1300 οὕτω

2160 1326 2435 1395 προσῆλθε
2463 1342 2478 1358 ο
2510 1329 2605 1382 καὶ
2635 1328 2771 1400 πρὸς
2798 1331 2925 1394 τοὺς
2968 1330 3137 1394 πόδας
3182 1330 3361 1385 αὐτῶν
3400 1329 3584 1383 ἔπεσε.
3621 1327 3729 1383 Καὶ

2160 1406 2478 1477 ἐλάλησαν
2501 1410 2681 1481 αὐτῷ,
2707 1413 2863 1483 φησὶ,
2893 1413 3001 1467 τὸν
3024 1415 3213 1481 λόγον
3239 1412 3347 1467 τοῦ
3372 1412 3613 1482 Κυρίου,
3632 1410 3732 1464 καί

2162 1490 2313 1546 πᾶσι
2357 1494 2485 1560 τοῖς
2527 1496 2597 1550 ἐν
2643 1495 2719 1564 τῇ
2747 1498 2905 1565 οἰκίᾳ
2945 1498 3153 1553 αὐτοῦ.
3209 1498 3317 1554 Καὶ
3374 1495 3736 1565 παραλαϐὼν

2161 1574 2384 1642 αὐτοὺς
2414 1576 2485 1631 ἐν
2526 1578 2726 1647 ἐκείνῃ
2774 1578 2851 1646 τῇ
2904 1580 3111 1642 νυκτί,
3146 1580 3409 1637 ἔλουσεν
3444 1577 3562 1634 ἀπὸ
3618 1578 3737 1634 τῶν

2163 1658 2448 1727 πληγῶν,
2508 1661 2607 1715 καί
2656 1662 2987 1732 ἐϐαπτίσθη
3050 1666 3255 1729 αὐτὸς,
3311 1664 3411 1718 καί
3460 1666 3517 1718 οι
3548 1661 3734 1718 αὑτοῦ

2164 1741 2389 1809 πάντες
2419 1744 2800 1815 παραχρῆμα.
2845 1747 3011 1819 Ὁρᾷς
3041 1748 3349 1820 θερμότητα
3368 1746 3592 1817 ἀνδρός;
3620 1744 3735 1798 Ούκ

2163 1824 2491 1895 ἀνεϐάλετο,
2550 1829 2651 1883 οὐκ
2697 1827 2885 1891 εἶπεν,
2937 1830 3150 1901 Ἡμέρα
3202 1829 3474 1900 γενέσθω,
3515 1828 3732 1895 ἴδωμεν.

2167 1907 2499 1980 σκεψώμεθα
2518 1928 2533 1943 ·
2574 1911 2713 1967 ἀλλὰ
2748 1914 2888 1983 μετὰ
2912 1913 3114 1984 πολλῆς
3154 1913 3257 1982 τῆς
3283 1912 3617 1984 θερμότητος
3640 1909 3737 1963 καί¹

2165 1992 2331 2056 αὐτὸς
2368 1994 2464 2047 καὶ
2494 1995 2528 2064 ή
2559 1995 2708 2051 οίκία
2738 1997 2903 2052 αὑτοῦ
2941 2001 3092 2052 πᾶσα
3123 1996 3423 2067 ἐϐαπτίσθη
3445 2013 3460 2029 ο
3496 1994 3612 2049 ἀλλ’
3637 1994 3736 2063 οὐχ

2166 2073 2244 2137 ὡς
2266 2074 2361 2128 νῦν
2376 2077 2424 2129 οἱ
2448 2077 2665 2143 πλείους
2688 2080 2987 2152 περιορῶσι
3011 2083 3105 2135 καὶ
3120 2081 3340 2143 δούλους
3358 2079 3452 2133 καὶ
3472 2079 3736 2147 γυναῖκας

2168 2160 2265 2212 καὶ
2290 2160 2487 2225 παῖδας
2514 2163 2797 2233 ἀμυήτους
2835 2164 3225 2235 τυγχάνοντας.
3264 2164 3507 2225 Γίνεσθε,
3554 2179 3735 2231 παρα-

2166 2244 2515 2308 καλῶ,-κατὰ
2557 2246 2649 2301 τὸν
2688 2247 3075 2321 δεσμοφύλακα
3096 2264 3112 2281 ο
3148 2249 3210 2302 06
3244 2250 3344 2317 τὴν
3374 2246 3529 2312 ἀξίαν
3570 2245 3735 2312 λέγω.

2167 2326 2305 2382 ἀλλὰ
2331 2328 2431 2400 τήν
2452 2330 2791 2403 προαίρεσιν.
2823 2333 2890 2385 Τί
2912 2333 3022 2403 γὰρ
3042 2332 3233 2402 ὄφελος
3256 2331 3586 2403 ἀξιώματος,
3610 2329 3741 2383 ὅταν

2166 2406 2201 2482 ᾖ
2234 2413 2267 2483 ἠ
2299 2412 2621 2484 προαίρεσις
2645 2414 2916 2485 ἀσθενήςς
2958 2416 3148 2480 Βαϐαὶ,
3181 2417 3210 2468 6
3248 2416 3417 2482 ὠμὸς,
3445 2416 3477 2469 6
3502 2412 3736 2483 ἀπηνὴς,

2167 2496 2197 2550 6
2228 2497 2444 2566 μυρίοις
2478 2497 2655 2563 συζῶν
2690 2502 2900 2562 κακοῖς,
2934 2501 2963 2553 6
2995 2498 3155 2554 τοῦτο
3189 2498 3431 2570 μελετῶν
3456 2496 3564 2559 ἀεὶ,
3597 2494 3741 2549 οὕτω

2167 2578 2569 2651 φιλάνθρωπος,
2620 2581 2766 2637 οὕτω
2821 2583 3173 2654 κηδεμονικδς
3220 2582 3434 2651 ἁθρόως
3489 2582 3735 2649 γέγονεν.

2171 2664 2475 2719 Ἕλουσεν
2513 2667 2756 2734 αὐτοὺς.
2787 2670 2969 2737 φησὶν,
2994 2670 3113 2724 ἀπὸ
3140 2668 3263 2723 τῶν
3287 2666 3555 2735 πληγῶν.
3585 2666 3739 2719 Θέαι

2169 2747 2334 2801 πάλιν
2356 2750 2559 2803 καὶτοῦ
2583 2750 2795 2805 Παύλου
2821 2755 2921 2822 τήν
2940 2752 3249 2823 θερμότητα
3274 2769 3288 2784 ο
3312 2750 3615 2822 δεδεμένος,
3642 2766 3741 2819 με-

2172 2833 2606 2903 μαστιγωμένος,
2631 2833 2802 2897 οὕτως
2824 2834 3228 2903 εὐηγγελίζετο.
3254 2836 3317 2890 Ὢ
3342 2834 3442 2903 τῆς
3464 2832 3738 2904 μακαρίας

2170 2914 2432 2979 ἁλύσεως,
2457 2917 2573 2978 οἵας
2592 2915 2780 2971 ὤδινεν
2799 2917 2994 2982 ὠδῖνας
3014 2918 3155 2973 κατά
3178 2920 3276 2989 τὴν
3298 2918 3468 2973 νύκτα
3488 2917 3702 2985 ἐκείνην
3721 2931 3738 2947 ⁸

2167 2991 2256 3050 οἷα
2288 2998 2523 3051 άπέτεκε
2556 3000 2762 3054 παιδία.
2800 3001 2912 3054 Καὶ
2948 3002 3079 3071 περὶ
3113 3001 3318 3055 τούτων
3349 3001 3496 3056 ἐστιν
3540 3002 3737 3064 εἰπεῖν,

2175 3079 2294 3147 Οὓς
2310 3080 2609 3151 ἐγέννησα
2623 3082 2694 3136 ἐν
2708 3082 2832 3149 τοῖς
2848 3083 3093 3152 δεσμοῖς
3106 3102 3245 3153 μου.
3264 3085 3426 3156 Ὁρᾷς
3442 3083 3559 3146 πῶς
3574 3081 3743 3151 ἀγάλ-

2169 3161 2341 3223 λεται.
2376 3163 2566 3217 καὶτὰ
2606 3165 2869 3235 τεχθέντα
2898 3167 3085 3221 παιδία
3123 3169 3232 3223 ἀπὸ
3254 3167 3447 3222 τούτου
3488 3166 3740 3238 λαμπρό-

2169 3263 2302 3317 τερα
2334 3246 2577 3315 βούλεται
2602 3244 2772 3313 εἷναις
2800 3251 2931 3321 ὁρᾷς
2957 3250 3096 3323 πόση
3133 3250 3422 3321 περιουσία
3452 3250 3611 3320 δόξης
3631 3249 3743 3303 τῶν

2169 3330 2409 3399 δεσμῶν.
2436 3332 2569 3384 ὅπου
2588 3349 2652 3399 γε
2674 3333 2735 3386 ού
2768 3333 2926 3402 μόνον
2946 3333 3038 3387 τὸν
3065 3334 3466 3406 περικείμενον,
3490 3334 3628 3389 ἀλλὰ
3647 3334 3743 3388 καὶ

2169 3413 2297 3476 τοὺς
2308 3414 2365 3465 ἐν
2376 3414 2568 3485 ἐκείνῳ
2581 3414 2659 3486 τῷ
2682 3415 2857 3485 καιρῷ
2868 3415 3156 3486 τεχθέντας
3178 3417 3270 3469 ὑπ’
3283 3417 3447 3472 αὐτοῦ
3458 3417 3744 3489 λαμπροὺς

2171 3500 2345 3563 ποιεῖς
2376 3498 2603 3567 Ἔχουσι
2622 3516 2674 3552 τι
2704 3499 2866 3553 πλέον
2889 3502 2937 3553 οί
2960 3502 3019 3554 ἐν
3041 3504 3155 3565 τοῖς
3178 3502 3391 3556 Παύλου
3412 3504 3630 3572 δεσμοῖς
3654 3518 3745 3555 τε·

2172 3580 2409 3649 χθέντες.
2440 3582 2503 3634 οὐ
2527 3580 2669 3635 κατὰ
2698 3581 2798 3653 τήν
2828 3583 2989 3654 χάριν
3019 3583 3182 3653 λέγω,
3211 3586 3245 3656 ἠ
3270 3585 3378 3656 γὰρ
3404 3583 3541 3653 αύτή
3560 3583 3743 3655 χάρις,

2172 3662 2294 3715 οὐδὲ
2323 3664 2465 3717 κατὰ
2498 3663 2597 3734 τὴν
2633 3664 2848 3733 ἄφεσιν,
2880 3667 2913 3735 ή
2944 3665 3055 3736 γὰρ
3086 3668 3226 3738 αὐτὴ
3264 3668 3482 3722 πάντων
3525 3668 3743 3735 ἄφεσις,

2172 3744 2287 3799 ἀλλ’
2315 3746 2396 3800 δτι
2423 3749 2487 3801 ἐκ
2516 3748 2817 3818 προοιμίων
2844 3745 3429 3821 παιδεύονται’χαίρειν
3458 3750 3551 3804 καὶ
3578 3750 3747 3819 ἀγάλ-

2172 3829 2362 3883 λεσθαι
2389 3832 2502 3895 τοῖς
2530 3829 2793 3895 τοιούτοις
2821 3833 3156 3904 πράγμασιν.
3188 3834 3355 3905 Αὐτῇ
3387 3834 3461 3904 τῇ
3491 3834 3613 3904 ὥρα
3634 3834 3748 3903 τῆς

2172 3912 2413 3979 νυκτὸς,
2460 3914 2616 3984 φησὶ,
2651 3914 3013 3982 παραλαϐὼν
3047 3916 3288 3983 αὐτοὺς,
3327 3918 3590 3973 ἔλουσεν
3624 3917 3747 3973 ἀπὸ

2173 3996 2293 4052 τῶν
2323 3996 2591 4067 πληγῶν,
2631 3999 2731 4052 καί
2779 4000 3129 4069 ἐϐαπτίσθη.
3163 4002 3270 4055 Καὶ
3300 4002 3397 4056 θέα
3428 4002 3613 4057 λοιπὸν
3653 4002 3749 4055 τὸν

2174 4082 2388 4152 καρπόν
2410 4098 2424 4113 ·
2457 4082 2759 4137 ἀντέδωκεν
2783 4083 2985 4148 εὐθέως
3003 4083 3074 4138 τὰ
3102 4086 3362 4157 σαρκικά.
3406 4084 3751 4155 Ἀναγαγὼν

2173 4163 2398 4230 αὐτοὺς
2419 4165 2506 4231 είς
2523 4164 2632 4219 τὸν
2653 4162 2844 4230 οἶκον,
2868 4165 3086 4234 εὐθέως
3114 4167 3414 4239 παρέθηκε
3432 4166 3746 4237 τράπεζαν,

2176 4250 2276 4304 καί
2311 4251 2727 4321 ἠγαλλιάσπο
2762 4253 3001 4309 πανοικὶ
3036 4255 3449 4321 πεπιστευκὼς
3482 4254 3563 4322 τῷ
3600 4253 3745 4320 Θεῷ.

2176 4337 2243 4391 Τί
2272 4337 2382 4409 γὰρ
2415 4340 2515 4393 οὐκ
2550 4339 2791 4410 ἔμελλεν,
2840 4341 3149 4410 ἀνοιγέντος
3191 4343 3341 4414 αύτῷ
3377 4342 3473 4398 τοῦ
3512 4340 3749 4414 ούρανοῦ

2174 4424 2265 4479 διὰ
2313 4426 2414 4497 τῆς
2476 4427 2730 4493 άνοίξεως
2792 4428 2903 4483 τῶν
2957 4428 3054 4482 τοῦ
3107 4429 3481 4502 δεσμωτηρίου
3534 4429 3746 4502 θυρῶν;

2180 4512 2409 4567 Ἔλουσε
2453 4515 2545 4569 τὸν
2592 4516 2934 4585 διδάσκαλον,
2986 4517 3267 4590 τράπεζαν
3302 4518 3599 4591 παρέθησε,
3651 4518 3750 4572 καὶ

2177 4600 2563 4670 ἠγαλλιάσατο.
2614 4604 2879 4675 Είσῆλθεν
2916 4606 2997 4669 είς
3039 4605 3416 4678 δεσμωτήριον
3459 4608 3493 4677 ή
3533 4604 3747 4660 Παύλου

2180 4688 2393 4754 ἅλυσις,
2425 4690 2520 4744 καὶ
2548 4690 2843 4762 ἐκκλησίαν
2870 4692 3166 4761 εἰργάσατο
3192 4692 3370 4747 πάντα
3394 4692 3463 4745 τὰ
3488 4694 3623 4753 ἐκεῖ,
3652 4692 3749 4746 καὶ

2181 4775 2343 4847 σῶμα
2378 4778 2616 4849 Χριστοῦ
2652 4780 2861 4844 πάντας
2883 4781 3126 4852 ἐποίησε,
3156 4782 3250 4835 καὶ⁵
3273 4781 3550 4853 τράπεζαν
3584 4780 3750 4852 ἔθηκε

2179 4863 2280 4935 τήν
2309 4865 2703 4938 πνευματικήν,
2727 4868 2822 4921 καὶ
2848 4867 3045 4930 ὠδῖνας
3068 4867 3275 4932 ἔτεκεν,
3305 4870 3390 4937 ἐφ’
3415 4865 3503 4932 αἶς
3528 4868 3750 4937 ἄγγελοι

2181 4952 2451 5023 χαίρουσι.
2487 4955 2635 5025 Μήτι
2669 4954 2789 5025 είκῆ
2829 4954 3014 5024 ἔλεγον
3035 4955 3098 5009 τὺ
3124 4956 3495 5027 δεσμωτήριον
3525 4955 3619 5009 τοῦ
3651 4956 3747 5009 οὐ·

2186 5041 2345 5111 ρανοῦ
2377 5042 2787 5113 λαμπρότερον;
2819 5043 2930 5114 Τῆς
2961 5043 3073 5115 γάρ
3106 5045 3223 5098 ἐκεῖ
3264 5046 3440 5114 χαρᾶς
3472 5044 3632 5098 τοῦτο
3662 5044 3754 5112 γέ-

2181 5146 2337 5198 γονεν
2371 5131 2562 5185 αῖτιον.
2606 5132 2667 5183 El
2695 5130 2805 5203 γάρ
2842 5132 2927 5201 ἐφ’
2953 5132 3034 5185 ἐνὶ
3063 5132 3371 5204 ἁμαρτωλῷ
3400 5132 3750 5203 μετανοοῦντι

2182 5215 2327 5286 χαρὰ
2346 5218 2404 5269 ἐν
2436 5218 2707 5286 οὐρανοῖς,
2734 5219 2782 5272 εί
2811 5219 2944 5273 ὅπου
2972 5218 3066 5273 δύο
3094 5220 3200 5273 εἰσὶ
3232 5220 3563 5291 συνηγμένοι
3589 5220 3669 5283 είς
3688 5219 3752 5273 τὸ

2181 5304 2351 5374 δνομα
2383 5305 2572 5369 αὐτοῦ,
2602 5307 2719 5359 ἐκεῖ
2749 5307 2808 5360 ἐν
2840 5306 2990 5377 μέσῳ
3023 5306 3204 5361 αὐτῶν
3237 5310 3385 5361 ἐστιν
3425 5309 3454 5360 6
3490 5307 3750 5378 Χριστὸς,

2181 5387 2315 5442 ὅπου
2337 5390 2499 5454 Σίλας
2523 5391 2617 5445 καὶ
2646 5390 2856 5456 Παῦλος
2886 5395 2979 5447 καὶ
3002 5396 3030 5448 6
3048 5393 3393 5464 δεσμοφύλαξ
3422 5394 3515 5448 καὶ
3544 5395 3578 5465 ή
3606 5394 3753 5447 οίκία

2180 5476 2350 5530 αὐτοῦ
2384 5478 2479 5549 ὅλη
2516 5479 2609 5532 καὶ
2641 5479 2825 5544 πίστις
2854 5480 3111 5551 τοσαύτη,
3152 5482 3306 5552 πόσῳ
3347 5481 3572 5551 μᾶλλον;
3611 5482 3752 5552 Ὅρα

2180 5563 2282 5634 τὴν
2307 5565 2639 5638 σφοδρότητα
2669 5568 2768 5638 τῆς
2802 5568 3055 5631 πίστεως.
3096 5568 3259 5623 Ἀλλὰ
3289 5568 3351 5623 τδ
3382 5570 3753 5641 δεσμωτήριον

2182 5650 2340 5705 τοῦτο
2374 5653 2561 5725 ἐτέρου
2603 5671 2670 5724 με
2711 5655 2995 5728 ὑπέμνησε
3039 5656 3439 5729 δεσμωτηρίου.
3490 5657 3653 5711 Ποίου
3691 5657 3754 5727 δὴ

2244 5960 2270 5988 ⁸
2296 5951 2375 6006 Sic
2400 5969 2514 6006 mss.
2541 5952 2597 6007 In
2622 5955 2794 6008 Morel.
2820 5956 2900 6006 θέα
2921 5955 3084 6007 deest.
