4060 6400
340 370 402 426 ϐε
1152 367 1217 422 ΙΝ
1257 367 1470 423 EPIST.
1511 367 1604 421 AD
1641 365 1884 422 EPHES.
1923 366 2073 426 CAP.
2116 369 2202 424 IV.
2245 371 2471 429 IIOIIIL.
2517 374 2648 431 VIII.
3535 376 3605 432 6‘1
3675 353 3679 358 Ι

341 497 524 539 eorum
539 481 799 552 quierant
817 481 959 534 intus
975 478 1158 533 vincti:
1177 478 1292 548 ipse
1308 495 1522 549 quoque
1538 487 1720 535 custos
1740 494 1916 534 carce-

344 574 418 628 ris
434 582 552 628 erat
566 574 796 626 vinctus.
809 569 942 625 Nam
962 570 1036 623 illi
1059 570 1273 640 quidem
1293 570 1435 624 ferro
1452 571 1614 625 vincti
1643 570 1853 626 fuerant
1867 580 1922 626 et

343 665 598 735 peccatis,
632 662 721 719 hic
745 671 924 717 autem
945 661 1078 716 solis
1101 663 1355 731 peccatis.
1386 660 1507 715 Illos
1530 662 1686 717 solvit
1703 661 1917 727 Paulus,

342 761 402 806 ut
427 751 496 807 de
521 751 624 806 hoc
654 750 908 806 redderet
929 750 1189 804 certiores
1215 766 1230 813 ;
1263 759 1416 803 erant
1444 750 1588 804 enim
1618 749 1919 818 aspectabi-

339 845 411 901 lia
440 845 675 898 vincula.
705 843 780 898 Ita
806 843 966 898 etiam
989 842 1118 897 fecit
1141 841 1403 906 Christus,
1425 841 1531 895 imo
1557 856 1686 896 vero
1711 851 1918 896 contra.

341 940 450 995 Illic
478 939 670 1009 duplex
699 949 815 995 erat
832 937 1107 1008 paralysis.
1128 937 1382 1004 Quaenam
1400 945 1576 989 autem
1594 935 1692 989 ea?
1726 934 1922 990 Pecca-

339 1043 512 1088 torum
537 1041 592 1087 et
621 1031 884 1100 corporis.
916 1030 1054 1098 Quid
1081 1045 1210 1100 ergo
1251 1029 1422 1084 facit?
1463 1029 1694 1098 Conﬁde,
1729 1029 1918 1097 inquit,

335 1126 433 1193 ﬁli,
452 1125 776 1178 remittuntur
800 1123 888 1175 tibi
914 1132 1118 1191 peccata
1147 1120 1363 1192 (Matth.
1394 1120 1447 1177 9.
1472 1121 1554 1191 2).
1585 1121 1737 1176 Prius
1763 1121 1923 1175 solvit

337 1233 454 1272 eam
485 1232 603 1286 qua:
629 1231 755 1271 vere
776 1223 892 1269 erat
916 1214 1195 1285 paralysis,
1219 1213 1414 1269 deinde
1434 1213 1498 1267 ad
1532 1213 1669 1268 hanc
1692 1211 1918 1268 accedit.

337 1311 560 1379 Quando
580 1309 722 1364 enim
757 1308 975 1374 Quidam
1003 1323 1066 1361 ea:
1087 1307 1266 1362 scribis
1297 1306 1530 1359 dicebant
1551 1305 1689 1372 apud
1713 1321 1785 1369 se,
1816 1303 1921 1358 Iste

335 1403 674 1471 blasphemat,
721 1400 882 1454 sciens
934 1398 1086 1452 Jesus
1131 1414 1304 1452 eorum
1356 1396 1702 1467 cogitationes,
1749 1395 1920 1448 dixit:

340 1494 475 1560 Quid
503 1493 734 1562 cogitatis
759 1491 899 1544 mala
942 1492 994 1545 in
1027 1491 1262 1544 cordibus
1288 1491 1465 1546 vestris
1481 1492 1506 1544 .9
1529 1489 1665 1554 Quid
1685 1499 1756 1542 est
1787 1489 1918 1560 faci-

336 1585 434 1639 lius
471 1584 658 1647 dicere,
701 1581 1045 1635 Rem-utuntur
1069 1592 1155 1634 tua
1182 1589 1408 1650 peccata,
1432 1596 1500 1634 an
1538 1581 1726 1645 dicere,
1754 1578 1920 1648 Surge

336 1685 384 1729 et
411 1674 656 1726 ambula?
687 1672 755 1726 Ut
781 1682 948 1725 autem
975 1672 1146 1725 sciatis
1171 1671 1307 1741 quod
1336 1678 1630 1740 potestatem
1649 1669 1794 1721 habet
1820 1667 1918 1721 Fi-

337 1765 434 1820 lius
454 1764 670 1818 hominis
690 1761 974 1816 remittendi
993 1771 1199 1831 peccata
1221 1762 1274 1814 in
1296 1771 1450 1826 terra,
1474 1759 1595 1812 dicit
1611 1759 1916 1829 paralytico,

339 1858 524 1928 Surge,
569 1866 615 1910 et
650 1857 770 1909 tolle
806 1856 987 1907 lectum
1018 1864 1181 1919 tuum,
1224 1864 1270 1906 et
1299 1853 1426 1905 vade
1457 1853 1510 1905 in
1538 1852 1744 1904 domum
1779 1861 1918 1904 tuam

338 1948 462 2020 (Id.
486 1965 533 2002 v.
560 1948 660 2002 5-6
686 1947 728 2017 ).
757 1947 835 2001 Ex
866 1945 966 2000 hoc
991 1944 1131 2014 quod
1161 1954 1244 1998 est
1271 1944 1486 2006 sensile,
1515 1941 1919 1997 conﬁrmavitid

336 2041 478 2111 quod
525 2040 666 2095 cadit
705 2039 806 2094 sub
845 2039 1270 2108 intelligentiam,
1315 2046 1372 2090 ut
1412 2036 1502 2107 qui
1544 2051 1611 2090 ex
1652 2034 1918 2105 corporali

338 2132 528 2188 fecerit
567 2131 618 2186 id
646 2131 784 2200 quod
833 2140 916 2185 est
965 2130 1016 2183 in
1042 2131 1239 2183 anima.
1282 2129 1388 2184 Cur
1416 2136 1593 2183 autem
1623 2127 1726 2181 hoc
1754 2127 1920 2181 fecit?

337 2222 407 2278 Ut
435 2223 746 2292 impleretur
767 2221 907 2291 quod
930 2221 1131 2275 dictum
1159 2229 1267 2286 est,
1300 2219 1454 2274 Serve
1481 2236 1713 2288 nequam,
1742 2235 1804 2272 ea:
1833 2234 1920 2272 ore

339 2328 424 2370 tuo
448 2327 494 2371 te
517 2316 698 2387 judico
728 2314 878 2382 (Luc.
911 2313 999 2368 I9.
1028 2313 1144 2381 εἳ).
1168 2312 1302 2379 Quid
1334 2311 1406 2365 illi
1439 2311 1684 2366 dixerunt
1708 2311 1730 2364 ’ἶ
1754 2310 1919 2364 Nemo

341 2416 516 2476 potest
559 2407 834 2460 remittere
875 2413 1094 2474 peccata
1124 2403 1223 2458 nisi
1251 2402 1401 2457 solus
1430 2403 1588 2466 Deus,
1620 2416 1792 2471 neque
1817 2416 1919 2453 an-

341 2499 510 2568 gelus,
540 2512 712 2566 neque
735 2495 1106 2564 archangelus,
1137 2510 1311 2564 neque
1334 2493 1437 2546 alia
1461 2501 1697 2562 potestas
1717 2502 1916 2547 creata.

341 2589 448 2642 Vos
490 2589 590 2642 hoc
617 2587 849 2642 confessi
893 2587 1048 2640 estis.
1078 2585 1215 2653 Quid
1245 2601 1373 2654 ergo
1399 2593 1670 2653 oporteret
1693 2582 1918 2638 dicere?

337 2680 393 2734 Si
415 2687 685 2734 ostensum
716 2677 874 2732 fuerit
900 2677 1041 2748 quod
1069 2677 1220 2731 solvo
1248 2686 1486 2746 peccata,
1517 2675 1690 2745 palam
1723 2685 1804 2729 est
1831 2689 1920 2730 me

338 2787 458 2827 esse
502 2773 690 2826 Deum.
733 2772 803 2824 At
843 2785 949 2825 non
997 2770 1076 2824 sic
1114 2769 1269 2834 dixit,
1312 2768 1406 2823 sed
1452 2768 1616 2838 quid?
1650 2767 1716 2823 Ut
1746 2769 1920 2822 sciatis

337 2863 473 2933 quod
499 2862 666 2916 Filius
694 2862 910 2915 hominis
938 2861 1085 2915 habet
1112 2871 1406 2931 potestatem
1446 2877 1597 2930 super
1625 2870 1809 2915 terram
1832 2877 1919 2914 re-

339 2955 568 3008 mittendi
611 2963 835 3023 peccata,
888 2963 1006 3006 tunc
1034 2953 1154 3005 dicit
1183 2952 1485 3023 paralytico,
1517 2951 1701 3021 Surge,
1728 2962 1774 3005 et
1799 2953 1916 3006 tolle

339 3049 520 3103 lectum
568 3057 729 3110 tuum,
773 3056 816 3099 et
846 3047 970 3100 vade
1005 3046 1057 3098 in
1088 3047 1292 3098 domum
1329 3055 1488 3097 tuam.
1517 3043 1740 3110 Quando
1768 3060 1915 3113 ergo,

342 3140 531 3209 inquit.
555 3137 697 3208 quod
716 3136 1077 3192 estdifficilius
1095 3137 1290 3198 fecero,
1315 3135 1488 3204 palam
1505 3144 1588 3190 est
1607 3135 1674 3188 de
1698 3148 1764 3188 eo
1780 3134 1921 3202 quod

342 3239 426 3285 est
445 3229 600 3283 facile
623 3229 822 3282 nullam
847 3228 1077 3297 relinqui
1106 3227 1605 3281 contradictionem.
1630 3226 1919 3296 Propterea

342 3324 435 3380 ille
465 3325 612 3394 prius
640 3323 767 3379 fecit
791 3323 842 3377 id
866 3323 1007 3393 quod
1035 3322 1176 3377 cadit
1204 3323 1302 3377 sub
1331 3323 1755 3393 intelligentiam,
1783 3339 1920 3393 quo-

343 3418 486 3472 niam
515 3417 666 3471 multi
695 3426 848 3470 erant
883 3415 970 3484 qui
1001 3414 1478 3469 contradicebant:
1519 3415 1608 3468 hie
1640 3426 1818 3468 autem
1851 3413 1920 3468 ab

343 3525 411 3564 eo
455 3509 598 3578 quod
640 3507 782 3562 cadit
824 3508 923 3561 sub
965 3506 1393 3576 intelligentiam,
1423 3504 1625 3574 redegit
1653 3506 1824 3575 ipsum
1852 3503 1918 3559 ad

342 3603 563 3658 sensile.
594 3600 850 3656 Levitatis
879 3614 1007 3668 ergo
1055 3614 1162 3652 non
1191 3609 1305 3652 erat
1331 3598 1484 3652 fides.
1514 3597 1658 3652 Vidit
1689 3597 1918 3663 vinctos,

342 3703 398 3748 et
439 3693 568 3748 nihil
614 3693 740 3746 mali
781 3691 917 3745 vidit
956 3705 1056 3745 nec
1096 3689 1267 3744 audiit
1312 3705 1326 3740 :
1375 3689 1509 3744 vidit
1540 3690 1590 3744 id
1623 3706 1727 3744 non
1756 3689 1922 3744 fuisse

344 3785 541 3840 factum
583 3783 866 3856 praestigiis
905 3791 962 3836 et
1007 3782 1409 3848 incantatione;
1442 3783 1605 3836 Deum
1635 3783 1777 3837 enim
1807 3783 1922 3836 lau-

343 3876 539 3931 dabant
569 3893 583 3929 :
627 3874 758 3929 vidit
779 3874 957 3928 omnia
1000 3872 1136 3928 facta
1154 3889 1272 3929 esse
1293 3889 1356 3929 ex
1381 3874 1544 3929 multa
1569 3874 1929 3942 humanitate;

345 3982 450 4023 non
469 3966 614 4022 enim
642 3965 737 4020 ulti
765 3974 910 4029 sunt,
943 3966 1043 4020 etsi
1067 3973 1331 4035 poterant.
1356 3963 1613 4019 Poterant
1635 3965 1778 4020 enim
1810 3968 1925 4020 vin-

343 4060 447 4117 ctis
470 4058 659 4115 solutis
685 4057 832 4112 abire
856 4075 872 4123 ;
900 4057 944 4112 si
972 4073 1077 4112 non
1109 4058 1322 4123 vinctis,
1347 4057 1539 4112 saltem
1566 4058 1796 4129 seipsis;
1827 4061 1921 4115 sed

346 4167 452 4208 non
484 4150 743 4205 fecerunt.
772 4147 1133 4216 Quamobrem
1161 4164 1280 4204 eum
1308 4158 1432 4202 sunt
1453 4148 1688 4215 reveriti,
1709 4165 1814 4204 non
1836 4166 1926 4206 so-

348 4242 456 4297 lum
477 4241 546 4296 ob
570 4239 904 4303 miraculum,
919 4239 1012 4293 sed
1035 4238 1196 4293 etiam
1217 4239 1285 4292 ob
1307 4255 1504 4295 mores.
1525 4240 1803 4308 Quomodo
1826 4258 1924 4297 ex-

346 4331 626 4388 clamavit?
656 4330 796 4386 Voce
824 4345 1013 4400 magna
1039 4329 1246 4397 dicens,
1276 4329 1426 4385 Nihil
1454 4331 1542 4384 tibi
1572 4333 1695 4386 mali
1723 4335 1922 4404 feceris;

346 4441 517 4480 onmes
545 4425 676 4477 enim
703 4423 785 4476 hic
811 4439 1004 4477 sumus.
1040 4421 1202 4477 Vides
1233 4423 1371 4477 inani
1397 4425 1564 4494 gloria
1592 4435 1647 4480 et
1667 4426 1802 4481 fastu
1834 4443 1924 4482 va-

347 4533 524 4581 cuum,
551 4530 734 4570 amore
754 4514 1072 4569 ferventem.
1104 4513 1219 4568 Non
1248 4514 1398 4579 dixit,
1432 4516 1657 4583 Propter
1683 4533 1780 4572 nos
1811 4519 1926 4574 haec

348 4611 479 4665 facta
502 4619 644 4672 sunt,
670 4607 765 4663 sed
796 4616 1043 4678 tanquam
1072 4622 1209 4661 unus
1236 4622 1305 4662 ex
1333 4609 1523 4663 vinctis
1543 4609 1707 4665 dicit:
1741 4613 1925 4667 Omnes

347 4702 478 4758 enim
522 4702 604 4754 hic
629 4716 822 4755 sumus.
863 4700 1023 4768 Atqui
1059 4700 1266 4753 etiamsi
1296 4715 1400 4754 non
1429 4701 1597 4771 prius,
1627 4719 1800 4773 neque
1831 4720 1925 4773 per

347 4795 661 4851 miraculum
708 4807 766 4847 se
808 4793 1108 4855 solvissent,
1149 4802 1205 4846 at
1242 4794 1321 4847 eis
1363 4794 1603 4849 licuisset
1643 4794 1837 4862 facere,
1869 4807 1927 4852 et

346 4901 535 4942 omnes
578 4886 737 4940 etiam
779 4884 984 4938 vinctos
1016 4883 1243 4938 solvere.
1281 4884 1337 4940 Si
1364 4885 1508 4939 enim
1539 4886 1835 4953 siluisseut,
1867 4899 1925 4944 et

347 4995 452 5034 non
495 4996 592 5050 per
635 4998 880 5051 magnam
935 4997 1120 5037 vocem
1159 4983 1275 5051 ejus
1319 4998 1506 5037 manus
1534 4983 1920 5054 cobibuissent,

347 5083 441 5141 per
462 5081 643 5142 guttur
659 5089 842 5128 ensem
867 5073 1299 5144 transadegisset.
1326 5074 1613 5144 Propterea
1635 5076 1793 5131 etiam
1818 5080 1927 5132 cla-

342 5164 527 5229 mavit,
559 5165 808 5232 quoniam
837 5164 891 5217 in
934 5164 1240 5218 interiorem
1292 5181 1562 5220 carcerem
1593 5174 1708 5220 erat
1737 5167 1922 5235 conje-

341 5262 461 5307 ctus
485 5271 499 5305 :
520 5251 718 5307 Contra
747 5263 820 5318 te,
849 5254 1040 5322 inquit,
1067 5254 1167 5307 hoc
1197 5253 1395 5320 fecisti,
1425 5254 1646 5309 interius
1667 5255 1922 5326 conjectis

341 5342 408 5397 iis
447 5344 537 5410 qui
581 5355 631 5398 te
661 5352 813 5399 erant
858 5343 1131 5399 liberaturi
1171 5360 1202 5398 a
1232 5346 1492 5414 periculo.
1524 5346 1629 5402 Sed
1661 5363 1767 5401 non
1798 5359 1922 5402 sunt

341 5436 531 5491 imitati
560 5452 682 5507 quae
710 5437 777 5491 ab
814 5436 907 5492 illo
935 5435 1076 5492 facta
1103 5435 1337 5493 fuerant.
1371 5437 1468 5493 Illo
1495 5449 1674 5494 autem
1708 5451 1920 5496 mortuo

341 5543 529 5583 omnes
559 5527 894 5599 eﬂ'ugissent.

411 5618 463 5673 5.
494 5617 686 5673 Vidisti
705 5618 846 5688 quod
874 5618 1167 5675 maluerint
1194 5632 1315 5675 esse
1340 5620 1504 5676 vincti
1524 5663 1540 5689 ,
1584 5637 1742 5693 quam
1770 5624 1918 5681 illum

343 5723 653 5782 pereuntem
683 5713 980 5784 despicere.
1022 5714 1176 5784 Apud
1201 5729 1262 5770 se
1291 5715 1411 5772 ideo
1435 5717 1682 5788 cogitavit
1707 5737 1721 5772 :
1749 5718 1803 5774 Si
1834 5736 1920 5776 es-

341 5814 460 5860 sent
499 5806 916 5880 pnestigiatores
935 5847 954 5878 ,
977 5816 1124 5865 certe
1156 5816 1213 5864 et
1238 5807 1360 5865 illos
1401 5809 1708 5881 solvissent,
1739 5822 1794 5869 et
1822 5829 1912 5870 se-

2027 481 2173 550 ipsos
2197 481 2512 540 liberassent
2536 504 2566 541 a
2586 488 2810 546 vinculis
2879 505 2962 550 est
2981 496 3124 554 enim
3157 505 3443 566 verisimile
3469 519 3609 569 mul-

2029 582 2109 627 tos
2136 590 2347 645 quoque
2371 577 2503 634 tales
2525 580 2688 637 fuisse
2708 585 2951 653 injectos.
2977 591 3224 663 Alioquin
3255 611 3430 656 autem
3453 647 3466 669 ,
3486 623 3608 664 cum

2025 678 2170 734 sche
2199 669 2492 737 accepisset
2525 675 2974 745 praestigiatores,
3022 694 3077 738 et
3106 686 3237 742 nihil
3276 692 3382 747 tale
3411 694 3609 755 factum

2025 770 2146 811 esse
2174 757 2416 825 videret,
2447 764 2666 818 miratus
2697 777 2798 822 est.
2836 769 3196 845 Przestigiator
3236 797 3341 836 non
3381 799 3609 845 concus-

2026 849 2187 904 sisset
2215 850 2559 910 fundamenta
2597 862 2865 929 carceris,
2906 875 2963 918 ut
2997 867 3114 935 ejus
3143 875 3419 930 custodem
3463 885 3610 936 exci-

2026 949 2184 1006 taret,
2225 954 2279 998 et
2307 946 2543 1004 efficeret
2587 960 2644 1005 ut
2690 954 2791 1007 sibi
2836 955 2956 1027 fuga
2999 971 3143 1015 esset
3182 963 3471 1027 difﬁcilior.
3504 975 3610 1030 Sed

2020 1032 2435 1132 jam-videamus
2459 1040 2618 1095 fidem
2646 1045 2886 1100 custodis
2915 1053 3171 1106 carceris.
3203 1054 3391 1124 Petito,
3420 1062 3608 1132 inquit.

2025 1124 2218 1180 lumine
2242 1129 2578 1200 introgressus
2607 1145 2718 1200 est,
2749 1147 2796 1191 et
2820 1146 3143 1212 tremefactus
3173 1145 3396 1216 procidit
3441 1124 3614 1211 Paulo

2023 1227 2071 1270 et
2099 1218 2232 1314 Sila:
2250 1221 2319 1273 ad
2339 1225 2520 1290 pedes;
2546 1236 2592 1278 et
2622 1230 2902 1294 producens
2928 1249 3013 1288 ens
3041 1237 3178 1304 [oras
3203 1241 3352 1308 dixit,
3384 1244 3611 1314 Domini,

2021 1309 2148 1409 guid
2163 1327 2240 1363 me
2267 1324 2460 1409 Oportet
2483 1320 2669 1385 facere,
2697 1329 2749 1372 ut
2775 1324 2945 1377 salvus
2959 1326 3235 1398 ﬁam(Act.
3262 1334 3348 1387 16.
3372 1335 3458 1391 29.
3490 1309 3613 1409 5ωέ

2025 1399 2204 1469 Ignem
2237 1405 2456 1459 tenebat
2481 1417 2536 1460 et
2562 1409 2796 1478 gladium
2817 1453 2832 1477 ,
2863 1423 2919 1467 et
2943 1416 3091 1483 dicit,
3125 1419 3349 1487 Domini,
3382 1428 3504 1494 quid
3532 1399 3612 1484 me

2023 1503 2218 1559 Oportet
2246 1497 2447 1564 facere,
2483 1507 2538 1550 ut
2563 1500 2733 1555 salvus
2762 1504 2927 1570 ﬁam?
2955 1507 3020 1559 At
3039 1509 3118 1562 illi
3141 1513 3376 1568 dixerunt
3408 1533 3427 1571 :
3450 1519 3612 1576 Crede

2023 1581 2078 1634 in
2125 1581 2400 1639 Dominum
2426 1587 2601 1642 Iesum
2625 1629 2643 1655 ,
2682 1603 2731 1646 et
2773 1596 2947 1650 salvus
2992 1601 3090 1653 eris
3120 1613 3192 1667 tu,
3226 1616 3273 1658 et
3299 1607 3478 1665 domas
3522 1623 3610 1666 tua

2025 1671 2133 1766 (lb.
2167 1691 2214 1729 υ.
2245 1676 2358 1747 51).
2393 1679 2503 1734 lloc
2533 1696 2639 1736 non
2666 1694 2768 1750 est,
2801 1686 2989 1756 inquit,
3017 1695 3482 1766 praastigiatorum,
3503 1705 3608 1759 tale

2023 1765 2298 1822 decretum
2333 1772 2544 1828 tradere
2573 1793 2588 1827 ε
2633 1792 2892 1847 nusquam
2923 1780 3011 1837 hic
3041 1788 3295 1842 memoria
3325 1765 3603 1850 daemonis.

2024 1857 2185 1914 Vides
2216 1877 2374 1931 quam
2415 1865 2486 1919 sit
2511 1867 2600 1921 ille
2626 1867 2818 1939 dignus
2845 1872 2935 1942 qui
2964 1874 3054 1928 fiat
3082 1878 3298 1934 salvus?
3326 1882 3458 1938 Nam
3484 1901 3604 1940 cum

2023 1950 2244 2008 vidisset
2269 1956 2609 2027 miraculum,
2639 1971 2693 2015 et
2724 1973 2866 2018 metu
2895 1977 3037 2022 esset
3069 1969 3322 2028 liberatus
3343 1987 3495 2040 ,in0n
3527 1990 3612 2034 est

2022 2041 2221 2140 oblitus
2248 2061 2435 2102 eorum
2470 2066 2590 2120 qua:
2619 2063 2776 2107 erant
2813 2058 3187 2126 conducibilia,
3217 2066 3311 2119 sed
3349 2067 3400 2120 in
3427 2084 3493 2123 eo
3515 2088 3606 2140 pe-

2023 2133 2193 2188 riculo
2237 2152 2420 2193 curam
2465 2144 2725 2211 gerebant
2760 2149 2946 2202 salutis
2983 2152 3197 2218 animae,
3222 2167 3276 2211 et
3297 2133 3528 2216 accessit
3541 2164 3608 2218 ad

2023 2224 2273 2282 doctores
2302 2230 2370 2283 ita
2394 2241 2452 2286 ut
2476 2238 2717 2302 oportuit
2741 2240 3034 2307 accedere;
3072 2254 3127 2298 et
3156 2249 3386 2315 procidit
3415 2253 3480 2306 ad
3509 2270 3606 2308 eo-

2023 2331 2140 2370 rum
2171 2319 2353 2386 pedes.
2385 2322 2455 2376 Et
2482 2324 2674 2395 loquuti
2697 2340 2834 2395 sunt,
2859 2332 3053 2401 inquit,
3077 2336 3122 2388 ei
3151 2340 3350 2392 verbum
3379 2341 3602 2410 Domini,

2023 2417 2071 2460 et
2096 2411 2326 2466 omnibus
2352 2413 2440 2482 qui
2458 2427 2604 2469 erant
2627 2418 2680 2470 in
2708 2420 2857 2474 domo
2885 2424 3019 2492 ejus.
3050 2425 3116 2478 Et
3131 2430 3313 2484 tollens
3333 2449 3416 2486 eos
3435 2435 3487 2487 in
3516 2437 3609 2490 illa

2023 2511 2186 2563 nocte,
2217 2504 2336 2556 lavit
2363 2506 2542 2576 plagas
2566 2526 2760 2576 eorum,
2791 2523 2836 2565 et
2861 2515 3147 2584 baptizatus
3161 2532 3229 2574 est
3246 2525 3354 2588 ipse
3378 2537 3424 2578 et
3445 2531 3607 2583 omnis

2023 2596 2135 2662 ejus
2162 2595 2341 2650 domus
2370 2603 2606 2654 continuo
2635 2602 2794 2673 (Ibid.
2844 2623 2890 2660 v.
2919 2609 3006 2663 32.
3037 2611 3146 2683 55).
3183 2613 3344 2670 Vides
3369 2620 3466 2672 viri
3497 2621 3609 2675 fer-

2024 2690 2246 2743 vorem?
2273 2689 2385 2744 Non
2414 2693 2639 2758 distulit,
2673 2713 2778 2750 non
2808 2699 2962 2766 dixit,
2991 2702 3108 2758 Fiat
3135 2707 3274 2774 dies,
3305 2709 3604 2780 videamus,

2024 2781 2458 2848 consideremus;
2491 2786 2588 2841 sed
2635 2805 2828 2859 magno
2878 2794 3086 2850 fervore
3134 2809 3189 2852 et
3235 2800 3349 2869 ipse
3397 2813 3452 2858 et
3499 2815 3609 2865 tota

2026 2871 2140 2940 ejus
2168 2873 2358 2929 domus
2396 2875 2496 2931 fuit
2530 2879 2794 2948 baptizata
2827 2900 2839 2936 :
2871 2900 2975 2938 non
3022 2898 3201 2943 autem
3235 2901 3292 2944 ut
3319 2909 3459 2950 nunc
3489 2896 3609 2964 plu-

2026 2963 2143 3017 rimi
2173 2965 2474 3034 despiciunt
2493 2978 2544 3023 et
2571 2985 2759 3026 servos
2783 2985 2834 3028 et
2859 2991 3054 3030 uxores
3081 2994 3144 3033 ac
3175 2981 3372 3038 liberos
3409 2963 3608 3058 myste-

2024 3054 2117 3109 riis
2151 3070 2257 3108 non
2305 3058 2561 3114 initiatos.
2597 3061 2724 3117 Sitis
2748 3104 2762 3127 ,
2795 3081 2928 3136 rogo
2951 3109 2966 3133 ,
3014 3079 3073 3122 ut
3100 3082 3281 3127 custos
3327 3054 3602 3135 carceris:

2025 3161 2129 3200 non
2151 3149 2467 3206 auctoritate
2489 3151 2632 3220 dico,
2652 3155 2748 3210 sed
2767 3156 3029 3215 instituto.
3058 3161 3196 3230 Quid
3222 3167 3363 3222 enim
3391 3171 3609 3238 prodest

2024 3242 2334 3308 auctoritas,
2366 3243 2412 3297 si
2441 3247 2685 3301 voluntas
2728 3259 2784 3303 et
2811 3249 3108 3308 institutum
3143 3256 3212 3309 sit
3242 3258 3610 3318 imbecillum?

2023 3330 2212 3402 Papae!
2266 3334 2353 3403 qui
2385 3345 2503 3390 erat
2537 3339 2772 3394 crudelis
2798 3383 2813 3406 ,
2840 3343 2929 3411 qui
2976 3343 3194 3399 immitis
3215 3389 3230 3414 ,
3259 3351 3349 3419 qui
3395 3353 3609 3410 vivebat

2023 3438 2143 3478 cum
2169 3425 2323 3479 malis
2347 3426 2654 3484 hominibus
2681 3431 3181 3503 innumerabilibus,
3207 3441 3297 3510 qui
3329 3442 3432 3499 hoc
3460 3461 3608 3501 sem-

2025 3529 2120 3584 per
2150 3516 2527 3587 meditabatur,
2560 3521 2695 3576 adeo
2738 3522 3022 3594 humanus,
3064 3529 3199 3584 adeo
3230 3533 3487 3589 sollicitus
3515 3555 3606 3594 re-

2026 3617 2186 3674 pente
2212 3610 2410 3664 evasit!
2445 3610 2614 3678 Lavit,
2645 3613 2846 3683 inquit,
2886 3618 3064 3688 plagas
3091 3637 3285 3676 eorum.
3314 3624 3608 3685 Considera

2025 3715 2210 3754 rursus
2237 3703 2398 3757 etiam
2430 3705 2577 3759 Pauli
2619 3707 2883 3762 fervorem
2915 3725 2928 3761 :
2956 3712 3184 3776 vinctus,
3212 3715 3508 3787 flagellatus
3535 3723 3607 3778 ita

2025 3795 2440 3863 evangelizabat.
2488 3795 2533 3852 Ο
2578 3797 2788 3853 beatam
2833 3805 3112 3857 catenam!
3154 3808 3326 3875 qualis
3374 3810 3474 3865 fuit
3520 3813 3610 3870 illa

2027 3893 2186 3939 nocte
2215 3885 2330 3954 ejus
2373 3888 2687 3955 parturitio?
2733 3891 2918 3959 (luales
2957 3896 3164 3963 peperit
3213 3897 3385 3953 filios?
3424 3903 3609 3964 Deciis

2026 3976 2130 4032 dici
2163 3988 2339 4048 potest
2369 3999 2382 4035 :
2411 3983 2556 4047 Quos
2582 3984 2739 4053 genui
2771 3985 2822 4038 in
2852 3987 2987 4040 meis
3013 3989 3255 4045 vinculis.
3285 3992 3447 4049 Vides
3472 4012 3607 4066 quo-

2029 4071 2188 4125 modo
2214 4075 2465 4139 exsultet,
2493 4083 2548 4129 et
2577 4075 2690 4129 vult
2731 4075 2870 4130 filios
2894 4119 2911 4144 ,
2939 4079 3028 4148 qui
3059 4081 3168 4134 nati
3208 4093 3334 4138 sunt
3370 4100 3437 4139 ex
3480 4087 3607 4153 hoc,

2026 4177 2147 4219 esse
2171 4163 2601 4232 splendidiores?
2632 4166 2780 4221 vides
2808 4168 3138 4224 vinculorum
3164 4182 3359 4241 quanta
3397 4176 3467 4230 sit
3508 4193 3609 4247 po-

2030 4255 2215 4319 tentia,
2237 4271 2360 4309 cum
2389 4270 2494 4310 non
2525 4256 2700 4312 solum
2727 4273 2850 4313 eum
2873 4261 2959 4329 qui
2984 4271 3068 4315 est
3094 4262 3198 4316 illis
3226 4265 3609 4334 circumdatus,

2029 4347 2123 4401 sed
2146 4348 2305 4401 etiam
2333 4363 2427 4403 eos
2470 4365 2605 4418 quos
2646 4350 2738 4404 ille
2779 4366 2844 4405 eo
2872 4361 3111 4420 tempore
3150 4357 3390 4423 peperit,
3422 4359 3612 4414 reddat

2030 4437 2458 4505 splendidiores?
2485 4438 2691 4493 llabent
2720 4441 2919 4510 aliquid
2948 4443 3173 4510 amplius
3195 4483 3209 4506 ,
3237 4445 3324 4513 qni
3355 4447 3460 4500 nati
3483 4461 3611 4506 sunt

2028 4527 2084 4582 in
2107 4529 2331 4583 vinculis
2349 4528 2496 4583 Pauli
2532 4546 2547 4585 :
2574 4545 2678 4582 non
2702 4530 2822 4586 dico
2849 4531 2900 4585 in
2920 4534 3122 4601 gnatia;
3147 4542 3230 4587 est
3254 4536 3397 4590 enim
3421 4539 3612 4597 eadem

2028 4622 2225 4689 gratia;
2259 4635 2357 4674 nec
2385 4620 2436 4673 in
2469 4619 2817 4686 remissione;
2861 4633 2942 4676 est
2971 4624 3112 4676 enim
3141 4625 3328 4681 eadem
3368 4631 3610 4689 omnium

2029 4710 2275 4764 remissio
2305 4727 2318 4762 :
2346 4709 2441 4766 sed
2463 4710 2647 4779 quoda
2669 4713 2943 4781 prooemiis
2965 4714 3225 4770 docentur
3251 4717 3319 4772 de
3345 4720 3612 4790 ejusmodi

2029 4801 2192 4855 rebus
2220 4800 2389 4854 lauari
2419 4811 2474 4856 et
2499 4802 2788 4859 exsultare.
2823 4801 2891 4856 Et
2935 4805 3150 4872 tollens,
3192 4810 3404 4877 inquit,
3435 4830 3517 4867 eos
3556 4817 3612 4870 in

2029 4894 2122 4948 illa
2147 4894 2274 4947 hora
2295 4895 2453 4948 noctis
2477 4935 2492 4960 ,
2542 4894 2660 4948 lavit
2691 4895 2868 4966 plagas
2897 4914 3091 4962 eorum,
3123 4909 3169 4953 et
3199 4903 3483 4971 baptizatus
3515 4919 3606 4962 est.

2032 4987 2108 5043 De
2133 4999 2330 5043 cmtero
2358 4999 2536 5042 autem
2581 4988 2702 5043 vide
2744 4989 2974 5044 fructum
3010 5010 3022 5046 :
3054 5007 3149 5061 pro
3179 4994 3246 5049 iis
3273 4999 3454 5051 statim
3482 5001 3608 5052 red-

2029 5078 2164 5133 didit
2191 5080 2445 5135 carnalia.
2469 5081 2692 5151 Cumque
2716 5083 3032 5150 perdurcisset
3054 5125 3070 5150 ,
3104 5086 3297 5156 inquit,
3327 5105 3410 5144 eos
3435 5093 3486 5146 in
3517 5097 3608 5145 do-

2028 5187 2168 5223 mum
2195 5187 2360 5234 suam,
2391 5173 2563 5224 statim
2579 5175 2817 5242 apposuit
2847 5176 2917 5228 eis
2944 5193 3166 5230 mensam
3190 5220 3206 5242 ,
3237 5190 3283 5233 et
3311 5182 3510 5238 laetatus
3537 5199 3606 5240 est

2028 5279 2144 5317 cum
2178 5271 2283 5315 tota
2321 5262 2468 5316 domo
2497 5265 2632 5334 quod
2661 5265 2951 5320 credidisset
2982 5267 3109 5321 Deo.
3148 5269 3284 5335 Quid
3312 5272 3455 5328 enim
3501 5292 3610 5332 non
3643 5321 3650 5330 .

2027 5361 2142 5407 erat
2168 5354 2403 5407 facturus
2421 5393 2438 5418 ,
2466 5355 2600 5408 caelo
2639 5357 2690 5409 ei
2720 5366 2906 5424 aperto
2935 5373 3030 5427 per
3058 5361 3391 5428 apertionem
3412 5364 3612 5432 janua-

2027 5459 2148 5498 rum
2176 5445 2447 5498 carceris?
2477 5445 2630 5500 Lavit
2655 5445 2953 5513 doctorem,
2983 5465 3222 5505 mensam
3250 5457 3519 5522 apposuit,
3550 5470 3606 5513 et

2026 5539 2331 5592 exsultavit.
2363 5537 2604 5609 lngressa
2631 5549 2715 5595 est
2740 5541 2792 5594 in
2817 5556 3088 5596 carcerem
3118 5551 3307 5598 catena
3336 5546 3484 5602 Pauli
3508 5591 3523 5614 ,
3552 5564 3607 5610 et

2025 5645 2375 5701 quaecumque
2399 5631 2511 5685 illic
2530 5641 2682 5686 erant
2703 5631 2829 5686 fecit
2854 5633 3154 5700 ecclesiam,
3185 5645 3239 5690 et
3264 5636 3461 5694 Christi
3483 5657 3607 5696 cor.

2026 5737 2124 5792 pus
2152 5737 2340 5778 omnes
2369 5722 2514 5789 fecit,
2541 5733 2596 5778 et
2622 5739 2862 5778 mensam
2886 5726 3134 5794 apposuit
3158 5728 3487 5797 Spiritualem
3505 5776 3520 5799 ,
3552 5747 3604 5792 et

2029 5830 2124 5872 eos
2148 5817 2304 5872 {mlas
2328 5828 2413 5875 est
2436 5819 2622 5874 enixus
2649 5818 2841 5888 quibus
2869 5820 3097 5890 gaudent
3125 5825 3320 5896 angeli.
3356 5826 3492 5884 Num
3522 5839 3602 5886 te.
