4060 6400
457 354 529 411 63
1200 348 1260 403 S.
1289 345 1565 403 lOANNIS
1601 335 2072 397 CHRYSOS'I‘OMI
2101 335 2414 390 AliCllll‘ll’.
2456 335 2984 394 CONSTANTI’NOP.
3656 350 3723 408 (ιιι

463 483 613 522 mere
653 466 893 521 dicebam
932 480 1201 519 carcerem
1242 477 1362 518 esse
1401 462 1534 515 celo
1580 452 2035 528 splendidiorem?

462 559 594 627 Ejus
638 558 778 611 enim
820 573 938 626 quae
983 556 1092 610 illic
1135 563 1221 609 est
1259 555 1454 608 lmtitize
1505 552 1593 604 hie
1630 549 1731 603 fuit
1775 562 1953 600 causa.
1981 546 2037 599 Si

458 650 603 703 enim
637 658 851 716 propter
887 663 1048 701 unum
1099 657 1431 716 pcecatorem
1472 640 1837 712 paenitentiam
1873 653 2038 707 agen-

460 751 566 795 tem
608 739 859 809 gaudium
890 746 972 793 est
1012 739 1063 791 in
1096 738 1242 792 caelis
1274 736 1425 807 (Luc.
1456 734 1543 787 15.
1575 732 1631 801 7)
1663 750 1676 786 :
1703 732 1749 785 si
1794 729 1884 783 ubi
1930 728 2039 782 duo

457 839 584 887 sunt
608 831 912 900 congregati
942 830 994 883 in
1024 828 1240 883 nomine
1268 826 1417 895 ejus,
1446 824 1552 879 illic
1589 834 1670 878 est
1696 821 1942 877 Christus
1983 819 2037 873 in

458 922 638 978 medio
665 937 849 977 eorum
877 921 1089 991 (Matt/1.
1114 919 1201 973 18.
1232 915 1325 988 20)
1356 932 1371 970 :
1397 915 1487 969 ubi
1508 922 1592 970 est
1610 913 1749 969 Silas
1768 920 1823 968 et
1841 910 2038 967 Paulus

456 1023 511 1069 et
538 1024 720 1068 custos
745 1013 977 1067 carceris
999 1022 1054 1067 et
1080 1018 1191 1065 tota
1218 1010 1335 1079 ejus
1361 1008 1553 1063 domus
1596 1015 1650 1061 et
1688 1013 1835 1059 tanta
1882 1002 2035 1066 ﬁdes,

455 1104 625 1159 multo
653 1104 842 1175 magis.
874 1103 1007 1158 Vide
1035 1101 1424 1158 vehementiam
1444 1098 1590 1154 ﬁdei.
1615 1097 1721 1153 Sed
1745 1097 1839 1151 hic
1854 1111 2039 1150 carcer

454 1198 585 1252 mihi
616 1197 887 1252 revocavit
916 1197 968 1250 in
995 1197 1307 1250 memoriam
1338 1194 1499 1247 alium
1520 1206 1813 1247 carcerem.
1839 1190 2038 1258 Quem-

453 1303 577 1343 nam
607 1290 822 1342 autem?
853 1287 954 1343 Ubi
984 1296 1102 1343 erat
1127 1287 1337 1342 Petrus.
1370 1288 1440 1339 At
1466 1285 1573 1339 illic
1600 1284 1731 1338 nihil
1762 1283 1863 1337 fuit
1888 1283 2036 1352 ejus-

454 1378 600 1434 modi
624 1396 639 1445 ;
668 1378 764 1433 sed
792 1377 1015 1433 traditus
1044 1377 1217 1432 fuerat
1245 1375 1629 1432 custodiendus
1648 1384 1876 1445 quatuor
1903 1388 2037 1443 qua-

454 1470 787 1526 ternionibus
839 1470 1071 1525 militum
1115 1469 1249 1540 (Act.
1278 1468 1367 1523 l2.
1417 1468 1511 1538 4);
1552 1476 1608 1522 et
1652 1468 1884 1538 hymnos
1927 1481 2036 1521 non

451 1564 699 1629 canebat,
720 1578 820 1619 nec
848 1562 1117 1633 vigilabat,
1146 1561 1241 1617 sed
1261 1560 1593 1625 dormiebat;
1639 1568 1693 1615 et
1718 1574 1891 1629 neque
1916 1558 2035 1612 fue-

453 1665 537 1710 rat
565 1656 742 1729 ilagris
767 1670 961 1722 caesus,
984 1654 1081 1709 sed
1108 1652 1281 1723 majus
1309 1661 1427 1708 erat
1455 1651 1769 1722 periculum.
1791 1650 1923 1705 Nam
1948 1649 2036 1704 hic

452 1751 668 1820 quidem
694 1761 858 1805 totum
886 1748 997 1820 jam
1024 1758 1142 1805 erat
1169 1748 1502 1813 confectum,
1543 1754 1598 1800 et
1643 1759 1831 1816 poenas
1871 1743 2035 1800 dede-

454 1854 577 1901 rant
606 1861 620 1899 :
650 1845 757 1900 illic
780 1853 961 1899 autem
990 1841 1250 1896 nondum.
1282 1840 1459 1909 Quare
1489 1839 1588 1894 etsi
1616 1838 1851 1893 nondum
1879 1846 2034 1893 erant

455 1937 625 2007 plagae
654 1936 887 1999 inﬂictae,
911 1943 968 1989 at
996 1933 1159 1988 futuri
1186 1932 1514 2002 exspectatio
1544 1945 1638 1985 eos
1658 1928 2034 1984 conturbabat.

454 2028 588 2084 Vide
608 2028 767 2084 etiam
804 2028 910 2082 illic
940 2025 1277 2080 miraculum.
1308 2023 1440 2078 Ecce
1464 2023 1673 2095 angelus
1705 2022 1908 2076 Domini
1935 2022 2033 2074 ad-

451 2121 597 2184 stitit,
632 2129 679 2172 et
716 2120 885 2173 lumen
913 2117 1116 2188 refulsit
1142 2120 1196 2170 in
1222 2116 1506 2169 habitacula
1538 2131 1557 2169 :
1591 2130 1923 2185 percussaque
1952 2113 2035 2166 ιιι-ί

452 2220 555 2267 tere
584 2210 728 2265 Petri
750 2253 765 2277 ,
806 2211 1041 2264 excitavit
1079 2226 1193 2263 eum
1218 2209 1389 2263 dicens
1420 2224 1439 2263 :
1466 2209 1633 2277 Surge
1676 2207 1929 2261 velociter.
1966 2205 2035 2258 Et

449 2303 619 2357 statim
645 2302 930 2357 ceciderunt
972 2312 1164 2356 catena:
1186 2303 1252 2356 de
1294 2301 1525 2355 manibus
1565 2302 1675 2371 ejus
1717 2298 1826 2369 (Ib.
1860 2300 2032 2369 v.17).

460 2395 538 2451 Ne
558 2395 888 2450 existimaret
914 2409 1027 2449 rem
1058 2409 1181 2449 esse
1209 2394 1385 2449 solum
1416 2394 1572 2460 lucis,
1596 2403 1650 2448 et
1678 2392 1896 2447 Petrum
1931 2408 2033 2462 pu-

452 2486 617 2557 pugit.
645 2485 813 2541 Nemo
840 2495 1019 2541 autem
1055 2485 1270 2540 videbat
1296 2486 1469 2541 lucem
1500 2486 1599 2539 nisi
1632 2486 1745 2555 ipse
1771 2487 1918 2541 solus
1938 2527 1951 2548 ,
1980 2494 2034 2540 et

452 2578 790 2633 existimabat
814 2591 936 2633 esse
962 2578 1133 2632 visum
1166 2598 1179 2634 :
1208 2578 1286 2632 sic
1324 2581 1415 2648 qui
1451 2577 1725 2631 dormiunt
1767 2592 1871 2631 non
1912 2592 2037 2632 sen-

454 2670 591 2723 tinnt
618 2670 711 2725 Dei
752 2669 1032 2724 benelicia.
1062 2667 1208 2723 Dixit
1228 2678 1432 2735 autem,
1464 2668 1669 2739 inquit,
1707 2669 1755 2722 ei
1786 2671 1996 2738 angelus
2016 2684 2035 2723 :

452 2761 775 2831 Prtecingere
794 2802 808 2826 ,
840 2771 885 2815 et
910 2762 1079 2815 calcea
1118 2771 1164 2815 te
1188 2761 1426 2815 sandalio
1453 2771 1562 2815 tua.
1602 2761 1670 2815 Et
1707 2762 1823 2831 fecit
1849 2763 1941 2816 sic.
1965 2760 2037 2817 Et

450 2856 575 2909 dicit
613 2856 659 2909 ei
684 2871 703 2908 :
736 2854 1008 2909 Circumda
1047 2855 1135 2908 tibi
1177 2856 1525 2910 vestimentum
1571 2863 1732 2921 tuum,
1760 2864 1810 2909 et
1832 2871 2037 2926 sequere

453 2962 554 3002 me.
584 2943 653 2999 Et
698 2962 930 3017 egressus
954 2956 1194 3015 sequutus
1226 2955 1299 2999 est
1327 2962 1440 2999 eum
1468 2961 1489 2999 :
1524 2955 1570 2999 et
1609 2946 1856 2999 nesciebat
1900 2947 2037 3016 quod

454 3054 624 3093 verum
648 3047 774 3093 esset
801 3038 935 3108 quod
958 3038 1107 3106 ﬁebat
1151 3054 1241 3108 per
1284 3040 1522 3109 angelum
1550 3056 1569 3093 :
1599 3041 1913 3094 existimabat
1942 3058 2037 3094 au-

457 3142 558 3187 tem
580 3148 635 3186 se
662 3132 825 3186 uisum
849 3131 1038 3186 videre.
1070 3130 1410 3187 Transeuntes
1434 3142 1599 3187 autem
1623 3149 1712 3203 per
1741 3134 1960 3202 primaut
1989 3144 2037 3188 et

455 3222 729 3277 secundum
752 3223 1056 3288 custodiam,
1086 3233 1326 3277 venerunt
1350 3223 1420 3277 ad
1444 3234 1640 3293 portam
1665 3229 1900 3295 ferream,
1926 3242 2038 3295 qua:

454 3316 592 3370 ducit
612 3316 680 3369 ad
705 3316 974 3379 civitatem,
1005 3332 1116 3385 qua:
1138 3317 1274 3370 ultro
1297 3329 1473 3386 aperta
1498 3326 1572 3370 est
1596 3317 1684 3370 eis.
1716 3316 2038 3373 Eteaceuntes

455 3416 803 3476 processerunt
822 3407 985 3460 vicum
1006 3423 1164 3459 unum
1192 3421 1211 3460 :
1236 3416 1282 3461 et
1303 3407 1540 3461 continuo
1562 3407 1789 3461 discessit
1826 3409 2037 3479 angelus

455 3499 517 3553 ab
546 3517 603 3553 eo
630 3499 732 3568 (Ib.
760 3516 807 3553 υ.
838 3499 1023 3569 8—10).

526 3590 580 3646 6.
610 3591 712 3645 Cur
736 3590 871 3644 Deus
898 3592 1174 3661 permiserit
1198 3599 1253 3644 ut
1278 3632 1293 3657 ,
1320 3592 1406 3660 qui
1454 3589 1662 3646 Petrum
1691 3592 2040 3645 custodiebant

455 3682 510 3735 in
530 3698 750 3747 carcere,
775 3681 926 3734 occisi
946 3681 1153 3751 fuerint.
1179 3712 1251 3722 —
1278 3681 1385 3736 Cur
1410 3681 1497 3736 hic
1524 3697 1630 3736 non
1661 3682 1856 3738 factum
1881 3692 1965 3738 est
1986 3683 2039 3737 id

454 3772 596 3842 quod
624 3773 676 3826 in
706 3772 872 3827 Paulo
916 3781 970 3827 et
1009 3773 1155 3828 Sila?
1184 3772 1335 3838 Quod
1366 3774 1473 3828 illic
1498 3774 1713 3845 quidem
1751 3789 1846 3830 eos
1886 3785 2041 3829 erant

455 3863 783 3930 absoluturi;
812 3873 1096 3935 propterea
1134 3865 1308 3919 noluit
1344 3880 1438 3921 eos
1468 3866 1547 3921 sic
1588 3866 1725 3921 solvi
1754 3884 1767 3920 :
1802 3868 1855 3921 in
1883 3866 2040 3923 beato

456 3965 633 4011 autem
662 3955 841 4021 Petro,
871 3954 937 4010 ad
976 3964 1203 4011 mortem
1248 3971 1370 4011 eum
1411 3966 1567 4013 erant
1609 3958 1873 4014 educturi.
1902 3959 2039 4028 Quid

458 4065 586 4106 vero
609 4091 625 4115 ,
661 4048 853 4120 inquit,
880 4064 1059 4105 annon
1084 4049 1272 4106 fuisset
1310 4050 1626 4117 mirabilius,
1658 4052 1703 4107 si
1732 4052 1957 4108 eductus
1986 4062 2041 4108 et

457 4145 684 4201 traditus
710 4144 766 4200 in
799 4158 990 4199 manus
1018 4144 1161 4215 regis
1180 4183 1195 4209 ,
1228 4154 1355 4199 tunc
1381 4152 1599 4216 ereptus
1644 4155 1790 4202 esset
1816 4163 1880 4202 ex
1908 4146 2041 4216 ipsis

457 4236 647 4292 mediis
676 4234 927 4305 periculis
950 4274 966 4302 ,
993 4244 1049 4289 et
1077 4234 1211 4289 nihil
1230 4244 1375 4290 esset
1402 4237 1728 4306 perpessus?
1774 4237 1854 4292 sic
1893 4238 2038 4291 enim

458 4345 629 4400 neque
673 4329 962 4399 periissem
994 4328 1213 4384 milites.
1253 4327 1440 4399 Magna
1468 4328 1556 4383 hic
1582 4337 1726 4383 mota
1779 4336 1863 4383 est
1896 4344 2040 4399 quaa-

456 4423 581 4477 stio.
612 4422 752 4477 Deus
777 4434 933 4476 suum
952 4458 969 4485 ,
999 4419 1209 4490 inquit,
1236 4433 1450 4475 servum
1488 4420 1723 4474 servavit
1750 4434 1871 4475 cum
1900 4420 2040 4475 alio-

456 4528 574 4569 rum
601 4512 840 4567 cruciatu
864 4553 880 4579 ,
906 4526 1029 4566 cum
1053 4511 1278 4567 aliorum
1305 4511 1542 4567 interitu.
1571 4510 1709 4579 Quid
1737 4526 1865 4581 ergo
1886 4511 2041 4566 dice-

457 4603 611 4659 mus?
640 4603 821 4658 Primo
858 4601 1074 4673 quidem
1115 4617 1225 4657 non
1254 4617 1378 4658 eum
1403 4602 1638 4657 servavit
1662 4618 1783 4658 cum
1812 4603 2039 4658 aliorum

459 4697 705 4762 interitu;
740 4696 997 4760 secundo,
1023 4712 1128 4750 non
1157 4696 1256 4752 fuit
1281 4698 1384 4753 hoc
1419 4713 1485 4754 ex
1513 4698 1593 4753 rei
1617 4697 2036 4769 dispensatione,

456 4788 550 4843 sed
576 4804 644 4844 ex
672 4788 1002 4843 immanitate
1022 4788 1237 4859 judicis.
1282 4789 1605 4858 Quomodo?
1634 4792 1772 4846 Deus
1796 4792 1940 4847 enim
1964 4792 2041 4848 sic

404 4886 409 4891 '
458 4894 571 4936 rem
594 4878 989 4934 administravit
1026 4895 1091 4935 ac
1115 4880 1482 4951 dispensavit,
1512 4889 1573 4936 ut
1613 4898 1721 4937 non
1762 4882 1935 4939 solum
1983 4883 2040 4938 hi

459 4987 563 5027 non
592 4972 848 5043 perirent,
880 4971 974 5026 sed
1006 4973 1094 5027 ille
1120 4972 1279 5028 etiam
1306 4975 1484 5029 salvus
1511 4984 1693 5041 esset;
1721 4977 1858 5031 sicut
1877 4978 2040 5033 etiam

459 5067 544 5122 hic
572 5083 785 5138 quoque
812 5067 865 5121 in
896 5068 1119 5123 custode
1146 5070 1417 5136 carceris;
1454 5070 1543 5125 ille
1586 5081 1765 5126 autem
1810 5087 1914 5126 non
1958 5082 2041 5127 est

458 5175 586 5215 usus
604 5159 748 5214 dono
776 5168 835 5214 ut
861 5160 1115 5229 oportuit.
1160 5160 1328 5215 Facta
1354 5172 1523 5215 autem
1556 5163 1638 5217 die
1660 5204 1675 5229 ,
1712 5164 1902 5235 inquit,
1930 5175 2041 5219 erat

457 5268 559 5306 non
580 5268 738 5320 parva
762 5253 978 5306 turbatio
1000 5253 1130 5306 inter
1150 5253 1334 5307 milites
1352 5254 1599 5324 quidnam
1618 5258 1808 5325 factum
1826 5268 1950 5311 esset
1978 5258 2041 5310 de

462 5344 617 5399 Petro
643 5344 749 5416 (Ib.
774 5362 823 5400 υ.
866 5346 978 5415 18).
1024 5345 1167 5413 Quid
1209 5347 1437 5414 postea?
1468 5346 1706 5402 Herodes
1754 5364 1866 5402 rem
1914 5349 2047 5402 facit

458 5438 774 5501 examinari.
805 5446 862 5493 et
889 5438 955 5494 de
982 5438 1048 5492 iis
1075 5438 1209 5493 facta
1237 5438 1608 5508 inquisitione,
1632 5439 1793 5509 jussit
1821 5440 2034 5495 abduci.

459 5529 590 5585 Nam
612 5531 656 5584 si
686 5546 790 5585 non
814 5530 1143 5601 inquisisset,
1172 5531 1348 5600 aliqua
1378 5540 1521 5585 esset
1549 5533 1820 5586 excusatio
1852 5550 1864 5585 :
1897 5548 2037 5587 nunc

458 5634 636 5677 autem
664 5623 911 5692 produxit
934 5665 948 5687 ,
976 5624 1321 5686 examinavit,
1349 5622 1538 5677 didicit
1562 5639 1681 5677 eum
1711 5625 1875 5678 fuisse
1920 5625 2038 5678 vin-

457 5726 624 5780 ctum,
646 5728 915 5769 carcerem
945 5724 1065 5770 esse
1091 5716 1329 5770 clausum
1349 5726 1403 5769 et
1429 5725 1619 5781 tutum,
1639 5716 1885 5769 custodes
1911 5727 2037 5771 ante

458 5819 637 5880 putas
666 5807 849 5874 fuisse,
882 5822 981 5863 nec
1026 5807 1189 5864 fuisse
1216 5807 1439 5863 effossiis
1464 5809 1724 5878 parietes,
1759 5823 1853 5864 nec
1886 5810 2025 5865 feres

2145 464 2355 519 apertas
2379 496 2393 519 ,
2440 470 2538 509 nec
2570 457 2734 511 ullum
2764 459 2902 512 aliud
2945 474 3065 515 esse
3108 461 3315 531 signum
3348 466 3590 524 sceleris.
3637 470 3717 528 Ex

2146 543 2247 598 hoc
2275 555 2453 600 autem
2480 549 2760 617 Oportebat
2786 550 2874 604 Dei
2905 554 3155 608 admirari
3184 560 3493 624 potentiam,
3518 580 3634 631 quia
3656 582 3719 619 ex

2145 637 2334 689 mediis
2365 638 2533 706 ipsum
2556 640 2823 709 eripuerat
2853 644 3119 711 periculis,
3149 655 3203 701 et
3228 648 3453 705 adorare
3479 668 3599 708 eum
3633 659 3721 725 qui

2147 726 2262 781 lucc
2292 731 2518 797 potuerit
2551 749 2565 786 :
2594 732 2682 787 ille
2714 750 2846 788 vero
2880 736 3040 804 jussit
3079 754 3173 794 eos
3210 738 3421 799 abduci.
3465 727 3749 812 Quaenanu

2142 829 2225 874 est
2254 835 2381 889 ergo
2406 823 2559 892 culpa
2592 824 2676 879 hic
2703 825 2812 881 Deo
2842 827 3189 897 imputanda?
3214 832 3344 888 Nam
3384 837 3427 890 si
3456 837 3722 897 effecisset

2145 922 2201 963 ut
2224 926 2405 964 llllH‘llS
2433 912 2870 984 perfringerelur,
2901 928 2955 973 et
2976 920 3052 974 sic
3073 921 3338 991 ejecisset,
3368 925 3504 983 forte
3531 929 3717 985 existi-

2145 1011 2343 1056 masset
2374 1002 2423 1055 id
2450 1018 2572 1059 esse
2599 1005 3010 1063 adscribendum
3051 1027 3233 1067 eorum
3261 1017 3594 1087 negligentia:
3630 1040 3643 1076 :
3674 1024 3720 1078 si

2143 1101 2320 1145 autem
2349 1109 2460 1148 rem
2490 1096 2567 1150 sic
2593 1097 2983 1154 administravit
3004 1112 3059 1156 et
3086 1103 3433 1177 dispensavit,
3456 1119 3515 1165 ut
3540 1122 3723 1168 osten-
3748 1158 3753 1169 ί

2144 1184 2364 1239 deretur
2392 1203 2508 1241 eam
2541 1205 2646 1245 non
2682 1206 2802 1247 esse
2836 1193 3051 1249 humani
3093 1198 3311 1254 sceleris
3344 1216 3406 1257 ac
3447 1204 3719 1273 maleﬁcii,

2143 1275 2235 1329 sed
2265 1276 2426 1331 divini
2457 1279 2723 1347 miraculi,
2745 1296 2840 1336 cur
2869 1283 2969 1339 hoc
3000 1286 3162 1340 fecit?
3191 1287 3246 1343 Si
3276 1294 3417 1346 enim
3444 1306 3559 1349 erat
3586 1297 3724 1367 fugi.

2143 1374 2312 1433 turus,
2343 1368 2414 1422 ita
2438 1368 2658 1440 fugisset
2678 1382 2735 1426 ut
2761 1372 2945 1429 habuit
2964 1386 3182 1433 catenas
3213 1398 3227 1434 :
3254 1382 3297 1435 si
3320 1396 3434 1439 erat
3459 1386 3722 1457 fugiturus

2140 1458 2521 1526 conturbatus,
2552 1478 2658 1517 non
2690 1472 2853 1520 tanta:
2896 1470 2945 1521 ei
2974 1470 3162 1525 fuisset
3188 1486 3331 1528 cura:
3355 1485 3416 1530 ut
3452 1481 3721 1549 acciperet

2140 1551 2379 1606 sandalia
2404 1553 2556 1619 ,-sed
2588 1570 2651 1610 ea
2680 1556 2990 1613 dimisisset.
3034 1560 3187 1618 Nunc
3228 1575 3405 1620 autem
3438 1581 3718 1640 propterea

2140 1642 2270 1697 dicit
2293 1646 2341 1697 ei
2368 1646 2611 1715 angelus,
2642 1647 2868 1703 Induere
2893 1652 3126 1707 sandalia
3152 1696 3164 1718 ,
3200 1666 3255 1710 ut
3281 1658 3551 1717 discerent
3577 1666 3718 1734 quod

2140 1749 2258 1790 eam
2300 1751 2411 1791 rem
2444 1755 2549 1792 non
2580 1738 2798 1795 fecisset
2827 1743 3066 1813 fugiens;
3099 1747 3193 1801 sed
3229 1750 3278 1803 in
3309 1767 3502 1823 magno
3530 1759 3638 1811 otio
3665 1771 3720 1814 et

2138 1827 2336 1895 quiete.
2360 1827 2491 1882 Nam
2514 1845 2635 1884 cum
2665 1842 2808 1886 esset
2838 1835 3066 1903 vinctus,
3101 1847 3154 1892 et
3176 1840 3315 1895 inter
3336 1843 3469 1899 duos
3499 1848 3713 1915 milites,

2139 1932 2244 1971 non
2269 1928 2470 1974 tantum
2498 1922 2546 1975 ei
2576 1921 2766 1979 fuisset
2793 1926 2885 1978 otii
2910 1969 2926 1993 ,
2952 1937 3009 1982 ut
3033 1930 3266 1986 solveret
3297 1946 3532 2000 catenas,
3558 1940 3716 2010 idque

2138 2024 2260 2065 eum
2284 2023 2425 2067 esset
2452 2014 2502 2066 in
2528 2014 2764 2070 interiori
2789 2019 3049 2073 custodia.
3073 2021 3274 2077 Judicis
3293 2040 3419 2095 ergo
3444 2029 3716 2095 iniustitia:

2141 2112 2226 2157 est
2267 2103 2677 2160 adscribendum
2728 2114 3011 2165 custodum
3058 2117 3395 2184 supplicium.
3440 2121 3571 2176 Nam
3618 2140 3717 2179 cur

2139 2191 2242 2248 hoc
2273 2211 2376 2248 non
2405 2196 2647 2252 fecerunt
2685 2199 2899 2255 Judaei?
2943 2203 3153 2258 Memini
3184 2209 3325 2262 enim
3353 2211 3572 2267 alterius
3600 2231 3716 2270 ear-

2138 2288 2297 2351 ceris,
2331 2288 2471 2343 illius
2500 2291 2714 2360 quidem
2746 2294 2938 2362 prioris
2965 2297 3054 2365 qui
3100 2296 3306 2366 Romae,
3354 2303 3510 2372 hujus
3556 2309 3715 2362 etiam

2137 2379 2229 2448 qui
2255 2378 2534 2447 Caesareae,
2568 2398 2709 2438 nunc
2749 2395 2925 2441 autem
2954 2389 3071 2458 ejus
3098 2392 3187 2459 qui
3219 2391 3318 2447 fuit
3345 2394 3714 2469 Jerosolymis.

2138 2470 2269 2525 Nam
2313 2488 2433 2527 cum
2466 2476 2745 2544 pontiﬁces
2784 2488 2839 2534 et
2882 2479 3137 2537 Pharisaei
3176 2486 3501 2543 audivissent
3545 2493 3611 2546 ab
3653 2494 3718 2548 iis

2137 2580 2271 2633 quos
2301 2566 2397 2636 ipsi
2422 2568 2679 2625 miserant
2703 2572 2770 2626 ad
2799 2571 3130 2630 educendum
3162 2577 3399 2646 Petrum,
3429 2597 3486 2636 sc
3515 2588 3716 2641 nullum

2140 2656 2282 2710 intus
2329 2659 2597 2715 invenisse
2620 2702 2637 2727 ,
2667 2662 2762 2718 sed
2793 2664 2953 2719 etiam
3004 2677 3185 2735 portas
3218 2671 3427 2727 clausas
3457 2690 3577 2729 esse
3602 2719 3614 2738 ,
3662 2690 3719 2733 ct

2138 2752 2389 2806 custodes
2416 2760 2620 2808 stantes
2659 2769 2756 2823 pro
2782 2754 3019 2823 foribus;
3047 2774 3145 2813 cur
3166 2764 3418 2818 custodes
3449 2782 3551 2819 non
3582 2766 3719 2822 inte-

2139 2851 2452 2908 remerunt,
2500 2844 2594 2899 sed
2645 2845 2961 2902 dubitabant
3016 2850 3268 2920 quidnam
3319 2856 3403 2910 de
3454 2857 3519 2911 iis
3566 2858 3720 2915 ﬁeret

2140 2934 2277 3002 (Act.
2302 2935 2400 3006 5)?
2429 2935 2486 2992 Si
2517 2947 2695 2993 autem
2739 2938 2998 2996 adversus
3026 2959 3119 2998 eos
3162 2945 3289 3001 licet
3320 2948 3520 3003 caedem
3565 2953 3719 3007 valde

2139 3028 2405 3095 spirantes
2427 3071 2442 3093 ,
2475 3029 2603 3085 nihil
2635 3031 2741 3087 tale
2767 3034 3108 3103 cogitarunt,
3142 3038 3308 3092 multo
3337 3043 3505 3111 magis
3534 3052 3588 3095 tu
3628 3047 3716 3112 qui

2139 3123 2316 3175 omnia
2341 3121 2469 3177 facis
2492 3123 2557 3179 ad
2587 3125 2797 3180 illorum
2820 3127 3065 3197 gratiam.
3085 3129 3371 3199 Propterea
3393 3150 3515 3188 eum
3539 3138 3716 3192 statim

2104 3211 2420 3281 'insequuta
2470 3225 2553 3269 est
2600 3231 2780 3286 poena.
2824 3218 2881 3273 Si
2924 3229 3103 3275 autem
3151 3223 3269 3292 cjus
3297 3225 3374 3279 rei
3405 3228 3615 3296 culpam
3663 3231 3717 3284 in

2145 3302 2310 3357 Deum
2338 3304 2550 3361 confers
2574 3348 2589 3371 ,
2623 3307 2810 3363 confer
2847 3311 3008 3364 etiam
3040 3310 3092 3365 in
3142 3328 3265 3368 eum
3310 3316 3520 3386 culpam
3560 3317 3628 3374 de
3656 3322 3723 3375 iis

2142 3397 2228 3465 qui
2275 3396 2327 3449 in
2356 3398 2455 3452 viis
2495 3400 2847 3470 jugulantur,
2873 3413 2928 3457 et
2970 3404 3037 3460 de
3082 3405 3556 3465 innumerabilibus
3597 3415 3720 3469 aliis

2142 3488 2231 3555 qui
2264 3488 2456 3556 injuste
2484 3492 2819 3559 perimuntur
2844 3535 2858 3559 ,
2899 3504 2953 3549 et
2980 3495 3048 3550 de
3083 3498 3262 3566 pueris
3290 3500 3449 3554 etiam
3478 3504 3566 3571 qui
3591 3520 3719 3572 pro-

2144 3591 2262 3650 pter
2289 3582 2561 3638 Christum
2590 3595 2713 3639 sunt
2739 3588 2997 3658 perempti
3024 3604 3036 3640 :
3066 3604 3186 3643 nam
3220 3599 3277 3645 ut
3296 3590 3375 3645 illi
3402 3608 3630 3663 quoque.
3664 3606 3727 3650 ut

2145 3681 2199 3726 tu
2241 3673 2376 3728 dicis
2401 3716 2415 3739 ,
2447 3676 2839 3743 perimerentur
2864 3720 2878 3743 ,
2903 3677 3151 3735 Christus
3180 3682 3231 3734 in
3257 3696 3417 3736 causa
3443 3684 3559 3738 fuit.
3608 3684 3721 3741 bno

2144 3779 2273 3819 vero
2294 3781 2407 3819 non
2432 3766 2677 3821 Christus
2703 3810 2718 3831 ,
2762 3768 2857 3822 sed
2902 3768 3049 3824 furor
3074 3780 3124 3825 et
3152 3775 3392 3843 tyrannis
3422 3776 3586 3844 patris
3621 3778 3724 3832 lle—

2143 3856 2309 3911 rudis.
2340 3857 2397 3912 Si
2422 3868 2598 3913 autem
2627 3859 2760 3914 dicis
2783 3876 2797 3913 :
2821 3857 2929 3915 Cur
2949 3877 3069 3916 eum
3092 3879 3199 3917 non
3222 3864 3396 3934 rapuit
3424 3880 3455 3921 e
3480 3869 3724 3922 manibus

2144 3946 2415 4002 Herodis?
2440 3947 2543 4003 hoc
2572 3965 2783 4020 quoque
2810 3962 3020 4021 poterat
3046 3953 3245 4018 facere,
3277 3956 3371 4011 sed
3401 3972 3465 4011 ex
3494 3974 3559 4013 eu
3589 3961 3723 4014 nihil

2145 4050 2289 4095 esset
2316 4041 2572 4095 lucratus.
2599 4042 2733 4097 Nam
2759 4045 2971 4113 quoties
2997 4048 3167 4101 evasit
3192 4046 3438 4104 Christus
3461 4066 3523 4105 ex
3552 4054 3723 4104 mani-

2147 4134 2245 4188 bus
2274 4150 2461 4189 eorum
2486 4134 2509 4187 ?
2534 4134 2661 4205 quid
2690 4137 2789 4191 boc
2815 4152 2943 4207 ergo
2988 4139 3185 4207 profuit
3229 4141 3488 4211 ingratis?
3525 4146 3594 4197 At
3638 4144 3724 4198 bic

2145 4243 2209 4282 ex
2237 4228 2301 4281 iis
2323 4244 2441 4298 qua:
2469 4228 2602 4283 laeta
2633 4238 2795 4294 sunt,
2820 4239 2875 4284 at
2902 4230 3084 4286 fideles
3116 4232 3279 4288 multa
3309 4235 3448 4289 redit
3476 4238 3675 4290 utilitas
3706 4256 3720 4291 :

2146 4335 2267 4375 nam
2295 4322 2420 4375 dum
2453 4321 2645 4376 ﬁerent
2684 4324 3011 4378 monimenta
3035 4366 3050 4388 ,
3083 4328 3261 4396 et'ipsi
3292 4328 3487 4383 inimici
3519 4331 3581 4385 iis
3604 4347 3725 4399 qua:

2144 4414 2469 4483 gerebantur
2511 4414 2714 4469 ferrent
2743 4416 3105 4470 testimonium
3130 4456 3147 4483 ,
3176 4418 3397 4473 minime
3420 4432 3726 4490 suspectum

2145 4518 2263 4562 erat
2292 4508 2672 4564 testimonium.
2705 4508 2853 4564 Sicut
2876 4524 3006 4580 ergo
3038 4511 3147 4566 illic
3176 4528 3391 4583 quoque
3420 4528 3525 4568 non
3552 4515 3729 4568 aliun-

2145 4600 2213 4655 de
2254 4600 2334 4655 eis
2356 4601 2452 4656 fuit
2489 4617 2551 4657 os
2574 4601 2900 4657 obstructum
2928 4644 2944 4668 ,
2987 4619 3145 4674 quam
3172 4621 3238 4661 ex
3262 4622 3329 4661 eo
3351 4608 3489 4677 quod
3518 4608 3605 4679 qui
3635 4625 3727 4663 ve-

2144 4701 2336 4747 nerant
2363 4693 2746 4748 conﬁtcrentur
2772 4710 2833 4749 ea
2862 4710 2981 4764 quae
3007 4695 3145 4751 facta
3178 4698 3389 4752 fuerant
3418 4715 3432 4751 :
3463 4700 3532 4752 ita
3559 4700 3723 4754 etiam

2146 4784 2251 4839 hic.
2280 4783 2386 4840 Cur
2411 4785 2553 4841 enim
2584 4786 2713 4841 nihil
2756 4787 3019 4857 ejusmodi
3062 4788 3190 4844 facit
3229 4802 3412 4845 custos
3449 4792 3681 4846 carceris
3704 4794 3729 4845 Ἰ

2145 4878 2303 4946 Atqui
2326 4893 2445 4947 qua:
2471 4889 2830 4934 usuvenerant
2854 4880 3071 4948 llerodi,
3105 4897 3211 4936 non
3241 4893 3395 4938 erant
3423 4886 3626 4939 minora
3662 4887 3727 4940 iis

2146 4985 2264 5038 quae
2294 4970 2417 5024 huic
2446 4980 2829 5037 usuvenerunt.
2860 4970 2990 5025 Nam
3019 4974 3300 5029 rescivisse
3342 4976 3481 5042 quod
3528 4977 3726 5032 clausis

2141 5062 2321 5131 januis
2346 5063 2553 5117 vinctus
2580 5063 2797 5119 exiisset
2822 5064 2889 5118 ad
2919 5073 3193 5135 stuporem
3222 5067 3582 5122 incatiendum
3617 5086 3722 5121 non

2147 5157 2323 5211 minus
2366 5168 2504 5223 erat,
2553 5174 2709 5228 quam
2749 5159 2947 5214 vidisse
2970 5171 3184 5229 apertas
3202 5161 3391 5230 januas
3420 5183 3433 5217 :
3462 5163 3567 5216 imo
3594 5165 3724 5219 illud

2146 5249 2305 5302 etiam
2337 5248 2470 5302 visio
2491 5264 2612 5304 esse
2642 5250 2809 5304 videri
2840 5261 3117 5319 poterant;
3155 5252 3254 5307 hoc
3281 5264 3455 5307 autem
3483 5270 3585 5307 non
3629 5256 3722 5319 ita,

2146 5340 2275 5394 dum
2321 5352 2570 5396 accurate
2629 5351 2684 5397 ct
2728 5352 2914 5398 exacte
2966 5345 3319 5400 renuntiatur.
3362 5346 3725 5413 Quamobrem

2150 5436 2234 5489 bic
2263 5450 2474 5504 quoque
2503 5436 2547 5490 si
2577 5435 2767 5491 fuisset
2809 5437 2981 5493 malus
3006 5478 3023 5505 ,
3055 5438 3413 5493 interfecisset
3459 5438 3677 5493 Paulum
3706 5482 3721 5504 ,

2146 5530 2285 5584 sicut
2311 5530 2398 5584 ille
2427 5530 2626 5585 milites
2656 5549 2670 5585 :
2696 5530 2790 5585 sed
2820 5546 2927 5586 non
2952 5541 3087 5587 erat.
3150 5532 3206 5587 Si
3242 5540 3420 5586 autem
3446 5531 3726 5587 confutare

2146 5624 2403 5678 vellemus
2431 5639 2524 5679 eos
2550 5624 2638 5693 qui
2660 5623 2845 5679 dicunt
2868 5665 2885 5691 ,
2914 5640 3013 5679 cur
3039 5624 3178 5680 Deus
3204 5626 3505 5694 permiserit
3532 5640 3727 5694 pueros

2148 5715 2373 5770 interﬁci
2403 5758 2416 5781 ,
2442 5716 2650 5789 longior
2680 5715 2817 5773 foret
2840 5718 3015 5773 oratio
3039 5758 3053 5785 ,
3084 5732 3244 5789 quam
3288 5718 3440 5774 initio
3480 5718 3727 5772 insume-

2148 5825 2345 5862 ramus.
